4100 6498
526 398 660 455 ιεδι

1125 398 1392 455 ΕῙῚΞΕῐὶΙΙ
1432 398 1914 455 (ζίεδςιῐιιεκειδ
1953 398 2079 454 OPP

2179 398 2365 454 PARS.
2410 399 2498 457 ιιι.
2525 433 2586 443 -
2626 399 3037 456 EXEGETICA.

3655 400 3798 456 {2’52

527 514 623 579 tia,
685 514 876 570 ﬂemus
927 479 1149 583 propter
1203 512 1490 567 Dominum
1549 512 1718 567 Deum
1781 513 1922 582 ejus,
1977 514 2079 584 qui;

2179 568 2182 575 ,
2211 513 2585 584 κατεφύγομεν
2637 513 2723 566 ἐπ’
2753 514 2939 578 αὑτὸν,
2971 515 3066 586 τῆς
3102 513 3372 586 προτέρας
3421 514 3796 583 ἀποφυγόντες
3821 575 3833 587 ,

525 605 850 676 gloriﬁcavit
878 620 1025 660 eum.
1066 603 1414 658 Manifestum
1446 614 1530 656 est
1560 621 1666 673 qua
1695 605 1908 658 ratione
1935 606 2106 676 glori-~

526 698 770 752 ﬁcaverit
793 712 917 751 eum
953 696 1134 760 Pater,
1164 697 1320 764 juxta
1359 697 1500 750 hanc
1534 696 1602 750 ad
1632 712 1754 750 eum
1788 712 1818 752 e
1840 700 1980 752 coelo
2007 699 2104 754 de-

523 790 745 843 missam
795 803 1023 842 vocem:
1054 806 1074 838 ι
1113 787 1174 840 Et
1221 788 1514 841 clariﬁcavi
1571 795 1624 842 et
1661 789 1858 843 iterum
1903 791 2104 844 clariﬁ-

520 881 727 936 cabo‘.
763 899 781 932 ι
815 879 1111 934 Videamus
1165 887 1348 934 autem
1399 895 1580 934 annon
1627 891 1934 950 congruant
1981 898 2103 953 quae

520 973 611 1028 hic
639 974 918 1036 dicuntur,
951 973 1161 1027 scilicet
1189 989 1202 1024 :
1236 991 1253 1022 ι
1287 971 1428 1027 Ecce
1455 982 1668 1042 gentem
1687 991 1856 1045 quam
1887 977 2103 1031 nescie-

518 1068 620 1122 bas
654 1067 878 1121 vocabis
909 1084 920 1118 :
954 1076 1006 1120 et
1036 1074 1225 1135 gentes
1256 1081 1377 1136 qua:
1412 1075 1465 1120 tc
1490 1081 1598 1120 non
1627 1078 2003 1138 cognoverunt
2032 1070 2098 1122 ad

519 1169 574 1214 te
601 1167 844 1222 current,
876 1177 894 1211 ι
936 1174 1059 1212 cum
1104 1159 1212 1213 illis
1245 1174 1366 1228 quae
1396 1161 1448 1211 in
1482 1157 1823 1228 prmeedente
1848 1158 2099 1214 referun-

517 1259 609 1306 tur
655 1253 916 1322 capitulo,
976 1253 1210 1315 scilicet,
1249 1270 1268 1302 ι
1300 1252 1502 1322 quibus
1552 1268 1660 1306 non
1711 1253 2096 1306 annuntiatum

516 1353 601 1400 est
633 1345 700 1401 dc
729 1362 814 1406 eo,
849 1347 1125 1409 viderunt,
1166 1352 1220 1400 et
1254 1345 1347 1415 qui
1385 1362 1490 1399 non
1525 1344 1818 1399 audierunt
1851 1353 2099 1399 contem-

516 1438 646 1506 ptati
696 1444 844 1492 sunt.
879 1458 896 1488 ι
963 1437 1057 1492 His
1100 1437 1302 1492 similia
1360 1435 1712 1491 inveniuntur
1756 1437 1811 1490 in
1866 1439 2096 1507 septimo

515 1531 730 1585 decimo
795 1531 1035 1599 psalmo,
1097 1545 1127 1584 e
1191 1529 1395 1584 Christi
1469 1544 1700 1598 persona
1749 1547 1761 1581 :
1804 1527 2096 1599 «Populus

514 1638 676 1691 quem
713 1622 1028 1693 ignorabam
1059 1621 1287 1676 servivit
1315 1620 1472 1684 mihi,
1514 1623 1565 1673 in
1595 1620 1780 1673 auditu
1826 1621 1940 1674 oris
1967 1621 2100 1690 obe-,

512 1715 648 1769 divit
678 1715 809 1767 mihi
835 1714 874 1765 ².
906 1733 925 1763 ι
963 1711 1252 1783 Nos'igitur
1273 1728 1430 1767 veras
1445 1713 1728 1767 credentes
1745 1712 2091 1781 pr0phetias,

514 1805 767 1875 impletas
822 1804 990 1860 fuisse
1042 1820 1135 1860 eas
1173 1802 1476 1858 Salvatoris
1522 1805 1694 1859 nostri
1727 1803 1960 1858 adventu
1996 1819 2093 1873 pro

2213 605 2439 674 πλάνης,
2461 604 2551 657 καὶ
2579 604 2682 656 ὑπὸ
2704 605 2802 668 τὰς
2824 606 3204 676 ἀντικειμένας
3231 606 3508 678 ἐνεργείας
3528 606 3792 672 δουλείας.

2212 696 2397 750 Ταῦτα
2418 697 2494 757 δὲ,
2527 697 2689 765 φησὶν
2719 697 2750 767 ή
2790 696 3113 767 προφητεία,
3147 695 3440 768 γενήσεσθε
3473 697 3658 750 ἐνεκεν
3683 699 3796 751 Κυ-

2215 790 2329 861 ρίου
2347 788 2440 841 τοῦ
2456 787 2589 840 Θεοῦ
2608 787 2794 851 αὑτοῦ,
2818 787 2900 840 ὅτι
2920 788 3168 854 ἐδόξασεν
3186 788 3366 842 αὐτόν’
3389 789 3556 858 σαφὲς
3577 790 3620 842 δ’
3647 791 3794 854 ὅπως

2211 881 2461 946 ἐδόξασεν
2492 879 2649 932 αὑτὸν
2677 882 2705 933 6
2736 879 2926 951 Πατὴρ
2972 881 3112 938 κατὰ
3151 881 3246 953 τὴν
3301 880 3614 952 ἐνεχθεῖσαν
3655 880 3793 951 πρὸς

2210 973 2372 1026 αὑτὸν
2413 972 2473 1036 ἐξ
2517 971 2748 1043 ούρανοῦ
2776 973 2980 1042 φωνὴν,
3023 975 3155 1045 τήν·
3199 993 3218 1024 ι
3265 974 3375 1026 Καὶ
3418 973 3664 1041 ἐδόξασα,
3699 973 3791 1026 καὶ

2210 1064 2372 1117 πάλιν
2394 1063 2616 1128 δοξάσω.
2657 1084 2676 1116 ›
2705 1067 2846 1137 ’Όρα
2871 1067 2915 1118 δ’
2945 1069 2993 1119 εἰ
3022 1065 3096 1138 μὴ
3121 1067 3356 1137 συγγενῆ
3390 1067 3648 1136 τυγχάνει
3677 1069 3790 1131 τοῖς

2209 1158 2395 1212 ἐνθάδε
2429 1162 2609 1230 ῥητοῖς
2639 1160 2906 1229 φάσκουσι
2932 1162 3012 1213 τό’
3051 1179 3068 1210 ι
3111 1161 3278 1230 Ἔθνη
3308 1160 3342 1214 ἃ
3371 1161 3471 1213 οὐκ
3502 1159 3676 1212 οἴδασί
3703 1176 3785 1223 σε,

2207 1249 2620 1302 ἐπικαλέσονταί
2666 1267 2754 1318 σε,
2781 1253 2875 1305 καί⁷
2912 1252 3032 1306 λαοὶ
3073 1252 3120 1304 οἳ
3148 1252 3246 1305 οὐκ
3285 1251 3526 1320 ἐγνωσάν
3571 1268 3651 1314 σε,
3693 1251 3785 1304 ἐπὶ

2212 1341 2271 1393 σὲ
2303 1341 2752 1411 καταφεύξονται,
2791 1364 2809 1395 ι
2835 1345 2902 1397 τὰ
2936 1346 2994 1396 ἐν
3025 1343 3103 1414 τῷ
3134 1344 3238 1415 πρὸ
3259 1343 3449 1396 τούτου
3481 1342 3781 1415 κεφαλαίῳ,

2205 1430 2332 1484 ἔνθα
2361 1431 2598 1500 ἐλέγετο,
2624 1435 2704 1487 ὅτι
2724 1455 2740 1484 σ
2765 1429 2846 1499 οἷς
2875 1436 2975 1490 ούκ
2997 1435 3267 1508 ἀνηγγέλη
3292 1436 3415 1506 περὶ
3434 1434 3600 1488 αὑτοῦ
3627 1435 3784 1504 ὄψον-

2203 1543 2312 1587 ται,
2349 1527 2443 1580 καὶ
2476 1527 2524 1579 οἳ
2556 1529 2656 1580 οὑκ
2684 1528 2951 1599 ἀκηκόασι
2984 1530 3292 1600 συνήσουσι.
3335 1547 3354 1577 ι
3381 1527 3603 1591 Τούτοις
3623 1529 3784 1597 ὃμοια

2201 1619 2458 1689 τυγχάνει
2490 1620 2582 1673 καὶ
2633 1619 2701 1672 τὰ
2736 1622 2793 1672 ἐν
2819 1620 3264 1689 ἑπτακαιδεκάτῳ
3292 1619 3491 1691 ψαλμῷ
3525 1622 3587 1673 ἐκ
3615 1637 3783 1691 προσ-

2202 1705 2352 1759 ώπου
2401 1706 2495 1760 τοῦ
2540 1706 2776 1780 Χριστοῦ
2829 1709 2970 1763 κατὰ
3012 1708 3095 1761 τὸυ
3153 1727 3172 1760 ι
3220 1709 3360 1772 Aab;
3397 1710 3454 1762 ὃν
3480 1710 3580 1764 οὑκ
3611 1709 3782 1779 ἔγνων

2201 1799 2480 1853 ἐδούλευσέ
2535 1817 2645 1870 μοι,
2691 1801 2770 1864 εἰς
2823 1801 2992 1871 ἀκοὴν
3043 1788 3206 1854 ὠτίου
3264 1802 3540 1872 ὑπήκουσέ
3597 1821 3706 1873 μοι.
3755 1821 3774 1856 ι

513 1909 666 1954 certo
697 1899 982 1961 habemus,
1011 1898 1480 1968 intelligimusque
1512 1912 1612 1952 nos
1636 1897 1910 1967 quondam
1944 1897 2079 1966 ipso:

2211 1895 2402 1964 Ἡμεῖς
2437 1894 2533 1964 μὲν
2555 1891 2648 1947 οὖν
2678 1894 2895 1964 ἀληθεῖς
2949 1894 3294 1958 πιστεύοντες
3318 1894 3417 1958 τὰς
3446 1896 3782 1966 προφητείας

510 1992 853 2046 errabundas
902 1998 1090 2060 gentes
1139 1989 1331 2053 fuisse,
1388 1990 1724 2060 malignitate
1777 1989 2089 2044 daemonum

510 2086 565 2139 in
596 2101 811 2138 onmem
872 2083 1234 2138 ialololatriatn
1292 2090 1616 2152 provectos,
1679 2097 1855 2151 neque
1909 2082 2087 2136 solum

508 2192 633 2232 vcre
664 2173 834 2231 Deum
864 2181 1282 2246 cognoscentes,
1317 2186 1493 2244 neque
1526 2173 1688 2226 ullam
1719 2172 2089 2242 propheticum

507 2269 796 2324 audientes
855 2283 1076 2334 vocem;
1126 2273 1504 2322 verumtamen
1555 2263 1864 2321 Salvatoris
1909 2264 2087 2319 nostri

503 2360 632 2417 Jesu
666 2360 938 2423 doctrina,
975 2359 1042 2413 ad
1082 2359 1324 2412 onmium
1374 2355 1467 2413 Dei
1512 2358 1798 2412 scientiam
1832 2357 2086 2427 perveni-

504 2471 648 2516 mus,
679 2453 989 2522 divinisque
1025 2451 1358 2506 credidimus
1384 2448 1706 2520 Scripturis,
1737 2450 2089 2520 ctpropheti-

505 2555 686 2600 zatum
724 2543 820 2598 Dei
853 2541 1090 2598 Verbum
1118 2541 1452 2610 accepimus,
1482 2540 1641 2609 cujus
1675 2540 1830 2610 prius
1859 2541 2084 2595 omnino

503 2636 676 2692 nescii
711 2649 952 2690 eramus.
989 2632 1103 2688 Hoc
1135 2634 1300 2704 igitur
1329 2640 1540 2685 tantum
1575 2629 1876 2686 Salvatoris
1906 2631 2081 2686 nostri

503 2729 755 2784 doctrina
797 2727 1119 2783 beneﬁcium
1147 2726 1451 2789 consecuti,
1489 2725 1766 2796 quomodo
1798 2742 1906 2780 non
1933 2725 2082 2793 juste

503 2824 879 2892 acciperemus
926 2829 980 2876 et
1022 2820 1454 2891 praedicaremus
1503 2835 1627 2875 eum
1679 2823 1823 2874 sicut
1852 2816 1947 2873 Dei
1992 2817 2083 2872 Fi-

501 2913 632 2967 lium
667 2909 1115 2980 Salvatoremque
1147 2909 1430 2965 nostrum?

2198 1984 2262 2055 (f.
2290 1984 2358 2040 58
2383 1985 2480 2056 v°),
2513 1985 2904 2056 πεπληρῶσθαι
2944 1985 3113 2049 αὑτὰς
3157 1985 3248 2038 ἐπὶ
3281 1988 3344 2056 τῇ
3392 1987 3485 2039 τοῦ
3529 1986 3780 2057 Σωτῆρος

2197 2077 2353 2149 ἡμῶν
2405 2079 2676 2150 παρουσίᾳ
2736 2077 3113 2149 πεπείσμεθα,
3171 2079 3580 2151 συναισθόμενοι
3629 2081 3777 2143 ὅπως

2197 2172 2358 2240 ἡμεῖς
2389 2171 2562 2234 αὑτοὶ,
2598 2169 2926 2241 πλανώμενα
2957 2169 3084 2242 ἔθνη
3113 2171 3173 2224 τὸ
3205 2172 3370 2224 πάλαι
3392 2173 3774 2242 τυγχάνοντες,

2197 2264 2541 2334 ἐλαυνόμενοι
2589 2281 2649 2316 τε
2676 2264 2781 2316 ὑπὸ
2833 2263 3083 2335 χαλεπῶν
3118 2265 3388 2335 δαιμόνων
3419 2264 3560 2318 κατά
3596 2267 3776 2319 πᾶσαν

2193 2355 2653 2426 εἰδωλολατρείαν,
2687 2357 2782 2410 καὶ
2807 2357 2942 2427 μήτε
2981 2356 3072 2409 τὸν
3110 2357 3267 2427 μόνον
3296 2356 3471 2428 ἀληθῆ
3507 2357 3637 2410 Θεὸν
3673 2359 3775 2410 ἐπ-

2196 2449 2490 2517 ιστάμενοι,
2516 2449 2652 2519 μήτε
2675 2448 3018 2519 προφητικῆς
3040 2448 3319 2511 ἐπαΐοντες
3345 2449 3547 2520 φωνῆς,
3569 2448 3655 2502 διὰ
3676 2447 3775 2517 τῆς

2191 2539 2284 2593 τοῦ
2316 2541 2567 2610 Σωτῆρος
2599 2539 2754 2610 ἡμῶν
2802 2538 2977 2610 Ἰησοῦ
3009 2538 3357 2603 διδασκαλίας
3392 2539 3484 2592 ἐπὶ
3512 2539 3609 2611 τὴν
3636 2540 3774 2608 γνῶο

2191 2649 2274 2685 σιν
2307 2632 2400 2685 τοῦ
2433 2631 2566 2685 Θεοῦ
2601 2631 2709 2685 τῶν
2737 2631 2876 2685 ὅλων
2903 2629 3379 2703 παρεληλύθαμεν,
3405 2629 3774 2684 πεπιστεύκα-

2193 2726 2290 2796 μὲν
2321 2743 2380 2778 τε
2407 2729 2525 2789 ταῖς
2569 2725 2946 2788 θεοπνεύστοις
2986 2725 3024 2776 Γ
3031 2726 3249 2794 ραφαῖς,
3291 2723 3385 2778 καὶ
3417 2723 3506 2778 τὸν
3558 2740 3774 2796 προφηο

2188 2817 2445 2871 τευθέντα
2471 2818 2564 2871 τοῦ
2593 2817 2728 2870 Θεοῦ
2760 2816 2931 2884 Λόγον
2972 2815 3439 2888 παραδεδέγμεθα,
3483 2815 3603 2887 μηδ’
3637 2815 3774 2878 ὅλως

2189 2911 2351 2964 αὑτὸν
2377 2911 2439 2963 τὸ
2476 2912 2604 2982 πρὶν
2647 2910 3022 2981 ἐπιστάμενοι.
3051 2908 3300 2962 Τοσαῦτα
3327 2909 3392 2981 δὴ
3424 2909 3511 2962 διὰ
3543 2909 3640 2980 τῆς
3673 2907 3771 2961 τοῦ

499 3004 752 3076 Σωτῆρος
780 3004 934 3075 ἡμῶν
960 3003 1409 3074 εὐεργετηθέντες
1436 3001 1801 3068 διδασκαλίας,
1826 3001 1942 3065 πῶς
1975 3002 2076 3055 οὑκ
2132 3002 2197 3056 ἂν
2231 3003 2455 3067 δικαίως
2487 3001 2934 3072 παραδεχοίμεθά
2986 3019 3045 3054 τε
3101 3003 3195 3056 καὶ
3240 3001 3613 3072 ἐκθειάζοιμεν
3670 3000 3772 3053 αὑ-

498 3100 610 3169 τὸν,
637 3102 732 3155 ὄιτε
767 3101 894 3154 Υἱὸν
927 3098 1061 3152 Θεοῦ
1096 3099 1253 3170 ἡμῶν
1284 3116 1342 3152 τε
1376 3098 1553 3152 αὐτῶν
1595 3099 1926 3169 τυγχάνοντα
1959 3100 2224 3172 Σωτῆρας

1037 3214 1265 3271 CAPUT
1309 3214 1506 3273 XXIX.

575 3330 594 3361 ς
622 3310 812 3366 Justus
847 3308 1010 3380 perit.
1035 3317 1090 3363 et
1134 3325 1244 3362 non
1287 3318 1372 3364 est
1397 3309 1492 3378 qui
1537 3310 1797 3381 recogitet
1827 3309 1882 3364 in
1914 3309 2079 3366 corde

500 3419 622 3467 suo,
658 3411 711 3458 et
739 3401 838 3456 viri
872 3402 1262 3456 misericordiae
1290 3401 1649 3472 colliguntur,
1679 3404 1806 3473 quia
1848 3417 1956 3457 non
1994 3409 2079 3458 est

497 3495 588 3564 qui
641 3493 907 3561 intelligat
942 3511 956 3546 :
987 3508 1016 3544 a
1053 3489 1191 3546 facie
1230 3491 1375 3546 enim
1431 3491 1654 3546 maliti:e
1701 3492 1966 3548 collectus
1996 3501 2080 3546 est

492 3588 697 3657 justus.
737 3583 934 3640 Veniat
984 3599 1108 3654 pax,
1151 3585 1462 3654 requiescat
1509 3585 1564 3640 in
1620 3586 1788 3641 cubili
1837 3602 1938 3642 suo
1983 3586 2076 3656 qui

497 3675 798 3729 ambulavit
847 3675 902 3729 in
945 3674 1245 3729 directione
1282 3690 1402 3730 sua.
1451 3673 1563 3730 Vos
1600 3685 1784 3730 autem
1831 3675 2077 3731 accedite

501 3769 634 3833 huc,
669 3767 764 3822 tilii
786 3767 1177 3837 auguratricis,
1207 3783 1392 3822 semen
1412 3768 1643 3822 adulteri
1669 3776 1721 3822 et
1747 3767 2072 3824 fornicarite.

499 3860 676 3932 Super
707 3875 868 3930 quem
901 3859 1154 3914 lusistis?
1199 3857 1375 3929 Super
1399 3875 1561 3930 quem
1593 3860 1862 3915 dilatastis
1897 3876 1980 3924 os,
2021 3868 2076 3916 et

494 3951 739 4021 ejccistis
777 3949 1058 4020 linguam?
1100 3947 1352 4019 Nunquid
1400 3967 1509 4005 non
1551 3967 1650 4006 vos
1695 3951 1786 4005 filii
1829 3953 2070 4017 scelesti,

497 4059 682 4098 semen
734 4041 960 4096 mendax
989 4041 1100 4094 ’ἳι
1144 4040 1398 4096 Christus
1442 4041 1533 4096 Dei
1574 4042 1724 4098 solus
1761 4059 1887 4098 vere
1929 4042 2073 4098 inter

495 4148 687 4187 omnes
710 4132 803 4202 qui
835 4146 1076 4200 unquam
1105 4130 1367 4185 exstitere
1392 4130 1576 4200 justos
1611 4132 1739 4187 talis
1773 4131 2068 4189 invenitur.

495 4223 727 4294 Ideoque
757 4221 1102 4293 peculiariter
1140 4221 1321 4290 justus
1377 4228 1625 4284 vocatur,
1684 4230 1738 4277 et
1788 4223 2070 4292 prophetia

493 4316 560 4370 de
587 4331 652 4371 eo
678 4315 793 4371 ait:
830 4333 850 4366 ‹
878 4313 1015 4370 Ecce
1040 4315 1222 4383 justus
1256 4315 1416 4384 perit.
1446 4334 1464 4366 ι
1501 4313 1654 4370 Unde
1708 4324 1888 4370 autem
1921 4317 2072 4370 ablaa

493 4415 584 4462 tus
606 4408 678 4462 sit
706 4407 828 4462 dein
855 4407 1059 4461 indicat
1090 4408 1278 4463 dicens
1307 4426 1319 4461 :
1361 4426 1379 4458 ι
1411 4407 1454 4460 Α
1490 4405 1630 4462 facie
1663 4409 1808 4464 enim
1843 4408 2067 4464 malitia!

493 4499 709 4556 ablatus
746 4507 831 4554 est
877 4499 1082 4570 justus.
1120 4518 1139 4552 ι
1194 4499 1330 4566 Quis
1370 4509 1552 4555 autem
1597 4516 1732 4573 eum.
1757 4503 2063 4566 sustulerit,

491 4591 712 4645 noveris
765 4607 829 4646 ex
890 4591 1009 4660 ipso
1066 4592 1327 4648 dicente:
1362 4591 1576 4647 «Nemo
1636 4594 1781 4648 tollit
1829 4596 2064 4648 animam

489 4699 666 4739 meam
712 4698 744 4740 a
793 4699 880 4739 me
932 4684 1072 4754 ipso,
1129 4694 1184 4741 et
1225 4693 1551 4757 potestatem
1599 4687 1776 4742 habeo
1825 4687 2065 4758 ponendi

490 4791 632 4840 eam,
664 4783 717 4830 et
747 4783 1074 4849 potestatem
1113 4777 1291 4832 habeo
1318 4780 1515 4832 iterum
1548 4777 1801 4834 sumendi
1827 4793 1948 4834 eam
1969 4779 2012 4832 ⁸.
2039 4797 2059 4832 θ

489 4868 623 4923 Dein
656 4869 758 4924 ait:
785 4889 803 4921 ι
832 4869 890 4924 In
921 4886 1053 4941 pace
1093 4872 1374 4942 sepultura
1404 4873 1541 4943 ejus.
1569 4893 1588 4925 ι
1619 4872 1700 4927 Ex
1727 4889 1836 4944 quo
1867 4880 2070 4927 notan-

489 4962 640 5025 dum,
682 4962 828 5033 quod
877 4979 984 5017 non
1017 4965 1179 5020 modo
1208 4973 1458 5029 mortem,
1490 4965 1582 5021 sed
1625 4972 1678 5020 et
1722 4964 2062 5034 sepulturam

489 5057 607 5126 ejus
629 5057 942 5126 prophetica
974 5056 1221 5128 designat
1247 5055 1553 5128 Scriptura,
1576 5058 1722 5113 unde
1749 5064 1804 5112 et
1835 5065 2062 5111 sanctus

486 5129 782 5218 Apostolus
830 5147 894 5201 ad
945 5147 1258 5204 Corinthios
1290 5151 1538 5204 scribens
1585 5149 1758 5204 dicit:
1792 5167 1810 5200 ι
1839 5147 2062 5203 Tradidi

487 5238 633 5294 enim
687 5239 844 5293 vobis
904 5239 960 5293 in
1010 5241 1203 5310 primis
1250 5240 1396 5310 quod
1451 5246 1504 5294 et
1544 5241 2058 5312 accepi:quoniam

487 5321 742 5388 Christus
768 5342 1017 5388 mortuus
1034 5343 1117 5389 est
1144 5349 1244 5404 pro
1263 5335 1505 5405 peccatis
1526 5335 1734 5390 nostris
1756 5333 2060 5389 secundum

490 5422 822 5495 Scri'pturas,
874 5432 928 5480 et
965 5426 1092 5495 quia
1136 5427 1384 5497 sepultus
1424 5433 1508 5483 est
1527 5430 1568 5481 ⁸.
1602 5445 1621 5478 ι
1657 5425 1831 5496 Cujus
1877 5433 2060 5481 autem

492 5513 806 5586 Scriptura,
843 5517 944 5573 nisi
977 5532 1098 5586 qua:
1125 5517 1362 5572 dixerit:
1395 5536 1414 5568 ε
1445 5517 1484 5570 Λ
1523 5515 1663 5572 facie
1711 5517 1935 5572 malitia:
1964 5531 2062 5587 po—

491 5607 602 5675 puli
632 5608 736 5662 mei
773 5607 970 5665 ductus
1004 5616 1089 5663 est
1128 5608 1197 5662 ad
1238 5618 1494 5674 mortem,
1531 5617 1584 5664 et
1613 5610 1666 5664 in
1709 5624 1841 5680 pace
1875 5608 2062 5678 sepul-

489 5705 611 5750 tura
673 5699 846 5766 ejus?
884 5719 901 5751 ι
953 5698 1071 5754 Non
1128 5701 1279 5757 solus
1337 5701 1630 5772 praedictus
1685 5701 1845 5758 nobis
1871 5701 2058 5771 justus

559 5857 574 5886 ⁸
614 5852 771 5908 Joun.
803 5869 878 5907 xu
902 5893 915 5919 ,
951 5855 1040 5911 28.
1117 5860 1135 5888 '
1168 5857 1313 5912 Psal.
1349 5874 1456 5913 mi
1480 5899 1494 5924 ,
1531 5860 1619 5914 65.

2690 3222 3087 3276 ΚΕΦΑΛΑΙΟΝ
3129 3221 3256 3274 ΚΘ’.

2262 3329 2282 3361 ι
2321 3310 2508 3373 Ἴδετε,
2553 3312 2628 3375 ὼς
2667 3314 2696 3365 6
2724 3311 2928 3376 δίκαιος
2960 3313 3193 3382 αἴρεται,
3225 3309 3320 3362 καὶ
3353 3309 3530 3373 οὐδεὶς
3561 3310 3770 3381 ἐκδὲχςο

2184 3419 2274 3456 ται
2293 3405 2359 3474 τῇ
2381 3402 2598 3475 καρδίᾳ,
2629 3405 2722 3458 καὶ
2742 3404 2932 3476 ἄνδρες
2954 3403 3148 3456 δίκαιοι
3174 3401 3440 3472 αἴρονται,
3470 3402 3563 3454 καὶ
3591 3402 3768 3467 οὐδεὶς

2185 3495 2438 3546 κατανοεῖ
2453 3507 2467 3522 °
2497 3493 2605 3547 ἀπὸ
2621 3493 2730 3564 γὰρ
2747 3493 3039 3566 προσώπου
3067 3492 3278 3556 ἀδικίας
3304 3487 3469 3564 ἦρται
3485 3495 3513 3545 6
3535 3492 3766 3558 δίκαιος,

2184 3585 2333 3638 ἔσται
2362 3586 2419 3638 ἐν
2443 3586 2634 3659 εἰρήνῃ
2655 3587 2687 3656 ἡ
2712 3585 2856 3657 ταφὴ
2887 3585 3072 3646 αὑτοῦ,
3102 3581 3265 3657 ἦρται
3287 3586 3352 3639 ἐκ
3371 3585 3538 3657 μέσου
3560 3603 3574 3618 ·
3605 3587 3766 3657 ὑμεῖς

2181 3675 2238 3728 δὲ
2268 3676 2646 3746 προσαγάγετε
2671 3670 2795 3739 ὦδε,
2818 3676 2923 3728 υἱοὶ
2947 3674 3158 3743 ἄνομοι,
3189 3674 3411 3744 σπέρμα
3440 3673 3644 3745 μοιχῶν
3670 3676 3766 3728 καὶ

2182 3770 2406 3841 πόρνης.
2453 3770 2542 3822 Ἐν
2576 3769 2680 3821 τίνι
2733 3768 3170 3838 ἐνετρυφήσατες
3203 3768 3296 3820 καὶ
3337 3767 3428 3819 ἐπὶ
3470 3766 3594 3819 τίνα
3615 3766 3764 3837 ἠνοί-

2182 3859 2308 3925 ξατε
2354 3861 2414 3913 τὸ
2466 3861 2640 3929 στόμα
2676 3858 2869 3928 ὑμῶν;
2915 3857 3009 3911 καὶ
3040 3858 3133 3910 ἐπὶ
3174 3857 3292 3910 τίνα
3325 3856 3626 3927 ἐχαλάσατε
3666 3854 3766 3927 τὴν

2179 3952 2430 4021 γλῶσσαν
2487 3950 2679 4022 ὑμῶν;
2714 3951 2826 4020 Οὺχ
2889 3951 3045 4020 ὑμεῖς
3094 3951 3230 4008 ἐστε¹
3260 3949 3426 4001 τέκνα
3465 3948 3762 4012 ἀπωλείας,

2182 4046 2401 4116 σπέρμα
2440 4045 2678 4113 ἄνομον;
2711 4062 2730 4095 ι
2779 4044 2838 4096 '0
2866 4041 3099 4113 Χριστὸς
3129 4041 3224 4094 τοῦ
3257 4039 3393 4094 Θεοῦ
3437 4041 3596 4111 μόνος
3641 4040 3764 4093 κατ’

2178 4137 2434 4207 ἀλήθειαν
2477 4135 2626 4206 παρὰ
2666 4135 2871 4197 πάντας
2898 4134 3023 4196 τοὺς
3059 4131 3281 4185 πώποτε
3313 4148 3416 4203 χρη
3427 4130 3763 4201 ματίσαντας

2176 4227 2416 4290 δικαίους
2448 4226 2689 4289 τοιοῦτος
2715 4223 3088 4279 άναδέδεικται
3107 4240 3118 4252 ·
3150 4222 3230 4276 διὸ
3255 4223 3348 4276 καὶ
3372 4221 3576 4292 κυρίως
3603 4221 3762 4292 μόνος

2175 4321 2242 4376 ἂν
2264 4321 2426 4386 αὐτὸς
2445 4319 2771 4393 χρηματίζοι
2801 4319 3026 4381 δίκαιος,
3052 4318 3193 4372 ὥστε
3227 4317 3356 4389 περὶ
3387 4315 3552 4371 αὑτοῦ
3581 4315 3761 4384 λέγειν

2175 4415 2274 4486 τὴν
2321 4413 2689 4485 προφητείαν·
2733 4430 2752 4463 ι
2797 4411 2987 4474 Ἴδετε,
3035 4411 3110 4473 ὼς
3141 4411 3170 4462 6
3199 4408 3403 4473 δίκαιος
3434 4409 3681 4480 αἴρεται·
3734 4427 3752 4458 ι

2175 4505 2283 4559 ἀπὸ
2305 4507 2450 4570 τίνος
2499 4505 2555 4557 δὲ
2584 4503 2818 4574 αἴρεται,
2875 4501 3127 4572 ἐπιφέρει
3166 4503 3224 4554 ἐν
3265 4500 3363 4572 τῴο
3405 4520 3424 4552 ι
3475 4499 3606 4554 Ἀπδ
3646 4499 3760 4572 γὰρ

2172 4596 2464 4670 προσώπου
2516 4596 2725 4659 ἀδικίας
2771 4590 2936 4665 ἦρται
2981 4595 3010 4646 ὀ
3042 4594 3248 4658 δίκαιος
3272 4610 3284 4623 '
3318 4613 3337 4645 ι
3375 4593 3456 4657 τίς
3505 4593 3562 4647 δὲ
3603 4594 3694 4646 καὶ
3730 4596 3760 4646 6

2174 4691 2342 4762 αἴρων
2368 4689 2530 4743 αὑτὸν
2560 4686 2725 4742 αὑτοῦ
2759 4686 2906 4739 ἐστιν
2936 4685 3164 4740 ἀκοῦσαι
3186 4686 3434 4756 λέγοντος
3457 4703 3471 4718 ο
3505 4705 3524 4737 ι
3568 4685 3758 4750 Οὐδεὶς

2175 4782 2319 4854 αίρει
2345 4783 2446 4854 τὴν
2479 4781 2657 4852 ψυχήν
2690 4796 2788 4851 μου
2827 4780 2920 4833 ἀπ’
2949 4777 3083 4848 ἐμοῦ
3108 4796 3121 4809 ο
3155 4777 3402 4844 ἐξουσίαν
3445 4776 3553 4848 ἐχω
3585 4777 3758 4833 θεῖναι

2173 4873 2364 4944 αὑτὴν,
2400 4872 2496 4926 καὶ
2523 4871 2683 4925 πάλιν
2707 4869 2956 4935 ἐξουσίαν
2995 4868 3102 4938 ἔχω
3130 4867 3314 4922 λαϐεῖν
3340 4868 3532 4939 αὑτήν.
3568 4888 3587 4921 ι
3621 4864 3758 4922 Εἶτά

2175 4984 2338 5038 φησιν
2365 4979 2378 4994 ⁸
2409 4983 2429 5016 ε
2478 4966 2567 5020 Ἐν
2594 4967 2787 5039 εἰρήνῃ
2813 4969 2846 5038 ἡ
2876 4964 3019 5036 ταφὴ
3044 4963 3230 5017 αὑτοῦ.
3265 4981 3284 5013 ι
3320 4962 3489 5015 Ἔνθα
3518 4979 3759 5033 σημειω‹

2169 5062 2314 5126 τέον,
2343 5063 2423 5114 ὃτι
2451 5061 2513 5114 οὑ
2546 5061 2706 5132 μόνον
2735 5061 2805 5112 τὰ
2839 5060 2967 5134 περὶ
2994 5056 3091 5111 τοῦ
3116 5057 3371 5119 θανάτου,
3402 5053 3540 5108 ἀλλὰ
3573 5055 3667 5108 καὶ
3686 5056 3758 5109 τὰ

2173 5156 2301 5227 περὶ
2321 5155 2421 5226 τῆς
2449 5156 2627 5226 ταφῆς
2653 5152 2818 5206 αὑτοῦ
2841 5155 2874 5224 ἡ
2904 5151 3217 5224 προφητικὴ
3244 5149 3498 5222 σημαίνει
3523 5148 3716 5220 Γραφή
3739 5166 3756 5180 ·

2171 5247 2406 5300 ὄθεν’καὶ
2431 5247 2460 5299 6
2490 5247 2632 5317 ἱερὸς
2663 5244 2982 5308 Ἀπόστολος
3005 5243 3234 5316 γράφων
3251 5242 3560 5315 Κορινθίοις
3584 5241 3755 5314 φησί’

2177 5358 2194 5391 ι
2234 5339 2532 5412 Παρέδωκα
2566 5337 2676 5410 γὰρ
2707 5337 2836 5408 ὑμῖν
2867 5338 2925 5392 ἐν
2953 5335 3211 5408 πρώτοις,
3240 5335 3268 5389 ὃ
3291 5337 3387 5390 καὶ
3419 5334 3755 5406 παρέλαϐον,

2169 5429 2251 5483 ὅτι
2276 5429 2509 5501 Χριστὸς
2537 5428 2809 5482 ἀπέθανεν
2835 5427 2976 5499 ὑπὲρ
2995 5426 3102 5482 τῶν
3123 5425 3406 5498 ἁμαρτιῶν
3431 5425 3589 5497 ἡμῶν
3611 5424 3758 5478 κατὰ

2167 5522 2266 5585 τὰς
2312 5521 2563 5594 Γραφάς,
2593 5523 2687 5576 καὶ
2727 5523 2810 5577 ὅτι
2855 5522 3050 5592 ἐτάφη.
3085 5539 3106 5573 ι
3135 5519 3301 5583 Ποίας
3342 5519 3400 5573 δὲ
3441 5516 3686 5592 Γραφὰς,
3719 5515 3757 5586 ἢ
3824 5561 3835 5574 .

2167 5613 2266 5676 τὰς
2285 5611 2616 5681 φασκούσας⁹
2646 5632 2665 5664 ι
2688 5614 2823 5668 Ἀπὺ
2841 5613 2950 5667 τῶν
2965 5614 3204 5685 ἀνομιῶν
3224 5613 3318 5669 τοῦ
3332 5613 3462 5668 λαοῦ
3493 5630 3594 5686 μου
3611 5611 3758 5682 ἢχθη

2168 5708 2248 5770 εἰς
2276 5703 2524 5769 θάνατον,
2558 5707 2653 5760 καὶ
2676 5707 2734 5760 ἐν
2759 5707 2949 5778 εἰρήνῃ
2978 5707 3012 5773 ή
3033 5706 3178 5778 ταφὴ
3198 5706 3360 5762 αὑτοῦ
3383 5724 3398 5772 ;
3439 5725 3458 5760 ι
3489 5705 3563 5760 Οὐ
3590 5704 3760 5777 μόνος

1700 5860 1718 5891 ⁸
1761 5861 1862 5915 lsa.
1899 5874 2038 5925 Lvn,
2078 5861 2193 5916 1-4.
2274 5862 2292 5891 ⁸
2323 5861 2479 5916 Joan.
2510 5880 2583 5930 ι,
2621 5863 2704 5918 t8.
2783 5864 2805 5896 ⁸
2846 5862 2864 5916 l
2898 5862 3025 5918 Cor.
3064 5880 3152 5928 xv,
3193 5865 3258 5929 3,
3293 5864 3345 5917 4.
