4100 6454
343 377 478 434 1153

1367 373 1658 429 ECLOGA:
1698 369 2176 427 PROPIIETICAC.
2220 403 2290 412 --
2327 372 2458 428 LIB.
2500 372 2615 442 Νη

3464 380 3603 436 ιαει

339 493 395 547 δὶ
417 495 446 547 6
479 489 872 563 προειρημένος
899 491 1030 560 ἡμῖν
1059 489 1263 551 δίκαιος
1296 484 1460 561 ἦρται
1501 493 1565 544 ὲκ
1603 492 1766 562 μέσου
1807 492 1913 545 ἀδι-

2027 489 2238 547 ahlatus
2268 502 2352 549 est
2427 493 2643 550 medeio
2669 494 2998 566 iniquitatis,
3050 495 3143 551 sed
3180 505 3232 552 et
3267 515 3287 548 ι
3315 497 3415 552 viri
3442 499 3604 568 justi,

341 583 486 646 κίας,
531 580 667 635 ἀλλὰ
712 581 803 634 καὶ
841 599 858 632 ι
910 579 1100 652 ἄνδρες
1140 578 1360 644 δίκαιοι,
1401 598 1420 629 ι
1459 581 1645 650 φησὶν,
1682 599 1700 630 ι
1739 581 1916 652 αἴρον-

338 693 448 738 ται,
490 693 508 727 ι
536 674 584 726 οἳ
619 674 712 727 καὶ
740 674 891 726 αὐτοὶ
917 668 1024 724 εἷεν
1052 671 1117 724 ἂν
1151 672 1198 723 oi
1231 672 1366 741 ίεροὶ
1397 672 1491 724 τοῦ
1519 670 1755 743 Χριστοῦ
1785 673 1917 726 ἀπό·

339 766 536 825 στολοι,
563 767 654 819 καὶ
691 766 741 817 οἱ
784 763 1074 834 θαυμάσιοι
1117 760 1276 814 αὐτοῦ
1309 763 1603 834 μάρτυρες,
1638 764 1686 814 oi
1719 766 1915 834 μετοχῇ

338 861 436 930 τῆς
488 859 653 914 αὑτοῦ
699 857 1041 928 δικαιοσύνης
1075 857 1277 910 δίκαιοι
1323 858 1416 909 καὶ
1461 857 1614 910 αὐτοὶ
1647 857 1921 927 χρηματί-

339 952 556 1016 ζοντες·
611 951 816 1004 τούτων
872 951 913 1003 δ’
964 948 1389 1019 ἐπιτελουμένων
1453 947 1659 1010 ούδείς,
1720 947 1918 1017 φησὶν,

340 1046 552 1110 ἔϐλεπε,
585 1046 676 1099 καὶ
700 1045 876 1108 οὐδεὶς
899 1042 1166 1104 κατενόει,
1192 1041 1298 1094 τῶν
1322 1039 1724 1112 παχυνθέντων,
1756 1039 1916 1112 δῆλον

338 1139 384 1190 δ’
411 1139 493 1192 ὅτι
518 1139 616 1208 τὴν
640 1135 886 1206 καρδίαν,
908 1135 1001 1188 καὶ
1023 1133 1131 1187 τῶν
1151 1133 1437 1205 μυσάντων
1461 1133 1586 1195 τοὺς
1611 1131 1922 1202 ὀφθαλμοὺς

337 1229 431 1282 τοῦ
469 1229 542 1299 μὴ
590 1228 824 1298 βλέπειν,
855 1226 992 1298 πρὸς
1046 1223 1139 1288 οὓς
1168 1225 1235 1277 τὰ
1279 1223 1409 1293 ἑξῆς
1445 1222 1544 1292 τῆς
1581 1223 1918 1293 προφητείας

337 1321 574 1390 λέγεται,
605 1320 672 1374 τὰ
704 1321 809 1373 ἀπὸ
840 1318 952 1372 τοῦ·
991 1337 1010 1369 ι
1062 1318 1250 1387 Ὑμεῖς
1278 1317 1334 1369 δὲ
1379 1315 1760 1387 προσαγάγετε
1793 1308 1917 1381 ὧδε,

337 1415 442 1467 υἱοὶ
468 1413 676 1484 ἄνομοι,
709 1411 930 1482 σπέρμα
963 1409 1165 1481 μοιχῶν
1191 1410 1284 1463 καὶ
1318 1409 1544 1480 πόρνης.
1582 1426 1600 1458 ι

748 1525 813 1597 (r.
850 1523 938 1593 59)
973 1522 1367 1576 ΚΕΦΑΛΑΙΟΝ
1410 1523 1498 1575 A'.
1590 1514 1592 1516 '

415 1637 432 1669 ι
456 1617 565 1671 Καὶ
580 1615 974 1687 φοϐηθήσονται
996 1616 1044 1666 οἱ
1067 1613 1173 1666 ἀπὸ
1193 1611 1410 1683 δυσμῶν
1425 1611 1485 1664 τὸ
1506 1611 1676 1682 ὄνομα
1688 1610 1918 1682 Κυρίου,

336 1707 430 1761 καὶ
474 1708 521 1760 οἱ
550 1708 640 1760 ἀπ’
675 1705 949 1759 ἀνατολῶν
973 1704 1122 1777 ἡλίου
1160 1703 1222 1756 τὸ
1252 1703 1423 1772 ὄνομα
1446 1701 1506 1754 τὸ
1537 1700 1772 1765 ἔνδοξον·
1800 1699 1920 1771 ἥξει

2021 588 2117 650 ait,
2160 586 2505 649 auferuntur,
2540 606 2560 639 ο
2613 591 2705 658 qui
2759 596 2812 644 et
2864 589 2969 660 ipsi
3020 597 3150 644 sunt
3190 591 3365 644 sancti
3398 587 3607 646 Chrisli

2023 681 2276 748 apostoli.
2311 681 2698 750 mirabilesque
2745 682 2864 750 ejus
2898 689 3187 753 martyres,
3241 684 3332 752 qui
3381 683 3608 750 justitize

2022 770 2142 838 ejus
2173 771 2590 840 participatione
2622 780 2674 827 et
2714 772 2815 842 ipsi
2842 772 2978 840 justi
3009 773 3184 827 eﬂccti
3220 782 3366 827 sunt.
3399 772 3606 827 llorum

2021 876 2151 914 vero
2186 861 2551 930 perfectorum
2595 864 2803 925 nullus,
2839 864 2935 928 ait,
2981 863 3138 927 vidit,
3176 865 3471 934 nullusque
3513 881 3605 920 re-

2025 953 2232 1022 putavit
2285 962 2510 1024 propter
2554 955 2740 1010 cordis
2792 957 3242 1020 crassitudinem,
3283 958 3604 1012 oculorum-

2024 1061 2131 1114 que
2160 1043 2447 1098 oliductam
2489 1046 2796 1116 caliginem,
2835 1047 2900 1101 ad
2936 1064 3076 1116 quos
3105 1049 3316 1119 reliqua
3355 1057 3607 1119 spectant

2025 1135 2346 1205 proplictia',
2387 1136 2599 1190 scilicet
2619 1136 2687 1190 ab
2719 1136 2803 1192 his
2840 1139 3022 1194 verbis
3053 1158 3066 1192 :
3100 1157 3118 1190 ι
3149 1137 3260 1195 Vos
3295 1149 3478 1194 autem
3510 1156 3605 1195 ac-

2025 1226 2199 1279 cedite
2224 1225 2349 1291 huc,
2379 1225 2470 1280 ﬁlii
2503 1228 2886 1296 auguratricis,
2926 1245 3110 1284 semen
3146 1231 3382 1287 adulteri
3409 1242 3464 1287 et
3497 1232 3607 1287 for-

2026 1334 2266 1372 nicartm.
2301 1337 2319 1369 ι

2595 1512 2827 1568 CAPUT
2868 1513 3036 1570 XXX.

2102 1624 2120 1656 ‹
2155 1602 2220 1656 Ει
2249 1603 2553 1668 timebunt,
2590 1607 2682 1676 qui
2717 1607 2788 1659 ab
2817 1606 3108 1662 occidente
3130 1648 3145 1672 ,
3185 1625 3384 1665 nomen
3421 1609 3606 1667 Domi—

2026 1697 2114 1761 ni,
2147 1706 2200 1753 et
2234 1699 2324 1768 qui
2357 1698 2426 1752 ab
2448 1707 2569 1752 ortu
2603 1699 2739 1753 solis
2759 1739 2774 1762 ,
2806 1701 3038 1770 gloriam
3069 1700 3209 1766 ejus.
3235 1700 3434 1758 Veniet
3459 1706 3605 1760 enim

335 1800 444 1872 γάρ
476 1799 551 1861 ὡς
596 1797 835 1869 ποταμὸς
872 1797 1044 1868 βίαιος
1072 1799 1104 1868 ἡ
1133 1796 1269 1867 ὀργὴ
1315 1794 1463 1865 παρά
1497 1793 1705 1865 Κυρίου
1727 1834 1742 1857 ,
1796 1791 1913 1863 ἥξει

2027 1792 2185 1861 quasi
2237 1791 2434 1847 ﬂuvius
2492 1793 2766 1848 violentus
2816 1793 2898 1847 ira
2949 1792 3203 1858 Domini,
3251 1797 3433 1852 veniet
3480 1814 3605 1852 cum

339 1860 478 1962 μετὰ
513 1889 705 1960 θυμοῦ.
739 1860 882 1942 ’κάκ’
906 1887 1024 1958 ἥξει
1053 1860 1406 1940 aisais/zeal;
1431 1886 1459 1937 6
1492 1860 1783 1955 ῥυόμενος,
1821 1860 1913 1934 καὶ

2024 1860 2326 1941 iracundia.
2376 1885 2441 1939 Et
2492 1886 2674 1940 veniet
2727 1885 2858 1940 Sion
2899 1886 3235 1957 redemptor,
3287 1896 3342 1943 et
3389 1889 3471 1944 eis
3511 1890 3608 1961 qui

333 1981 664 2052 ἀποστρέψει
711 1981 963 2045 ἀσεϐείας
991 1981 1098 2033 ἀπὸ
1131 1976 1346 2042 Ἰακὼϐ,
1390 1971 1510 2029 εἶπε
1548 1973 1772 2046 Κύριος.
1806 1972 1916 2025 Καὶ

336 2073 473 2144 αῦτη
493 2075 674 2138 αύτοῐς
703 2077 736 2144 η
759 2075 888 2144 παρ’
912 2072 1044 2144 ἐμοῦ
1066 2070 1320 2142 διαθήκη·
1343 2069 1416 2122 Τὸ
1431 2066 1656 2138 Πνεῦμα
1678 2066 1737 2120 τὸ
1759 2065 1913 2136 ὲμδν,

334 2168 362 2220 6
386 2171 532 2221 ἐστιν
554 2169 646 2221 ἐπὶ
680 2168 781 2229 σοὶ,
810 2167 904 2222 καὶ
923 2166 990 2220 τά
1014 2167 1234 2237 ῥήματα
1254 2205 1266 2225 ,
1289 2162 1325 2217 ἀ
1353 2162 1532 2216 ἔδωκα
1556 2163 1634 2224 εἰς
1656 2160 1716 2212 τὸ
1741 2159 1917 2228 στόμα

337 2278 428 2315 σου
447 2301 461 2324 ,
495 2260 554 2314 ού
589 2260 660 2332 μὴ
694 2259 920 2332 ἐκλείπῃ
951 2260 1016 2310 ὲκ
1047 2257 1138 2310 τοῦ
1164 2253 1433 2326 στόματός
1464 2269 1555 2305 σου
1577 2293 1591 2317 ,
1617 2251 1709 2304 καὶ
1732 2253 1796 2303 ἐκ
1822 2248 1916 2302 τοῦ

337 2353 600 2425 στόματος
631 2351 726 2406 τοῦ
763 2350 1073 2423 σπέρματός
1105 2366 1196 2402 σου
1221 2389 1236 2410 ,
1260 2343 1381 2400 εἷπε
1414 2343 1617 2414 Κύριος
1638 2383 1652 2405 ,
1681 2340 1789 2395 ἀπὸ
1821 2340 1915 2394 τοῦ

334 2445 429 2498 νῦν
458 2445 551 2499 καὶ
595 2446 674 2509 εἰς
705 2444 796 2498 τὸν
825 2443 1014 2498 αἰῶνα.
1037 2461 1055 2494 ι
1117 2440 1284 2494 Πάλιν
1314 2439 1381 2492 τά
1413 2439 1512 2508 τῆς
1539 2435 1787 2506 κλήσεως
1813 2434 1917 2504 τῆς

334 2538 422 2592 διὰ
450 2539 543 2591 τοῦ
565 2536 814 2607 Σωτῆρος
835 2534 991 2607 ἡμῶν
1014 2534 1288 2602 συστάσης
1310 2530 1368 2597 ἐξ
1391 2527 1558 2582 ἐθνῶν
1586 2525 1915 2595 Ἐκκλησίας

336 2629 427 2680 καὶ
456 2626 541 2678 διὰ
570 2624 773 2678 τούτων
801 2625 829 2676 ό
854 2621 1012 2692 λόγος
1047 2619 1398 2694 προφητεύει.
1447 2618 1602 2681 Τίνες
1632 2616 1740 2686 γὰρ
1769 2615 1915 2670 ἄλλοι

336 2715 442 2770 εἷεν
465 2719 512 2771 οἱ
542 2716 821 2787 λεγόμενοι
857 2735 875 2766 ι
904 2713 1012 2768 ἀπὸ
1037 2712 1255 2784 δυσμῶν
1276 2754 1290 2778 ,
1318 2731 1336 2764 ι
1371 2711 1406 2781 ἢ
1431 2708 1518 2762 διὰ
1550 2709 1692 2773 τίνος
1721 2706 1918 2778 ἐφοϐή-

283 2834 296 2850 ι
336 2807 505 2878 θησαν
545 2806 605 2858 τὸ
643 2805 812 2876 ὄνομα
846 2802 1050 2874 Κυρίου
1080 2801 1151 2854 τά
1182 2800 1497 2856 παντοδαπὰ
1534 2798 1660 2869 ἔθνη
1685 2836 1700 2862 ,
1730 2796 1798 2850 τὰ
1829 2795 1918 2848 διὰ

306 2881 434 2966 ’τῆς
471 2896 644 2968 Ἰησοῦ
676 2894 1018 2958 διδασκαλίας
1048 2893 1447 2962 καταλείψαντα
1477 2891 1573 2963 μὲν
1593 2889 1690 2961 τὴν
1721 2888 1915 2960 προτέ-

337 3007 437 3061 ραν
493 2987 588 3042 τοῦ
622 2987 758 3042 κατά
792 2988 890 3058 τὴν
924 2987 1146 3056 ἄγνοιαν
1183 2985 1406 3048 σκότους
1441 2983 1648 3053 πλάνην
1673 3023 1686 3047 ,
1724 2983 1816 3033 ἐπὶ
1862 2979 1918 3032 δὲ

333 3083 424 3136 τὴν
442 3082 548 3134 τῶν
567 3082 702 3135 ὅλων
723 3081 856 3134 Θεὸν
879 3077 1358 3148 καταπεφευγότα;
1385 3075 1482 3138 Τίς
1498 3074 1542 3126 δ’
1560 3077 1587 3127 ό
1615 3071 1766 3144 ἥξειν
1793 3089 1919 3144 προ-

2019 1977 2251 2032 redeunt
2309 1976 2378 2031 ab
2429 1976 2720 2046 iniquitate
2775 1977 2832 2030 in
2883 1976 3054 2032 Jacoh
3112 1979 3246 2033 dicit
3301 1980 3604 2038 Dominus:

2020 2067 2135 2122 Hoc
2176 2067 2355 2124 foedus
2387 2083 2567 2123 meum
2598 2083 2722 2123 cum
2761 2069 2878 2132 eis,
2918 2069 3052 2124 dicit
3091 2069 3394 2128 Dominus:
3434 2071 3611 2144 Spiri—

2019 2173 2107 2218 tus
2140 2178 2328 2227 meus,
2359 2162 2451 2233 qui
2483 2170 2567 2218 est
2599 2164 2652 2217 in
2686 2171 2739 2217 te
2762 2203 2778 2225 ,
2838 2170 2894 2218 et
2953 2165 3118 2219 verba
3156 2181 3276 2220 mea
3298 2207 3312 2229 ,
3349 2182 3472 2236 qua!
3505 2182 3607 2237 po-

2020 2255 2104 2310 sui
2140 2257 2192 2308 in
2223 2269 2318 2309 ore
2362 2261 2477 2317 tuo,
2509 2271 2616 2309 non
2665 2254 2918 2310 recedent
2955 2253 3021 2309 de
3037 2270 3132 2310 ore
3160 2265 3273 2321 tuo,
3309 2268 3363 2313 et
3384 2257 3469 2312 ide
3510 2272 3607 2311 ore

2019 2345 2243 2400 seminis
2273 2345 2388 2409 tui,
2422 2352 2476 2398 et
2522 2344 2587 2400 de
2613 2360 2708 2400 ore
2768 2345 2995 2400 seminis
3032 2345 3260 2400 seminis
3309 2346 3424 2410 tui,
3473 2348 3606 2402 dicit

2020 2439 2323 2502 Dominus,
2381 2439 2577 2493 amodo
2629 2446 2683 2493 et
2736 2455 2912 2510 usque
2950 2443 3006 2494 in
3047 2441 3446 2509 sempiternum
3486 2441 3526 2495 ⁸.
3578 2458 3596 2490 ι

2021 2531 2235 2587 Rursus
2283 2531 2352 2587 de
2405 2533 2646 2602 gentium
2704 2532 3011 2596 electione,
3051 2531 3135 2587 vel
3176 2530 3453 2599 Ecclesia,
3506 2548 3606 2602 per

2021 2621 2361 2678 Salvatorem
2398 2631 2645 2677 nostrum
2692 2623 3050 2693 propheticus
3073 2625 3367 2677 annuntiat
3398 2638 3602 2679 sermo.

2018 2713 2254 2780 Quinam
2295 2714 2442 2769 enim
2489 2715 2579 2768 alii
2630 2723 2818 2769 essent
2847 2713 2940 2784 qui
2977 2715 3068 2768 hic
3100 2732 3120 2765 ι
3156 2715 3224 2769 ab
3263 2714 3547 2769 occidente
3579 2735 3598 2766 ι

2017 2815 2305 2870 vocantur,
2357 2808 2443 2862 vel
2493 2808 2848 2877 quamobrem
2904 2821 3102 2861 nomen
3141 2807 3354 2861 Domini
3399 2807 3603 2860 timue—

2020 2900 2130 2952 rint
2163 2899 2345 2954 omnis
2380 2900 2600 2969 generis
2633 2906 2826 2969 gentes
2847 2939 2860 2963 ,
2893 2914 3016 2968 quas
3043 2897 3172 2952 Jesu
3203 2897 3457 2952 doctrina
3489 2897 3606 2968 pri-

2021 2993 2224 3048 stinum
2289 3008 2577 3055 errorem,
2645 3007 2865 3062 suaeque
2928 2991 3252 3062 ignorantia!
3310 2989 3602 3059 caliginem

2021 3085 2297 3154 reliquere
2323 3095 2488 3154 atque
2521 3083 2589 3137 ad
2619 3084 2864 3139 omnium
2902 3083 3070 3139 Deum
3107 3083 3449 3154 confugere?
3478 3083 3604 3154 quis

334 3175 700 3246 φητευόμενος
720 3176 782 3226 ὲκ
805 3171 965 3236 Σιὼν,
997 3171 1290 3244 ῥυσόμενος
1317 3169 1408 3222 καὶ
1432 3166 1789 3238 ἀποστρέψων
1816 3165 1913 3235 τῆς

2021 3186 2204 3231 autem
2255 3185 2522 3232 venturus
2568 3175 3146 3246 esse-prophetizatus
3179 3175 3247 3229 de
3286 3173 3456 3238 Sion,
3508 3174 3604 3245 qui

335 3268 604 3339 προτέρας
632 3265 884 3328 ἀσεϐείας
907 3265 996 3318 τὸν
1036 3262 1230 3317 Ἰακὼϐ
1249 3303 1264 3326 ,
1293 3262 1326 3333 ἢ
1353 3263 1381 3313 ὁ
1413 3261 1582 3314 σῶσαι
1611 3257 1916 3330 παραγενό-

335 3376 493 3429 μενος
514 3360 582 3411 τὰ
607 3357 921 3410 ἀπολωλότα
946 3356 1038 3408 καὶ
1059 3357 1116 3406 ἐν
1138 3353 1363 3424 ἀσεϐείᾳ
1381 3351 1641 3420 γεγονότα
1664 3350 1915 3420 πρόϐατα

330 3451 480 3504 οἴκου
524 3449 772 3520 Ἰσραὴλ,
815 3443 896 3510 οἷς
940 3445 1290 3517 διαθήσεσθαι
1341 3461 1472 3513 φησι
1504 3443 1564 3495 τὸ
1598 3445 1656 3496 ὲν
1696 3440 1917 3512 Χριστῷ

331 3543 553 3612 Πνεῦμα
574 3541 666 3594 τοῦ
693 3538 828 3593 Θεοῦ
869 3541 1084 3611 ῥήματα
1116 3538 1216 3608 τῆς
1242 3537 1462 3590 αἰωνίου
1496 3533 1670 3604 ζωῆς,
1707 3532 1743 3586 ἂ
1763 3533 1918 3586 δέδω-

331 3654 425 3689 κεν
446 3636 475 3687 ὁ
500 3636 688 3706 Πατὴρ
713 3637 792 3697 είς
817 3634 876 3688 τὸ
911 3631 1004 3686 τοῦ
1029 3630 1158 3685 Υίοῦ
1191 3630 1365 3700 στόμα
1384 3647 1397 3659 ·
1427 3630 1462 3683 ἀ
1479 3628 1585 3681 ’καί
1613 3643 1744 3696 φησι
1772 3627 1912 3696 μήτε

331 3729 389 3794 ἐξ
429 3727 625 3790 αὑτοῦ,
665 3729 799 3798 μήτε
831 3726 937 3797 μὴν
969 3727 1033 3778 ὲκ
1067 3723 1159 3777 τοῦ
1188 3722 1453 3793 στόματος
1475 3720 1568 3774 τοῦ
1603 3721 1916 3790 σπέρματος

328 3819 493 3876 αὑτοῦ
522 3820 812 3889 διαλείψειν
846 3819 954 3872 ἀπὸ
986 3817 1079 3871 τοῦ
1109 3817 1201 3871 νῦν
1232 3817 1326 3869 καὶ
1358 3816 1438 3879 είς
1465 3814 1556 3867 τὸν
1589 3812 1760 3868 αἰῶνα
1786 3812 1914 3882 χρό-

327 3931 417 3967 νον
441 3931 455 3978 ;
487 3913 670 3966 Ταῦτα
699 3913 744 3966 δ’
769 3911 835 3966 ἂν
869 3911 954 3983 εἴη
982 3911 1052 3965 τὰ
1080 3913 1301 3982 ῥήματα
1328 3908 1421 3962 τοῦ
1449 3909 1783 3978 Εὐαγγελίου
1813 3909 1915 3980 τῆς

329 4007 537 4077 Καινῆς
569 4005 861 4076 Διαθὴκης,
888 4004 944 4067 ἀ,
980 4003 1154 4056 καίτοι
1187 4002 1453 4056 τοσούτων
1490 4003 1912 4057 ἐπιϐουλευσάν-

327 4116 436 4152 των
469 4115 528 4150 τε
562 4097 728 4151 πάλαι
762 4098 855 4151 καὶ
880 4097 960 4150 ἔτι
988 4095 1081 4149 νῦν
1115 4095 1573 4149 ἐπιϐουλευόντων
1596 4097 1780 4160 αὐτοῖς
1805 4135 1820 4158 ,
1848 4096 1910 4149 οὑ

326 4191 608 4256 διέλειπεν,
639 4190 759 4244 οὐδὲ
786 4189 890 4261 μὴν
919 4189 1186 4260 ἐπιλείψει
1209 4191 1272 4242 ἐκ
1299 4189 1392 4242 τοῦ
1424 4189 1688 4260 στόματος
1720 4189 1819 4260 τῆς
1847 4191 1911 4243 ὲκ

326 4284 420 4336 τοῦ
443 4282 658 4352 λογικοῦ
680 4284 772 4337 καὶ
791 4282 980 4354 νοητοῦ
1012 4283 1323 4354 σπέρματος
1343 4281 1437 4334 τοῦ
1460 4281 1696 4353 Χριστοῦ
1722 4283 1912 4336 συστά-

330 4393 428 4447 σης
474 4376 799 4448 Ἐκκλησὶας
819 4393 833 4406 ⁸
875 4371 994 4428 εἷπε
1029 4375 1140 4447 γὰρ
1169 4374 1372 4446 Κύριος
1399 4375 1493 4427 καὶ
1524 4374 1909 4444 ἀποπέφανται

324 4469 420 4522 τοῦ
447 4469 520 4540 μὴ
546 4468 848 4539 ἐξαλείφειν
873 4467 1011 4521 αύτά
1043 4467 1150 4521 ἀπὸ
1180 4467 1272 4520 τοῦ
1307 4466 1400 4521 νῦν
1423 4469 1518 4521 καὶ
1547 4469 1627 4531 είς
1652 4467 1743 4521 τδν
1775 4469 1908 4520 αἰῶ-

2021 3266 2315 3322 redimeret
2341 3275 2397 3322 et
2429 3283 2458 3320 a
2496 3267 2731 3336 pristina
2766 3266 3059 3336 iniquitate
3087 3265 3380 3321 reduceret
3409 3265 3603 3330 Iacob,

2018 3361 2102 3414 vel
2137 3359 2528 3429 superveniens
2558 3359 2801 3428 perditas
2834 3359 3074 3413 salvaret
3107 3368 3272 3428 atque
3315 3359 3370 3413 in
3415 3361 3608 3429 impie-

2020 3461 2129 3507 tate
2164 3453 2483 3521 provolutas
2518 3467 2649 3506 oves
2679 3452 2876 3506 domus
2918 3451 3123 3514 Israel,
3161 3452 3362 3520 quibus
3396 3453 3607 3506 consti-

2019 3551 2266 3598 tuturum
2302 3544 2361 3598 s'e
2397 3544 2451 3597 in
2477 3542 2698 3598 Christo
2724 3540 2963 3609 Spiritus
2993 3539 3083 3596 Dei
3117 3542 3408 3610 pollicetur
3437 3541 3602 3596 verba

2019 3637 2142 3690 vitae
2201 3642 2420 3690 aeternae
2449 3675 2464 3699 ,
2497 3650 2619 3704 quae
2660 3633 2809 3688 dedit
2843 3633 3008 3688 Pater
3046 3633 3100 3686 in
3144 3649 3240 3688 ore
3271 3631 3394 3686 Filii
3423 3652 3438 3699 ;
3481 3648 3604 3703 quae

2016 3738 2072 3784 et
2100 3729 2232 3782 dicit
2263 3744 2440 3798 neque
2480 3728 2548 3783 de
2586 3743 2682 3782 ore
2723 3727 2845 3796 ejus
2867 3767 2880 3789 ,
2928 3741 3106 3796 neque
3140 3727 3208 3780 de
3240 3741 3337 3779 ore
3371 3725 3603 3780 seminis

2015 3822 2136 3890 ejus
2178 3836 2458 3890 nunquam
2491 3835 2781 3874 recessura
2821 3820 3019 3873 amodo
3045 3826 3101 3875 et
3151 3835 3328 3890 usque
3360 3821 3414 3873 in
3459 3835 3605 3874 sem-

2017 3915 2341 3984 piternum?
2397 3912 2524 3968 Haec
2583 3912 2804 3983 quidem
2857 3920 3042 3967 essent
3093 3913 3260 3967 verba
3319 3911 3601 3980 Evangelii

2015 4007 2152 4062 Novi
2185 4006 2518 4063 Testamenti
2542 4047 2556 4069 ,
2591 4022 2746 4078 qute,
2785 4007 2887 4062 etsi
2944 4014 3025 4060 tot
3057 4007 3138 4061 eis
3179 4005 3308 4061 olim
3354 4005 3602 4061 insidiati

2017 4104 2126 4158 sint
2154 4111 2208 4158 et
2239 4117 2388 4157 nunc
2419 4117 2595 4172 usque
2633 4101 2995 4164 insidientur,
3027 4115 3312 4170 nunquam
3343 4097 3602 4160 deficient

2015 4210 2192 4264 neque
2259 4193 2516 4249 recedent
2569 4193 2638 4248 de
2685 4207 2780 4247 ore
2845 4192 3130 4247 rationalis
3189 4189 3602 4258 spiritualisque

2016 4286 2245 4341 seminis
2273 4284 2477 4341 Christi
2522 4283 2804 4339 Ecclesiae.
2857 4281 3004 4337 Dixit
3032 4283 3178 4335 enim
3238 4279 3501 4335 Dominus
3545 4286 3602 4331 et

2015 4379 2332 4448 praedicavit
2359 4393 2422 4434 ea
2455 4392 2565 4432 non
2597 4375 2880 4432 defectura
2915 4390 2980 4431 ex
3017 4374 3122 4430 hoc
3153 4389 3303 4428 nunc
3341 4379 3395 4427 et
3425 4385 3601 4440 usque

2014 4471 2069 4526 in
2123 4471 2405 4526 saeculum.
2458 4469 2694 4539 Ideoque
2737 4469 2896 4538 juxta
2937 4466 3202 4522 Joannem
3258 4484 3278 4517 ι
3332 4472 3598 4520 aeternum

325 4577 416 4614 ναι
444 4560 524 4613 διὸ
551 4561 644 4614 καὶ
672 4560 813 4614 κατά
837 4561 929 4613 τὸν
955 4561 1207 4630 Ἰωάννην
1239 4578 1256 4610 ι
1282 4558 1496 4614 αἰώνιον
1522 4559 1855 4629 Εὐαγγέλιον
1883 4581 1900 4613 ›

2018 4563 2370 4633 Evangelium
2419 4562 2597 4617 visum
2654 4570 2738 4616 est
2790 4563 2880 4626 ²,›
2914 4559 3119 4615 Christi
3173 4558 3385 4613 scilicet
3428 4553 3601 4610 Evan.

323 4653 517 4724 ὁρᾶται
544 4653 606 4704 τὺ
631 4652 724 4705 τοῦ
759 4651 997 4723 Χριστοῦ
1029 4652 1377 4720 Εὑαγγέλιον.

830 4745 1229 4798 ΚΕΦΑΛΑΙΟΝ
1281 4746 1385 4797 AA’
1397 4787 1411 4798 .

401 4855 422 4889 ι
445 4835 665 4907 Πνεῦμα
692 4837 897 4909 Κυρίου
924 4836 1009 4888 ἐπ’
1039 4835 1160 4907 ἐμὲ,
1192 4827 1252 4888 οῦ
1278 4835 1464 4890 ἕνεκεν
1491 4835 1674 4906 ἕχρισέ
1703 4853 1768 4908 με
1789 4853 1802 4866 ’
1839 4838 1906 4904 Χ

324 4929 528 5000 Κύριος
564 4927 1015 4997 εὐαγγελίσασθαι
1038 4930 1268 4998 πτωχοῖς
1295 4927 1604 4982 ἀπέσταλκε
1630 4945 1726 5000 με,
1754 4929 1908 4982 ἰάσα-

328 5021 451 5076 σθαι
493 5023 621 5086 τοὺς
672 5021 1164 5094 συντετριμμένους
1201 5021 1300 5092 τὴν
1346 5021 1604 5092 καρδίαν,
1670 5021 1905 5093 κηρύξαι

324 5115 688 5188 αἰχμαλώτοις
712 5117 925 5185 ἄφεσιν,
959 5115 1054 5168 καὶ
1079 5114 1300 5183 τυφλοῖς
1330 5113 1643 5183 ἀνάϐλεψιν,
1679 5114 1904 5168 καλέσαι

323 5208 566 5263 ἐνιαυτὸν
585 5208 791 5279 Κυρίου
807 5207 1014 5272 δεκτδν,
1044 5209 1139 5262 καὶ
1166 5207 1380 5280 ἡμέραν
1400 5206 1805 5270 ἀνταποδόσεως
1836 5210 1904 5277 χ(

331 5299 403 5372 τῷ
420 5299 540 5377 Θεῷ
559 5299 716 5370 ἡμῶν
733 5317 747 5330 ο
777 5299 1157 5372 παρακαλέσαι
1178 5299 1386 5364 πάντας
1409 5301 1532 5363 τοὺς
1554 5297 1905 5365 πενθοῦντας,

325 5392 540 5464 δοθῆναι
560 5394 670 5455 τοῖς
692 5391 946 5446 πενθοῦσι
972 5392 1114 5444 Σιὼν
1137 5392 1294 5458 δόξαν
1318 5392 1439 5445 ἀντὶ
1469 5392 1687 5456 σποδοῦ,
1718 5393 1908 5465 ἄλειμ-

324 5502 402 5556 μα
427 5483 762 5556 εὐφροσύνης
782 5488 894 5548 τοῖς
925 5485 1198 5549 πενθοῦσι,
1235 5485 1568 5557 καταστολὴν
1593 5485 1750 5560 δόξης
1781 5490 1904 5543 ἀντὶ

328 5576 629 5646 πνεύματος
669 5575 924 5647 ἀκηδίας·
967 5578 1064 5630 καὶ
1096 5577 1457 5648 κληθήσονται
1490 5579 1673 5645 γενεαὶ
1702 5579 1903 5634 δικαιο-

274 5659 280 5668 ’
325 5663 510 5738 σύνης,
546 5665 796 5738 φύτευμα
829 5668 1031 5741 Κυρίου
1057 5671 1136 5732 είς
1161 5668 1334 5734 δόξαν.
1369 5687 1386 5719 ι
1433 5672 1489 5720 '0
1523 5672 1586 5723 ἐκ
1617 5669 1717 5740 τῆς
1748 5672 1902 5742 ῥίζης

397 5821 413 5852 ¹
454 5818 557 5878 lsa.
597 5837 722 5888 ιιι,
765 5823 944 5879 {9-21.
1024 5826 1041 5855 ¹
1083 5825 1249 5895 Apoc.
1288 5841 1397 5889 xw,
1437 5826 1487 5879 6.

2014 4653 2235 4724 gelium.

2563 4742 2796 4800 CAPUT
2837 4741 3030 4797 XXXI.

2093 4859 2110 4890 ι
2145 4838 2387 4910 Spiritus
2433 4836 2653 4892 Domini
2701 4851 2869 4907 super
2913 4850 3036 4900 me,
3085 4847 3150 4888 eo
3187 4828 3336 4901 quod
3374 4827 3600 4885 uinxerit

2014 4931 2280 4987 Dominus
2334 4946 2462 4985 me:
2517 4930 2586 4984 ad
2638 4925 3079 4985 annuntiandum
3125 4921 3395 4978 mendicis
3447 4919 3599 4975 misit

2015 5040 2133 5090 me,
2179 5031 2239 5077 ut
2283 5023 2537 5079 mederer
2583 5022 2839 5078 contritis
2883 5017 3084 5084 corde,
3132 5024 3188 5072 et
3239 5013 3596 5085 praedicarem

2011 5116 2243 5187 captivis
2283 5115 2716 5188 indulgentiam,
2755 5121 2810 5169 et
2849 5110 3058 5166 clausis
3103 5107 3489 5178 apertionem;
3537 5111 3598 5157 ut

2012 5208 2370 5278 praedicarem
2419 5223 2624 5262 annum
2675 5202 2996 5276 placabilem
3047 5198 3319 5262 Domino,
3366 5204 3422 5252 et
3450 5195 3594 5250 diem

2011 5301 2240 5354 ultionis
2283 5298 2394 5353 Deo
2439 5305 2664 5363 nostro;
2706 5303 2768 5351 ut
2806 5293 3128 5349 consolarer
3169 5305 3362 5346 omnes
3409 5289 3599 5358 lugen-

2011 5400 2133 5455 tes;
2164 5399 2226 5446 ut
2253 5405 2512 5462 ponerem
2547 5387 2862 5460 lugentibus
2892 5384 3027 5440 Sion
3066 5394 3122 5441 et
3153 5384 3341 5439 darem
3383 5381 3465 5437 eis
3503 5393 3599 5435 co-

2011 5499 2202 5539 ronam
2235 5499 2336 5554 pro
2366 5484 2586 5547 cinere,
2635 5482 2817 5537 oleum
2867 5478 3051 5548 gaudii
3095 5493 3196 5549 pro
3242 5477 3430 5537 luctu,
3475 5473 3596 5544 pal-

2012 5579 2144 5633 lium
2175 5578 2353 5634 laudis
2383 5593 2481 5648 pro
2509 5576 2708 5648 spiritu
2745 5573 3001 5628 maeroris
3027 5591 3040 5626 :
3076 5580 3132 5626 et
3161 5571 3508 5626 vocabuntur
3535 5568 3595 5623 in

2010 5687 2074 5727 ea
2109 5670 2279 5729 fortes
2303 5670 2570 5742 justitize,
2603 5667 2872 5741 plantatio
2905 5664 3124 5722 Domini
3156 5665 3225 5721 ad
3267 5661 3594 5735 gloriﬁcan-
