4100 6514
522 389 661 443 ηδε

1215 386 1481 442 EUSEBII
1521 383 1999 440 CIESARIENSIS
2036 381 2187 437 ΟΡΡ.
2228 379 2408 435 PARS
2446 379 2532 437 Ill.
2563 411 2621 423 —
2675 381 3084 438 EXEGETICA.

3622 388 3760 442 1256

515 503 647 560 dum
682 504 720 558 '.
754 522 773 555 ο
806 502 906 569 Qui
937 501 1005 558 de
1032 501 1215 557 radice
1245 501 1401 559 Jesse
1424 513 1579 557 ortus
1610 513 1693 556 est
1722 500 1883 556 Jesus
1914 500 2068 556 Chri-

2196 497 2387 550 Ἰεσσαὶ
2427 496 2704 568 προελθὼν
2751 498 2957 569 Ἰησοῦς
3009 499 3037 551 6
3070 494 3305 569 Χριστὸς
3333 496 3431 551 τοῦ
3463 497 3597 551 Θεοῦ
3622 538 3638 563 ,
3672 502 3760 570 ἐφ’

518 605 637 651 stus
678 593 805 657 Dei,
840 598 892 646 in
937 609 1101 663 quem
1148 594 1535 663 requieverunt
1576 602 1787 664 septem
1832 592 1930 650 Dei
1965 595 2080 665 spi-

515 687 688 746 ritus,
719 686 988 753 justitiam
1022 686 1115 754 qui
1148 684 1373 749 dilexit,
1420 685 1646 755 oditque
1690 685 2077 755 iniquitatem,

518 781 715 837 unctus
747 782 830 828 est
862 789 891 827 a
923 773 1032 827 Deo
1064 784 1118 828 et
1148 773 1309 829 Patre
1349 774 1470 844 ejus
1518 776 1789 844 spirituali
1833 777 2078 831 exsulta-

514 865 683 918 tionis
713 864 869 933 oleo;
909 865 1002 935 qui
1035 875 1091 919 et
1135 873 1360 934 accepto
1400 867 1678 936 quondam
1725 868 1779 921 in
1823 869 2079 924 manibus

518 956 669 1011 Isaia:
705 958 877 1019 libro,
915 966 1160 1026 tempore
1190 972 1299 1028 quo
1330 957 1507 1011 lactus
1541 967 1660 1011 erat
1691 958 1858 1012 homo
1882 999 1897 1024 ,
1932 961 2080 1014 hunc

514 1048 630 1118 ipse
679 1049 807 1119 legit
834 1049 1061 1102 citatum
1095 1050 1272 1103 meum
1318 1066 1332 1101 :
1392 1067 1411 1100 ι
1452 1048 1658 1104 Claude
1685 1051 1916 1113 librum,
1966 1052 2078 1115 ait,

513 1139 673 1196 hodie
699 1140 916 1209 impleta
944 1148 1028 1195 est
1054 1140 1166 1194 haec
1196 1138 1479 1209 Scriptura
1509 1141 1528 1170 ²
1555 1155 1569 1205 ;
1598 1159 1616 1191 ι
1637 1140 1754 1211 ipse
1780 1142 1924 1195 enim
1957 1156 2083 1196 vere

511 1240 630 1286 erat
675 1247 705 1284 a
759 1229 923 1284 Patre
965 1230 1204 1295 missus,
1254 1231 1631 1300 evangelizare
1662 1247 1888 1302 regnum
1914 1233 2081 1287 cmlo-

510 1340 630 1378 rum
659 1323 991 1394 pauperibus
1021 1323 1252 1392 spiritu,
1282 1323 1485 1392 quibus
1514 1322 1689 1377 dixit:
1717 1342 1736 1374 ‹
1767 1322 1917 1379 Beati
1945 1339 2081 1393 pau-

510 1431 669 1487 peres
721 1414 958 1485 spiritu,
1015 1414 1144 1483 quia
1196 1413 1444 1483 ipsorum
1489 1422 1573 1468 est
1626 1429 1854 1483 regnum
1906 1415 2078 1471 coelo-

512 1526 630 1563 rnm
667 1509 730 1576 ³;
773 1527 792 1559 ι
834 1515 888 1563 et
914 1525 932 1559 ‹
967 1506 1172 1562 mederi
1220 1506 1474 1563 contritis
1521 1504 1686 1561 corde
1715 1526 1732 1557 ι
1764 1506 1831 1561 de
1878 1506 2080 1577 quibus

508 1600 715 1654 dictum
745 1606 829 1655 est
864 1618 878 1654 :
910 1617 927 1649 ι
961 1597 1070 1653 Cor
1100 1599 1395 1653 contritum
1414 1606 1469 1652 et
1512 1598 1882 1663 bumiliatum,
1906 1597 2073 1664 Deus,

508 1707 618 1746 non
649 1690 920 1760 despicies
954 1690 996 1744 ⁸.
1036 1710 1054 1741 ι
1081 1688 1347 1744 Praeterea
1398 1698 1453 1745 et
1498 1690 1881 1744 annuntiatum
1930 1693 2080 1747 venit

506 1790 857 1852 peccatorum
904 1781 1280 1837 remissionem
1318 1781 1387 1836 iis
1428 1782 1520 1852 qui
1563 1782 1718 1851 prius
1763 1782 1866 1839 sub
1915 1783 2077 1853 spiri-

2182 588 2242 641 ὃν
2273 588 2651 641 ἀναπέπαυται
2684 588 2754 642 τὰ
2777 590 2916 641 ἐπτά
2944 588 3037 641 ⁴τοῦ
3066 586 3199 641 Θεοῦ
3226 588 3529 658 πνεύματα,
3558 590 3761 644 δικαιο-

2185 677 2348 747 σύνην
2382 680 2669 750 ἀγαπήσας
2700 681 2794 733 καὶ
2836 682 3068 750 μισήσας
3102 680 3361 751 ἀνομίαν,
3398 681 3619 753 ἐχρίσθη
3655 683 3760 736 ὑπὸ

2180 768 2275 821 τοῦ
2300 769 2434 823 Θεοῦ
2463 771 2555 823 καὶ
2577 770 2787 842 [ἰατρὸς
2818 771 2981 824 αὑτοῦ
3010 771 3087 840 τῷ
3110 771 3384 842 λεγομένῳ
3405 774 3758 844 πνευματικῷ

2178 860 2279 930 τῆς
2308 861 2676 928 ἀγαλλιάσεως
2704 861 2894 932 ἐλαίῳ·
2925 861 2984 924 ὃς
3006 861 3099 914 καὶ
3121 860 3298 914 λαϐὼν
3323 878 3455 916 ποτε
3481 862 3618 932 μετά
3647 867 3761 933 χεῖ-

2182 971 2284 1025 ρας
2325 955 2415 1007 τὸν
2459 955 2684 1007 Ἡσαΐαν
2721 954 2840 1007 καθ’
2876 955 2935 1007 ὃν
2974 956 3068 1008 καὶ
3108 954 3512 1027 ἐνηνθρωπήκει
3545 956 3755 1027 χρόνον,

2183 1045 2449 1113 ἀναγνούς
2481 1063 2538 1098 τε
2579 1045 2675 1117 τὴν
2708 1046 3075 1117 προκειμένην
3107 1044 3412 1117 περικοπὴν
3431 1086 3446 1112 ,
3507 1064 3526 1097 ‹
3552 1046 3757 1111 πτύξας

2179 1136 2241 1188 τὸ
2296 1136 2534 1206 βιϐλίιν,
2577 1138 2730 1208 φησι,
2774 1139 3021 1208 Σήμερον
3068 1137 3421 1208 πεπλήρωται
3475 1138 3508 1208 ἡ
3564 1136 3756 1208 Γραφὴ

2180 1225 2337 1296 αῦτη.
2369 1246 2388 1276 ι
2448 1227 2619 1291 Αὐτὸς
2657 1230 2764 1298 γάρ
2790 1224 2858 1299 ἦν
2881 1229 2956 1292 ὡς
2986 1227 3202 1299 ἀληθῶς
3234 1230 3262 1280 6
3288 1229 3395 1281 ἀπὸ
3418 1228 3512 1281 τοῦ
3544 1228 3756 1299 Πατρὸς

2178 1319 2501 1384 ἀποσταλεὶς
2553 1321 3005 1389 εὐαγγελίσασθαι
3033 1321 3132 1392 τὴν
3161 1320 3437 1391 βασιλείαν
3462 1319 3568 1373 τῶν
3593 1321 3757 1392 ούρα-

2178 1409 2284 1463 νῖλν
2302 1414 2414 1474 τοῖς
2433 1411 2510 1483 τῷ
2532 1412 2802 1483 πνεύματι
2826 1415 3080 1483 πτωχοῖς,
3107 1413 3241 1484 πρὸς
3261 1411 3355 1476 οὒς
3375 1413 3469 1466 καὶ
3486 1413 3722 1480 ἔφασκεν
3737 1429 3751 1443 ο

2185 1525 2202 1557 ι
2228 1506 2503 1575 Μακάριοι
2543 1506 2593 1556 οἱ
2643 1505 2706 1577 (f.
2734 1505 2802 1560 59
2836 1506 2921 1577 v°)
2969 1505 3175 1574 πτωχοὶ
3221 1503 3301 1575 τῷ
3332 1504 3636 1575 πνεύματι,
3673 1507 3755 1559 ὅτι

2179 1598 2355 1652 αὐτῶν
2400 1601 2546 1651 ἐστιν
2579 1599 2611 1667 ἡ
2643 1595 2888 1667 βασιλεία
2914 1594 3023 1648 τῶν
3052 1596 3293 1667 οὐρανῶν
3313 1612 3326 1625 ·
3354 1614 3373 1647 ι
3399 1596 3493 1650 καὶ
3527 1615 3546 1647 ι
3574 1596 3754 1649 ἰᾶσθαι

2178 1693 2304 1756 τοὺς
2329 1691 2427 1763 τὴν
2469 1690 2696 1762 καρδίαν
2728 1690 3248 1761 συντετριμμένους,
3272 1708 3290 1741 ι
3327 1689 3457 1761 περὶ
3498 1682 3572 1743 ὧν
3604 1688 3755 1761 εἴρη-

2179 1798 2293 1836 ται·
2341 1800 2360 1833 ι
2385 1780 2627 1852 Καρδίαν
2656 1780 3120 1852 συντετριμμένην
3159 1781 3253 1834 καὶ
3286 1781 3753 1852 τεταπεινωμένην

508 1875 673 1929 tualis
752 1873 1252 1928 Nabuchodonosor
1323 1874 1615 1944 tyrannide
1670 1875 2068 1945 premebantur.

2178 1875 2206 1926 6
2227 1873 2359 1936 Θεὸς
2390 1875 2491 1926 ούκ
2519 1871 2881 1937 ἐξουδενώσει.
2908 1892 2925 1923 ι
2976 1871 3119 1942 Πρὸς
3142 1871 3349 1935 τούτοις
3374 1873 3431 1925 δὲ
3460 1873 3552 1926 καὶ
3578 1872 3749 1944 κηρύ-

506 1959 740 2031 Ideoque
768 1960 1082 2016 confortans
1132 1961 1271 2016 dixit
1303 1963 1603 2034 paralytico
1629 1983 1641 2017 :
1673 1984 1691 2015 ι
1718 1962 1820 2018 Fili
1841 2004 1857 2029 ,
1887 1966 2077 2021 remit-

507 2060 697 2106 tuntur
737 2052 833 2106 tibi
865 2061 1088 2121 peccata
1115 2054 1158 2117 ⁵,
1193 2073 1213 2104 ι
1244 2054 1342 2108 sed
1388 2062 1445 2109 et
1488 2054 1599 2110 illis
1631 2055 1833 2125 quibus
1870 2057 2074 2114 mentis

504 2143 886 2199 oculiocclusi
914 2152 1078 2212 sunt,
1108 2145 1313 2215 quique
1364 2161 1395 2200 a
1442 2146 1826 2216 spiritualibus
1874 2148 2075 2203 alieni-

501 2233 656 2303 genis
673 2242 728 2288 et
750 2233 1063 2305 Babyloniis
1091 2236 1235 2290 sicut
1257 2235 1489 2291 Samson
1512 2244 1567 2291 et
1598 2235 1858 2293 Sedecias
1881 2239 2071 2293 caecati

503 2330 663 2390 sunt,
704 2323 885 2379 visum
924 2326 1073 2381 venit
1118 2326 1454 2382 redditurus.
1495 2325 1554 2381 in
1599 2341 1828 2381 numero
1878 2342 2072 2383 eorum

498 2418 596 2488 qui
626 2418 802 2473 curati
830 2428 960 2474 sunt
987 2420 1057 2475 ab
1085 2435 1152 2476 eo
1178 2414 1542 2490 corporaliter
1570 2422 1696 2477 caeci
1726 2430 1921 2487 erant,
1950 2422 2070 2493 qui-

501 2513 605 2565 bus
634 2510 812 2565 visum
860 2510 1138 2576 restituit,
1182 2518 1469 2582 postquam
1503 2513 1560 2567 in
1593 2528 1653 2569 se
1682 2514 2068 2578 crediderunt,

502 2608 557 2654 et
585 2615 717 2655 voce
756 2615 953 2672 magna
1001 2603 1355 2658 clamabant:
1388 2621 1407 2655 ι
1442 2603 1701 2662 Miserere
1746 2606 1948 2674 nobis,
1994 2608 2069 2662 lili

499 2690 671 2746 David
699 2693 740 2747 ⁸.
775 2712 792 2744 ι
820 2692 921 2748 Hic
947 2705 1034 2749 est
1060 2694 1208 2750 enim
1237 2697 1330 2767 qui
1357 2698 1573 2755 vocavit
1598 2717 1620 2751 ‹
1649 2714 1853 2754 annum
1881 2700 2071 2771 placa-

498 2783 660 2839 bilem
699 2783 980 2851 Domini,»
1021 2802 1182 2857 quem
1201 2789 1529 2845 annuntiare
1575 2792 1780 2862 coepit,
1822 2792 2071 2862 conjecto

498 2875 555 2928 in
584 2891 862 2932 carcerem
908 2876 1152 2947 Joanne;
1185 2880 1279 2951 qui
1309 2889 1366 2936 et
1401 2881 1625 2937 edocuit
1668 2899 1897 2955 regnum
1929 2882 2069 2953 Dei,

488 2965 871 3037 iudiciumque
912 2975 1197 3035 nostrum,
1233 2972 1288 3026 in
1320 2987 1430 3042 quo
1468 2974 1730 3029 reddetur
1771 2974 2070 3045 unicuique

493 3075 560 3114 ex
609 3060 792 3116 verbis
841 3070 896 3115 et
947 3061 1227 3130 aperibus.
1279 3062 1512 3135 Insuper
1559 3067 1707 3121 venit
1755 3067 1824 3122 ad
1865 3082 2069 3126 conso~

495 3150 690 3206 landos
715 3166 907 3207 omnes
936 3152 1085 3207 luctu
1120 3168 1304 3208 coram
1345 3154 1459 3211 Deo
1501 3166 1728 3228 accepto
1772 3161 2061 3231 lugentes;

2177 1962 2263 2027 ξαι
2288 1963 2477 2032 ἄφεσιν
2505 1962 2785 2033 ἁμαρτιῶν
2809 1961 3033 2033 ἐλήλυθε
3060 1964 3172 2025 τοῖς
3200 1961 3303 2014 ὑπὸ
3331 1960 3439 2013 τῶν
3469 1959 3604 2031 (τοῦ)
3630 1978 3752 2032 νοη-

2173 2053 2281 2108 τῶν
2316 2054 2454 2126 (τοῦ)
2492 2053 2959 2125 Ναϐουχοδονόσορ
3000 2050 3364 2124 αἰχμαλώτοις
3400 2052 3590 2122 ἄφεσιν
3624 2052 3749 2125 (sic)

2175 2146 2342 2200 πάλαι
2373 2146 2757 2216 γεγενημένος
2780 2162 2794 2177 ·
2831 2145 2911 2197 διὸ
2937 2146 3031 2198 καὶ
3061 2144 3276 2216 θαρρῶν
3298 2144 3450 2214 ἔλεγε
3475 2146 3551 2217 τῷ
3573 2163 3751 2218 παρα.-

2172 2234 2403 2305 λυτικῴ·
2422 2300 2427 2303 τ
2447 2254 2466 2285 ι
2495 2235 2718 2298 Τέκνον,
2751 2233 3024 2303 ἀφεωνταί
3052 2249 3132 2286 σοι
3160 2235 3215 2286 αἱ
3236 2233 3501 2305 ἁμαρτίαι
3523 2252 3536 2264 ⁸
3565 2255 3583 2287 ›
3617 2235 3752 2290 ἀλλὰ

2173 2325 2265 2377 καὶ
2313 2327 2423 2388 τοῖς
2453 2325 2551 2395 τῆς
2581 2324 2816 2388 διανοίας
2853 2323 3163 2396 ὀφθαλμοὺς
3192 2324 3619 2396 βεϐλαμμένοις,
3656 2327 3751 2381 καὶ

2172 2416 2275 2468 ὑπὸ
2312 2416 2420 2469 τῶν
2465 2416 2669 2487 νοητῶν
2693 2415 3002 2485 ἀλλοφύλων
3036 2418 3129 2470 καὶ
3156 2416 3509 2471 Βαϐυλωνίων
3550 2419 3751 2489 ὁμοίως

2170 2507 2247 2578 τῷ
2273 2506 2508 2578 Σαμψὼν
2542 2508 2637 2561 καὶ
2668 2507 2746 2578 τῷ
2773 2507 2996 2579 Σεδεκία
3025 2508 3444 2577 ἐκτυφλωθεῖσιν
3464 2549 3478 2573 ,
3518 2510 3748 2564 ἀνάϐλε-

2170 2599 2261 2670 ψιν
2301 2597 2525 2670 ἐλήλυθε
2557 2598 2838 2670 παρέξωνο
2888 2600 2946 2653 ἐν
2990 2599 3146 2670 μέρει
3199 2599 3258 2653 δὲ
3307 2599 3414 2654 τῶν
3457 2602 3548 2654 ὑπ’
3584 2602 3747 2655 αὐτοῦ

2172 2690 2622 2762 θεραπευομένων
2673 2687 2812 2762 ἦσαν
2840 2693 2932 2744 καὶ
2962 2694 3011 2744 οἱ
3052 2692 3353 2763 σωματικοὶ
3385 2692 3607 2762 τυφλοὶ,
3655 2692 3749 2756 οὓς

2169 2781 2464 2852 ἀναϐλέψαι
2494 2782 2763 2854 πεποίηκε
2792 2783 3186 2840 πιστεύσαντας
3209 2787 3288 2848 εἰς
3311 2786 3495 2851 αὑτὸν,
3523 2788 3617 2840 καὶ
3651 2806 3743 2859 με·
3790 2846 3801 2858 ι

2167 2874 2237 2927 τά
2268 2872 2414 2944 ’βοῆς
2464 2875 2779 2946 εἰρηκότας·
2842 2893 2861 2927 ι
2898 2876 3148 2948 Ἐλέησον
3176 2878 3357 2948 ἡμᾶς,
3392 2878 3473 2931 υἱὲ
3500 2880 3662 2933 Δαυῖδ
3682 2897 3695 2911 ο
3722 2900 3742 2932 ι

2167 2959 2321 3030 οὗτος
2361 2966 2420 3021 δέ
2457 2968 2602 3020 ἐστιν
2634 2970 2662 3021 6
2695 2966 2941 3033 καλέσας’
2977 2987 2996 3020 ι
3022 2968 3114 3024 τὸν
3160 2969 3346 3023 δεκτὸν
3376 2972 3623 3025 ἐνιαυτὸν
3653 2973 3747 3027 τοῦ

2166 3057 2372 3131 Κυρίου
2398 3100 2412 3125 ,
2439 3078 2459 3110 ι
2511 3058 2571 3114 ὃν
2609 3059 2842 3132 ἐκήρυξε
2872 3061 3010 3133 μετά
3046 3062 3144 3135 τὴν
3182 3065 3259 3127 εἰς
3289 3064 3351 3118 τὸ
3377 3046 3746 3139 δεσμωτήριον

2168 3150 2261 3204 τοῦ
2303 3150 2550 3205 Ἰωάννου
2593 3152 2871 3223 κάθειρξιν
2891 3195 2907 3220 ,
2960 3156 3054 3208 καὶ
3086 3155 3114 3206 6
3145 3156 3361 3222 διδάξας
3388 3157 3456 3212 τὰ
3489 3161 3618 3231 περὶ
3647 3160 3748 3231 τῆς

495 3255 636 3311 quos
668 3248 723 3295 et
749 3241 939 3297 beatos
985 3243 1282 3315 praedicat,
1330 3245 1520 3304 dicens
1546 3267 1560 3303 :
1591 3267 1610 3300 ι
1635 3205 1793 3305 IBeati
1833 3205 1930 3322 lqui
1974 3205 2063 3307 lu:

2175 3241 2449 3312 βασιλείας
2470 3240 2564 3296 τοῦ
2599 3205 2734 3297 Θεοῦ
2758 3205 2775 3308 |,

496 3339 626 3402 gent
645 3372 661 3397 ,
691 3334 946 3403 quoniam
975 3335 1080 3405 ipsi
1113 3337 1546 3394 consolabuntur
1570 3342 1613 3394 ⁷.
1647 3361 1667 3394 ι
1697 3340 1861 3398 Venit
1893 3344 2061 3398 etiam

497 3430 559 3479 ut
600 3423 754 3480 daret
781 3444 801 3478 ι
831 3426 1142 3496 lugentibus
1189 3426 1321 3484 Sion
1361 3431 1611 3500 gloriam.
1642 3451 1662 3486 ι
1687 3432 1920 3500 Quinam
1964 3450 2062 3489 au~

494 3521 605 3569 tem
633 3522 822 3571 essent
850 3516 961 3582 illi,
996 3517 1104 3573 nisi
1138 3520 1234 3589 qui
1265 3518 1516 3590 ipsorum
1546 3525 1781 3593 patriam
1812 3540 2062 3596 quaeren-

491 3614 595 3670 tes,
620 3607 967 3679 celestisque
987 3609 1224 3667 civitatis
1248 3612 1302 3666 in
1327 3614 1721 3684 sempiternum
1742 3618 2060 3672 memoriam

490 3699 848 3755 revocantes?
897 3700 1087 3766 Qualis
1133 3710 1251 3758 erat
1298 3705 1423 3770 ille,
1472 3705 1589 3776 qui,
1638 3708 1903 3777 praescius
1950 3725 2062 3766 suae

491 3791 635 3861 apud
667 3792 919 3851 homines
951 3799 1435 3865 commorationis,
1466 3800 1809 3856 exclamabat
1835 3821 1849 3856 :
1887 3821 1905 3854 ‹
1943 3802 2058 3859 Heu

487 3882 660 3947 mihi,
698 3884 828 3954 quia
869 3886 1142 3945 incolatus
1173 3905 1328 3945 meus
1370 3892 1722 3962 prolongatus
1748 3900 1835 3959 est
1862 3893 1923 3947 ‘l
1956 3914 1977 3948 ι
2006 3902 2060 3951 et

490 3978 544 4032 lii
591 3994 851 4048 quoque,
892 3981 987 4050 qui
1039 3996 1205 4052 super
1233 3982 1460 4039 ﬂumina
1506 3984 1805 4057 Babylonis
1857 3986 2059 4044 ﬂebant

486 4084 614 4126 cum
661 4073 1084 4129 recordarentur
1112 4073 1245 4130 Sion
1274 4076 1321 4129 ’.
1357 4075 1450 4131 His
1481 4077 1627 4133 enim
1652 4078 1907 4136 Christus
1955 4080 2053 4137 Dei

486 4163 860 4219 consolatione
887 4163 1114 4235 fungens
1140 4181 1306 4237 quam
1332 4167 1644 4237 lugentibus
1687 4169 2054 4241 promiserat,

486 4252 635 4306 luctu
657 4254 938 4309 exsolutos
962 4255 1314 4325 gloriﬁcabit.
1342 4263 1396 4312 et
1419 4272 1515 4328 pro
1537 4257 1720 4314 cinere
1742 4274 1852 4330 quo
1877 4258 2057 4330 sparsi

486 4355 643 4400 erant
672 4346 728 4400 in
760 4346 863 4401 hac
898 4347 1009 4401 vita
1050 4347 1297 4417 lugentes
1317 4388 1332 4412 ,
1369 4348 1567 4404 laetitiae
1598 4350 1779 4405 oleum
1824 4360 2054 4422 praesta-

486 4436 603 4500 bit,
662 4452 870 4507 angens
913 4446 969 4494 et
1019 4453 1114 4494 eos
1162 4440 1544 4498 exsultationis
1598 4442 1758 4508 oleo,
1813 4454 1876 4498 ut
1923 4443 2055 4498 [iant

2172 3348 2309 3395 σεως
2332 3371 2346 3395 ,
2377 3334 2434 3385 ἐν
2520 3334 2734 3406 ἑκάστῳ
2774 3334 2880 3388 τῶν
2929 3338 3330 3409 πεπραγμένων
3360 3341 3393 3412 ή
3442 3343 3563 3394 κατ’
3590 3342 3747 3409 ἀξίαν

2169 3424 2557 3497 ἀποδοθήσεται
2585 3426 2729 3498 δίκη.
2764 3427 2909 3500 Πρὸς
2932 3427 3138 3493 τούτοις
3171 3429 3215 3483 δ’
3237 3430 3459 3502 ἐλήλυθε
3497 3451 3749 3505 παρακα-

2168 3513 2320 3567 λέσαι
2359 3515 2483 3579 τοὺς
2526 3516 2855 3581 πενθοῦντας
2877 3519 2938 3571 τὸ
2966 3519 3107 3574 κατὰ
3143 3522 3273 3575 Θεὸν
3302 3525 3585 3583 ἐπαινετὸν,
3614 3527 3747 3580 πέν-

2170 3608 2292 3671 θος⁸
2346 3602 2426 3673 οἷς
2458 3609 2551 3663 καὶ
2597 3612 2944 3682 μακαρισμὸν
2976 3613 3310 3684 ἐπήγγελται
3334 3613 3533 3668 εἰπών’
3579 3636 3597 3668 ι
3624 3619 3747 3672 Μα-

2168 3698 2346 3769 κάριοι
2379 3700 2427 3751 οἰ
2473 3698 2795 3763 πενθοῦντες
2816 3739 2831 3760 ,
2866 3701 2947 3754 ὅτι
2976 3701 3130 3755 αὑτοί
3164 3703 3692 3776 παρακληθήσονται.
3721 3727 3741 3760 ι

2166 3788 2337 3843 *Ηλθε
2386 3790 2443 3843 δέ
2486 3792 2578 3846 ἐπὶ
2623 3792 2831 3856 τούτοις
2860 3794 2952 3847 καὶ
2998 3794 3138 3866 ὑπὲρ
3187 3796 3281 3848 τοῦ
3314 3796 3527 3869 δοθῆναι
3587 3818 3605 3851 t
3633 3804 3747 3866 τοῖς

2168 3881 2422 3935 πενθοῦσι
2463 3882 2599 3936 Σιὼν
2635 3883 2811 3952 δόξαν.
2840 3904 2859 3937 ›
2897 3886 3053 3950 Τίνες
3089 3886 3132 3938 δ’
3163 3886 3230 3941 ἂν
3254 3884 3360 3942 εἷεν
3382 3891 3474 3944 καὶ
3505 3885 3680 3957 οῦτοι,
3709 3893 3746 3966 ἢ

2165 3974 2214 4025 οἰ
2242 3972 2338 4044 τὴν
2362 3973 2570 4029 ἑαυτῶν
2594 3975 2827 4047 πατρίδα
2849 3975 3156 4047 ζητοῦντες,
3186 3979 3280 4032 καὶ
3302 3980 3400 4051 τῆς
3420 3982 3746 4052 ἐπουρανίου

2166 4063 2372 4128 πόλεως
2420 4066 2593 4119 εἰσαεὶ
2623 4067 2721 4138 τὴν
2753 4070 2971 4140 μνήμην
2998 4067 3509 4142 ἀναζωπυροῦντες;
3545 4068 3655 4139 οἷος
3675 4069 3747 4146 ἦν

2165 4157 2371 4221 ἐκεῖνος
2391 4201 2404 4224 ,
2436 4158 2494 4223 ὃς
2542 4159 2801 4230 πάροικον
2841 4161 2936 4215 καὶ
2964 4162 3342 4234 παρεπίδημον
3386 4164 3480 4218 ἐπὶ
3506 4166 3607 4236 τῆς
3637 4166 3745 4237 γῆς

2164 4251 2354 4304 ἐαυτὸν
2381 4252 2759 4324 ἐπιστάμενος,
2791 4254 2955 4307 καὶτὸ
2974 4275 2993 4306 ι
3017 4257 3196 4328 Οἵμοι,
3222 4277 3239 4310 ι
3257 4258 3591 4329 ἀνοιμώζων,
3615 4280 3632 4311 ι
3660 4262 3744 4316 ὅτι

2162 4346 2196 4413 ἡ
2233 4345 2492 4415 παροικία
2521 4364 2622 4416 μου
2650 4347 2965 4419 ἐμακρύνθη
2987 4366 3000 4378 ·
3028 4367 3047 4400 ι
3086 4332 3168 4402 ἔτι
3196 4367 3256 4403 τε
3293 4353 3339 4404 οἱ
3384 4353 3474 4405 ἐπὶ
3502 4354 3609 4408 τὼν
3643 4370 3743 4408 πο-

2162 4436 2351 4507 ταμῶν
2372 4438 2688 4504 Βαόυλῶνος
2713 4440 2989 4504 κλαίοντες
3020 4443 3080 4494 ἐν
3105 4441 3182 4512 τῷ
3213 4443 3512 4516 μνησθῆναι
3542 4446 3742 4511 αὐτοὺς

486 4527 803 4585 chrismatis
829 4539 884 4584 et
913 4532 1062 4600 regni
1094 4533 1178 4586 sui
1209 4534 1503 4604 participes
1524 4575 1539 4599 ,
1567 4533 1728 4604 juxta
1759 4534 1874 4590 haec
1901 4533 2050 4606 Apo-

2171 4528 2261 4599 τῆς
2282 4528 2445 4582 Σιών’
2472 4529 2681 4594 τούτοις
2718 4530 2826 4601 γάρ
2870 4525 2962 4584 οῦν
2989 4533 3017 4584 6
3051 4529 3284 4603 Χριστὸς
3310 4534 3402 4587 τοῦ
3434 4535 3567 4589 Θεοῦ
3597 4537 3739 4611 πλη-

484 4622 613 4676 stoli
655 4621 822 4676 verba
865 4639 879 4674 :
913 4639 932 4672 ι
962 4620 1264 4692 Participes
1302 4624 1447 4678 enim
1489 4624 1696 4680 Christi
1739 4625 1918 4682 ellecti
1961 4642 2058 4683 su-

484 4727 609 4768 mus
638 4711 701 4768 ‘°.
735 4732 755 4765 ι
786 4710 1053 4770 Praeterea
1088 4713 1398 4785 lugentibus
1426 4712 1554 4770 Sion
1586 4715 1738 4770 dabit
1763 4716 2018 4773 Christus
2039 4758 2053 4781 ,

480 4805 637 4873 juxta
658 4805 997 4876 prophetiam
1016 4844 1031 4869 ,
1073 4823 1092 4856 ι
1116 4805 1339 4875 pallium
1366 4805 1543 4861 laudis
1568 4818 1668 4877 pro
1688 4807 1884 4877 spiritu
1922 4822 2061 4862 moe-

485 4898 665 4961 roris,
698 4917 715 4949 ι
743 4897 790 4953 si
830 4912 919 4953 res
959 4896 1083 4952 vita:
1125 4897 1495 4967 neglexerint,
1550 4897 1832 4952 hominum
1875 4898 2061 4968 operi-

2164 4622 2294 4693 ρῶν,
2322 4620 2387 4690 ἣν
2435 4623 2548 4683 τοῖς
2596 4620 2851 4673 πενθοῦσι
2884 4621 3149 4693 ὑπέσχετο
3178 4625 3550 4698 παράκλησιν,
3584 4627 3741 4696 δόξαν

2164 4710 2431 4764 ἀποδώσει
2459 4709 2814 4781 ἀπαλλαγεῖσι
2842 4712 2935 4766 τοῦ
2960 4712 3206 4778 πένθους,
3233 4715 3326 4768 καὶ
3348 4716 3465 4769 ἀντὶ
3487 4718 3584 4788 τῆς
3607 4733 3741 4773 σπο-

2157 4801 2249 4855 δοῦ
2268 4798 2334 4871 ἦς
2356 4802 2665 4857 ἐκονίσαντο
2685 4803 2825 4857 κατά
2843 4805 2935 4859 τὸν
2956 4805 3186 4860 ἐνταῦθα
3210 4805 3324 4876 βίον
3346 4807 3734 4880 πενθησαντες,

2156 4892 2395 4965 ἄλειμμα
2415 4896 2748 4968 εὐφροσύνης
2767 4897 3013 4970 παρέξει,
3036 4900 3203 4970 χρίων
3233 4900 3324 4954 καὶ
3348 4901 3544 4965 αὐτοὺς
3569 4903 3739 4976 ἐλαίῳ

486 4988 592 5042 bus
618 4985 923 5057 despectis;
957 4994 1010 5041 et
1045 4987 1133 5042 hic
1161 4988 1394 5043 maxime
1428 4988 1709 5059 lugentes,
1741 5004 1853 5044 non
1889 4989 2054 5044 modo

2171 4986 2542 5055 Ξιγαλλιάσεως,
2568 4988 2653 5042 ἵνα
2672 4989 2935 5057 γένωνται
2956 4991 3055 5061 τῆς
3080 4990 3243 5045 αὐτοῦ
3269 4992 3482 5063 μέτοχοι
3504 4994 3740 5066 κρίσεώς

482 5080 740 5150 quoniam
770 5081 961 5151 procul
982 5079 1100 5153 \Dei
1140 5081 1409 5150 promissa
1447 5081 1728 5146 viderent,
1760 5080 1854 5136 sed
1895 5087 1949 5135 et
1986 5096 2053 5137 eo

2171 5094 2211 5130 τε
2243 5080 2336 5132 καὶ
2366 5079 2662 5149 βασιλείας,
2697 5081 2835 5135 ὥστε
2870 5083 2963 5135 καὶ
3001 5083 3196 5147 αὐτοὺς
3223 5086 3395 5139 εἰπεῖν
3418 5102 3430 5114 ·
3470 5086 3738 5157 «Μέτοχοι

483 5174 627 5242 quod
647 5212 662 5238 ,
695 5184 912 5244 propter
944 5173 1336 5228 humanitatem
1369 5180 1424 5227 et
1454 5173 1849 5244 benignitatem
1892 5188 2047 5229 suam

2171 5167 2259 5239 πὰρ
2286 5168 2379 5221 τοῦ
2410 5171 2646 5241 Χριστοῦ
2675 5171 2997 5243 γεγόναμεν.
3031 5191 3049 5223 ι
3084 5174 3203 5226 Ἔτι
3238 5172 3376 5244 πρὸς
3396 5172 3605 5239 τούτοις
3634 5174 3737 5228 δὼ-

482 5281 673 5320 eorum
716 5265 954 5320 miseriis
983 5273 1037 5319 et
1065 5264 1345 5319 doloribus
1377 5271 1820 5334 compaterentur
1851 5274 1906 5319 et
1944 5266 2051 5319 hoc

2171 5276 2264 5312 rstv
2287 5260 2315 5310 6
2336 5261 2570 5331 Χριστὸς
2593 5265 2705 5328 τοῖς
2731 5263 2983 5316 πενθοῦσι
3009 5262 3146 5317 Σιὼν
3170 5264 3567 5336 προφητεύεται
3597 5287 3615 5319 ι
3637 5287 3734 5320 κα-

483 5357 661 5411 solum
706 5356 1004 5426 apostolica
1052 5372 1185 5410 voce
1231 5356 1602 5410 exclamantes
1633 5375 1647 5407 :
1680 5373 1699 5404 ι
1730 5355 1866 5420 Quis
1898 5355 2055 5410 inlir-

2171 5350 2413 5422 ταστολὴν
2447 5351 2636 5423 δόξης,
2670 5354 2792 5408 ἀντὶ
2834 5353 2926 5407 τοῦ
2960 5354 3265 5425 πνεύματος
3292 5357 3391 5423 τῆς
3419 5357 3678 5429 ἀκηδὶας,
3708 5379 3724 5410 ι

474 5456 666 5502 .matur
694 5458 746 5502 et
778 5463 877 5517 ego
906 5462 1012 5502 non
1051 5447 1295 5503 inlirmor
1319 5488 1333 5511 ,
1368 5448 1491 5518 quis
1524 5446 1962 5511 scandalizatur,
2000 5454 2057 5502 et

2171 5444 2245 5497 ιπὶ
2276 5443 2366 5518 (εὶ)
2400 5448 2511 5510 τοῖς
2542 5445 2635 5500 τοῦ
2669 5447 2782 5519 βίου
2815 5447 3131 5520 πράγμασιν
3168 5448 3470 5519 ὴκηδίασαν
3491 5490 3505 5515 ,
3541 5450 3730 5520 ὥσπερ

482 5553 586 5606 ego
612 5554 718 5593 non
750 5556 878 5595 uror
910 5541 948 5570 “
975 5539 998 5591 ’ἓ
1024 5558 1043 5591 ι

2171 5538 2637 5609 ῑυσαρεστούμενοι
2681 5543 2802 5603 ταῖς
2843 5537 2953 5591 τῶν
2984 5536 3284 5610 ἀνθρώπων
3324 5541 3585 5612 πράξων
3633 5544 3729 5596 καὶ

1620 5691 1870 5766 {Mani}.
1900 5708 1953 5756 v,
1986 5694 2042 5748 3.
2075 5761 2088 5766 _
2120 5692 2144 5725 "
2181 5692 2327 5766 Psal.
2360 5712 2391 5751 ι
2413 5737 2427 5754 .
2470 5698 2556 5751 l7.
2631 5696 2653 5731 ⁸
2697 5697 2887 5755 Matth.
2926 5719 3014 5763 ix.
3044 5703 3099 5761 2.
3176 5704 3198 5735 ‘
3236 5702 3424 5760 Matth.
3457 5716 3565 5766 xx,
3598 5700 3690 5757 51.

1565 5766 1585 5798 ⁸
1625 5763 1765 5820 Psal.
1801 5779 2033 5827 cxxxvt,
2070 5761 2119 5815 ί.
2200 5765 2244 5797 ¹⁶
2288 5764 2447 5823 Hebr.
2488 5784 2583 5836 ιιι,
2624 5772 2707 5828 14.
2785 5773 2827 5803 ¹¹
2870 5773 2913 5827 ιι
2945 5761 3072 5829 Cor.
3108 5790 3200 5841 xt,
3237 5776 3324 5832 ‘29.

562 5688 577 5717 ¹
619 5687 720 5744 lsa.
754 5706 842 5746 ωιι
866 5730 879 5747 .
917 5692 1027 5748 1-5.
1100 5694 1122 5724 ’
1161 5691 1293 5746 Luc.
1329 5708 1404 5756 iv,
1432 5690 1524 5750 2|.

468 5757 509 5838 "
548 5756 737 5814 Matth.
771 5778 823 5824 v,
855 5762 910 5817 4.
982 5765 1005 5794 ⁸
1041 5760 1186 5816 Psal.
1217 5777 1378 5829 cxnx,
1410 5762 1461 5817 5.
