4100 6436
407 413 540 468 1257

1427 397 1718 463 ECLOGA:
1755 401 2238 464 PROPHETICIE.
2277 440 2340 449 -
2385 399 2510 464 LIB.
2553 398 2644 464 ιν.

3523 410 3662 462 1258

403 526 572 597 ταύτῃ
603 525 834 596 μάλιστα
864 523 1203 588 πενθοῦντες,
1231 523 1290 574 οὐ
1320 523 1474 591 μόνον
1495 520 1582 573 διὰ
1611 521 1670 573 τὸ
1701 521 1977 591 πόρρωθεν
2026 522 2250 592 θεωρεῖν
2279 519 2381 583 τὰς
2411 519 2502 573 τοῦ
2558 517 2692 570 Θεοῦ
2731 517 3063 586 ἐπαγγελίας
3087 557 3100 577 ,
3142 517 3278 570 ἀλλά
3331 519 3425 572 καὶ
3461 520 3549 574 διὰ
3599 523 3660 575 τὸ

404 624 686 694 συμπαθὲς
710 622 803 676 καὶ
833 621 1210 691 φιλάνθρωπον
1240 619 1643 689 συμπάσχοντες
1671 619 1764 670 καὶ
1795 617 2185 686 συναλγοῦντες
2199 620 2316 680 τοῖς
2357 614 2674 668 ἀσθενοῦσιν
2736 614 2939 669 ἐαυτῶν
2977 614 3182 683 μέλεσι,
3237 615 3329 670 καὶ
3378 619 3662 689 μονονουχὶ

404 717 632 786 βοῶντες
669 721 730 788 τῇ
760 717 852 770 τοῦ
888 716 1209 770 Ἀποστόλου
1242 715 1491 776 διαθέσει,
1513 713 1621 784 τῷ,
1659 733 1677 766 ι
1703 713 1796 775 Τίς
1818 713 2050 778 ἀσθενεῖ,
2083 714 2178 767 καὶ
2205 715 2304 766 οὐκ
2335 712 2572 775 ἀσθενῶς
2623 711 2706 773 τίς
2769 709 3176 773 σκανδαλίζεται
3253 712 3346 764 καὶ
3397 713 3498 766 οὐκ
3551 712 3663 782 ἐγὼ

405 809 713 879 πυροῦμαις
745 829 762 858 ι

915 903 1308 956 ΚΕΦΑΛΑΙΟΝ
1344 903 1464 958 AB’.

481 1011 498 1040 ι
523 989 891 1059 ἈγαΑιιιάσθω
925 994 957 1061 ἠ
989 991 1131 1062 ψυχή
1165 1010 1264 1063 μου
1295 992 1385 1045 ἐπὶ
1412 991 1490 1062 τῷ
1512 992 1700 1061 Κυρίῳ
1718 1009 1744 1021 υ
1768 990 1982 1043 ἐνέδυσε

404 1083 512 1153 γάρ
565 1101 632 1153 με
681 1083 893 1152 ἱμάτιον
935 1083 1222 1154 σωτηρίου,
1255 1085 1347 1136 καὶ
1380 1083 1578 1153 χιτῶνα
1611 1083 1979 1153 εὐφροσύνηςο

404 1175 697 1247 περιέθηκέ
751 1193 840 1245 μοι
882 1176 956 1238 ὡς
989 1177 1206 1246 νυμφίῳ
1241 1176 1458 1247 μίτραν,
1499 1176 1592 1228 καὶ
1639 1175 1714 1238 ὡς
1765 1174 1982 1246 νύμφην

404 1267 783 1335 κατεκόσμησέ
810 1284 875 1336 με
907 1267 1111 1337 κόσμῳ.
1137 1262 1248 1320 Καὶ
1277 1268 1353 1330 ὼς
1379 1267 1481 1338 γῆν
1507 1265 1772 1330 αὔξουσαν
1805 1265 1865 1318 τὸ
1885 1268 1980 1320 ἄν·

404 1357 493 1420 θος
524 1359 713 1428 αὐτῆς,
746 1357 838 1409 καὶ
864 1357 938 1420 ὡς
965 1359 1138 1428 κῆπος
1171 1358 1240 1410 τά
1266 1359 1552 1430 σπέρματα
1575 1359 1738 1412 αὑτοῦ
1769 1359 1982 1412 ἀνατέλο

403 1445 503 1513 λει,
534 1447 706 1510 οὓτως
737 1447 979 1501 ἀνατελεῖ
1008 1449 1207 1519 Κύριος
1252 1449 1452 1520 Κύριος
1498 1451 1859 1522 δικαιοσύνην,
1889 1453 1981 1504 καὶ

403 1538 718 1610 ἀγαλλίαμα
750 1541 986 1594 ἐναντίον
1021 1542 1234 1594 πάντων
1263 1543 1370 1594 τῶν
1399 1541 1587 1594 ἐθνῶν.
1621 1563 1638 1592 ι
1660 1544 1722 1594 Ἠ
1753 1543 1847 1595 τοῦ
1873 1545 1982 1594 Κυ-

404 1631 522 1701 ρίου
557 1631 712 1701 ὴμῶν
748 1632 923 1702 Ἰησοῦ
969 1634 1202 1703 Χριστοῦ
1244 1635 1409 1706 ψυχὴ,
1446 1637 1572 1706 περὶ
1598 1631 1665 1706 ἧς
1698 1637 1847 1704 ἔλεγε
1880 1637 1939 1689 τό
1962 1653 1976 1666 ·

408 1741 426 1774 ε
458 1723 764 1794 Περίλυπός
788 1725 934 1778 ἐστιν
963 1726 1160 1797 ἡψυχὴ
1189 1745 1312 1798 μου,
1339 1747 1356 1777 ι
1391 1729 1484 1782 καὶ
1519 1730 1606 1781 τό·
1646 1749 1663 1779 ι
1695 1729 1807 1782 Νῦν
1833 1733 1865 1800 ἡ
1888 1730 1981 1798 de.

402 1816 469 1886 χή
501 1833 601 1886 μου
635 1815 985 1887 τετάρακται,
1012 1837 1030 1869 ι
1069 1820 1154 1870 ἐπ’
1192 1819 1367 1871 οὐδενὶ
1398 1820 1505 1872 τῶν
1545 1821 1785 1892 γενητῶν
1813 1822 1980 1889 ἀγαλ-

402 1903 492 1974 λιᾷ
521 1904 615 1956 καὶ
637 1906 1003 1976 εὐφραίνεται,
1034 1907 1065 1978 ἢ
1095 1908 1186 1960 ἐπὶ
1220 1909 1365 1978 μόνῳ
1407 1909 1484 1979 τῷ
1527 1911 1700 1980 ΙΙατρ“ι
1734 1911 1826 1962 καὶ
1873 1913 1982 1962 Ku—

405 1994 504 2064 ρίῳ
523 2010 535 2024 ⁸
571 1995 781 2047 ἐνέδυσε
811 1996 915 2067 γάρ
957 2014 1037 2048 τοι
1085 1997 1246 2049 αὑτὸν
1273 1996 1334 2048 τὸ
1353 1997 1452 2067 τῆς
1477 1998 1724 2069 θεότητος
1748 1999 1978 2069 ἱμάτιον,

402 2086 496 2137 καὶ
523 2086 612 2138 τὸν
641 2087 737 2156 τῆς
770 2087 1001 2158 ἀληθοῦς
1027 2089 1117 2140 καὶ
1150 2088 1360 2151 τελείας
1393 2087 1730 2160 εὐφροσύνης
1759 2090 1976 2160 χιτῶνα*

400 2174 539 2228 ἀλλὰ
576 2177 670 2229 καὶ
709 2178 740 2247 ἠ
775 2178 843 2247 (ὁ)
882 2178 982 2247 μὲν
1014 2179 1244 2249 νυμφίος
1278 2179 1487 2250 ὑπῆρχε
1518 2180 1613 2249 τῆς
1649 2180 1721 2250 μὴ
1751 2180 1981 2252 ἐχούσης

2010 909 2057 962 Α

2629 895 2858 950 CAPUT
2898 894 3116 952 XXXII.

2160 1008 2178 1038 ι
2215 988 2458 1045 Gaudeat
2483 991 2661 1044 anima
2685 1001 2804 1043 mea
2829 990 2884 1042 in
2919 989 3147 1044 Domino
3174 1009 3187 1044 :
3217 990 3343 1060 quia
3369 990 3546 1046 induit
3570 1009 3656 1050 me

2084 1080 2423 1134 vestimentis
2465 1081 2658 1135 salutis
2685 1100 2696 1133 :
2727 1087 2783 1134 et
2812 1079 3130 1134 indumento
3164 1064 3395 1150 justitiie
3419 1083 3656 1138 circum-

2084 1169 2234 1226 dedit
2258 1186 2362 1233 me,
2387 1171 2544 1240 quasi
2559 1185 2818 1240 sponsum
2837 1170 3151 1225 decoratum
3168 1186 3391 1236 corona,
3417 1182 3470 1227 et
3496 1177 3652 1242 quasi

2085 1277 2340 1333 sponsam
2369 1270 2619 1317 ornatam
2655 1263 2948 1316 monilibus
2981 1264 3116 1318 suis.
3149 1262 3302 1317 Sicut
3321 1263 3468 1319 enim
3506 1272 3653 1320 terra

2083 1351 2292 1424 profert
2320 1367 2541 1422 germen
2575 1366 2734 1407 suum
2753 1389 2768 1414 ,
2801 1360 2852 1406 et
2881 1346 3023 1406 sicut
3057 1351 3250 1406 hortus
3277 1367 3463 1407 semen
3493 1367 3654 1408 suum

2083 1445 2388 1515 germinat,
2417 1444 2498 1498 sic
2530 1443 2795 1498 Dominus
2825 1443 2966 1498 Deus
2998 1445 3320 1514 germinabit
3342 1445 3612 1515 justitiam
3635 1483 3652 1510 ,

2082 1545 2138 1591 et
2185 1535 2400 1589 laudem
2456 1549 2643 1590 coram
2695 1535 2970 1589 universis
3021 1537 3272 1604 gentibus
3315 1540 3354 1590 ⁸.
3388 1557 3406 1589 ι
3437 1537 3650 1590 Domini

2084 1629 2258 1685 nostri
2276 1626 2407 1682 Jesu
2425 1626 2630 1682 Christi
2675 1629 2888 1689 anima,
2945 1627 3010 1681 de
3055 1643 3162 1697 qua
3207 1628 3380 1682 dixit:
3411 1646 3428 1678 ‹
3459 1627 3652 1684 Tristis

2083 1727 2167 1775 est
2212 1721 2392 1775 anima
2437 1735 2556 1774 mea
2594 1723 2640 1784 ²,
2675 1738 2694 1770 ι
2727 1728 2818 1774 et:
2853 1738 2870 1770 ι
2903 1718 3059 1774 Nunc
3082 1720 3262 1774 anima
3300 1734 3417 1775 mea
3436 1719 3653 1774 turbata

2082 1819 2167 1865 est
2205 1811 2248 1874 ⁸,
2280 1829 2298 1862 ι
2327 1811 2381 1863 in
2424 1809 2572 1866 nulla
2614 1815 2992 1862 creaturarum
3041 1809 3240 1878 gaudet
3284 1818 3340 1862 et
3389 1810 3652 1870 exsultat.

2085 1901 2190 1954 nisi
2226 1902 2278 1952 in
2315 1900 2434 1954 solo
2465 1898 2622 1952 Patre
2651 1907 2705 1952 et
2733 1897 2985 1954 Domino.
3030 1898 3212 1953 Induit
3241 1900 3389 1953 enim
3417 1915 3542 1954 eum
3572 1901 3654 1952 di-

2083 1989 2326 2044 vinitatis
2356 1990 2706 2052 vestimento,
2737 2003 2986 2059 verzeque
3034 1998 3088 2042 et
3129 1989 3388 2058 perfectae
3429 1988 3658 2060 justitiai

2082 2082 2426 2138 indumento.
2463 2081 2568 2136 Sed
2600 2088 2653 2136 et
2684 2095 2920 2150 sponsus
2945 2081 3156 2135 exstitit
3178 2097 3354 2152 neque
3385 2083 3655 2138 maculam

2087 2189 2267 2244 neque
2305 2187 2493 2243 rugam
2523 2173 2772 2227 habentis
2801 2187 3018 2242 sponsae
3045 2172 3301 2228 Ecclesiae
3323 2214 3337 2238 ,
3371 2189 3492 2244 quae
3530 2189 3654 2229 eum

403 2266 591 2319 σπῖλον
633 2269 665 2339 ἢ
709 2269 890 2339 ῥυτίδα
923 2269 1138 2341 νύμφης
1171 2271 1514 2340 Ἐκκλησίας,
1548 2270 1622 2333 ὡς
1653 2272 1866 2341 νυμφίῳ
1900 2272 1977 2342 μί-

2088 2268 2241 2336 quasi
2274 2281 2476 2321 corona
2523 2265 2917 2329 circumdedit,
2962 2280 3162 2336 sponsa
3203 2281 3334 2321 vero
3367 2268 3658 2337 integerri-

402 2375 535 2429 τραν
563 2357 697 2430 αὐτῇ
732 2361 816 2430 (ᾧ)
852 2361 1197 2434 περιέθηκεν,
1225 2364 1256 2432 ἡ
1296 2363 1351 2415 δέ
1381 2363 1565 2432 νύμφη
1593 2363 1692 2432 τῆς
1723 2364 1983 2416 ἀνωτάτω

401 2447 494 2499 τοῦ
525 2447 691 2516 ψόγου
713 2449 980 2522 θεότητος,
1003 2451 1067 2522 ἦν
1097 2451 1172 2514 ὡς
1201 2453 1417 2522 νύμφην
1447 2453 1615 2522 αὐτὴν
1636 2453 1981 2522 κατεκόσμη-

403 2556 463 2592 σε
514 2539 590 2609 τῴ
625 2541 883 2612 πρέποντι
930 2542 1198 2613 πνεύματι
1229 2544 1528 2614 Κυρίῳ(ου)
1577 2542 1794 2614 κόσμῳ·
1847 2543 1984 2596 ἀλλά

404 2631 495 2684 καὶ⁸
527 2631 602 2695 ὡς
640 2631 869 2704 εὔφορον
919 2633 1010 2686 καὶ
1040 2634 1252 2706 ἀγαθὴν
1281 2636 1382 2705 γῆν
1410 2636 1760 2704 ἐγεώργησεν
1789 2635 1977 2704 αὐτὴν,

401 2721 482 2776 ἔτι
512 2740 570 2774 τε
597 2723 672 2786 ὡς
700 2724 875 2793 κῆπον
903 2723 1135 2790 αῦξοντα
1166 2727 1260 2778 καὶ
1285 2725 1544 2778 θάλλοντα
1585 2729 1696 2788 τοῖς
1729 2727 1788 2776 ἐν
1833 2726 1980 2796 αὐτῷ

403 2812 766 2884 βλαστήμασι,
796 2811 876 2880 οἷς
925 2817 1018 2870 καὶ
1067 2819 1095 2870 ὀ
1146 2817 1311 2888 μέγας
1343 2817 1437 2870 τοῦ
1484 2817 1617 2870 Θεοῦ
1657 2817 1983 2888 παράδεισος

402 2905 916 2976 καταπεφυτεῦσθαι
961 2909 1401 2976 λέγεται.Ἕσται
1447 2907 1502 2959 δέ
1551 2905 1745 2971 ταῦτα,
1793 2907 1977 2976 φησὶν,

403 2997 526 3052 ἐπεὶ
551 2997 753 3062 δίκαιος
776 2999 851 3052 ὣν
879 2999 1102 3069 Κύριος,
1136 3001 1228 3054 καὶ
1251 3001 1310 3053 ού
1340 3000 1497 3070 μόνον
1527 2999 1815 3063 Ἰουδαίων,
1847 3001 1981 3054 ἀλλά

405 3091 498 3142 καὶ
529 3089 697 3142 ἐθνῶν
721 3091 978 3163 ὑπάρχων
1000 3090 1151 3154 Θεὸς,
1173 3092 1407 3145 ἀνέτειλε
1437 3093 1536 3164 τὴν
1565 3093 1756 3146 ἐαυτοῦ
1783 3093 1983 3144 δικαιο-

408 3182 590 3254 σύνην,
624 3182 764 3236 τοῦτ’
798 3183 913 3236 ἔστι
949 3185 1039 3237 τὸν
1076 3182 1304 3256 Χριστὸν
1349 3185 1535 3248 αὑτοῦ,
1575 3185 1812 3239 ἐναντίον
1841 3185 1980 3238 πάν-

401 3291 509 3327 των
538 3274 645 3328 τῶν
672 3275 736 3327 δι’
764 3275 928 3328 αὑτοῦ
959 3276 1321 3328 πιστευόντων
1347 3275 1536 3328 ἐθνῶν.

909 3369 1304 3423 ΚΕΦΑΛΑΙΟΝ
1345 3369 1465 3422 AI".

478 3459 713 3528 «Ἄρατε
747 3458 1022 3528 σύσσημον
1070 3462 1151 3522 εἰς
1193 3462 1261 3513 τά
1287 3460 1433 3531 ἔθνη.
1454 3462 1584 3514 Ἰδοὺ
1616 3461 1741 3530 γάρ,
1779 3464 1980 3534 Κύριος

402 3552 653 3621 ἐποίησεν
687 3551 948 3603 ἀκουστὸν
991 3550 1092 3613 ἓως
1126 3552 1354 3622 ἐσχάτου
1384 3553 1482 3622 τῆς
1514 3554 1636 3622 γῆς.
1673 3553 1878 3606 Εἴπατε
1913 3558 1974 3624 τῇ

402 3644 630 3715 θυγατρὶ
661 3642 798 3696 Σιών
822 3660 834 3674 ο
879 3643 1007 3696 Ἰδού
1038 3661 1118 3696 σοι
1151 3646 1179 3698 ὀ
1206 3644 1395 3715 Σωτὴρ
1431 3645 1801 3714 παραγέγονεν
1837 3645 1976 3715 ἔχων

401 3737 492 3789 τὸν
538 3735 733 3789 ἐαυτοῦ
786 3736 972 3806 μισθὸν
1005 3737 1121 3808 μετ’
1157 3736 1340 3800 αὑτοῦ,
1375 3737 1468 3789 καὶ
1520 3737 1580 3789 τὸ
1627 3737 1785 3809 ἔργον
1813 3737 1974 3789 αὐτοῦ

403 3822 509 3893 πρὸ
539 3820 826 3893 προσώπου
859 3823 1022 3876 αὑτοῦ
1043 3840 1056 3854 °
1091 3824 1184 3876 καὶ
1218 3825 1433 3878 καλέσει
1462 3825 1622 3878 αὑτὸν
1647 3825 1774 3878 λαὸν
1801 3827 1972 3894 ἅγιον,

402 3911 807 3984 λελυτρωμένον
833 3915 937 3967 ὑπὸ
965 3915 1170 3985 Κυρίου
1189 3931 1202 3944 ·
1235 3917 1299 3967 σὺ
1323 3915 1380 3968 δέ
1418 3915 1663 3988 κληθήσῃ
1689 3917 1974 3986 ἐπιζητου-

405 4001 540 4072 μένη
562 4001 734 4066 πόλις,
764 4003 856 4055 καὶ
869 4004 968 4055 οὐκ
996 4003 1550 4077 ἐγκαταλελειμμένη.
1568 4025 1690 4058 ι--ς
1717 4006 1811 4068 Τίς
1826 4003 1978 4072 οὗτος

400 4093 432 4146 ό
447 4094 886 4165 παραγενόμενος
902 4093 960 4160 ἐξ
976 4095 1174 4166 Ἐδὼμ,
1203 4097 1452 4168 ἐρύθημα
1484 4098 1712 4168 ἱματίων
1725 4099 1888 4152 αὐτοῦ
1913 4105 1977 4152 ἐκ

402 4181 602 4253 Βοσόρ;
631 4183 815 4247 Οὕτως
834 4183 1034 4254 ὡραῖος
1051 4187 1106 4238 ἐν
1125 4189 1283 4256 στολῇ
1301 4187 1486 4251 αὐτοῦ,
1503 4187 1592 4260 βίᾳ
1609 4190 1744 4258 μετὰ
1764 4191 1943 4260 ἰσχύος
1960 4208 1973 4256 ;

413 4271 555 4341 Ἐγὼ
573 4274 886 4345 διαλέγομαι
901 4275 1243 4346 δικαιοσύνην
1265 4277 1360 4331 καὶ⁵
1384 4278 1558 4348 κρίσιν
1578 4297 1863 4351 σωτηριου.
1881 4281 1978 4335 Διά

400 4365 454 4418 τί
477 4382 568 4418 σου
599 4365 804 4438 ἐρυθρά
827 4367 896 4420 τά
927 4369 1136 4438 ἱμάτια,
1158 4369 1252 4422 καὶ
1275 4370 1344 4423 τά
1366 4371 1639 4440 ἐνδύματά
1661 4389 1752 4424 σου
1778 4372 1851 4434 ὼς
1871 4373 1977 4426 ἀπὸ

403 4456 642 4525 πατητοῦ
675 4457 876 4528 ληνοῦ;
906 4458 1124 4530 Πλήρης
1153 4461 1704 4531 καταπεπατημένης,
1739 4461 1829 4513 καὶ
1869 4462 1976 4513 τῶν

401 4545 569 4598 ἐθνῶν
590 4545 688 4598 οὐκ
713 4546 860 4599 ἐστιν
892 4548 1032 4618 ἀνὴρ
1069 4551 1183 4619 μετ’
1215 4548 1372 4619 ἐμοῦ,
1390 4551 1483 4602 καὶ
1513 4551 1862 4621 κατεπάτησα
1883 4552 1979 4603 αύ-

399 4640 525 4701 τοὺς
550 4641 607 4692 ἐν
637 4636 792 4708 θυμῷ
835 4656 957 4708 μου.
983 4660 1002 4691 ι
1038 4641 1205 4694 Πάλιν
1232 4643 1466 4696 ἐνταῦθα
1489 4645 1520 4712 ή
1547 4642 1846 4714 προφητεία
1875 4661 1979 4695 παις

403 4727 751 4799 ρακελεύεται
782 4728 964 4781 λαϐεῖν
1000 4729 1278 4802 σύσσημον
1305 4734 1431 4803 περὶ
1458 4734 1552 4802 τῆς
1588 4732 1646 4798 ἐξ
1673 4733 1839 4786 ἐθνῶν
1856 4733 1976 4786 Ἐκ-

399 4821 650 4891 γλησίας,
687 4822 1088 4893 ὑπισχνουμένη
1133 4822 1456 4886 ἐξάκουστον
1504 4842 1554 4877 τι
1603 4826 1849 4895 ποιήσειν
1887 4825 1976 4878 τὸν

2086 2373 2188 2412 mae
2214 2359 2515 2414 divinitatis
2535 2398 2550 2424 ,
2583 2373 2748 2428 quam
2781 2357 2927 2411 velut
2955 2373 3212 2426 Sponsam
3257 2359 3520 2429 praeclaro
3551 2358 3656 2412 Do-

2085 2451 2218 2505 mini
2273 2451 2469 2521 spiritu
2526 2451 2824 2506 decoravit.
2884 2453 3156 2509 Praeterea
3212 2452 3358 2508 sicut
3417 2451 3656 2506 fertilem

2082 2542 2463 2610 egregiamque
2487 2547 2692 2594 terram
2720 2540 2962 2596 excoluit
2988 2556 3105 2596 eam
3125 2582 3143 2606 ,
3169 2550 3331 2609 atque
3357 2538 3502 2594 sicut
3528 2537 3657 2591 hor-

2083 2641 2197 2685 tum
2243 2633 2640 2702 germinantem
2687 2640 2742 2687 et
2781 2633 3123 2704 germinibus
3170 2634 3286 2687 suis
3335 2629 3652 2691 ﬂorentem,

2081 2723 2282 2792 quibus
2315 2731 2369 2777 et
2400 2740 2631 2796 magnus
2662 2723 2756 2779 Dei
2787 2724 3077 2794 paradisus
3115 2733 3341 2778 ornatus
3371 2721 3539 2777 fuisse
3567 2721 3654 2775 di-

2082 2816 2248 2869 citur.
2281 2814 2406 2870 Haec
2429 2825 2614 2882 erunt,
2649 2817 2757 2882 ait,
2807 2824 3096 2887 postquam
3134 2815 3316 2885 justus
3350 2814 3609 2871 Dominus
3635 2811 3661 2879 ,-

2083 2923 2185 2962 nec
2239 2907 2402 2961 modo
2453 2905 2764 2962 Iudaeorum
2817 2907 2908 2962 sed
2959 2913 3013 2960 et
3061 2907 3302 2976 gentium
3348 2905 3658 2961 dominator

2085 3000 2251 3064 Dens,
2281 3016 2434 3055 suam
2460 3000 3151 3072 germinaveritjustitiam,
3181 2999 3234 3052 id
3262 3004 3346 3054 est
3374 2997 3653 3052 Christum

2084 3107 2280 3157 suum,
2326 3106 2511 3146 coram
2555 3091 2825 3147 universis
2872 3105 2994 3160 quae
3037 3089 3090 3141 in
3127 3104 3250 3144 eum
3298 3086 3651 3143 crediderunt

2083 3186 2360 3255 gentibus.

2615 3361 2845 3416 CAPUT
2885 3361 3122 3418 XXXIII.

2155 3473 2174 3504 ε
2213 3453 2432 3523 Elevate
2461 3452 2674 3523 signum
2709 3455 2777 3506 ad
2807 3454 3060 3523 p0pulos.
3095 3454 3234 3508 Ecce
3267 3451 3532 3510 Dominus
3560 3468 3655 3508 au-

2077 3544 2251 3597 dilum
2274 3519 2401 3598 rein
2424 3543 2477 3597 in
2503 3519 2762 3598 extremis
2778 3519 2955 3598 terr-te.
2980 3541 3153 3596 Dicite
3175 3543 3299 3597 tiliae
3323 3543 3453 3597 Sion
3477 3561 3491 3597 ε
3517 3541 3658 3600 Ecce

2083 3635 2334 3688 Salvator
2362 3642 2488 3687 tuus
2516 3638 2662 3688 venit
2694 3653 2708 3688 :
2736 3649 2865 3690 ecce
2896 3649 3108 3689 merces
3155 3633 3274 3703 ejus
3321 3649 3445 3688 cum
3477 3649 3571 3700 eo,
3603 3644 3656 3689 et

2079 3742 2216 3797 opus
2247 3726 2366 3796 ejus
2387 3741 2569 3780 coram
2592 3727 2704 3781 iilo.
2734 3725 2801 3779 Et
2831 3727 3104 3781 vocabunt
3123 3741 3238 3791 eos,
3271 3727 3503 3795 populus
3523 3743 3654 3782 san-

2079 3829 2224 3880 ctus.
2259 3817 2524 3887 redempti
2583 3832 2612 3870 a
2667 3816 2916 3873 Domino.
2974 3815 3055 3871 Tu
3097 3824 3276 3871 autem
3323 3818 3652 3873 vocaberis:

2080 3908 2316 3976 Quasita
2344 3909 2537 3964 civitas
2588 3917 2641 3964 et
2673 3925 2788 3964 non
2835 3909 3154 3966 derelicta‘.
3195 3931 3213 3963 ι
3251 3941 3318 3958 φ
3352 3931 3372 3964 ι
3407 3910 3540 3978 Quis
3570 3923 3654 3968 est

2080 4006 2181 4058 iste
2206 4003 2301 4074 qui
2330 4002 2476 4057 venit
2508 4004 2576 4058 de
2610 4003 2774 4058 Edom
2797 4041 2815 4068 ,
2856 4004 3040 4058 tinctis
3074 4004 3315 4059 vestibus
3359 4006 3426 4060 de
3450 4005 3656 4062 Bosra?

2079 4091 2185 4148 iste
2219 4092 2491 4146 formosus
2519 4093 2573 4146 in
2607 4092 2744 4147 stola
2775 4107 2894 4157 sua,
2929 4092 3182 4164 gradiens
3216 4093 3270 4147 in
3305 4094 3654 4150 multitudine

2079 4180 2412 4236 fortitudinis
2431 4167 2584 4236 suae?
2608 4180 2717 4254 Ego
2740 4182 2832 4251 qui
2861 4182 3051 4251 loquor
3067 4181 3357 4251 justitiam,
3379 4192 3432 4237 et
3448 4199 3651 4254 propu-

2077 4281 2270 4343 gnator
2301 4288 2420 4328 sum
2453 4272 2521 4327 ad
2565 4273 2904 4328 salvandnm.
2934 4273 3113 4339 Quare
3151 4289 3282 4344 ergo
3310 4277 3535 4332 rubrum
3571 4289 3655 4332 est

2079 4365 2454 4420 indumentum
2485 4374 2672 4429 tuum,
2709 4374 2764 4419 et
2793 4365 3115 4421 vestimenta
3142 4376 3234 4418 tua
3264 4367 3406 4421 sicut
3433 4370 3652 4424 calcan-

2079 4457 2214 4511 tium
2250 4457 2304 4510 in
2337 4457 2627 4512 torculari?
2674 4451 2940 4510 Torcular
2989 4457 3191 4512 calcavi
3243 4460 3423 4524 solus,
3480 4469 3534 4516 et
3588 4463 3654 4518 de

2081 4549 2330 4618 gentibus
2351 4563 2460 4602 non
2492 4549 2675 4604 estvir
2707 4564 2921 4603 mecum
2956 4567 2968 4602 :
3005 4549 3210 4604 calcavi
3241 4567 3338 4606 eos
3384 4554 3436 4608 in
3473 4554 3653 4609 furore

2079 4653 2200 4694 meo
2215 4639 2257 4694 ⁸.
2295 4659 2314 4692 ι
2342 4635 2538 4694 lterum
2573 4638 2660 4692 hic
2688 4639 2972 4709 prophetia
2996 4639 3151 4710 jubet
3176 4643 3422 4713 accipere
3437 4645 3650 4714 signum

2079 4730 2146 4784 de
2171 4731 2410 4800 gentium
2444 4729 2710 4794 Ecclesia,
2739 4733 3062 4802 promittens
3089 4734 3234 4803 quod
3260 4733 3522 4792 Dominus
3554 4753 3652 4790 au—

2078 4822 2252 4876 ditum
2284 4821 2443 4877 faciet
2476 4838 2650 4893 usque
2677 4824 2747 4876 ad
2778 4832 3019 4880 extrema
3065 4832 3258 4892 terrai;
3291 4827 3434 4896 quod
3465 4835 3519 4882 et
3549 4829 3652 4883 im-

398 4911 604 4984 Κύριον
648 4912 753 4976 ἕως
796 4912 1022 4982 ἐσχάτου
1069 4913 1167 4983 τῆς
1212 4914 1313 4984 γῆς
1335 4930 1348 4944 ·
1382 4914 1412 4967 ὃ
1439 4917 1530 4968 καὶ
1562 4915 1733 4986 πέρας
1763 4914 1976 4986 εἴληχεν

2081 4915 2284 4985 pletum
2299 4925 2383 4970 est
2397 4915 2698 4972 Salvatoris
2719 4918 2891 4973 nostri
2910 4916 3050 4988 Jesuj
3064 4917 3319 4985 adventu,
3353 4921 3410 4974 in
3433 4937 3649 4977 omnem

400 5003 543 5076 (φεν)
573 5005 665 5058 ἐπὶ
683 5007 749 5076 τῇ
775 5003 866 5057 τοῦ
897 5005 1148 5076 Σωτῆρος
1173 5005 1328 5076 ἡμῶν
1373 5007 1544 5076 Ἰησοῦ
1575 5010 1867 5079 παρουσίᾳ,
1897 5010 1974 5070 εἰς

401 5099 580 5152 πᾶσαν
609 5097 708 5168 τὴν
742 5097 845 5168 γῆν
877 5097 1182 5166 ἐξελθόντος
1214 5098 1306 5150 τοῦ
1346 5099 1583 5168 φθόγγου
1612 5099 1719 5153 τῶν
1749 5102 1974 5154 ἀποστόο

397 5190 508 5244 λων
532 5189 721 5254 αὐτοῦ,
757 5193 850 5244 καὶ
895 5191 975 5253 είς
1019 5190 1088 5242 τὰ
1133 5191 1339 5262 πέρατα
1372 5193 1469 5263 τῆς
1515 5195 1838 5265 οἰκουμένης
1864 5195 1972 5248 τῶν

404 5280 661 5353 ῥημάτων
693 5282 888 5335 αὐτῶν.
907 5282 1066 5353 Ἑξῆς
1087 5284 1332 5353 εἴρηται·
1375 5303 1394 5334 ι
1422 5285 1623 5338 Εἴπατε
1653 5290 1770 5349 ταῖς
1805 5287 1972 5356 θυγα-

399 5371 560 5444 τράσι
584 5371 742 5426 Σιών.
777 5393 794 5423 ι
827 5372 1045 5443 (δηλαδὴ
1078 5377 1196 5437 ταῖς
1226 5374 1285 5439 ἐξ
1310 5375 1476 5428 ἐθνῶν
1493 5376 1855 5448 Ἐκκλησίαις·
1887 5373 1978 5432 αῦ-

398 5479 490 5519 ται
525 5463 633 5534 γάρ
664 5480 746 5516 τοι
773 5465 1066 5537 θυγατέρες
1090 5465 1156 5519 ἂν
1189 5463 1298 5518 εἷεν
1329 5467 1426 5536 τῆς
1455 5469 1773 5539 ἐπουρανίου
1802 5469 1938 5523 Σιὼν
1957 5510 1973 5533 ,

405 5575 425 5608 ι
451 5557 572 5627 ἥτις
616 5557 732 5609 ἐστὶ
779 5557 963 5628 μήτηρ
1006 5558 1160 5629 ἡμῶν
1206 5577 1224 5609 ι
1275 5559 1415 5612 κατά
1453 5559 1545 5612 τὸν
1580 5560 1975 5631 Ἀπόστολον·)

407 5668 427 5701 ι
448 5649 578 5704 Ἰδού
611 5666 690 5702 σοι
716 5651 743 5702 ὁ
778 5649 967 5720 Σωτὴρ
991 5650 1348 5720 παραγίνεται
1380 5652 1518 5722 ἔχων
1549 5653 1642 5706 τὸν
1668 5652 1857 5707 ἑαυτοῦ
1881 5671 1973 5725 μι-

477 5767 492 5798 ¹
536 5763 639 5821 lsa.
675 5779 796 5826 mu,
830 5766 915 5832 10,
962 5767 1044 5819 Η.

405 5835 426 5867 ⁸
455 5835 575 5890 Gal.
617 5853 690 5900 tv,
725 5835 814 5888 26.

641 5927 914 5988 ΡΑτιιοι.
948 5924 1063 5988 Gn.
1091 5925 1298 5990 XXII.

1122 5769 1141 5797 ’
1183 5767 1373 5826 Matth.
1410 5785 1566 5841 xxvr,
1605 5773 1691 5828 58.

1787 5855 1790 5858 γ
1809 5772 1831 5805 ³
1869 5771 2028 5828 Joan.
2062 5788 2141 5828 xtl
2159 5771 2268 5839 ,27.

2081 5015 2281 5073 terram
2318 5006 2514 5063 diffusa
2539 5010 2909 5079 apostolorum
2948 5009 3068 5079 ejus
3104 5006 3652 5080 pmdicatione,'ver‘

2081 5101 2272 5169 bisque
2316 5115 2503 5156 eorum
2554 5101 2621 5155 ad
2671 5110 2909 5156 extrema
2965 5108 3144 5155 terrae.
3197 5101 3331 5157 Dein
3375 5103 3576 5159 dicitur
3635 5128 3647 5160 :

2086 5211 2103 5243 ι
2139 5191 2312 5249 Dicite
2342 5191 2556 5248 ﬁliabus
2595 5192 2724 5247 Sion
2757 5212 2776 5244 ι
2811 5192 3069 5262 (gentium
3113 5193 3322 5248 scilicet
3355 5193 3644 5251 Ecclesiis:

2081 5285 2210 5354 ipsae
2224 5285 2367 5340 enim
2396 5286 2518 5339 tilia":
2543 5292 2668 5340 sunt
2699 5283 2940 5338 caelestis
2985 5283 3136 5351 Sion,
3172 5305 3190 5336 ι
3221 5302 3342 5357 qua;
3364 5295 3449 5342 est
3478 5297 3651 5342 mater

2079 5387 2289 5443 nostra,
2331 5397 2350 5431 ›
2379 5379 2534 5449 juxta
2563 5377 2879 5448 Apostolum
2905 5375 2981 5448 ‘):
3017 5397 3035 5428 ι
3077 5377 3215 5434 Ecce
3245 5379 3489 5435 Salvator
3522 5389 3650 5436 tuus

2077 5472 2247 5534 venit,
2275 5486 2402 5526 ecce
2431 5484 2640 5525 merces
2662 5469 2780 5539 ejus
2807 5484 2930 5523 cum
2962 5484 3045 5533 eo,
3084 5489 3103 5521 ι
3128 5478 3182 5525 et
3205 5472 3651 5545 reliqua,quibus

2077 5561 2382 5618 ostenditur
2433 5559 2707 5616 secundus
2753 5558 2956 5615 Christi
2987 5560 3274 5628 adventus,
3307 5578 3434 5618 cum
3480 5567 3650 5636 judex

2078 5657 2276 5719 veniet,
2346 5651 2577 5708 reddens
2637 5651 2925 5722 unicuique
2967 5651 3132 5723 hujus
3207 5654 3331 5712 vita:
3376 5657 3647 5714 factorum

2370 5763 2422 5802 ’δ’
2449 5783 2530 5824 sa.
2581 5781 2697 5840 txn
2723 5807 2739 5832 ,
2773 5767 2873 5833 10,
2929 5767 3015 5824 H.
3127 5769 3147 5800 ⁵
3182 5768 3287 5826 lsa.
3321 5787 3492 5840 uni,
3525 5775 3642 5832 1-3.

3205 5935 3285 5996 ω
