  <div class='ocr_page' id='page_1' title='image "/cluster/home/n/w/nwhite01/storage/ocr_20150623/22:no.4/coo.31924054873025/643.png"; bbox 0 0 4100 6490; ppageno 0'>
   <div class='ocr_carea' id='block_1_1' title="bbox 442 379 587 436">
    <p class='ocr_par' dir='ltr' id='par_1_1' title="bbox 442 379 587 436">
     <span class='ocr_line' id='line_1_1' title="bbox 442 379 587 436; baseline 0 0"><span class='ocrx_word' id='word_1_1' title='bbox 442 379 587 436; x_wconf 65' lang='grc' dir='ltr'><strong>ηδε)</strong></span> 
     </span>
    </p>
   </div>
   <div class='ocr_carea' id='block_1_2' title="bbox 1145 372 3026 432">
    <p class='ocr_par' dir='ltr' id='par_1_2' title="bbox 1145 372 3026 432">
     <span class='ocr_line' id='line_1_2' title="bbox 1145 372 3026 432; baseline 0.001 -2"><span class='ocrx_word' id='word_1_2' title='bbox 1145 373 1415 431; x_wconf 80' lang='lat' dir='ltr'><strong>EUSEBI!</strong></span> <span class='ocrx_word' id='word_1_3' title='bbox 1450 372 1935 431; x_wconf 66' lang='lat' dir='ltr'><strong>CESARIENSIS</strong></span> <span class='ocrx_word' id='word_1_4' title='bbox 1967 374 2118 432; x_wconf 85' lang='lat' dir='ltr'><strong>OPP.</strong></span> <span class='ocrx_word' id='word_1_5' title='bbox 2156 374 2340 431; x_wconf 79' lang='lat' dir='ltr'><strong>PARS</strong></span> <span class='ocrx_word' id='word_1_6' title='bbox 2377 374 2465 431; x_wconf 92' lang='grc'><strong>111.</strong></span> <span class='ocrx_word' id='word_1_7' title='bbox 2505 403 2577 417; x_wconf 92' lang='lat'>—</span> <span class='ocrx_word' id='word_1_8' title='bbox 2612 372 3026 432; x_wconf 80' lang='lat' dir='ltr'><strong>EXEGETICA.</strong></span> 
     </span>
    </p>
   </div>
   <div class='ocr_carea' id='block_1_3' title="bbox 3573 380 3717 436">
    <p class='ocr_par' dir='ltr' id='par_1_3' title="bbox 3573 380 3717 436">
     <span class='ocr_line' id='line_1_3' title="bbox 3573 380 3717 436; baseline 0.014 -2"><span class='ocrx_word' id='word_1_9' title='bbox 3573 380 3717 436; x_wconf 68' lang='grc' dir='ltr'><strong>19.θο</strong></span> 
     </span>
    </p>
   </div>
   <div class='ocr_carea' id='block_1_4' title="bbox 442 488 1995 571">
    <p class='ocr_par' dir='ltr' id='par_1_4' title="bbox 442 494 1995 566">
     <span class='ocr_line' id='line_1_4' title="bbox 442 494 1995 566; baseline -0.001 -14"><span class='ocrx_word' id='word_1_10' title='bbox 442 496 787 561; x_wconf 70' lang='grc' dir='ltr'>ιιοινοεὰεηι,</span> <span class='ocrx_word' id='word_1_11' title='bbox 856 494 1294 566; x_wconf 78' lang='lat' dir='ltr'><strong>ﬂagitiorumque</strong></span> <span class='ocrx_word' id='word_1_12' title='bbox 1359 509 1482 566; x_wconf 76' lang='lat' dir='ltr'><strong>quae</strong></span> <span class='ocrx_word' id='word_1_13' title='bbox 1538 496 1667 566; x_wconf 86' lang='lat' dir='ltr'><strong>quis</strong></span> <span class='ocrx_word' id='word_1_14' title='bbox 1742 495 1995 554; x_wconf 75' lang='lat' dir='ltr'><strong>admiseri</strong></span> 
     </span>
    </p>
   </div>
   <div class='ocr_carea' id='block_1_5' title="bbox 2095 488 3717 571">
    <p class='ocr_par' dir='ltr' id='par_1_5' title="bbox 2095 488 3717 571">
     <span class='ocr_line' id='line_1_5' title="bbox 2095 488 3717 571; baseline -0.001 -16"><span class='ocrx_word' id='word_1_15' title='bbox 2095 548 2096 555; x_wconf 49' lang='grc' dir='ltr'><strong>η</strong></span> <span class='ocrx_word' id='word_1_16' title='bbox 2129 499 2273 565; x_wconf 85' lang='grc' dir='ltr'>σθὸν,</span> <span class='ocrx_word' id='word_1_17' title='bbox 2304 518 2322 551; x_wconf 74' lang='lat' dir='ltr'><strong>t</strong></span> <span class='ocrx_word' id='word_1_18' title='bbox 2357 499 2454 553; x_wconf 72' lang='grc' dir='ltr'><strong>καὶ</strong></span> <span class='ocrx_word' id='word_1_19' title='bbox 2495 498 2564 553; x_wconf 78' lang='grc' dir='ltr'><strong>τά</strong></span> <span class='ocrx_word' id='word_1_20' title='bbox 2595 497 2804 563; x_wconf 81' lang='grc' dir='ltr'><strong>τούτοις</strong></span> <span class='ocrx_word' id='word_1_21' title='bbox 2833 496 2980 569; x_wconf 77' lang='grc' dir='ltr'>ἑξῆς,</span> <span class='ocrx_word' id='word_1_22' title='bbox 3011 496 3079 551; x_wconf 83' lang='grc' dir='ltr'>δι’</span> <span class='ocrx_word' id='word_1_23' title='bbox 3112 488 3187 551; x_wconf 81' lang='grc' dir='ltr'>ὧν</span> <span class='ocrx_word' id='word_1_24' title='bbox 3220 497 3474 569; x_wconf 77' lang='grc' dir='ltr'>δηλοῦται</span> <span class='ocrx_word' id='word_1_25' title='bbox 3520 502 3554 571; x_wconf 80' lang='grc' dir='ltr'><strong>ἡ</strong></span> <span class='ocrx_word' id='word_1_26' title='bbox 3596 501 3717 554; x_wconf 84' lang='grc' dir='ltr'>δευ-</span> 
     </span>
    </p>
   </div>
   <div class='ocr_carea' id='block_1_6' title="bbox 440 588 1995 664">
    <p class='ocr_par' dir='ltr' id='par_1_6' title="bbox 440 588 1995 664">
     <span class='ocr_line' id='line_1_6' title="bbox 440 588 1995 664; baseline -0.001 -17"><span class='ocrx_word' id='word_1_27' title='bbox 440 606 681 664; x_wconf 66' lang='lat' dir='ltr'><strong>pinnam.</strong></span> <span class='ocrx_word' id='word_1_28' title='bbox 708 588 842 644; x_wconf 91' lang='lat' dir='ltr'><strong>Dein</strong></span> <span class='ocrx_word' id='word_1_29' title='bbox 869 589 1216 660; x_wconf 75' lang='lat' dir='ltr'><strong>interrogans</strong></span> <span class='ocrx_word' id='word_1_30' title='bbox 1237 588 1426 659; x_wconf 88' lang='lat' dir='ltr'><strong>adjicit</strong></span> <span class='ocrx_word' id='word_1_31' title='bbox 1461 604 1681 646; x_wconf 86' lang='lat' dir='ltr'><strong>sermo:</strong></span> <span class='ocrx_word' id='word_1_32' title='bbox 1722 608 1742 642; x_wconf 72' lang='grc' dir='ltr'><strong>ε</strong></span> <span class='ocrx_word' id='word_1_33' title='bbox 1784 590 1920 658; x_wconf 86' lang='lat' dir='ltr'><strong>Quis</strong></span> <span class='ocrx_word' id='word_1_34' title='bbox 1940 608 1995 648; x_wconf 87' lang='lat' dir='ltr'><strong>es</strong></span> 
     </span>
    </p>
   </div>
   <div class='ocr_carea' id='block_1_7' title="bbox 2095 588 3712 664">
    <p class='ocr_par' dir='ltr' id='par_1_7' title="bbox 2125 589 3712 663">
     <span class='ocr_line' id='line_1_7' title="bbox 2125 589 3712 663; baseline 0.001 -20"><span class='ocrx_word' id='word_1_35' title='bbox 2125 591 2260 663; x_wconf 83' lang='grc' dir='ltr'>τέρα</span> <span class='ocrx_word' id='word_1_36' title='bbox 2282 590 2377 644; x_wconf 81' lang='grc' dir='ltr'>τοῦ</span> <span class='ocrx_word' id='word_1_37' title='bbox 2406 589 2642 662; x_wconf 87' lang='grc' dir='ltr'>Χριστοῦ</span> <span class='ocrx_word' id='word_1_38' title='bbox 2674 590 2965 660; x_wconf 81' lang='grc' dir='ltr'><strong>παρουσία,</strong></span> <span class='ocrx_word' id='word_1_39' title='bbox 3003 590 3091 642; x_wconf 78' lang='grc' dir='ltr'><strong>ὅτε</strong></span> <span class='ocrx_word' id='word_1_40' title='bbox 3123 590 3317 661; x_wconf 81' lang='grc' dir='ltr'>κριτὴς</span> <span class='ocrx_word' id='word_1_41' title='bbox 3352 589 3473 661; x_wconf 73' lang='grc' dir='ltr'>ἥξει</span> <span class='ocrx_word' id='word_1_42' title='bbox 3498 591 3712 645; x_wconf 77' lang='grc' dir='ltr'>ἀποδώ-</span> 
     </span>
    </p>
   </div>
   <div class='ocr_carea' id='block_1_8' title="bbox 441 679 2019 755">
    <p class='ocr_par' dir='ltr' id='par_1_8' title="bbox 441 679 2019 755">
     <span class='ocr_line' id='line_1_8' title="bbox 441 679 2019 755; baseline 0 -19"><span class='ocrx_word' id='word_1_43' title='bbox 441 683 546 738; x_wconf 87' lang='lat' dir='ltr'><strong>iste</strong></span> <span class='ocrx_word' id='word_1_44' title='bbox 572 681 668 753; x_wconf 90' lang='lat' dir='ltr'><strong>qui</strong></span> <span class='ocrx_word' id='word_1_45' title='bbox 698 682 846 735; x_wconf 89' lang='lat' dir='ltr'><strong>venit</strong></span> <span class='ocrx_word' id='word_1_46' title='bbox 867 680 933 735; x_wconf 87' lang='lat' dir='ltr'><strong>de</strong></span> <span class='ocrx_word' id='word_1_47' title='bbox 959 679 1153 745; x_wconf 87' lang='lat' dir='ltr'><strong>Edom,</strong></span> <span class='ocrx_word' id='word_1_48' title='bbox 1175 680 1362 736; x_wconf 90' lang='lat' dir='ltr'><strong>tinctis</strong></span> <span class='ocrx_word' id='word_1_49' title='bbox 1396 681 1638 738; x_wconf 84' lang='lat' dir='ltr'><strong>vestibus</strong></span> <span class='ocrx_word' id='word_1_50' title='bbox 1683 682 1753 738; x_wconf 89' lang='lat' dir='ltr'><strong>de</strong></span> <span class='ocrx_word' id='word_1_51' title='bbox 1786 682 1966 755; x_wconf 87' lang='lat' dir='ltr'><strong>Bosral</strong></span> <span class='ocrx_word' id='word_1_52' title='bbox 1999 702 2019 736; x_wconf 73' lang='grc' dir='ltr'><strong>ι</strong></span> 
     </span>
    </p>
   </div>
   <div class='ocr_carea' id='block_1_9' title="bbox 422 773 2021 850">
    <p class='ocr_par' dir='ltr' id='par_1_9' title="bbox 422 773 2021 850">
     <span class='ocr_line' id='line_1_9' title="bbox 422 773 2021 850; baseline 0.002 -23"><span class='ocrx_word' id='word_1_53' title='bbox 422 775 605 850; x_wconf 67' lang='grc' dir='ltr'><strong>ι((ιιιο]</strong></span> <span class='ocrx_word' id='word_1_54' title='bbox 633 774 1023 842; x_wconf 82' lang='lat' dir='ltr'><strong>interpretatur</strong></span> <span class='ocrx_word' id='word_1_55' title='bbox 1078 773 1411 844; x_wconf 36' lang='lat' dir='ltr'><strong>terrestris);</strong></span> <span class='ocrx_word' id='word_1_56' title='bbox 1444 791 1463 824; x_wconf 72' lang='grc' dir='ltr'><strong>ι</strong></span> <span class='ocrx_word' id='word_1_57' title='bbox 1503 774 1605 829; x_wconf 86' lang='lat' dir='ltr'><strong>iste</strong></span> <span class='ocrx_word' id='word_1_58' title='bbox 1636 773 1912 833; x_wconf 85' lang='lat' dir='ltr'><strong>formosus</strong></span> <span class='ocrx_word' id='word_1_59' title='bbox 1965 777 2021 831; x_wconf 88' lang='lat' dir='ltr'><strong>in</strong></span> 
     </span>
    </p>
   </div>
   <div class='ocr_carea' id='block_1_10' title="bbox 440 863 2022 938">
    <p class='ocr_par' dir='ltr' id='par_1_10' title="bbox 440 863 2022 938">
     <span class='ocr_line' id='line_1_10' title="bbox 440 863 2022 938; baseline 0.001 -17"><span class='ocrx_word' id='word_1_60' title='bbox 440 866 582 921; x_wconf 83' lang='lat' dir='ltr'><strong>stola</strong></span> <span class='ocrx_word' id='word_1_61' title='bbox 609 864 747 920; x_wconf 87' lang='lat' dir='ltr'><strong>sua?</strong></span> <span class='ocrx_word' id='word_1_62' title='bbox 777 883 795 917; x_wconf 72' lang='grc' dir='ltr'><strong>ι</strong></span> <span class='ocrx_word' id='word_1_63' title='bbox 842 863 958 919; x_wconf 84' lang='lat' dir='ltr'><strong>Hoc</strong></span> <span class='ocrx_word' id='word_1_64' title='bbox 1007 864 1221 921; x_wconf 88' lang='lat' dir='ltr'><strong>videtur</strong></span> <span class='ocrx_word' id='word_1_65' title='bbox 1252 866 1432 929; x_wconf 84' lang='lat' dir='ltr'><strong>dicere</strong></span> <span class='ocrx_word' id='word_1_66' title='bbox 1460 873 1514 922; x_wconf 89' lang='lat' dir='ltr'><strong>et</strong></span> <span class='ocrx_word' id='word_1_67' title='bbox 1541 874 1665 938; x_wconf 90' lang='lat' dir='ltr'><strong>post</strong></span> <span class='ocrx_word' id='word_1_68' title='bbox 1686 868 2022 923; x_wconf 89' lang='lat' dir='ltr'><strong>incarnatio-</strong></span> 
     </span>
    </p>
   </div>
   <div class='ocr_carea' id='block_1_11' title="bbox 438 956 2018 1026">
    <p class='ocr_par' dir='ltr' id='par_1_11' title="bbox 438 956 2018 1026">
     <span class='ocr_line' id='line_1_11' title="bbox 438 956 2018 1026; baseline 0.003 -16"><span class='ocrx_word' id='word_1_69' title='bbox 438 972 583 1021; x_wconf 90' lang='lat' dir='ltr'><strong>nem,</strong></span> <span class='ocrx_word' id='word_1_70' title='bbox 602 964 656 1011; x_wconf 91' lang='lat' dir='ltr'><strong>et</strong></span> <span class='ocrx_word' id='word_1_71' title='bbox 684 965 806 1026; x_wconf 89' lang='lat' dir='ltr'><strong>post</strong></span> <span class='ocrx_word' id='word_1_72' title='bbox 826 956 1277 1022; x_wconf 81' lang='lat' dir='ltr'><strong>exinanitionem,</strong></span> <span class='ocrx_word' id='word_1_73' title='bbox 1299 967 1354 1013; x_wconf 92' lang='lat' dir='ltr'><strong>et</strong></span> <span class='ocrx_word' id='word_1_74' title='bbox 1386 957 1441 1012; x_wconf 91' lang='lat' dir='ltr'><strong>in</strong></span> <span class='ocrx_word' id='word_1_75' title='bbox 1472 965 1617 1014; x_wconf 90' lang='lat' dir='ltr'><strong>terra</strong></span> <span class='ocrx_word' id='word_1_76' title='bbox 1634 960 2018 1014; x_wconf 64' lang='lat' dir='ltr'><strong>commoratio.</strong></span> 
     </span>
    </p>
   </div>
   <div class='ocr_carea' id='block_1_12' title="bbox 435 1049 2016 1119">
    <p class='ocr_par' dir='ltr' id='par_1_12' title="bbox 435 1049 2016 1119">
     <span class='ocr_line' id='line_1_12' title="bbox 435 1049 2016 1119; baseline 0.002 -17"><span class='ocrx_word' id='word_1_77' title='bbox 435 1064 582 1111; x_wconf 87' lang='lat' dir='ltr'><strong>nem,</strong></span> <span class='ocrx_word' id='word_1_78' title='bbox 614 1056 668 1104; x_wconf 92' lang='lat' dir='ltr'><strong>et</strong></span> <span class='ocrx_word' id='word_1_79' title='bbox 700 1049 1007 1118; x_wconf 83' lang='lat' dir='ltr'><strong>passionem</strong></span> <span class='ocrx_word' id='word_1_80' title='bbox 1034 1091 1050 1116; x_wconf 92' lang='lat'><strong>,</strong></span> <span class='ocrx_word' id='word_1_81' title='bbox 1103 1059 1159 1106; x_wconf 92' lang='lat' dir='ltr'><strong>et</strong></span> <span class='ocrx_word' id='word_1_82' title='bbox 1191 1049 1538 1106; x_wconf 64' lang='lat' dir='ltr'><strong>ad‘mortuos</strong></span> <span class='ocrx_word' id='word_1_83' title='bbox 1582 1050 2016 1119; x_wconf 86' lang='lat' dir='ltr'><strong>descensionem,</strong></span> 
     </span>
    </p>
   </div>
   <div class='ocr_carea' id='block_1_13' title="bbox 433 1137 2017 1208">
    <p class='ocr_par' dir='ltr' id='par_1_13' title="bbox 433 1137 2017 1208">
     <span class='ocr_line' id='line_1_13' title="bbox 433 1137 2017 1208; baseline 0.004 -16"><span class='ocrx_word' id='word_1_84' title='bbox 433 1137 733 1193; x_wconf 79' lang='lat' dir='ltr'><strong>admiratus</strong></span> <span class='ocrx_word' id='word_1_85' title='bbox 788 1137 1248 1208; x_wconf 78' lang='lat' dir='ltr'><strong>pulchritudinem</strong></span> <span class='ocrx_word' id='word_1_86' title='bbox 1301 1146 1357 1194; x_wconf 92' lang='lat' dir='ltr'><strong>et</strong></span> <span class='ocrx_word' id='word_1_87' title='bbox 1414 1140 1669 1196; x_wconf 82' lang='lat' dir='ltr'><strong>decorem</strong></span> <span class='ocrx_word' id='word_1_88' title='bbox 1716 1138 2017 1198; x_wconf 86' lang='lat' dir='ltr'><strong>Salvatoris</strong></span> 
     </span>
    </p>
   </div>
   <div class='ocr_carea' id='block_1_14' title="bbox 433 1231 2019 1307">
    <p class='ocr_par' dir='ltr' id='par_1_14' title="bbox 433 1231 2019 1307">
     <span class='ocr_line' id='line_1_14' title="bbox 433 1231 2019 1307; baseline 0.003 -22"><span class='ocrx_word' id='word_1_89' title='bbox 433 1231 555 1286; x_wconf 85' lang='lat' dir='ltr'><strong>sine</strong></span> <span class='ocrx_word' id='word_1_90' title='bbox 590 1231 699 1285; x_wconf 90' lang='lat' dir='ltr'><strong>ulla</strong></span> <span class='ocrx_word' id='word_1_91' title='bbox 720 1231 1121 1297; x_wconf 86' lang='lat' dir='ltr'><strong>commistione,</strong></span> <span class='ocrx_word' id='word_1_92' title='bbox 1155 1246 1332 1307; x_wconf 85' lang='lat' dir='ltr'><strong>neque</strong></span> <span class='ocrx_word' id='word_1_93' title='bbox 1362 1247 1575 1304; x_wconf 80' lang='lat' dir='ltr'><strong>rugam,</strong></span> <span class='ocrx_word' id='word_1_94' title='bbox 1606 1248 1784 1305; x_wconf 87' lang='lat' dir='ltr'><strong>neque</strong></span> <span class='ocrx_word' id='word_1_95' title='bbox 1834 1250 2019 1290; x_wconf 63' lang='lat' dir='ltr'><strong>macuo</strong></span> 
     </span>
    </p>
   </div>
   <div class='ocr_carea' id='block_1_15' title="bbox 433 1322 2015 1398">
    <p class='ocr_par' dir='ltr' id='par_1_15' title="bbox 433 1322 2015 1398">
     <span class='ocr_line' id='line_1_15' title="bbox 433 1322 2015 1398; baseline 0.005 -23"><span class='ocrx_word' id='word_1_96' title='bbox 433 1322 561 1385; x_wconf 87' lang='lat' dir='ltr'><strong>lam,</strong></span> <span class='ocrx_word' id='word_1_97' title='bbox 589 1339 767 1394; x_wconf 88' lang='lat' dir='ltr'><strong>neque</strong></span> <span class='ocrx_word' id='word_1_98' title='bbox 812 1324 1210 1380; x_wconf 83' lang='lat' dir='ltr'><strong>deformitatem</strong></span> <span class='ocrx_word' id='word_1_99' title='bbox 1256 1339 1289 1379; x_wconf 92' lang='lat' dir='ltr'><strong>e</strong></span> <span class='ocrx_word' id='word_1_100' title='bbox 1338 1325 1585 1380; x_wconf 87' lang='lat' dir='ltr'><strong>terrestri</strong></span> <span class='ocrx_word' id='word_1_101' title='bbox 1631 1327 2015 1398; x_wconf 77' lang='lat' dir='ltr'><strong>corporalique</strong></span> 
     </span>
    </p>
   </div>
   <div class='ocr_carea' id='block_1_16' title="bbox 430 1413 2008 1475">
    <p class='ocr_par' dir='ltr' id='par_1_16' title="bbox 430 1413 2008 1475">
     <span class='ocr_line' id='line_1_16' title="bbox 430 1413 2008 1475; baseline 0.004 -7"><span class='ocrx_word' id='word_1_102' title='bbox 430 1413 766 1470; x_wconf 82' lang='lat' dir='ltr'><strong>habitatione</strong></span> <span class='ocrx_word' id='word_1_103' title='bbox 807 1417 1015 1472; x_wconf 83' lang='lat' dir='ltr'><strong>medias</strong></span> <span class='ocrx_word' id='word_1_104' title='bbox 1049 1416 1188 1470; x_wconf 86' lang='lat' dir='ltr'><strong>inter</strong></span> <span class='ocrx_word' id='word_1_105' title='bbox 1245 1431 1334 1471; x_wconf 87' lang='lat' dir='ltr'><strong>res</strong></span> <span class='ocrx_word' id='word_1_106' title='bbox 1369 1416 1649 1471; x_wconf 87' lang='lat' dir='ltr'><strong>hominum</strong></span> <span class='ocrx_word' id='word_1_107' title='bbox 1703 1420 2008 1475; x_wconf 80' lang='lat' dir='ltr'><strong>consecuti.</strong></span> 
     </span>
    </p>
   </div>
   <div class='ocr_carea' id='block_1_17' title="bbox 430 1505 2007 1583">
    <p class='ocr_par' dir='ltr' id='par_1_17' title="bbox 430 1505 2007 1583">
     <span class='ocr_line' id='line_1_17' title="bbox 430 1505 2007 1583; baseline 0.006 -24"><span class='ocrx_word' id='word_1_108' title='bbox 430 1505 542 1583; x_wconf 84' lang='lat' dir='ltr'><strong>lmo</strong></span> <span class='ocrx_word' id='word_1_109' title='bbox 577 1506 949 1564; x_wconf 82' lang='lat' dir='ltr'><strong>fortitudinem</strong></span> <span class='ocrx_word' id='word_1_110' title='bbox 994 1508 1115 1578; x_wconf 86' lang='lat' dir='ltr'><strong>ejus</strong></span> <span class='ocrx_word' id='word_1_111' title='bbox 1159 1523 1486 1579; x_wconf 74' lang='lat' dir='ltr'><strong>magnopere</strong></span> <span class='ocrx_word' id='word_1_112' title='bbox 1539 1510 1879 1578; x_wconf 84' lang='lat' dir='ltr'><strong>admiratur,</strong></span> <span class='ocrx_word' id='word_1_113' title='bbox 1915 1514 2007 1583; x_wconf 88' lang='lat' dir='ltr'><strong>qui</strong></span> 
     </span>
    </p>
   </div>
   <div class='ocr_carea' id='block_1_18' title="bbox 427 1581 2004 1679">
    <p class='ocr_par' dir='ltr' id='par_1_18' title="bbox 427 1581 2004 1679">
     <span class='ocr_line' id='line_1_18' title="bbox 427 1581 2004 1679; baseline 0.007 -27"><span class='ocrx_word' id='word_1_114' title='bbox 427 1581 643 1654; x_wconf 53' lang='lat' dir='ltr'><strong>om&#39;uem</strong></span> <span class='ocrx_word' id='word_1_115' title='bbox 677 1599 876 1655; x_wconf 89' lang='lat' dir='ltr'><strong>diaboli</strong></span> <span class='ocrx_word' id='word_1_116' title='bbox 907 1600 1203 1656; x_wconf 80' lang='lat' dir='ltr'><strong>exercitum</strong></span> <span class='ocrx_word' id='word_1_117' title='bbox 1242 1602 1554 1661; x_wconf 82' lang='lat' dir='ltr'><strong>debellavit.</strong></span> <span class='ocrx_word' id='word_1_118' title='bbox 1588 1605 1754 1661; x_wconf 85' lang='lat' dir='ltr'><strong>Addit</strong></span> <span class='ocrx_word' id='word_1_119' title='bbox 1793 1581 1961 1679; x_wconf 81' lang='lat' dir='ltr'><strong>igitur</strong></span> <span class='ocrx_word' id='word_1_120' title='bbox 1991 1627 2004 1662; x_wconf 91' lang='lat'><strong><em>:</em></strong></span> 
     </span>
    </p>
   </div>
   <div class='ocr_carea' id='block_1_19' title="bbox 432 1690 2010 1766">
    <p class='ocr_par' dir='ltr' id='par_1_19' title="bbox 432 1690 2010 1766">
     <span class='ocr_line' id='line_1_19' title="bbox 432 1690 2010 1766; baseline 0.006 -24"><span class='ocrx_word' id='word_1_121' title='bbox 432 1710 451 1742; x_wconf 74' lang='grc' dir='ltr'><strong>ε</strong></span> <span class='ocrx_word' id='word_1_122' title='bbox 482 1690 617 1757; x_wconf 83' lang='lat' dir='ltr'><strong>Quis</strong></span> <span class='ocrx_word' id='word_1_123' title='bbox 643 1691 748 1746; x_wconf 85' lang='lat' dir='ltr'><strong>iste</strong></span> <span class='ocrx_word' id='word_1_124' title='bbox 776 1692 1054 1747; x_wconf 86' lang='lat' dir='ltr'><strong>formosus</strong></span> <span class='ocrx_word' id='word_1_125' title='bbox 1092 1692 1148 1747; x_wconf 89' lang='lat' dir='ltr'><strong>in</strong></span> <span class='ocrx_word' id='word_1_126' title='bbox 1184 1693 1323 1748; x_wconf 87' lang='lat' dir='ltr'><strong>stola</strong></span> <span class='ocrx_word' id='word_1_127' title='bbox 1346 1709 1465 1758; x_wconf 87' lang='lat' dir='ltr'><strong>sua,</strong></span> <span class='ocrx_word' id='word_1_128' title='bbox 1497 1694 1756 1766; x_wconf 76' lang='lat' dir='ltr'><strong>gradiens</strong></span> <span class='ocrx_word' id='word_1_129' title='bbox 1786 1698 1840 1752; x_wconf 91' lang='lat' dir='ltr'><strong>in</strong></span> <span class='ocrx_word' id='word_1_130' title='bbox 1874 1698 2010 1753; x_wconf 90' lang='lat' dir='ltr'><strong>mul-</strong></span> 
     </span>
    </p>
   </div>
   <div class='ocr_carea' id='block_1_20' title="bbox 2126 678 3716 752">
    <p class='ocr_par' dir='ltr' id='par_1_20' title="bbox 2126 678 3716 752">
     <span class='ocr_line' id='line_1_20' title="bbox 2126 678 3716 752; baseline -0.001 -17"><span class='ocrx_word' id='word_1_131' title='bbox 2126 698 2233 735; x_wconf 91' lang='grc' dir='ltr'><strong>σων</strong></span> <span class='ocrx_word' id='word_1_132' title='bbox 2265 683 2479 752; x_wconf 77' lang='grc' dir='ltr'><strong>ἑκάστῳ</strong></span> <span class='ocrx_word' id='word_1_133' title='bbox 2507 680 2615 734; x_wconf 80' lang='grc' dir='ltr'><strong>τῶν</strong></span> <span class='ocrx_word' id='word_1_134' title='bbox 2663 681 2755 733; x_wconf 72' lang='grc' dir='ltr'><strong>ἐπὶ</strong></span> <span class='ocrx_word' id='word_1_135' title='bbox 2795 678 2888 733; x_wconf 80' lang='grc' dir='ltr'>τοῦ</span> <span class='ocrx_word' id='word_1_136' title='bbox 2927 679 3192 751; x_wconf 75' lang='grc' dir='ltr'><strong>παρόντος</strong></span> <span class='ocrx_word' id='word_1_137' title='bbox 3240 679 3416 734; x_wconf 82' lang='grc' dir='ltr'>πόνων</span> <span class='ocrx_word' id='word_1_138' title='bbox 3466 682 3594 745; x_wconf 72' lang='grc' dir='ltr'>τοὺς</span> <span class='ocrx_word' id='word_1_139' title='bbox 3625 698 3716 752; x_wconf 83' lang='grc' dir='ltr'>μι-</span> 
     </span>
    </p>
   </div>
   <div class='ocr_carea' id='block_1_21' title="bbox 2125 766 3713 841">
    <p class='ocr_par' dir='ltr' id='par_1_21' title="bbox 2125 766 3713 841">
     <span class='ocr_line' id='line_1_21' title="bbox 2125 766 3713 841; baseline -0.001 -16"><span class='ocrx_word' id='word_1_140' title='bbox 2125 773 2304 838; x_wconf 84' lang='grc' dir='ltr'>σθοὺς,</span> <span class='ocrx_word' id='word_1_141' title='bbox 2335 773 2428 827; x_wconf 67' lang='grc' dir='ltr'><strong>καὶ</strong></span> <span class='ocrx_word' id='word_1_142' title='bbox 2474 766 2548 825; x_wconf 82' lang='grc' dir='ltr'>ὧν</span> <span class='ocrx_word' id='word_1_143' title='bbox 2598 772 2828 834; x_wconf 75' lang='grc' dir='ltr'>ἕκαστος</span> <span class='ocrx_word' id='word_1_144' title='bbox 2857 770 3075 841; x_wconf 77' lang='grc' dir='ltr'>φαύλων</span> <span class='ocrx_word' id='word_1_145' title='bbox 3122 769 3416 841; x_wconf 80' lang='grc' dir='ltr'>εἰργάσατο</span> <span class='ocrx_word' id='word_1_146' title='bbox 3470 770 3564 824; x_wconf 81' lang='grc' dir='ltr'>νῦν</span> <span class='ocrx_word' id='word_1_147' title='bbox 3613 771 3713 834; x_wconf 72' lang='grc' dir='ltr'><strong>τὰς</strong></span> 
     </span>
    </p>
   </div>
   <div class='ocr_carea' id='block_1_22' title="bbox 2121 860 3707 935">
    <p class='ocr_par' dir='ltr' id='par_1_22' title="bbox 2121 860 3707 935">
     <span class='ocr_line' id='line_1_22' title="bbox 2121 860 3707 935; baseline -0.001 -19"><span class='ocrx_word' id='word_1_148' title='bbox 2121 862 2371 935; x_wconf 88' lang='grc' dir='ltr'>ἀμοιϐάς.</span> <span class='ocrx_word' id='word_1_149' title='bbox 2390 863 2546 934; x_wconf 79' lang='grc' dir='ltr'><strong>Ἐξῆς</strong></span> <span class='ocrx_word' id='word_1_150' title='bbox 2569 862 2776 925; x_wconf 83' lang='grc' dir='ltr'><strong>τούτοις</strong></span> <span class='ocrx_word' id='word_1_151' title='bbox 2801 861 2963 915; x_wconf 75' lang='grc' dir='ltr'>οἱονεὶ</span> <span class='ocrx_word' id='word_1_152' title='bbox 2992 860 3286 932; x_wconf 80' lang='grc' dir='ltr'>ἐπερωτῶν</span> <span class='ocrx_word' id='word_1_153' title='bbox 3311 862 3340 914; x_wconf 93' lang='lat'><strong>6</strong></span> <span class='ocrx_word' id='word_1_154' title='bbox 3366 861 3531 929; x_wconf 81' lang='grc' dir='ltr'><strong>λόγος</strong></span> <span class='ocrx_word' id='word_1_155' title='bbox 3555 863 3707 933; x_wconf 71' lang='grc' dir='ltr'>φησί’</span> 
     </span>
    </p>
   </div>
   <div class='ocr_carea' id='block_1_23' title="bbox 2126 946 3707 1028">
    <p class='ocr_par' dir='ltr' id='par_1_23' title="bbox 2126 946 3707 1028">
     <span class='ocr_line' id='line_1_23' title="bbox 2126 946 3707 1028; baseline 0 -18"><span class='ocrx_word' id='word_1_156' title='bbox 2126 977 2145 1010; x_wconf 75' lang='grc' dir='ltr'><strong>ι</strong></span> <span class='ocrx_word' id='word_1_157' title='bbox 2173 958 2268 1021; x_wconf 88' lang='grc' dir='ltr'><strong>Τίς</strong></span> <span class='ocrx_word' id='word_1_158' title='bbox 2299 950 2497 1021; x_wconf 76' lang='grc' dir='ltr'>οὗτοςὸ</span> <span class='ocrx_word' id='word_1_159' title='bbox 2521 946 2955 1027; x_wconf 85' lang='grc' dir='ltr'>παραγινόμενος</span> <span class='ocrx_word' id='word_1_160' title='bbox 2983 953 3044 1019; x_wconf 77' lang='grc' dir='ltr'><strong>ἐξ</strong></span> <span class='ocrx_word' id='word_1_161' title='bbox 3070 952 3272 1026; x_wconf 87' lang='grc' dir='ltr'>Ἐδὼμ,</span> <span class='ocrx_word' id='word_1_162' title='bbox 3301 954 3556 1027; x_wconf 81' lang='grc' dir='ltr'>ἐρύθημα</span> <span class='ocrx_word' id='word_1_163' title='bbox 3578 959 3707 1028; x_wconf 85' lang='grc' dir='ltr'>ίμα-</span> 
     </span>
    </p>
   </div>
   <div class='ocr_carea' id='block_1_24' title="bbox 2118 1046 3710 1121">
    <p class='ocr_par' dir='ltr' id='par_1_24' title="bbox 2118 1046 3710 1121">
     <span class='ocr_line' id='line_1_24' title="bbox 2118 1046 3710 1121; baseline -0.001 -17"><span class='ocrx_word' id='word_1_164' title='bbox 2118 1049 2266 1114; x_wconf 81' lang='grc' dir='ltr'>τίων,</span> <span class='ocrx_word' id='word_1_165' title='bbox 2314 1071 2332 1102; x_wconf 73' lang='grc' dir='ltr'><strong>ι</strong></span> <span class='ocrx_word' id='word_1_166' title='bbox 2368 1049 2437 1120; x_wconf 68' lang='grc' dir='ltr'><strong>(ὃ</strong></span> <span class='ocrx_word' id='word_1_167' title='bbox 2465 1048 2825 1121; x_wconf 80' lang='grc' dir='ltr'>ἑρμηνεύεται</span> <span class='ocrx_word' id='word_1_168' title='bbox 2863 1046 3117 1119; x_wconf 55' lang='grc' dir='ltr'><strong>γήϊνος-δ</strong></span> <span class='ocrx_word' id='word_1_169' title='bbox 3152 1067 3170 1099; x_wconf 75' lang='grc' dir='ltr'><strong>ι</strong></span> <span class='ocrx_word' id='word_1_170' title='bbox 3199 1046 3451 1119; x_wconf 84' lang='grc' dir='ltr'>ἐρύθημα</span> <span class='ocrx_word' id='word_1_171' title='bbox 3479 1050 3710 1120; x_wconf 77' lang='grc' dir='ltr'>ἱματίων</span> 
     </span>
    </p>
   </div>
   <div class='ocr_carea' id='block_1_25' title="bbox 2116 1138 3711 1213">
    <p class='ocr_par' dir='ltr' id='par_1_25' title="bbox 2116 1138 3711 1213">
     <span class='ocr_line' id='line_1_25' title="bbox 2116 1138 3711 1213; baseline 0.001 -19"><span class='ocrx_word' id='word_1_172' title='bbox 2116 1143 2182 1196; x_wconf 88' lang='grc' dir='ltr'><strong>ἐκ</strong></span> <span class='ocrx_word' id='word_1_173' title='bbox 2208 1142 2377 1213; x_wconf 85' lang='grc' dir='ltr'>Βοσόρ</span> <span class='ocrx_word' id='word_1_174' title='bbox 2397 1160 2409 1172; x_wconf 90' lang='grc'><strong>·</strong></span> <span class='ocrx_word' id='word_1_175' title='bbox 2444 1140 2616 1204; x_wconf 77' lang='grc' dir='ltr'>οὕτως</span> <span class='ocrx_word' id='word_1_176' title='bbox 2649 1140 2847 1212; x_wconf 80' lang='grc' dir='ltr'>ὡραῖος</span> <span class='ocrx_word' id='word_1_177' title='bbox 2883 1141 2940 1193; x_wconf 85' lang='grc' dir='ltr'><strong>ἐν</strong></span> <span class='ocrx_word' id='word_1_178' title='bbox 2960 1139 3024 1212; x_wconf 80' lang='grc'><strong>(1⁸.</strong></span> <span class='ocrx_word' id='word_1_179' title='bbox 3049 1138 3118 1193; x_wconf 87' lang='grc'><strong>60</strong></span> <span class='ocrx_word' id='word_1_180' title='bbox 3145 1140 3229 1211; x_wconf 70' lang='grc' dir='ltr'><strong>νο)</strong></span> <span class='ocrx_word' id='word_1_181' title='bbox 3262 1141 3457 1213; x_wconf 83' lang='grc' dir='ltr'>στολῇ;</span> <span class='ocrx_word' id='word_1_182' title='bbox 3490 1160 3510 1192; x_wconf 75' lang='grc' dir='ltr'><strong>ι</strong></span> <span class='ocrx_word' id='word_1_183' title='bbox 3537 1142 3711 1196; x_wconf 82' lang='grc' dir='ltr'>Τοῦτο</span> 
     </span>
    </p>
   </div>
   <div class='ocr_carea' id='block_1_26' title="bbox 2114 1231 3708 1306">
    <p class='ocr_par' dir='ltr' id='par_1_26' title="bbox 2114 1231 3708 1306">
     <span class='ocr_line' id='line_1_26' title="bbox 2114 1231 3708 1306; baseline -0.001 -19"><span class='ocrx_word' id='word_1_184' title='bbox 2114 1233 2172 1287; x_wconf 81' lang='grc' dir='ltr'>δὲ</span> <span class='ocrx_word' id='word_1_185' title='bbox 2205 1233 2377 1287; x_wconf 78' lang='grc' dir='ltr'>ἔοικεν</span> <span class='ocrx_word' id='word_1_186' title='bbox 2421 1232 2699 1306; x_wconf 73' lang='grc' dir='ltr'>εἰρηκέναι</span> <span class='ocrx_word' id='word_1_187' title='bbox 2734 1231 3140 1303; x_wconf 72' lang='grc' dir='ltr'>ἀποθαυμάζων</span> <span class='ocrx_word' id='word_1_188' title='bbox 3186 1231 3246 1284; x_wconf 83' lang='grc' dir='ltr'><strong>τὸ</strong></span> <span class='ocrx_word' id='word_1_189' title='bbox 3292 1233 3387 1286; x_wconf 72' lang='grc' dir='ltr'>καὶ</span> <span class='ocrx_word' id='word_1_190' title='bbox 3431 1233 3568 1304; x_wconf 82' lang='grc' dir='ltr'><strong>μετά</strong></span> <span class='ocrx_word' id='word_1_191' title='bbox 3608 1232 3708 1305; x_wconf 85' lang='grc' dir='ltr'>τὴν</span> 
     </span>
    </p>
   </div>
   <div class='ocr_carea' id='block_1_27' title="bbox 2112 1325 3710 1398">
    <p class='ocr_par' dir='ltr' id='par_1_27' title="bbox 2112 1325 3710 1398">
     <span class='ocr_line' id='line_1_27' title="bbox 2112 1325 3710 1398; baseline -0.001 -18"><span class='ocrx_word' id='word_1_192' title='bbox 2112 1325 2525 1398; x_wconf 81' lang='grc' dir='ltr'>ἐνανθρώπ-ησιν</span> <span class='ocrx_word' id='word_1_193' title='bbox 2554 1326 2648 1379; x_wconf 72' lang='grc' dir='ltr'><strong>καὶ</strong></span> <span class='ocrx_word' id='word_1_194' title='bbox 2706 1325 2804 1397; x_wconf 81' lang='grc' dir='ltr'>τὴν</span> <span class='ocrx_word' id='word_1_195' title='bbox 2834 1325 3082 1391; x_wconf 82' lang='grc' dir='ltr'>κένωσιν,</span> <span class='ocrx_word' id='word_1_196' title='bbox 3114 1326 3208 1379; x_wconf 79' lang='grc' dir='ltr'><strong>καὶ</strong></span> <span class='ocrx_word' id='word_1_197' title='bbox 3232 1328 3329 1397; x_wconf 80' lang='grc' dir='ltr'>τὴν</span> <span class='ocrx_word' id='word_1_198' title='bbox 3352 1326 3445 1378; x_wconf 74' lang='grc' dir='ltr'>ἐπὶ</span> <span class='ocrx_word' id='word_1_199' title='bbox 3467 1326 3570 1397; x_wconf 81' lang='grc' dir='ltr'>γῆς</span> <span class='ocrx_word' id='word_1_200' title='bbox 3592 1326 3710 1380; x_wconf 84' lang='grc' dir='ltr'>δια-</span> 
     </span>
    </p>
   </div>
   <div class='ocr_carea' id='block_1_28' title="bbox 2110 1414 3706 1489">
    <p class='ocr_par' dir='ltr' id='par_1_28' title="bbox 2110 1414 3706 1489">
     <span class='ocr_line' id='line_1_28' title="bbox 2110 1414 3706 1489; baseline 0 -20"><span class='ocrx_word' id='word_1_201' title='bbox 2110 1417 2323 1489; x_wconf 81' lang='grc' dir='ltr'>τριϐὴν,</span> <span class='ocrx_word' id='word_1_202' title='bbox 2358 1417 2452 1470; x_wconf 79' lang='grc' dir='ltr'><strong>καὶ</strong></span> <span class='ocrx_word' id='word_1_203' title='bbox 2499 1416 2637 1487; x_wconf 88' lang='grc' dir='ltr'><strong>μετά</strong></span> <span class='ocrx_word' id='word_1_204' title='bbox 2678 1415 2740 1469; x_wconf 85' lang='grc' dir='ltr'><strong>τὸ</strong></span> <span class='ocrx_word' id='word_1_205' title='bbox 2782 1415 2950 1479; x_wconf 83' lang='grc' dir='ltr'>πάθος</span> <span class='ocrx_word' id='word_1_206' title='bbox 2999 1416 3095 1469; x_wconf 75' lang='grc' dir='ltr'><strong>καὶ</strong></span> <span class='ocrx_word' id='word_1_207' title='bbox 3118 1415 3216 1487; x_wconf 76' lang='grc' dir='ltr'>τὴν</span> <span class='ocrx_word' id='word_1_208' title='bbox 3243 1414 3466 1470; x_wconf 81' lang='grc' dir='ltr'>κάθοδον</span> <span class='ocrx_word' id='word_1_209' title='bbox 3497 1415 3595 1487; x_wconf 81' lang='grc' dir='ltr'>τὴν</span> <span class='ocrx_word' id='word_1_210' title='bbox 3625 1417 3706 1480; x_wconf 87' lang='grc' dir='ltr'><strong>είς</strong></span> 
     </span>
    </p>
   </div>
   <div class='ocr_carea' id='block_1_29' title="bbox 2109 1507 3703 1580">
    <p class='ocr_par' dir='ltr' id='par_1_29' title="bbox 2109 1507 3703 1580">
     <span class='ocr_line' id='line_1_29' title="bbox 2109 1507 3703 1580; baseline -0.001 -19"><span class='ocrx_word' id='word_1_211' title='bbox 2109 1509 2357 1580; x_wconf 72' lang='grc' dir='ltr'>νεκροὺς,</span> <span class='ocrx_word' id='word_1_212' title='bbox 2388 1508 2587 1580; x_wconf 80' lang='grc' dir='ltr'>ὡραῖον</span> <span class='ocrx_word' id='word_1_213' title='bbox 2621 1508 2715 1563; x_wconf 75' lang='grc' dir='ltr'><strong>καὶ</strong></span> <span class='ocrx_word' id='word_1_214' title='bbox 2748 1507 2998 1579; x_wconf 76' lang='grc' dir='ltr'>λαμπρὸν</span> <span class='ocrx_word' id='word_1_215' title='bbox 3047 1507 3141 1561; x_wconf 72' lang='grc' dir='ltr'><strong>τοῦ</strong></span> <span class='ocrx_word' id='word_1_216' title='bbox 3185 1508 3414 1572; x_wconf 82' lang='grc' dir='ltr'>κάλλους</span> <span class='ocrx_word' id='word_1_217' title='bbox 3460 1507 3554 1560; x_wconf 78' lang='grc' dir='ltr'>τοῦ</span> <span class='ocrx_word' id='word_1_218' title='bbox 3586 1508 3703 1563; x_wconf 80' lang='grc' dir='ltr'><strong>Σω-</strong></span> 
     </span>
    </p>
   </div>
   <div class='ocr_carea' id='block_1_30' title="bbox 2106 1599 3703 1672">
    <p class='ocr_par' dir='ltr' id='par_1_30' title="bbox 2106 1599 3703 1672">
     <span class='ocr_line' id='line_1_30' title="bbox 2106 1599 3703 1672; baseline -0.001 -18"><span class='ocrx_word' id='word_1_219' title='bbox 2106 1600 2274 1672; x_wconf 76' lang='grc' dir='ltr'>τῆρος</span> <span class='ocrx_word' id='word_1_220' title='bbox 2313 1602 2369 1653; x_wconf 81' lang='grc' dir='ltr'><strong>ἐν</strong></span> <span class='ocrx_word' id='word_1_221' title='bbox 2410 1600 2599 1672; x_wconf 71' lang='grc' dir='ltr'>μηδενὶ</span> <span class='ocrx_word' id='word_1_222' title='bbox 2632 1599 3013 1670; x_wconf 79' lang='grc' dir='ltr'>συγχυθέντος,</span> <span class='ocrx_word' id='word_1_223' title='bbox 3049 1600 3185 1669; x_wconf 86' lang='grc' dir='ltr'><strong>μηδέ</strong></span> <span class='ocrx_word' id='word_1_224' title='bbox 3213 1599 3383 1670; x_wconf 78' lang='grc' dir='ltr'>ῥύπον</span> <span class='ocrx_word' id='word_1_225' title='bbox 3421 1600 3560 1671; x_wconf 81' lang='grc' dir='ltr'>μήτε</span> <span class='ocrx_word' id='word_1_226' title='bbox 3596 1599 3703 1671; x_wconf 78' lang='grc' dir='ltr'>μὴν</span> 
     </span>
    </p>
   </div>
   <div class='ocr_carea' id='block_1_31' title="bbox 2106 1688 3702 1761">
    <p class='ocr_par' dir='ltr' id='par_1_31' title="bbox 2106 1688 3702 1761">
     <span class='ocr_line' id='line_1_31' title="bbox 2106 1688 3702 1761; baseline -0.001 -19"><span class='ocrx_word' id='word_1_227' title='bbox 2106 1690 2300 1761; x_wconf 84' lang='grc' dir='ltr'>κηλίδα</span> <span class='ocrx_word' id='word_1_228' title='bbox 2327 1690 2419 1743; x_wconf 60' lang='grc' dir='ltr'><strong>καὶ⁵</strong></span> <span class='ocrx_word' id='word_1_229' title='bbox 2444 1690 2630 1743; x_wconf 85' lang='grc' dir='ltr'>σπῖλον</span> <span class='ocrx_word' id='word_1_230' title='bbox 2656 1690 2764 1743; x_wconf 83' lang='grc' dir='ltr'><strong>ἀπὸ</strong></span> <span class='ocrx_word' id='word_1_231' title='bbox 2789 1690 2888 1761; x_wconf 84' lang='grc' dir='ltr'>τῆς</span> <span class='ocrx_word' id='word_1_232' title='bbox 2921 1689 3111 1759; x_wconf 83' lang='grc' dir='ltr'>ὑλικῆς</span> <span class='ocrx_word' id='word_1_233' title='bbox 3134 1691 3228 1743; x_wconf 75' lang='grc' dir='ltr'><strong>καὶ</strong></span> <span class='ocrx_word' id='word_1_234' title='bbox 3261 1688 3578 1759; x_wconf 78' lang='grc' dir='ltr'>σωματικῆς</span> <span class='ocrx_word' id='word_1_235' title='bbox 3608 1706 3702 1741; x_wconf 87' lang='grc' dir='ltr'>κα-</span> 
     </span>
    </p>
   </div>
   <div class='ocr_carea' id='block_1_32' title="bbox 427 1773 1995 1869">
    <p class='ocr_par' dir='ltr' id='par_1_32' title="bbox 427 1773 1995 1869">
     <span class='ocr_line' id='line_1_32' title="bbox 427 1773 1995 1869; baseline 0.001 -27"><span class='ocrx_word' id='word_1_236' title='bbox 427 1787 658 1842; x_wconf 76' lang='grc' dir='ltr'>ιὶιιιιὶἰηθ</span> <span class='ocrx_word' id='word_1_237' title='bbox 679 1786 1018 1843; x_wconf 79' lang='lat' dir='ltr'><strong>fortitudinis</strong></span> <span class='ocrx_word' id='word_1_238' title='bbox 1043 1787 1199 1843; x_wconf 64' lang='lat' dir='ltr'><strong>suae?</strong></span> <span class='ocrx_word' id='word_1_239' title='bbox 1232 1806 1251 1839; x_wconf 76' lang='grc' dir='ltr'><strong>ι</strong></span> <span class='ocrx_word' id='word_1_240' title='bbox 1283 1785 1365 1869; x_wconf 81' lang='lat' dir='ltr'><strong>Ad</strong></span> <span class='ocrx_word' id='word_1_241' title='bbox 1410 1803 1574 1858; x_wconf 88' lang='lat' dir='ltr'><strong>quam</strong></span> <span class='ocrx_word' id='word_1_242' title='bbox 1619 1773 1995 1860; x_wconf 78' lang='lat' dir='ltr'><strong>interrogatio-</strong></span> 
     </span>
    </p>
   </div>
   <div class='ocr_carea' id='block_1_33' title="bbox 2095 1773 3703 1869">
    <p class='ocr_par' dir='ltr' id='par_1_33' title="bbox 2104 1779 3703 1852">
     <span class='ocr_line' id='line_1_33' title="bbox 2104 1779 3703 1852; baseline -0.001 -18"><span class='ocrx_word' id='word_1_243' title='bbox 2104 1781 2417 1845; x_wconf 77' lang='grc' dir='ltr'>ταστάσεως</span> <span class='ocrx_word' id='word_1_244' title='bbox 2449 1780 2557 1834; x_wconf 81' lang='grc' dir='ltr'><strong>τῶν</strong></span> <span class='ocrx_word' id='word_1_245' title='bbox 2585 1798 2644 1833; x_wconf 89' lang='grc' dir='ltr'><strong>τε</strong></span> <span class='ocrx_word' id='word_1_246' title='bbox 2675 1781 2879 1851; x_wconf 81' lang='grc' dir='ltr'>γηΐνων</span> <span class='ocrx_word' id='word_1_247' title='bbox 2920 1781 3015 1835; x_wconf 80' lang='grc' dir='ltr'><strong>καὶ</strong></span> <span class='ocrx_word' id='word_1_248' title='bbox 3056 1780 3410 1852; x_wconf 75' lang='grc' dir='ltr'>ἀνθρωπείων</span> <span class='ocrx_word' id='word_1_249' title='bbox 3445 1779 3703 1851; x_wconf 84' lang='grc' dir='ltr'>πραγμά-</span> 
     </span>
    </p>
   </div>
   <div class='ocr_carea' id='block_1_34' title="bbox 424 1870 1995 1951">
    <p class='ocr_par' dir='ltr' id='par_1_34' title="bbox 424 1876 1995 1951">
     <span class='ocr_line' id='line_1_34' title="bbox 424 1876 1995 1951; baseline 0.001 -21"><span class='ocrx_word' id='word_1_250' title='bbox 424 1893 547 1931; x_wconf 89' lang='lat' dir='ltr'><strong>nem</strong></span> <span class='ocrx_word' id='word_1_251' title='bbox 568 1876 816 1933; x_wconf 87' lang='lat' dir='ltr'><strong>Salvator</strong></span> <span class='ocrx_word' id='word_1_252' title='bbox 832 1893 919 1933; x_wconf 87' lang='lat' dir='ltr'><strong>res</strong></span> <span class='ocrx_word' id='word_1_253' title='bbox 924 1877 1353 1948; x_wconf 86' lang='lat' dir='ltr'><strong>pondet,docens</strong></span> <span class='ocrx_word' id='word_1_254' title='bbox 1370 1878 1494 1948; x_wconf 87' lang='lat' dir='ltr'><strong>quis</strong></span> <span class='ocrx_word' id='word_1_255' title='bbox 1509 1878 1995 1951; x_wconf 84' lang='lat' dir='ltr'><strong>esset,dicensque:</strong></span> 
     </span>
    </p>
   </div>
   <div class='ocr_carea' id='block_1_35' title="bbox 2095 1870 3703 1951">
    <p class='ocr_par' dir='ltr' id='par_1_35' title="bbox 2113 1870 3703 1943">
     <span class='ocr_line' id='line_1_35' title="bbox 2113 1870 3703 1943; baseline 0.003 -21"><span class='ocrx_word' id='word_1_256' title='bbox 2113 1887 2219 1923; x_wconf 89' lang='grc' dir='ltr'><strong>των</strong></span> <span class='ocrx_word' id='word_1_257' title='bbox 2241 1871 2638 1943; x_wconf 76' lang='grc' dir='ltr'>ἀναδεξαμένου</span> <span class='ocrx_word' id='word_1_258' title='bbox 2662 1888 2677 1903; x_wconf 85' lang='grc'><strong>·</strong></span> <span class='ocrx_word' id='word_1_259' title='bbox 2714 1871 2794 1925; x_wconf 77' lang='grc' dir='ltr'>ἔτι</span> <span class='ocrx_word' id='word_1_260' title='bbox 2822 1872 2880 1925; x_wconf 84' lang='grc' dir='ltr'><strong>δὲ</strong></span> <span class='ocrx_word' id='word_1_261' title='bbox 2906 1871 3000 1925; x_wconf 72' lang='grc' dir='ltr'>καὶ</span> <span class='ocrx_word' id='word_1_262' title='bbox 3025 1870 3123 1943; x_wconf 84' lang='grc' dir='ltr'>τὴν</span> <span class='ocrx_word' id='word_1_263' title='bbox 3156 1874 3308 1943; x_wconf 80' lang='grc' dir='ltr'>ἰσχὺν</span> <span class='ocrx_word' id='word_1_264' title='bbox 3337 1870 3502 1926; x_wconf 78' lang='grc' dir='ltr'>αὑτοῦ</span> <span class='ocrx_word' id='word_1_265' title='bbox 3532 1888 3703 1926; x_wconf 84' lang='grc' dir='ltr'>κατα-</span> 
     </span>
    </p>
   </div>
   <div class='ocr_carea' id='block_1_36' title="bbox 408 1969 2008 2043">
    <p class='ocr_par' dir='ltr' id='par_1_36' title="bbox 408 1969 2008 2043">
     <span class='ocr_line' id='line_1_36' title="bbox 408 1969 2008 2043; baseline 0.004 -22"><span class='ocrx_word' id='word_1_266' title='bbox 408 1982 450 2021; x_wconf 79' lang='grc'><strong><em>·‹</em></strong></span> <span class='ocrx_word' id='word_1_267' title='bbox 480 1969 593 2040; x_wconf 77' lang='lat' dir='ltr'><strong>Ego</strong></span> <span class='ocrx_word' id='word_1_268' title='bbox 619 1970 712 2043; x_wconf 86' lang='lat' dir='ltr'><strong>qui</strong></span> <span class='ocrx_word' id='word_1_269' title='bbox 740 1970 938 2041; x_wconf 88' lang='lat' dir='ltr'><strong>loquor</strong></span> <span class='ocrx_word' id='word_1_270' title='bbox 962 1970 1255 2041; x_wconf 88' lang='lat' dir='ltr'><strong>justitiam,</strong></span> <span class='ocrx_word' id='word_1_271' title='bbox 1287 1979 1341 2026; x_wconf 91' lang='lat' dir='ltr'><strong>et</strong></span> <span class='ocrx_word' id='word_1_272' title='bbox 1378 1983 1753 2042; x_wconf 82' lang='lat' dir='ltr'><strong>propugnator</strong></span> <span class='ocrx_word' id='word_1_273' title='bbox 1790 1988 1910 2028; x_wconf 88' lang='lat' dir='ltr'><strong>sum</strong></span> <span class='ocrx_word' id='word_1_274' title='bbox 1939 1971 2008 2028; x_wconf 90' lang='lat' dir='ltr'><strong>ad</strong></span> 
     </span>
    </p>
   </div>
   <div class='ocr_carea' id='block_1_37' title="bbox 423 2060 2007 2134">
    <p class='ocr_par' dir='ltr' id='par_1_37' title="bbox 423 2060 2007 2134">
     <span class='ocr_line' id='line_1_37' title="bbox 423 2060 2007 2134; baseline 0.004 -21"><span class='ocrx_word' id='word_1_275' title='bbox 423 2062 763 2116; x_wconf 85' lang='lat' dir='ltr'><strong>salvandum.</strong></span> <span class='ocrx_word' id='word_1_276' title='bbox 803 2080 822 2113; x_wconf 71' lang='grc' dir='ltr'><strong>ι</strong></span> <span class='ocrx_word' id='word_1_277' title='bbox 861 2060 1183 2132; x_wconf 83' lang='lat' dir='ltr'><strong>Rursusque</strong></span> <span class='ocrx_word' id='word_1_278' title='bbox 1213 2061 1281 2116; x_wconf 90' lang='lat' dir='ltr'><strong>ad</strong></span> <span class='ocrx_word' id='word_1_279' title='bbox 1312 2077 1438 2117; x_wconf 91' lang='lat' dir='ltr'><strong>eum</strong></span> <span class='ocrx_word' id='word_1_280' title='bbox 1474 2078 1655 2118; x_wconf 84' lang='lat' dir='ltr'><strong>sermo</strong></span> <span class='ocrx_word' id='word_1_281' title='bbox 1683 2065 1838 2134; x_wconf 86' lang='lat' dir='ltr'><strong>quasi</strong></span> <span class='ocrx_word' id='word_1_282' title='bbox 1884 2080 2007 2134; x_wconf 88' lang='lat' dir='ltr'><strong>pro-</strong></span> 
     </span>
    </p>
   </div>
   <div class='ocr_carea' id='block_1_38' title="bbox 423 2150 2007 2221">
    <p class='ocr_par' dir='ltr' id='par_1_38' title="bbox 423 2150 2007 2221">
     <span class='ocr_line' id='line_1_38' title="bbox 423 2150 2007 2221; baseline 0.002 -17"><span class='ocrx_word' id='word_1_283' title='bbox 423 2161 540 2220; x_wconf 87' lang='lat' dir='ltr'><strong>pter</strong></span> <span class='ocrx_word' id='word_1_284' title='bbox 567 2150 875 2221; x_wconf 86' lang='lat' dir='ltr'><strong>passionem</strong></span> <span class='ocrx_word' id='word_1_285' title='bbox 905 2150 1038 2205; x_wconf 89' lang='lat' dir='ltr'><strong>dicit</strong></span> <span class='ocrx_word' id='word_1_286' title='bbox 1066 2169 1078 2205; x_wconf 89' lang='lat'><strong>:</strong></span> <span class='ocrx_word' id='word_1_287' title='bbox 1111 2169 1130 2203; x_wconf 78' lang='grc' dir='ltr'><strong>ι</strong></span> <span class='ocrx_word' id='word_1_288' title='bbox 1158 2151 1338 2216; x_wconf 84' lang='lat' dir='ltr'><strong>Quare</strong></span> <span class='ocrx_word' id='word_1_289' title='bbox 1368 2165 1499 2219; x_wconf 80' lang='lat' dir='ltr'><strong>ergo</strong></span> <span class='ocrx_word' id='word_1_290' title='bbox 1527 2153 1753 2207; x_wconf 88' lang='lat' dir='ltr'><strong>rubrum</strong></span> <span class='ocrx_word' id='word_1_291' title='bbox 1790 2160 1871 2207; x_wconf 89' lang='lat' dir='ltr'><strong>est</strong></span> <span class='ocrx_word' id='word_1_292' title='bbox 1919 2154 2007 2207; x_wconf 82' lang='lat' dir='ltr'><strong>in-</strong></span> 
     </span>
    </p>
   </div>
   <div class='ocr_carea' id='block_1_39' title="bbox 420 2239 2003 2311">
    <p class='ocr_par' dir='ltr' id='par_1_39' title="bbox 420 2239 2003 2311">
     <span class='ocr_line' id='line_1_39' title="bbox 420 2239 2003 2311; baseline 0.004 -21"><span class='ocrx_word' id='word_1_293' title='bbox 420 2239 733 2294; x_wconf 86' lang='lat' dir='ltr'><strong>dumentum</strong></span> <span class='ocrx_word' id='word_1_294' title='bbox 768 2239 962 2293; x_wconf 86' lang='lat' dir='ltr'><strong>tuum?</strong></span> <span class='ocrx_word' id='word_1_295' title='bbox 999 2257 1020 2290; x_wconf 70' lang='grc' dir='ltr'><strong>ι</strong></span> <span class='ocrx_word' id='word_1_296' title='bbox 1046 2246 1100 2295; x_wconf 90' lang='lat' dir='ltr'><strong>et</strong></span> <span class='ocrx_word' id='word_1_297' title='bbox 1126 2254 1249 2308; x_wconf 67' lang='lat' dir='ltr'><strong>qua:</strong></span> <span class='ocrx_word' id='word_1_298' title='bbox 1279 2247 1603 2311; x_wconf 87' lang='lat' dir='ltr'><strong>sequuntur.</strong></span> <span class='ocrx_word' id='word_1_299' title='bbox 1649 2242 1820 2309; x_wconf 85' lang='lat' dir='ltr'><strong>Quasi</strong></span> <span class='ocrx_word' id='word_1_300' title='bbox 1857 2243 2003 2297; x_wconf 88' lang='lat' dir='ltr'><strong>enim</strong></span> 
     </span>
    </p>
   </div>
   <div class='ocr_carea' id='block_1_40' title="bbox 417 2328 1996 2405">
    <p class='ocr_par' dir='ltr' id='par_1_40' title="bbox 417 2328 1996 2405">
     <span class='ocr_line' id='line_1_40' title="bbox 417 2328 1996 2405; baseline 0.004 -21"><span class='ocrx_word' id='word_1_301' title='bbox 417 2331 606 2399; x_wconf 73' lang='lat' dir='ltr'><strong>Agnus</strong></span> <span class='ocrx_word' id='word_1_302' title='bbox 631 2328 746 2391; x_wconf 85' lang='lat' dir='ltr'><strong>Dei,</strong></span> <span class='ocrx_word' id='word_1_303' title='bbox 772 2331 968 2386; x_wconf 88' lang='lat' dir='ltr'><strong>tollens</strong></span> <span class='ocrx_word' id='word_1_304' title='bbox 1018 2332 1073 2387; x_wconf 88' lang='lat' dir='ltr'><strong>in</strong></span> <span class='ocrx_word' id='word_1_305' title='bbox 1103 2332 1341 2402; x_wconf 90' lang='lat' dir='ltr'><strong>seipsum</strong></span> <span class='ocrx_word' id='word_1_306' title='bbox 1380 2340 1602 2405; x_wconf 85' lang='lat' dir='ltr'><strong>peccata</strong></span> <span class='ocrx_word' id='word_1_307' title='bbox 1635 2334 1848 2398; x_wconf 90' lang='lat' dir='ltr'><strong>mundi,</strong></span> <span class='ocrx_word' id='word_1_308' title='bbox 1879 2351 1996 2405; x_wconf 76' lang='lat' dir='ltr'><strong>pec~</strong></span> 
     </span>
    </p>
   </div>
   <div class='ocr_carea' id='block_1_41' title="bbox 418 2421 2004 2498">
    <p class='ocr_par' dir='ltr' id='par_1_41' title="bbox 418 2421 2004 2498">
     <span class='ocr_line' id='line_1_41' title="bbox 418 2421 2004 2498; baseline 0.004 -22"><span class='ocrx_word' id='word_1_309' title='bbox 418 2421 554 2477; x_wconf 85' lang='lat' dir='ltr'><strong>catis</strong></span> <span class='ocrx_word' id='word_1_310' title='bbox 583 2424 790 2478; x_wconf 85' lang='lat' dir='ltr'><strong>nostris</strong></span> <span class='ocrx_word' id='word_1_311' title='bbox 817 2422 981 2477; x_wconf 90' lang='lat' dir='ltr'><strong>rubra</strong></span> <span class='ocrx_word' id='word_1_312' title='bbox 1028 2423 1204 2479; x_wconf 90' lang='lat' dir='ltr'><strong>induit</strong></span> <span class='ocrx_word' id='word_1_313' title='bbox 1256 2425 1600 2481; x_wconf 90' lang='lat' dir='ltr'><strong>vestimenta.</strong></span> <span class='ocrx_word' id='word_1_314' title='bbox 1658 2426 2004 2498; x_wconf 81' lang='lat' dir='ltr'><strong>Quapropter</strong></span> 
     </span>
    </p>
   </div>
   <div class='ocr_carea' id='block_1_42' title="bbox 416 2513 2003 2585">
    <p class='ocr_par' dir='ltr' id='par_1_42' title="bbox 416 2513 2003 2585">
     <span class='ocr_line' id='line_1_42' title="bbox 416 2513 2003 2585; baseline 0.005 -19"><span class='ocrx_word' id='word_1_315' title='bbox 416 2521 471 2567; x_wconf 93' lang='lat' dir='ltr'><strong>et</strong></span> <span class='ocrx_word' id='word_1_316' title='bbox 496 2514 551 2568; x_wconf 90' lang='lat' dir='ltr'><strong>in</strong></span> <span class='ocrx_word' id='word_1_317' title='bbox 584 2513 849 2569; x_wconf 75' lang='lat' dir='ltr'><strong>Zatharia</strong></span> <span class='ocrx_word' id='word_1_318' title='bbox 880 2515 1144 2585; x_wconf 85' lang='lat' dir='ltr'><strong>propheta</strong></span> <span class='ocrx_word' id='word_1_319' title='bbox 1178 2516 1418 2572; x_wconf 89' lang='lat' dir='ltr'><strong>dicitur:</strong></span> <span class='ocrx_word' id='word_1_320' title='bbox 1455 2536 1474 2568; x_wconf 75' lang='grc' dir='ltr'><strong>ι</strong></span> <span class='ocrx_word' id='word_1_321' title='bbox 1500 2515 1661 2574; x_wconf 84' lang='lat' dir='ltr'><strong>Jesus</strong></span> <span class='ocrx_word' id='word_1_322' title='bbox 1693 2528 1813 2573; x_wconf 88' lang='lat' dir='ltr'><strong>erat</strong></span> <span class='ocrx_word' id='word_1_323' title='bbox 1840 2520 2003 2574; x_wconf 85' lang='lat' dir='ltr'><strong>indu-</strong></span> 
     </span>
    </p>
   </div>
   <div class='ocr_carea' id='block_1_43' title="bbox 412 2605 2001 2680">
    <p class='ocr_par' dir='ltr' id='par_1_43' title="bbox 412 2605 2001 2680">
     <span class='ocr_line' id='line_1_43' title="bbox 412 2605 2001 2680; baseline 0.005 -22"><span class='ocrx_word' id='word_1_324' title='bbox 412 2610 505 2661; x_wconf 87' lang='lat' dir='ltr'><strong>tus</strong></span> <span class='ocrx_word' id='word_1_325' title='bbox 532 2605 778 2661; x_wconf 84' lang='lat' dir='ltr'><strong>vestibus</strong></span> <span class='ocrx_word' id='word_1_326' title='bbox 817 2605 1052 2663; x_wconf 81' lang='lat' dir='ltr'><strong>sordids</strong></span> <span class='ocrx_word' id='word_1_327' title='bbox 1083 2609 1124 2661; x_wconf 77' lang='grc'><strong>⁸.</strong></span> <span class='ocrx_word' id='word_1_328' title='bbox 1172 2627 1190 2660; x_wconf 75' lang='grc' dir='ltr'><strong>ι</strong></span> <span class='ocrx_word' id='word_1_329' title='bbox 1230 2607 1354 2663; x_wconf 82' lang='lat' dir='ltr'><strong>Haec</strong></span> <span class='ocrx_word' id='word_1_330' title='bbox 1383 2609 1528 2665; x_wconf 90' lang='lat' dir='ltr'><strong>enim</strong></span> <span class='ocrx_word' id='word_1_331' title='bbox 1563 2619 1719 2665; x_wconf 88' lang='lat' dir='ltr'><strong>erant</strong></span> <span class='ocrx_word' id='word_1_332' title='bbox 1745 2618 2001 2680; x_wconf 74' lang='lat' dir='ltr'><strong>peceato-</strong></span> 
     </span>
    </p>
   </div>
   <div class='ocr_carea' id='block_1_44' title="bbox 411 2696 2001 2771">
    <p class='ocr_par' dir='ltr' id='par_1_44' title="bbox 411 2696 2001 2771">
     <span class='ocr_line' id='line_1_44' title="bbox 411 2696 2001 2771; baseline 0.004 -21"><span class='ocrx_word' id='word_1_333' title='bbox 411 2709 533 2750; x_wconf 82' lang='lat' dir='ltr'><strong>rum</strong></span> <span class='ocrx_word' id='word_1_334' title='bbox 567 2704 877 2750; x_wconf 88' lang='lat' dir='ltr'><strong>nostrorum</strong></span> <span class='ocrx_word' id='word_1_335' title='bbox 908 2696 1250 2754; x_wconf 88' lang='lat' dir='ltr'><strong>indumenta.</strong></span> <span class='ocrx_word' id='word_1_336' title='bbox 1282 2697 1406 2754; x_wconf 89' lang='lat' dir='ltr'><strong>Ideo</strong></span> <span class='ocrx_word' id='word_1_337' title='bbox 1439 2700 1603 2769; x_wconf 88' lang='lat' dir='ltr'><strong>paulo</strong></span> <span class='ocrx_word' id='word_1_338' title='bbox 1629 2701 1884 2771; x_wconf 86' lang='lat' dir='ltr'><strong>superius</strong></span> <span class='ocrx_word' id='word_1_339' title='bbox 1914 2701 2001 2756; x_wconf 84' lang='lat' dir='ltr'><strong>di-</strong></span> 
     </span>
    </p>
   </div>
   <div class='ocr_carea' id='block_1_45' title="bbox 406 2786 1998 2862">
    <p class='ocr_par' dir='ltr' id='par_1_45' title="bbox 406 2786 1998 2862">
     <span class='ocr_line' id='line_1_45' title="bbox 406 2786 1998 2862; baseline 0.004 -22"><span class='ocrx_word' id='word_1_340' title='bbox 406 2794 561 2840; x_wconf 74' lang='lat' dir='ltr'><strong>ctum</strong></span> <span class='ocrx_word' id='word_1_341' title='bbox 595 2795 751 2843; x_wconf 89' lang='lat' dir='ltr'><strong>erat:</strong></span> <span class='ocrx_word' id='word_1_342' title='bbox 791 2806 808 2839; x_wconf 79' lang='grc' dir='ltr'><strong>ι</strong></span> <span class='ocrx_word' id='word_1_343' title='bbox 841 2786 941 2843; x_wconf 88' lang='lat' dir='ltr'><strong>llic</strong></span> <span class='ocrx_word' id='word_1_344' title='bbox 973 2788 1290 2859; x_wconf 86' lang='lat' dir='ltr'><strong>iniquitates</strong></span> <span class='ocrx_word' id='word_1_345' title='bbox 1338 2799 1558 2846; x_wconf 90' lang='lat' dir='ltr'><strong>nostras</strong></span> <span class='ocrx_word' id='word_1_346' title='bbox 1607 2792 1761 2855; x_wconf 88' lang='lat' dir='ltr'><strong>tulit,</strong></span> <span class='ocrx_word' id='word_1_347' title='bbox 1806 2799 1862 2846; x_wconf 85' lang='lat' dir='ltr'><strong>ct</strong></span> <span class='ocrx_word' id='word_1_348' title='bbox 1897 2807 1998 2862; x_wconf 92' lang='lat' dir='ltr'><strong>pro</strong></span> 
     </span>
    </p>
   </div>
   <div class='ocr_carea' id='block_1_46' title="bbox 414 2876 1994 2951">
    <p class='ocr_par' dir='ltr' id='par_1_46' title="bbox 414 2876 1994 2951">
     <span class='ocr_line' id='line_1_46' title="bbox 414 2876 1994 2951; baseline 0.005 -22"><span class='ocrx_word' id='word_1_349' title='bbox 414 2876 572 2933; x_wconf 91' lang='lat' dir='ltr'><strong>nobis</strong></span> <span class='ocrx_word' id='word_1_350' title='bbox 596 2892 793 2949; x_wconf 86' lang='lat' dir='ltr'><strong>passus</strong></span> <span class='ocrx_word' id='word_1_351' title='bbox 821 2885 924 2935; x_wconf 89' lang='lat' dir='ltr'><strong>est.</strong></span> <span class='ocrx_word' id='word_1_352' title='bbox 974 2897 994 2933; x_wconf 69' lang='grc' dir='ltr'><strong>ο</strong></span> <span class='ocrx_word' id='word_1_353' title='bbox 1028 2879 1148 2951; x_wconf 90' lang='lat' dir='ltr'><strong>Ipse</strong></span> <span class='ocrx_word' id='word_1_354' title='bbox 1175 2879 1319 2936; x_wconf 89' lang='lat' dir='ltr'><strong>enim</strong></span> <span class='ocrx_word' id='word_1_355' title='bbox 1351 2900 1370 2933; x_wconf 76' lang='grc' dir='ltr'><strong>ι</strong></span> <span class='ocrx_word' id='word_1_356' title='bbox 1399 2881 1742 2951; x_wconf 87' lang='lat' dir='ltr'><strong>iniquitatem</strong></span> <span class='ocrx_word' id='word_1_357' title='bbox 1782 2897 1890 2936; x_wconf 81' lang='lat' dir='ltr'><strong>non</strong></span> <span class='ocrx_word' id='word_1_358' title='bbox 1916 2882 1994 2938; x_wconf 86' lang='lat' dir='ltr'><strong>fe-</strong></span> 
     </span>
    </p>
   </div>
   <div class='ocr_carea' id='block_1_47' title="bbox 410 2969 1992 3042">
    <p class='ocr_par' dir='ltr' id='par_1_47' title="bbox 410 2969 1992 3042">
     <span class='ocr_line' id='line_1_47' title="bbox 410 2969 1992 3042; baseline 0.003 -18"><span class='ocrx_word' id='word_1_359' title='bbox 410 2969 508 3029; x_wconf 87' lang='lat' dir='ltr'><strong>cit.</strong></span> <span class='ocrx_word' id='word_1_360' title='bbox 537 2984 712 3041; x_wconf 88' lang='lat' dir='ltr'><strong>neque</strong></span> <span class='ocrx_word' id='word_1_361' title='bbox 738 2970 993 3027; x_wconf 88' lang='lat' dir='ltr'><strong>inventus</strong></span> <span class='ocrx_word' id='word_1_362' title='bbox 1013 2980 1097 3031; x_wconf 89' lang='lat' dir='ltr'><strong>est</strong></span> <span class='ocrx_word' id='word_1_363' title='bbox 1119 2972 1278 3028; x_wconf 90' lang='lat' dir='ltr'><strong>dolus</strong></span> <span class='ocrx_word' id='word_1_364' title='bbox 1299 2972 1355 3027; x_wconf 92' lang='lat' dir='ltr'><strong>in</strong></span> <span class='ocrx_word' id='word_1_365' title='bbox 1381 2989 1477 3029; x_wconf 90' lang='lat' dir='ltr'><strong>ore</strong></span> <span class='ocrx_word' id='word_1_366' title='bbox 1494 2973 1617 3042; x_wconf 85' lang='lat' dir='ltr'><strong>ejus</strong></span> <span class='ocrx_word' id='word_1_367' title='bbox 1646 2976 1687 3026; x_wconf 83' lang='grc'><strong>².</strong></span> <span class='ocrx_word' id='word_1_368' title='bbox 1734 2992 1754 3025; x_wconf 81' lang='grc' dir='ltr'><strong>ι</strong></span> <span class='ocrx_word' id='word_1_369' title='bbox 1793 2973 1992 3029; x_wconf 85' lang='lat' dir='ltr'><strong>lterum</strong></span> 
     </span>
    </p>
   </div>
   <div class='ocr_carea' id='block_1_48' title="bbox 413 3059 1993 3133">
    <p class='ocr_par' dir='ltr' id='par_1_48' title="bbox 413 3059 1993 3133">
     <span class='ocr_line' id='line_1_48' title="bbox 413 3059 1993 3133; baseline 0.004 -18"><span class='ocrx_word' id='word_1_370' title='bbox 413 3059 665 3116; x_wconf 87' lang='lat' dir='ltr'><strong>Salvator</strong></span> <span class='ocrx_word' id='word_1_371' title='bbox 715 3062 1131 3133; x_wconf 77' lang='lat' dir='ltr'><strong>interrogationi</strong></span> <span class='ocrx_word' id='word_1_372' title='bbox 1160 3066 1519 3133; x_wconf 84' lang='lat' dir='ltr'><strong>respondens.</strong></span> <span class='ocrx_word' id='word_1_373' title='bbox 1551 3062 1692 3119; x_wconf 90' lang='lat' dir='ltr'><strong>unde</strong></span> <span class='ocrx_word' id='word_1_374' title='bbox 1718 3064 1883 3120; x_wconf 87' lang='lat' dir='ltr'><strong>rubra</strong></span> <span class='ocrx_word' id='word_1_375' title='bbox 1914 3066 1993 3121; x_wconf 87' lang='lat' dir='ltr'><strong>fa-</strong></span> 
     </span>
    </p>
   </div>
   <div class='ocr_carea' id='block_1_49' title="bbox 400 3153 1990 3228">
    <p class='ocr_par' dir='ltr' id='par_1_49' title="bbox 400 3153 1990 3228">
     <span class='ocr_line' id='line_1_49' title="bbox 400 3153 1990 3228; baseline 0.004 -21"><span class='ocrx_word' id='word_1_376' title='bbox 400 3160 497 3207; x_wconf 70' lang='lat' dir='ltr'><strong>cta</strong></span> <span class='ocrx_word' id='word_1_377' title='bbox 528 3154 638 3209; x_wconf 91' lang='lat' dir='ltr'><strong>sint</strong></span> <span class='ocrx_word' id='word_1_378' title='bbox 672 3153 993 3209; x_wconf 82' lang='lat' dir='ltr'><strong>vestimenta</strong></span> <span class='ocrx_word' id='word_1_379' title='bbox 1047 3168 1147 3210; x_wconf 90' lang='lat' dir='ltr'><strong>sua</strong></span> <span class='ocrx_word' id='word_1_380' title='bbox 1188 3154 1348 3210; x_wconf 89' lang='lat' dir='ltr'><strong>docet</strong></span> <span class='ocrx_word' id='word_1_381' title='bbox 1399 3155 1588 3211; x_wconf 88' lang='lat' dir='ltr'><strong>dicens</strong></span> <span class='ocrx_word' id='word_1_382' title='bbox 1621 3174 1635 3210; x_wconf 91' lang='lat'><strong>:</strong></span> <span class='ocrx_word' id='word_1_383' title='bbox 1674 3174 1693 3208; x_wconf 77' lang='grc' dir='ltr'><strong>ι</strong></span> <span class='ocrx_word' id='word_1_384' title='bbox 1745 3156 1787 3208; x_wconf 89' lang='grc' dir='ltr'><strong>Ε</strong></span> <span class='ocrx_word' id='word_1_385' title='bbox 1815 3159 1990 3228; x_wconf 77' lang='lat' dir='ltr'><strong>genti-</strong></span> 
     </span>
    </p>
   </div>
   <div class='ocr_carea' id='block_1_50' title="bbox 2108 1962 3699 2038">
    <p class='ocr_par' dir='ltr' id='par_1_50' title="bbox 2108 1962 3699 2038">
     <span class='ocr_line' id='line_1_50' title="bbox 2108 1962 3699 2038; baseline 0.001 -22"><span class='ocrx_word' id='word_1_386' title='bbox 2108 1962 2494 2035; x_wconf 85' lang='grc' dir='ltr'>πληττόμενος,</span> <span class='ocrx_word' id='word_1_387' title='bbox 2523 1966 2621 2035; x_wconf 83' lang='grc' dir='ltr'>τὴν</span> <span class='ocrx_word' id='word_1_388' title='bbox 2646 1966 2823 2019; x_wconf 81' lang='grc' dir='ltr'>πᾶσαν</span> <span class='ocrx_word' id='word_1_389' title='bbox 2862 1963 2957 2017; x_wconf 82' lang='grc' dir='ltr'>τοῦ</span> <span class='ocrx_word' id='word_1_390' title='bbox 2997 1965 3243 2019; x_wconf 72' lang='grc' dir='ltr'>διάϐολον</span> <span class='ocrx_word' id='word_1_391' title='bbox 3278 1964 3540 2038; x_wconf 82' lang='grc' dir='ltr'>στρατιὰν</span> <span class='ocrx_word' id='word_1_392' title='bbox 3561 1981 3699 2019; x_wconf 64' lang='grc' dir='ltr'>κατι</span> 
     </span>
    </p>
   </div>
   <div class='ocr_carea' id='block_1_51' title="bbox 2107 2053 3699 2127">
    <p class='ocr_par' dir='ltr' id='par_1_51' title="bbox 2107 2053 3699 2127">
     <span class='ocr_line' id='line_1_51' title="bbox 2107 2053 3699 2127; baseline 0.001 -21"><span class='ocrx_word' id='word_1_393' title='bbox 2107 2056 2534 2124; x_wconf 77' lang='grc' dir='ltr'>ἀγωνισαμένου.</span> <span class='ocrx_word' id='word_1_394' title='bbox 2571 2054 2850 2125; x_wconf 83' lang='grc' dir='ltr'>Ἐπιφέρει</span> <span class='ocrx_word' id='word_1_395' title='bbox 2884 2053 2965 2119; x_wconf 84' lang='grc' dir='ltr'><strong>τὸ,</strong></span> <span class='ocrx_word' id='word_1_396' title='bbox 3002 2073 3020 2106; x_wconf 76' lang='grc' dir='ltr'><strong>ι</strong></span> <span class='ocrx_word' id='word_1_397' title='bbox 3051 2053 3238 2118; x_wconf 80' lang='grc' dir='ltr'>Οὕτως</span> <span class='ocrx_word' id='word_1_398' title='bbox 3264 2055 3463 2127; x_wconf 85' lang='grc' dir='ltr'>ὡραῖος</span> <span class='ocrx_word' id='word_1_399' title='bbox 3494 2058 3551 2107; x_wconf 86' lang='grc' dir='ltr'><strong>ἐν</strong></span> <span class='ocrx_word' id='word_1_400' title='bbox 3577 2070 3699 2108; x_wconf 88' lang='grc' dir='ltr'>στο-</span> 
     </span>
    </p>
   </div>
   <div class='ocr_carea' id='block_1_52' title="bbox 2104 2142 3699 2219">
    <p class='ocr_par' dir='ltr' id='par_1_52' title="bbox 2104 2142 3699 2219">
     <span class='ocr_line' id='line_1_52' title="bbox 2104 2142 3699 2219; baseline 0.003 -24"><span class='ocrx_word' id='word_1_401' title='bbox 2104 2142 2193 2215; x_wconf 82' lang='grc' dir='ltr'>λῇ,</span> <span class='ocrx_word' id='word_1_402' title='bbox 2213 2144 2306 2217; x_wconf 64' lang='grc' dir='ltr'>βία</span> <span class='ocrx_word' id='word_1_403' title='bbox 2341 2145 2480 2217; x_wconf 84' lang='grc' dir='ltr'><strong>μετά</strong></span> <span class='ocrx_word' id='word_1_404' title='bbox 2515 2146 2731 2216; x_wconf 84' lang='grc' dir='ltr'>ίσχύος;</span> <span class='ocrx_word' id='word_1_405' title='bbox 2760 2166 2780 2197; x_wconf 72' lang='grc' dir='ltr'><strong>ι</strong></span> <span class='ocrx_word' id='word_1_406' title='bbox 2807 2148 2945 2219; x_wconf 80' lang='grc' dir='ltr'>πρὸς</span> <span class='ocrx_word' id='word_1_407' title='bbox 2972 2148 3037 2219; x_wconf 78' lang='grc' dir='ltr'>ἣν</span> <span class='ocrx_word' id='word_1_408' title='bbox 3068 2146 3261 2200; x_wconf 80' lang='grc' dir='ltr'>πεῦσιν</span> <span class='ocrx_word' id='word_1_409' title='bbox 3288 2149 3316 2201; x_wconf 92' lang='lat'><strong>6</strong></span> <span class='ocrx_word' id='word_1_410' title='bbox 3344 2146 3535 2219; x_wconf 76' lang='grc' dir='ltr'>Σωτὴρ</span> <span class='ocrx_word' id='word_1_411' title='bbox 3560 2147 3699 2200; x_wconf 87' lang='grc' dir='ltr'>ἀπο-</span> 
     </span>
    </p>
   </div>
   <div class='ocr_carea' id='block_1_53' title="bbox 2104 2236 3694 2311">
    <p class='ocr_par' dir='ltr' id='par_1_53' title="bbox 2104 2236 3694 2311">
     <span class='ocr_line' id='line_1_53' title="bbox 2104 2236 3694 2311; baseline 0.002 -22"><span class='ocrx_word' id='word_1_412' title='bbox 2104 2237 2369 2308; x_wconf 79' lang='grc' dir='ltr'>κρίνεται,</span> <span class='ocrx_word' id='word_1_413' title='bbox 2398 2238 2663 2292; x_wconf 79' lang='grc' dir='ltr'>διδάσκων</span> <span class='ocrx_word' id='word_1_414' title='bbox 2696 2239 2844 2304; x_wconf 81' lang='grc' dir='ltr'>ὅστις</span> <span class='ocrx_word' id='word_1_415' title='bbox 2874 2240 3007 2293; x_wconf 83' lang='grc' dir='ltr'>ποτὲ</span> <span class='ocrx_word' id='word_1_416' title='bbox 3038 2241 3146 2311; x_wconf 79' lang='grc' dir='ltr'>εἴη,</span> <span class='ocrx_word' id='word_1_417' title='bbox 3179 2241 3270 2294; x_wconf 86' lang='grc' dir='ltr'><strong>καί</strong></span> <span class='ocrx_word' id='word_1_418' title='bbox 3303 2256 3527 2311; x_wconf 74' lang='grc' dir='ltr'>φησιν’(</span> <span class='ocrx_word' id='word_1_419' title='bbox 3551 2236 3694 2308; x_wconf 85' lang='grc' dir='ltr'><strong>Ἐγὼ</strong></span> 
     </span>
    </p>
   </div>
   <div class='ocr_carea' id='block_1_54' title="bbox 2102 2328 3694 2406">
    <p class='ocr_par' dir='ltr' id='par_1_54' title="bbox 2102 2328 3694 2406">
     <span class='ocr_line' id='line_1_54' title="bbox 2102 2328 3694 2406; baseline 0.003 -25"><span class='ocrx_word' id='word_1_420' title='bbox 2102 2328 2417 2401; x_wconf 76' lang='grc' dir='ltr'>διαλέγομαι</span> <span class='ocrx_word' id='word_1_421' title='bbox 2443 2332 2810 2406; x_wconf 84' lang='grc' dir='ltr'>δικαιοσύνην,</span> <span class='ocrx_word' id='word_1_422' title='bbox 2846 2334 2942 2387; x_wconf 82' lang='grc' dir='ltr'>καὶ</span> <span class='ocrx_word' id='word_1_423' title='bbox 2969 2337 3142 2406; x_wconf 84' lang='grc' dir='ltr'>κρίμα</span> <span class='ocrx_word' id='word_1_424' title='bbox 3171 2333 3491 2406; x_wconf 79' lang='grc' dir='ltr'>σωτηρίου.»</span> <span class='ocrx_word' id='word_1_425' title='bbox 3524 2332 3694 2386; x_wconf 88' lang='grc' dir='ltr'>Πάλιν</span> 
     </span>
    </p>
   </div>
   <div class='ocr_carea' id='block_1_55' title="bbox 2094 2421 3694 2496">
    <p class='ocr_par' dir='ltr' id='par_1_55' title="bbox 2094 2421 3694 2496">
     <span class='ocr_line' id='line_1_55' title="bbox 2094 2421 3694 2496; baseline 0.003 -22"><span class='ocrx_word' id='word_1_426' title='bbox 2094 2421 2159 2474; x_wconf 79' lang='grc' dir='ltr'>δὲ</span> <span class='ocrx_word' id='word_1_427' title='bbox 2181 2423 2317 2494; x_wconf 81' lang='grc' dir='ltr'>πρὸς</span> <span class='ocrx_word' id='word_1_428' title='bbox 2339 2425 2502 2478; x_wconf 80' lang='grc' dir='ltr'>αὐτὸν</span> <span class='ocrx_word' id='word_1_429' title='bbox 2532 2429 2560 2479; x_wconf 91' lang='lat'><strong>6</strong></span> <span class='ocrx_word' id='word_1_430' title='bbox 2600 2425 2764 2494; x_wconf 85' lang='grc' dir='ltr'>λόγος</span> <span class='ocrx_word' id='word_1_431' title='bbox 2784 2426 2859 2490; x_wconf 88' lang='grc' dir='ltr'>ὡς</span> <span class='ocrx_word' id='word_1_432' title='bbox 2884 2426 2973 2480; x_wconf 77' lang='grc' dir='ltr'>διὰ</span> <span class='ocrx_word' id='word_1_433' title='bbox 2999 2426 3061 2479; x_wconf 83' lang='grc' dir='ltr'><strong>τὸ</strong></span> <span class='ocrx_word' id='word_1_434' title='bbox 3088 2425 3259 2488; x_wconf 81' lang='grc' dir='ltr'>πάθος</span> <span class='ocrx_word' id='word_1_435' title='bbox 3285 2425 3437 2496; x_wconf 86' lang='grc' dir='ltr'>φησί·</span> <span class='ocrx_word' id='word_1_436' title='bbox 3470 2444 3489 2475; x_wconf 76' lang='grc' dir='ltr'><strong>ι</strong></span> <span class='ocrx_word' id='word_1_437' title='bbox 3519 2422 3619 2483; x_wconf 85' lang='grc' dir='ltr'>Διά</span> <span class='ocrx_word' id='word_1_438' title='bbox 3638 2423 3694 2479; x_wconf 80' lang='grc' dir='ltr'><strong>τι</strong></span> 
     </span>
    </p>
   </div>
   <div class='ocr_carea' id='block_1_56' title="bbox 2103 2514 3690 2590">
    <p class='ocr_par' dir='ltr' id='par_1_56' title="bbox 2103 2514 3690 2590">
     <span class='ocr_line' id='line_1_56' title="bbox 2103 2514 3690 2590; baseline 0.008 -23"><span class='ocrx_word' id='word_1_439' title='bbox 2103 2515 2197 2568; x_wconf 80' lang='grc' dir='ltr'>σοῦ</span> <span class='ocrx_word' id='word_1_440' title='bbox 2226 2516 2435 2587; x_wconf 81' lang='grc' dir='ltr'>ἐρυθρὰ</span> <span class='ocrx_word' id='word_1_441' title='bbox 2460 2521 2529 2572; x_wconf 72' lang='grc' dir='ltr'><strong>τά</strong></span> <span class='ocrx_word' id='word_1_442' title='bbox 2566 2519 2755 2589; x_wconf 83' lang='grc' dir='ltr'>ἱμάτια</span> <span class='ocrx_word' id='word_1_443' title='bbox 2778 2536 2793 2585; x_wconf 92' lang='lat'><strong>;</strong></span> <span class='ocrx_word' id='word_1_444' title='bbox 2828 2539 2846 2570; x_wconf 74' lang='grc' dir='ltr'><strong>ι</strong></span> <span class='ocrx_word' id='word_1_445' title='bbox 2865 2520 2959 2572; x_wconf 66' lang='grc' dir='ltr'><strong>καλ⁵</strong></span> <span class='ocrx_word' id='word_1_446' title='bbox 2981 2519 3050 2572; x_wconf 78' lang='grc' dir='ltr'>τὰ</span> <span class='ocrx_word' id='word_1_447' title='bbox 3075 2518 3224 2590; x_wconf 77' lang='grc' dir='ltr'><strong>ἑξῆς.</strong></span> <span class='ocrx_word' id='word_1_448' title='bbox 3254 2514 3357 2572; x_wconf 76' lang='grc' dir='ltr'><strong>Οἷα</strong></span> <span class='ocrx_word' id='word_1_449' title='bbox 3372 2516 3479 2589; x_wconf 85' lang='grc' dir='ltr'>γὰρ</span> <span class='ocrx_word' id='word_1_450' title='bbox 3495 2515 3690 2586; x_wconf 82' lang='grc' dir='ltr'>Ἀμνδς</span> 
     </span>
    </p>
   </div>
   <div class='ocr_carea' id='block_1_57' title="bbox 2099 2606 3688 2683">
    <p class='ocr_par' dir='ltr' id='par_1_57' title="bbox 2099 2606 3688 2683">
     <span class='ocr_line' id='line_1_57' title="bbox 2099 2606 3688 2683; baseline 0 -23"><span class='ocrx_word' id='word_1_451' title='bbox 2099 2606 2194 2660; x_wconf 76' lang='grc' dir='ltr'>τοῦ</span> <span class='ocrx_word' id='word_1_452' title='bbox 2225 2608 2382 2672; x_wconf 79' lang='grc' dir='ltr'>Θεοῦ,</span> <span class='ocrx_word' id='word_1_453' title='bbox 2411 2609 2549 2681; x_wconf 83' lang='grc' dir='ltr'>ἄρας</span> <span class='ocrx_word' id='word_1_454' title='bbox 2577 2612 2657 2674; x_wconf 88' lang='grc' dir='ltr'>εἰς</span> <span class='ocrx_word' id='word_1_455' title='bbox 2691 2611 2878 2664; x_wconf 59' lang='grc' dir='ltr'>ἐαλτὺν</span> <span class='ocrx_word' id='word_1_456' title='bbox 2903 2611 3003 2674; x_wconf 78' lang='grc' dir='ltr'><strong>τάς</strong></span> <span class='ocrx_word' id='word_1_457' title='bbox 3032 2610 3308 2683; x_wconf 82' lang='grc' dir='ltr'>ἁμαρτίας</span> <span class='ocrx_word' id='word_1_458' title='bbox 3336 2608 3428 2663; x_wconf 79' lang='grc' dir='ltr'>τοῦ</span> <span class='ocrx_word' id='word_1_459' title='bbox 3454 2608 3688 2679; x_wconf 77' lang='grc' dir='ltr'>κόσμου,</span> 
     </span>
    </p>
   </div>
   <div class='ocr_carea' id='block_1_58' title="bbox 2099 2700 3689 2775">
    <p class='ocr_par' dir='ltr' id='par_1_58' title="bbox 2099 2700 3689 2775">
     <span class='ocr_line' id='line_1_58' title="bbox 2099 2700 3689 2775; baseline -0.001 -22"><span class='ocrx_word' id='word_1_460' title='bbox 2099 2702 2162 2753; x_wconf 89' lang='grc' dir='ltr'><strong>ἐκ</strong></span> <span class='ocrx_word' id='word_1_461' title='bbox 2194 2700 2299 2754; x_wconf 81' lang='grc' dir='ltr'><strong>τῶν</strong></span> <span class='ocrx_word' id='word_1_462' title='bbox 2327 2701 2607 2774; x_wconf 79' lang='grc' dir='ltr'>ἡμετέρων</span> <span class='ocrx_word' id='word_1_463' title='bbox 2641 2702 2927 2775; x_wconf 83' lang='grc' dir='ltr'>ἁμαρτιῶν</span> <span class='ocrx_word' id='word_1_464' title='bbox 2978 2701 3185 2774; x_wconf 86' lang='grc' dir='ltr'>ἐρυθρά</span> <span class='ocrx_word' id='word_1_465' title='bbox 3212 2701 3284 2755; x_wconf 90' lang='grc' dir='ltr'><strong>τά</strong></span> <span class='ocrx_word' id='word_1_466' title='bbox 3315 2700 3504 2772; x_wconf 82' lang='grc' dir='ltr'>ἱμάτια</span> <span class='ocrx_word' id='word_1_467' title='bbox 3527 2716 3689 2771; x_wconf 83' lang='grc' dir='ltr'>περι-</span> 
     </span>
    </p>
   </div>
   <div class='ocr_carea' id='block_1_59' title="bbox 2098 2789 3685 2863">
    <p class='ocr_par' dir='ltr' id='par_1_59' title="bbox 2098 2789 3685 2863">
     <span class='ocr_line' id='line_1_59' title="bbox 2098 2789 3685 2863; baseline -0.002 -19"><span class='ocrx_word' id='word_1_468' title='bbox 2098 2791 2354 2845; x_wconf 85' lang='grc' dir='ltr'>εϐάλετο·</span> <span class='ocrx_word' id='word_1_469' title='bbox 2401 2791 2590 2856; x_wconf 85' lang='grc' dir='ltr'>ὡςδιά</span> <span class='ocrx_word' id='word_1_470' title='bbox 2630 2790 2789 2847; x_wconf 79' lang='grc' dir='ltr'>τοῦτο</span> <span class='ocrx_word' id='word_1_471' title='bbox 2829 2794 2922 2846; x_wconf 77' lang='grc' dir='ltr'>καὶ</span> <span class='ocrx_word' id='word_1_472' title='bbox 2948 2792 3007 2845; x_wconf 91' lang='grc' dir='ltr'><strong>ἐν</strong></span> <span class='ocrx_word' id='word_1_473' title='bbox 3041 2793 3286 2863; x_wconf 75' lang='grc' dir='ltr'>Ζαχαρία</span> <span class='ocrx_word' id='word_1_474' title='bbox 3321 2789 3398 2861; x_wconf 80' lang='grc' dir='ltr'>τῷ</span> <span class='ocrx_word' id='word_1_475' title='bbox 3430 2790 3685 2861; x_wconf 76' lang='grc' dir='ltr'>προφήτῃ</span> 
     </span>
    </p>
   </div>
   <div class='ocr_carea' id='block_1_60' title="bbox 2096 2880 3684 2956">
    <p class='ocr_par' dir='ltr' id='par_1_60' title="bbox 2096 2880 3684 2956">
     <span class='ocr_line' id='line_1_60' title="bbox 2096 2880 3684 2956; baseline -0.001 -20"><span class='ocrx_word' id='word_1_476' title='bbox 2096 2883 2348 2952; x_wconf 88' lang='grc' dir='ltr'>λέγεσθαι</span> <span class='ocrx_word' id='word_1_477' title='bbox 2390 2884 2487 2938; x_wconf 78' lang='grc' dir='ltr'><strong>τό·</strong></span> <span class='ocrx_word' id='word_1_478' title='bbox 2532 2903 2552 2935; x_wconf 71' lang='grc' dir='ltr'><strong>ι</strong></span> <span class='ocrx_word' id='word_1_479' title='bbox 2581 2885 2692 2938; x_wconf 76' lang='grc' dir='ltr'><strong>Καὶ</strong></span> <span class='ocrx_word' id='word_1_480' title='bbox 2736 2884 2942 2956; x_wconf 79' lang='grc' dir='ltr'>Ἰησοῦς</span> <span class='ocrx_word' id='word_1_481' title='bbox 2988 2880 3056 2956; x_wconf 77' lang='grc' dir='ltr'>ἦν</span> <span class='ocrx_word' id='word_1_482' title='bbox 3102 2884 3447 2955; x_wconf 74' lang='grc' dir='ltr'>ἐνδεδυμένος</span> <span class='ocrx_word' id='word_1_483' title='bbox 3492 2883 3684 2952; x_wconf 83' lang='grc' dir='ltr'>ἱμάτια</span> 
     </span>
    </p>
   </div>
   <div class='ocr_carea' id='block_1_61' title="bbox 2096 2973 3686 3049">
    <p class='ocr_par' dir='ltr' id='par_1_61' title="bbox 2096 2973 3686 3049">
     <span class='ocr_line' id='line_1_61' title="bbox 2096 2973 3686 3049; baseline -0.011 -17"><span class='ocrx_word' id='word_1_484' title='bbox 2096 2977 2319 3048; x_wconf 75' lang='grc' dir='ltr'>ῥυπαρά</span> <span class='ocrx_word' id='word_1_485' title='bbox 2365 2996 2384 3028; x_wconf 74' lang='grc' dir='ltr'><strong>ι</strong></span> <span class='ocrx_word' id='word_1_486' title='bbox 2424 2976 2609 3030; x_wconf 81' lang='grc' dir='ltr'>Ταῦτα</span> <span class='ocrx_word' id='word_1_487' title='bbox 2633 2977 2678 3031; x_wconf 86' lang='grc' dir='ltr'>δ’</span> <span class='ocrx_word' id='word_1_488' title='bbox 2700 2973 2768 3049; x_wconf 75' lang='grc' dir='ltr'>ἦν</span> <span class='ocrx_word' id='word_1_489' title='bbox 2797 2976 2867 3030; x_wconf 82' lang='grc' dir='ltr'>τὰ</span> <span class='ocrx_word' id='word_1_490' title='bbox 2896 2978 2958 3029; x_wconf 90' lang='grc' dir='ltr'><strong>ἐκ</strong></span> <span class='ocrx_word' id='word_1_491' title='bbox 2982 2975 3093 3029; x_wconf 83' lang='grc' dir='ltr'>τῶν</span> <span class='ocrx_word' id='word_1_492' title='bbox 3118 2976 3402 3048; x_wconf 79' lang='grc' dir='ltr'>ἡμετέρων</span> <span class='ocrx_word' id='word_1_493' title='bbox 3433 2974 3686 3044; x_wconf 80' lang='grc' dir='ltr'>ἁμαρτη-</span> 
     </span>
    </p>
   </div>
   <div class='ocr_carea' id='block_1_62' title="bbox 2097 3060 3684 3141">
    <p class='ocr_par' dir='ltr' id='par_1_62' title="bbox 2097 3060 3684 3141">
     <span class='ocr_line' id='line_1_62' title="bbox 2097 3060 3684 3141; baseline 0 -20"><span class='ocrx_word' id='word_1_494' title='bbox 2097 3068 2282 3139; x_wconf 85' lang='grc' dir='ltr'>μάτων</span> <span class='ocrx_word' id='word_1_495' title='bbox 2303 3068 2574 3140; x_wconf 83' lang='grc' dir='ltr'>ἐνδύματα</span> <span class='ocrx_word' id='word_1_496' title='bbox 2593 3086 2607 3100; x_wconf 86' lang='grc'><strong>·</strong></span> <span class='ocrx_word' id='word_1_497' title='bbox 2632 3069 2700 3122; x_wconf 83' lang='grc' dir='ltr'>δι’</span> <span class='ocrx_word' id='word_1_498' title='bbox 2716 3070 2752 3124; x_wconf 81' lang='grc' dir='ltr'><strong>ἀ</strong></span> <span class='ocrx_word' id='word_1_499' title='bbox 2779 3069 2961 3141; x_wconf 87' lang='grc' dir='ltr'>μικρῷ</span> <span class='ocrx_word' id='word_1_500' title='bbox 2995 3069 3231 3141; x_wconf 68' lang='grc' dir='ltr'>πρόσθεν</span> <span class='ocrx_word' id='word_1_501' title='bbox 3260 3068 3479 3136; x_wconf 81' lang='grc' dir='ltr'>ἐλέγετο</span> <span class='ocrx_word' id='word_1_502' title='bbox 3500 3084 3514 3098; x_wconf 88' lang='grc'><strong>·</strong></span> <span class='ocrx_word' id='word_1_503' title='bbox 3537 3085 3555 3118; x_wconf 79' lang='grc' dir='ltr'><strong>ι</strong></span> <span class='ocrx_word' id='word_1_504' title='bbox 3578 3060 3684 3121; x_wconf 76' lang='grc' dir='ltr'><strong>Οὗ-</strong></span> 
     </span>
    </p>
   </div>
   <div class='ocr_carea' id='block_1_63' title="bbox 2092 3157 3682 3233">
    <p class='ocr_par' dir='ltr' id='par_1_63' title="bbox 2092 3157 3682 3233">
     <span class='ocr_line' id='line_1_63' title="bbox 2092 3157 3682 3233; baseline -0.001 -20"><span class='ocrx_word' id='word_1_505' title='bbox 2092 3178 2184 3224; x_wconf 88' lang='grc' dir='ltr'><strong>τος</strong></span> <span class='ocrx_word' id='word_1_506' title='bbox 2214 3160 2312 3225; x_wconf 75' lang='grc' dir='ltr'>τὰς</span> <span class='ocrx_word' id='word_1_507' title='bbox 2345 3161 2616 3233; x_wconf 82' lang='grc' dir='ltr'>ἁμαρτίας</span> <span class='ocrx_word' id='word_1_508' title='bbox 2644 3163 2802 3233; x_wconf 78' lang='grc' dir='ltr'>ἡμῶν</span> <span class='ocrx_word' id='word_1_509' title='bbox 2832 3161 3006 3233; x_wconf 79' lang='grc' dir='ltr'>φέρει,</span> <span class='ocrx_word' id='word_1_510' title='bbox 3039 3162 3133 3215; x_wconf 77' lang='grc' dir='ltr'>καὶ</span> <span class='ocrx_word' id='word_1_511' title='bbox 3156 3161 3286 3233; x_wconf 79' lang='grc' dir='ltr'>περὶ</span> <span class='ocrx_word' id='word_1_512' title='bbox 3312 3159 3470 3231; x_wconf 75' lang='grc' dir='ltr'>ἡμῶν</span> <span class='ocrx_word' id='word_1_513' title='bbox 3490 3157 3682 3212; x_wconf 82' lang='grc' dir='ltr'>ὀδυνᾶ-</span> 
     </span>
    </p>
   </div>
   <div class='ocr_carea' id='block_1_64' title="bbox 409 3230 1995 3326">
    <p class='ocr_par' dir='ltr' id='par_1_64' title="bbox 409 3244 1992 3318">
     <span class='ocr_line' id='line_1_64' title="bbox 409 3244 1992 3318; baseline 0.004 -17"><span class='ocrx_word' id='word_1_514' title='bbox 409 3246 534 3301; x_wconf 83' lang='lat' dir='ltr'><strong>bus.</strong></span> <span class='ocrx_word' id='word_1_515' title='bbox 574 3263 593 3297; x_wconf 74' lang='grc' dir='ltr'><strong>ι</strong></span> <span class='ocrx_word' id='word_1_516' title='bbox 628 3244 775 3312; x_wconf 90' lang='lat' dir='ltr'><strong>Quas</strong></span> <span class='ocrx_word' id='word_1_517' title='bbox 809 3246 1027 3316; x_wconf 87' lang='lat' dir='ltr'><strong>quidem</strong></span> <span class='ocrx_word' id='word_1_518' title='bbox 1057 3254 1266 3318; x_wconf 82' lang='lat' dir='ltr'><strong>gentes,</strong></span> <span class='ocrx_word' id='word_1_519' title='bbox 1312 3248 1464 3303; x_wconf 92' lang='lat' dir='ltr'><strong>nullo</strong></span> <span class='ocrx_word' id='word_1_520' title='bbox 1499 3248 1779 3304; x_wconf 87' lang='lat' dir='ltr'><strong>hominum</strong></span> <span class='ocrx_word' id='word_1_521' title='bbox 1812 3252 1861 3306; x_wconf 90' lang='lat' dir='ltr'><strong>ei</strong></span> <span class='ocrx_word' id='word_1_522' title='bbox 1895 3267 1992 3306; x_wconf 90' lang='lat' dir='ltr'><strong>au-</strong></span> 
     </span>
    </p>
   </div>
   <div class='ocr_carea' id='block_1_65' title="bbox 2095 3230 3682 3326">
    <p class='ocr_par' dir='ltr' id='par_1_65' title="bbox 2095 3230 3682 3326">
     <span class='ocr_line' id='line_1_65' title="bbox 2095 3230 3682 3326; baseline 0.001 -21"><span class='ocrx_word' id='word_1_523' title='bbox 2095 3270 2202 3306; x_wconf 87' lang='grc' dir='ltr'>ται.</span> <span class='ocrx_word' id='word_1_524' title='bbox 2236 3272 2254 3304; x_wconf 74' lang='grc' dir='ltr'><strong>ι</strong></span> <span class='ocrx_word' id='word_1_525' title='bbox 2282 3230 2587 3326; x_wconf 38' lang='grc' dir='ltr'>Αὐτὸς-γάρ</span> <span class='ocrx_word' id='word_1_526' title='bbox 2742 3272 2760 3305; x_wconf 70' lang='grc' dir='ltr'><strong>ι</strong></span> <span class='ocrx_word' id='word_1_527' title='bbox 2790 3230 3062 3325; x_wconf 76' lang='grc' dir='ltr'>ἁμαρτίαν</span> <span class='ocrx_word' id='word_1_528' title='bbox 3105 3255 3205 3307; x_wconf 85' lang='grc' dir='ltr'><strong>οὐκ</strong></span> <span class='ocrx_word' id='word_1_529' title='bbox 3234 3230 3528 3325; x_wconf 73' lang='grc' dir='ltr'>ἐποίησεν,</span> <span class='ocrx_word' id='word_1_530' title='bbox 3559 3251 3682 3326; x_wconf 67' lang='grc' dir='ltr'>οὐδὲ</span> 
     </span>
    </p>
   </div>
   <div class='ocr_carea' id='block_1_66' title="bbox 404 3336 1989 3411">
    <p class='ocr_par' dir='ltr' id='par_1_66' title="bbox 404 3336 1989 3411">
     <span class='ocr_line' id='line_1_66' title="bbox 404 3336 1989 3411; baseline 0.005 -21"><span class='ocrx_word' id='word_1_531' title='bbox 404 3336 654 3399; x_wconf 70' lang='grc' dir='ltr'>τίιίοηιθ,</span> <span class='ocrx_word' id='word_1_532' title='bbox 682 3336 831 3392; x_wconf 92' lang='lat' dir='ltr'><strong>solus</strong></span> <span class='ocrx_word' id='word_1_533' title='bbox 867 3336 1178 3403; x_wconf 87' lang='lat' dir='ltr'><strong>constituit,</strong></span> <span class='ocrx_word' id='word_1_534' title='bbox 1229 3338 1466 3394; x_wconf 88' lang='lat' dir='ltr'><strong>refracta</strong></span> <span class='ocrx_word' id='word_1_535' title='bbox 1498 3340 1861 3411; x_wconf 80' lang='lat' dir='ltr'><strong>malignorum</strong></span> <span class='ocrx_word' id='word_1_536' title='bbox 1893 3343 1989 3398; x_wconf 87' lang='lat' dir='ltr'><strong>ad-</strong></span> 
     </span>
    </p>
   </div>
   <div class='ocr_carea' id='block_1_67' title="bbox 405 3427 1807 3501">
    <p class='ocr_par' dir='ltr' id='par_1_67' title="bbox 405 3427 1807 3501">
     <span class='ocr_line' id='line_1_67' title="bbox 405 3427 1807 3501; baseline 0.007 -22"><span class='ocrx_word' id='word_1_537' title='bbox 405 3427 879 3497; x_wconf 79' lang='lat' dir='ltr'><strong>versariorumque</strong></span> <span class='ocrx_word' id='word_1_538' title='bbox 907 3427 1198 3499; x_wconf 87' lang='lat' dir='ltr'><strong>spirituum</strong></span> <span class='ocrx_word' id='word_1_539' title='bbox 1227 3430 1483 3487; x_wconf 86' lang='lat' dir='ltr'><strong>universa</strong></span> <span class='ocrx_word' id='word_1_540' title='bbox 1515 3440 1807 3501; x_wconf 86' lang='lat' dir='ltr'><strong>potestate.</strong></span> 
     </span>
    </p>
   </div>
   <div class='ocr_carea' id='block_1_68' title="bbox 2091 3343 3681 3414">
    <p class='ocr_par' dir='ltr' id='par_1_68' title="bbox 2091 3343 3681 3414">
     <span class='ocr_line' id='line_1_68' title="bbox 2091 3343 3681 3414; baseline 0 -18"><span class='ocrx_word' id='word_1_541' title='bbox 2091 3344 2289 3414; x_wconf 83' lang='grc' dir='ltr'>εὑρέθη</span> <span class='ocrx_word' id='word_1_542' title='bbox 2316 3343 2464 3407; x_wconf 79' lang='grc' dir='ltr'>δόλος</span> <span class='ocrx_word' id='word_1_543' title='bbox 2498 3346 2555 3397; x_wconf 84' lang='grc' dir='ltr'><strong>ἐν</strong></span> <span class='ocrx_word' id='word_1_544' title='bbox 2581 3343 2659 3413; x_wconf 80' lang='grc' dir='ltr'>τῷ</span> <span class='ocrx_word' id='word_1_545' title='bbox 2690 3345 2919 3414; x_wconf 87' lang='grc' dir='ltr'>στόματι</span> <span class='ocrx_word' id='word_1_546' title='bbox 2960 3343 3145 3397; x_wconf 76' lang='grc' dir='ltr'>αὐτοῦ.</span> <span class='ocrx_word' id='word_1_547' title='bbox 3176 3362 3196 3395; x_wconf 75' lang='grc' dir='ltr'><strong><em>ι</em></strong></span> <span class='ocrx_word' id='word_1_548' title='bbox 3244 3343 3414 3397; x_wconf 86' lang='grc' dir='ltr'>Πάλιν</span> <span class='ocrx_word' id='word_1_549' title='bbox 3439 3343 3483 3410; x_wconf 82' lang='grc' dir='ltr'>δ’</span> <span class='ocrx_word' id='word_1_550' title='bbox 3505 3344 3534 3395; x_wconf 90' lang='lat'><strong>6</strong></span> <span class='ocrx_word' id='word_1_551' title='bbox 3563 3344 3681 3396; x_wconf 85' lang='grc' dir='ltr'><strong>Σω-</strong></span> 
     </span>
    </p>
   </div>
   <div class='ocr_carea' id='block_1_69' title="bbox 2086 3435 3682 3510">
    <p class='ocr_par' dir='ltr' id='par_1_69' title="bbox 2086 3435 3682 3510">
     <span class='ocr_line' id='line_1_69' title="bbox 2086 3435 3682 3510; baseline 0.001 -23"><span class='ocrx_word' id='word_1_552' title='bbox 2086 3436 2192 3509; x_wconf 77' lang='grc' dir='ltr'><strong>τὴρ</strong></span> <span class='ocrx_word' id='word_1_553' title='bbox 2224 3436 2583 3508; x_wconf 88' lang='grc' dir='ltr'>ἀμειϐόμενος</span> <span class='ocrx_word' id='word_1_554' title='bbox 2609 3436 2710 3510; x_wconf 79' lang='grc' dir='ltr'>τὴν</span> <span class='ocrx_word' id='word_1_555' title='bbox 2737 3435 3026 3509; x_wconf 80' lang='grc' dir='ltr'>ἐρώτησιν,</span> <span class='ocrx_word' id='word_1_556' title='bbox 3054 3436 3176 3490; x_wconf 80' lang='grc' dir='ltr'>ὅθεν</span> <span class='ocrx_word' id='word_1_557' title='bbox 3224 3435 3429 3509; x_wconf 85' lang='grc' dir='ltr'>ἐρυθρά</span> <span class='ocrx_word' id='word_1_558' title='bbox 3468 3435 3682 3506; x_wconf 87' lang='grc' dir='ltr'>γένοιτο</span> 
     </span>
    </p>
   </div>
   <div class='ocr_carea' id='block_1_70' title="bbox 402 3521 3677 3611">
    <p class='ocr_par' dir='ltr' id='par_1_70' title="bbox 402 3521 3677 3611">
     <span class='ocr_line' id='line_1_70' title="bbox 402 3521 3677 3611; baseline 0.002 -36"><span class='ocrx_word' id='word_1_559' title='bbox 402 3521 568 3611; x_wconf 57' lang='grc' dir='ltr'>αυτοῦ</span> <span class='ocrx_word' id='word_1_560' title='bbox 596 3524 668 3577; x_wconf 86' lang='grc' dir='ltr'><strong>τά</strong></span> <span class='ocrx_word' id='word_1_561' title='bbox 716 3524 907 3595; x_wconf 77' lang='grc' dir='ltr'>ἱμάτια</span> <span class='ocrx_word' id='word_1_562' title='bbox 951 3524 1187 3579; x_wconf 86' lang='grc' dir='ltr'>διδάσκει</span> <span class='ocrx_word' id='word_1_563' title='bbox 1214 3524 1407 3595; x_wconf 88' lang='grc' dir='ltr'>λέγων,</span> <span class='ocrx_word' id='word_1_564' title='bbox 1440 3545 1460 3578; x_wconf 75' lang='grc' dir='ltr'><strong>ι</strong></span> <span class='ocrx_word' id='word_1_565' title='bbox 1499 3526 1596 3581; x_wconf 88' lang='grc' dir='ltr'>Ἐκ</span> <span class='ocrx_word' id='word_1_566' title='bbox 1619 3527 1728 3582; x_wconf 86' lang='grc' dir='ltr'>τῶν</span> <span class='ocrx_word' id='word_1_567' title='bbox 1759 3527 1953 3583; x_wconf 83' lang='grc' dir='ltr'>ἐθνῶν.</span> <span class='ocrx_word' id='word_1_568' title='bbox 1984 3548 2003 3582; x_wconf 70' lang='grc' dir='ltr'><strong>ι</strong></span> <span class='ocrx_word' id='word_1_569' title='bbox 2044 3529 2224 3603; x_wconf 70' lang='lat' dir='ltr'><strong>&quot;Amp</strong></span> <span class='ocrx_word' id='word_1_570' title='bbox 2251 3531 2401 3604; x_wconf 80' lang='grc' dir='ltr'>ἔθνη,</span> <span class='ocrx_word' id='word_1_571' title='bbox 2436 3531 2665 3605; x_wconf 73' lang='grc' dir='ltr'>μηδενὸς</span> <span class='ocrx_word' id='word_1_572' title='bbox 2716 3529 3019 3605; x_wconf 85' lang='grc' dir='ltr'>ἀνθρώπων</span> <span class='ocrx_word' id='word_1_573' title='bbox 3053 3530 3202 3603; x_wconf 83' lang='grc' dir='ltr'>αύτῷ</span> <span class='ocrx_word' id='word_1_574' title='bbox 3264 3529 3677 3604; x_wconf 78' lang='grc' dir='ltr'>συνεργοῦντος,</span> 
     </span>
    </p>
   </div>
   <div class='ocr_carea' id='block_1_71' title="bbox 407 3619 3677 3702">
    <p class='ocr_par' dir='ltr' id='par_1_71' title="bbox 407 3619 3677 3702">
     <span class='ocr_line' id='line_1_71' title="bbox 407 3619 3677 3702; baseline 0.003 -29"><span class='ocrx_word' id='word_1_575' title='bbox 407 3621 568 3691; x_wconf 81' lang='grc' dir='ltr'>μόνος</span> <span class='ocrx_word' id='word_1_576' title='bbox 594 3619 880 3686; x_wconf 78' lang='grc' dir='ltr'>ὑπέταξεν,</span> <span class='ocrx_word' id='word_1_577' title='bbox 909 3621 1305 3692; x_wconf 76' lang='grc' dir='ltr'>καταπατήσας</span> <span class='ocrx_word' id='word_1_578' title='bbox 1338 3621 1437 3692; x_wconf 84' lang='grc' dir='ltr'><strong>τὴν</strong></span> <span class='ocrx_word' id='word_1_579' title='bbox 1495 3623 1878 3696; x_wconf 77' lang='grc' dir='ltr'>ἀντικειμένην</span> <span class='ocrx_word' id='word_1_580' title='bbox 1930 3628 2112 3681; x_wconf 80' lang='grc' dir='ltr'>πᾶσαν</span> <span class='ocrx_word' id='word_1_581' title='bbox 2163 3626 2394 3700; x_wconf 89' lang='grc' dir='ltr'>δύναμιν</span> <span class='ocrx_word' id='word_1_582' title='bbox 2434 3628 2544 3683; x_wconf 83' lang='grc' dir='ltr'>τῶν</span> <span class='ocrx_word' id='word_1_583' title='bbox 2591 3627 2867 3702; x_wconf 86' lang='grc' dir='ltr'>πολεμίων</span> <span class='ocrx_word' id='word_1_584' title='bbox 2901 3627 3052 3701; x_wconf 77' lang='grc' dir='ltr'>αὐτῷ</span> <span class='ocrx_word' id='word_1_585' title='bbox 3107 3628 3360 3701; x_wconf 78' lang='grc' dir='ltr'>πονηρῶν</span> <span class='ocrx_word' id='word_1_586' title='bbox 3425 3626 3677 3698; x_wconf 87' lang='grc' dir='ltr'>πνευμά-</span> 
     </span>
    </p>
   </div>
   <div class='ocr_carea' id='block_1_72' title="bbox 404 3733 532 3773">
    <p class='ocr_par' dir='ltr' id='par_1_72' title="bbox 404 3733 532 3773">
     <span class='ocr_line' id='line_1_72' title="bbox 404 3733 532 3773; baseline 0.031 -4"><span class='ocrx_word' id='word_1_587' title='bbox 404 3733 512 3770; x_wconf 78' lang='grc' dir='ltr'><strong>των</strong></span> <span class='ocrx_word' id='word_1_588' title='bbox 519 3761 532 3773; x_wconf 87' lang='grc'><strong>.</strong></span> 
     </span>
    </p>
   </div>
   <div class='ocr_carea' id='block_1_73' title="bbox 928 3829 1453 3888">
    <p class='ocr_par' dir='ltr' id='par_1_73' title="bbox 928 3829 1453 3888">
     <span class='ocr_line' id='line_1_73' title="bbox 928 3829 1453 3888; baseline 0.006 -3"><span class='ocrx_word' id='word_1_589' title='bbox 928 3829 1155 3886; x_wconf 80' lang='lat' dir='ltr'><strong>CAPUT</strong></span> <span class='ocrx_word' id='word_1_590' title='bbox 1212 3829 1453 3888; x_wconf 74' lang='lat' dir='ltr'><strong>XXXlV.</strong></span> 
     </span>
    </p>
   </div>
   <div class='ocr_carea' id='block_1_74' title="bbox 478 3922 1985 3996">
    <p class='ocr_par' dir='ltr' id='par_1_74' title="bbox 478 3922 1985 3996">
     <span class='ocr_line' id='line_1_74' title="bbox 478 3922 1985 3996; baseline 0.002 -20"><span class='ocrx_word' id='word_1_591' title='bbox 478 3942 498 3976; x_wconf 72' lang='grc' dir='ltr'><strong>ι</strong></span> <span class='ocrx_word' id='word_1_592' title='bbox 536 3922 604 3978; x_wconf 84' lang='grc' dir='ltr'>Ει</span> <span class='ocrx_word' id='word_1_593' title='bbox 627 3923 945 3980; x_wconf 89' lang='lat' dir='ltr'><strong>recordatus</strong></span> <span class='ocrx_word' id='word_1_594' title='bbox 973 3933 1056 3980; x_wconf 90' lang='lat' dir='ltr'><strong>est</strong></span> <span class='ocrx_word' id='word_1_595' title='bbox 1079 3923 1290 3979; x_wconf 87' lang='lat' dir='ltr'><strong>dierum</strong></span> <span class='ocrx_word' id='word_1_596' title='bbox 1321 3939 1645 3980; x_wconf 60' lang='lat' dir='ltr'><strong>saeculorum</strong></span> <span class='ocrx_word' id='word_1_597' title='bbox 1679 3943 1692 3979; x_wconf 90' lang='lat'><strong>:</strong></span> <span class='ocrx_word' id='word_1_598' title='bbox 1726 3924 1818 3996; x_wconf 91' lang='lat' dir='ltr'><strong>qui</strong></span> <span class='ocrx_word' id='word_1_599' title='bbox 1851 3924 1985 3980; x_wconf 86' lang='lat' dir='ltr'><strong>edu-</strong></span> 
     </span>
    </p>
   </div>
   <div class='ocr_carea' id='block_1_75' title="bbox 400 4016 1980 4089">
    <p class='ocr_par' dir='ltr' id='par_1_75' title="bbox 400 4016 1980 4089">
     <span class='ocr_line' id='line_1_75' title="bbox 400 4016 1980 4089; baseline 0.001 -16"><span class='ocrx_word' id='word_1_600' title='bbox 400 4018 480 4073; x_wconf 75' lang='lat' dir='ltr'><strong>xit</strong></span> <span class='ocrx_word' id='word_1_601' title='bbox 509 4033 538 4073; x_wconf 89' lang='lat' dir='ltr'><strong>e</strong></span> <span class='ocrx_word' id='word_1_602' title='bbox 565 4027 707 4073; x_wconf 91' lang='lat' dir='ltr'><strong>terra</strong></span> <span class='ocrx_word' id='word_1_603' title='bbox 747 4024 1022 4088; x_wconf 87' lang='lat' dir='ltr'><strong>pastorem</strong></span> <span class='ocrx_word' id='word_1_604' title='bbox 1056 4016 1239 4072; x_wconf 89' lang='lat' dir='ltr'><strong>ovium</strong></span> <span class='ocrx_word' id='word_1_605' title='bbox 1272 4032 1528 4088; x_wconf 78' lang='lat' dir='ltr'><strong>magnum</strong></span> <span class='ocrx_word' id='word_1_606' title='bbox 1555 4057 1570 4082; x_wconf 93' lang='lat'><strong>,</strong></span> <span class='ocrx_word' id='word_1_607' title='bbox 1603 4018 1894 4089; x_wconf 87' lang='lat' dir='ltr'><strong>posuitque</strong></span> <span class='ocrx_word' id='word_1_608' title='bbox 1924 4019 1980 4074; x_wconf 89' lang='lat' dir='ltr'><strong>in</strong></span> 
     </span>
    </p>
   </div>
   <div class='ocr_carea' id='block_1_76' title="bbox 398 4110 1977 4182">
    <p class='ocr_par' dir='ltr' id='par_1_76' title="bbox 398 4110 1977 4182">
     <span class='ocr_line' id='line_1_76' title="bbox 398 4110 1977 4182; baseline 0.001 -16"><span class='ocrx_word' id='word_1_609' title='bbox 398 4110 578 4166; x_wconf 89' lang='lat' dir='ltr'><strong>medio</strong></span> <span class='ocrx_word' id='word_1_610' title='bbox 605 4126 794 4166; x_wconf 88' lang='lat' dir='ltr'><strong>eorum</strong></span> <span class='ocrx_word' id='word_1_611' title='bbox 835 4110 1096 4181; x_wconf 90' lang='lat' dir='ltr'><strong>Spiritum</strong></span> <span class='ocrx_word' id='word_1_612' title='bbox 1128 4117 1379 4165; x_wconf 79' lang='lat' dir='ltr'><strong>sanctum</strong></span> <span class='ocrx_word' id='word_1_613' title='bbox 1421 4126 1580 4167; x_wconf 86' lang='lat' dir='ltr'><strong>suum</strong></span> <span class='ocrx_word' id='word_1_614' title='bbox 1611 4111 1652 4167; x_wconf 83' lang='grc'><strong>³.</strong></span> <span class='ocrx_word' id='word_1_615' title='bbox 1691 4130 1709 4164; x_wconf 74' lang='grc' dir='ltr'><strong>ι</strong></span> <span class='ocrx_word' id='word_1_616' title='bbox 1756 4110 1823 4165; x_wconf 87' lang='grc' dir='ltr'>Ει</span> <span class='ocrx_word' id='word_1_617' title='bbox 1852 4112 1977 4182; x_wconf 84' lang='lat' dir='ltr'><strong>quis</strong></span> 
     </span>
    </p>
   </div>
   <div class='ocr_carea' id='block_1_77' title="bbox 397 4201 1975 4272">
    <p class='ocr_par' dir='ltr' id='par_1_77' title="bbox 397 4201 1975 4272">
     <span class='ocr_line' id='line_1_77' title="bbox 397 4201 1975 4272; baseline 0.001 -16"><span class='ocrx_word' id='word_1_618' title='bbox 397 4202 537 4258; x_wconf 84' lang='lat' dir='ltr'><strong>alius</strong></span> <span class='ocrx_word' id='word_1_619' title='bbox 565 4213 708 4258; x_wconf 90' lang='lat' dir='ltr'><strong>esset</strong></span> <span class='ocrx_word' id='word_1_620' title='bbox 732 4217 762 4255; x_wconf 92' lang='lat' dir='ltr'><strong>a</strong></span> <span class='ocrx_word' id='word_1_621' title='bbox 792 4201 1022 4257; x_wconf 91' lang='lat' dir='ltr'><strong>Domino</strong></span> <span class='ocrx_word' id='word_1_622' title='bbox 1053 4202 1121 4259; x_wconf 90' lang='lat' dir='ltr'><strong>de</strong></span> <span class='ocrx_word' id='word_1_623' title='bbox 1149 4212 1295 4258; x_wconf 82' lang='lat' dir='ltr'><strong>terra</strong></span> <span class='ocrx_word' id='word_1_624' title='bbox 1344 4202 1576 4259; x_wconf 91' lang='lat' dir='ltr'><strong>eductus</strong></span> <span class='ocrx_word' id='word_1_625' title='bbox 1634 4210 1823 4272; x_wconf 88' lang='lat' dir='ltr'><strong>pastor</strong></span> <span class='ocrx_word' id='word_1_626' title='bbox 1879 4202 1975 4260; x_wconf 88' lang='lat' dir='ltr'><strong>Dei</strong></span> 
     </span>
    </p>
   </div>
   <div class='ocr_carea' id='block_1_78' title="bbox 395 4295 1973 4367">
    <p class='ocr_par' dir='ltr' id='par_1_78' title="bbox 395 4295 1973 4367">
     <span class='ocr_line' id='line_1_78' title="bbox 395 4295 1973 4367; baseline 0.003 -18"><span class='ocrx_word' id='word_1_627' title='bbox 395 4295 598 4364; x_wconf 90' lang='lat' dir='ltr'><strong>ovium,</strong></span> <span class='ocrx_word' id='word_1_628' title='bbox 624 4296 731 4352; x_wconf 88' lang='lat' dir='ltr'><strong>nisi</strong></span> <span class='ocrx_word' id='word_1_629' title='bbox 766 4295 1014 4352; x_wconf 88' lang='lat' dir='ltr'><strong>Salvator</strong></span> <span class='ocrx_word' id='word_1_630' title='bbox 1041 4305 1250 4363; x_wconf 85' lang='lat' dir='ltr'><strong>noster,</strong></span> <span class='ocrx_word' id='word_1_631' title='bbox 1291 4295 1386 4367; x_wconf 91' lang='lat' dir='ltr'><strong>qui</strong></span> <span class='ocrx_word' id='word_1_632' title='bbox 1425 4295 1577 4351; x_wconf 87' lang='lat' dir='ltr'><strong>venit</strong></span> <span class='ocrx_word' id='word_1_633' title='bbox 1608 4296 1677 4351; x_wconf 89' lang='lat' dir='ltr'><strong>ad</strong></span> <span class='ocrx_word' id='word_1_634' title='bbox 1730 4296 1973 4367; x_wconf 85' lang='lat' dir='ltr'><strong>perditas</strong></span> 
     </span>
    </p>
   </div>
   <div class='ocr_carea' id='block_1_79' title="bbox 395 4387 1973 4459">
    <p class='ocr_par' dir='ltr' id='par_1_79' title="bbox 395 4387 1973 4459">
     <span class='ocr_line' id='line_1_79' title="bbox 395 4387 1973 4459; baseline -0.001 -17"><span class='ocrx_word' id='word_1_635' title='bbox 395 4401 525 4442; x_wconf 83' lang='lat' dir='ltr'><strong>oves</strong></span> <span class='ocrx_word' id='word_1_636' title='bbox 555 4387 746 4444; x_wconf 86' lang='lat' dir='ltr'><strong>domus</strong></span> <span class='ocrx_word' id='word_1_637' title='bbox 772 4388 977 4444; x_wconf 82' lang='lat' dir='ltr'><strong>Israel?</strong></span> <span class='ocrx_word' id='word_1_638' title='bbox 1028 4387 1126 4444; x_wconf 86' lang='lat' dir='ltr'><strong>llic</strong></span> <span class='ocrx_word' id='word_1_639' title='bbox 1179 4397 1262 4445; x_wconf 87' lang='lat' dir='ltr'><strong>est</strong></span> <span class='ocrx_word' id='word_1_640' title='bbox 1305 4389 1482 4444; x_wconf 90' lang='lat' dir='ltr'><strong>bonus</strong></span> <span class='ocrx_word' id='word_1_641' title='bbox 1510 4394 1720 4459; x_wconf 88' lang='lat' dir='ltr'><strong>pastor,</strong></span> <span class='ocrx_word' id='word_1_642' title='bbox 1751 4387 1844 4458; x_wconf 91' lang='lat' dir='ltr'><strong>qui</strong></span> <span class='ocrx_word' id='word_1_643' title='bbox 1874 4402 1973 4458; x_wconf 88' lang='lat' dir='ltr'><strong>po-</strong></span> 
     </span>
    </p>
   </div>
   <div class='ocr_carea' id='block_1_80' title="bbox 2602 3830 3160 3886">
    <p class='ocr_par' dir='ltr' id='par_1_80' title="bbox 2602 3830 3160 3886">
     <span class='ocr_line' id='line_1_80' title="bbox 2602 3830 3160 3886; baseline 0 0"><span class='ocrx_word' id='word_1_644' title='bbox 2602 3830 3000 3886; x_wconf 77' lang='grc' dir='ltr'><strong>ΚΕΦΑΛΔΙΟΝ</strong></span> <span class='ocrx_word' id='word_1_645' title='bbox 3039 3830 3160 3886; x_wconf 85' lang='grc' dir='ltr'><strong>ΔΔ⁹.</strong></span> 
     </span>
    </p>
   </div>
   <div class='ocr_carea' id='block_1_81' title="bbox 2165 3920 3666 3995">
    <p class='ocr_par' dir='ltr' id='par_1_81' title="bbox 2165 3920 3666 3995">
     <span class='ocr_line' id='line_1_81' title="bbox 2165 3920 3666 3995; baseline 0.001 -17"><span class='ocrx_word' id='word_1_646' title='bbox 2165 3944 2185 3977; x_wconf 72' lang='grc' dir='ltr'><strong>Ι</strong></span> <span class='ocrx_word' id='word_1_647' title='bbox 2215 3926 2326 3978; x_wconf 73' lang='grc' dir='ltr'>Καὶ</span> <span class='ocrx_word' id='word_1_648' title='bbox 2355 3922 2600 3995; x_wconf 77' lang='grc' dir='ltr'>ἐμνήσθη</span> <span class='ocrx_word' id='word_1_649' title='bbox 2638 3922 2843 3995; x_wconf 81' lang='grc' dir='ltr'>Κύριος</span> <span class='ocrx_word' id='word_1_650' title='bbox 2871 3920 3093 3994; x_wconf 79' lang='grc' dir='ltr'>ἡμερῶν</span> <span class='ocrx_word' id='word_1_651' title='bbox 3121 3922 3381 3975; x_wconf 71' lang='grc' dir='ltr'>αἰωνίων·</span> <span class='ocrx_word' id='word_1_652' title='bbox 3410 3925 3440 3977; x_wconf 97' lang='lat'><strong>6</strong></span> <span class='ocrx_word' id='word_1_653' title='bbox 3473 3923 3666 3979; x_wconf 72' lang='grc' dir='ltr'>ἀναϐιο</span> 
     </span>
    </p>
   </div>
   <div class='ocr_carea' id='block_1_82' title="bbox 2085 4013 3669 4088">
    <p class='ocr_par' dir='ltr' id='par_1_82' title="bbox 2085 4013 3669 4088">
     <span class='ocr_line' id='line_1_82' title="bbox 2085 4013 3669 4088; baseline -0.003 -16"><span class='ocrx_word' id='word_1_654' title='bbox 2085 4018 2257 4084; x_wconf 77' lang='grc' dir='ltr'>ϐάσας</span> <span class='ocrx_word' id='word_1_655' title='bbox 2291 4020 2355 4071; x_wconf 90' lang='grc' dir='ltr'><strong>ἐκ</strong></span> <span class='ocrx_word' id='word_1_656' title='bbox 2375 4017 2477 4087; x_wconf 73' lang='grc' dir='ltr'><strong>τῆς</strong></span> <span class='ocrx_word' id='word_1_657' title='bbox 2500 4017 2602 4087; x_wconf 78' lang='grc' dir='ltr'>γῆς</span> <span class='ocrx_word' id='word_1_658' title='bbox 2622 4016 2713 4070; x_wconf 79' lang='grc' dir='ltr'><strong>τὸν</strong></span> <span class='ocrx_word' id='word_1_659' title='bbox 2737 4014 2972 4085; x_wconf 81' lang='grc' dir='ltr'>ποιμένα</span> <span class='ocrx_word' id='word_1_660' title='bbox 3000 4013 3111 4067; x_wconf 86' lang='grc' dir='ltr'>τῶν</span> <span class='ocrx_word' id='word_1_661' title='bbox 3139 4013 3424 4086; x_wconf 84' lang='grc' dir='ltr'>προϐάτων</span> <span class='ocrx_word' id='word_1_662' title='bbox 3450 4016 3541 4069; x_wconf 83' lang='grc' dir='ltr'>τὸν</span> <span class='ocrx_word' id='word_1_663' title='bbox 3568 4017 3669 4088; x_wconf 76' lang='grc' dir='ltr'>μέ-</span> 
     </span>
    </p>
   </div>
   <div class='ocr_carea' id='block_1_83' title="bbox 2081 4106 3665 4179">
    <p class='ocr_par' dir='ltr' id='par_1_83' title="bbox 2081 4106 3665 4179">
     <span class='ocr_line' id='line_1_83' title="bbox 2081 4106 3665 4179; baseline 0 -15"><span class='ocrx_word' id='word_1_664' title='bbox 2081 4128 2204 4179; x_wconf 90' lang='grc' dir='ltr'>γαν,</span> <span class='ocrx_word' id='word_1_665' title='bbox 2239 4113 2267 4164; x_wconf 90' lang='grc' dir='ltr'>ὁ</span> <span class='ocrx_word' id='word_1_666' title='bbox 2298 4111 2409 4173; x_wconf 81' lang='grc' dir='ltr'>θεὶς</span> <span class='ocrx_word' id='word_1_667' title='bbox 2441 4111 2500 4162; x_wconf 88' lang='grc' dir='ltr'><strong>ἐν</strong></span> <span class='ocrx_word' id='word_1_668' title='bbox 2526 4110 2707 4172; x_wconf 74' lang='grc' dir='ltr'>αὐτοῖς</span> <span class='ocrx_word' id='word_1_669' title='bbox 2732 4109 2795 4161; x_wconf 78' lang='grc' dir='ltr'>τὸ</span> <span class='ocrx_word' id='word_1_670' title='bbox 2833 4107 3058 4179; x_wconf 80' lang='grc' dir='ltr'>Πνεῦμα</span> <span class='ocrx_word' id='word_1_671' title='bbox 3085 4106 3146 4161; x_wconf 80' lang='grc' dir='ltr'>τὸ</span> <span class='ocrx_word' id='word_1_672' title='bbox 3181 4108 3353 4176; x_wconf 82' lang='grc' dir='ltr'>ἇγιον.</span> <span class='ocrx_word' id='word_1_673' title='bbox 3384 4126 3404 4159; x_wconf 74' lang='grc' dir='ltr'><strong>ι</strong></span> <span class='ocrx_word' id='word_1_674' title='bbox 3440 4109 3552 4162; x_wconf 76' lang='grc' dir='ltr'>Καὶ</span> <span class='ocrx_word' id='word_1_675' title='bbox 3578 4110 3665 4177; x_wconf 81' lang='grc' dir='ltr'><strong>τίς</strong></span> 
     </span>
    </p>
   </div>
   <div class='ocr_carea' id='block_1_84' title="bbox 2077 4197 3662 4275">
    <p class='ocr_par' dir='ltr' id='par_1_84' title="bbox 2077 4197 3662 4275">
     <span class='ocr_line' id='line_1_84' title="bbox 2077 4197 3662 4275; baseline 0 -21"><span class='ocrx_word' id='word_1_676' title='bbox 2077 4201 2143 4255; x_wconf 83' lang='grc' dir='ltr'><strong>ἂν</strong></span> <span class='ocrx_word' id='word_1_677' title='bbox 2171 4200 2328 4265; x_wconf 82' lang='grc' dir='ltr'>ἄλλος</span> <span class='ocrx_word' id='word_1_678' title='bbox 2358 4199 2443 4272; x_wconf 79' lang='grc' dir='ltr'><strong>εἴη</strong></span> <span class='ocrx_word' id='word_1_679' title='bbox 2470 4202 2498 4254; x_wconf 90' lang='lat'><strong>6</strong></span> <span class='ocrx_word' id='word_1_680' title='bbox 2523 4198 2628 4253; x_wconf 78' lang='grc' dir='ltr'><strong>ὑπὸ</strong></span> <span class='ocrx_word' id='word_1_681' title='bbox 2654 4198 2750 4251; x_wconf 74' lang='grc' dir='ltr'>τοῦ</span> <span class='ocrx_word' id='word_1_682' title='bbox 2780 4198 2988 4268; x_wconf 77' lang='grc' dir='ltr'>Κυρίου</span> <span class='ocrx_word' id='word_1_683' title='bbox 3033 4197 3422 4263; x_wconf 77' lang='grc' dir='ltr'>ἀναϐιϐασθεὶς</span> <span class='ocrx_word' id='word_1_684' title='bbox 3460 4201 3526 4254; x_wconf 76' lang='grc' dir='ltr'><strong>ἐκ</strong></span> <span class='ocrx_word' id='word_1_685' title='bbox 3561 4202 3662 4275; x_wconf 82' lang='grc' dir='ltr'>τῆς</span> 
     </span>
    </p>
   </div>
   <div class='ocr_carea' id='block_1_85' title="bbox 2078 4289 3655 4363">
    <p class='ocr_par' dir='ltr' id='par_1_85' title="bbox 2078 4289 3655 4363">
     <span class='ocr_line' id='line_1_85' title="bbox 2078 4289 3655 4363; baseline 0 -18"><span class='ocrx_word' id='word_1_686' title='bbox 2078 4292 2183 4363; x_wconf 83' lang='grc' dir='ltr'>γῆς</span> <span class='ocrx_word' id='word_1_687' title='bbox 2206 4292 2407 4363; x_wconf 80' lang='grc' dir='ltr'>ποιμὴν</span> <span class='ocrx_word' id='word_1_688' title='bbox 2426 4290 2535 4345; x_wconf 85' lang='grc' dir='ltr'>τῶν</span> <span class='ocrx_word' id='word_1_689' title='bbox 2557 4289 2652 4345; x_wconf 84' lang='grc' dir='ltr'>τοῦ</span> <span class='ocrx_word' id='word_1_690' title='bbox 2676 4289 2810 4344; x_wconf 78' lang='grc' dir='ltr'>Θεοῦ</span> <span class='ocrx_word' id='word_1_691' title='bbox 2836 4289 3146 4363; x_wconf 88' lang='grc' dir='ltr'>προϐάτων,</span> <span class='ocrx_word' id='word_1_692' title='bbox 3164 4289 3240 4362; x_wconf 80' lang='grc' dir='ltr'>ἢὸ</span> <span class='ocrx_word' id='word_1_693' title='bbox 3267 4290 3655 4363; x_wconf 71' lang='grc' dir='ltr'>Σωτὴρήμῶν,</span> 
     </span>
    </p>
   </div>
   <div class='ocr_carea' id='block_1_86' title="bbox 2077 4381 3654 4456">
    <p class='ocr_par' dir='ltr' id='par_1_86' title="bbox 2077 4381 3654 4456">
     <span class='ocr_line' id='line_1_86' title="bbox 2077 4381 3654 4456; baseline -0.001 -19"><span class='ocrx_word' id='word_1_694' title='bbox 2077 4385 2106 4437; x_wconf 89' lang='lat'><strong>6</strong></span> <span class='ocrx_word' id='word_1_695' title='bbox 2133 4382 2301 4438; x_wconf 86' lang='grc' dir='ltr'>ἐλθὼν</span> <span class='ocrx_word' id='word_1_696' title='bbox 2349 4383 2444 4436; x_wconf 72' lang='grc' dir='ltr'><strong>ἐπὶ</strong></span> <span class='ocrx_word' id='word_1_697' title='bbox 2485 4383 2553 4437; x_wconf 72' lang='grc' dir='ltr'>τὰ</span> <span class='ocrx_word' id='word_1_698' title='bbox 2600 4381 2915 4436; x_wconf 87' lang='grc' dir='ltr'>ἀπολωλότα</span> <span class='ocrx_word' id='word_1_699' title='bbox 2945 4382 3195 4453; x_wconf 85' lang='grc' dir='ltr'>πρόϐατα</span> <span class='ocrx_word' id='word_1_700' title='bbox 3223 4383 3372 4435; x_wconf 83' lang='grc' dir='ltr'>οῐκου</span> <span class='ocrx_word' id='word_1_701' title='bbox 3402 4383 3654 4456; x_wconf 84' lang='grc' dir='ltr'>’1σραήλ;</span> 
     </span>
    </p>
   </div>
   <div class='ocr_carea' id='block_1_87' title="bbox 395 4471 1995 4553">
    <p class='ocr_par' dir='ltr' id='par_1_87' title="bbox 395 4478 1972 4553">
     <span class='ocr_line' id='line_1_87' title="bbox 395 4478 1972 4553; baseline 0 -19"><span class='ocrx_word' id='word_1_702' title='bbox 395 4478 505 4534; x_wconf 79' lang='lat' dir='ltr'><strong>suit</strong></span> <span class='ocrx_word' id='word_1_703' title='bbox 530 4479 764 4533; x_wconf 90' lang='lat' dir='ltr'><strong>animam</strong></span> <span class='ocrx_word' id='word_1_704' title='bbox 793 4495 948 4536; x_wconf 88' lang='lat' dir='ltr'><strong>suam</strong></span> <span class='ocrx_word' id='word_1_705' title='bbox 977 4496 1076 4552; x_wconf 89' lang='lat' dir='ltr'><strong>pro</strong></span> <span class='ocrx_word' id='word_1_706' title='bbox 1103 4480 1320 4541; x_wconf 90' lang='lat' dir='ltr'><strong>ovibus.</strong></span> <span class='ocrx_word' id='word_1_707' title='bbox 1342 4495 1504 4553; x_wconf 90' lang='lat' dir='ltr'><strong>quem</strong></span> <span class='ocrx_word' id='word_1_708' title='bbox 1536 4478 1698 4534; x_wconf 87' lang='lat' dir='ltr'><strong>Pater</strong></span> <span class='ocrx_word' id='word_1_709' title='bbox 1719 4480 1972 4534; x_wconf 90' lang='lat' dir='ltr'><strong>eductum</strong></span> 
     </span>
    </p>
   </div>
   <div class='ocr_carea' id='block_1_88' title="bbox 2095 4471 3656 4553">
    <p class='ocr_par' dir='ltr' id='par_1_88' title="bbox 2095 4471 3656 4548">
     <span class='ocr_line' id='line_1_88' title="bbox 2095 4471 3656 4548; baseline -0.001 -18"><span class='ocrx_word' id='word_1_710' title='bbox 2095 4471 2244 4540; x_wconf 79' lang='grc' dir='ltr'>)ἶ’›τος</span> <span class='ocrx_word' id='word_1_711' title='bbox 2295 4475 2399 4548; x_wconf 81' lang='grc' dir='ltr'><strong>γάρ</strong></span> <span class='ocrx_word' id='word_1_712' title='bbox 2439 4477 2586 4530; x_wconf 84' lang='grc' dir='ltr'>ἐστιν</span> <span class='ocrx_word' id='word_1_713' title='bbox 2618 4476 2647 4527; x_wconf 91' lang='lat'><strong>6</strong></span> <span class='ocrx_word' id='word_1_714' title='bbox 2676 4475 2842 4538; x_wconf 83' lang='grc' dir='ltr'>καλὸς</span> <span class='ocrx_word' id='word_1_715' title='bbox 2869 4474 3095 4545; x_wconf 82' lang='grc' dir='ltr'>ποιμὴν,</span> <span class='ocrx_word' id='word_1_716' title='bbox 3127 4475 3157 4527; x_wconf 93' lang='lat'><strong>6</strong></span> <span class='ocrx_word' id='word_1_717' title='bbox 3187 4472 3300 4538; x_wconf 78' lang='grc' dir='ltr'>θεὶς</span> <span class='ocrx_word' id='word_1_718' title='bbox 3339 4472 3438 4546; x_wconf 77' lang='grc' dir='ltr'>τὴν</span> <span class='ocrx_word' id='word_1_719' title='bbox 3477 4474 3656 4547; x_wconf 80' lang='grc' dir='ltr'>ψυχὴν</span> 
     </span>
    </p>
   </div>
   <div class='ocr_carea' id='block_1_89' title="bbox 393 4569 1977 4641">
    <p class='ocr_par' dir='ltr' id='par_1_89' title="bbox 393 4569 1977 4641">
     <span class='ocr_line' id='line_1_89' title="bbox 393 4569 1977 4641; baseline 0.001 -18"><span class='ocrx_word' id='word_1_720' title='bbox 393 4569 458 4625; x_wconf 89' lang='lat' dir='ltr'><strong>de</strong></span> <span class='ocrx_word' id='word_1_721' title='bbox 476 4578 624 4624; x_wconf 84' lang='lat' dir='ltr'><strong>terra</strong></span> <span class='ocrx_word' id='word_1_722' title='bbox 651 4570 926 4635; x_wconf 81' lang='lat' dir='ltr'><strong>exaltavit,</strong></span> <span class='ocrx_word' id='word_1_723' title='bbox 958 4590 975 4623; x_wconf 78' lang='grc' dir='ltr'><strong>ι</strong></span> <span class='ocrx_word' id='word_1_724' title='bbox 1013 4578 1067 4626; x_wconf 87' lang='lat' dir='ltr'><strong>et</strong></span> <span class='ocrx_word' id='word_1_725' title='bbox 1107 4570 1330 4626; x_wconf 83' lang='lat' dir='ltr'><strong>donavit</strong></span> <span class='ocrx_word' id='word_1_726' title='bbox 1359 4571 1438 4625; x_wconf 91' lang='lat' dir='ltr'><strong>illi</strong></span> <span class='ocrx_word' id='word_1_727' title='bbox 1480 4586 1680 4626; x_wconf 90' lang='lat' dir='ltr'><strong>nomen</strong></span> <span class='ocrx_word' id='word_1_728' title='bbox 1703 4569 1849 4641; x_wconf 91' lang='lat' dir='ltr'><strong>quod</strong></span> <span class='ocrx_word' id='word_1_729' title='bbox 1892 4579 1977 4627; x_wconf 91' lang='lat' dir='ltr'><strong>est</strong></span> 
     </span>
    </p>
   </div>
   <div class='ocr_carea' id='block_1_90' title="bbox 392 4661 1092 4729">
    <p class='ocr_par' dir='ltr' id='par_1_90' title="bbox 392 4661 1092 4729">
     <span class='ocr_line' id='line_1_90' title="bbox 392 4661 1092 4729; baseline 0.001 -14"><span class='ocrx_word' id='word_1_730' title='bbox 392 4676 556 4729; x_wconf 84' lang='lat' dir='ltr'><strong>super</strong></span> <span class='ocrx_word' id='word_1_731' title='bbox 578 4677 739 4717; x_wconf 91' lang='lat' dir='ltr'><strong>omne</strong></span> <span class='ocrx_word' id='word_1_732' title='bbox 769 4678 968 4718; x_wconf 89' lang='lat' dir='ltr'><strong>nomen</strong></span> <span class='ocrx_word' id='word_1_733' title='bbox 999 4661 1039 4718; x_wconf 75' lang='grc'><strong>⁸.</strong></span> <span class='ocrx_word' id='word_1_734' title='bbox 1072 4681 1092 4716; x_wconf 74' lang='grc' dir='ltr'><strong>ι</strong></span> 
     </span>
    </p>
   </div>
   <div class='ocr_carea' id='block_1_91' title="bbox 931 4839 1410 4897">
    <p class='ocr_par' dir='ltr' id='par_1_91' title="bbox 931 4839 1410 4897">
     <span class='ocr_line' id='line_1_91' title="bbox 931 4839 1410 4897; baseline -0.004 0"><span class='ocrx_word' id='word_1_735' title='bbox 931 4839 1160 4897; x_wconf 83' lang='lat' dir='ltr'><strong>CAPUT</strong></span> <span class='ocrx_word' id='word_1_736' title='bbox 1191 4839 1410 4896; x_wconf 73' lang='lat' dir='ltr'><strong>XXXV.</strong></span> 
     </span>
    </p>
   </div>
   <div class='ocr_carea' id='block_1_92' title="bbox 465 4930 1974 4999">
    <p class='ocr_par' dir='ltr' id='par_1_92' title="bbox 465 4930 1974 4999">
     <span class='ocr_line' id='line_1_92' title="bbox 465 4930 1974 4999; baseline 0.005 -16"><span class='ocrx_word' id='word_1_737' title='bbox 465 4948 486 4983; x_wconf 70' lang='grc' dir='ltr'><strong>ι</strong></span> <span class='ocrx_word' id='word_1_738' title='bbox 518 4930 725 4988; x_wconf 87' lang='lat' dir='ltr'><strong>Civitas</strong></span> <span class='ocrx_word' id='word_1_739' title='bbox 750 4930 935 4989; x_wconf 89' lang='lat' dir='ltr'><strong>Sancti</strong></span> <span class='ocrx_word' id='word_1_740' title='bbox 962 4933 1041 4989; x_wconf 89' lang='lat' dir='ltr'><strong>tui</strong></span> <span class='ocrx_word' id='word_1_741' title='bbox 1073 4932 1213 4989; x_wconf 86' lang='lat' dir='ltr'><strong>facta</strong></span> <span class='ocrx_word' id='word_1_742' title='bbox 1264 4941 1349 4989; x_wconf 92' lang='lat' dir='ltr'><strong>est</strong></span> <span class='ocrx_word' id='word_1_743' title='bbox 1397 4932 1613 4989; x_wconf 88' lang='lat' dir='ltr'><strong>deserta</strong></span> <span class='ocrx_word' id='word_1_744' title='bbox 1637 4974 1653 4999; x_wconf 96' lang='lat'><strong>,</strong></span> <span class='ocrx_word' id='word_1_745' title='bbox 1707 4934 1838 4990; x_wconf 90' lang='lat' dir='ltr'><strong>Sion</strong></span> <span class='ocrx_word' id='word_1_746' title='bbox 1882 4933 1974 4991; x_wconf 87' lang='lat' dir='ltr'><strong>de-</strong></span> 
     </span>
    </p>
   </div>
   <div class='ocr_carea' id='block_1_93' title="bbox 390 5021 1971 5088">
    <p class='ocr_par' dir='ltr' id='par_1_93' title="bbox 390 5021 1971 5088">
     <span class='ocr_line' id='line_1_93' title="bbox 390 5021 1971 5088; baseline 0.004 -12"><span class='ocrx_word' id='word_1_747' title='bbox 390 5029 537 5077; x_wconf 86' lang='lat' dir='ltr'><strong>serta</strong></span> <span class='ocrx_word' id='word_1_748' title='bbox 586 5021 728 5078; x_wconf 86' lang='lat' dir='ltr'><strong>facta</strong></span> <span class='ocrx_word' id='word_1_749' title='bbox 783 5032 901 5088; x_wconf 90' lang='lat' dir='ltr'><strong>est,</strong></span> <span class='ocrx_word' id='word_1_750' title='bbox 962 5023 1264 5080; x_wconf 81' lang='lat' dir='ltr'><strong>Jerusalem</strong></span> <span class='ocrx_word' id='word_1_751' title='bbox 1315 5025 1559 5081; x_wconf 85' lang='lat' dir='ltr'><strong>desolata</strong></span> <span class='ocrx_word' id='word_1_752' title='bbox 1606 5035 1706 5082; x_wconf 92' lang='lat' dir='ltr'><strong>est.</strong></span> <span class='ocrx_word' id='word_1_753' title='bbox 1768 5026 1971 5083; x_wconf 82' lang='lat' dir='ltr'><strong>Domus</strong></span> 
     </span>
    </p>
   </div>
   <div class='ocr_carea' id='block_1_94' title="bbox 389 5108 1966 5187">
    <p class='ocr_par' dir='ltr' id='par_1_94' title="bbox 389 5108 1966 5187">
     <span class='ocr_line' id='line_1_94' title="bbox 389 5108 1966 5187; baseline 0.005 -21"><span class='ocrx_word' id='word_1_754' title='bbox 389 5108 841 5169; x_wconf 78' lang='lat' dir='ltr'><strong>sanctificationis</strong></span> <span class='ocrx_word' id='word_1_755' title='bbox 901 5127 1140 5179; x_wconf 75' lang='lat' dir='ltr'><strong>nosme,</strong></span> <span class='ocrx_word' id='word_1_756' title='bbox 1216 5122 1271 5171; x_wconf 89' lang='lat' dir='ltr'><strong>et</strong></span> <span class='ocrx_word' id='word_1_757' title='bbox 1331 5117 1517 5187; x_wconf 73' lang='lat' dir='ltr'><strong>gloriae</strong></span> <span class='ocrx_word' id='word_1_758' title='bbox 1576 5126 1809 5182; x_wconf 63' lang='lat' dir='ltr'><strong>nostrae,</strong></span> <span class='ocrx_word' id='word_1_759' title='bbox 1872 5118 1966 5174; x_wconf 91' lang='lat' dir='ltr'><strong>ubi</strong></span> 
     </span>
    </p>
   </div>
   <div class='ocr_carea' id='block_1_95' title="bbox 2076 4565 3656 4640">
    <p class='ocr_par' dir='ltr' id='par_1_95' title="bbox 2076 4565 3656 4640">
     <span class='ocr_line' id='line_1_95' title="bbox 2076 4565 3656 4640; baseline -0.002 -18"><span class='ocrx_word' id='word_1_760' title='bbox 2076 4568 2240 4623; x_wconf 81' lang='grc' dir='ltr'>αὐτοῦ</span> <span class='ocrx_word' id='word_1_761' title='bbox 2285 4568 2427 4640; x_wconf 81' lang='grc' dir='ltr'>ὑπὲρ</span> <span class='ocrx_word' id='word_1_762' title='bbox 2468 4568 2577 4622; x_wconf 81' lang='grc' dir='ltr'><strong>τῶν</strong></span> <span class='ocrx_word' id='word_1_763' title='bbox 2626 4566 2935 4640; x_wconf 88' lang='grc' dir='ltr'>προϐάτων,</span> <span class='ocrx_word' id='word_1_764' title='bbox 2964 4566 3024 4619; x_wconf 83' lang='lat' dir='ltr'><em>6v</em></span> <span class='ocrx_word' id='word_1_765' title='bbox 3046 4568 3076 4619; x_wconf 92' lang='lat'><strong>6</strong></span> <span class='ocrx_word' id='word_1_766' title='bbox 3100 4565 3290 4638; x_wconf 79' lang='grc' dir='ltr'>Πατὴρ</span> <span class='ocrx_word' id='word_1_767' title='bbox 3317 4567 3656 4631; x_wconf 85' lang='grc' dir='ltr'>ἀναϐιϐάσας</span> 
     </span>
    </p>
   </div>
   <div class='ocr_carea' id='block_1_96' title="bbox 2075 4657 3654 4731">
    <p class='ocr_par' dir='ltr' id='par_1_96' title="bbox 2075 4657 3654 4731">
     <span class='ocr_line' id='line_1_96' title="bbox 2075 4657 3654 4731; baseline -0.002 -17"><span class='ocrx_word' id='word_1_768' title='bbox 2075 4662 2140 4714; x_wconf 83' lang='grc' dir='ltr'><strong>ἐκ</strong></span> <span class='ocrx_word' id='word_1_769' title='bbox 2159 4660 2257 4731; x_wconf 81' lang='grc' dir='ltr'><strong>τῆς</strong></span> <span class='ocrx_word' id='word_1_770' title='bbox 2284 4660 2389 4730; x_wconf 79' lang='grc' dir='ltr'>γῆς</span> <span class='ocrx_word' id='word_1_771' title='bbox 2410 4659 2760 4730; x_wconf 82' lang='grc' dir='ltr'>ύπερύψωσε,</span> <span class='ocrx_word' id='word_1_772' title='bbox 2784 4677 2803 4709; x_wconf 75' lang='grc' dir='ltr'><strong>ι</strong></span> <span class='ocrx_word' id='word_1_773' title='bbox 2825 4659 3192 4731; x_wconf 83' lang='grc' dir='ltr'>χαρισάμενος</span> <span class='ocrx_word' id='word_1_774' title='bbox 3216 4657 3367 4729; x_wconf 82' lang='grc' dir='ltr'>αὐτῷ</span> <span class='ocrx_word' id='word_1_775' title='bbox 3404 4657 3466 4713; x_wconf 81' lang='grc' dir='ltr'>τὸ</span> <span class='ocrx_word' id='word_1_776' title='bbox 3481 4658 3654 4731; x_wconf 70' lang='grc' dir='ltr'>ὄνομα</span> 
     </span>
    </p>
   </div>
   <div class='ocr_carea' id='block_1_97' title="bbox 2073 4751 2693 4823">
    <p class='ocr_par' dir='ltr' id='par_1_97' title="bbox 2073 4751 2693 4823">
     <span class='ocr_line' id='line_1_97' title="bbox 2073 4751 2693 4823; baseline -0.005 -18"><span class='ocrx_word' id='word_1_777' title='bbox 2073 4751 2136 4805; x_wconf 83' lang='grc' dir='ltr'><strong>τδ</strong></span> <span class='ocrx_word' id='word_1_778' title='bbox 2159 4752 2299 4823; x_wconf 80' lang='grc' dir='ltr'>ὑπὲρ</span> <span class='ocrx_word' id='word_1_779' title='bbox 2327 4753 2435 4805; x_wconf 80' lang='grc' dir='ltr'><strong>πᾶν</strong></span> <span class='ocrx_word' id='word_1_780' title='bbox 2461 4751 2649 4822; x_wconf 73' lang='grc' dir='ltr'>ὄνομα.</span> <span class='ocrx_word' id='word_1_781' title='bbox 2675 4770 2693 4802; x_wconf 67' lang='grc' dir='ltr'><strong>ι</strong></span> 
     </span>
    </p>
   </div>
   <div class='ocr_carea' id='block_1_98' title="bbox 2592 4841 3152 4895">
    <p class='ocr_par' dir='ltr' id='par_1_98' title="bbox 2592 4841 3152 4895">
     <span class='ocr_line' id='line_1_98' title="bbox 2592 4841 3152 4895; baseline 0.002 -1"><span class='ocrx_word' id='word_1_782' title='bbox 2592 4841 2989 4895; x_wconf 77' lang='grc' dir='ltr'><strong>ΚΕΦΑΛΑΙΟΝ</strong></span> <span class='ocrx_word' id='word_1_783' title='bbox 3027 4841 3152 4895; x_wconf 74' lang='lat' dir='ltr'><strong>AE&#39;.</strong></span> 
     </span>
    </p>
   </div>
   <div class='ocr_carea' id='block_1_99' title="bbox 2148 4929 3653 5004">
    <p class='ocr_par' dir='ltr' id='par_1_99' title="bbox 2148 4929 3653 5004">
     <span class='ocr_line' id='line_1_99' title="bbox 2148 4929 3653 5004; baseline 0.001 -21"><span class='ocrx_word' id='word_1_784' title='bbox 2148 4953 2167 4983; x_wconf 71' lang='grc' dir='ltr'><strong>ι</strong></span> <span class='ocrx_word' id='word_1_785' title='bbox 2199 4934 2360 4999; x_wconf 72' lang='grc' dir='ltr'>Πόλις</span> <span class='ocrx_word' id='word_1_786' title='bbox 2398 4933 2494 4987; x_wconf 77' lang='grc' dir='ltr'><strong>τοῦ</strong></span> <span class='ocrx_word' id='word_1_787' title='bbox 2532 4932 2714 5002; x_wconf 80' lang='grc' dir='ltr'>Ἀγίου</span> <span class='ocrx_word' id='word_1_788' title='bbox 2760 4948 2851 4986; x_wconf 88' lang='grc' dir='ltr'><strong>σου</strong></span> <span class='ocrx_word' id='word_1_789' title='bbox 2897 4932 3130 5004; x_wconf 83' lang='grc' dir='ltr'>ἐγενήθη</span> <span class='ocrx_word' id='word_1_790' title='bbox 3159 4931 3383 5003; x_wconf 75' lang='grc' dir='ltr'>ἔρημος,</span> <span class='ocrx_word' id='word_1_791' title='bbox 3412 4929 3550 4986; x_wconf 84' lang='grc' dir='ltr'>Σιὼν</span> <span class='ocrx_word' id='word_1_792' title='bbox 3573 4930 3653 4997; x_wconf 83' lang='grc' dir='ltr'>ὡς</span> 
     </span>
    </p>
   </div>
   <div class='ocr_carea' id='block_1_100' title="bbox 2069 5017 3655 5098">
    <p class='ocr_par' dir='ltr' id='par_1_100' title="bbox 2069 5017 3655 5098">
     <span class='ocr_line' id='line_1_100' title="bbox 2069 5017 3655 5098; baseline -0.002 -18"><span class='ocrx_word' id='word_1_793' title='bbox 2069 5026 2275 5098; x_wconf 75' lang='grc' dir='ltr'>ἔρημος</span> <span class='ocrx_word' id='word_1_794' title='bbox 2304 5025 2554 5098; x_wconf 80' lang='grc' dir='ltr'>ἐγενήθη,</span> <span class='ocrx_word' id='word_1_795' title='bbox 2571 5023 2922 5096; x_wconf 83' lang='grc' dir='ltr'>Ἰερουσαλὴμ</span> <span class='ocrx_word' id='word_1_796' title='bbox 2951 5025 3031 5087; x_wconf 84' lang='grc' dir='ltr'><strong>είς</strong></span> <span class='ocrx_word' id='word_1_797' title='bbox 3056 5024 3300 5096; x_wconf 86' lang='grc' dir='ltr'>κατάραν</span> <span class='ocrx_word' id='word_1_798' title='bbox 3318 5040 3332 5055; x_wconf 80' lang='lat'>&#39;</span> <span class='ocrx_word' id='word_1_799' title='bbox 3362 5025 3392 5077; x_wconf 91' lang='lat'><strong>6</strong></span> <span class='ocrx_word' id='word_1_800' title='bbox 3419 5017 3566 5087; x_wconf 78' lang='grc' dir='ltr'>οἶκος</span> <span class='ocrx_word' id='word_1_801' title='bbox 3587 5023 3655 5077; x_wconf 76' lang='grc' dir='ltr'>τὸ</span> 
     </span>
    </p>
   </div>
   <div class='ocr_carea' id='block_1_101' title="bbox 2069 5115 3653 5189">
    <p class='ocr_par' dir='ltr' id='par_1_101' title="bbox 2069 5115 3653 5189">
     <span class='ocr_line' id='line_1_101' title="bbox 2069 5115 3653 5189; baseline -0.003 -17"><span class='ocrx_word' id='word_1_802' title='bbox 2069 5119 2224 5188; x_wconf 79' lang='grc' dir='ltr'>ἅγιον</span> <span class='ocrx_word' id='word_1_803' title='bbox 2253 5118 2431 5189; x_wconf 82' lang='grc' dir='ltr'>ἡμῶν,</span> <span class='ocrx_word' id='word_1_804' title='bbox 2460 5118 2555 5172; x_wconf 78' lang='grc' dir='ltr'><strong>καὶ</strong></span> <span class='ocrx_word' id='word_1_805' title='bbox 2590 5118 2623 5186; x_wconf 81' lang='grc' dir='ltr'>ὴ</span> <span class='ocrx_word' id='word_1_806' title='bbox 2665 5116 2814 5183; x_wconf 80' lang='grc' dir='ltr'>δόξα,</span> <span class='ocrx_word' id='word_1_807' title='bbox 2843 5116 2910 5188; x_wconf 74' lang='grc' dir='ltr'>ἢν</span> <span class='ocrx_word' id='word_1_808' title='bbox 2959 5115 3269 5187; x_wconf 78' lang='grc' dir='ltr'>ηύλόγησαν</span> <span class='ocrx_word' id='word_1_809' title='bbox 3309 5117 3358 5169; x_wconf 90' lang='grc' dir='ltr'><strong>οί</strong></span> <span class='ocrx_word' id='word_1_810' title='bbox 3410 5115 3653 5185; x_wconf 82' lang='grc' dir='ltr'>πατέρες</span> 
     </span>
    </p>
   </div>
   <div class='ocr_carea' id='block_1_102' title="bbox 392 5200 1995 5283">
    <p class='ocr_par' dir='ltr' id='par_1_102' title="bbox 392 5200 1966 5275">
     <span class='ocr_line' id='line_1_102' title="bbox 392 5200 1966 5275; baseline 0.006 -21"><span class='ocrx_word' id='word_1_811' title='bbox 392 5200 747 5257; x_wconf 78' lang='lat' dir='ltr'><strong>laudaveram</strong></span> <span class='ocrx_word' id='word_1_812' title='bbox 778 5213 829 5259; x_wconf 84' lang='lat' dir='ltr'><strong>te</strong></span> <span class='ocrx_word' id='word_1_813' title='bbox 852 5212 1035 5275; x_wconf 82' lang='lat' dir='ltr'><strong>patres</strong></span> <span class='ocrx_word' id='word_1_814' title='bbox 1066 5207 1271 5273; x_wconf 85' lang='lat' dir='ltr'><strong>nostri,</strong></span> <span class='ocrx_word' id='word_1_815' title='bbox 1314 5206 1458 5262; x_wconf 85' lang='lat' dir='ltr'><strong>facta</strong></span> <span class='ocrx_word' id='word_1_816' title='bbox 1501 5218 1585 5264; x_wconf 89' lang='lat' dir='ltr'><strong>est</strong></span> <span class='ocrx_word' id='word_1_817' title='bbox 1632 5209 1687 5263; x_wconf 88' lang='lat' dir='ltr'><strong>in</strong></span> <span class='ocrx_word' id='word_1_818' title='bbox 1722 5210 1966 5265; x_wconf 82' lang='lat' dir='ltr'><strong>exustio-</strong></span> 
     </span>
    </p>
   </div>
   <div class='ocr_carea' id='block_1_103' title="bbox 2095 5200 3651 5283">
    <p class='ocr_par' dir='ltr' id='par_1_103' title="bbox 2095 5207 3651 5282">
     <span class='ocr_line' id='line_1_103' title="bbox 2095 5207 3651 5282; baseline -0.001 -19"><span class='ocrx_word' id='word_1_819' title='bbox 2095 5210 2245 5282; x_wconf 52' lang='grc' dir='ltr'>ἱμῶν,</span> <span class='ocrx_word' id='word_1_820' title='bbox 2289 5210 2518 5282; x_wconf 87' lang='grc' dir='ltr'>ἐγενήθη</span> <span class='ocrx_word' id='word_1_821' title='bbox 2568 5211 2960 5282; x_wconf 87' lang='grc' dir='ltr'>πυρίκαυστος,</span> <span class='ocrx_word' id='word_1_822' title='bbox 2992 5210 3086 5263; x_wconf 75' lang='grc' dir='ltr'><strong>καὶ</strong></span> <span class='ocrx_word' id='word_1_823' title='bbox 3129 5208 3307 5263; x_wconf 89' lang='grc' dir='ltr'>πάντα</span> <span class='ocrx_word' id='word_1_824' title='bbox 3332 5208 3401 5264; x_wconf 89' lang='grc' dir='ltr'><strong>τά</strong></span> <span class='ocrx_word' id='word_1_825' title='bbox 3425 5207 3651 5273; x_wconf 79' lang='grc' dir='ltr'>ἐπίδοξα</span> 
     </span>
    </p>
   </div>
   <div class='ocr_carea' id='block_1_104' title="bbox 389 5292 1995 5372">
    <p class='ocr_par' dir='ltr' id='par_1_104' title="bbox 389 5292 1965 5366">
     <span class='ocr_line' id='line_1_104' title="bbox 389 5292 1965 5366; baseline 0.005 -19"><span class='ocrx_word' id='word_1_826' title='bbox 389 5308 513 5348; x_wconf 88' lang='lat' dir='ltr'><strong>nem</strong></span> <span class='ocrx_word' id='word_1_827' title='bbox 553 5292 697 5366; x_wconf 80' lang='lat' dir='ltr'><strong>ignis</strong></span> <span class='ocrx_word' id='word_1_828' title='bbox 724 5335 739 5359; x_wconf 94' lang='lat'><strong>,</strong></span> <span class='ocrx_word' id='word_1_829' title='bbox 787 5302 838 5350; x_wconf 73' lang='lat' dir='ltr'><strong>et</strong></span> <span class='ocrx_word' id='word_1_830' title='bbox 886 5296 1067 5351; x_wconf 89' lang='lat' dir='ltr'><strong>omnia</strong></span> <span class='ocrx_word' id='word_1_831' title='bbox 1124 5297 1515 5355; x_wconf 84' lang='lat' dir='ltr'><strong>desiderabilia</strong></span> <span class='ocrx_word' id='word_1_832' title='bbox 1575 5308 1766 5355; x_wconf 87' lang='lat' dir='ltr'><strong>nostra</strong></span> <span class='ocrx_word' id='word_1_833' title='bbox 1805 5314 1965 5356; x_wconf 88' lang='lat' dir='ltr'><strong>versa</strong></span> 
     </span>
    </p>
   </div>
   <div class='ocr_carea' id='block_1_105' title="bbox 2095 5292 3646 5372">
    <p class='ocr_par' dir='ltr' id='par_1_105' title="bbox 2095 5297 3646 5372">
     <span class='ocr_line' id='line_1_105' title="bbox 2095 5297 3646 5372; baseline -0.001 -18"><span class='ocrx_word' id='word_1_834' title='bbox 2095 5299 2228 5372; x_wconf 83' lang='grc' dir='ltr'>;μῶν</span> <span class='ocrx_word' id='word_1_835' title='bbox 2242 5302 2563 5354; x_wconf 77' lang='grc' dir='ltr'>συνέπεσον·</span> <span class='ocrx_word' id='word_1_836' title='bbox 2581 5300 2676 5355; x_wconf 76' lang='grc' dir='ltr'><strong>καὶ</strong></span> <span class='ocrx_word' id='word_1_837' title='bbox 2690 5300 2783 5353; x_wconf 83' lang='grc' dir='ltr'><strong>ἐπὶ</strong></span> <span class='ocrx_word' id='word_1_838' title='bbox 2794 5301 2928 5354; x_wconf 79' lang='grc' dir='ltr'>πᾶσι</span> <span class='ocrx_word' id='word_1_839' title='bbox 2943 5299 3149 5364; x_wconf 91' lang='grc' dir='ltr'>τούτοις</span> <span class='ocrx_word' id='word_1_840' title='bbox 3177 5300 3428 5370; x_wconf 78' lang='grc' dir='ltr'>ἀνέσχον,</span> <span class='ocrx_word' id='word_1_841' title='bbox 3448 5297 3532 5354; x_wconf 85' lang='grc' dir='ltr'><strong>Κύ</strong></span> <span class='ocrx_word' id='word_1_842' title='bbox 3541 5316 3646 5371; x_wconf 83' lang='grc' dir='ltr'>ριε,</span> 
     </span>
    </p>
   </div>
   <div class='ocr_carea' id='block_1_106' title="bbox 391 5384 1964 5461">
    <p class='ocr_par' dir='ltr' id='par_1_106' title="bbox 391 5384 1964 5461">
     <span class='ocr_line' id='line_1_106' title="bbox 391 5384 1964 5461; baseline 0.004 -22"><span class='ocrx_word' id='word_1_843' title='bbox 391 5394 519 5440; x_wconf 86' lang='lat' dir='ltr'><strong>sunt</strong></span> <span class='ocrx_word' id='word_1_844' title='bbox 547 5384 601 5439; x_wconf 91' lang='lat' dir='ltr'><strong>in</strong></span> <span class='ocrx_word' id='word_1_845' title='bbox 632 5388 841 5443; x_wconf 88' lang='lat' dir='ltr'><strong>ruinas.</strong></span> <span class='ocrx_word' id='word_1_846' title='bbox 872 5386 1128 5443; x_wconf 63' lang='lat' dir='ltr'><strong>Nunquid</strong></span> <span class='ocrx_word' id='word_1_847' title='bbox 1181 5406 1344 5461; x_wconf 91' lang='lat' dir='ltr'><strong>super</strong></span> <span class='ocrx_word' id='word_1_848' title='bbox 1386 5392 1475 5447; x_wconf 87' lang='lat' dir='ltr'><strong>bis</strong></span> <span class='ocrx_word' id='word_1_849' title='bbox 1515 5393 1826 5447; x_wconf 82' lang='lat' dir='ltr'><strong>continebis</strong></span> <span class='ocrx_word' id='word_1_850' title='bbox 1877 5400 1964 5458; x_wconf 89' lang='lat' dir='ltr'><strong>te,</strong></span> 
     </span>
    </p>
   </div>
   <div class='ocr_carea' id='block_1_107' title="bbox 389 5472 1967 5551">
    <p class='ocr_par' dir='ltr' id='par_1_107' title="bbox 389 5472 1967 5551">
     <span class='ocr_line' id='line_1_107' title="bbox 389 5472 1967 5551; baseline 0.005 -23"><span class='ocrx_word' id='word_1_851' title='bbox 389 5472 647 5531; x_wconf 84' lang='lat' dir='ltr'><strong>Domine:</strong></span> <span class='ocrx_word' id='word_1_852' title='bbox 683 5479 889 5535; x_wconf 86' lang='lat' dir='ltr'><strong>tacebis</strong></span> <span class='ocrx_word' id='word_1_853' title='bbox 930 5488 984 5534; x_wconf 90' lang='lat' dir='ltr'><strong>et</strong></span> <span class='ocrx_word' id='word_1_854' title='bbox 1022 5480 1225 5551; x_wconf 67' lang='lat' dir='ltr'><strong>aﬂliges</strong></span> <span class='ocrx_word' id='word_1_855' title='bbox 1253 5498 1358 5540; x_wconf 88' lang='lat' dir='ltr'><strong>nos</strong></span> <span class='ocrx_word' id='word_1_856' title='bbox 1380 5484 1728 5539; x_wconf 87' lang='lat' dir='ltr'><strong>vehementer</strong></span> <span class='ocrx_word' id='word_1_857' title='bbox 1748 5482 1809 5536; x_wconf 88' lang='lat'><strong>&#39;?</strong></span> <span class='ocrx_word' id='word_1_858' title='bbox 1846 5501 1865 5536; x_wconf 72' lang='grc' dir='ltr'><strong>ι</strong></span> <span class='ocrx_word' id='word_1_859' title='bbox 1895 5511 1967 5521; x_wconf 91' lang='lat'><strong>-</strong></span> 
     </span>
    </p>
   </div>
   <div class='ocr_carea' id='block_1_108' title="bbox 394 5566 1961 5648">
    <p class='ocr_par' dir='ltr' id='par_1_108' title="bbox 394 5566 1961 5648">
     <span class='ocr_line' id='line_1_108' title="bbox 394 5566 1961 5648; baseline 0.006 -28"><span class='ocrx_word' id='word_1_860' title='bbox 394 5584 418 5621; x_wconf 77' lang='grc' dir='ltr'>ι</span> <span class='ocrx_word' id='word_1_861' title='bbox 454 5566 774 5627; x_wconf 78' lang='lat' dir='ltr'><strong>Manifestus</strong></span> <span class='ocrx_word' id='word_1_862' title='bbox 797 5572 978 5629; x_wconf 87' lang='lat' dir='ltr'><strong>factus</strong></span> <span class='ocrx_word' id='word_1_863' title='bbox 1005 5590 1125 5630; x_wconf 87' lang='lat' dir='ltr'><strong>sum</strong></span> <span class='ocrx_word' id='word_1_864' title='bbox 1151 5575 1219 5631; x_wconf 89' lang='lat' dir='ltr'><strong>iis</strong></span> <span class='ocrx_word' id='word_1_865' title='bbox 1242 5576 1337 5648; x_wconf 90' lang='lat' dir='ltr'><strong>qui</strong></span> <span class='ocrx_word' id='word_1_866' title='bbox 1358 5591 1469 5631; x_wconf 93' lang='lat' dir='ltr'><strong>non</strong></span> <span class='ocrx_word' id='word_1_867' title='bbox 1498 5583 1625 5632; x_wconf 86' lang='lat' dir='ltr'><strong>ante</strong></span> <span class='ocrx_word' id='word_1_868' title='bbox 1657 5577 1961 5646; x_wconf 83' lang='lat' dir='ltr'><strong>interroga-</strong></span> 
     </span>
    </p>
   </div>
   <div class='ocr_carea' id='block_1_109' title="bbox 387 5658 1961 5739">
    <p class='ocr_par' dir='ltr' id='par_1_109' title="bbox 387 5658 1961 5739">
     <span class='ocr_line' id='line_1_109' title="bbox 387 5658 1961 5739; baseline 0.003 -22"><span class='ocrx_word' id='word_1_869' title='bbox 387 5658 520 5717; x_wconf 83' lang='lat' dir='ltr'><strong>bant</strong></span> <span class='ocrx_word' id='word_1_870' title='bbox 546 5674 662 5716; x_wconf 88' lang='lat' dir='ltr'><strong>me:</strong></span> <span class='ocrx_word' id='word_1_871' title='bbox 699 5663 1025 5721; x_wconf 87' lang='lat' dir='ltr'><strong>invenerunt</strong></span> <span class='ocrx_word' id='word_1_872' title='bbox 1046 5666 1140 5736; x_wconf 88' lang='lat' dir='ltr'><strong>qui</strong></span> <span class='ocrx_word' id='word_1_873' title='bbox 1167 5682 1274 5723; x_wconf 87' lang='lat' dir='ltr'><strong>non</strong></span> <span class='ocrx_word' id='word_1_874' title='bbox 1306 5668 1640 5739; x_wconf 63' lang='lat' dir='ltr'><strong>quaesierunt</strong></span> <span class='ocrx_word' id='word_1_875' title='bbox 1667 5682 1757 5724; x_wconf 88' lang='lat' dir='ltr'><strong>me</strong></span> <span class='ocrx_word' id='word_1_876' title='bbox 1781 5685 1797 5724; x_wconf 90' lang='lat'><strong>:</strong></span> <span class='ocrx_word' id='word_1_877' title='bbox 1819 5666 1961 5723; x_wconf 79' lang='lat' dir='ltr'><strong>dixi:</strong></span> 
     </span>
    </p>
   </div>
   <div class='ocr_carea' id='block_1_110' title="bbox 459 5814 1995 5892">
    <p class='ocr_par' dir='ltr' id='par_1_110' title="bbox 459 5814 1995 5891">
     <span class='ocr_line' id='line_1_110' title="bbox 459 5814 1995 5891; baseline 0.007 -23"><span class='ocrx_word' id='word_1_878' title='bbox 459 5816 477 5847; x_wconf 79' lang='grc' dir='ltr'>ι</span> <span class='ocrx_word' id='word_1_879' title='bbox 514 5814 680 5871; x_wconf 84' lang='lat' dir='ltr'><strong>Zach.</strong></span> <span class='ocrx_word' id='word_1_880' title='bbox 715 5832 809 5881; x_wconf 80' lang='grc' dir='ltr'>ιιι,</span> <span class='ocrx_word' id='word_1_881' title='bbox 841 5818 896 5874; x_wconf 77' lang='grc'><strong>4.</strong></span> <span class='ocrx_word' id='word_1_882' title='bbox 971 5820 992 5851; x_wconf 85' lang='grc'>¹</span> <span class='ocrx_word' id='word_1_883' title='bbox 1028 5819 1199 5875; x_wconf 81' lang='lat' dir='ltr'><strong>lPett</strong></span> <span class='ocrx_word' id='word_1_884' title='bbox 1264 5837 1340 5887; x_wconf 87' lang='grc' dir='ltr'><strong>ιι,</strong></span> <span class='ocrx_word' id='word_1_885' title='bbox 1369 5822 1461 5881; x_wconf 69' lang='grc'><strong>22.</strong></span> <span class='ocrx_word' id='word_1_886' title='bbox 1539 5825 1564 5858; x_wconf 87' lang='grc'>³</span> <span class='ocrx_word' id='word_1_887' title='bbox 1603 5824 1706 5881; x_wconf 87' lang='lat' dir='ltr'><strong>lsa.</strong></span> <span class='ocrx_word' id='word_1_888' title='bbox 1746 5837 1913 5891; x_wconf 80' lang='lat' dir='ltr'><strong>txut,</strong></span> <span class='ocrx_word' id='word_1_889' title='bbox 1951 5823 1995 5879; x_wconf 65' lang='grc'><strong>14</strong></span> 
     </span>
    </p>
   </div>
   <div class='ocr_carea' id='block_1_111' title="bbox 2095 5814 2517 5892">
    <p class='ocr_par' dir='ltr' id='par_1_111' title="bbox 2119 5821 2517 5892">
     <span class='ocr_line' id='line_1_111' title="bbox 2119 5821 2517 5892; baseline 0.01 -15"><span class='ocrx_word' id='word_1_890' title='bbox 2119 5821 2142 5857; x_wconf 75' lang='grc'>⁸</span> <span class='ocrx_word' id='word_1_891' title='bbox 2179 5821 2321 5880; x_wconf 87' lang='lat' dir='ltr'><strong>Phil.</strong></span> <span class='ocrx_word' id='word_1_892' title='bbox 2356 5838 2431 5892; x_wconf 83' lang='grc' dir='ltr'><strong>ιι,</strong></span> <span class='ocrx_word' id='word_1_893' title='bbox 2461 5823 2517 5880; x_wconf 89' lang='lat'><strong>9.</strong></span> 
     </span>
    </p>
   </div>
   <div class='ocr_carea' id='block_1_112' title="bbox 2070 5389 3640 5465">
    <p class='ocr_par' dir='ltr' id='par_1_112' title="bbox 2070 5389 3640 5465">
     <span class='ocr_line' id='line_1_112' title="bbox 2070 5389 3640 5465; baseline -0.002 -20"><span class='ocrx_word' id='word_1_894' title='bbox 2070 5392 2166 5446; x_wconf 77' lang='grc' dir='ltr'>καὶ</span> <span class='ocrx_word' id='word_1_895' title='bbox 2182 5391 2522 5465; x_wconf 84' lang='grc' dir='ltr'>ἐσιώπησας·</span> <span class='ocrx_word' id='word_1_896' title='bbox 2542 5392 2636 5446; x_wconf 72' lang='grc' dir='ltr'><strong>καὶ</strong></span> <span class='ocrx_word' id='word_1_897' title='bbox 2664 5391 3037 5455; x_wconf 86' lang='grc' dir='ltr'>ἐταπείνωσας</span> <span class='ocrx_word' id='word_1_898' title='bbox 3060 5390 3206 5462; x_wconf 77' lang='grc' dir='ltr'>ἡμᾶς</span> <span class='ocrx_word' id='word_1_899' title='bbox 3234 5390 3341 5454; x_wconf 80' lang='grc' dir='ltr'><strong>ἐως</strong></span> <span class='ocrx_word' id='word_1_900' title='bbox 3369 5389 3594 5461; x_wconf 78' lang='grc' dir='ltr'>σφόδρα.</span> <span class='ocrx_word' id='word_1_901' title='bbox 3621 5408 3640 5442; x_wconf 72' lang='lat' dir='ltr'><strong>t</strong></span> 
     </span>
    </p>
   </div>
   <div class='ocr_carea' id='block_1_113' title="bbox 2065 5480 3647 5555">
    <p class='ocr_par' dir='ltr' id='par_1_113' title="bbox 2065 5480 3647 5555">
     <span class='ocr_line' id='line_1_113' title="bbox 2065 5480 3647 5555; baseline -0.003 -20"><span class='ocrx_word' id='word_1_902' title='bbox 2065 5514 2135 5524; x_wconf 94' lang='lat'><strong>—</strong></span> <span class='ocrx_word' id='word_1_903' title='bbox 2155 5503 2174 5535; x_wconf 73' lang='grc' dir='ltr'><strong>ι</strong></span> <span class='ocrx_word' id='word_1_904' title='bbox 2198 5484 2478 5555; x_wconf 82' lang='grc' dir='ltr'>Ἐμφανὴς</span> <span class='ocrx_word' id='word_1_905' title='bbox 2499 5481 2762 5555; x_wconf 78' lang='grc' dir='ltr'>ἐγενήθην</span> <span class='ocrx_word' id='word_1_906' title='bbox 2784 5483 2896 5547; x_wconf 78' lang='grc' dir='ltr'>τοῖς</span> <span class='ocrx_word' id='word_1_907' title='bbox 2920 5481 3022 5552; x_wconf 82' lang='grc' dir='ltr'>ἐμὲ</span> <span class='ocrx_word' id='word_1_908' title='bbox 3051 5481 3126 5553; x_wconf 85' lang='grc' dir='ltr'>μὴ</span> <span class='ocrx_word' id='word_1_909' title='bbox 3147 5480 3496 5552; x_wconf 81' lang='grc' dir='ltr'>ἐπερωτῶσιν</span> <span class='ocrx_word' id='word_1_910' title='bbox 3515 5496 3529 5510; x_wconf 87' lang='grc'><strong>·</strong></span> <span class='ocrx_word' id='word_1_911' title='bbox 3550 5480 3647 5531; x_wconf 85' lang='grc' dir='ltr'>εύ-</span> 
     </span>
    </p>
   </div>
   <div class='ocr_carea' id='block_1_114' title="bbox 2071 5568 3644 5647">
    <p class='ocr_par' dir='ltr' id='par_1_114' title="bbox 2071 5568 3644 5647">
     <span class='ocr_line' id='line_1_114' title="bbox 2071 5568 3644 5647; baseline -0.005 -18"><span class='ocrx_word' id='word_1_912' title='bbox 2071 5576 2232 5647; x_wconf 85' lang='grc' dir='ltr'>ρέθην</span> <span class='ocrx_word' id='word_1_913' title='bbox 2277 5579 2388 5639; x_wconf 86' lang='grc' dir='ltr'>τοῖς</span> <span class='ocrx_word' id='word_1_914' title='bbox 2422 5576 2522 5647; x_wconf 79' lang='grc' dir='ltr'>ἐμὲ</span> <span class='ocrx_word' id='word_1_915' title='bbox 2556 5574 2629 5646; x_wconf 86' lang='grc' dir='ltr'><strong>μὴ</strong></span> <span class='ocrx_word' id='word_1_916' title='bbox 2659 5572 2942 5645; x_wconf 58' lang='grc' dir='ltr'>ζητοῦσιν</span> <span class='ocrx_word' id='word_1_917' title='bbox 2973 5568 3131 5626; x_wconf 68' lang='grc' dir='ltr'>εἶπα*</span> <span class='ocrx_word' id='word_1_918' title='bbox 3172 5570 3299 5626; x_wconf 72' lang='grc' dir='ltr'>Ἰδού</span> <span class='ocrx_word' id='word_1_919' title='bbox 3341 5573 3456 5644; x_wconf 78' lang='grc' dir='ltr'>εἰμι</span> <span class='ocrx_word' id='word_1_920' title='bbox 3499 5568 3644 5624; x_wconf 66' lang='grc' dir='ltr'>ἔθνει</span> 
     </span>
    </p>
   </div>
   <div class='ocr_carea' id='block_1_115' title="bbox 2065 5660 3650 5738">
    <p class='ocr_par' dir='ltr' id='par_1_115' title="bbox 2065 5660 3650 5738">
     <span class='ocr_line' id='line_1_115' title="bbox 2065 5660 3650 5738; baseline -0.004 -17"><span class='ocrx_word' id='word_1_921' title='bbox 2065 5667 2115 5721; x_wconf 86' lang='grc' dir='ltr'>οἳ</span> <span class='ocrx_word' id='word_1_922' title='bbox 2138 5667 2240 5721; x_wconf 87' lang='grc' dir='ltr'><strong>ούκ</strong></span> <span class='ocrx_word' id='word_1_923' title='bbox 2263 5667 2662 5721; x_wconf 82' lang='grc' dir='ltr'>ἐπεκαλέσαντὸ</span> <span class='ocrx_word' id='word_1_924' title='bbox 2696 5683 2796 5738; x_wconf 87' lang='grc' dir='ltr'><strong>μου</strong></span> <span class='ocrx_word' id='word_1_925' title='bbox 2830 5666 2891 5720; x_wconf 86' lang='grc' dir='ltr'><strong>τὸ</strong></span> <span class='ocrx_word' id='word_1_926' title='bbox 2918 5667 3119 5736; x_wconf 72' lang='grc' dir='ltr'>ὄνομαο</span> <span class='ocrx_word' id='word_1_927' title='bbox 3146 5664 3241 5719; x_wconf 78' lang='grc' dir='ltr'>ἐπὶ</span> <span class='ocrx_word' id='word_1_928' title='bbox 3269 5663 3325 5719; x_wconf 79' lang='grc' dir='ltr'><strong>δέ</strong></span> <span class='ocrx_word' id='word_1_929' title='bbox 3365 5662 3426 5718; x_wconf 76' lang='grc' dir='ltr'>σὲ</span> <span class='ocrx_word' id='word_1_930' title='bbox 3450 5660 3650 5730; x_wconf 63' lang='grc' dir='ltr'>ἐξεπέσ-</span> 
     </span>
    </p>
   </div>
   <div class='ocr_carea' id='block_1_116' title="bbox 2650 5823 3167 5893">
    <p class='ocr_par' dir='ltr' id='par_1_116' title="bbox 2650 5823 3167 5893">
     <span class='ocr_line' id='line_1_116' title="bbox 2650 5823 3167 5893; baseline -0.002 -13"><span class='ocrx_word' id='word_1_931' title='bbox 2650 5838 2758 5883; x_wconf 69' lang='lat' dir='ltr'><strong>nsa.</strong></span> <span class='ocrx_word' id='word_1_932' title='bbox 2793 5840 2945 5893; x_wconf 53' lang='grc' dir='ltr'>μιν,</span> <span class='ocrx_word' id='word_1_933' title='bbox 2980 5823 3167 5880; x_wconf 71' lang='lat'><strong>10-12.</strong></span> 
     </span>
    </p>
   </div>
  </div>
