4100 6462
428 446 563 503 1261

1614 426 1703 487 DE
1740 431 1924 487 VITIS
1961 427 2502 487 PROPHETARUM.

3538 428 3677 483 12θί

424 576 565 617 τασα
588 558 685 622 τὰς
707 552 892 629 χεῖράς
917 568 1017 625 μου
1036 552 1168 625 ὃλην
1190 551 1290 624 τήν
1315 550 1527 623 ἡμέραν
1549 551 1682 622 πρὸς
1702 551 1830 604 λαὸν
1850 551 1997 603 ἀπει-

2106 548 2240 604 Ecce
2281 536 2383 619 ego
2435 547 2502 603 ad
2547 554 2762 619 gentem
2794 562 2916 618 quae
2980 562 3089 601 non
3135 547 3424 604 invocabat
3474 563 3680 604 nomen

428 649 625 704 θοῦντα
646 648 738 701 καὶ
760 645 1126 712 ἀντιλέγοντα,
1145 641 1194 695 οἳ
1219 642 1318 695 οὐκ
1347 639 1721 712 ἐπορεύθησαν
1749 639 1851 710 ὀδῷ
1870 640 1999 709 ἀλη-

427 739 698 812 θινῇ,ἀλλ⁶
718 738 892 791 ὀπίσω
914 735 1022 789 τῶν
1050 733 1331 806 ἁμαρτιῶν
1352 731 1553 786 αὐτῶν.
1583 750 1602 782 ι
1632 719 1741 784 Καὶ
1769 727 2001 783 ἐνταῦθα

426 829 894 904 προφητευθείσης
923 826 1186 897 πρότερον
1217 824 1317 895 τῆς
1340 823 1435 876 τοῦ
1464 821 1678 894 Ἰσραὴλ
1706 818 1997 889 ἀποϐολῆς,

427 924 555 996 ἐξῆς
580 922 903 993 σημαίνεται
926 918 1085 991 ἡτῶν
1113 917 1280 971 ἐθνῶν
1312 916 1510 986 ἐκλογὴ
1539 914 1627 968 διὰ
1646 912 1741 966 τοῦ
1764 911 1999 985 Χριστοῦ

425 1015 691 1085 γενομένη
713 1030 728 1044 ·
763 1015 828 1066 ἐκ
860 1009 1147 1083 προσώπου
1178 1010 1285 1080 γάρ
1300 1026 1382 1062 τοι
1412 1008 1506 1062 τοῦ
1533 1006 1662 1060 λαοῦ
1691 1004 1856 1076 εὐχὴν
1873 1005 2002 1057 ἀνα-

428 1108 743 1179 πέμψαντος
775 1103 869 1157 τοῦ
914 1103 1215 1173 προφήτου,
1249 1102 1279 1152 ό
1303 1099 1363 1162 (1⁵.
1398 1098 1491 1169 61)
1511 1097 1681 1165 Λόγος
1708 1093 2002 1164 ἀποκρινε-

425 1215 515 1253 ται
556 1197 652 1269 τὴν
687 1194 946 1266 σκληρίαν
974 1193 1067 1246 καὶ
1093 1192 1154 1245 τὸ
1178 1191 1400 1254 ἀπειθὲς
1438 1188 1531 1242 τοῦ
1559 1188 1826 1258 προτέρου
1874 1183 2001 1239 λαοῦ

424 1290 736 1359 διελέγχων,
761 1288 855 1340 καὶ
882 1286 943 1339 τὸ
973 1282 1350 1356 φιλάνθρωπον
1375 1280 1437 1334 τό
1470 1278 1664 1334 ἑαυτοῦ
1706 1277 1997 1348 παριστὰς.

426 1380 550 1442 Πῶς
579 1379 707 1450 γὰρ,
735 1378 887 1449 φησὶ,
916 1375 1089 1431 ταῦτά
1110 1392 1263 1445 φατε,
1282 1374 1356 1436 ὡς
1386 1370 1518 1444 ἐμοῦ
1552 1371 1688 1444 πρὸς
1718 1370 1778 1424 τὺ
1807 1368 2003 1432 σώζειν

426 1471 571 1543 ὑμᾶς
613 1468 929 1534 όκνοῦντοςς
974 1468 1084 1521 Καὶ
1109 1465 1214 1538 μὴν
1252 1464 1480 1527 καὶτοῖς
1523 1462 1597 1535 μὴ
1628 1459 2003 1534 ἐπερωτήσασί

430 1579 518 1632 με,
558 1560 693 1632 μηδὲ
733 1559 1031 1630 ζητήσασιν
1079 1556 1338 1628 ἐμφανῶς
1385 1555 1618 1626 ἐμαυτὸν
1662 1554 1999 1625 παρέστησα.

425 1653 535 1706 Καὶ
575 1652 639 1723 δὴ
669 1650 934 1722 πρόδηλον
963 1650 1108 1712 ὅπως
1138 1650 1166 1702 ό
1191 1646 1286 1701 τοῦ
1335 1646 1468 1699 Θεοῦ
1503 1640 1696 1712 Λόγος,
1725 1644 1787 1697 τὸ
1815 1642 2007 1714 πρότε-

430 1760 523 1815 ρον
548 1741 907 1813 ἀγνοούμενος
935 1743 1045 1804 τοῖς
1069 1739 1298 1801 ἔθνεσιν,
1321 1738 1415 1791 ἐπ)⁸
1440 1734 1719 1805 συντελείᾳ
1744 1735 1852 1788 τῶν
1872 1733 2005 1788 αἰώ-

2102 657 2302 697 meum.
2338 640 2582 711 Expandi
2614 654 2810 695 manus
2851 654 3000 695 meas
3037 646 3151 694 tota
3178 638 3267 694 die
3296 638 3365 694 ad
3416 639 3684 711 populum

2100 733 2475 797 incredulum,
2506 733 2595 801 qui
2628 732 2875 802 graditur
2906 732 2962 786 in
2984 731 3071 786 via
3101 747 3211 786 non
3238 732 3380 786 bona
3422 741 3546 804 post
3587 747 3679 789 co-

2102 825 2390 894 gitationes
2420 840 2548 881 suas
2582 825 2620 881 ¹.
2675 845 2694 877 ι
2729 824 2829 880 Hic
2857 840 3076 895 quoque
3127 825 3498 894 prophetizata
3527 827 3683 897 prius

2102 916 2265 972 Israel
2327 908 2710 987 reprobatione
2739 957 2756 981 ,
2806 910 3070 973 continuo
3116 919 3390 973 indicatur
3437 922 3680 990 gentium

2103 1010 2293 1063 electio
2320 1024 2441 1078 quae
2473 1024 2569 1079 per
2594 1008 2871 1064 Christum
2900 1008 3043 1063 facta
3071 1017 3176 1065 est.
3207 1009 3250 1063 E
3282 1025 3513 1081 persona
3536 1013 3689 1067 enim

2104 1100 2289 1170 populi
2318 1116 2507 1169 preces
2538 1101 2814 1157 emittente
2838 1102 3120 1172 propheta,
3161 1102 3455 1171 respondet
3488 1102 3680 1159 Sermo

2105 1189 2542 1244 incredulitatem
2577 1197 2631 1244 et
2650 1191 3001 1260 iniquitatem
3045 1193 3245 1261 prioris
3282 1193 3467 1263 populi
3502 1194 3681 1248 incre-

2104 1295 2263 1351 pans,
2297 1281 2683 1351 pr0priamque
2718 1285 2772 1335 in
2806 1298 2900 1339 eos
2937 1284 3324 1355 benignitatem
3358 1301 3684 1343 commemo-

2105 1386 2256 1427 rans.
2282 1371 2567 1438 Quomodo
2595 1374 2761 1439 enim,
2787 1378 2889 1439 ait,
2924 1376 3037 1431 haec
3060 1378 3264 1443 dicitis,
3295 1380 3451 1450 quasi
3474 1396 3559 1436 me
3594 1397 3684 1437 sa-

2105 1465 2271 1519 lutem
2298 1475 2538 1521 vestram
2579 1466 2922 1538 negligente?
2970 1467 3233 1538 Equidem
3274 1472 3382 1528 illis
3428 1473 3523 1543 qui
3570 1489 3680 1528 non

2106 1554 2518 1625 interrogabant
2577 1571 2663 1610 me
2711 1571 2814 1610 nec
2856 1553 3172 1625 quaerebant
3219 1559 3483 1630 meipsur‘u
3519 1560 3685 1614 mani-

2108 1646 2321 1704 festavi.
2356 1646 2500 1702 Sane
2547 1648 2715 1717 igitur
2774 1648 3122 1703 manifestum
3163 1650 3308 1719 quod
3338 1650 3429 1707 Dei
3493 1650 3681 1720 Filius,

2106 1740 2359 1809 gentibus
2384 1738 2513 1794 olim
2553 1739 2798 1809 ignotus,
2843 1740 2899 1793 in
2943 1743 3417 1798 consummatione
3457 1744 3685 1799 saeculo-

425 1851 533 1890 νων
567 1834 860 1906 ἀγαθότητι
894 1833 989 1886 καὶ
1014 1829 1389 1902 φιλανθρωπίᾳ
1409 1827 1502 1882 τοῦ
1526 1825 1739 1897 Πατρὸς
1760 1825 1854 1878 καὶ
1869 1822 2002 1876 Θεοῦ

2109 1843 2253 1893 rum,
2287 1829 2618 1899 benignitate
2649 1837 2705 1884 et
2732 1830 3109 1885 benevolentia
3136 1830 3317 1888 Patris
3345 1832 3547 1902 Deique
3566 1849 3685 1890 om-

424 1926 534 1999 τῶν
566 1899 701 1979 ὅλων
731 1899 974 1996 ἐμφανὴς
1019 1899 1487 1991 αὐτοῖς-ἐγενήθη,
1522 1916 1881 1990 μηδεπώποτε
1906 1916 2004 1968 αὐ-

2108 1921 2260 1975 nium
2303 1936 2506 1985 rerum,
2534 1920 2854 1976 manifestus
2879 1921 2962 1977 eis
2992 1921 3170 1977 factus
3231 1930 3336 1988 est,
3402 1925 3497 1995 qui
3545 1939 3687 1979 nun-

425 2016 518 2070 τὸν
545 2016 611 2070 δι’
641 2018 709 2088 ἣν
742 2013 888 2087 εἶχον
927 2016 1057 2085 περὶ
1079 2013 1150 2066 τὰ
1171 2012 1364 2066 εἴδωλα
1396 2012 1600 2079 πλάνην
1628 2008 1755 2080 περ).
1786 2001 1861 2062 ὧν
1891 2007 1996 2061 est.

424 2123 546 2161 οντο
583 2109 913 2180 ἐρωτήσασι,
946 2106 1141 2178 εὑρέθη
1183 2121 1249 2165 τε,
1282 2105 1414 2174 ἡμῖν
1448 2103 1561 2165 τοῖς
1592 2100 1665 2172 μὴ
1708 2098 2004 2170 ζητήσασιν

425 2198 610 2264 αὑτὸν,
644 2198 781 2252 ἀλλὰ
805 2199 899 2252 καὶ
939 2197 1013 2269 μὴ
1038 2193 1521 2264 ἐπικαλεσαμένοις
1555 2190 1720 2246 αὑτοῦ
1749 2190 1810 2244 τὸ
1833 2190 2004 2261 ὄνομα

425 2290 851 2361 ἐνανθρωπήσας
875 2289 1228 2360 ἀπεκρίνατο,
1254 2286 1535 2358 μονονουχὶ
1560 2284 1698 2355 βοῶν
1726 2283 1787 2337 τό
1807 2301 1851 2334 οι
1874 2283 2004 2336 Ἰδοὺ

426 2381 678 2451 πάρειμι.
712 2399 731 2431 ι
770 2379 953 2433 Ταῦτα
982 2379 1082 2449 μὲν
1112 2372 1205 2430 οὖν
1232 2376 1360 2446 περὶ
1400 2375 1501 2445 τῆς
1535 2373 1646 2427 τῶν
1681 2373 1846 2426 ἐθνῶν
1875 2371 2007 2444 κλήδ-

428 2488 566 2535 σεως
610 2470 794 2539 σαφῶς
824 2473 852 2524 ὁ
889 2470 1046 2539 λόγος
1074 2468 1424 2540 προφητεύει·
1450 2466 1576 2537 ἑξῆς
1610 2465 1667 2519 δὲ
1698 2461 1854 2530 αὖθις
1880 2464 2007 2517 δυσ-

427 2561 831 2635 ωπητικώτατα
862 2562 998 2634 πρὸς
1043 2559 1134 2614 τὸν
1170 2559 1279 2613 τῶν
1317 2557 1586 2612 Ἰουδαίων
1615 2555 1776 2625 λόγον
1816 2555 2007 2625 ἔπιφέ-

431 2669 514 2724 ρει
564 2651 736 2721 λέγων
757 2670 770 2683 ·
809 2672 828 2704 ι
850 2653 972 2706 Ἐπὶ
1000 2650 1056 2705 δέ
1086 2652 1142 2705 σὲ
1170 2650 1472 2718 ἐξεπέτασα
1505 2647 1605 2712 τὰς
1644 2647 1831 2719 χεῖράς
1880 2665 2001 2717 μου,

428 2743 565 2815 πρὸς
599 2744 725 2798 λαὸν
756 2744 1083 2798 ἀπειθοῦντα
1105 2743 1200 2798 καὶ
1223 2741 1595 2809 ἀντιλέγοντα.
1633 2758 1653 2792 ›
1682 2739 1914 2795 Δύναταί
1942 2755 2004 2806 γε

430 2832 536 2905 μὴν
568 2833 656 2887 διὰ
688 2834 889 2888 τούτων
922 2836 1013 2888 καὶ
1039 2834 1099 2889 τὸ
1135 2834 1320 2906 σχῆμα
1345 2831 1438 2886 τοῦ
1466 2830 1605 2886 κατὰ
1648 2830 1739 2885 τὸν
1775 2829 2006 2902 σταυρὸν

426 2922 634 2988 πάθους
660 2926 828 2980 αὐτοῦ
857 2943 923 2998 ση
933 2924 1239 2997 μαίνεσθαι.

498 3018 748 3072 Τοσαῦτα
770 3018 953 3073 καὶτὰ
973 3018 1081 3071 ἀπὸ
1102 3015 1193 3070 τοῦ
1213 3017 1435 3069 Ἡσαΐου
1461 3033 1472 3044 ·
1490 3013 1653 3068 Ἀλλὰ
1678 3012 1787 3086 γὰρ
1812 3015 1868 3066 ἐν
1886 3011 2009 3067 τέτ-

426 3129 585 3184 ταρσι
615 3112 707 3164 κα)⁸
733 3111 830 3183 τὴν
845 3111 951 3163 τῶν
967 3108 1259 3179 Ἐκλογῶν
1284 3106 1539 3162 ὑπόθεσιν
1562 3107 1620 3159 ἐν
1647 3104 1724 3176 τῷ
1743 3106 1841 3177 τῆς
1861 3107 2011 3159 Καθ-

427 3203 576 3257 όλου
608 3202 1027 3271 στοιχειώδους
1067 3198 1402 3270 εἰσαγωγῆς
1451 3198 1625 3268 ἐνάτῳ
1673 3195 1849 3267 τούτῳ
1878 3211 2009 3264 συγ-
2038 3231 2080 3286 C

427 3294 718 3367 γράμματι
742 3293 1200 3367 περιγράψαντες,
1217 3292 1274 3345 ἐν
1297 3290 1374 3362 τῷ
1395 3289 1605 3360 δεκάτῳ
1629 3291 1741 3352 τοῖς
1770 3287 1878 3341 ἀπὸ
1898 3285 2007 3339 τῶν

427 3385 606 3440 ἀθέων
634 3385 898 3458 αἱρέσεων
928 3386 1018 3440 τὸν
1050 3383 1309 3455 λογισμὸν
1334 3379 1874 3451 καταδεδλαμμένοις
1894 3377 2009 3431 ἐτέ-

427 3493 531 3549 ραν
555 3476 929 3548 ἁρμόττουσαν
964 3476 1149 3546 ἔφοδον
1181 3477 1480 3547 παρασχεῖν
1515 3469 1910 3543 πειρασόμεθα.

2105 2027 2268 2083 quam
2318 2013 2783 2083 interrogaveram
2823 2028 2947 2068 eum
2977 2014 3105 2068 dum
3155 2014 3426 2069 idolorum
3462 2029 3686 2071 suorum

2104 2102 2386 2158 erroribus
2415 2103 2834 2171 vincti'essent;
2871 2103 3241 2175 inventusque
3265 2105 3426 2160 nobis
3453 2113 3561 2169 est,
3592 2107 3686 2176 qui

2106 2210 2214 2250 non
2254 2196 2650 2266 quaesieramus
2702 2210 2826 2249 eum
2850 2235 2866 2261 ,
2923 2195 3018 2252 sed
3050 2203 3106 2251 et
3144 2210 3255 2251 non
3303 2196 3689 2259 invocantibus

2107 2294 2305 2342 nomen
2342 2286 2463 2357 eju‘s
2493 2287 2812 2342 incarnatus
2839 2288 3157 2357 respondit,
3190 2289 3571 2343 tantummodo
3590 2304 3689 2344 ex»

2106 2377 2386 2435 clamans:
2425 2397 2444 2430 ι
2483 2378 2623 2435 Ecce
2683 2379 2896 2435 adsum.
2935 2399 2955 2433 ι
2992 2379 3119 2436 Haec
3155 2381 3322 2452 igitur
3344 2382 3413 2437 de
3444 2381 3685 2453 gentium

2105 2473 2392 2527 vocatione
2442 2472 2730 2529 manifeste
2791 2473 3076 2543 Scriptura
3130 2475 3492 2547 prophetizat.
3549 2468 3725 2529 Dein'

2107 2565 2370 2620 acerrime
2394 2565 2688 2621 confutatis
2730 2564 3040 2621 Iudaeorum
3087 2566 3301 2633 verbis,
3352 2566 3572 2637 subjicit
3604 2567 3689 2621 di-

2106 2667 2277 2709 cens:
2321 2671 2340 2705 ι
2381 2653 2624 2725 Expandi
2668 2670 2863 2711 manus
2916 2670 3067 2711 meas
3108 2656 3175 2711 ad
3204 2658 3292 2723 te,
3332 2657 3399 2711 ad
3428 2658 3684 2729 populum

2107 2743 2445 2800 incredulum
2473 2753 2528 2801 et
2564 2746 2967 2802 adversantem.
3003 2767 3023 2800 ι
3059 2746 3422 2819 Potestillud
3469 2764 3687 2821 quoque

2108 2835 2177 2890 de
2194 2836 2450 2906 passione
2478 2851 2542 2891 ac
2570 2853 2734 2893 cruce
2764 2838 2884 2909 ejus
2904 2839 3151 2910 intelligi.

2183 3013 2309 3070 Haec
2343 3024 2473 3071 sunt
2521 3032 2644 3087 quae
2691 3018 2761 3073 ab
2792 3018 2931 3088 lsaia
2953 3032 3243 3088 excerpere
3279 3016 3456 3072 libuit.
3482 3015 3686 3072 Verum

2113 3107 2417 3171 enimvero,
2455 3109 2511 3162 in
2542 3108 2648 3163 hoc
2675 3124 2822 3165 nono
2847 3108 3489 3164 Generatis-elementaria:
3519 3109 3689 3163 intro-

2113 3197 2377 3253 ductionis
2429 3200 2572 3255 libro
2604 3200 2706 3271 (i),
2741 3200 2902 3263 tinem
2931 3199 3168 3272 Eclogt's,
3221 3217 3361 3272 quas
3400 3202 3455 3255 in
3492 3200 3598 3256 hoc
3635 3206 3690 3254 et

2115 3291 2289 3346 tribus
2315 3293 2750 3362 prmeedentibus
2783 3295 3106 3360 evolvimus,
3131 3294 3499 3365 imponentes,
3542 3292 3685 3348 aliud

2113 3379 2600 3438 demonstrationis
2631 3400 2823 3455 genus,
2845 3385 2955 3440 illis
2981 3386 3312 3442 conveniens
3343 3386 3437 3458 qui
3460 3385 3690 3445 rationis

2113 3471 2579 3540 perturbationem
2614 3475 2684 3530 ab
2710 3475 2893 3546 impiis
2922 3476 3224 3533 bmresibus
3270 3478 3603 3542 sustinuere,
3630 3477 3689 3531 in

426 3566 535 3625 hoc
582 3569 795 3625 decimo
824 3570 987 3635 libro,
1023 3574 1290 3640 quantum
1329 3569 1387 3622 in
1419 3565 1581 3622 nobis
1610 3564 1736 3629 erit,
1771 3560 2185 3633 usurpabimus.

504 3703 521 3735 ¹
561 3702 665 3761 lsa.
702 3721 828 3771 va,
863 3707 931 3776 1,
961 3708 999 3762 2

493 3832 566 3902 (i)
590 3834 708 3884 inde
733 3836 1030 3886 concludere
1053 3840 1132 3885 est
1160 3832 1357 3904 _Ecloqas
1375 3830 1680 3899 propheticus
1703 3834 1966 3891 excerptas
1988 3839 2103 3900 esse
2127 3839 2191 3895 er
2223 3837 2377 3898 opere
2419 3823 2689 3936 grandiori,
2715 3839 2845 3875 nunc
2873 3826 3153 3889 deperdito.
3181 3827 3259 3875 cui
3296 3828 3472 3877 titulus
3496 3840 3509 3875 :
3533 3828 3687 3881 Gene-

493 3894 552 3936 lu
571 3896 879 3936 eburnum-5n
909 3897 1220 3936 Inlrndunbn-
1247 3886 1405 3936 liuius
1428 3906 1578 3936 nauca
1601 3892 1879 3936 frazmenia
1899 3889 2040 3936 dedit
2063 3888 2322 3936 cardmalts
2346 3886 2420 3936 Ma
2467 3887 2611 3936 (tufra
2644 3888 2736 3936 col.
2781 3887 2922 3936 1271)
2938 3925 2951 3936 .
2991 3889 3074 3936 oui
3102 3885 3391 3936 Ecloaarum
3416 3888 3687 3936 editionem

429 3885 880 3958 [αῐίιέιεηωηιὰνία
903 3895 1221 3948 Introductio.
1246 3885 1405 3958 l-l'uju's
1428 3885 1578 3958 pauca
1601 3885 1879 3955 fragmenta
1899 3889 2040 3939 dedit
2063 3885 2322 3938 cardiua‘lis
2346 3886 2389 3935 Μ

432 3957 1050 4024 Oxouiensemignoravit.
1073 3960 1207 4009 Ευιτ.
1243 3956 1394 4008 Pun.

2467 3887 2611 3950 (iut‘ra
2644 3888 2736 3936 col.
2781 3885 2957 3951 127i);
2991 3889 3074 3951 qui
3102 3885 3391 3953 Eclogarum
3416 3888 3687 3940 editionem

926 4073 3668 4104 Μ

836 4082 1398 4281 ΕΠΞΕΒΠ
1479 4158 1658 4271 DE
1741 4156 2140 4274 VITIS
2217 4156 3276 4275 PROPHETARUM

1700 4329 2450 4463 FRAGMENTA.
2954 4367 2977 4399 .-

430 4549 517 4609 Ea:
546 4541 1126 4626 Prolattouefoannts
1164 4545 1598 4626 Qurterii_ad_D.
1644 4543 1920 4626 Joannem
1951 4542 2408 4626 Rupifucaldium,
2445 4546 2673 4626 Majoris
2724 4547 3036 4626 Mantum-ii
3068 4550 3328 4626 abbatem,
3351 4553 3689 4626 in__Procopr'i

499 4613 1064 4695 sophista-Christiani
1091 4620 1356 4695 variarum
1392 4618 1457 4695 in_
1477 4617 1686 4695 [auiam
1709 4613 2013 4685 prophetam
2041 4613 2554 4673 Cbmmentationuni
2581 4619 2826 4689 epitome.
2856 4651 2928 4661 —
2962 4621 3210 4689 Parisiis,
3242 4613 3383 4695 apud
3403 4613 3683 4681 Nicolaum

498 4687 807 4753 Cliesneau,
845 4689 1005 4753 1580,
1039 4687 1242 4753 in-fol.,
1275 4704 1398 4759 pag.
1427 4688 1498 4741 24
1534 4702 1641 4756 seq.
1687 4703 1700 4739 :

501 4821 517 4856 τ
561 4823 574 4837 .
620 4823 633 4836 .
666 4801 685 4834 ι
719 4780 902 4856 Adjeci
934 4789 1193 4856 praeterea
1226 4788 1281 4836 et
1307 4781 1697 4856 prOpbetarum
1724 4778 1965 4834 omnium
1998 4777 2165 4856 Vitas,
2190 4797 2498 4856 quas,_cum
2526 4785 2804 4842 nonnullis
2838 4786 2979 4850 aliis,
3016 4785 3246 4842 Eusebio
3266 4786 3555 4856 ascriptas,
3591 4789 3687 4843 lia-

429 4852 592 4929 bemt
617 4861 774 4929 vetus
800 4848 1062 4929 Marchali
1093 4850 1260 4905 codex
1288 4848 1538 4929 {partim
1570 4852 1787 4923 quidem
1837 4857 1899 4929 ut
1931 4848 2329 4929 “fragmento
2354 4853 2617 4909 haberent
2655 4848 3154 4929 ecclesiasticarum
3188 4848 3517 4929 scriptorum
3540 4848 3685 4912 ἐιη-

428 4924 570 4998 diOSi
599 4921 745 4998 unde
772 4937 911 4998 opus
943 4921 1145 4991 ipsum,
1183 4935 1248 4974 ex
1275 4936 1383 4998 quo
1416 4920 1752 4992 depromptae
1782 4928 1930 4998 sunt.
1964 4920 2261 4998 siquando
2299 4925 2354 4977 in
2391 4938 2581 4998 eorum
2629 4942 2825 4982 manus
2867 4927 3093 4988 incidat,
3127 4920 3388 4996 tanquam
3436 4928 3684 4997 ἀναγνω-

433 4992 571 5065 ptest
595 4994 745 5065 justa
779 4991 1084 5062 probatum,
1118 4993 1334 5065 parenti
1365 5006 1466 5044 suo
1490 4991 1567 5047 ’et
1617 4991 1853 5065 posteris
1899 4991 2252 5065 restituerent
2282 5013 2293 5047 :
2329 4995 2525 5064 partim
2564 5011 2715 5063 vero,
2744 5005 2804 5052 ut
2835 5012 2955 5065 quae
2984 5005 3170 5051 tantus
3212 4991 3406 5051 auctor
3443 4998 3513 5052 de
3553 4991 3687 5065 pro-

429 5059 613 5144 pactis
636 5059 970 5128 adnotasset,
997 5061 1264 5131 tantisper
1294 5068 1593 5125 exstarent,
1618 5059 1767 5115 ‘dum
1812 5059 1866 5114 in
1911 5060 2087 5113 lucem
2122 5059 2441 5119 melioribus
2489 5059 2981 5138 forsan-auspiciis
3022 5081 3159 5137 opus
3208 5066 3390 5137 ipsum
3440 5059 3684 5137 prodiret

430 5132 723 5204 integrum.
758 5151 778 5184 ι

961 5334 1541 5425 EUSEBIUS
1613 5333 1761 5421 DE
1833 5333 2168 5433 VITIS
2240 5334 3177 5428 PBOPHETABUM.

446 5571 537 5629 Εκ
566 5570 684 5627 τῶν
737 5571 1032 5641 Εὐσεϐιου
1083 5571 1190 5626 τοῦ
1231 5571 1548 5641 Παμφίλου
1578 5568 1720 5641 περι-
1745 5567 1867 5641 τῇς.
1886 5568 1992 5641 τοῦ

2106 5564 2148 5622 E
2174 5567 2383 5641 scriptis
2430 5563 2663 5641 Eusebii
2698 5563 2776 5641 de
2808 5564 3535 5641 propheticorumjibrorum
3584 5579 3677 5635 ap.

492 5644 734 5709 ,βιϐλίου
767 5640 887 5695 τῶν
906 5641 1230 5711 ,προφητῶν
1243 5637 1571 5711 ὀνομασίας
1627 5637 1724 5693 καὶ
1757 5638 1876 5695 ἀπὸ
1890 5637 1996 5708 μέ-

490 5733 641 5783 ρους
667 5713 725 5768 ti
753 5710 1008 5780 περιέχει
1032 5710 1311 5776 ἕκαστος.

1057 5796 1255 5865 ΩΣΗΕ,
1278 5802 1358 5855 A'.

496 5893 752 5963 Γεγόνασι
780 5896 876 5966 μὲν
904 5894 997 5950 καὶ
1039 5894 1146 5965 πρὸ
1200 5891 1390 5947 τούτου
1425 5894 1741 5965 προφῆται·
1773 5892 1866 5947 ἐπὶ
1894 5891 1993 5964 μὲν

2169 5636 2538 5760 pfu‘ationibus
2569 5642 2619 5690 et
2651 5632 2776 5707 quid
2806 5632 3114 5690 summatim
3171 5635 3389 5707 quisque
3450 5632 3681 5704 comples

2173 5722 2367 5760 cuun

2173 5715 2367 5763 alatur.

2755 5794 2950 5853 OSEE.
2982 5794 3024 5852 l.

2174 5887 2417 5946 Fuerunt
2440 5904 2569 5945 vero
2614 5895 2669 5944 et
2716 5896 2841 5945 ante
2882 5838 3047 5945 isium
3071 5887 3349 5954 procinctae
3379 5904 3396 5940 :
3434 5883 3538 5943 sub
3571 5881 3676 5949 Da-
