4100 6442
395 426 536 484 1265

1134 415 1404 473 EUSEBII
1441 409 1918 471 CESA‘RIENSIS
1956 407 2109 466 OPP.
2147 405 2330 461 PARS
2370 404 2456 459 III.
2497 435 2567 446 --
2603 401 3015 460 EXEGETICA.

3520 408 3660 462 £261

395 546 520 602 vide
573 540 790 612 quidem
843 535 1082 592 Samuel.
1125 531 1360 596 Natban,
1396 531 1551 597 Gad;
1594 530 1696 586 sub
1735 527 2009 594 Roboam‘

2114 524 2174 578 οὖ
2208 521 2388 586 Δαυῖδ,
2423 521 2779 592 Σαμουὴλκαὶ
2810 520 3018 583 Νάθαν,
3058 519 3150 572 καὶ
3189 517 3294 572 res
3320 536 3333 548 °
3371 519 3462 572 ἐπὶ
3488 517 3544 572 δέ
3567 515 3662 575 τοῦ

393 653 528 696 Vero
569 645 622 690 et
670 633 804 688 Abia
839 639 895 687 et
937 629 1068 694 Asa,
1115 626 1321 682 Achias
1370 625 1662 686 Silonites,
1715 621 1986 676 Samaias.

400 731 594 793 Addo,
632 727 895 788 Azarias,
949 721 1169 785 Anani;
1227 719 1332 776 sub
1376 716 1643 787 Josaphat
1701 723 1882 768 autem
1937 722 1993 768 et

402 821 610 883 Achab,
644 818 814 882 Elias,
855 817 1103 880 Eliszeus,
1148 821 1203 867 et
1244 812 1361 882 qui
1391 811 1678 866 victoriam
1721 809 1788 862 de
1840 805 1991 876 Syris

404 912 625 966 Achabo
680 911 951 981 praedixit,
991 908 1193 979 quique
1239 905 1342 960 sibi
1390 904 1493 972 ipsi
1535 903 1734 956 vnlnus
1775 898 1990 962 inﬂixit,

403 1014 458 1060 et
489 1005 582 1075 qui
613 1003 898 1058 Achabum
930 997 1300 1071 reprehendit,
1332 1005 1386 1050 et
1433 994 1570 1050 Jehu
1617 994 1758 1047 ﬁlius
1791 991 1991 1053 Anani,

414 1105 472 1152 et
503 1095 652 1150 Oziel
688 1104 743 1150 et
782 1092 1009 1146 Eliada:
1052 1105 1283 1160 quorum
1329 1087 1477 1141 nulla
1516 1093 1731 1141 exstant
1775 1085 1992 1154 propria

407 1186 634 1256 scripta,
663 1183 761 1239 sed
799 1195 1083 1237 sermones
1118 1186 1329 1232 tantum
1377 1175 1647 1238 nonnulli,
1681 1175 1774 1243 qui
1803 1175 1855 1227 in
1887 1171 1992 1227 Re-

407 1296 536 1350 gum
583 1287 636 1334 et
689 1276 1142 1346 Paralipomenon
1206 1269 1452 1325 historiis
1515 1269 1785 1338 leguntur.
1847 1265 1991 1320 Inter

409 1389 504 1429 eos
537 1379 742 1434 autem,
773 1368 868 1439 qui
896 1367 1092 1422 litteris
1119 1363 1446 1418 mandarunt
1473 1357 1699 1428 aliquid,
1732 1371 1991 1426 quorum-

409 1482 514 1536 que
548 1463 752 1533 scripta
777 1467 1014 1524 exstant,
1045 1456 1203 1528 primi
1236 1463 1363 1510 sunt
1395 1451 1533 1506 Osce
1561 1459 1613 1504 et
1653 1449 1842 1504 Isaias.
1877 1447 1990 1502 Sub

409 1555 603 1610 iisdem
630 1553 777 1609 enim
805 1549 958 1605 Iudae
987 1546 1210 1618 regibus
1239 1542 1392 1605 Ozia,
1427 1540 1699 1602 Joatham,
1729 1537 1910 1592 Achas
1940 1547 1991 1590 et

410 1648 707 1712 Ezechias;
741 1644 846 1700 sub
883 1639 1207 1695 Hieroboam
1239 1637 1400 1690 etiam
1448 1631 1575 1686 Joas
1621 1632 1750 1694 ﬁlio,
1783 1631 1874 1700 qui
1903 1645 1990 1685 re-

411 1742 598 1814 gnavit
647 1741 703 1792 in
752 1734 941 1798 Israel,
994 1731 1406 1803 prophetarum.
1450 1723 1649 1778 Factus
1695 1731 1778 1778 est
1813 1733 1990 1777 autem

412 1845 594 1887 sermo
623 1827 836 1883 Domini
869 1825 934 1878 ad
963 1837 1110 1884 eum,
1144 1828 1198 1876 et
1225 1820 1552 1873 vaticinatus
1583 1823 1666 1869 est
1713 1816 1767 1868 in
1806 1829 1991 1869 sacer-

2106 615 2337 686 Ῥοϐοάμ
2387 615 2480 667 καὶ
2516 613 2668 665 Ἀὀιὰ
2695 615 2788 666 καὶ
2855 613 3006 676 Ἀσὰ,
3059 611 3250 681 Ἀχίας
3275 611 3304 664 ό
3342 611 3661 684 Σελωνίτης,

2092 707 2186 760 καὶ
2215 707 2480 776 Σαμαῖας,
2516 706 2610 758 καὶ
2645 698 2830 766 meo,
2854 703 2945 755 καὶ
2980 701 3255 771 Ἀζαρίας,
3287 703 3381 756 καὶ
3427 704 3660 757 Ἀνανεί·

2092 799 2182 851 ἐπὶ
2231 798 2287 851 δέ
2340 796 2429 850 τού
2495 794 2758 864 Ἰωσαφὰο
2811 794 3035 848 καὶτοῦ
3089 795 3312 864 Ἀχαᾶ6,
3360 795 3543 868 Ἠλίας
3571 797 3666 851 καὶ

2104 891 2383 953 Ἐλισαίος,
2418 889 2509 942 καὶ
2558 889 2586 940 ὁ
2629 887 3011 959 προφητεύσας
3045 887 3122 958 τῷ
3178 887 3383 958 Ἀχαὰϐ
3418 889 3667 960 περὶτῆς

2092 983 2310 1053 Συρίας,
2339 981 2432 1034 καὶ
2459 983 2486 1032 ὁ
2512 978 2752 1043 πατάξας
2783 980 2973 1032 ἑαυτὸν
2994 979 3290 1051 τραύματι,
3327 981 3420 1034 καὶ
3442 981 3666 1049 ἐλέγξας

2090 1076 2182 1127 τὸν
2217 1073 2438 1143 Ἀχαὰϐ,
2471 1073 2565 1126 καὶ
2599 1072 2700 1124 Ἰοὺ
2731 1074 2759 1124 ό
2781 1071 2876 1124 τοῦ
2905 1073 3079 1142 Ἀμεὶ,
3123 1071 3272 1144 [nota
3313 1074 3366 1127 in
3399 1075 3665 1143 margine,

2105 1164 2306 1234 Ἀνανὶ]
2342 1165 2434 1216 καὶ
2495 1162 2700 1233 ”()ζιὴλ,
2744 1163 2836 1215 καὶ
2878 1162 3123 1215 Ἑλιαδάο
3176 1163 3289 1217 ἁλλ’
3335 1165 3396 1217 ού
3441 1165 3669 1236 φέρεται

2095 1257 2297 1310 τούτων
2353 1255 2458 1308 ἴδια
2511 1253 2920 1324 συγγράμματα
2945 1270 2958 1282 ·
3003 1255 3051 1305 εί
3091 1254 3165 1326 μὴ
3211 1255 3371 1325 μόνον
3426 1257 3475 1308 οἱ
3523 1254 3670 1326 λόγοι

2096 1347 2274 1401 αὐτῶν
2325 1349 2382 1399 ἐν
2429 1348 2551 1407 ταῖς
2596 1343 2899 1407 Βασιλείαις
2946 1345 3040 1398 καὶ
3097 1347 3215 1408 ταῖς
3256 1347 3671 1418 Παραλειπομέ·

2091 1454 2229 1500 ναις.
2273 1437 2360 1488 Ἐν
2391 1434 2448 1487 δὲ
2481 1438 2594 1497 τοῖς
2643 1433 3042 1506 συγγράψασιν,
3067 1427 3139 1486 ὧν
3170 1434 3263 1487 καὶ
3291 1435 3360 1488 τὰ
3389 1436 3674 1508 συγγράμο

2095 1545 2239 1599 ματα
2288 1528 2534 1599 φέρεται,
2569 1525 2773 1597 πρῶτοι
2815 1527 3101 1594 γεγόνασιν
3149 1520 3321 1580 οὗτοι·
3378 1527 3535 1598 Ὠσηὲ
3580 1529 3676 1582 καὶ

2105 1621 2355 1682 Ἡσαΐας.
2423 1619 2544 1670 Ἐπὶ
2597 1617 2704 1685 γὰρ
2741 1617 2851 1670 τῶν
2896 1616 3075 1671 αὐτῶν
3130 1616 3411 1688 βασιλέων,
3456 1617 3561 1672 τῶν
3611 1633 3675 1672 τε

2105 1712 2274 1765 Ἰούδα
2302 1711 2500 1775 Ὀζίου,
2534 1712 2628 1763 καὶ
2667 1708 2927 1778 Ίωάθαμ,
2960 1708 3251 1780 καὶᾺχὰς,
3282 1709 3376 1762 καὶ
3416 1708 3674 1780 Ἐζηκίου

2096 1805 2360 1874 βασιλέων
2423 1802 2623 1865 Ἰούδα,
2675 1804 2769 1856 καὶ
2821 1804 2879 1856 ἐν
2924 1802 3161 1874 ἡμέραις
3225 1799 3508 1874 Ἱεροϐοὰμ
3559 1801 3676 1856 υἱοῦ

411 1924 592 1984 dotes.
640 1920 695 1973 in
747 1915 934 1979 Israel,
979 1917 1032 1967 in
1091 1913 1312 1966 domum
1353 1911 1521 1980 regis,
1551 1909 1725 1976 deque
1774 1906 1992 1960 interitu

2114 1896 2256 1959 ἰώας
2291 1895 2551 1964 βασιλέως
2610 1891 2822 1964 Ἰσραὴλ
2869 1893 3304 1964 ἐπροφήτευσαν.
3345 1892 3594 1962 Ἐγένετο
3620 1894 3678 1946 δὲ

415 2012 695 2070 Samaria.
759 2007 1056 2076 Postquam
1110 2002 1281 2058 etiam
1343 1999 1766 2070 reprehensione
1827 2013 1993 2060 usus,

413 2120 706 2164 mansuros
753 2099 1065 2156 incredulos
1095 2111 1220 2152 esse
1267 2093 1567 2159 conclusit;
1605 2091 1901 2146 Ecclesiam
1932 2089 1998 2144 de

413 2199 666 2274 gentibus
695 2211 761 2252 eo
788 2201 1040 2250 coactum
1076 2190 1141 2244 iri
1180 2185 1545 2258 signiﬁcavit,
1573 2183 1718 2254 quod
1759 2193 1997 2237 scortum

415 2295 518 2352 sibi
552 2293 606 2347 in
650 2303 878 2344 uxorem
923 2282 1238 2353 assumpsit,
1273 2295 1436 2350 quam
1470 2279 1535 2332 ad
1568 2277 1692 2332 vitm
1735 2276 2002 2331 sobrieta-

413 2393 524 2442 tem
551 2383 963 2449 castitatemque
992 2373 1284 2431 revocavit.
1314 2370 1654 2426 Vaticinatus
1680 2383 1808 2422 vero
1837 2366 2000 2422 etiam

413 2488 502 2537 est
530 2478 597 2534 de
631 2471 932 2531 Salvatoris
967 2469 1226 2524 adventu.

1046 2736 1253 2804 AMOS,
1290 2736 1381 2796 III.

487 2861 641 2917 Vixit
689 2868 745 2915 et
801 2859 892 2914 hic
939 2857 1130 2914 eodem
1179 2865 1450 2925 tempore,
1506 2851 1600 2908 sed
1648 2849 1836 2911 initio,
1882 2860 2006 2902 cum

422 2956 562 3014 Osee
608 2962 664 3009 et
725 2953 899 3018 Isaia,
946 2949 1074 3007 Ozia
1137 2947 1291 3004 Iudae
1343 2957 1398 3003 et
1449 2945 1776 3000 Hieroboam
1825 2939 2007 2996 lsraeli

424 3045 853 3118 imperantibus,
895 3050 1021 3096 ante
1049 3041 1188 3096 duos
1221 3053 1398 3094 annos
1437 3044 1597 3090 terra:
1629 3044 1826 3088 motus.
1860 3030 2008 3085 Vidit

427 3151 604 3196 autem
641 3151 946 3198 sermones,
978 3142 1032 3188 et
1060 3132 1395 3203 vaticinatur
1443 3128 1706 3184 adversus
1753 3125 2008 3180 Hierusa-

426 3234 531 3287 lem
560 3273 574 3297 ,
632 3230 894 3309 adversqs
947 3225 1200 3281 lsraelem
1249 3233 1303 3279 et
1353 3221 1695 3284 Samariam,
1748 3217 2008 3272 adversus

428 3333 617 3396 gentes
666 3323 854 3387 etiam,
904 3321 1250 3383 Damascum,
1285 3314 1508 3378 Gazam,
1560 3313 1816 3375 Ascalon,
1871 3310 2009 3364 Azo-

429 3428 566 3482 tum,
616 3417 886 3478 Accan-on,
930 3411 1156 3484 Tyrum,
1189 3409 1500 3473 Idummam,
1555 3408 1833 3468 Thmman,
1876 3404 2014 3459 ﬁlios

428 3511 697 3574 Ammon,
743 3514 798 3563 et
844 3505 1035 3570 Moab;
1067 3518 1206 3574 quos
1254 3517 1444 3557 omnes
1485 3514 1514 3553 a
1549 3515 1608 3554 se
1654 3497 2016 3570 reprehensos

429 3600 677 3657 inlideles
703 3614 827 3657 esse
855 3597 1154 3653 concludit.
1190 3593 1376 3664 Neque
1406 3608 1556 3659 vero,
1602 3607 1726 3646 cum
1765 3596 1911 3645 esset
1949 3590 2017 3644 ab

430 3692 653 3748 Amazia
689 3688 972 3748 sacerdote
1008 3687 1194 3744 Bethel
1239 3686 1451 3741 delatus
1500 3683 1641 3755 apud
1670 3698 1850 3752 regem
1891 3680 2018 3735 Hie-

433 3783 683 3848 roboam,
711 3789 971 3852 tanquam
991 3779 1086 3850 qui
1116 3778 1382 3832 adversus
1407 3773 1710 3829 Samariam
1738 3771 2020 3842 pepulum-

434 3893 544 3949 que
585 3873 815 3938 Iaceret,
869 3871 987 3942 ipse
1035 3869 1332 3940 quidquam
1383 3866 1451 3921 de
1501 3862 1717 3919 dicendi
1770 3861 2020 3916 libertate

435 3967 686 4032 remisit,
732 3964 825 4020 sed
870 3961 1158 4017 vaticinari
1205 3973 1438 4030 pergens
1481 3956 1549 4012 de
1589 3952 1889 4009 Salvatoris
1919 3949 2017 4005 ad-

434 4068 602 4116 ventu
635 4059 852 4115 locutus
875 4065 978 4112 est.

983 4253 1338 4318 MICIIIEAS,
1367 4251 1458 4314 VL

515 4372 804 4429 Secundus
837 4371 926 4426 hic
963 4371 1182 4440 quidem
1222 4385 1252 4422 a
1306 4365 1685 4440 superioribus
1725 4365 1850 4430 fuit,
1891 4380 2028 4434 quo-

441 4467 590 4524 niam
639 4478 762 4538 post
805 4464 952 4520 Oziaa
996 4472 1238 4533 tempora
1276 4462 1606 4517 vaticinatus
1639 4466 1724 4515 est
1756 4476 1770 4514 :
1802 4458 1898 4514 sed
1936 4472 2028 4512 ea-

443 4560 568 4616 dem
595 4573 720 4613 cum
753 4557 862 4613 illis
891 4550 1050 4611 aetate
1078 4555 1261 4611 ﬂoruit
1291 4574 1304 4609 :
1336 4555 1464 4625 quia
1488 4561 1542 4608 et
1569 4554 1684 4622 ipse
1713 4549 2024 4614 Joathamo,

2099 1989 2251 2056 λόγος
2283 1988 2417 2058 πρὸς
2449 1987 2609 2040 αὑτὸν
2655 1987 2750 2039 καὶ
2778 1986 3112 2057 προφητεύει
3135 1978 3288 2050 οὗτος
3327 1985 3420 2038 ἐπὶ
3457 1986 3584 2049 τοὺς
3607 1987 3682 2039 ἱε-

2103 2081 2252 2151 ρέας,
2290 2079 2384 2130 καὶ
2417 2079 2507 2149 ἐπὶ
2532 2078 2623 2130 τὸν
2665 2077 2900 2149 Ἰσραὴλ,
2932 2077 3024 2130 καὶ
3049 2079 3140 2130 ἐπὶ
3167 2077 3258 2130 τὸν
3289 2073 3436 2132 οἷκον
3461 2077 3556 2131 τοῦ
3582 2077 3681 2148 βα-

2103 2172 2312 2234 σιλέως,
2351 2171 2600 2242 καὶπερὶ
2635 2171 2734 2242 τῆς
2763 2168 3036 2232 ἀπωλείας
3077 2170 3176 2240 τῆς
3211 2169 3554 2240 Σαμαρείας’
3589 2170 3684 2223 καὶ

2101 2265 2342 2333 ἐλέγξας,
2369 2265 2462 2318 καὶ
2499 2263 2824 2331 συγκλείσας
2849 2263 3046 2325 αὐτοὺς
3069 2264 3146 2324 εἰς
3168 2262 3439 2327 ἀπειθίαν,
3496 2258 3687 2333 σημαί-

2103 2377 2180 2411 νει
2219 2359 2316 2428 τὴν
2354 2355 2411 2422 ἐξ
2450 2355 2619 2409 ἐθνῶν
2673 2340 3023 2425 Ἐκκλησίαν,
3057 2355 3124 2408 δι’
3157 2349 3232 2408 ὧν
3269 2354 3427 2408 ἔλασε
3481 2354 3688 2429 πόρνην

2103 2453 2357 2516 γυναῖκα,
2388 2450 2454 2520 ἣν
2490 2451 2585 2502 καὶ
2611 2448 2793 2502 λαϐὼν
2831 2447 3233 2519 ἐσωφρόνησεν,
3265 2447 3482 2517 ἀνάγων
3514 2448 3688 2521 αὐτὴν

2105 2543 2240 2614 πρὸς
2264 2541 2472 2595 ἑαυτόν.
2511 2541 2851 2612 Προφητεύει
2878 2542 2934 2593 δὲ
2971 2542 3064 2594 καὶ
3097 2541 3225 2612 περὶ
3252 2541 3349 2614 τῆς
3381 2541 3474 2596 τοῦ
3506 2543 3692 2616 Συκῆ-

2107 2651 2199 2706 ρος
2238 2633 2557 2704 παρουσίας.

2744 2744 2952 2808 ΑΜΩΣ,
2977 2745 3051 2799 Γ’.

2178 2865 2290 2919 Καὶ
2315 2857 2468 2926 οὗτος
2527 2863 2872 2934 συνεχρόνισε
2900 2862 3042 2916 κατὰ
3079 2863 3174 2934 τὴν
3198 2863 3372 2935 ἀρχὴν
3389 2864 3467 2934 τῷ
3510 2863 3692 2937 Ὠσηὲ,

2110 2957 2205 3010 καὶ
2233 2955 2309 3026 τῷ
2353 2955 2576 3026 Ἡσαΐᾳ,
2625 2957 2718 3008 ἐπὶ
2762 2953 2939 3018 ὐζίου
2978 2955 3242 3026 βασιλέως
3288 2956 3476 3021 Ἰούδα,
3517 2959 3611 3010 καὶ
3635 2959 3697 3012 ἐν

2110 3050 2347 3121 ἡμέραις
2387 3047 2669 3120 Ἱεροϐοὰμ
2687 3048 2778 3102 τοῦ
2833 3048 2986 3112 Ἰωὰς
3019 3047 3281 3118 βασιλέως
3324 3049 3564 3120 Ἰσραὴλ,
3598 3049 3694 3118 γέ..

2110 3160 2233 3211 γονε
2274 3143 2380 3214 πρὸ
2415 3141 2509 3196 δύο
2538 3142 2674 3196 ἐτῶν
2712 3141 2806 3196 τοῦ
2843 3141 3090 3213 σεισμοῦ.
3119 3142 3325 3211 Λόγους
3352 3141 3409 3194 δὲ
3435 3137 3561 3205 εἶδε,
3603 3141 3697 3196 καὶ

2114 3235 2447 3308 προφητεύει
2489 3234 2629 3289 κατὰ
2683 3236 2781 3307 τῆς
2843 3234 3220 3306 Ἰερουσαλὴμ,
3266 3233 3361 3287 καὶ
3411 3235 3554 3288 κατὰ
3599 3234 3695 3287 τοῦ

2130 3327 2368 3399 Ἰσραὴλ,
2413 3330 2508 3382 καὶ
2539 3328 2639 3398 τῆς
2669 3326 3009 3398 Σαμαρείας,
3059 3327 3150 3379 καὶ
3192 3325 3334 3380 κατὰ
3373 3326 3482 3380 τῶν
3505 3326 3697 3390 ἐθνῶν,

2117 3420 2432 3490 Δαμασκοῦ,
2464 3417 2663 3490 Γάζης,
2697 3418 3054 3481 Ἀσκάλωνος,
3099 3416 3353 3482 Ἀζώτου,
3395 3419 3697 3491 Ἀκκάρων,

2118 3509 2318 3580 Τύρου,
2369 3508 2692 3579 Ἰδουμαίας,
2745 3507 2975 3578 Θαμαᾶν
3014 3507 3166 3577 [nota
3208 3507 3265 3561 in
3306 3508 3573 3578 margine,
3622 3508 3697 3562 ῐσ.

2116 3596 2376 3670 Θαιμὰν],
2404 3599 2535 3651 υἱῶν
2577 3599 2821 3669 Ἀμμὼν,
2847 3601 2940 3652 καὶ
2985 3598 3160 3653 Μωὰὁ
3184 3617 3196 3628 ·
3230 3599 3325 3652 καὶ
3347 3598 3518 3663 οὕτως
3545 3598 3702 3666 ἐλέγ-

2119 3708 2223 3762 χει,
2275 3691 2369 3743 καὶ
2425 3690 2700 3759 συγκλείει
2733 3691 2940 3754 πάντας
2983 3691 3064 3755 είς
3097 3690 3371 3748 ἀπειθίαν.
3419 3691 3578 3744 Ἀλλὰ
3608 3693 3704 3744 καὶ

2132 3782 2390 3853 Ἀμασίου
2421 3782 2516 3837 τοῦ
2552 3781 2744 3854 ἱερέως
2779 3781 2982 3853 Βαιθὴλ
3025 3781 3371 3846 διαϐαλόντος
3418 3783 3578 3836 αὑτὸν
3623 3783 3702 3855 τῷ

2121 3869 2330 3940 βασιλεῖ
2365 3869 2648 3942 Ἰεροσυὰμ
2689 3870 2763 3934 ὼς
2788 3871 3018 3940 λέγοντα
3051 3871 3193 3925 κατὰ
3225 3875 3325 3943 τῆς
3365 3872 3699 3944 Σαμαρείας,

2123 3964 2218 4016 καὶ
2249 3964 2390 4020 κατὰ
2419 3962 2514 4015 τοῦ
2551 3962 2704 4030 λαοῦ,
2743 3964 2904 4028 αὐτὸς
2936 3963 3087 4016 οὐδὲν
3114 3959 3275 4036 ἦττον
3297 3964 3397 4017 οὐκ
3425 3964 3704 4018 ἐπαύσατο

2123 4051 2653 4126 παρρησιαζόμενος,
2691 4056 2785 4109 καὶ
2823 4056 2998 4110 λέγων
3036 4057 3104 4111 τὰ
3134 4057 3289 4127 λόγια
3321 4056 3412 4111 καί
3444 4058 3573 4128 περὶ
3603 4055 3704 4125 τῆς

2125 4147 2427 4218 παρουσίας
2449 4146 2541 4237 τονῦ
2567 4149 2837 4220 Σωτῆρος.

2703 4263 3012 4327 ΜΙΧΑΙΑΣ,
3050 4266 3138 4330 ς’.

2197 4372 2456 4444 Δεύτερος
2487 4373 2582 4443 μὲν
2619 4371 2726 4424 τῶν
2755 4372 3166 4444 προειρημένων
3191 4372 3443 4440 γέγονεν..
3465 4372 3546 4424 ὅτι
3572 4367 3712 4430 μετὰ

2140 4465 2320 4529 Ὀζίαν
2349 4465 2742 4535 ἐπροφήτευσε.
2774 4463 3086 4534 Συνεχρόνει
3111 4463 3171 4518 δὲ
3194 4463 3397 4532 uirtute.
3447 4465 3596 4521 Ἐπεὶ
3617 4468 3713 4520 καὶ

2130 4555 2290 4617 αὐτὸς
2320 4554 2412 4606 ἐπὶ
2427 4552 2666 4623 Ἰωαθάμ
2686 4553 2779 4606 καὶ
2797 4551 2961 4622 Ἀχὰζ
2978 4551 3074 4608 καὶ
3102 4551 3346 4618 Ἐζεκίου
3364 4555 3567 4628 ἦρξατο
3587 4574 3715 4627 προ-

448 4651 686 4715 Achazo,
742 4657 796 4706 et
846 4646 1077 4703 Ezechia
1135 4624 1364 4717 regibus
1415 4639 1777 4714 prophetandi
1828 4655 2009 4692 munus

2135 4645 2409 4716 φητεύειν.
2446 4643 2762 4712 Ἐγένετοδέ
2779 4642 2980 4713 όλόγος
3008 4646 3144 4716 πρὸς
3165 4647 3326 4701 αὑτὸν
3359 4624 3451 4701 τοῦ
3480 4624 3712 4720 Κυρίου,

449 4757 740 4812 aggressus
777 4749 882 4796 est.
915 4738 1116 4793 Factus
1149 4749 1232 4794 est
1253 4745 1435 4792 autem
1469 4733 1535 4788 ad
1565 4748 1688 4790 eum
1714 4745 1895 4788 sermo
1926 4729 2031 4782 Do-

450 4831 605 4896 mini,
639 4841 694 4888 et
727 4831 1057 4886 vaticinatus
1097 4835 1182 4884 est
1227 4828 1284 4882 in
1328 4825 1690 4888 Hierusalem,
1738 4822 1792 4876 in
1841 4821 2032 4875 Sama-

451 4925 610 4993 riam,
645 4925 700 4980 in
724 4926 1020 4996 prophetas
1049 4938 1145 4979 eos
1173 4923 1266 4993 qui
1295 4921 1554 4991 populum
1584 4919 1638 4972 in
1679 4931 1919 4972 errorem
1949 4916 2035 4968 in-

451 5020 760 5086 ducebant;
804 5019 861 5073 in
894 5017 1174 5072 Achabum
1219 5014 1472 5084 denique.
1515 5008 1776 5066 Praedixit
1817 5015 1871 5062 et
1911 5005 2033 5061 Sal-

451 5113 658 5168 vatoris
709 5109 1035 5174 adventum,
1087 5107 1179 5162 ubi
1237 5103 1528 5176 postremis
1570 5101 1762 5156 diebus
1807 5097 2034 5154 manife-

454 5216 600 5262 stum
627 5202 845 5258 Domini
876 5209 1114 5257 montem
1150 5199 1268 5256 fore
1293 5197 1584 5268 signiﬁcat.

1106 5309 1292 5373 JOEL,
1332 5307 1401 5364 Il.

531 5409 725 5464 Sermo
758 5405 972 5462 Domini
1009 5405 1186 5458 factus
1224 5410 1309 5458 est
1345 5401 1411 5454 ad
1449 5400 1652 5471 ipsum.
1680 5395 2036 5468 praedixitque

460 5501 770 5558 senioribus
799 5497 1166 5568 omnibusque
1190 5500 1285 5566 qui
1327 5501 1533 5551 terram
1563 5491 1892 5552 incolebant,
1920 5489 2039 5557 ejus

459 5592 753 5657 excidium,
797 5599 852 5646 et
894 5590 999 5644 alia
1044 5605 1166 5659 quae
1218 5587 1322 5658 ipsi
1367 5586 1715 5656 contigerunt
1761 5581 2040 5636 servitutis

462 5693 726 5754 tempore.
757 5679 1098 5737 Vaticinatur
1145 5694 1273 5734 vero
1317 5677 1481 5732 etiam
1524 5676 1590 5731 de
1637 5673 1876 5746 Spiritus
1911 5687 2040 5726 san-

464 5774 536 5826 cti
565 5773 741 5843 gratia
781 5770 837 5826 in
888 5786 1079 5826 omnes
1112 5770 1203 5840 qui
1238 5769 1340 5825 sub
1373 5769 1657 5823 Salvatore
1696 5767 1860 5822 futuri
1893 5775 2040 5828 sunt,

2132 4739 2227 4790 καὶ
2254 4734 2583 4808 προφητεύει
2612 4733 3093 4807 ἐπὶῚερουσαλὴμ,
3117 4738 3210 4790 καὶ⁷
3234 4739 3363 4810 περὶ
3383 4738 3712 4810 Σαμαρείας,

2135 4829 2227 4881 καὶ
2247 4829 2338 4879 ἐπὶ
2358 4828 2484 4890 τοὺς
2511 4827 2795 4898 προφήτας
2818 4830 2942 4892 τοὺς
2980 4827 3297 4892 πλανῶντας
3329 4830 3418 4882 τὸν
3449 4829 3594 4892 λαὸν,
3623 4831 3718 4881 καὶ

2135 4922 2277 4974 κατὰ
2293 4921 2385 4972 τοῦ
2422 4919 2646 4991 Ἀχαάϐ.
2672 4921 3043 4993 Προσημαίνει
3071 4921 3128 4974 δὲ
3163 4922 3255 4974 καὶ
3283 4921 3380 4992 τὴν
3413 4922 3717 4993 παρουσίαν

2135 5013 2228 5067 τοῦ
2247 5014 2498 5088 Σωτῆρος
2528 5014 2722 5084 λέγων’
2741 5015 2828 5068 Ἐν
2855 5016 2974 5077 ταῖς
2990 5015 3244 5084 ἐσχάταις
3275 5016 3507 5086 ἡμέραις
3535 5017 3716 5084 ἐμφα-

2141 5106 2228 5170 νὲς
2257 5106 2410 5161 ἔσται
2442 5110 2503 5161 τὸ
2524 5108 2647 5179 ὅρος
2676 5106 2770 5161 τοῦ
2799 5107 3027 5178 Κυρίου.

2775 5311 2934 5362 ΙΩΗΛ
2958 5349 2972 5374 ,
3015 5310 3089 5362 B'.

2216 5399 2383 5468 Λόγος
2411 5399 2615 5472 Κυρίου
2652 5399 2867 5468 ἐγένετο
2897 5401 3033 5475 πρὸς
3065 5401 3226 5456 αὐτὸν
3260 5401 3352 5455 καὶ
3391 5399 3723 5471 προφητεύει

2144 5494 2253 5554 τοῖς
2277 5490 2665 5563 πρεσϐυτέροις
2717 5495 2810 5546 καὶ
2839 5495 2971 5546 πᾶσι
2999 5495 3110 5556 τοῖς
3137 5492 3445 5546 κατοικοῦσι
3473 5493 3570 5562 τὴν
3595 5491 3721 5560 γῆν,

2145 5582 2274 5652 περὶ
2304 5581 2404 5650 τῆς
2428 5579 2679 5646 ἁλώσεως
2706 5583 2806 5652 τῆς
2834 5584 2960 5654 γῆς,
2984 5583 3204 5636 καὶτῶν
3236 5584 3294 5636 ὲν
3320 5583 3477 5654 αὐτῇ·
3504 5599 3725 5654 προφη-

2147 5674 2293 5726 τεύει
2321 5673 2376 5726 δέ
2405 5674 2498 5727 καὶ
2532 5677 2658 5745 περὶ
2695 5675 2794 5744 τῆς
2822 5673 2915 5727 τοῦ
2955 5675 3112 5742 ἁγίου
3154 5674 3471 5745 Πνεύματος
3505 5675 3727 5745 χάριτος

2150 5767 2244 5836 τῆς
2280 5767 2359 5828 είς
2391 5767 2600 5830 πάντας
2626 5767 2984 5836 γενησόμενος
3026 5765 3167 5837 [lege
3195 5763 3586 5836 γενησομένης]
3619 5764 3729 5816 ὑπὸ

464 5862 809 5922 effundenda.
858 5860 1230 5916 Concionatur
1284 5859 1518 5928 denique
1565 5859 1633 5914 de
1690 5857 1929 5927 jejunio,
1977 5855 2009 5908 d

2151 5855 2243 5909 τού
2276 5856 2543 5926 Σωτῆρος.
2574 5857 2845 5927 Κηρύττει
2873 5856 2930 5908 δὲ
2963 5857 3052 5909 καὶ
3079 5855 3206 5926 περὶ
3236 5856 3486 5926 νηστείας
3511 5856 3602 5908 καὶ
3627 5872 3727 5922 με-
