4100 6436
422 470 560 528 1266

417 589 781 662 τανοίαςνκαὶ
809 596 938 665 περὶ⁵
972 595 1066 665 τῆς
1108 596 1200 648 τοῦ
1240 598 1487 672 Σωτῆρος
1519 608 1848 674 παρουσίας,
1895 613 1985 664 καὶ
2015 622 2060 677 Α

417 677 525 730 τῶν
560 680 651 733 ετιι
687 680 777 734 τοῦ
818 685 1050 755 σταυροῦ
1083 689 1387 759 γενομένων
1418 694 1677 763 σημέιων.

1012 800 1278 866 ΑΒΔΙΟΥ,
1319 803 1390 858 Δ’.

491 883 717 954 Ὀρασιν
747 888 1245 957 ἀπαγγέλλείκατὰ
1272 895 1371 966 τῆς
1413 897 1736 969 Ἰδουμαίας,
1773 919 1866 954 και
1896 905 1988 957 τοῦ

416 974 601 1039 τέλους
639 979 834 1050 αὐτῆς·
871 982 965 1033 καὶ
999 985 1140 1037 κατὰ
1174 985 1280 1040 τῶν
1314 987 1480 1042 ὲθνῶν
1519 991 1626 1044 τῶν
1659 994 1991 1065 ἐμπαροινη-

419 1067 625 1122 σάντων
663 1070 740 1140 τῷ
786 1074 1018 1146 Ἰσραήλ.
1080 1079 1543 1150 Ἀναλωθήσεσθαι
1588 1085 1694 1155 γὰρ
1721 1087 1811 1139 τὸν
1843 1086 1988 1141 οἶκον

431 1158 598 1214 Ἦσαῦ
633 1163 737 1215 ὑπὸ
765 1164 856 1217 τοῦ
903 1167 1095 1220 Ἰακὼϐ
1127 1173 1508 1243 προσημαίνει.

1028 1349 1227 1400 ΙΩΝΑΣ
1243 1391 1256 1414 ,
1294 1351 1366 1405 Ε¹.

482 1431 650 1499 Λόγος
706 1436 909 1506 Κυρίου
973 1439 1187 1506 ἐγένετο
1245 1443 1382 1514 πρὸς
1417 1446 1578 1499 αὑτὸν
1615 1448 1868 1502 ἀπελθεῖν
1906 1453 1986 1514 είς

410 1520 607 1593 Νινευὴ
639 1526 732 1579 καὶ
766 1528 994 1600 κηρῦξαι
1026 1533 1083 1584 ὲν
1113 1532 1271 1605 αὐτῇ,
1299 1535 1379 1589 ὅτι
1406 1537 1484 1590 ἔτι
1509 1542 1658 1610 τρεῖς
1679 1540 1754 1612 (I)
1778 1543 1982 1613 ἡμέραι

409 1613 504 1664 καὶ
526 1620 1037 1690 καταστραφήσεται
1065 1624 1096 1694 ή
1124 1624 1172 1675 Ν
1178 1627 1346 1696 ινευή.
1390 1627 1526 1681 Ἀλλ’
1561 1631 1742 1696 Ἰωνᾶς
1768 1633 1984 1702 φεύγων

405 1704 466 1757 τδ
503 1707 784 1780 κήρυγμα,
828 1711 993 1784 ἀνέϐη
1043 1716 1122 1778 είς
1157 1715 1218 1768 τὸ
1251 1717 1450 1774 πλοῖον.
1503 1721 1785 1792 Χειμῶνός
1815 1723 1889 1794 (2)
1922 1741 1982 1776 τε

407 1801 694 1871 γενομένου
723 1803 1005 1878 ἐξεϐλήθη,
1041 1810 1135 1862 καὶ
1165 1813 1438 1884 κατεπόθη
1471 1816 1575 1868 ὑπὸ
1599 1817 1764 1888 κήτου
1791 1818 1984 1872 θαλασ-

405 1889 540 1944 σίου.
577 1889 708 1946 Εἶτα
737 1896 875 1966 μετὰ
902 1902 1050 1970 τρεῖς
1106 1903 1317 1974 ἡμέρας
1352 1894 1568 1970 ἐξέϐαλε
1607 1909 1666 1960 τὸ
1699 1911 1862 1980 κῆτος
1888 1911 1980 1963 τὸν

417 1982 598 2037 Ἰωνὰν
625 1985 818 2050 ζῶντα.
854 1991 966 2045 Καὶ
1007 1993 1167 2046 πάλιν
1209 1999 1272 2050 ὲκ
1299 1996 1554 2069 δευτέρας
1583 2001 1735 2070 λόγος
1775 2004 1977 2074 Κυρίου
2013 1981 2052 2035 Β

403 2078 618 2145 ἐγένετο
646 2080 783 2151 πρὸς
815 2082 995 2138 αὐτόν.
1041 2087 1150 2140 Καὶ
1193 2089 1441 2144 ἀπελθὼν
1484 2094 1744 2165 ἐκήρυξεν
1781 2097 1857 2158 είς
1884 2098 1981 2165 τὴν

402 2170 622 2243 Νινευὴ,
662 2176 858 2230 ἐκεῖνοί
882 2194 940 2230 τε
970 2179 1296 2246 ἀκούσαντες
1326 2186 1710 2255 ὲμετανόησαν,
1725 2188 1818 2241 καὶ
1843 2205 1982 2260 παρ-

401 2261 575 2331 ήγαγε
620 2264 820 2336 Κύριος
875 2269 973 2340 τὴν
1019 2271 1188 2343 ὀργὴν
1231 2275 1326 2326 ἀπ’
1381 2275 1579 2332 αὐτῶν.
1642 2279 1754 2348 Τῆς
1802 2281 1981 2350 μέντοι

402 2355 701 2425 παρουσίας
739 2358 833 2411 τοῦ
868 2361 1121 2432 Σωτῆρος
1164 2369 1388 2435 σημεῖον
1432 2367 1591 2432 αὐτὸς
1631 2371 1840 2437 γέγονε,
1889 2372 1982 2424 καὶ

401 2447 727 2514 καταποθεὶς
756 2451 860 2504 ὑπὸ
886 2453 981 2506 τοῦ
1010 2456 1227 2525 κήτους,
1269 2459 1361 2512 καὶ
1402 2459 1686 2532 ἐκϐληθεὶς
1716 2462 1979 2533 ἀϐλαϐής.

651 2562 896 2617 ΝΑΟΥΜ
941 2567 981 2620 Ο
1027 2567 1166 2620 ΤΟΥ
1211 2569 1622 2636 ΕΛΚΕΣΑΙΟΥ,
1659 2575 1730 2627 Z'.

466 2648 673 2720 Λῆμμα
722 2653 852 2725 περὶ
901 2656 998 2727 τῆς
1044 2658 1319 2724 ἀπωλείας
1364 2663 1561 2734 Νινευῆ
1606 2664 1728 2736 (sic)
1778 2664 1981 2735 βιϐλίον

397 2739 659 2808 ὁράσεως.
696 2745 1034 2819 Προφήτεύει
1066 2752 1160 2804 καὶ
1189 2752 1447 2824 κηρύττει
1474 2756 1572 2826 μὲν
1598 2757 1690 2809 καὶ
1711 2760 1839 2830 περ)⁸
1863 2760 1980 2832 ἑορ-

397 2833 511 2901 τῆς.
547 2835 918 2908 Προσημαίνει
949 2841 1004 2894 δὲ
1037 2844 1094 2894 ὲν
1133 2845 1269 2916 αὐτῇ
1303 2847 1432 2918 περὶ
1459 2847 1552 2901 τοῦ
1581 2849 1854 2922 Σωτῆρος,
1885 2852 1980 2904 καὶ

397 2920 464 2974 τὰ
502 2922 663 2979 λοιπὰ
711 2929 886 2983 πάντα
934 2932 1070 2986 κατὰ
1115 2935 1214 3005 τῆς
1257 2936 1498 3008 Νινευῆ,
1544 2940 1637 2991 καὶ
1668 2920 1762 2993 τού
1796 2941 1979 3004 τέλους

400 3013 583 3087 αὐτῆς,
613 3018 705 3071 καὶ
727 3018 834 3073 τῶν
866 3022 1075 3094 ἐχθρῶν
1095 3025 1188 3078 τοῦ
1225 3027 1438 3100 Ἰσραὴλ
1460 3031 1846 3100 παραγγέλλει.

909 3134 1323 3202 ΑΜΒΑΧΟΥΜ,
1378 3140 1461 3195 Η¹.

463 3217 671 3289 Λῆμμα
683 3223 776 3275 καὶ
787 3223 949 3288 αὐτὸς
963 3221 1120 3280 εἶδενο
1137 3230 1443 3300 προφητεύε
1453 3249 1467 3283 ι
1477 3233 1726 3303 δεόμενος
1744 3234 1840 3304 μὲν
1854 3252 1920 3288 πε
1929 3236 1981 3306 91

393 3308 489 3378 τῆς
513 3310 766 3376 ἁλώσεως
786 3315 884 3385 τῆς
915 3315 1284 3390 Ἰερουσαλήμ.
1316 3321 1711 3393 Προσημαίνων
1754 3325 1809 3377 δὲ
1844 3327 1970 3396 περὶ
1997 3310 2042 3368 (ἶ

391 3397 493 3465 τῆς
519 3401 816 3470 παρουσίας
833 3404 925 3456 τοῦ
947 3405 1216 3478 Σωτῆρος.
1243 3410 1405 3478 Λέγει
1436 3413 1493 3465 δὲ
1522 3415 1617 3467 καὶ
1640 3417 1967 3485 προφητεύει

391 3489 533 3542 κατὰ
554 3490 662 3542 τῶν
681 3497 1124 3568 καταφρονητιῖη.
1153 3497 1284 3555 Εἶτα
1319 3503 1520 3572 μεταξὺ
1554 3508 1825 3576 προσευχὴ
1855 3511 1965 3560 ἐστι

391 3578 483 3632 τοῦ
515 3585 790 3654 προφήτου
826 3587 940 3656 μετ’
976 3587 1137 3658 ᾠδῆς.
1169 3591 1277 3645 Καὶ
1305 3594 1430 3663 τρία
1459 3594 1804 3666 διαψὰλματά
1820 3602 1965 3653 ἐστιν

392 3673 450 3723 ἂν
466 3675 532 3743 τῇ
550 3672 814 3749 λεγομένῃ
843 3677 949 3749 ᾠδῇ
968 3679 1182 3749 ᾄδοντος
1202 3683 1365 3736 αὑτοῦ
1395 3686 1520 3756 περὶ
1541 3689 1639 3758 τῆς
1669 3691 1965 3760 παρουσίας

389 3762 483 3818 τοῦ
509 3765 778 3839 Σωτῆρος,
803 3771 897 3823 καὶ
919 3771 1019 3842 τῆς
1039 3775 1179 3827 κατὰ
1199 3775 1424 3832 θανάτου
1445 3779 1618 3850 νίκης.

674 3973 1006 4029 ΣΟΦΟΝΙΑΣ
1048 3979 1090 4031 Ο
1124 3980 1261 4038 ΤΟΥ
1298 3981 1567 4047 ΧΟΥΣΕΙ,
1603 3986 1679 4040 ϐ’.

461 4054 629 4126 οὗτος
656 4065 749 4118 καὶ
794 4066 1061 4138 Ἱερεμίας
1094 4072 1488 4144 συνεχρόνησαν
1521 4074 1788 4148 ἀλλήλοις.
1832 4081 1964 4153 Ἀμ-

390 4154 607 4226 φότεροι
629 4157 736 4229 γὰρ
758 4159 851 4211 ὲπὶ
877 4161 972 4214 τοῦ
1013 4161 1191 4215 Ἰωσία
1219 4163 1484 4234 βασιλέως
1523 4169 1690 4224 ’ἰούδα
1722 4173 1962 4246 ἐπροφή-

387 4262 603 4304 τευσαν.
652 4251 821 4320 Λόγος
861 4252 918 4305 δὲ
949 4255 1153 4328 Κυρίου
1204 4257 1420 4326 ἐγένετο
1468 4262 1605 4332 πρὸς
1649 4264 1831 4331 αὐτὸν,
1870 4268 1963 4320 καὶ

388 4340 721 4412 προφητεύει
752 4345 810 4396 ὲν
835 4347 902 4416 τῇ
933 4346 1305 4421 Ἰερουσαλὴμ,
1336 4353 1430 4406 καὶ
1460 4355 1619 4407 παντὶ
1649 4356 1836 4429 Ἰούδᾳ·
1871 4362 1962 4412 καὶ

389 4429 642 4500 προλέγει
669 4436 796 4505 περὶ
828 4437 1038 4510 ἡμέρας
1061 4441 1324 4514 ἐσομένης
1349 4445 1611 4515 μεγάλης,
1639 4447 1776 4524 ὥστε
1802 4450 1964 4522 ἐξαρ-

388 4520 546 4592 θῆναι
573 4525 749 4579 πάντα
777 4528 845 4582 τὰ
876 4531 1088 4598 εἴδωλα,
1121 4535 1218 4586 καὶ
1247 4534 1313 4598 τὰ
1339 4535 1496 4606 ἄλση,
1527 4538 1622 4591 καὶ
1647 4520 1818 4593 πολὺν
1840 4520 1964 4614 θρῆ-

385 4631 476 4668 νον
523 4617 618 4669 καὶ
645 4619 873 4672 κοπετὸν
906 4623 1208 4692 γίγνεσθαι.
1244 4627 1581 4698 Προφητεύει
1621 4630 1678 4682 δὲ
1711 4633 1804 4684 καὶ
1833 4636 1959 4705 περὶ

384 4706 479 4760 τοῦ
501 4707 772 4781 Σωτῆρος,
809 4713 902 4765 κα)⁹
932 4714 1030 4784 τῆς
1053 4715 1417 4784 ἀναστάσεως,
1449 4722 1512 4791 ἣν
1535 4719 1599 4775 δι’
1634 4724 1779 4794 ἡμᾶς
1802 4730 1957 4780 ποιεῖ.

389 4799 498 4853 Καὶ
539 4799 682 4854 κατὰ
702 4801 880 4872 Γάζης
907 4806 1000 4858 καὶ
1035 4807 1391 4873 Ἀσκάλωνος,
1440 4814 1531 4867 καὶ
1563 4814 1816 4882 Ἀζώτου,
1869 4821 1964 4873 καὶ

387 4892 486 4962 τῆς
529 4893 832 4966 Ἀκκάρων,
868 4898 960 4951 καὶ
1000 4900 1140 4955 κατὰ
1186 4901 1384 4967 Μωὰϐ,
1431 4905 1524 4957 καὶ
1577 4906 1820 4978 Ἀμμὼν,
1870 4912 1963 4963 καὶ

388 4982 529 5036 κατὰ
560 4986 871 5056 Δαμασκοῦ,
908 4991 1001 5044 καὶ
1034 4991 1178 5046 κατὰ
1204 4994 1427 5069 Νινευῆ,
1451 4999 1545 5052 καὶ
1580 5000 1726 5058 κατὰ
1742 5002 1849 5054 τῶν
1869 5004 1963 5055 Αἰ-

331 5121 337 5131 ,
389 5075 608 5133 θιόπων.

969 5200 1275 5266 ΛΓΓΛΙΟΣ,
1317 5203 1372 5256 Ι’.

453 5277 622 5349 Οὗτος
657 5289 792 5358 μετὰ
821 5291 920 5362 τὴν
948 5294 1326 5363 αἰχμαλωσίαν
1352 5298 1409 5349 ἐν
1437 5301 1502 5368 τῇ
1535 5302 1776 5373 ἐπανόδῳ
1803 5307 1860 5356 ὲν
1891 5309 1954 5376 τῇ

395 5374 764 5451 Ἰερουσαλὴμ,
793 5384 885 5435 ἐπὶ
903 5385 1128 5456 Δαρείου
1150 5387 1413 5456 βασιλέως
1433 5391 1677 5461 Περσῶν,
1708 5374 1956 5467 δευτέρου

384 5466 537 5534 ἔτους
575 5473 759 5538 αὐτοῦ,
805 5476 881 5546 τῷ
918 5478 1058 5550 ἕκτῳ
1093 5481 1223 5551 μηνὶ
1261 5483 1500 5550 γέγονεν.
1539 5487 1708 5555 Λόγος
1751 5491 1954 5562 Κυρίου

383 5560 596 5627 ἐγένετο
626 5565 682 5618 ἐν
711 5569 854 5641 χειρὶ
881 5571 1065 5636 αὐτοῦ,
1103 5574 1196 5625 καὶ
1237 5578 1566 5646 προφητεύει
1608 5582 1684 5652 τῷ
1719 5560 1954 5655 Ζοροϐά-

384 5653 496 5719 ϐελ,
542 5657 634 5710 καὶ
674 5658 752 5728 τῷ
809 5661 983 5731 Ἰησοῦ
1027 5663 1104 5734 τῷ
1143 5664 1236 5718 τοῦ
1293 5667 1556 5736 Ἰωσεδὲκ,
1601 5676 1691 5727 καὶ
1737 5677 1812 5747 τῷ
1842 5677 1954 5746 λαῷ

457 5835 832 5927 (‘1)_§equitur
885 5843 1164 5927 Eusebius
1216 5834 1718 5927 interpfetationem
1776 5858 1949 5927 LXX;

383 5901 591 5962 Hebraei
618 5901 747 5966 véro
769 5901 1949 5996 quadraginta—habent:august:

1627 485 1714 539 DE
1756 487 1938 545 V'I'I'lS
1974 491 2517 555 PROPIIETARUM.

3540 523 3676 576 I266

2088 617 2424 684 pmnitentia,
2460 622 2528 674 de
2558 620 2855 682 Salt'atoris
2881 630 3112 686 adventu
3132 671 3147 696 ,
3183 641 3236 689 et
3258 635 3326 690 de
3355 639 3528 709 signis
3557 657 3678 712 qua

2095 706 2148 759 in
2188 724 2350 764 cruee
2383 723 2511 765 sunt
2539 716 2702 768 edita.

2693 827 2956 899 ABDIAS,
2986 832 3070 887 IV.

2164 907 2442 968 V‘isionem
2482 915 2766 974 denuntiat
2796 921 3059 979 adversus
3089 923 3402 998 Idumeam,
3432 942 3672 1006 et'quem

2097 996 2253 1052 ﬁnem
2312 1002 2503 1058 eadem
2557 1007 2630 1061 sit
2691 1009 2964 1065 habitura.
3008 1012 3352 1077 Vaticinatur
3387 996 3558 1080 etiam
3616 1030 3670 1084 in

2094 1101 2282 1160 gentes
2330 1109 2451 1164 qua:
2503 1097 2687 1158 Israeli
2743 1105 3096 1165 insultarunt.
3144 1111 3282 1171 Fore
3332 1119 3495 1174 etiam
3533 1137 3674 1191 prm-

2087 1182 2243 1247 dixit,
2277 1196 2333 1240 ut
2375 1186 2518 1244 Esau
2556 1193 2768 1263 domus,
2805 1201 2872 1254 ab
2914 1218 2976 1257 ea
3016 1219 3136 1274 qua:
3168 1205 3354 1264 Jacobi
3389 1219 3494 1277 est,
3533 1182 3673 1271 sub-

2091 1285 2354 1334 vertatur.

2718 1379 3045 1452 JONAS,V.

2159 1459 2350 1518 Sermo
2377 1464 2590 1523 Domini
2627 1469 2802 1530 factus
2851 1488 2935 1532 est
2984 1480 3048 1534 ad
3081 1482 3276 1552 ipsum.
3317 1494 3375 1542 ut
3415 1488 3666 1546 Ninivam

2085 1551 2361 1619 profectus
2403 1557 2456 1612 in
2505 1575 2568 1615 ea
2599 1563 2840 1632 doceret,
2883 1569 3058 1626 tribus
3103 1551 3310 1632 tantum
3355 1579 3548 1638 diebus
3577 1575 3685 1636 ur;

2083 1641 2204 1696 bem
2227 1660 2345 1698 eam
2379 1647 2446 1703 ab
2468 1650 2692 1707 interitu
2721 1657 2932 1714 abesse.
2966 1659 3070 1715 Sed
3103 1679 3222 1718 cum
3251 1669 3486 1724 mandati
3525 1687 3668 1730 onus

2085 1732 2404 1803 declinaret,
2435 1743 2662 1814 contigit
2687 1755 2746 1800 ut
2772 1764 2930 1816 nave,
2973 1752 3026 1806 in
3059 1771 3222 1825 quam
3250 1763 3664 1830 conscenderat,

2083 1829 2498 1894 tempestatibus
2543 1833 2766 1903 agitata,
2803 1838 2858 1892 in
2911 1857 3060 1898 mare
3108 1847 3318 1913 ejectus
3371 1864 3399 1904 a
3443 1829 3666 1920 pistrice

2083 1914 2516 1977 absorberetur:
2561 1940 2681 1995 qua:
2735 1932 2984 1987 eumdem
3057 1937 3236 1992 triduo
3289 1949 3414 2008 post
3482 1946 3660 2000 vivum

2081 2009 2339 2061 evomuit.
2371 2007 2564 2068 Iterato
2601 2015 2798 2072 deinde
2835 2019 2902 2074 ad
2954 2039 3078 2078 eum
3124 2007 3338 2083 Domini
3387 2047 3662 2098 sermone.

2081 2091 2330 2152 Ninivam
2391 2103 2671 2171 appulsus,
2727 2107 2910 2178 ibique
2966 2114 3349 2187 concionatus,
3397 2123 3548 2180 cives
3595 2127 3663 2179 ad

2083 2187 2516 2258 resipiscentiam
2567 2197 2820 2266 adduxit,
2867 2213 2921 2259 et
2971 2206 3106 2262 iram
3156 2207 3366 2266 Domini
3412 2214 3483 2270 ab
3527 2216 3662 2286 ipsis

2083 2280 2298 2334 avertit.
2335 2281 2457 2338 Fuit
2485 2288 2701 2356 quidem
2745 2301 2892 2349 certe
2926 2294 3222 2356 Salvatoris
3266 2302 3467 2376 imago,
3497 2280 3662 2377 quem

2083 2369 2278 2438 pistrix
2317 2373 2542 2431 illwsum
2577 2381 2850 2455 absorpsit
2877 2394 2930 2443 et
2959 2393 3219 2450 evomuit.

2305 2576 2586 2652 NAHUM,
2631 2586 2946 2646 ELCESAZI
2985 2593 3244 2663 FILIUS,
3286 2599 3398 2656 VII.

2149 2666 2600 2743 Assumptionem
2632 2679 2699 2735 de
2734 2681 2958 2740 interitu
2989 2685 3200 2745 Ninivaz
3232 2692 3460 2750 visionis
3490 2696 3658 2767 hujus

2080 2758 2220 2814 liber
2241 2766 2644 2835 complectitur.
2671 2773 3016 2834 Vaticinatur
3033 2789 3087 2835 et
3113 2785 3476 2843 eoneionatur
3490 2758 3654 2847 etiam

2080 2848 2148 2904 de
2184 2850 2342 2908 festo.
2376 2854 2632 2917 Praedicit
2680 2873 2862 2922 autem
2915 2871 2972 2924 in
3015 2887 3080 2926 ea
3124 2873 3192 2929 de
3242 2874 3546 2946 Salvatore,
3587 2881 3655 2937 de

2081 2945 2297 3000 caeteris
2329 2952 2607 3021 omnibus,
2636 2971 2758 3027 quae
2797 2962 3065 3020 adversus
3094 2965 3347 3023 Ninivam
3383 2979 3542 3037 sunt,
3586 2974 3654 3030 de

2081 3034 2202 3104 ejus
2236 3036 2343 3094 line
2372 3041 2610 3116 denique
2635 3057 2690 3103 et
2717 3050 2937 3110 lsraelis
2967 3055 3230 3116 hostium.

2591 3160 2919 3222 ABBACUM
2940 3209 2956 3235 ,
2997 3168 3136 3226 VIII.

2155 3238 2600 3315 Assumptionem
2652 3263 2706 3308 et
2754 3255 2843 3310 hic
2903 3258 3138 3320 intuitus
3172 3275 3275 3322 est.
3314 3266 3655 3324 Vaticinotur

2076 3340 2258 3388 autem
2293 3335 2431 3394 fusis
2459 3343 2677 3411 quidem
2717 3350 2973 3416 precibus
3003 3352 3514 3430 IIierosolymitana:
3559 3377 3650 3416 ur-

2077 3424 2162 3480 bis
2184 3430 2406 3485 nomine
2435 3450 2448 3484 :
2481 3432 2576 3487 sed
2605 3435 2672 3490 de
2697 3435 2999 3498 Salvatoris
3033 3424 3273 3503 adventu
3309 3454 3651 3521 pronuntiat.

2075 3515 2218 3572 Dicit
2247 3535 2378 3574 vero
2403 3531 2457 3576 et
2487 3541 2608 3594 qua:
2638 3535 3027 3598 spernentibus
3043 3515 3472 3599 eventura—sunt.
3493 3544 3651 3600 Post-

2075 3623 2138 3663 ea
2183 3625 2490 3682 sequuntur
2536 3634 2726 3688 preces
2785 3638 2909 3679 eum
2940 3629 3180 3695 cantico,
3212 3632 3268 3686 in
3299 3649 3408 3704 quo
3433 3637 3539 3690 tria
3561 3651 3652 3694 ro-

2075 3703 2255 3771 perias
2283 3707 2560 3777 propheta:
2577 3713 2962 3786 diapsalmata,
2993 3719 3296 3779 Salvatoris
3317 3703 3644 3794 adventum,

2073 3804 2126 3848 et
2155 3812 2318 3866 quam
2366 3801 2434 3856 de
2467 3815 2641 3861 morte
2687 3810 2974 3867 victoriam
3017 3814 3247 3886 adeptus
3290 3829 3399 3884 est,
3443 3823 3646 3878 decan-

2073 3889 2257 3945 tantis.

2325 4005 2714 4067 SOPHONIAS
2752 4012 2961 4070 CIIUSI
3001 4016 3260 4087 FILIUS,
3303 4021 3393 4079 IX.

2143 4095 2342 4154 Iisdem
2400 4101 2505 4158 iste
2539 4112 2594 4159 et
2640 4103 2942 4165 Hieremias
2975 4111 3230 4167 vixerunt
3278 4117 3640 4185 temporibus.

2071 4188 2245 4244 Ambo
2270 4192 2418 4246 enim
2447 4195 2730 4251 vaticinati
2767 4208 2916 4264 sunt,
2949 4217 3072 4257 eum
3103 4202 3260 4260 Judae
3287 4221 3513 4276 regnum
3550 4207 3646 4264 Jo-

2071 4280 2182 4336 sias
2213 4289 2440 4340 teneret.
2473 4285 2674 4342 Factus
2723 4299 2807 4344 est
2859 4301 3040 4349 autem
3088 4311 3270 4353 sermo
3314 4297 3529 4354 Domini
3573 4303 3643 4357 ad

2070 4373 2286 4443 ipsum,
2340 4394 2652 4451 munusque
2699 4399 2859 4438 suum
2905 4385 2961 4440 in
2996 4386 3361 4457 Hierusalem,
3419 4400 3645 4464 totoque

2071 4462 2207 4520 Juda
2242 4468 2397 4523 obiit.
2452 4469 2712 4526 Praedixit
2756 4476 2922 4531 etiam
2981 4477 3049 4534 de
3100 4491 3334 4538 venturo
3393 4483 3501 4550 die,
3548 4462 3642 4555 qui

2069 4573 2303 4629 magnus
2334 4563 2556 4630 dicitur,
2581 4582 2692 4634 quo
2721 4568 2865 4623 idola
2889 4559 3075 4626 omnia
3101 4574 3320 4646 lucique
3351 4577 3638 4643 tollentur;

1993 4667 2037 4722 ι)
2072 4652 2214 4707 unde
2250 4654 2428 4710 luctus
2457 4664 2511 4711 et
2541 4658 2812 4718 clamores
2844 4664 3002 4718 multi
3052 4665 3246 4721 futuri.
3299 4665 3642 4725 Vaticinatur

2067 4760 2196 4799 vero
2249 4749 2411 4800 etiam
2441 4748 2508 4804 de
2540 4751 2660 4820 ipso
2692 4749 3000 4820 Salvatore,
3035 4757 3210 4827 deque
3239 4759 3360 4827 ejus
3387 4761 3439 4812 in
3473 4762 3637 4816 vitam

2065 4837 2266 4902 reditu,
2303 4840 2399 4908 qui
2437 4842 2507 4895 ab
2537 4858 2602 4896 eo
2630 4848 2806 4902 nostri
2855 4863 3023 4903 causa
3055 4850 3232 4906 factus
3271 4860 3376 4908 est.
3414 4852 3555 4907 Sunt
3586 4863 3641 4908 et

2062 4931 2182 4999 ejus
2212 4933 2469 4988 vaticinia
2501 4936 2556 4990 in
2587 4937 2812 5004 Gazam,
2839 4940 2895 4995 in
2921 4942 3267 5006 Ascalonem,
3297 4947 3352 5000 in
3381 4948 3634 5012 Azotnm,

2062 5024 2116 5077 in
2153 5023 2424 5091 Accaron,
2460 5029 2514 5081 in
2553 5029 2732 5098 Moab,
2764 5033 2819 5086 in
2846 5033 3099 5101 Ammon,
3126 5036 3181 5091 in
3207 5037 3553 5107 Damascum,
3583 5042 3637 5095 in

2062 5110 2338 5179 Ninivam,
2373 5117 2428 5170 in
2461 5115 2771 5190 Ethiopas.

2633 5228 2966 5299 AGG/EUS,
3002 5233 3071 5290 Χ.

2135 5311 2262 5369 Fuit
2293 5315 2397 5372 iste
2429 5328 2550 5388 post
2582 5323 2980 5391 captivitatem,
3015 5341 3137 5381 cum
3171 5331 3405 5399 populus
3437 5331 3636 5386 Hieru-

2065 5405 2236 5460 salem
2265 5407 2543 5475 rediisset,
2581 5409 2726 5464 Darii
2784 5416 2930 5486 regis
2978 5432 3124 5473 anno
3153 5422 3414 5483 secundo.
3447 5439 3636 5480 mense

2063 5505 2236 5552 sexto.
2277 5497 2478 5556 Factus
2517 5513 2600 5557 est
2629 5512 2810 5558 autem
2853 5523 3037 5562 sermo
3079 5508 3292 5565 Domini
3351 5513 3406 5567 in
3467 5529 3634 5571 manu

2061 5588 2256 5657 ipsius,
2287 5592 2730 5664 vaticinatusque
2769 5605 2855 5654 est
2888 5598 3233 5665 Zorobabeli,
3275 5613 3330 5660 et
3377 5605 3505 5663 Iesu
3538 5608 3657 5667 Jo-I

2061 5681 2239 5735 sedeci
2299 5682 2433 5748 ﬁlio,
2485 5687 2796 5758 populoque
2843 5690 2946 5759 ipsi
3002 5692 3069 5746 de
3127 5685 3655 5771 Hierosolymorumi

2053 5859 2131 5915 De
2171 5862 2380 5916 civitate
2410 5861 2526 5928 Dei,
2559 5865 2654 5920 lib.
2684 5881 2840 5932 xvm,
2872 5883 2900 5922 e
2954 5869 3043 5926 Η.

2127 5932 2200 5997 (Ξ)
2245 5932 2382 5988 Edit.
2413 5932 2645 5991 Curterii
2671 5937 2908 6006 χιμῶνος
2937 5940 3118 6001 habet.
3159 5941 3313 5999 Eutr.
3349 5943 3590 6002 Pnnon.
