4100 6510
450 501 589 558 1267

1138 497 1409 555 EUSEBII
1445 492 1925 556 CESARIENSIS
1962 488 2119 548 OPP.
2161 490 2344 549 PARS
2379 490 2540 550 111.-
2570 490 2983 550 EXEGETICA.

3554 493 3691 549 ηδε

446 624 869 688 instauratione,
903 621 971 677 de
1014 623 1333 679 umbrarum
1368 624 1497 680 item
1531 623 1795 690 transitu,
1842 621 2006 693 deque

2118 618 2249 689 περὶ
2271 620 2369 689 τῆς
2399 618 2688 689 οἰκοδομῆς
2713 620 2813 688 τῆς
2855 616 3228 689 Ἰερουσαλήμ·
3270 616 3603 688 προφητεύει
3634 616 3690 670 δὲ

447 719 690 789 gentium
714 716 1023 772 vocatione.

691 891 1086 948 ZACHARIAS
1124 892 1353 949 SADDO
1392 892 1649 962 FILIUS,
1687 891 1780 948 XI.

514 982 857 1039 Vaticinatus
878 991 963 1040 est
990 993 1044 1040 et
1065 985 1166 1040 iste
1183 999 1325 1039 anno
1356 983 1498 1039 Darii
1524 986 1787 1048 secundo,
1814 1000 2020 1042 mense-

444 1091 549 1146 que
561 1088 755 1133 octavo
779 1076 958 1132 factus
983 1084 1066 1133 est
1084 1092 1268 1133 sermo
1286 1075 1499 1132 Domini
1524 1078 1590 1132 ad
1615 1077 1792 1147 ipsum
1814 1097 1827 1133 :
1851 1079 1906 1133 in
1926 1094 2020 1134 eo-

443 1183 551 1238 que
566 1167 783 1225 Domini
800 1170 1016 1225 locutus
1032 1176 1116 1225 cst
1144 1170 1392 1240 angelus.
1422 1168 1621 1242 Dirigit
1640 1185 1805 1240 porro
1831 1171 1897 1225 ad
1923 1186 2013 1242 pa-

444 1268 559 1318 tres
578 1260 916 1318 Hierusalem
936 1262 1178 1318 visiones
1210 1276 1341 1317 suas
1361 1277 1499 1332 quas
1522 1262 1725 1318 multas
1751 1278 1815 1316 ac
1836 1264 2018 1318 varias

441 1357 613 1413 videt.
644 1356 871 1413 Disserit
897 1364 1078 1411 autem
1103 1356 1315 1427 prolixa
1338 1355 1587 1412 oratione
1615 1356 1683 1412 de
1716 1355 2015 1421 Salvatore,

439 1461 496 1508 et
522 1452 795 1522 signiﬁcat
819 1448 1072 1505 eumdem
1100 1449 1270 1505 asinae
1306 1448 1536 1519 ejusque
1583 1451 1733 1520 pullo
1774 1450 2018 1505 insiden-

438 1551 549 1600 tem
582 1552 874 1601 venturum
909 1557 1052 1597 esse.

931 1631 1329 1687 MALACHIAS
1349 1672 1363 1697 ,
1404 1630 1522 1685 XII.

509 1724 637 1781 Fuit
666 1734 721 1781 et
764 1725 870 1781 iste
915 1727 1080 1781 etiam
1126 1733 1249 1795 post
1293 1724 1667 1794 captivitatem
1722 1721 1887 1777 Dario
1931 1738 2017 1778 rc-

436 1824 656 1885 gnante.
694 1814 1040 1870 Vaticinatur
1072 1823 1253 1871 autem
1289 1814 1717 1884 assumptionem
1742 1815 2016 1869 sermonis

436 1892 650 1962 Domini
679 1907 734 1962 in
765 1923 928 1962 manu
962 1906 1138 1977 angeli
1170 1906 1252 1961 sui
1286 1949 1299 1962 .
1334 1907 1390 1961 in
1421 1922 1529 1977 qua
1559 1905 2012 1977 arguitlsraelem

437 1999 940 2071 transgressionum
972 1999 1211 2062 nomine,
1237 2007 1292 2054 et
1318 2008 1563 2063 accusat,
1593 1999 1737 2069 quod
1771 1999 2013 2054 decima-

372 2120 377 2125 ο
435 2108 559 2147 rum
590 2100 645 2148 et
671 2104 974 2162 pauperum
997 2082 1185 2146 curam
1211 2106 1321 2146 non
1338 2092 1556 2147 habeat.
1590 2090 1823 2147 Disserit
1846 2092 2011 2148 etiam

433 2182 505 2238 de
560 2182 649 2238 die
697 2182 933 2254 judicii,
978 2184 1046 2239 de
1106 2181 1408 2238 Salvatoris
1467 2183 1777 2254 splendore,
1838 2181 2014 2253 deque

434 2273 567 2335 Elite
598 2282 725 2334 ante
753 2275 875 2346 ejus
907 2275 1202 2330 adventum
1231 2273 1514 2331 missione.

851 2528 1073 2586 ISAIAS
1114 2529 1342 2585 FILIUS
1379 2528 1589 2583 AMOS.

502 2621 610 2677 Iste
641 2629 696 2675 et
720 2620 860 2677 Osee
895 2621 1059 2693 (sicut
1083 2637 1114 2676 a
1146 2637 1233 2676 me
1260 2620 1468 2675 dictum
1493 2629 1574 2675 est
1601 2620 1783 2689 antea)
1814 2619 2006 2675 iisdem

433 2710 739 2767 ﬂoruerunt
770 2713 1131 2783 temporibus.
1172 2710 1321 2765 Vixit
1353 2712 1500 2766 enim
1554 2711 1645 2765 hic
1685 2709 1836 2775 Ozia,
1882 2709 2009 2765 Joa-

435 2805 642 2868 tbamo,
674 2804 917 2867 Achazo,
950 2812 1004 2859 et
1031 2803 1265 2859 Ezecbia
1293 2802 1493 2859 Iudaeae
1538 2819 1764 2873 regnum
1814 2810 2007 2857 tenen-

434 2895 601 2951 tibus.
633 2893 915 2949 Visionem
948 2903 1131 2950 autem
1161 2894 1415 2957 intuitus,
1448 2893 1779 2947 vaticinatus
1808 2902 1889 2947 est
1913 2890 2010 2945 ad-

430 3001 627 3041 versus
687 2984 929 3040 Iudaeam
989 2995 1041 3041 et
1091 2984 1458 3040 Hierusalem.
1501 2984 1702 3039 Factus
1763 2992 1848 3040 est
1880 2999 2009 3039 vero

431 3094 618 3134 sermo
644 3077 866 3133 Domini
899 3077 967 3132 ad
1004 3078 1185 3148 ipsum
1218 3079 1473 3148 bonaque
1504 3078 1677 3147 ipsius
1711 3078 2008 3149 prepbetia:

434 3184 565 3240 pars
595 3170 825 3225 nuntius
843 3176 927 3224 est
957 3168 1181 3240 quidam
1213 3169 1280 3225 de
1309 3169 1469 3225 Verbi
1497 3170 1589 3225 Dei
1617 3171 1876 3234 adventu,
1913 3170 2008 3225 de-

2119 710 2212 764 xa‘t
2245 710 2374 782 περὶ
2402 713 2500 782 τῆς
2533 709 2912 781 παρελεύαεως
2942 708 3052 763 τῶν
3083 708 3270 774 σκιῶν,
3306 716 3401 765 καὶ
3433 710 3561 779 περὶ
3592 711 3689 779 τῆς

2118 802 2362 875 κλήσεως
2398 801 2505 856 τῶν
2535 800 2719 855 ἐθνῶν.

2184 872 2221 891 ’”
2421 892 2761 945 ΖΑΧΑΡΙΑΣ
2800 892 2957 946 ΥιοΣ
2993 890 3233 953 sane,
3272 892 3375 947 ιε’.

2188 984 2299 1037 Kal.
2329 978 2480 1048 οὗτος
2510 983 2589 1055 τῷ
2631 984 2868 1058 δευτέρῳ
2910 984 3019 1038 ἑτει
3064 982 3288 1057 Δαρείου
3331 982 3684 1057 προφητεύει.

2132 1078 2290 1132 Ἀλλά
2334 1076 2411 1149 τῷ
2451 1078 2620 1148 ὀγδόῳ
2666 1078 2796 1149 μηνὶ
2836 1076 2992 1147 λόγος
3040 1077 3244 1150 Κυρίου
3290 1078 3505 1151 ἐγένετο
3553 1077 3690 1151 πρὸς

2118 1169 2300 1234 αὑτὸν,
2331 1169 2426 1223 καὶ
2451 1169 2677 1238 ἄγγελος
2708 1169 2911 1240 Κυρίου
2934 1168 3111 1224 ὲλάλει
3142 1171 3199 1222 ὲν
3231 1169 3401 1240 αὐτῷ,
3427 1168 3522 1222 καὶ
3559 1186 3691 1240 προ-

2120 1258 2341 1329 φητεύει
2374 1259 2510 1330 πρὸς
2552 1261 2679 1325 τοὺς
2715 1260 2999 1333 πατέρας,
3039 1262 3133 1314 καί⁹
3173 1261 3272 1332 τὴν
3315 1261 3685 1333 Ἰερουσαλήμ.

2118 1348 2327 1413 Πολλὰς
2358 1349 2414 1403 δὲ
2441 1350 2535 1403 καὶ
2577 1350 2825 1414 ποικίλας
2863 1351 3082 1423 ὁράσεις
3109 1352 3317 1423 βλέπει,
3346 1355 3441 1408 καί
3473 1371 3687 1425 προφη-

2117 1439 2262 1493 τεύει
2292 1442 2421 1513 περὶ
2457 1441 2550 1495 τοῦ
2584 1442 2836 1514 Σωτῆρος
2866 1444 2956 1500 διὰ
2991 1444 3237 1508 πολλῶν,
3273 1447 3368 1499 καὶ
3409 1446 3688 1517 σημαίνων

2118 1532 2278 1587 αὐτὸν
2302 1532 2556 1604 ἔρχεσθαι
2588 1534 2680 1587 ἐπὶ
2715 1534 2832 1589 ὄνον
2862 1536 2957 1589 καὶ
2991 1536 3175 1589 πῶλον
3208 1535 3528 1606 ὑποζυγίου.

2638 1628 2999 1682 ΜΑΛΑΧΙΑΣ
3018 1669 3033 1693 ,
3068 1629 3167 1682 ΙΒ’.

2185 1717 2295 1770 Καὶ
2344 1708 2499 1781 οὗτος
2558 1717 2696 1789 μετά
2747 1718 2845 1789 τὴν
2900 1720 3278 1791 αἰχμαλωσίαν
3328 1721 3550 1790 γέγονεν
3598 1720 3689 1774 ἐπὶ

2114 1807 2337 1880 Δαρείου
2425 1810 2618 1882 λῆμμα
2647 1810 2705 1864 δὲ
2732 1812 2890 1881 λόγου
2933 1805 3139 1885 Κυρίου
3179 1818 3237 1869 ὲν
3266 1816 3409 1887 χειρὶ
3455 1815 3688 1884 ἀγγέλου

2117 1898 2279 1951 αὑτοῦ
2322 1899 2416 1954 ἐπὶ
2441 1900 2535 1955 τὸν
2573 1901 2788 1974 Ἰσραὴλ
2818 1904 3167 1975 προφητεύει.
3216 1904 3491 1969 Ὀνειδίξει
3517 1906 3572 1959 δὲ
3598 1903 3706 1961 τὸν⁴

2126 1990 2341 2062 Ἰσραὴλ
2368 1991 2460 2044 ἐπὶ
2487 1996 2608 2056 ταῖς
2638 1993 2979 2065 παραϐάσεσι
3000 2034 3014 2059 ,
3061 1996 3156 2049 καὶ
3180 1998 3454 2068 μέμφεται
3488 1998 3578 2051 ἐπὶ
3620 2000 3688 2071 τῇ

2112 2081 2341 2156 ἀμελείᾳ
2363 2083 2473 2137 τῶν
2498 2084 2772 2151 δεκάτων,
2809 2088 2903 2141 καὶ
2949 2087 3050 2158 τῆς
3082 2087 3219 2159 πρὸς
3265 2089 3393 2150 τοὺς
3442 2090 3689 2159 πτωχοὺς

2112 2174 2414 2238 κοινωνίας·
2458 2176 2787 2249 προφητεύει
2818 2177 2874 2231 δὲ
2909 2177 3157 2250 περὶτῆς
3198 2179 3407 2251 ἡμέρας
3437 2179 3535 2250 τῆς
3564 2178 3687 2251 κρί-

2114 2284 2286 2331 σεως,
2330 2268 2425 2324 καὶ
2467 2269 2569 2339 τῆς
2619 2270 2713 2323 τοῦ
2746 2271 2996 2343 Σωτῆρος
3029 2271 3407 2342 ἐπιλάμψεως,
3446 2273 3541 2326 καὶ
3584 2273 3691 2345 πρὸ

2111 2362 2209 2431 τῆς
2233 2362 2532 2433 παρουσίας
2550 2363 2643 2416 τοῦ
2669 2364 2919 2436 Σωτῆρος
2946 2364 3365 2419 ἀποστέλλεσθαι
3391 2365 3481 2419 τὸν
3506 2363 3688 2419 Ἠλίαν

2115 2452 2391 2521 σημαίνει.

2552 2546 2802 2598 ΗΣΑῙΑΣ
2840 2546 2996 2599 ΥΙΟΣ
3034 2547 3241 2599 ΑΜΩΣ.

2184 2627 2352 2699 Οὗτος
2386 2634 2481 2688 καὶ
2527 2636 2717 2706 Ὠσηὲ,
2761 2636 2903 2690 καθὰ
2953 2641 3248 2708 προεῖπον,
3291 2637 3691 2708 συνεχρόνησαν

2112 2725 2395 2798 ἀλλήλοις·
2434 2726 2529 2780 καὶ
2569 2727 2678 2799 γὰρ
2725 2728 2818 2782 καὶ
2852 2722 3006 2792 οὗτος
3045 2729 3138 2783 ἐπὶ
3172 2729 3368 2794 Ὀζίου,
3409 2729 3500 2783 καὶ
3547 2729 3689 2782 Ἰωα-

2112 2818 2243 2889 θάμ,
2274 2819 2369 2872 καὶ
2402 2817 2600 2889 Ἀχάζ,
2634 2818 2730 2872 καὶ
2770 2819 3009 2889 Ἔζεχίου
3056 2819 3316 2890 βασιλέων
3355 2820 3553 2885 Ἰούδα,
3593 2819 3687 2889 γέ-

2112 2926 2302 2978 γονεν’
2339 2910 2530 2981 ὅρασιν
2576 2909 2634 2963 δὲ
2684 2909 2943 2980 ἑωρακὼς
3021 2911 3351 2983 προφητεύει
3402 2912 3546 2966 κατά
3587 2911 3689 2983 τῆς

2121 3000 2402 3066 Ἰουδαίας,
2434 3001 2527 3056 καὶ
2563 3001 2703 3055 κατὰ
2744 3002 3113 3074 Ἰερουσαλήμ.
3160 3004 3271 3057 Καὶ
3309 3002 3463 3072 λόγος
3487 3003 3545 3057 δὲ
3576 3004 3690 3057 Κυ-

2116 3093 2228 3165 ρίου
2263 3093 2400 3165 πρὺς
2435 3093 2596 3147 αὐτὸν
2633 3094 2824 3163 γέγονε
2844 3111 2858 3125 ’
2897 3094 2992 3148 καὶ
3034 3095 3095 3148 τὸ
3128 3095 3377 3149 πλεῖστον
3414 3094 3513 3165 τῆς
3550 3108 3689 3167 προ-

2111 3183 2338 3256 φητείας
2371 3184 2538 3239 αὐτοῦ
2590 3187 2738 3239 ἐστιν
2771 3185 3063 3253 εὐαγγελία
3117 3187 3243 3257 περί
3278 3185 3378 3255 τῆς
3422 3183 3687 3255 ὲνσάρκου

433 3276 542 3331 que
576 3260 645 3314 iis
678 3277 799 3332 quae
819 3270 1012 3317 nostro
1042 3263 1265 3318 nomine
1296 3279 1492 3333 passus
1523 3272 1627 3320 est.
1665 3260 2006 3319 Vaticinatur

2115 3277 2416 3347 παρουσίας
2445 3276 2539 3330 τοῦ
2589 3277 2763 3347 Λόγου
2797 3276 2891 3330 τοῦ
2921 3277 3086 3340 Θεοῦ,
3128 3277 3221 3331 καὶ⁵
3257 3270 3332 3330 ὧν
3360 3277 3426 3331 ἂν
3472 3276 3688 3342 ἐδέξατο

432 3357 615 3404 autem
644 3348 712 3404 de
743 3350 1000 3420 gentibus
1046 3367 1169 3421 qum
1212 3359 1520 3424 sequuntur
1553 3372 1566 3408 :
1602 3354 1866 3410 adversus
1900 3355 1970 3409 Ba

430 3439 710 3511 bylonem;
734 3440 789 3495 in
812 3441 1163 3513 alienigenas,
1196 3451 1250 3499 et
1275 3442 1540 3502 adversus
1569 3445 1919 3510 Damascum,
1950 3448 2002 3500 in

434 3528 750 3601 Egyptum,
800 3532 856 3587 in
898 3531 1215 3596 Idumaeam,
1262 3532 1317 3587 in
1354 3534 1550 3589 vallem
1584 3534 1790 3600 Sionis,
1824 3537 1879 3590 in
1906 3536 2006 3607 Ty-

427 3639 575 3692 rum,
609 3632 733 3695 post
773 3640 897 3696 qua:
931 3627 1182 3697 sequitur
1210 3627 1353 3683 visio
1387 3628 1824 3700 quadrupedum,
1883 3644 2006 3700 quae

430 3724 561 3772 sunt
590 3717 643 3772 in
683 3733 891 3773 eremo.
933 3717 1134 3773 Narrat
1163 3728 1217 3775 et
1255 3720 1648 3777 Sennacberim
1698 3722 2004 3793 expeditio-

426 3825 574 3874 nem,
620 3818 675 3865 et
707 3811 970 3881 Rapsaca
1006 3812 1387 3882 jactationem,
1422 3814 1877 3887 excidionemque
1907 3832 2002 3872 eo-

426 3914 572 3960 rum,
604 3906 659 3954 et
688 3899 990 3956 interitum.
1008 3901 1172 3956 Addit
1189 3910 1243 3956 et
1267 3902 1509 3959 Ezechiae
1541 3906 1813 3970 morbum,
1835 3915 2006 3976 utque

429 3988 590 4042 morti
634 3988 938 4058 proximus,
972 3989 1110 4046 l‘usis
1143 3991 1211 4046 ad
1242 3990 1412 4048 Deum
1436 3995 1717 4064 precibus,
1751 3996 1807 4051 in
1837 3997 2003 4066 quin-

432 4082 606 4143 decim
665 4097 841 4139 annos
864 4082 987 4138 vita:
1035 4083 1141 4138 sibi
1171 4086 1614 4155 prorogationem
1665 4086 2001 4157 impetravit.

435 4171 778 4229 Vaticinatur
809 4190 972 4245 porro
1002 4175 1296 4241 eunuchis,
1325 4184 1379 4234 et
1420 4178 1697 4248 gentibus,
1728 4178 1913 4234 addito
1935 4179 2003 4234 ad

431 4266 593 4319 ﬁnem
622 4264 728 4320 dici
750 4265 978 4335 judicio.

704 4355 1080 4413 HIEREMIAS
1116 4356 1436 4414 CHELCIJE
1475 4358 1725 4425 FILIUS,

977 4448 1026 4503 E
1051 4450 1432 4506 sacerdotibus.

498 4539 627 4606 Iste,
657 4541 805 4611 quod
830 4541 982 4611 prius
1015 4542 1149 4611 dixi,
1184 4551 1238 4598 et
1267 4542 1601 4614 Sophonias,
1627 4544 1821 4600 iisdem
1852 4547 2001 4602 vixe-

2112 3365 2178 3418 δι⁹
2212 3368 2359 3439 ἡμᾶς
2393 3365 2601 3421 παθών.
2631 3367 2969 3437 Προφητεύει
2992 3366 3049 3420 δὲ
3079 3369 3172 3421 καὶ
3199 3368 3291 3420 ἐπὶ
3323 3366 3450 3437 ἔθνη
3477 3365 3647 3420 ταῦτα
3668 3381 3684 3398 ⁸

2116 3459 2253 3513 κατὰ
2305 3458 2623 3523 Βαϐυλῶνος
2645 3501 2661 3526 ,
2707 3461 2799 3514 ἰπὶ
2838 3460 2967 3524 τοὺς
3004 3459 3364 3528 ἀλλοφύλους,
3407 3459 3550 3514 κατά
3581 3461 3686 3512 Δα-

2118 3551 2351 3620 μασκοῦ,
2385 3552 2578 3624 ὅρασιν
2622 3551 2931 3623 Αἰγύπτου,
2980 3554 3164 3624 ὅραμα
3206 3551 3307 3621 τῆς
3347 3550 3684 3622 Ἰδουμαίας,

2111 3645 2293 3717 ὅραμα
2328 3648 2429 3717 τῆς
2470 3646 2754 3716 φάραγγος
2803 3644 2975 3710 Σιὼν,
3031 3646 3214 3716 ὅραμα
3244 3644 3455 3716 Τύρου,
3498 3645 3685 3715 ὅρασιν

2111 3739 2220 3793 τῶν
2246 3738 2591 3811 τετραπόδων
2634 3739 2740 3792 τῶν
2761 3741 2818 3793 ὲν
2849 3741 2915 3810 τῇ
2953 3740 3049 3810 ὲρή
3060 3757 3167 3810 μῳ.
3195 3739 3475 3808 Διηγεῖται
3504 3737 3562 3790 δὲ
3590 3735 3688 3789 καὶ

2110 3834 2209 3904 τὴν
2234 3831 2420 3901 ἔφοδον
2466 3832 2852 3903 Σεμναχηρεὶμ
2874 3872 2888 3895 ,
2922 3831 3017 3885 καὶ
3051 3830 3320 3898 Ῥαψάκου
3348 3829 3447 3900 τὴν
3488 3826 3684 3892 ἀλαζο-

2111 3925 2249 3988 νίαν,
2279 3924 2378 3996 τήν
2411 3939 2471 3976 τε
2518 3923 2727 3976 πτῶσιν
2771 3925 2865 3977 καὶ
2915 3922 3191 3977 ἀπώλειαν
3225 3921 3434 3976 αὐτῶν·
3472 3923 3564 3976 καὶ
3602 3921 3685 3975 ὅτι

2111 4018 2340 4088 νοσήσας
2378 4015 2656 4080 Ἑζεκίας,
2694 4016 2788 4069 καὶ
2837 4015 3043 4086 μέλλων
3091 4013 3492 4086 ἀποθνήσκειν,
3523 4011 3686 4078 εὐξά-

2114 4125 2274 4179 μενος
2303 4105 2622 4179 προσθήκην
2650 4106 2807 4178 ἔσχεν
2839 4106 2974 4160 ἑτῶν
2999 4106 3314 4161 δεκαπέντε.
3344 4104 3684 4178 Προφητεύει

2110 4200 2165 4253 δὲ
2198 4199 2292 4253 καὶ
2320 4197 2628 4269 εὐνούχοις,
2662 4199 2760 4253 καὶ
2785 4203 2896 4265 τοίς
2920 4180 3098 4253 ἔθνεσι
3148 4200 3208 4253 ὲν
3249 4197 3329 4270 τῷ
3373 4198 3516 4253 τέλει
3554 4197 3685 4270 περί⁵

2108 4292 2208 4362 τῆς
2238 4289 2450 4363 ἡμέρας
2483 4290 2586 4360 τῆς
2617 4291 2870 4364 κρίσεως.

2419 4382 2746 4436 ῙΕΡΕΜΙΑΣ
2800 4384 2842 4437 0
2882 4383 3020 4436 ΤΟΥ
3055 4382 3385 4448 ΧΕΛΧΙΟΥ,

2650 4474 2746 4527 Ἐκ
2777 4473 2896 4527 τῶν
2925 4473 3147 4542 ἱερέων.

2182 4560 2372 4631 Οὗτος,
2402 4565 2547 4620 καθὰ
2572 4568 2851 4637 προεῖπον,
2885 4566 2981 4619 καὶ
3014 4565 3274 4635 Σοφονίας
3298 4565 3684 4638 συνεχρόνισαν

426 4641 556 4688 runt
610 4634 971 4703 temporibus,
1035 4635 1129 4690 sed
1185 4637 1389 4691 mansit
1435 4635 1739 4693 Hieremias
1780 4637 1847 4692 ad
1883 4637 2005 4695 Joa-

2113 4660 2321 4721 ἑαυτοῖς
2340 4673 2355 4688 ο
2391 4634 2691 4729 παρέμείνε
2724 4656 2783 4710 δὲ
2814 4648 2969 4720 οὗτος
3004 4634 3109 4722 ἕως
3151 4634 3547 4728 Ἰωακείμξκαὶ
3577 4658 3682 4721 ἕως

424 4725 628 4783 cimum
668 4742 861 4797 usque,
893 4735 948 4783 et
982 4728 1330 4784 undecimum
1365 4728 1606 4786 Sedecia:
1653 4730 1824 4808 Iudae
1855 4733 2002 4803 regis

426 4829 653 4881 annum,
706 4816 758 4871 id
793 4824 878 4874 est
909 4818 976 4872 ad
1024 4820 1209 4890 populi
1240 4836 1417 4891 usque
1449 4823 1841 4892 captivitatem.
1898 4822 2003 4878 Fa-

426 4915 575 4963 ctum
599 4916 684 4965 est
710 4918 893 4966 autem
938 4913 1164 4968 verbum
1201 4914 1417 4969 Domini
1457 4916 1526 4971 ad
1555 4932 1702 4984 eum,
1732 4926 1787 4973 et
1816 4918 2003 4974 multis

428 4998 928 5074 Hierosolymorum
953 5004 1272 5076 iniquitates
1304 5009 1505 5079 arguit,
1539 5009 1714 5081 deque
1759 5012 1917 5082 ipsis,
1952 5019 2005 5067 et

428 5090 496 5148 dc
522 5093 771 5149 siccitate
807 5096 1141 5154 vaticinatus
1170 5110 1276 5155 est.
1321 5098 1582 5156 Praulixit
1621 5104 1749 5161 item
1778 5105 1847 5160 de
1878 5105 2004 5160 Ela-

430 5187 583 5245 mitis
609 5190 887 5259 gentibus,
939 5189 1164 5262 foreque
1197 5201 1254 5247 ut
1284 5193 1557 5265 .‘Egyptus
1590 5211 1620 5249 a
1670 5214 1798 5268 rege
1827 5197 2005 5270 Baby-

427 5281 577 5336 lonio
602 5284 1037 5349 esscinderetur.
1069 5287 1293 5343 Addidit
1318 5296 1374 5343 et
1412 5290 1753 5361 prophetiam
1806 5293 1860 5347 in
1900 5291 2003 5346 Ba-

428 5375 703 5445 bylonem,
735 5385 789 5432 et
820 5393 1130 5433 sermonem
1162 5395 1323 5453 quem
1358 5380 1552 5436 habuit
1572 5380 1731 5451 jussu
1762 5381 2000 5447 Domini,

428 5469 496 5523 ad
529 5467 774 5525 Saraiam
806 5471 982 5527 Nerize
1034 5474 1228 5537 lilium,
1274 5475 1343 5530 ad
1386 5474 1701 5539 Idumzeam,
1753 5475 1823 5529 ad
1863 5475 2002 5531 ﬁlios

316 5626 319 5635 ί
430 5559 686 5625 Ammon,
718 5571 772 5619 et
796 5564 863 5619 ad
887 5563 1066 5620 Cedar
1088 5567 1330 5637 reginam
1360 5567 1500 5621 aulae
1530 5582 1695 5638 quam
1727 5568 2003 5638 percussit

428 5649 901 5719 Nabugodonosor
931 5673 1022 5713 rex
1065 5658 1382 5729 Babylonis.
1434 5658 1746 5730 Alloquitur
1788 5670 1842 5716 et
1891 5660 2000 5716 Da-

429 5758 697 5807 mascum,
716 5756 770 5800 et
800 5746 959 5801 Moab
987 5759 1040 5804 et
1065 5747 1425 5814 Hierusalem,
1454 5760 1508 5805 et
1542 5748 1763 5816 Judam,
1792 5759 1848 5807 et
1870 5748 2005 5807 Bhe-

432 5833 739 5890 cabitarum
775 5838 1061 5904 familiam,
1095 5849 1150 5896 et
1193 5841 1430 5896 filiorum
1475 5839 1749 5908 Jonadab,
1795 5854 1851 5902 et
1905 5843 2004 5900 Ju-

434 5923 605 5987 dzcos,
652 5927 744 5999 qui
820 5934 1020 5983 terram
1075 5928 1315 6001 Egypti,
1371 5931 1463 6001 qui
1519 5932 1844 6003 Magdalum,
1908 5937 2001 6007 qui

2106 4752 2390 4806 ἑνδεκάτου
2417 4750 2571 4814 ἔτους
2590 4750 2837 4804 Σεδεκίου
2867 4749 3128 4820 βασιλέως
3143 4752 3330 4817 Ἰούδα,
3350 4751 3457 4815 ἕως
3483 4754 3683 4823 αἰχμα-

2105 4843 2308 4906 λωσίας
2333 4839 2428 4895 τοῦ
2456 4841 2608 4896 λαοῦ.
2651 4842 2746 4912 Ῥἧ
2755 4859 2828 4913 μα
2847 4842 2906 4895 δὲ
2930 4842 3065 4896 Θεοῦ
3090 4842 3305 4911 ἐγένετο
3334 4844 3471 4915 πρὸς
3493 4844 3679 4909 αὐτὸν,

2104 4933 2179 4996 ὼς
2225 4932 2484 5003 ἐγεννήθη
2533 4931 2689 5000 λόγος
2715 4930 2919 5001 Κυρίου
2951 4930 3087 5003 πρὸς
3122 4930 3283 4985 αὐτόν
3305 4948 3318 4962 ·
3344 4932 3438 4985 καὶ
3470 4930 3680 5002 ἐλέγχει

2104 5023 2204 5087 τάς
2249 5023 2462 5087 ἀδικίας
2508 5022 2606 5094 τῆς
2645 5022 2999 5093 Ἰερουσαλὴμ
3041 5021 3130 5075 διὰ
3181 5022 3418 5076 πολλῶν
3463 5040 3679 5094 προφη-

2104 5115 2251 5168 τεύει
2292 5114 2349 5168 δὲ
2390 5115 2480 5167 ὲπί
2514 5114 2899 5186 Ἰερουσαλὴμ,
2926 5114 3020 5166 καὶ
3064 5114 3192 5184 περὶ
3239 5114 3341 5184 τῆς
3378 5112 3674 5183 ἀόροχίαςο

2106 5208 2197 5260 καὶ
2224 5207 2314 5258 ἐπὶ
2343 5206 2414 5260 τά
2444 5205 2570 5277 ἔθνη
2594 5206 2776 5277 Αίλάμ
2815 5206 2908 5259 καὶ
2932 5203 3039 5265 τοῦ,
3052 5203 3228 5257 ἐλθεῖν
3256 5203 3476 5275 βασιλέα
3504 5202 3683 5258 Βαϐυ-

2104 5300 2306 5362 λῶνος,
2353 5297 2447 5352 τοῦ
2496 5298 2724 5369 ἐκκόψαι
2785 5297 2886 5369 τὴν
2937 5297 3043 5367 γῆν
3085 5297 3393 5365 Αἰγύπτου·
3442 5297 3535 5350 καὶ
3588 5296 3681 5347 ἐπὶ

2111 5390 2434 5445 Βαϐυλῶνα·
2491 5390 2585 5445 καὶ
2658 5390 2850 5459 λόγος,
2913 5390 2971 5443 ὃν
3004 5389 3306 5443 ἐνετείλατο
3346 5387 3551 5460 Κύριος
3604 5386 3680 5457 τῷ

2115 5485 2355 5559 Ἱερεμίᾳ
2404 5485 2577 5537 εἰπεῖν
2616 5482 2693 5555 τῷ
2739 5481 2948 5555 Σαραία
2996 5481 3097 5552 υἱῷ
3155 5481 3398 5553 Νηρίου,
3456 5482 3550 5536 καὶ
3609 5482 3674 5551 τῇ

2119 5573 2390 5646 Ἰδουμαίᾳ
2416 5615 2433 5640 ,
2474 5573 2568 5627 καὶ
2599 5575 2711 5637 τοῖς
2763 5573 2897 5636 υἱοῖς
2934 5570 3192 5643 Ἀμμὼν,
3234 5571 3329 5623 καὶ
3373 5573 3438 5641 τῇ
3488 5569 3680 5641 Κηδάρ

2110 5666 2396 5739 βασιλίσσῃ
2445 5665 2543 5737 τῆς
2580 5665 2748 5737 αὐλῆς
2768 5705 2782 5730 ,
2826 5665 2893 5734 ἢν
2933 5663 3167 5728 ἐπάταξε
3211 5661 3679 5742 Ναόουχρδονόσορ

2110 5756 2357 5829 βασιλεὺς
2379 5754 2714 5818 Βαὸυλῶνος,
2737 5755 2831 5807 καὶ
2855 5756 2920 5825 τῇ
2952 5750 3248 5825 Δαμασκῷ,
3271 5752 3364 5805 καὶ
3384 5754 3450 5821 τῇ
3478 5747 3675 5813 λὶωὲὸ,

2109 5848 2200 5901 καὶ
2231 5845 2323 5899 ἐπὶ
2359 5844 2732 5916 Ἰερουσαλὴμ,
2761 5844 2854 5898 καὶ
2887 5845 2980 5897 ἐπὶ
3035 5842 3258 5907 Ἰούδαν,
3297 5841 3390 5894 καὶ
3420 5841 3500 5905 εἰς
3529 5834 3676 5892 οἶκον

2121 5934 2436 6006 Ῥηχαϐεὶμ,
2472 5935 2566 5990 καὶ
2617 5935 2722 5990 τῶν
2766 5935 2894 5990 υἱῶν
2949 5932 3199 5989 Ἰωναδάϐ
3222 5972 3239 5999 ,
3286 5934 3398 5995 τοῖς
3438 5948 3497 5984 τε
3539 5932 3671 5984 Ἰου-
