4100 6438
369 441 509 497 1269

1563 438 1659 493 ΒΕ
1695 439 1872 495 VITIS
1910 439 2452 499 PROPHETARUM.

3492 441 3625 495 I27d

366 559 566 623 δαίοις,
600 561 713 623 τοίς
758 559 1106 613 κατοικοῦσιν
1133 559 1191 613 ἐν
1229 562 1298 630 γῇ
1349 559 1651 628 Αἰγύπτουο
1688 560 1780 614 καὶ
1830 563 1941 624 τοῖς
1971 616 1972 621 η

2079 561 2326 634 'aphnas,
2375 565 2579 636 quique
2642 562 2912 621 Patnures
2954 563 3233 635 regionem
3279 561 3622 625 incolebant;

372 649 701 721 καθημένοις
734 652 791 703 ἐν
823 649 1098 721 Μαγδάλῳ
1136 650 1231 704 καὶ
1263 651 1354 703 ἐπὶ
1381 649 1601 720 Ταφνᾶς
1621 691 1635 714 ,
1663 651 1755 704 καὶ
1787 652 1845 704 ὲν
1878 654 1948 723 γῇ

2079 655 2265 710 larucli
2288 656 2544 728 denique,
2577 672 2701 711 cum
2728 656 2831 712 ista
2861 655 2931 711 ab
2955 671 3050 711 ore
3072 654 3357 711 Hieremiae
3376 663 3623 725 excepta,

370 742 677 814 Παθουρῆς.
709 742 852 814 Πρός
893 759 956 795 τε
998 741 1089 795 τὸν
1146 742 1379 815 Βαροὺχ,
1437 744 1526 796 ὅτε
1573 742 1779 815 ἔγραψε
1828 744 1953 806 τοὺς

2079 761 2109 798 n
2146 746 2287 801 libro
2319 746 2676 803 describeret.
2712 745 2911 801 Narrat
2945 761 3112 818 porro
3166 747 3269 802 sub
3313 746 3475 802 ﬁnem
3518 759 3630 817 quo

371 834 561 903 λόγους
589 833 813 898 τούτους
838 837 897 888 ὲν
921 832 1000 904 τῷ
1029 833 1216 905 βιϐλίῳ
1243 836 1350 889 ἀπὸ
1378 835 1643 906 στόματος
1666 835 1951 908 Ἰερεμίου.

372 922 622 995 Περιέχει
654 923 712 976 δὲ
762 915 824 976 τδ
856 922 1060 994 βιϐλίον
1107 923 1200 976 ἐπὶ
1244 922 1430 986 τέλους

373 1014 816 1078 ἐπιϐουλεύοντες
844 1014 921 1086 τῷ
953 1016 1227 1089 προφήτῃ,
1255 1015 1485 1089 ἔρριψαν
1519 1016 1681 1071 αὑτὸν
1707 1019 1788 1082 είς
1824 1018 1957 1071 λάκ-

374 1125 468 1162 κον
498 1107 776 1179 βορϐόρου,
795 1107 1226 1179 καὶἈϐδεμέλεχ
1246 1108 1437 1179 Αἰθίοψ
1466 1111 1737 1181 ἀνήγαγεν
1770 1110 1951 1165 αὐτόν.

586 1247 690 1303 Διὰ
716 1248 773 1302 τί
801 1249 1010 1320 Βαροὺχ
1039 1246 1347 1319 ἐπιγράφει
1372 1248 1439 1302 τὸ
1466 1250 1750 1315 ,βιϐλίον;

456 1339 675 1412 Ἐπειδὴ
737 1334 893 1403 οὗτος
939 1340 1158 1410 γράψας
1206 1340 1315 1393 ἀπὸ
1366 1340 1631 1412 στόματος
1686 1341 1954 1413 Ἱερεμίου

373 1431 499 1496 τοὺς
530 1434 587 1485 ὲν
616 1431 691 1503 τῷ
726 1431 912 1503 βιϐλίῳ
942 1431 1134 1502 λόγους
1154 1471 1170 1495 ,
1214 1432 1423 1501 ἀνέγνω
1457 1435 1567 1495 τοῖς
1597 1433 1654 1485 ὲν
1678 1434 1743 1503 τῇ
1775 1432 1953 1486 Βαϐυ-

2056 848 2217 910 pacto
2238 847 2525 910 exceptum
2571 854 2667 910 per
2701 839 2932 895 insidias
2980 838 3300 910 prophetam
3351 838 3408 893 in
3441 852 3631 894 coeno-

1453 966 1466 990 ,
1516 924 1598 978 ὂτι
1629 925 1680 977 οἱ
1712 925 1953 979 Ἰουδαῖοι

2079 948 2180 986 sum
2222 933 2400 986 lacum
2441 931 2796 1002 projecerint,
2833 932 2981 987 unde
3007 939 3090 987 est
3136 947 3233 1001 per
3262 930 3629 987 Abdemelech

2062 1024 2373 1095 Ethiopem
2403 1033 2701 1082 extractus.

2404 1244 2515 1301 Cur
2550 1243 2765 1300 Baruch
2803 1243 2997 1298 librum
3022 1242 3306 1297 inscribit?

2134 1340 2273 1408 Quia
2306 1354 2432 1410 quae
2464 1336 2772 1394 Hieremias
2797 1336 3053 1399 dictarat,
3084 1336 3142 1389 in
3183 1334 3325 1389 libro
3359 1347 3391 1386 a
3436 1348 3496 1387 se
3544 1331 3635 1389 dc-

2060 1435 2272 1505 scripta
2299 1431 2540 1503 captivis
2571 1428 2716 1501 apud
2754 1427 3082 1499 Babylonem
3132 1425 3405 1490 recitavit,
3437 1436 3636 1481 conso-

373 1521 503 1577 λῶνι
537 1524 1039 1595 αίχμαλωτισϐεἶσι,
1078 1523 1571 1596 παραμυθούμενος
1602 1525 1830 1590 αὐτοὺς,
1863 1524 1957 1577 καὶ

2081 1542 2180 1582 ans
2211 1540 2308 1581 eos
2336 1531 2391 1579 et
2416 1522 2609 1577 auxilii
2640 1534 2792 1591 spem
2820 1534 2849 1572 a
2877 1517 2989 1574 Deo
3017 1518 3274 1572 nuntians

374 1616 841 1686 ἐπαγγελλόμενος
864 1616 1049 1679 αὐτοῖς
1071 1618 1172 1687 τὴν
1199 1616 1350 1686 παρά
1377 1615 1513 1669 ε)εοῦ
1548 1615 1757 1669 ἐλπίδα.

585 1710 687 1762 Διὰ
714 1710 771 1762 τί
797 1708 998 1780 Θρῆνοι
1025 1708 1334 1779 ἐπιγράφει
1365 1706 1430 1761 τὸ
1452 1709 1729 1772 βίϐ.ζιον;

460 1800 680 1872 Ἐπειδὴ
706 1802 832 1865 τοὺς
860 1801 1051 1870 λόγους
1089 1800 1312 1863 τούτους
1353 1798 1652 1871 έθρήνησεν
1691 1798 1956 1870 Ἱερεμίας

2254 1704 2430 1769 Quare
2469 1698 2917 1756 Lamentationes
2954 1696 3147 1750 librum
3185 1696 3465 1750 inscribit?

2137 1796 2278 1864 Quia
2311 1795 2501 1851 verbis
2530 1793 2654 1849 istis
2683 1790 3187 1862 Hierosolymorum
3234 1799 3286 1843 et
3340 1789 3522 1859 populi
3547 1789 3638 1857 qui

376 1889 629 1960 περὶτῆς
668 1890 1040 1961 Ἰερουσαλὴμ,
1082 1891 1170 1943 ὅτε
1213 1890 1386 1954 ἑάλω,
1422 1890 1517 1943 καὶ
1554 1889 1957 1961 αἰχμαλωτίσθη

2079 1890 2320 1962 :aptivus
2352 1897 2472 1945 erat
2506 1887 2762 1944 miserias
2786 1886 3119 1942 lamentatus
3148 1895 3254 1941 est.

376 1982 407 2034 ὁ
427 1979 576 2045 λαός.

584 2073 690 2127 Διὰ
718 2074 778 2127 τί
822 2071 1106 2145 Ἐπιστολὴ
1144 2071 1406 2145 Ἰερεμίου
1437 2074 1736 2137 καλεῖται;

463 2163 683 2236 Ἐπειδὴ
738 2166 941 2237 ταύτην
1000 2164 1238 2237 ἔγραψεν
1285 2166 1554 2236 Ἱερεμίας
1614 2169 1727 2230 τοῖς
1789 2168 1847 2219 ὲν
1895 2167 1962 2237 τῇ

378 2256 758 2330 αἰχμαλωσίᾳ,
794 2257 937 2312 κατὰ
968 2257 1075 2311 τῶν
1126 2256 1360 2311 εἰδώλων
1389 2258 1822 2329 ἀσφαλιζόμενος
1869 2258 1965 2311 αύ-

379 2348 539 2412 τοὺς,
594 2350 681 2402 ἵνα
718 2350 812 2421 μὴ,
856 2348 1146 2418 βλέποντες
1197 2348 1371 2416 αὐτὰ,
1420 2349 1808 2421 συναπαχθῶσι
1854 2351 1965 2413 τοῖς

381 2439 695 2514 σεϐομένοις
727 2440 886 2494 αὑτά.

572 2552 914 2606 uersuum
944 2550 1063 2623 (sic)
1106 2551 1262 2605 nos
1302 2551 1503 2607 Borz1
1532 2552 1793 2606 mrces.

455 2657 622 2727 Οὗτος
654 2664 711 2716 ὲν
734 2664 801 2735 τῇ
821 2662 1163 2735 αἰχμαλωσίᾳ
1193 2664 1383 2732 γέγονε
1413 2663 1550 2736 μετά
1584 2663 1852 2735 Ἰερεμίαν
1877 2664 1969 2718 καὶ

380 2753 460 2825 τῷ
490 2752 726 2824 πέμπτῳ
761 2754 869 2807 ἔτει
909 2754 1008 2825 τῆς
1032 2754 1412 2826 αἰχμαλωσίας
1462 2755 1719 2826 Ἰωακεὶμ
1766 2754 1969 2826 ἤρξατο

383 2844 767 2917 προπτεύειν.
824 2847 989 2916 Λόγος
1014 2846 1069 2901 δὲ
1100 2847 1303 2919 Κυρίου
1349 2847 1564 2916 ἐγένετο
1598 2847 1735 2920 πρὸς
1767 2850 1928 2902 αὐτόν
1951 2865 1966 2880 ·

385 2938 479 2992 καὶ
516 2938 704 3008 ὅρασιν
751 2938 847 3008 μὲν
876 2938 1109 3010 ὲξαρχῆς
1156 2937 1295 3003 ζώου
1330 2938 1793 3012 τετραπροσώπου
1841 2938 1969 2995 θαυ-

389 3028 597 3097 μαστὴν
647 3027 740 3080 καὶ
786 3028 1306 3099 ὲκπληκτικωτάτην
1371 3030 1468 3082 καὶ
1538 3029 1973 3109 δυσερμήνευτον

384 3119 506 3189 ὁρᾷ.
529 3118 870 3190 Προφητεύει
913 3120 970 3173 δὲ
1009 3120 1101 3173 ἐπὶ
1142 3121 1258 3184 τοὺς
1286 3121 1570 3192 προφήτας
1600 3120 1696 3174 τοῦ
1736 3121 1971 3193 Ἰσραὴλ,

2365 2063 2476 2120 Cur
2513 2063 2756 2134 Epistola
2785 2061 3076 2118 Hieremiae
3104 2060 3302 2115 dicitur
3322 2063 3348 2116 ?

2141 2158 2282 2225 Quia
2322 2156 2496 2229 ipsam
2536 2154 2761 2225 scripsit
2792 2151 3097 2207 Hieremias
3125 2151 3196 2205 ad
3232 2150 3509 2219 captivum
3547 2161 3646 2218 po-

2070 2250 2290 2321 pulum,
2346 2255 2407 2301 ut
2454 2244 2706 2302 eumdem
2745 2243 3009 2300 adversus
3062 2242 3209 2297 idola
3258 2242 3645 2307 continuaret,

2068 2361 2138 2401 ne
2185 2342 2281 2414 qui
2324 2342 2443 2412 ipsa
2489 2340 2872 2404 intuebantur,
2910 2335 2978 2392 ad
3012 2350 3202 2392 eorum
3244 2334 3487 2398 cultum,
3517 2345 3644 2386 cum

2070 2437 2139 2493 iis
2171 2450 2203 2489 a
2236 2434 2448 2505 quibus
2481 2433 2826 2495 colebantur,
2862 2434 3190 2500 raperentur

2218 2548 2557 2606 EZECHIEL
2593 2546 2754 2606 BUSI
2789 2540 3223 2603 SACERDOTIS
3256 2538 3501 2596 FILIUS.

2146 2663 2269 2719 Fuit
2323 2664 2413 2718 hic
2462 2661 2796 2733 captivitatis
2827 2668 3073 2730 tempore
3119 2665 3245 2730 post
3289 2656 3644 2723 Hieremiam,

2073 2772 2329 2828 annoque
2368 2756 2563 2827 quinto
2599 2753 2831 2810 Joacimi
2869 2752 3204 2824 captivitatis
3254 2749 3420 2821 coepit
3458 2747 3649 2804 vatici-

2076 2851 2220 2907 nari.
2256 2848 2454 2904 Factus
2482 2858 2568 2906 est
2596 2855 2777 2903 autem
2820 2861 3037 2909 sermo,
3074 2842 3217 2898 faeta
3260 2843 3387 2897 item
3430 2839 3646 2895 Domini

2074 2959 2272 2998 manus
2325 2943 2391 2996 ad
2438 2956 2584 3005 eum,
2634 2938 3009 3007 visionemque
3041 2936 3196 2990 initio
3257 2931 3650 3004 quadriformls

2078 3034 2336 3088 animalis
2391 3031 2525 3086 vidit
2582 3029 2887 3084 mirabilem
2944 3027 3287 3095 maximeque
3349 3022 3651 3079 formidan-

2078 3128 2204 3182 dam
2228 3165 2244 3190 ,
2276 3132 2331 3181 et
2367 3122 2739 3195 explicatione
2764 3118 3059 3175 dillicilem.
3093 3116 3439 3172 Vaticinatur
3469 3122 3651 3170 autem

386 3211 626 3281 καὶπερὶ
642 3210 735 3264 τοῦ
756 3210 913 3274 ξύλου
942 3213 1038 3283 τῆς
1060 3212 1329 3283 ἀμπέλου,
1354 3213 1448 3267 καὶ
1463 3212 1707 3284 διήγημα
1733 3212 1971 3286 περὶτοῦ

2082 3220 2138 3273 ἰη
2192 3217 2490 3289 prophetas
2539 3212 2744 3275 Israel,
2787 3212 2966 3283 deque
3005 3211 3156 3283 ligno
3192 3210 3341 3265 vitis.
3385 3207 3550 3263 Addit
3600 3214 3654 3261 et

388 3299 568 3363 ἀετοῦ,
600 3302 693 3353 καὶ
736 3300 1168 3371 διαμαρτύρεται
1230 3303 1287 3375 τῇ
1335 3301 1687 3377 Ἰερουσαλὴμ
1720 3301 1818 3367 τάς
1847 3304 1971 3355 ἀνο-

389 3391 541 3463 μίας,
576 3393 670 3444 mi.
695 3391 793 3454 τάς
826 3393 1098 3463 ἁμαρτίας
1159 3394 1327 3465 αὐτῆς
1349 3411 1361 3424 ·
1412 3393 1540 3464 περί
1564 3412 1624 3449 τε
1664 3395 1760 3465 τῆς
1797 3411 1975 3466 παρα-

389 3482 570 3552 ϐολῆς,
614 3479 681 3557 ἦς
723 3480 927 3549 ἔλεγον,
958 3485 1007 3536 οἱ
1038 3484 1271 3556 πατέρες
1312 3484 1514 3554 ἔφαγον
1533 3485 1778 3558 ὄμφακα,
1804 3487 1897 3539 καὶ
1922 3487 1972 3540 οί

388 3575 600 3640 ὀδόντες
624 3575 731 3630 τῶν
764 3577 972 3630 τέκνων
1004 3577 1333 3647 ὲμωδίασαν.
1380 3578 1487 3631 Καὶ
1515 3582 1627 3643 τοῖς
1671 3581 1806 3644 υἱοῖς
1841 3580 1974 3651 Ἀμο

392 3666 534 3740 μὼν,
565 3669 660 3721 καὶ
700 3669 830 3741 περὶ
860 3669 959 3739 τῆς
998 3668 1203 3733 Ὀολᾶς,
1228 3668 1321 3722 καὶ
1347 3668 1446 3739 τῆς
1484 3669 1719 3735 Ὀλιϐᾶς.
1745 3671 1855 3724 Καὶ
1879 3669 1974 3726 ἐπὶ

391 3759 533 3831 Σοὺρ
557 3758 775 3831 ορῆνον,
804 3759 899 3812 καὶ
923 3761 1014 3813 ἐπὶ
1044 3759 1267 3826 Σιδῶνα,
1305 3761 1401 3813 καὶ
1428 3761 1555 3832 περὶ
1602 3761 1817 3833 ἡμέρας
1860 3763 1973 3816 Κυ-

394 3852 531 3926 ρίου,
567 3853 661 3906 mi.
712 3851 788 3923 τῷ
818 3851 1015 3925 Φαραὼ
1050 3852 1258 3924 βασιλεί
1285 3853 1560 3923 Αἰγύπτου
1590 3895 1604 3920 ,
1653 3855 1747 3908 καὶ
1780 3855 1975 3927 Θρῆνον

393 3943 485 3996 ἐπὶ
538 3942 757 4016 Φαραὼ,
796 3945 888 3998 καὶ
914 3944 1012 4017 τὴν
1050 3944 1341 4015 Αἴγυπτον,
1370 3946 1465 3999 καὶ
1490 3945 1584 3999 ἐπὶ
1620 3946 1745 4018 δρος
1775 3947 1968 4021 Σηεὶρ,

392 4037 486 4090 καὶ
508 4036 758 4106 περὶτῶν
792 4036 993 4090 ὀστέων
1020 4036 1127 4090 τῶν
1149 4036 1559 4111 ἀναζησὰντων,
1591 4038 1687 4092 καὶ
1708 4039 1803 4090 ἐπὶ¹
1827 4038 1971 4108 Γὼγ,

393 4126 489 4179 καὶ
537 4126 634 4197 τὴν
679 4129 782 4197 γῆν
821 4127 911 4181 τοῦ
943 4127 1191 4198 Μαγώγ*
1222 4127 1300 4200 τῷ
1326 4147 1383 4182 τε
1406 4131 1627 4202 ἄρχοντι
1664 4130 1841 4203 Τύρου
1879 4133 1975 4184 καὶ

395 4217 592 4291 θρῆνον
648 4220 768 4273 κατ’
810 4219 998 4286 αὑτοῦ,
1038 4223 1131 4276 καὶ
1179 4225 1290 4285 τοῖς
1338 4224 1471 4286 υίοῖς
1502 4222 1593 4277 τοῦ
1623 4223 1754 4277 λαοῦ
1787 4223 1973 4290 αὑτοῦ,

393 4310 490 4365 καὶ
549 4312 642 4364 ἐπὶ
699 4313 824 4376 τοὺς
877 4314 1143 4384 ποιμένας
1174 4313 1265 4368 τοῦ
1304 4315 1549 4387 Ἰσραήλο
1591 4317 1685 4370 καὶ
1710 4316 1772 4370 τὸ
1792 4317 1977 4371 τελευ-

391 4406 541 4458 ταῖον
570 4405 672 4476 τὴν
723 4405 1009 4478 οἰκοδομὴν
1050 4403 1145 4459 τοῦ
1175 4405 1327 4472 ναοῦ,
1361 4407 1458 4461 καὶ
1485 4406 1585 4478 τῆς
1620 4407 1977 4482 Ἰερουσαλὴμ

392 4494 711 4569 διαγράφων
736 4497 1088 4568 προφητεύει.

790 4590 894 4643 Διὰ
927 4591 985 4643 τί
1011 4590 1210 4663 Δανιὴλ
1246 4590 1546 4655 καλεῖταις

478 4678 698 4752 Ἐπειδὴ
727 4681 818 4733 καὶ
848 4680 1011 4744 αὐτὸς
1036 4684 1095 4735 ὲν
1118 4685 1183 4754 τῇ
1211 4683 1559 4755 αἰχμαλωσίᾳ
1586 4683 1844 4755 γεγονὼς,
1872 4685 1977 4751 ἕως

395 4768 488 4821 τοῦ
518 4767 780 4839 βασιλέως
829 4768 1013 4840 Κύρου
1042 4768 1137 4822 τοῦ
1170 4770 1405 4841 Πέρσου,
1446 4769 1517 4824 τὰ
1551 4772 1648 4842 μὲν
1680 4771 1822 4826 κατὰ
1851 4773 1979 4826 Σου-

398 4858 595 4913 σάνναν
646 4861 820 4932 κρίνει
852 4858 1039 4925 αὐτὸς,
1087 4862 1182 4915 καὶ
1220 4862 1538 4933 κατακρίνει
1576 4864 1703 4928 τοὺς
1741 4850 1981 4936 πρεσϐυ-

396 4952 587 5024 τέρους
616 4953 690 5016 ὼς
741 4954 1081 5022 συκοφάντας
1105 4970 1120 4985 ο
1154 4953 1221 5006 τά
1250 4952 1307 5006 δὲ
1343 4953 1436 5006 τοῦ
1466 4954 1730 5024 βασιλέως
1754 4954 1979 5008 ἐνύπνια

396 5043 559 5107 αὐτὸς
610 5045 941 5113 ἀπαγγέλλει
972 5062 1031 5098 τε
1074 5044 1167 5099 καὶ
1212 5043 1501 5116 ὲρμηνεύει
1526 5063 1539 5076 ·
1576 5046 1762 5117 βλέπει
1797 5047 1855 5099 δὲ
1884 5049 1980 5100 καὶ

396 5135 615 5209 ὁράσεις
643 5136 886 5200 τελείαςο
920 5138 1051 5211 περὶ
1098 5137 1196 5208 μὲν
1232 5136 1340 5190 τῶν
1377 5135 1664 5207 βασιλειῶν
1706 5139 1820 5202 δύο,
1852 5140 1981 5211 περὶ

395 5228 452 5282 δὲ
499 5228 600 5299 τῆς
650 5228 743 5283 τοῦ
780 5230 1032 5302 Σωτῆρος
1076 5228 1397 5301 παρουσίας,
1442 5230 1537 5283 καὶ
1584 5230 1979 5296 καταπαύσεως

397 5321 496 5391 τῆς
550 5321 923 5394 Ἰερουσαλὴμ,
977 5323 1204 5394 καὶτῆς
1262 5323 1630 5394 Ἀντιχρίστου
1680 5323 1981 5397 παρουσίας

397 5418 509 5473 δύο.
563 5420 838 5489 Διηγεῖται
891 5419 945 5472 δὲ
977 5420 1103 5490 περὶ
1150 5419 1449 5493 μαρτυρίου
1488 5417 1716 5490 Σεδράχ,
1756 5419 1977 5490 Μησάχ,

411 5509 740 5579 Ἀϐδεναγώ,
789 5512 883 5565 καὶ
924 5511 1032 5564 τῶν
1081 5511 1264 5584 ὓμνων
1293 5511 1506 5567 αὐτῶνθ
1553 5513 1648 5565 καὶ
1706 5513 1787 5566 ὅτι
1827 5513 1979 5567 αὐτοὶ

403 5602 501 5675 μὲν
545 5601 900 5675 διεσώθησαν,
945 5606 994 5657 οἱ
1038 5604 1094 5657 δὲ
1136 5605 1486 5669 ὑποκαίοντες
1514 5606 1978 5677 κατεφλέχθησαν,

401 5692 497 5747 καὶ
562 5694 805 5764 μετέγνω
839 5693 1120 5763 βασιλεύς·
1157 5695 1251 5749 καὶ
1296 5696 1379 5748 ὃτι
1417 5695 1581 5759 αὐτὸς
1614 5694 1867 5766 διεϐλήθη
1900 5698 1979 5760 είς

400 5783 491 5839 τὸν
515 5780 715 5840 λάκκον
731 5784 838 5839 τῶν
860 5785 1086 5840 λεόντων
1110 5803 1124 5816 ·
1153 5786 1213 5838 τὸ
1244 5786 1341 5857 μὲν
1381 5785 1615 5858 πρῶτον,
1657 5785 1841 5858 ἐπειδὴ
1874 5787 1980 5840 τῶν

405 5874 757 5931 Βαϐυλωνίων
805 5876 1251 5949 προσευχομένων
1279 5876 1490 5947 Δαρείῳ
1521 5876 1598 5948 τῷ
1628 5875 1856 5947 βασιλεῖ,
1884 5877 1977 5946 μόο

2007 4602 2053 4656 ο

2079 3310 2455 3365 narrationem
2496 3306 2564 3362 de
2593 3306 2774 3378 aquila
2795 3345 2809 3371 ,
2841 3305 3255 3375 insectaturque
3284 3302 3437 3357 urbis
3468 3300 3655 3354 Hiero-

2082 3399 2418 3471 solymorum
2469 3395 2790 3465 iniquitates
2844 3402 2894 3449 et
2938 3401 3183 3464 peccata.
3245 3391 3481 3447 Disscrit
3521 3391 3654 3444 item

2077 3490 2147 3545 de
2208 3487 2571 3545 similitudine
2621 3502 2785 3558 quam
2846 3484 3231 3554 usurpabant,
3290 3498 3416 3537 cum
3470 3489 3657 3552 patres

2079 3595 2213 3636 suos
2246 3578 2477 3635 acerbas
2511 3593 2645 3633 uvas
2679 3576 3017 3639 comedisse,
3056 3563 3150 3630 sed
3185 3574 3380 3628 dentes
3416 3571 3523 3627 sibi
3542 3565 3657 3627 'ob-

2080 3674 2361 3745 stupuisse
2393 3674 2663 3730 dicerent.
2696 3671 2952 3743 Disputat
2979 3672 3142 3727 etiam
3174 3670 3241 3726 de
3281 3667 3449 3735 Oola,
3479 3667 3656 3739 deque

2081 3766 2276 3833 Oliba,
2326 3774 2382 3822 et
2429 3764 2676 3837 adjungit
2718 3764 2901 3819 ﬂetum
2950 3766 3006 3818 in
3061 3761 3190 3827 Sur,
3247 3762 3301 3816 in
3352 3759 3651 3827 Sidonem;

2079 3860 2513 3931 disputationem
2543 3857 2611 3915 de
2640 3857 2729 3912 die
2775 3855 3023 3919 Domini,
3078 3855 3145 3911 de
3194 3853 3481 3909 Pharaone
3527 3868 3657 3923 rege

2080 3948 2344 4023 Egypti,
2407 3964 2529 4005 cum
2591 3948 2766 4019 ipsius
2823 3953 2877 4001 et
2933 3944 3082 4017 regni
3138 3943 3529 4000 lamentatione
3588 3942 3657 3996 de

2081 4049 2265 4098 monte
2302 4040 2464 4108 Seir;
2522 4038 2589 4096 de
2643 4039 2866 4096 ossibus
2910 4052 3101 4094 eorum
3155 4037 3249 4108 qui
3298 4036 3655 4109 revixerpnt;

2079 4135 2147 4189 de
2183 4134 2335 4205 Gug,
2376 4134 2444 4191 de
2481 4140 2628 4189 terra
2668 4131 2893 4204 Magog,
2927 4132 2994 4187 de
3025 4129 3154 4203 Tyri
3186 4129 3460 4201 principe,
3495 4143 3657 4197 quem

2080 4243 2205 4283 cum
2250 4227 2379 4284 liliis
2431 4227 2616 4300 populi
2672 4226 2757 4282 sui
2815 4224 3170 4285 lamentatur,
3224 4220 3293 4276 de
3340 4219 3657 4291 pastoribus

2083 4319 2268 4377 Israel.
2303 4319 2649 4375 Vaticinatur
2674 4316 2910 4385 denique
2942 4314 3011 4369 de
3041 4313 3229 4385 templi
3272 4319 3328 4367 et
3371 4312 3525 4366 urbis
3574 4309 3660 4364 in-

2083 4412 2423 4468 stauratione
2452 4427 2617 4482 quam
2648 4407 2914 4480 depingit.

2525 4586 2704 4654 Quare
2738 4583 2926 4664 Daniel
2956 4593 3175 4639 vocatur
3195 4585 3221 4639 ?

2158 4680 2298 4749 Quia
2331 4689 2386 4738 et
2420 4681 2538 4751 ipse
2570 4678 2626 4731 in
2657 4676 2979 4747 captivitate
3018 4674 3119 4729 fuit
3152 4674 3219 4727 ad
3254 4672 3453 4744 Cyrum
3486 4684 3661 4741 usque

2079 4773 2371 4829 Persarum
2415 4786 2618 4842 regem.
2664 4769 2934 4826 Susanna
2969 4768 3189 4839 quidem
3220 4780 3443 4820 causam
3464 4804 3479 4827 ,
3514 4763 3663 4818 dam-

2084 4868 2229 4922 natis
2272 4866 2563 4920 calumnia:
2586 4880 2751 4936 pmna
2794 4862 3134 4923 senioribus,
3173 4859 3476 4929 judicavit:
3514 4857 3660 4927 regis

2083 4966 2268 5014 autem
2301 4960 2515 5015 somnia
2543 4958 2767 5021 retulit,
2808 4966 2863 5011 et
2911 4954 3305 5024 interpretatus
3355 4958 3461 5006 est.
3511 4947 3660 5003 Vidit

2085 5068 2252 5125 porro
2296 5051 2541 5108 visiones
2576 5053 2827 5107 eximias.
2866 5048 2942 5104 De
2988 5048 3171 5119 regnis
3212 5045 3433 5117 quidem
3479 5044 3658 5107 duas:

2084 5146 2224 5200 duas
2239 5143 2370 5199 item
2400 5143 2464 5199 de
2483 5141 2784 5199 Salvatoris
2797 5139 3055 5204 adventu,
3077 5139 3252 5208 deque
3273 5136 3668 5208 Hierosolynue

2085 5238 2294 5308 requie,
2345 5245 2399 5293 et
2443 5236 2777 5292 Antechristi
2827 5248 3073 5289 accessu.
3126 5231 3325 5286 Narrat
3386 5236 3661 5300 prmterea

2087 5328 2416 5400 martyrium
2445 5327 2714 5401 Sydrach,
2752 5325 2955 5380 Misach
3007 5330 3062 5379 et
3095 5321 3410 5391 Abdenago,
3446 5335 3664 5374 eorum-

2086 5434 2191 5487 que
2219 5419 2492 5474 canticum
2522 5437 2535 5472 :
2571 5423 2737 5486 utque
2766 5412 2997 5470 servatis
3024 5410 3181 5481 ipsis,
3215 5406 3517 5462 combustis
3562 5420 3663 5458 au-

2088 5520 2197 5565 tem
2259 5511 2351 5581 qui
2418 5510 2602 5580 ignem
2669 5503 3081 5567 succedebant,
3144 5510 3324 5569 regem
3385 5498 3658 5569 pmnituit.

2082 5601 2277 5656 Narrat
2323 5603 2489 5656 etiam
2538 5607 2596 5652 ut
2620 5597 2784 5653 estin
2841 5596 3057 5650 leonum
3111 5593 3286 5645 lacum
3332 5590 3660 5659 conjectus;

2085 5696 2318 5765 primum
2358 5691 2577 5763 quidem
2625 5690 2771 5761 quod
2803 5687 3024 5742 Darium
3072 5701 3252 5756 regem
3303 5684 3665 5741 adorantibus

2084 5784 2394 5856 Babyloniis
2444 5782 2736 5842 omnibus,
2792 5780 2944 5835 solus
2992 5779 3114 5853 ipse
3159 5776 3329 5831 Deum
3363 5774 3656 5839 adoraret;

2084 5876 2277 5932 deinde
2314 5892 2442 5933 vero
2476 5874 2619 5945 quod
2654 5874 2745 5928 Bel
2784 5879 2841 5929 et
2881 5872 3177 5927 draconem
3215 5870 3318 5926 sub
3351 5867 3493 5940 Cyro
3535 5879 3660 5937 rege
