4100 6436
408 411 545 456 ὶεῖὸ

1568 410 1886 467 CANONES
1921 411 2485 473 EVANGELIORUM.

3508 422 3645 479 ωτι

407 518 556 588 παρὰ
588 518 649 575 τὸ
680 520 916 591 καθῆκον
943 522 1215 592 λαθραίως
1240 524 1516 596 ἐπιχειρῇ
1558 528 1651 581 καὶ
1679 529 1815 600 αὕτη
1854 532 1909 584 δὲ
1945 534 1977 602 ὴ

2104 551 2186 604 [ue
2214 536 2449 601 animus,
2480 539 2572 607 qui
2605 550 2712 592 non
2735 554 2889 608 atque
2917 546 3000 595 est
3018 539 3243 595 affectus
3271 554 3398 609 erga
3431 540 3534 594 sibi
3555 541 3650 595 be-

404 612 636 666 ὲγάστου
677 614 932 679 διάθεσις,
981 616 1054 687 μὴ
1102 618 1300 687 ὁμοίως
1346 620 1684 692 διακειμένου
1735 626 1869 697 πρός
1921 643 1979 679 τε

405 706 532 768 τοὺς
581 706 999 775 εὐεργετοῦντας
1043 708 1137 762 καὶ
1188 710 1321 781 πρὸς
1360 714 1487 775 τοὺς
1532 712 1784 781 βλάπτειν
1819 717 1978 770 αὑτὸν

410 796 852 867 ἐπιχειροῦντας
904 799 1214 871 αὐτομαθὴς
1257 800 1571 867 διδάσκαλος
1614 805 1818 874 γίνεται
1852 808 1979 861 ἑκά-

413 906 524 959 στῳ
555 891 653 961 τῆς
688 890 816 961 περὶ
848 890 1065 959 ἀγαθῶν
1112 893 1204 945 καὶ
1242 892 1426 946 κακῶν
1457 896 1786 965 ἐπιστήμης,
1822 898 1849 948 ὁ
1879 898 1975 967 τῆς

2091 628 2334 692 nevolos,
2361 637 2524 699 atque
2552 628 2817 686 adversus
2842 646 2937 686 eos
2970 633 3063 701 qui
3093 633 3197 687 sibi
3227 647 3424 686 nocere
3448 647 3653 686 conan-

2085 726 2192 774 tur.
2235 718 2401 790 igitur
2454 730 2754 791 spontanea
2816 725 3077 794 magistra
3126 725 3417 794 unicuique
3470 731 3553 778 est
3583 725 3651 776 ad

2081 810 2207 863 boni
2239 811 2472 880 malique
2500 810 2785 867 scientiam
2813 813 2899 869 lex
2937 824 3177 881 natum,
3204 815 3330 868 dum
3365 822 3509 870 vetat
3548 830 3650 869 nos

2082 900 2302 955 cuilibet
2333 901 2531 965 facere,
2559 903 2700 972 quod
2730 918 2831 958 nos
2859 904 2927 957 ab
2965 904 3085 959 aliis
3120 905 3230 975 pati
3254 904 3541 959 nollemus.

413 981 628 1050 φύσεως
700 983 881 1053 νόμος,
943 983 1113 1038 ταῦτά
1165 1003 1315 1049 τινας
1385 986 1514 1057 δρᾷν
1563 988 1770 1058 ἑτέροις
1834 990 2210 1061 ἀπαγορεύων,
2264 994 2406 1063 ἆπερ
2450 1011 2533 1055 τις
2586 994 2745 1058 αὐτὸς
2790 996 2917 1065 παρ’
2988 995 3187 1068 ἑτέρων
3240 997 3338 1048 οὐκ
3370 994 3436 1048 ἂν
3478 993 3654 1049 ἕλοιτο

414 1072 624 1129 παθεῖν.

519 1166 608 1236 ιβ’.
643 1168 939 1221 Εὐσεόιου
969 1168 1037 1221 ἐκ
1067 1168 1175 1222 τοῦ
1205 1176 1237 1223 ι’
1270 1168 1379 1236 τῆς
1410 1176 1463 1223 α’
1500 1171 1870 1240 Εἱσαγωγῆς.

498 1325 798 1397 Ἐνδέχεται
846 1328 961 1399 μὲν,
1010 1322 1054 1379 ὧ
1097 1326 1326 1391 παιδίον,
1362 1327 1539 1395 λέγειν
1586 1328 1682 1397 μὲν
1714 1322 1795 1389 εὖ,
1840 1329 1979 1396 φαῦ-

414 1417 503 1469 λον
547 1419 603 1471 δὲ
649 1419 944 1490 ὑπάρχειν
1000 1418 1308 1491 πράσσοντα
1344 1419 1396 1471 δὲ
1438 1415 1519 1482 εὖ,
1581 1418 1779 1487 φαῦλον
1819 1416 1978 1481 εἶναι,

413 1509 689 1567 ἀδύνατον.
824 1534 825 1537 η
1272 1526 1275 1529 ⁷

487 1609 572 1670 ιγ’.
606 1604 900 1657 Εὐσεϐίου
927 1604 996 1657 ἐκ
1027 1603 1131 1656 τοῦ
1163 1611 1213 1657 α’
1244 1603 1351 1672 τῆς
1374 1612 1422 1657 α’
1441 1602 1907 1674 Ἑπιστολῆςο).

485 1692 586 1746 Βία
620 1692 738 1763 Θεῷ
770 1695 830 1746 οὑ
865 1695 1173 1766 πρόσεστιν.

485 1847 561 1970 gi)
591 1847 669 1903 lta
715 1865 944 1919 prorsus
999 1852 1260 1907 scribitur
1289 1851 1344 1905 in
1398 1853 1491 1906 illo
1516 1852 1703 1907 codice
1735 1849 1859 1905 ‘Iat.
1903 1851 1980 1920 (p.

543 1918 619 1970 bl.
638 1920 782 1970 unde
811 1936 911 1970 nos
945 1924 1279 1970 sumnsimus
1309 1921 1516 1970 Leontii
1547 1931 1599 1970 et
1626 1921 1853 1970 Joannis
1880 1920 1980 1970 Sa-

415 1917 518 1972 |l9
543 1918 619 1984 h),
638 1917 782 1974 unde
811 1936 911 1993 nos
945 1924 1279 1993 sumpsimus
1308 1921 1517 1976 Leontii
1546 1921 1853 1993 etdoannis
1880 1917 1982 1975 Siz-

414 2004 628 2060 crarum
659 2006 833 2043 rerum
860 1990 1083 2055 librum,
1116 1991 1311 2060 Script.
1342 2003 1439 2046 vet.
1467 1999 1507 2045 t.
1545 1990 1650 2046 VII.
1691 1992 1868 2057 Quare
1898 2007 1983 2046 se-

413 2058 603 2127 quitur
626 2069 685 2113 ut
708 2060 1086 2118 existimemus
1123 2058 1401 2118 exstitisse
1448 2062 1700 2116 volumen
1729 2060 1987 2131 epistola-

2087 1171 2172 1226 12.
2200 1170 2411 1225 Eusebii
2437 1186 2501 1225 ex
2526 1172 2724 1225 decimo
2757 1172 3171 1295 Ilrjgroductionis
3192 1174 3378 1230 trima:
3400 1184 3651 1245 tanquam

2713 1260 2745 1294 a
2847 1252 3012 1295 atoue.

2713 1260 2745 1294 a
2775 1252 3012 1298 Platone.

2153 1334 2481 1404 Coutiugere
2515 1344 2710 1405 potest,
2736 1350 2768 1389 ο
2800 1353 2951 1406 puer,
2984 1345 3040 1390 ut
3072 1338 3268 1407 aliquis
3294 1310 3431 1393 bene
3464 1339 3610 1394 dicat
3634 1380 3651 1404 ,

2084 1442 2208 1481 cum
2238 1428 2415 1480 malus
2445 1427 2551 1491 sit;
2586 1437 2955 1481 verumtamen
2986 1429 3214 1498 aliquem
3249 1428 3385 1485 bene
3430 1429 3613 1487 facere
3634 1468 3651 1496 .

2083 1516 2177 1587 qui
2214 1531 2413 1586 pravus
2437 1514 2528 1579 sit,
2565 1515 2919 1585 impossibile.

2198 1607 2279 1661 13.
2302 1605 2516 1663 Eusebii
2536 1622 2599 1659 ex
2622 1606 2791 1673 primo
2819 1605 3047 1674 capitulo
3078 1604 3324 1675 Epistolas
3343 1608 3546 1674 primae.

2158 1696 2317 1751 Nulla
2355 1696 2520 1751 Deum
2551 1697 2633 1751 vis
2664 1698 2828 1767 cogit.

2088 1868 2208 1908 rum
2248 1854 2304 1907 in
2348 1854 2528 1923 plures
2564 1854 2732 1907 libros
2781 1853 3130 1919 distinctum;
3185 1869 3413 1923 quarum
3466 1856 3657 1911 saltem

2090 1924 2380 1995 nonnullas
2415 1924 2485 1995 ob
2516 1924 2879 1995 prolixitatem
2909 1925 3062 1995 (puta
3104 1925 3170 1978 de
3202 1925 3365 1980 rebus
3399 1924 3648 1995 dogmati-

2090 1994 2195 2061 cis)
2219 1992 2603 2065 intercapitari
2620 2009 2758 2063 opus
2787 1992 2966 2050 fuerit.

414 2247 3647 2283 Μ

1104 2428 1862 2585 EUSEBII
2043 2428 2957 2586 PAMPHILI

1414 2710 1783 2789 CJESABI
1801 2714 1923 2793 EN
1938 2717 2027 2794 SI
2043 2715 2094 2793 S
2165 2712 2637 2793 EPISCOPI

537 2896 1137 3011 CANONES
1196 2905 1637 3011 DECEM
1696 2901 2413 3011 HARMONUE
2472 2902 3537 3046 EVANGELIOBUM,

1444 3112 1782 3173 Prwmissa
1813 3112 1895 3173 ad
1930 3111 2317 3191 Carpianum
2351 3113 2641 3193 epistola.

1143 3272 1429 3336 (GALLAND.,
1465 3273 1697 3323 Veterum
1723 3274 1930 3324 Patrum
1957 3271 2206 3337 Biblioth.,
2230 3274 2292 3335 Il,
2318 3276 2427 3337 533,
2454 3280 2507 3324 et
2529 3275 2732 3338 Proleg.
2756 3289 2804 3339 p.
2830 3277 2948 3341 uv.)

1734 3508 2354 3603 MONITUM.

816 3696 924 3767 (Ex
948 3696 1173 3753 Joannis
1209 3697 1371 3753 Millii
1400 3698 1800 3770 Prolegomenis
1832 3699 1901 3755 ad
1935 3698 2144 3755 Novum
2175 3700 2567 3756 Testamentum
2604 3698 2867 3764 Caecum,
2900 3697 2961 3770 §§
2988 3697 3273 3771 πεπυ.)

504 3988 523 4020 ι
553 3966 698 4023 Inter
727 3966 833 4022 alia
862 3966 1081 4023 Eusebii
1107 3983 1272 4039 opera
1303 3977 1485 4024 exstat
1516 3970 1745 4041 epistola
1777 3972 1899 4041 ejus
1927 3971 1997 4025 ad
2031 3980 2072 4036 Β
2100 3968 2516 4024 monstrandam
2582 3964 2885 4019 Diatessari
2945 3963 3109 4033 hujus
3173 3964 3560 4034 perfectionem
3621 3978 3671 4029 et

428 4062 785 4132 Carpianum,
820 4076 982 4129 quam
1019 4076 1154 4116 mss.
1193 4061 1467 4131 plerisque
1498 4063 1784 4119 codicibus
1818 4066 1999 4119 Evan~

430 4155 693 4227 geliorum
738 4152 1011 4222 praefixum
1056 4152 1240 4207 videre
1270 4161 1375 4218 est,
1418 4169 1543 4207 una
1571 4169 1693 4208 cum
1743 4155 1861 4224 ejus
1898 4154 2002 4211 Ca-

431 4260 584 4310 uone,
623 4259 784 4313 quem
820 4250 1040 4308 vocant,
1067 4245 1183 4298 sive
1216 4244 1390 4298 decem
1422 4245 1639 4311 tabulis,
1668 4247 1721 4299 in
1749 4262 1887 4315 quas
1917 4263 2004 4301 re-

433 4338 560 4395 tulit
605 4351 864 4391 numeros
908 4336 1304 4391 Ammonianos.
1354 4336 1560 4391 Horum
1611 4346 1790 4394 autem
1831 4340 2003 4394 artiﬁ-

432 4429 602 4493 cium,
628 4444 900 4497 usumque
929 4443 1089 4498 quem
1120 4427 1362 4496 praebent
1396 4428 1686 4498 insignem,
1717 4428 1773 4482 in
1808 4444 2006 4499 repraa-

434 4520 700 4575 sentanda
762 4530 997 4591 quatuor
1044 4519 1454 4590 Evangeliorum
1514 4521 1833 4585 harmonia,
1893 4521 2004 4590 jam

431 4610 670 4665 breviter
703 4611 1118 4679 explicabimus.
1156 4610 1294 4665 Ante
1326 4624 1499 4664 annos
1528 4620 1745 4665 centum
1781 4611 2005 4666 Ammo—

432 4701 558 4755 nius
594 4700 1017 4762 Alexandrinus,
1072 4701 1332 4770 singulari
1371 4709 1487 4755 arte
1517 4711 1675 4771 atquc
1708 4702 1908 4766 studio,
1942 4718 2009 4756 ex

432 4801 673 4864 quatuor
703 4792 910 4848 nostris
944 4789 1257 4861 Evangeliis
1293 4793 1436 4846 inter
1463 4809 1521 4847 se
1561 4793 1795 4858 collatis,
1833 4793 2011 4849 confe-

434 4894 585 4940 cerat
645 4883 939 4954 ipsissimis
1000 4883 1457 4952 evangelistarum
1510 4886 1692 4939 verbis
1744 4886 2007 4956 integram

434 4975 725 5047 quamdam
766 4974 1051 5030 historiam
1083 4976 1475 5042 evangelicam,
1512 4991 1606 5030 seu
1639 4977 2006 5032 Dialessaron.

436 5067 575 5121 Cum
599 5066 832 5134 primum
857 5078 1036 5121 autem
1066 5067 1205 5121 hanc
1233 5065 1573 5136 digessisset,
1602 5068 1761 5121 etiam
1792 5071 2012 5124 univer-

436 5175 557 5213 sum
608 5158 1023 5229 Evangeliorum
1074 5166 1281 5212 textum
1330 5157 1383 5211 in
1436 5158 1705 5214 sectiones
1744 5162 2008 5230 quasdam

2105 4063 2495 4132 integritatem.
2548 4058 2730 4127 Neque
2773 4057 2865 4111 alii
2910 4055 3004 4109 ulli
3048 4055 3227 4110 adhuc
3271 4058 3392 4111 usui
3420 4058 3670 4119 inservio

2104 4156 2197 4211 bat
2231 4174 2244 4209 :
2272 4154 2417 4209 unde
2448 4167 2548 4208 nec
2575 4148 2834 4206 credibile
2864 4157 2968 4214 est,
3005 4164 3266 4203 numeros
3305 4150 3440 4205 istos
3480 4168 3673 4226 propa.

2106 4258 2261 4320 gatos
2292 4248 2462 4304 fuisse
2491 4247 2633 4301 ultra
2666 4245 2838 4317 ipsius
2867 4242 3139 4295 Ammonii
3167 4244 3467 4313 exemplar.

2176 4341 2290 4395 lloc
2326 4355 2448 4393 cum
2499 4339 2555 4392 in
2599 4336 2863 4391 Caesarea:
2902 4333 3228 4387 bibliotheca
3285 4336 3458 4391 aliave
3501 4338 3674 4410 aliqua

2108 4433 2410 4503 repositum
2440 4429 2736 4500 repet-isset
2767 4425 3057 4489 Eusebius,
3088 4427 3142 4479 in
3193 4436 3425 4483 mentem
3459 4432 3562 4500 ipsi
3599 4448 3671 4488 ve

2108 4525 2220 4587 nit,
2262 4521 2561 4577 harmoniae
2599 4520 2795 4587 hujus,
2830 4533 3295 4588 numerorumque
3337 4520 3676 4576 Ammoniani

2111 4612 2529 4683 Evangeliorum
2566 4608 2775 4663 codicis
2803 4622 2926 4675 ope,
2958 4605 3168 4661 institui
3206 4621 3269 4660 ac
3300 4608 3676 4676 repraesentari

2115 4719 2276 4780 posse
2324 4704 2596 4771 integrum
2665 4707 2717 4753 et
2786 4698 3087 4768 perfectum
3143 4696 3525 4763 Diatessaron,
3581 4714 3677 4750 σωσ

2111 4795 2338 4865 ζομένου
2374 4794 2466 4846 καὶ
2493 4792 2583 4845 τοῦ
2616 4791 2722 4845 τῶν
2744 4788 3144 4859 εὐαγγελιστῶν
3174 4788 3239 4839 δι’
3278 4787 3398 4840 ὅλου
3434 4786 3677 4858 σώματός

2110 4904 2169 4939 τε
2200 4886 2293 4939 καὶ
2323 4883 2539 4957 εἱρμοῦ,
2574 4891 2633 4937 ut
2665 4883 2885 4937 Eusebii
2917 4880 3095 4935 verbis
3137 4886 3278 4931 utar.
3308 4877 3534 4949 Nempe,
3569 4894 3667 4948 per

2112 4979 2363 5034 lustratis
2418 4978 2651 5047 singulis
2708 4975 3002 5029 harmoniae
3045 4974 3202 5027 istius
3252 4972 3522 5041 partibus,
3580 4986 3680 5025 una

2114 5088 2236 5126 cum
2272 5070 2518 5125 numeris
2545 5069 2701 5139 juxta
2733 5068 2925 5138 positis
2950 5066 3003 5119 in
3029 5064 3273 5133 margine
3301 5064 3447 5133 (nam
3474 5071 3529 5117 et
3553 5062 3681 5127 illic,

2114 5164 2319 5234 pariter
2347 5177 2411 5215 ac
2437 5162 2491 5215 in
2515 5162 2705 5215 codice
2730 5164 2851 5228 ejus
2870 5158 3183 5227 evangelica
3204 5163 3495 5211 anuotatos
3517 5154 3681 5211 fuisse

435 5249 645 5313 divisit,
681 5258 735 5305 et
779 5251 926 5305 notis
970 5248 1344 5305 numeralibus
1388 5249 1635 5304 distinxit
1670 5251 1723 5304 in
1764 5254 2011 5325 margine
2056 5323 2075 5325 _
2116 5270 2280 5325 supra
2315 5251 2703 5321 ostendimus),
2734 5251 3025 5305 constabat
3056 5264 3247 5303 omnes
3286 5248 3510 5302 omnino
3541 5245 3682 5316 peri-

436 5341 524 5397 sui
577 5340 927 5409 exemplaris.
989 5338 1271 5395 Sectiones
1320 5339 1439 5393 istae
1499 5353 1610 5393 non
1663 5341 1782 5397 alia:
1832 5323 2009 5408 erant,
2040 5323 2082 5380 ο
2116 5323 2283 5413 copas
2332 5342 2628 5413 evangelici
2677 5337 2886 5394 codicis
2943 5339 3012 5392 ad
3051 5340 3238 5393 decem
3297 5334 3519 5391 ordines
3573 5334 3682 5388 sive

436 5448 601 5505 quam
632 5446 771 5502 quas
809 5431 1078 5501 hodieque
1112 5431 1167 5485 in
1218 5434 1470 5487 codicum
1511 5442 1824 5487 nostrorum
1877 5450 2016 5489 mar-

439 5524 563 5593 gine
593 5521 841 5575 interiori
867 5521 1114 5591 adpictas
1148 5522 1395 5579 videmus
1421 5541 1435 5577 :
1461 5524 1721 5578 nimirum
1746 5526 1800 5580 in
1832 5526 2010 5581 Evan-

438 5616 580 5687 gelio
624 5612 865 5667 Matthxi
912 5614 1040 5677 555,
1095 5612 1275 5667 Marci
1309 5613 1438 5677 256,
1469 5614 1627 5670 Luca:
1670 5618 1796 5681 540,
1840 5617 2012 5673 Joan-

444 5709 525 5762 nis
556 5707 682 5762 252.
719 5705 1043 5761 Divisionem
1071 5716 1249 5761 autem
1297 5708 1439 5762 hanc
1479 5708 1621 5763 haud
1655 5709 1761 5763 alio
1801 5709 1904 5766 fine
1938 5710 2013 5765 in-

445 5799 688 5853 stitutam
728 5797 797 5851 ab
831 5806 1054 5854 auctore
1097 5812 1263 5867 supra
1306 5798 1566 5868 diximus,
1614 5816 1776 5870 quam
1828 5800 1894 5855 ad
1926 5801 2012 5857 de-

2116 5435 2323 5491 classes
2346 5434 2532 5491 reduci
2567 5432 2832 5503 potuisse.
2864 5429 2957 5484 Vel
2982 5430 3127 5483 enim
3154 5426 3423 5496 ejusmodi
3454 5440 3599 5487 esse,
3632 5424 3683 5477 in

2119 5528 2317 5597 quibus
2371 5541 2560 5580 omnes
2615 5532 2851 5592 quatuor
2910 5520 3258 5590 evangelista
3314 5516 3681 5571 conveniant:

2118 5621 2200 5675 vel
2241 5635 2305 5673 ex
2340 5619 2406 5672 iis
2440 5625 2550 5672 tres
2584 5622 2829 5680 tantum;
2873 5628 3067 5683 nempe
3106 5610 3245 5666 Mat.
3280 5610 3424 5663 Mar.
3460 5608 3589 5662 Luc.
3614 5634 3681 5647 —-

2117 5709 2253 5766 Mat.
2285 5708 2413 5763 Luc.
2439 5707 2599 5760 Joan.
2618 5705 2839 5759 -Μαι,
2871 5704 3043 5758 Marc.
3073 5702 3233 5757 Ioan.
3263 5718 3280 5754 :
3303 5701 3387 5755 vel
3408 5700 3518 5754 duo
3542 5700 3681 5753 duco

2113 5810 2295 5867 taxat;
2347 5800 2478 5855 Mat.
2526 5798 2655 5854 Luc.
2688 5830 2755 5840 —-
2782 5798 2914 5853 Mat.
2980 5795 3121 5849 Mar.
3148 5822 3217 5835 --
3241 5793 3376 5849 Mat.
3420 5790 3581 5846 Joau.
3610 5806 3683 5833 -v
