4100 6432
444 398 587 461 i275

1134 398 1411 457 EUSEBII
1440 396 1928 455 CAESARIENSIS
1966 395 2117 456 OPP.
2150 396 2331 454 PARS
2370 395 2456 453 Ill.
2491 428 2561 439 —
2592 392 3004 451 EXEGETICA.

3575 389 3710 446 $276

442 517 577 578 Luc.
608 516 961 575 Man—Luc.
988 514 1170 571 Joan‘.
1191 517 1299 572 :vel
1319 516 1557 587 denique
1582 517 1852 587 cujusque
1866 531 2033 572 eran—
2060 520 2105 578 Α
2134 516 2470 571 conveniunt
2503 534 2519 571 :
2544 528 2740 584 nempe
2761 510 2929 566 Marci
2958 515 3022 575 ε’,
3058 505 3221 563 Lucae
3249 512 3340 576 ιγ’,
3366 503 3593 562 Joannis
3627 511 3707 560 ιε’.

443 614 651 685 εθιίειιε
661 625 786 667 esse
799 609 1051 681 proprias
1065 615 1119 664 et
1133 608 1461 681 peculiares.
1473 608 1616 665 lstas
1634 607 1801 680 igitur
1811 609 2034 664 univer-

445 721 538 762 sas
554 703 775 760 reduxit
812 703 880 757 ad
910 701 1100 757 decem
1136 700 1698 772 tabulas:pericopas
1723 700 1937 756 scilicet
1976 701 2033 756 in

442 796 645 869 quibus
663 802 901 866 quatuor
930 792 1280 863 evangelista:
1305 792 1662 857 concordant,
1697 791 1764 845 ad
1787 791 2033 846 tabulam

443 890 675 961 primam
702 906 717 954 ;
749 885 1023 957 inquibus
1041 884 1180 941 Mat.
1217 883 1274 939 Η
1280 901 1360 939 ar.
1381 882 1510 939 Luc.
1530 884 1598 939 ad
1615 880 1914 939 secundam
1936 901 1952 950 ;
1975 882 2031 938 in

442 980 645 1050 quibus
667 977 861 1033 Matth.
881 978 1016 1031 Luc.
1037 976 1200 1032 Joan.
1227 977 1292 1031 ad
1312 975 1560 1041 tertiam;
1589 976 1644 1030 in
1674 974 1876 1045 quibus
1891 972 2029 1031 Mat.

445 1071 591 1127 Mar.
607 1067 771 1128 Joan.
793 1070 861 1125 ad
881 1078 1132 1141 quartam
1155 1087 1170 1136 ;
1189 1070 1242 1124 in
1260 1068 1463 1139 quibus
1482 1066 1621 1122 Mat.
1637 1065 1767 1120 Luc.
1785 1065 1851 1120 ad
1873 1066 2034 1137 quiu-

441 1174 552 1219 tam
574 1164 659 1228 ;in
674 1163 873 1234 quibus
891 1160 1027 1217 Mat.
1062 1160 1205 1217 Mar.
1224 1160 1291 1215 ad
1310 1166 1518 1215 sextam
1540 1177 1553 1224 ;
1574 1159 1630 1213 in
1670 1158 1872 1228 quibus
1890 1156 2030 1215 Mat.

438 1258 604 1313 Joan.
621 1259 689 1312 ad
706 1257 991 1328 septimam
1008 1273 1022 1320 ;
1038 1260 1092 1311 in
1115 1257 1317 1327 quibus
1338 1253 1470 1309 Luc.
1490 1252 1635 1309 Mar.
1663 1254 1730 1309 ad
1742 1263 1989 1310 octavam
2012 1272 2028 1321 ;

442 1351 498 1407 in
527 1349 727 1422 quibus
756 1346 888 1402 Luc.
913 1347 1078 1405 Joan.
1115 1347 1181 1403 ad
1212 1362 1447 1402 nonam:
1484 1347 1725 1417 reliquas
1746 1360 1896 1409 vero,
1911 1360 2033 1416 quae

443 1440 644 1511 cuique
667 1441 1014 1513 evangelista:
1045 1446 1175 1495 sunt
1205 1437 1529 1508 peculiares,
1561 1435 1626 1491 ad
1654 1434 1946 1490 decimam.

516 1529 752 1601 Digestis
801 1530 905 1587 hoc
944 1530 1107 1585 modo
1162 1529 1217 1583 in
1266 1531 1453 1583 decem
1507 1525 1729 1581 tabulas
1780 1526 2027 1583 numeris

438 1625 843 1688 Ammonianis,
874 1638 998 1679 mox
1029 1623 1221 1678 iisdem
1262 1620 1465 1677 sumsit
1495 1619 1550 1674 in
1580 1620 1827 1690 margine
1846 1618 2027 1675 Evan-

437 1716 707 1788 geliorum
736 1729 900 1769 unam
934 1715 1171 1784 aliquam
1207 1729 1237 1768 e
1265 1711 1459 1783 primis
1497 1710 1694 1765 litteris
1729 1711 2026 1783 alpliabeti,

438 1823 563 1879 quae
607 1808 944 1879 signiﬁcaret
975 1806 1240 1868 tabulam,
1275 1803 1341 1859 ad
1385 1820 1546 1875 quam
1599 1818 1866 1860 numerus
1918 1803 2026 1860 iste

2139 607 2231 664 Sic
2264 606 2458 663 Matth.
2503 623 2560 671 τ’,
2593 605 2687 669 27,
2733 605 2801 660 ad
2847 606 2975 667 ista,
3024 599 3343 664 Ἠκούσατε,
3381 599 3466 653 ὅτι
3507 598 3710 671 ἐρρέθη

2133 704 2247 766 τοῖς
2278 700 2549 773 ἀρχαίοις,
2604 698 2680 753 Οὐ
2706 695 3034 770 μοιχεύσεις,
3088 701 3334 749 notatum
3370 691 3618 747 videmus
3640 689 3708 744 ad

2134 810 2287 852 oram
2342 793 2554 849 codicis
2611 789 2713 856 λζ’,
2763 804 2888 845 cum
2930 806 2948 842 ι
3000 786 3235 852 suliixo;
3279 782 3427 856 quod
3469 781 3711 838 ostendit

2138 888 2430 958 pcricopen
2497 884 2662 941 istam
2718 882 2784 938 ad
2834 879 3078 937 tabulam
3135 876 3404 933 decimam
3465 872 3709 936 referri,

2135 978 2366 1049 ideoque
2405 976 2681 1048 peculiare
2713 970 2990 1045 quoddam
3037 975 3418 1040 argumentum
3450 972 3709 1030 tractare,

2134 1071 2347 1126 ceteris
2380 1068 2740 1140 evangelistis
2768 1067 3058 1121 intactum.
3089 1061 3276 1132 Neque
3314 1075 3444 1116 vero
3499 1057 3710 1113 miran-

2134 1163 2261 1219 dum
2293 1202 2309 1227 ,
2375 1162 2423 1217 si
2474 1165 2797 1232 argumenta
2855 1156 3067 1228 singula
3125 1155 3381 1210 distincta
3445 1152 3514 1207 ad
3581 1166 3711 1208 suas

2134 1255 2352 1311 tabulas
2386 1252 2533 1308 baud
2575 1251 2849 1324 redegerit
2877 1249 3169 1305 Eusebius.
3202 1244 3390 1317 Neque
3424 1245 3572 1300 enim
3607 1243 3710 1299 boc

2134 1346 2254 1403 sine
2310 1345 2549 1416 plurium
2609 1343 2677 1398 ad
2732 1342 3027 1413 marginem
3075 1340 3382 1395 sectionum
3434 1335 3713 1392 additione

2136 1435 2385 1508 pmstari
2419 1441 2654 1506 poterat.
2684 1430 2818 1487 Illud
2859 1432 2960 1503 ipsi
2991 1431 3203 1494 datum,
3248 1436 3309 1482 ut
3332 1425 3710 1482 Ammonianis

2131 1528 2399 1593 numeris,
2450 1526 2642 1596 quales
2692 1524 2896 1595 adpicti
2928 1521 3144 1578 fuerant
3192 1521 3257 1575 ad
3306 1534 3459 1575 oram
3502 1517 3710 1574 codicis

2130 1623 2273 1691 ejus,
2330 1619 2615 1690 adaptaret
2659 1633 2792 1675 suos
2836 1616 3120 1684 Canones;
3157 1614 3260 1669 hoc
3306 1622 3413 1678 est,
3459 1612 3518 1673 in
3561 1614 3709 1682 ipsos

2131 1717 2405 1789 digereret
2431 1711 2647 1786 singula
2680 1719 3024 1784 argumenta,
3052 1724 3181 1781 qua:
3217 1708 3362 1763 notis
3394 1705 3702 1761 Ammonia-

2133 1809 2222 1865 nis
2260 1808 2524 1865 distincta
2551 1806 2776 1877 reperit,
2820 1819 2930 1860 non
2980 1801 3113 1860 item
3147 1810 3210 1858 ut
3253 1800 3387 1857 alias
3416 1808 3578 1855 notas
3608 1796 3706 1853 ad-

438 1898 584 1956 foret
613 1899 936 1955 referendus
963 1917 977 1953 :
1003 1915 1038 1951 α
1073 1896 1285 1953 scilicet
1314 1899 1547 1968 primam
1582 1896 1850 1959 tabulam,
1877 1894 1908 1966 β
1933 1910 2021 1950 se—
2054 1910 2098 1966 Β
2126 1902 2301 1957 deret.
2340 1923 2358 1954 ι
2394 1900 2673 1957 Hactenus
2699 1899 2922 1954 Millius.

435 1990 700 2055 cundam,
733 2008 769 2060 γ
810 1991 1048 2052 tertiam.
1098 1999 1154 2046 et
1207 1990 1290 2046 sic
1331 1989 1609 2061 deinceps.
1648 1988 1762 2044 Hoc
1797 1988 2022 2060 quidem

436 2088 599 2151 pacto
637 2081 821 2134 statim
872 2079 941 2134 ad
973 2080 1193 2135 oculum
1243 2081 1677 2151 repraesentavit,
1729 2079 1786 2133 in
1821 2078 2023 2149 quibus

437 2169 574 2226 locis
616 2168 746 2235 duo,
781 2179 914 2236 tres,
954 2172 1041 2226 vel
1093 2181 1330 2241 quatuor
1378 2170 1727 2242 evangelistae
1771 2169 1917 2225 inter
1964 2184 2024 2225 se

434 2262 872 2330 concordarent;
932 2264 1015 2320 vel
1059 2264 1152 2320 ubi
1211 2264 1460 2335 ipsorum
1517 2264 1718 2332 aliquis
1773 2263 2024 2333 quaedam

435 2354 683 2419 haberet,
715 2370 833 2426 qua
861 2370 970 2410 non
995 2364 1181 2411 essent
1220 2357 1275 2411 in
1315 2355 1538 2426 reliquis
1569 2356 1767 2411 tribus.
1802 2353 1902 2409 Ex.
1937 2368 2019 2426 μ’.

433 2446 629 2504 Matth.
666 2462 752 2509 in,
782 2446 872 2510 16,
909 2446 977 2500 ad
1017 2447 1205 2510 verba,
1241 2448 1354 2502 Καὶ
1385 2446 1704 2518 βαπτισθεὶς
1736 2447 1767 2499 ὁ
1818 2444 2026 2518 Ἰησοῦς

433 2538 602 2610 ἀνέϐη
651 2537 812 2603 εὐθὺς
854 2539 964 2592 ἀπὸ
1007 2538 1103 2594 τοῦ
1152 2539 1364 2606 ὓδατος,
1414 2539 1725 2610 appositum
1767 2538 1921 2595 vides
1966 2538 2024 2593 in

434 2631 685 2701 margine
713 2646 1001 2686 numerum
1042 2631 1123 2696 ιδ’,
1159 2647 1283 2687 cum
1316 2650 1352 2687 α
1379 2633 1691 2702 subscripta
1718 2650 1731 2687 :
1762 2629 1910 2701 quod
1935 2630 2023 2684 in-

433 2723 586 2777 dicat
627 2723 904 2795 pertinere
954 2740 1246 2779 numerum
1296 2724 1459 2778 istum
1508 2724 1577 2778 ad
1622 2723 1866 2777 tabulam
1913 2721 2027 2794 pri-

432 2829 602 2869 mam.
636 2813 723 2881 Eo,
743 2822 925 2870 autem
958 2815 1016 2869 in
1045 2815 1148 2870 hac
1171 2816 1356 2870 tabula
1397 2817 1642 2879 invento,
1669 2814 1827 2885 juxta
1850 2817 2025 2887 appa-

432 2915 561 2963 rcnt
587 2907 708 2964 loca
751 2907 1090 2980 reliquorum
1120 2906 1566 2981 Evangeliorum,
1603 2925 1727 2980 qua:
1747 2923 1874 2963 cum
1904 2908 2025 2979 ipso

528 3063 582 3128 α)
621 3050 784 3145 Μῑιιζι
812 3063 950 3121 Nov.
984 3064 1127 3147 Τςει.
1306 3079 1429 3135 pag.
1457 3064 1482 3117 l
1516 3079 1635 3187 seq.

534 3135 584 3187 bl
628 3135 911 3187 Martian..
959 3136 1093 3187 edit.
1141 3133 1368 3187 Hieron.
1409 3143 1544 3187 Iom.
1616 3176 1630 3187 .

434 3135 594 3259 “ita
628 3135 911 3200 Martian.,
959 3136 1093 3190 edit.
1141 3130 1544 3191 Hieroiiflom.
1590 3130 1630 3198 Ῑ,
1664 3148 1824 3206 pagg.
1857 3130 2025 3189 1429-

2198 1996 2469 2053 Caeterum
2518 2002 2635 2050 tum
2678 1992 2944 2067 epistolae,
2991 1999 3106 2045 tum
3157 1987 3443 2044 Canonum
3496 1992 3707 2041 textum

2125 2087 2519 2152 Eusebianum,
2571 2101 2637 2141 ex
2670 2084 2933 2156 praeclara
2977 2081 3223 2152 ejusdem
3270 2078 3424 2134 Millii
3467 2078 3707 2135 editione

2125 2178 2264 2235 Novi
2291 2175 2627 2234 Testamenti
2665 2174 2841 2231 Gnaei
2868 2171 3276 2244 desumpsimus
3298 2170 3374 2245 (ιι)
3403 2188 3418 2226 :
3446 2170 3515 2227 ad
3547 2184 3707 2242 quem

2126 2271 2255 2326 item
2303 2268 2584 2340 exegimus
2641 2267 2961 2322 earumdem
3021 2264 3307 2321 Canonum
3361 2262 3707 2324 versionem,

2126 2379 2289 2436 quam
2328 2363 2473 2419 inter
2521 2361 2581 2418 S.
2637 2361 2955 2433 Hieronymi
2997 2373 3164 2430 opera
3216 2356 3437 2414 edidere
3480 2354 3706 2410 Martia-

2127 2470 2280 2512 nazus
2303 2456 2377 2527 (b)
2408 2463 2465 2509 et
2494 2452 2800 2509 Vallarsius
2824 2452 2896 2524 (c)
2931 2471 2943 2507 :
2979 2452 3074 2508 sed
3103 2466 3171 2506 ex
3201 2450 3494 2505 collatione
3534 2445 3706 2502 Graeci

2127 2554 2312 2602 textus
2346 2544 2573 2600 Milliani
2613 2544 2899 2614 complura
2948 2542 3145 2599 menda
3197 2540 3545 2605 sustulimus,
3588 2551 3708 2608 qua

2128 2637 2183 2693 in
2209 2646 2501 2707 utramque
2522 2634 3000 2705 Hieronymianam
3024 2632 3320 2689 editionem
3346 2631 3713 2699 irrepserunt,

2129 2741 2189 2782 ut
2216 2727 2445 2782 cuilibet
2479 2724 2786 2781 attendenti
2812 2730 3152 2794 compertum
3188 2721 3297 2779 ﬁet.
3331 2718 3585 2775 Veterem
3615 2730 3710 2770 an-

2129 2827 2236 2873 tem
2288 2816 2543 2872 Latinam
2595 2815 2854 2887 Epistola
2901 2814 3223 2871 Eusebiana:
3277 2815 3587 2869 versionem
3638 2821 3709 2864 cx

2129 2909 2383 2965 Fabricio
2405 2907 2483 2981 (ά)
2511 2906 2927 2978 descripsimus.

2201 3067 2270 3190 (ρ)
2311 3064 2577 3126 Vallars..
2600 3065 2733 3148 edit.
2756 3063 2983 3120 Hieron.
3008 3071 3144 3119 tom.
3169 3062 3240 3123 Χ,
3260 3076 3419 3186 pagg.
3446 3058 3706 3116 δτισεε.

2204 3145 2216 3186 ι
2266 3140 2282 3190 l
2321 3135 2513 3190 Fabr..
2544 3136 2688 3190 Bibl.
2719 3134 2813 3190 Gr.
2850 3143 2983 3190 tom.
3017 3132 3106 3190 Vl.
3138 3149 3261 3190 nail.
3292 3133 3325 3189 9
3368 3173 3383 3188 .

2204 3132 2282 3209 (ά)
2321 3135 2513 3201 Fabr.,
2544 3136 2688 3190 Bibl.
2719 3134 2813 3190 Gr.
2850 3143 2983 3190 tom.
3017 3132 3106 3198 Vl,
3138 3132 3383 3205 pag.’97.'

1166 3504 1798 3635 EUSEBII
1895 3503 2972 3636 CAESARIENSIS

1761 3757 2350 3852 EPISTULA

880 3935 911 3977 δ
1085 3952 1169 4013 ΙΝ
1238 3948 1851 4027 SUBSEQUENTES
1937 3953 2306 4015 CANONES
2395 3951 3061 4016 EVANGELIORUM.

2041 4201 2089 4262 c
2119 4198 2493 4255 ΕΥΣεΒιοΣ
2553 4196 3347 4279 δέξῃζέχρῃᾼζῃζξζτρ
3399 4207 3705 4279 nemo

2542 4269 2646 4320 ΕΝ
2673 4268 2904 4337 ΚΥΡΙῼ
2939 4269 3272 4324 ΧΛΙΡΕΙΝ.

2199 4357 2507 4432 Ἀμμώνιος
2548 4358 2648 4429 μὲν
2698 4360 2727 4411 ὁ
2776 4356 3182 4432 Ἀλεξανδρεὺς,
3217 4362 3417 4436 πολλὴν
3444 4365 3522 4431 ὡς
3553 4367 3701 4434 είκδς

429 4463 596 4524 atque
624 4450 895 4527 industria
913 4467 1084 4505 unum
1115 4450 1279 4506 nobis
1309 4465 1407 4521 pro
1439 4458 1681 4522 quatuor
1706 4450 2012 4523 Evangeliis

2120 4451 2431 4523 φιλοπονίαν
2454 4453 2550 4505 καὶ
2575 4449 2814 4523 σπουδὴν
2837 4449 3194 4522 εἰσαγηοχὼς,
3226 4453 3286 4507 τὸ
3313 4455 3399 4509 διὰ
3419 4458 3704 4529 τεσσάρων

427 4544 743 4615 dereliquit.
819 4541 1064 4613 Namque
1108 4543 1276 4598 trium
1342 4542 1759 4616 Evangeliorum
1816 4559 2012 4601 sensus

2120 4546 2248 4617 ἡμῖν
2294 4543 2687 4598 καταλέλοιπεν
2717 4543 3069 4612 Εὐαγγέλιον,
3109 4546 3187 4617 τῷ
3232 4547 3375 4602 κατά
3422 4551 3701 4607 Ματθαῖον

554 4196 929 4255 EUSEBIUS
992 4194 1371 4254 CARPIANO
1445 4195 1721 4252 FRATRI
1807 4197 1898 4254 IN

1016 4266 1323 4324 DOMINO
1374 4266 1434 4323 S.

504 4361 824 4417 Ammonius
873 4360 1093 4432 quidem
1132 4360 1560 4426 Alexandrinus,
1594 4377 1792 4431 magno
1830 4361 2013 4417 studio

427 4646 710 4710 exceptos,
733 4652 927 4693 omnes
948 4637 1155 4692 similes
1181 4643 1470 4693 contextus
1495 4637 1729 4692 Mauhaei
1761 4636 2008 4709 Evange-

432 4731 504 4785 lio
535 4731 696 4801 quasi
745 4729 813 4784 ad
842 4744 1011 4783 unum
1045 4738 1359 4798 congestos,
1392 4730 1694 4785 annexuit:
1728 4731 1802 4785 ita
1833 4738 1892 4785 ut
1917 4747 2012 4786 eo-

428 4821 701 4887 rumdem,
734 4831 1001 4892 quantum
1036 4818 1105 4874 ad
1144 4827 1391 4875 tenorem
1434 4823 1673 4892 pertinet
1728 4822 2008 4888 lectionis,

426 4932 664 4987 sequens
715 4915 830 4986 jam
889 4916 1066 4987 stylus
1128 4915 1469 4984 interruptus
1549 4929 1673 4971 esse
1736 4908 2004 4971 videatur.

429 5008 629 5065 Verum
672 5016 735 5063 ut
788 5008 941 5064 salvo
996 5022 1227 5078 corpore
1288 5006 1404 5062 sive
1463 5013 1634 5070 textu,
1683 5016 2006 5062 cmterorum

424 5101 849 5174 Evangeliorum
880 5099 1101 5171 propria
1133 5107 1187 5155 et
1222 5097 1516 5154 familiaria
1545 5099 1687 5161 loca,
1712 5098 1770 5152 in
1803 5097 2006 5168 quibus

423 5193 614 5250 eadem
669 5192 1039 5260 similiterque
1082 5190 1366 5252 dixerunt,
1399 5191 1542 5247 scire
1578 5190 1760 5263 possis
1784 5206 1850 5246 ac
1878 5207 2008 5248 vere

423 5284 720 5349 disserere,
757 5291 982 5354 accepta
1009 5283 1302 5339 occasione
1330 5299 1397 5339 ex
1444 5281 1692 5353 praedicti
1726 5280 1831 5335 viri
1882 5288 2002 5335 stu-

422 5374 536 5435 dio.
585 5375 692 5429 alia
756 5376 970 5428 ratione
1015 5372 1204 5429 decem
1262 5388 1621 5429 numerorum
1668 5371 1765 5428 tibi
1817 5371 2006 5426 titulos

425 5467 729 5537 designavi.
762 5466 1007 5536 Quorum
1051 5470 1265 5541 primus
1305 5480 1544 5541 quatuor
1571 5468 1627 5523 in
1663 5483 1725 5525 se
1761 5469 2005 5524 continet

2111 4639 2211 4701 τὰς
2244 4635 2558 4708 ὁμοφώνους
2595 4635 2704 4691 τῶν
2732 4634 2934 4689 λοιπῶν
2959 4638 3359 4706 εὐαγγελιστῶν
3390 4645 3700 4714 περικοπὰς

2113 4729 2402 4802 παραθεὶς,
2435 4728 2510 4793 ὡς
2544 4729 2603 4795 ἐξ
2629 4727 2875 4799 ἀνάγκης
2906 4730 3177 4802 συμϐῆναι
3204 4732 3295 4787 τὸν
3330 4734 3432 4804 τῆς
3471 4736 3703 4790 ἀκολου-

2113 4821 2236 4884 θίας
2273 4822 2462 4893 εἱρμὸν
2509 4821 2616 4874 τῶν
2663 4820 2831 4894 τριῶν
2877 4822 3259 4895 διαφθαρῆναι,
3313 4827 3437 4880 ὅσον
3483 4828 3577 4882 ἐπὶ
3619 4828 3695 4900 τῷ

2111 4912 2236 4983 ὕφει
2279 4913 2378 4985 τῆς
2425 4913 2808 4983 ἀναγνώσεως.
2846 4913 2964 4967 Ἵνα
3006 4913 3061 4968 δὲ
3105 4914 3412 4988 σωζομένου
3456 4919 3552 4972 καὶ
3595 4919 3694 4974 τοῦ

2107 5005 2217 5061 τῶν
2245 5004 2444 5059 λοιπῶν
2486 5005 2553 5059 δι’
2579 5005 2701 5058 ὅλου
2746 5004 2996 5077 σώματός
3029 5023 3089 5060 τε
3126 5009 3219 5062 καὶ
3246 5009 3462 5082 είρμοῦ,
3493 5012 3697 5066 εἰδέναι

2108 5097 2252 5171 ἔχοις
2265 5099 2392 5158 τοὺς
2406 5095 2636 5161 οἰκείους
2648 5097 2879 5152 ἑκάστου
2897 5098 3283 5167 εὐαγγελιστοῦ
3300 5101 3516 5165 τόπους,
3537 5104 3595 5156 ὲν
3610 5098 3694 5169 οἷς

2107 5190 2247 5245 κατὰ
2272 5188 2381 5245 τῶν
2396 5188 2624 5263 [αὐτῶν]
2656 5188 2962 5261 ἠνέχθησαν
2978 5190 3286 5263 φιλαλήθως
3301 5194 3496 5257 εἰπεῖν,
3516 5195 3579 5248 ἐκ
3595 5196 3690 5249 τοῦ

2107 5284 2416 5353 πονήματος
2440 5281 2535 5335 τοῦ
2579 5281 2978 5354 προειρημένου
3021 5283 3212 5356 ἀνδρὸς
3240 5283 3479 5356 εἰληφὼς
3514 5286 3690 5358 ἀφορ-

2109 5375 2235 5446 μὰς,
2266 5373 2389 5428 καθ’
2421 5373 2618 5445 ἑτέραν
2652 5372 2870 5446 μέθοεον
2897 5376 3129 5439 κανόνας
3160 5375 3291 5430 δέκα
3321 5376 3413 5429 τὸν
3454 5378 3688 5449 ἀριθμὸν

2103 5466 2400 5538 διεχὰραξά
2433 5485 2513 5521 σοι
2538 5469 2664 5532 τοὺς
2693 5466 3198 5537 ὑποτεταγμένους·
3234 5460 3311 5523 ὧν
3345 5471 3373 5524 ὀ
3407 5470 3503 5541 μὲν
3535 5470 3689 5543 πρῶ-

426 5574 703 5628 numeros,
730 5562 785 5616 in
817 5564 1020 5634 quibus
1051 5564 1251 5618 similia
1275 5564 1343 5619 ab
1375 5563 1653 5619 universis
1676 5561 1822 5618 dicta
1849 5569 1999 5628 sunt,

2120 5576 2195 5623 εος
2219 5560 2463 5631 περιέχει
2493 5558 2761 5631 ἀριθμοὺς
2789 5561 2848 5613 ἐν
2876 5553 2954 5623 οἷς
2976 5559 3044 5611 τὰ
3082 5560 3437 5633 παραπλήσια
3464 5563 3687 5634 εἰρήκεω

427 5651 701 5716 Mattbaeo,
731 5652 935 5716 Marco,
968 5652 1139 5719 Luca,
1167 5653 1401 5711 Joanne.
1437 5652 1749 5718 Secundus,
1785 5653 1840 5707 in
1875 5652 1998 5724 qui-

429 5743 531 5799 bus
577 5749 710 5809 tres,
744 5741 1053 5808 Mattbaeus,
1113 5743 1351 5813 Marcus,
1408 5743 1604 5801 Lucas.
1660 5743 1903 5810 Tertius,
1941 5743 1999 5800 in

431 5835 630 5910 quibus
681 5846 815 5899 tres.
855 5837 1157 5905 Mattliaeus,
1188 5837 1389 5904 Lucas,
1430 5837 1686 5897 Joannes.
1734 5839 1997 5907 Quartus,

2105 5668 2190 5706 σιν
2220 5653 2270 5706 οἱ
2303 5652 2585 5722 τέσσαρες,
2614 5652 2913 5717 Ματθαῖος,
2944 5654 3191 5727 Μάρκος,
3228 5655 3468 5721 Λουκᾶς,
3507 5655 3683 5711 Ἰωάν-

2104 5763 2222 5816 νης.
2262 5745 2319 5797 Ὀ
2354 5742 2623 5817 δεύτερος,
2652 5747 2710 5799 ὲν
2747 5737 2791 5812 ᾧ
2822 5746 2872 5798 οἱ
2897 5748 3065 5818 τρεῖς,
3099 5744 3400 5812 ΜατθαὶὉς,
3433 5749 3682 5820 Μάρκος,

2108 5836 2342 5900 Λουκᾶς.
2376 5834 2433 5890 Ὀ
2456 5834 2656 5906 τρίτος,
2686 5836 2743 5889 ἐν
2769 5828 2814 5904 ᾧ
2836 5836 2885 5889 οἱ
2916 5837 3087 5905 τρεῖς,
3112 5837 3409 5902 Ματοαῐος.
3443 5841 3678 5900 Λουκᾶς.
