4100 6476
422 459 564 518 1⁵277

1569 400 1892 508 οΑέοΝεε
1927 448 2495 508 EVANGELIOBUM.

3529 453 3673 514 1278

434 578 703 646 Ἰωάννης.
733 573 790 627 '0
811 572 1089 643 τέταρτος,
1118 570 1176 622 ὲν
1196 559 1240 637 ᾧ
1259 569 1309 622 οἰ
1333 569 1496 641 τρεῖς,
1522 566 1818 631 Ματθαῖος,
1841 567 1986 638 Μάρ-

2098 566 2153 621 in
2174 566 2521 636 quibustres,
2540 564 2849 632 Mattheus,
2867 566 3106 633 Marcus,
3128 565 3386 626 Joannes.
3409 566 3670 639 Quintus,

423 686 535 732 κος,
577 666 847 737 Ἰωάννης.
888 666 947 719 Ὁ
985 664 1254 734 πέμπτος,
1288 664 1347 716 ὲν
1461 663 1509 715 οἰ
1542 660 1654 725 δύο,
1697 657 1993 724 Ματθαῖος,

420 761 656 823 Λουκᾶς.
694 759 751 811 ’0
782 757 963 820 ἕκτος,
993 756 1052 808 ὲν
1170 756 1220 808 οἰ
1262 754 1374 818 δύο,
1408 752 1705 817 Ματθαῖος,
1746 750 1991 823 Μάρκος.

431 851 490 905 '0
535 850 781 921 ἕϐδομος,
829 850 888 902 ὲν
930 840 975 914 ᾧ
1018 847 1069 899 οἰ
1117 845 1231 908 δύο,
1279 845 1575 908 Ματθαῖος,
1618 842 1890 913 Ἰωάννης.
1938 842 1995 896 '0

416 943 620 1010 ὄγδοος,
647 942 704 995 ὲν
733 934 777 1009 ᾧ
803 942 851 994 οἱ
884 940 998 1004 δύο,
1030 938 1276 1009 Μάρκος,
1300 939 1534 1000 Λουκᾶς.
1575 937 1635 989 Ὁ
1669 934 1908 999 ἔννατος,
1937 935 1996 988 ὲν

416 1027 461 1102 ᾧ
487 1035 535 1087 οἰ
562 1034 674 1099 δύο,
716 1033 951 1097 Λουκᾶς,
997 1030 1270 1102 Ἰωάννης.
1306 1031 1365 1083 '0
1393 1029 1636 1091 δέκατος.
1680 1028 1738 1080 ὲν
1781 1020 1826 1096 ᾧ
1866 1026 1995 1096 περὶ

412 1124 576 1177 τίνων
602 1122 833 1187 ἕκαστος
857 1122 1036 1178 αὐτῶν
1071 1122 1217 1186 ἰδίως
1240 1121 1564 1194 ἀνέγραψεν.
1590 1118 1738 1190 Αὕτη
1770 1118 1869 1189 μὲν
1901 1113 1994 1172 οὖν

414 1215 448 1284 ή
474 1212 584 1266 τῶν
621 1212 1080 1284 ὑποτεταγμένων
1123 1212 1362 1266 κανόνων
1404 1211 1693 1274 ὑπόθεσις·
1729 1210 1763 1281 ἡ
1800 1209 1857 1263 δὲ
1897 1226 1995 1263 σα-

412 1306 519 1376 φὴς
560 1303 739 1358 αὐτῶν
782 1304 1056 1376 διήγησις,
1098 1303 1245 1357 ἔστιν
1290 1303 1402 1374 ἥδε.
1443 1302 1558 1372 Ἐφ’
1623 1302 1837 1372 ἑκάστῳ
1884 1301 1992 1354 τῶν

409 1398 690 1469 τεσσάρων
731 1396 1076 1466 Εὐαγγελίων
1118 1396 1350 1467 ἀριθμός
1396 1412 1481 1459 τις
1521 1394 1806 1467 πρόκειται
1852 1392 1992 1447 κατὰ

413 1489 599 1561 μέρος,
648 1489 948 1561 ἀρχόμενος
997 1488 1104 1543 ἀπὸ
1145 1486 1241 1541 τοῦ
1288 1485 1526 1558 πρώτου,
1567 1482 1686 1539 εἶτα
1715 1486 1988 1556 δευτέρου,

409 1579 503 1633 καὶ
543 1579 749 1650 τρίτου,
792 1580 886 1635 καὶ
918 1578 1154 1649 καθεξῆς
1195 1577 1397 1647 προϊὼν
1437 1577 1506 1630 δι’
1535 1577 1658 1630 ὅλου
1698 1576 1857 1649 μέχρι
1895 1572 1989 1628 τοῦ

406 1670 592 1734 τέλους
622 1669 716 1723 τοῦ
746 1670 971 1742 βιϐλίου.
1001 1668 1137 1724 Καθ’
1162 1670 1392 1723 ἕκαστον
1416 1668 1473 1721 δὲ
1508 1667 1741 1741 ἀριθμὸν
1780 1667 1989 1735 ὑποση-

411 1761 635 1833 μείωσις
660 1761 750 1816 διὰ
772 1760 1142 1833 κινναϐάρεως
1169 1761 1474 1833 πρόκειται,
1504 1758 1739 1830 δηλοῦσα
1769 1759 1827 1810 ὲν
1852 1757 1990 1810 ποίω

403 1852 515 1906 τῶν
540 1852 672 1907 δέκα
704 1852 941 1907 κανόνων
967 1869 1218 1923 κειμενος
1245 1855 1273 1905 ὁ
1294 1851 1526 1923 ἀριθμὸς
1555 1851 1833 1920 τυγχάνει.
1863 1843 1988 1901 Οἷον

2098 659 2154 715 in
2182 658 2386 730 quibus
2410 659 2540 726 duo,
2574 656 2883 728 Matlbzeus,
2909 658 3109 716 Lucas.
3133 658 3352 726 Sextus,
3385 660 3440 716 in
3469 662 3670 734 quibus

2098 750 2228 815 duo,
2263 749 2573 817 Mattbmus,
2605 749 2843 813 Marcus.
2890 749 3189 823 Septimus,
3221 752 3278 807 in
3310 752 3510 824 quibus
3534 753 3668 818 duo,

2099 839 2407 909 Mattheus,
2433 840 2695 898 Joannes.
2732 840 2993 909 Octavus,
3035 844 3089 898 in
3130 844 3330 912 quibus
3363 844 3494 909 duo,
3525 844 3671 900 Mar-

2097 948 2218 997 cus,
2250 931 2450 991 Lucas.
2476 934 2686 999 Nonus,
2709 935 2764 989 in
2797 936 3001 1006 quibus
3030 935 3159 1001 duo,
3176 924 3374 1001 Lucas,
3404 935 3664 993 Joannes.

2096 1024 2372 1093 Decimus,
2398 1026 2455 1081 in
2500 1027 2698 1097 quibus
2741 1027 2942 1098 singuli
2992 1027 3062 1083 de
3088 1027 3415 1098 quibusdam
3447 1029 3669 1102 proprie

2097 1118 2460 1187 scripserunt.
2494 1115 2560 1172 Et
2619 1119 2836 1188 quidem
2887 1118 3261 1189 subiectorum
3297 1120 3577 1175 titulorum
3612 1120 3667 1176 id

2093 1220 2179 1265 est
2210 1218 2591 1280 argumentum
2635 1229 2649 1264 :
2684 1212 2831 1265 clara
2862 1227 2995 1267 vero
3046 1227 3235 1267 eorum
3273 1213 3519 1268 narratio
3550 1213 3671 1268 hate

2094 1307 2199 1357 est.
2226 1300 2439 1356 Etenim
2476 1317 2571 1373 per
2593 1302 2804 1372 singula
2833 1304 2947 1357 loca
2984 1303 3398 1374 Evangeliorum
3438 1305 3668 1375 quidam

2094 1411 2360 1452 numerus
2395 1395 2614 1451 videtur
2645 1396 2951 1466 appositus,
3005 1397 3265 1467 paulatim
3324 1398 3593 1468 incipiens
3633 1413 3701 1454 a‘

2093 1488 2290 1556 primo,
2340 1487 2539 1543 deinde
2593 1485 2855 1554 secundo,
2911 1496 3191 1558 postremo
3247 1489 3433 1555 tertio,
3464 1497 3519 1544 et
3568 1503 3666 1561 per

2090 1578 2336 1634 ordinem
2358 1580 2624 1635 librorum
2659 1578 2729 1633 ad
2761 1578 2920 1635 ﬁnem
2954 1596 3127 1650 usque
3148 1581 3519 1652 progrediens.
3554 1580 3665 1636 Ita-

2091 1687 2195 1742 que
2226 1688 2321 1742 per
2338 1672 2585 1743 singulos
2602 1687 2865 1727 numeros
2891 1672 3226 1741 supputatio,
3251 1690 3345 1743 per
3363 1675 3518 1729 linea:
3544 1674 3663 1730 dis-

2092 1764 2407 1818 tinetionem
2425 1763 2700 1818 invenitur
2714 1764 2944 1826 inserta,
2965 1764 3282 1834 signiﬁcans
3294 1765 3379 1818 cui
3393 1766 3459 1821 de
3470 1767 3659 1822 decen:

2093 1853 2557 1923 titulisappositus
2570 1868 2832 1908 numerus
2845 1852 3358 1925 assignetur.Veluti
3380 1856 3425 1911 si
3443 1856 3662 1926 quidem

403 1944 455 2002 ei
485 1945 584 2016 μὲν
609 1951 678 2007 α’,
694 1945 847 2016 δῆλον
882 1945 958 2009 ὡς
983 1949 1041 1999 ὲν
1061 1945 1138 2016 τῷ
1168 1944 1369 2017 πρώτῳ
1388 1962 1403 1976 ο
1433 1947 1481 1998 εἰ
1512 1944 1569 1998 δὲ
1594 1944 1658 2014 β’,
1682 1946 1740 1997 ὲν
1765 1941 1843 2014 τῷ
1866 1942 1986 1994 δευ-

2097 1948 2354 2014 primum,
2375 1951 2585 2000 eertum
2611 1952 2697 2001 est
2714 1944 2769 1998 in
2789 1924 2987 2013 primo.
3019 1942 3077 1998 Si
3101 1961 3232 2001 vero
3255 1924 3580 2012 secundum,
3607 1949 3659 2002 in

403 2036 548 2108 τέρῳ
565 2052 579 2067 ο
610 2035 706 2090 καὶ
730 2036 870 2090 οὕτω
894 2035 1131 2106 καθεξῆς
1159 2037 1321 2107 μέχρι
1347 2036 1456 2089 τῶν
1481 2036 1633 2090 δέκα.
1660 2035 1726 2088 Εἰ
1746 2030 1839 2088 οὖν
1865 2034 1990 2086 ἁνα-

406 2125 616 2191 πτύξας
639 2125 698 2180 ἓν
721 2144 774 2180 τι
793 2126 901 2180 τῶν
917 2127 1197 2197 τεσσάρων
1218 2126 1563 2196 Εὑαγγελίων
1583 2125 1984 2196 ὁποιονδήποτε,

403 2217 720 2291 βουληθείης
766 2218 1052 2289 ἑπιστῆναί
1089 2235 1197 2273 τινι
1241 2213 1286 2287 ᾦ
1322 2218 1500 2289 βούλει
1539 2212 1845 2288 κεφαλαίῳ,
1892 2216 1986 2269 καὶ

401 2309 606 2379 ⁴γνῶναι
639 2309 783 2375 τινες
815 2310 885 2364 τὰ
926 2310 1285 2383 παραπλήσια
1328 2312 1605 2383 εἰρήκασι,
1633 2309 1881 2372 καὶτοὺς
1908 2309 1987 2361 οἰ-

402 2401 584 2464 κείους
609 2402 667 2454 ὲν
691 2402 907 2472 ἑκάστῳ
930 2403 1125 2465 τόπους
1147 2404 1349 2474 εὑρεῖν,
1387 2404 1445 2455 ὲν
1472 2397 1553 2466 οἷς
1584 2401 1727 2455 κατὰ
1751 2400 1859 2454 τῶν
1887 2400 1985 2452 αὐ-

400 2489 510 2543 τῶν
537 2490 862 2562 ¹ἠνέχθησαν,
896 2486 964 2565 ἧς
992 2493 1206 2563 ἐπέχεις
1245 2494 1552 2564 περικοπῆς
1581 2490 1863 2547 ἀναλαϐὼν
1889 2490 1982 2544 τὸν

400 2582 761 2653 προκείμενον
790 2583 1042 2655 ἀριθμὸν,
1073 2584 1408 2657 ἐπιζητήσας
1448 2605 1509 2640 τε
1542 2587 1706 2640 αὑτὸν
1736 2586 1884 2641 ἔνδον
1922 2588 1981 2641 ὲν

398 2672 479 2742 τῷ
512 2674 714 2734 κανόνι.
749 2674 808 2728 ὃν
836 2676 869 2746 ἠ
905 2676 995 2731 διά
1026 2678 1122 2732 τοῦ
1165 2679 1536 2749 κινναϐάρεως
1572 2679 1981 2750 ὑποσημείωσις

402 2768 955 2843 ὑποϐέϐληκεν,.ετσῃ
994 2772 1092 2843 μὲν
1134 2772 1296 2834 εὐθὺς
1343 2773 1407 2826 ἐκ
1443 2771 1551 2825 τῶν
1585 2773 1676 2825 ἐπὶ
1725 2771 1977 2844 μετώπου

398 2859 492 2915 τοῦ
531 2863 753 2927 κανόνος
787 2865 1144 2937 προγραφῶν,
1176 2865 1364 2920 ὀπόσοι
1393 2864 1487 2917 καὶ
1523 2864 1668 2926 τίνες
1702 2862 1771 2916 τὰ
1803 2880 1978 2934 παρα-

399 2951 606 3023 πλήσια
636 2956 940 3026 εἰρήκασιν.
978 2958 1310 3028 Ἐπιστήσας
1356 2957 1414 3010 δὲ
1455 2958 1551 3010 καὶ
1591 2959 1705 3020 τοῖς
1736 2954 1846 3010 τῶν
1871 2956 1979 3009 λοι-

397 3041 521 3097 πῶν
548 3044 894 3113 Εὐαγγελίων
928 3047 1181 3119 ἀριθμοῖς
1199 3050 1313 3112 τοῖς
1353 3051 1412 3102 ὲν
1447 3047 1525 3118 τῷ
1579 3048 1764 3102 κανόνι
1803 3041 1848 3115 ᾧ
1881 3049 1979 3101 ὲπ·

401 3130 545 3202 ἐχεις
577 3134 794 3206 ἀριθμῷ
818 3137 1263 3209 παρακειμένοις,
1310 3139 1648 3209 ἐπιζητήσας
1674 3155 1735 3192 τε
1781 3138 1977 3201 αὐτοὺς

399 3223 545 3277 ἔνδον
576 3226 634 3279 ἐν
666 3230 778 3291 τοῖς
810 3228 1031 3293 οἰκείοις
1061 3229 1291 3283 ἑκάστου
1306 3229 1640 3299 Εὐαγγελίου
1672 3231 1878 3298 τόποις,
1905 3228 1975 3282 τὰ

398 3316 754 3390 παραπλήσια
786 3319 1042 3390 λέγοντας
1065 3322 1336 3394 εὑρήσεις.

499 3531 567 3583 Δ.
605 3529 845 3583 ΚΑΝΩΝ
884 3530 1148 3585 ΠΡΩΤΟΣ
1186 3534 1277 3586 ΕΝ
1315 3535 1357 3605 ῼ
1395 3536 1460 3589 01
1494 3535 1861 3591 ΤΕΣΣΑΡΕΣ.

530 3646 653 3703 ΜΤ.
921 3648 1042 3701 ΜΡ.
1332 3649 1402 3707 Λ.
1710 3651 1800 3707 ID.

531 3777 595 3883 Ρ.
810 3760 964 3884 αξ
1252 3759 1354 3884 ’ῗ
1713 3781 1756 3898 €-

534 3917 593 3954 ια
926 3900 957 3953 δ
1327 3918 1345 3954 ι
1716 3903 1770 3956 ιϐ

535 3986 592 4026 ια
925 3968 958 4023 δ
1322 3988 1340 4024 ι
1705 3973 1756 4026 ιδ

534 4056 590 4093 ια
928 4036 961 4092 δ
1327 4058 1345 4093 ι
1695 4059 1771 4114 κη

535 4127 584 4182 ιδ
921 4144 952 4182 ι
1323 4147 1378 4196 ιγ
1714 4151 1761 4187 ιε

532 4214 609 4267 κγ
920 4197 1005 4274 lx;
1316 4200 1377 4274 ξς
1704 4220 1788 4274 μς

530 4284 605 4338 κγ
925 4268 995 4343 κς
1315 4269 1377 4322 λδ
1697 4268 1782 4343 μς

529 4354 605 4460 ἔτ
920 4338 993 4460 2‘
1309 4356 1384 4475 if;
1699 4338 1783 4480 ἐξ

530 4501 608 4578 FC
929 4499 1025 4578 ρλθ
1309 4519 1372 4555 σν
1714 4522 1830 4578 ρμα

530 4573 604 4647 μη
920 4576 1007 4647 μς
1314 4580 1411 4641 ρις
1703 4573 1776 4647 (ut

527 4642 601 4717 μη
919 4642 1002 4717 μς
1317 4659 1415 4714 ρις
1702 4642 1793 4717 ρια

528 4712 603 4786 im
919 4712 1001 4786 Ῥις
1309 4712 1408 4784 et?
1701 4712 1744 4786 ἐι

527 4780 600 4850 ίιη
922 4782 1004 4845 tt?
1309 4780 1412 4855 ρις·
1700 4780 1801 4858 ρκθ

527 4871 600 4948 ιδῃ
918 4873 1002 4948 ἓ*ιὲ
1317 4888 1415 4948 Pi?
1700 4876 1803 4948 ρλα

526 4937 630 5009 PIT
918 4937 984 5002 λζ
1312 4937 1398 5019 δῖ
1694 4937 1760 5019 ἔνθ

527 5024 557 5079 ρ
566 5025 642 5079 μα
917 5027 947 5061 ν
1317 5012 1366 5065 ιθ
1694 5012 1757 5069 ιθ

527 5079 638 5150 ρμσ
918 5095 986 5150 γα
1308 5098 1383 5136 κα
1696 5085 1756 5139 λε

528 5147 634 5219 Pes
914 5147 974 5215 ξδ
1316 5155 1391 5221 ῑιγ
1708 5155 1780 5226 μθ

524 5238 622 5311 ρξε
916 5240 987 5294 πδ
1303 5242 1371 5308 ιιδ
1706 5244 1761 5309 ιζ

522 5325 631 5430 εις
911 5311 1005 5452 ἒῗο
1304 5313 1398 5458 iis
1691 5315 1751 5458 ξ

520 5464 613 5500 σια
914 5467 1021 5521 ρκα
1304 5453 1409 5577 σλτό
1691 5453 1767 5512 κα

522 5532 590 5569 σκ
915 5521 1018 5591 ρκϐ
1313 5522 1378 5576 σλ
1707 5527 1773 5593 οξ

524 5624 592 5661 σκ
916 5613 1018 5683 ρκθ
1304 5633 1337 5669 σ
1383 5614 1417 5669 ϐ
1699 5635 1771 5672 πε

524 5694 591 5731 σκ
605 5747 621 5751 _
918 5682 1021 5751 ρκϐ
1301 5633 1403 5751 si;
1701 5703 1771 5751 ππ

520 5694 591 5731 σκ
918 5682 1021 5752 ρκϐ
1301 5682 1403 5751 σξα
1701 5703 1782 5759 πη

521 5747 629 5830 σμξ
908 5752 1003 5830 ρὶθ
1302 5772 1366 5808 σν
1710 5774 1822 5830 ρμα

521 5816 629 5903 Ἶμέ
908 5816 1003 5893 βλθ
1299 5841 1369 5903 σϊ
1702 5816 1824 5903 ei“:

1997 3540 2040 3597 C
2105 3502 2360 3588 INCIPIT
2399 3527 2632 3586 CANON
2664 3525 2930 3583 PRIMUS
2967 3524 3037 3580 IN
3073 3524 3218 3592 QUO
3254 3521 3614 3590 QUA'I‘UOB.

2090 2039 2358 2105 secundo,
2381 2045 2436 2093 et
2461 2038 2649 2093 eodem
2673 2037 2837 2092 modo
2867 2052 3043 2108 usque
3073 2038 3139 2093 ad
3164 2042 3374 2094 decem.
3410 2038 3467 2094 Si
3497 2041 3658 2111 igitur

2087 2132 2305 2188 evoluto
2338 2146 2446 2185 uno
2473 2131 2846 2201 qualicunque
2879 2145 3005 2186 eum
3058 2139 3295 2201 quatuor
3328 2131 3658 2202 Evangeliis,

2086 2224 2309 2280 cuilibet
2330 2222 2571 2293 capitulo
2584 2222 2720 2278 velis
2749 2223 3025 2286 insistere,
3057 2231 3111 2279 et
3145 2223 3347 2279 rescire
3377 2222 3470 2294 qui
3502 2222 3661 2277 simi-

2085 2314 2155 2369 lia
2177 2314 2444 2381 dixerint,
2474 2323 2529 2369 et
2549 2314 2668 2368 loca
2702 2313 2923 2384 prepria
2953 2328 3254 2384 agnoscere
3288 2313 3666 2384 singulorum,

2083 2406 2139 2462 in
2173 2407 2373 2477 quibus
2432 2406 2623 2462 eadem
2674 2413 2804 2461 sunt
2849 2405 3118 2477 prolocuti
3176 2406 3421 2476 ejusdem
3459 2420 3661 2465 sensus

2082 2516 2243 2570 quem
2277 2505 2469 2565 tenes;
2501 2498 2751 2568 relegens
2784 2498 3125 2569 propositum
3160 2514 3470 2562 numerum,
3501 2515 3658 2569 quie—

2082 2592 2355 2661 situmque
2383 2606 2507 2646 eum
2538 2590 2595 2646 in
2620 2590 2781 2645 titulo
2805 2605 2965 2659 quem
2991 2591 3328 2646 demonstrat
3350 2589 3492 2644 tituli
3525 2590 3658 2646 sub-

2079 2685 2310 2748 notatio,
2335 2683 2599 2738 continuo
2621 2682 2766 2738 scire
2783 2691 2938 2751 potes
2966 2698 3030 2737 ex
3062 2682 3660 2752 suprascriptionibus,

2078 2792 2216 2847 quas
2246 2777 2301 2830 in
2364 2775 2545 2831 fronte
2581 2783 2800 2831 notatas
2841 2775 3086 2831 invenies
3106 2815 3121 2839 ,
3146 2774 3238 2845 qui
3291 2784 3384 2829 aut
3419 2780 3554 2844 quot
3586 2774 3666 2829 de.
3696 2786 3703 2789 ‘

2078 2870 2165 2925 bis
2193 2885 2314 2939 qua:
2348 2869 2605 2940 inquiris,
2636 2868 2837 2924 similia
2879 2867 3139 2923 dixerint.
3189 2864 3428 2921 Veniens
3485 2866 3652 2922 etiam

2079 2960 2145 3015 ad
2172 2962 2381 3031 reliqua
2427 2958 2718 3030 Evangelia
2756 2974 2853 3029 per
2884 2958 3132 3014 eumdem
3164 2952 3453 3012 numerum
3485 2970 3650 3027 quem

2078 3053 2382 3117 eont-inenl,
2414 3050 2625 3105 videbis
2657 3050 2935 3119 appositos
2959 3063 3055 3118 per
3085 3049 3327 3118 singulos
3363 3062 3649 3110 numeros,

2079 3151 2243 3213 atque
2277 3156 2375 3197 eos
2419 3142 2476 3196 in
2509 3139 2626 3196 suis
2655 3139 3005 3210 propriisque
3053 3139 3189 3195 locis
3217 3135 3415 3195 similia
3444 3137 3655 3197 dixisse

2081 3243 2343 3303 reperies.
2758 3243 2763 3248 ’

2142 3637 2406 3695 ΜΔΤΤΗ.
2552 3632 2763 3691 MARC.
2911 3629 3157 3687 LUCAS.
3336 3625 3529 3688 JOAN.

2142 3753 2237 3808 viii
2535 3750 2573 3803 ii
2929 3747 3006 3803 vii
3327 3762 3360 3800 x

2138 3823 2193 3877 xi
2530 3820 2586 3875 iv
2929 3833 2963 3871 x
3325 3817 3380 3869 vi

2136 3893 2193 3948 xi
2530 3891 2586 3945 iv
2928 3903 2962 3940 x
3326 3887 3401 3940 xii

2139 3962 2194 4016 xi
2529 3961 2586 4014 iv
2927 3972 2962 4011 x
3321 3956 3415 4010 xiv

2138 4033 2196 4087 xi
2528 4030 2584 4086 iv
2925 4043 2965 4083 x
3319 4028 3485 4089 xxviii

2066 4110 2079 4123 ’
2137 4125 2231 4180 xiv
2532 4139 2567 4177 v
2930 4118 3027 4175 xiii
3323 4135 3394 4172 xv

2139 4196 2274 4250 xxiii
2529 4192 2673 4247 xxvii
2932 4189 3043 4243 xvii
3322 4189 3432 4249 xlvi

2137 4266 2273 4321 xxiii
2529 4264 2675 4317 xxvii
2932 4259 3098 4314 xxxiv
3320 4261 3430 4315 xlvi

2137 4336 2272 4392 xxiii
2528 4333 2678 4388 xxvii
2932 4330 3024 4384 xlv
3321 4331 3430 4384 xlvi

2136 4406 2228 4461 lxx
2530 4417 2601 4456 xx
2931 4401 3116 4456 xxxvii
3322 4402 3533 4462 xxxviii

2137 4499 2341 4555 lxxxvii
2532 4495 2730 4551 exxxix
2947 4495 3029 4549 ccl
3331 4495 3438 4549 cxli

2136 4571 2303 4625 xcviii
2528 4567 2652 4621 xcvi
2946 4567 3072 4622 cxvi
3331 4581 3437 4620 cxx

2137 4641 2302 4695 xcviii
2526 4637 2649 4691 xcvi
2945 4638 3067 4691 cxvi
3330 4637 3419 4689 cxi

2136 4711 2300 4766 xcviii
2527 4708 2651 4762 xcvi
2944 4709 3066 4762 cxvi
3247 4745 3252 4751 -
3330 4707 3385 4759 xl

2134 4780 2298 4836 xcviii
2523 4778 2650 4832 xcvi
2943 4779 3066 4833 cxvi
3327 4777 3492 4844 cxxix

2130 4874 2296 4931 xeviii
2532 4871 2657 4927 xcvi
2940 4871 3064 4926 exvi
3106 4889 3124 4909 ο
3336 4871 3490 4926 rxxxi

2129 4945 2333 5001 cxxxiii
2532 4941 2721 4997 xxxvii
2936 4940 3101 4995 lxxvii
3326 4942 3415 4996 cix

2128 5017 2236 5071 cxli
2530 5013 2548 5067 l
2934 5011 3028 5065 xix
3326 5013 3401 5065 lix

2128 5087 2260 5141 cxiii
2529 5082 2566 5137 li
2931 5080 3022 5134 xxi
3328 5095 3476 5138 xxxv

2129 5157 2293 5212 cxivii
2528 5154 2640 5209 lx-iv
2930 5150 3061 5206 xeiii
3325 5153 3440 5213 xlix

2132 5247 2278 5303 clxvi
2529 5244 2716 5299 lxxxiv
2934 5241 3061 5295 xciv
3324 5244 3435 5297 xvii

2131 5318 2277 5373 clxvi
2534 5315 2707 5369 lxxxii
2931 5311 3057 5366 xciv
3323 5312 3473 5370 lxxiv

2129 5388 2252 5443 ecix
2528 5385 2653 5440 cxix
2931 5382 3165 5436 ecxxxiv
3318 5398 3349 5435 e

2128 5461 2251 5513 ccxi
2526 5454 2652 5509 cxxi
2931 5452 3199 5507 ccxxxviii
3317 5453 3411 5506 xxi

2130 5544 2268 5584 ccxx
2525 5524 2673 5580 cxxii
2930 5537 3026 5577 ccx
3037 5523 3158 5577 xxix
3320 5523 3486 5579 lxxvii

2128 5633 2269 5673 ccxx
2524 5614 2691 5671 cxxix
2929 5615 3092 5669 ccxlii
3317 5615 3485 5671 lxxxv

2128 5703 2264 5743 ccxx
2523 5685 2670 5741 cxxii
2931 5685 3075 5739 cclxi
3319 5685 3551 5751 lxxxviii

2124 5758 2302 5813 ccxliv
2522 5758 2723 5813 exxxix
2929 5757 3014 5809 cel
3319 5756 3426 5810 cxti

2121 5828 2299 5881 erxliv
2520 5830 2717 5885 exxxix
2926 5827 3009 5880 ecl
3319 5826 3464 5885 cxlvi

2120 5898 2332 5955 cclxxiv
2518 5897 2625 5955 elvi
2920 5897 3040 5957 cclx
3321 5911 3393 5959 xx
