4100 6482
528 414 666 471 1295

523 540 692 589 pomus
713 525 1410 589 descripserit;justisvero
1455 532 1685 589 aeternam
1725 542 1752 575 a
1793 527 1899 576 Deo
1939 531 2087 578 vitam

526 586 743 650 promitti
765 588 1005 650 docuerit,
1030 586 1135 634 106.
1163 586 1384 636 Christus
1405 588 1607 649 .losephi
1650 590 1932 638 testimonio
1957 604 2088 638 com-

524 648 798 697 mentiatur.
848 648 1068 698 Christus
1115 652 1353 697 vocationi
1399 648 1614 697 omnium
1664 655 1887 710 gentium
1921 689 1933 709 ,
1980 660 2083 699 tum

525 711 735 768 facilem,
748 716 849 757 tum
862 710 1261 756 accommodatam
1278 712 1440 772 legem
1457 710 1704 772 imposuit,
1730 710 1836 757 124.
1867 711 2086 760 Christus

523 773 809 820 nominatim
855 772 1049 833 domum
1096 772 1296 833 fidelem
1340 771 1365 819 a
1407 771 1553 819 Patre
1598 771 1773 833 accipit
1821 774 2088 821 Ecclesiam

523 845 658 895 suam
693 839 745 878 et
777 832 1082 895 sacerdotem
1108 832 1302 895 ﬁdelem
1324 834 1371 879 in
1403 846 1547 895 omne
1575 832 1767 895 tempus
1809 836 1892 895 qui
1920 835 2087 883 Eccle-

522 892 610 941 sia:
633 906 735 941 sum
760 905 868 940 cum
905 891 992 941 Dei
1036 891 1313 951 cognitione
1359 892 1540 954 praesit,
1579 891 1693 941 44ίῖ
1742 894 1961 943 Christus
2000 909 2089 944 no-

523 955 740 1003 minatim
781 968 807 1003 a
854 954 997 1001 Patre
1042 954 1146 1001 Deo
1191 962 1433 1013 servatur,
1477 963 1525 1000 et
1566 957 1771 1003 ein-istos
1815 970 1931 1004 suos
1982 970 2091 1004 ser-

525 1022 621 1074 vat,
668 1014 774 1063 191.
810 1014 1038 1082 Christus
1080 1028 1170 1082 cur
1203 1014 1454 1082 Nazarmti‘s
1494 1014 1564 1082 fit
1589 1014 1780 1082 dictus,
1810 1017 1916 1082 549.
1951 1016 2091 1082 Chri-

520 1084 627 1125 stus
664 1089 752 1125 cur
796 1076 963 1137 Agnus
1001 1076 1091 1124 Dei
1118 1076 1325 1135 dicatur,
1354 1077 1445 1124 462
1487 1077 1709 1126 Christus
1749 1092 1774 1125 a
1817 1080 2090 1127 seductoris

521 1143 637 1187 nota
688 1140 950 1195 asseritur,
1013 1137 1117 1184 107.
1169 1139 1388 1186 Christus
1433 1151 1520 1185 cur
1563 1140 1610 1185 in
1672 1142 1802 1187 omni
1862 1141 1957 1187 vita
2001 1153 2087 1187 sua

525 1199 777 1248 Mosaicam
815 1199 980 1259 legem
1025 1202 1327 1255 servaverit,
1368 1212 1513 1259 quam
1555 1198 1716 1247 fuerat
1757 1199 2087 1258 absoluturus,

523 1259 599 1322 24.
656 1259 1008 1322 Christusqua
1060 1260 1249 1306 ratione
1291 1259 1479 1309 dicatur
1519 1273 1606 1319 pro
1650 1260 1789 1307 nobis
1835 1269 2088 1322 peccatum

518 1319 689 1378 factus,
714 1320 819 1367 467.
847 1320 1067 1368 Christus
1092 1332 1178 1368 cur
1216 1329 1381 1381 pastor
1425 1329 1476 1368 et
1515 1322 1612 1368 dux
1658 1324 1722 1369 sit
1761 1319 1937 1377 dit-tus,
1976 1322 2084 1370 545.

583 1382 802 1433 Christus
847 1395 941 1441 qua
990 1380 1117 1430 tribu
1161 1380 1357 1442 ac’tquo
1386 1390 1606 1441 tempore
1646 1385 1970 1430 incarnandus
2009 1396 2090 1430 es-

519 1450 601 1492 set
636 1440 897 1504 prophetia
948 1440 1247 1490 evidentiori
1278 1440 1582 1499 ostenditur,
1628 1443 1675 1491 5.
1727 1442 1950 1491 Christus
1998 1458 2087 1491 no-

519 1506 737 1553 minatim
765 1516 1072 1565 quaecunque
1112 1505 1333 1564 postulet
1375 1518 1400 1552 a
1438 1505 1580 1553 Patre
1621 1506 1885 1565 impetrare
1919 1513 2087 1552 osten-

518 1567 669 1619 ditur,
715 1564 821 1612 182.
865 1564 1083 1614 Christus
1106 1565 1390 1613 nominatim
1433 1579 1459 1612 a
1500 1565 1604 1613 Deo
1654 1564 1928 1613 neminatur
1950 1574 2001 1613 et
2027 1565 2087 1614 ab

519 1625 748 1688 omnibus
772 1627 1093 1688 agnoscitur,
1132 1627 1412 1673 δυόωσι-ειη]
1453 1638 1568 1688 vero
1595 1635 1797 1687 gentem
1838 1629 2084 1688 repudiat,

522 1687 629 1736 186.
651 1685 894 1750 _1_Zhristus
917 1699 1012 1746 qua
1036 1688 1224 1735 ratione
1259 1690 1423 1748 legem
1450 1687 1568 1735 Mosi
1602 1685 1660 1735 et
1698 1685 1970 1749 Prophetas
2001 1695 2085 1750 qui

516 1755 629 1810 post
650 1746 824 1810 Mosen
847 1746 1061 1810 fuerunt,
1086 1746 1408 1809 cognoscatur
1426 1750 1769 1809 complevisse,
1799 1746 1881 1796 28.
1908 1746 2086 1799 Christi

516 1807 699 1857 nomen
736 1807 860 1871 quid
899 1809 947 1856 in
996 1807 1366 1871 litterissacris
1409 1807 1672 1871 signiticet,
1720 1810 1824 1857 171.
1867 1811 2088 1871 Christus

515 1867 799 1918 nominatim
854 1875 1067 1917 tutorem
1117 1868 1212 1917 sibi
1268 1872 1427 1919 Deum
1455 1867 1719 1919 'ascribens
1760 1869 2085 1930 convincitur,

518 1931 626 1980 185.
678 1930 854 1980 Christi
899 1930 1443 1993 adventutextrcmum
1500 1930 1686 1980 rituum
1741 1939 1891 1993 atque
1943 1931 2085 1981 insti-

518 1996 752 2049 tulorum,
800 2004 911 2052 qua
946 1991 1076 2052 apud
1123 1992 1320 2041 Judaeos
1343 2006 1451 2041 cum
1474 1995 1793 2042 veneratione
1813 1991 2086 2043 servaban-

518 2060 615 2112 tur,
655 2050 893 2102 inlectum
937 2050 1042 2101 fore
1084 2053 1337 2113 probatur,
1382 2053 1487 2101 404.
1529 2053 1708 2103 Christi
1746 2055 1988 2103 adventus
2037 2059 2087 2104 in

516 2127 711 2163 carnem
738 2116 1031 2175 luculenter
1076 2114 1223 2163 Mosis
1245 2117 1474 2163 valicinio
1502 2114 1808 2175 designatur,
1833 2118 1879 2163 5.
1907 2115 2085 2166 Christi

514 2173 829 2237 admirabiles
854 2188 935 2222 res
967 2181 1134 2236 gestas
1176 2177 1488 2225 narrantibus
1526 2173 1796 2237 discipulis,
1847 2190 1940 2225 non
1975 2191 2086 2225 cre-

514 2236 738 2285 dentium
779 2236 1046 2284 obstinatio
1080 2239 1382 2289 retunditur,
1426 2237 1531 2285 100.
1566 2236 1743 2288 Christi
1777 2239 2085 2287 divinitatem

513 2304 569 2346 et
607 2298 958 2359 humanitatem
983 2299 1157 2359 psalmi
1182 2299 1385 2346 secundi
1408 2300 1635 2346 vaticinio
1655 2301 1952 2348 declaratam
1979 2300 2085 2348 elli-

513 2362 763 2423 cacissima
814 2357 1005 2423 ratione
1036 2359 1330 2423 ostenditur,
1366 2361 1456 2407 182
1500 2359 1675 2411 Christi
1722 2359 1793 2423 in,
1818 2361 2083 2423 {Egyptum

514 2420 753 2482 profectio
789 2432 814 2467 a
848 2418 1045 2482 nemine
1086 2422 1219 2480 juste
1259 2422 1474 2469 accuSari
1519 2426 1701 2482 potest,
1745 2421 1852 2470 126.
1886 2418 2083 2472 ’(ἶῆιιὶδῐί

514 2480 745 2543 itiviuitas
785 2480 962 2541 quibus
995 2484 1478 2543 argutnentisqueat
1517 2480 1731 2543 probari,
1773 2483 1881 2530 154.
1908 2484 2085 2532 Christi

514 2540 727 2593 divinam
770 2540 990 2590 naturam
1028 2544 1147 2591 nihil
1192 2540 1480 2591 detrimenti
1518 2540 1956 2605 passam'corporis
1993 2545 2084 2592 hu-

514 2605 647 2666 mani
671 2606 1024 2666 assumptione,
1045 2606 1292 2666 aptissima
1316 2603 1557 2653 radiorum
1580 2603 1698 2653 solis
1723 2603 2085 2665 comparatione

512 2662 810 2727 declaratur,
838 2662 944 2713 167.
988 2662 1164 2716 Christi
1186 2667 1238 2714 in
1276 2666 1535 2727 A‘ngptum
1562 2672 1617 2713 et
1647 2662 1913 2714 secundum
1940 2667 2085 2715 verba

513 2732 568 2773 et
594 2726 861 2773 secundum
888 2729 1184 2775 sententiam
1223 2726 1461 2776 adventus
1501 2729 1767 2787 corporalis
1804 2728 2082 2787 prmdictus,

513 2787 772 2850 omnisque
793 2786 842 2835 in
865 2788 972 2845 ejus
997 2788 1205 2850 adventu
1221 2788 1567 2850 convertenda
1590 2786 1817 2849 gentium
1845 2790 2087 2850 supersti-

512 2845 583 2911 t_i_o
607 2845 899 2911 declaratur,
920 2849 1028 2897 421.
1054 2847 1232 2897 Christi
1256 2850 1377 2911 ﬁdes
1405 2845 1645 2911 quomodo
1658 2845 1938 2911 propagata,
1975 2850 2082 2898 515.

510 2906 704 2959 Christo
742 2913 884 2957 unico
924 2911 1155 2971 contettit
1184 2908 1389 2971 gratiam
1412 2906 1701 2971 hominibus
1734 2906 1979 2958 uni—versis
2001 2924 2087 2957 an-

508 2972 781 3031 nuntiatam
812 2969 1207 3028 communicare;
1231 2973 1276 3018 5.
1312 2969 1504 3022 Christo
1532 2973 1695 3031 qualia
1731 2971 1966 3019 vocabula
1997 2973 2086 3019 tri-

511 3030 631 3093 buat
654 3032 901 3092 Scriptura
926 3033 1195 3093 secundum
1224 3032 1532 3093 divinitatem
1554 3030 1609 3079 et
1629 3034 1791 3093 qualia
1811 3033 2083 3080 secundum

513 3090 886 3155 humanitatem,
907 3092 1014 3141 462.
1057 3092 1302 3142 ('hristum
1327 3090 1419 3140 Dei
1445 3090 1661 3150 verumf
1678 3094 2086 3155 quemadmodum

512 3153 698 3215 divina
734 3157 940 3215 quadam
989 3154 1175 3215 virtute
1222 3160 1289 3215 et,
1318 3155 1656 3215 praestantiore
1697 3153 1851 3215 quam
1915 3163 2087 3203 natura

512 3213 728 3263 hominis
754 3213 886 3273 ‘t‘ert,
949 3213 1191 3263 exsistere
1254 3213 1490 3263 Hebraica
1552 3216 1691 3263 ratio.
1725 3213 1924 3276 “docet,
1977 3215 2083 3264 176.

591 3297 834 3347 Christum
863 3303 1117 3344 venturum
1139 3295 1186 3344 in
1210 3297 1560 3359 humanitatem
1592 3297 1823 3345 divinitus
1862 3298 2085 3359 inspirati

513 3359 766 3417 propheta:
785 3373 811 3406 a
834 3360 1013 3419 saeculo
1039 3360 1292 3419 vetustatis
1320 3358 1568 3407 Hebraicis
1595 3358 1953 3419 praedixerunt,
1973 3359 2083 3409 515.

509 3420 756 3469 Christum
788 3419 935 3480 ,Deus
967 3417 1072 3480 ipse
1101 3417 1315 3467 universi
1346 3419 1513 3468 Solem
1532 3417 1736 3478 justitiae
1766 3427 1926 3479 vocat,
1968 3420 2081 3471 254.

509 3480 757 3531 Christum
783 3479 874 3529 Dei
914 3479 1129 3529 Verbum
1156 3481 1316 3530 Moses
1350 3482 1494 3529 modo
1534 3480 1694 3529 Deum
1720 3494 1776 3530 ac
1798 3482 2080 3540 Dominum,

506 3542 653 3610 modo
691 3546 936 3610 angelum.
957 3543 1050 3591 Dei
1089 3544 1345 3610 appellata
1368 3542 1443 3610 10.
1495 3542 1745 3610 Christum
1772 3540 1959 3610 priscis
1983 3540 2085 3591 illis

576 3602 732 3651 tribus
756 3602 851 3651 non
873 3604 1034 3665 minus
1053 3602 1300 3665 cognitum
1324 3603 1474 3651 fuisse
1500 3618 1645 3665 quam
1670 3602 1811 3660 nobis
1833 3616 2080 3652 sacrarum

508 3617 732 3712 rall'll'tus
756 3617 851 3651 non
873 3617 1034 3651 minus
1053 3617 1300 3665 cognitum
1324 3617 1474 3651 ltllsse
1500 3618 1645 3712 quam
1670 3617 1811 3660 nonis
1833 3617 2080 3652 sacrarum

526 3663 1101 3727 itterarumtestimonio
1124 3664 1501 3727 comprobatur,
1537 3665 1583 3711 0.
1611 3666 1855 3715 Christum
1884 3664 1985 3727 Dei
2002 3677 2083 3713 se-

507 3726 764 3787 ductorem
791 3725 941 3787 fuisse
966 3725 1354 3775 existimantium
1387 3726 1617 3787 impietas
1640 3728 1942 3782 retunditur,
1971 3726 2079 3775 102.

506 3786 749 3848 Christum
762 3802 788 3837 a
798 3786 823 3836 .1
831 3787 923 3835 uda
943 3788 1245 3848 prodendum
1269 3786 1549 3837 testimonio
1562 3789 1849 3848 prophetico
1859 3787 2083 3836 declara-

508 3854 607 3904 tur,
622 3847 729 3896 441.
742 3849 988 3899 Christum
1004 3847 1257 3898 Psalmista
1277 3848 1352 3896 bis
1365 3847 1623 3897 Dominum
1637 3847 1898 3897 evidenter
1908 3850 2084 3897 confir-

506 3915 624 3966 mat,
637 3908 742 3957 219.
759 3909 1000 3960 Christum
1016 3909 1332 3958 Hebraeorum
1346 3910 1692 3970 prophetarum
1714 3912 1924 3959 oraculis
1958 3923 2083 3970 prae-

505 3972 783 4019 nuntiatum
794 3969 1088 4030 ostenditur,
1100 3970 1179 4019 89.
1191 3969 1758 4030 Christumomuipotens
1772 3972 1907 4020 Deus
1919 3969 1972 4019 et
1981 3972 2084 4019 An-

506 4032 672 4092 gelum
693 4033 975 4081 teStamenti
1011 4037 1147 4081 vocat
1183 4042 1238 4081 et
1272 4035 1551 4087 Dominum,
1578 4032 1686 4080 255.
1721 4033 1914 4082 Christo
1934 4032 2084 4081 adve-

506 4091 676 4155 niente
688 4091 919 4155 gentium
931 4093 1036 4141 fore
1053 4095 1485 4154 congregationem
1507 4092 1821 4154 omniumque
1834 4094 2083 4141 hominum

507 4153 809 4217 agnitionem
836 4153 997 4217 Deitet
1013 4156 1207 4217 modum
1221 4170 1369 4217 unum
1384 4157 1602 4216 pietatis,
1617 4153 1808 4217 etquod
1829 4155 2083 4215 [Etitiopes

504 4214 741 4264 sacriﬁcia
759 4216 829 4264 illi
867 4216 1096 4272 offerent,
1150 4216 1226 4264 50.
1252 4214 1445 4266 Christo
1473 4214 1712 4265 veniente
1746 4214 2083 4265 extremorum

506 4279 656 4325 terrae
694 4284 747 4337 et
786 4284 1071 4326 cunctarum
1110 4276 1332 4337 gentium
1378 4281 1754 4326 conversionem
1802 4279 1861 4326 ad
1902 4279 2081 4336 Deum,

506 4336 983 4400 generationemque
1007 4336 1260 4387 venturam
1287 4345 1341 4387 et
1364 4341 1601 4400 populum
1631 4341 1717 4400 qui
1738 4346 1968 4387 nascetur
2003 4338 2082 4397 ju-

504 4398 689 4461 stitiam
731 4399 837 4461 ejus
868 4398 1201 4461 accepturum,
1232 4398 1619 4461 demonstratur,
1649 4398 1725 4448 46.
1753 4400 1973 4449 Christus
1995 4413 2083 4461 ap-

504 4460 718 4523 pellatos
736 4459 886 4523 fuisse
908 4459 996 4523 eos
1015 4460 1101 4523 qui
1121 4468 1234 4510 ante
1258 4461 1445 4510 Mosem
1464 4460 1727 4511 familiares
1748 4463 1840 4512 Dei
1857 4459 2078 4517 fuerunt.

508 4521 638 4570 sicut
664 4534 754 4570 nos
787 4520 1104 4582 Christianus,
1144 4525 1440 4581 ostenditur,
1480 4524 1556 4571 12.

577 4601 932 4664 Christianismi
956 4604 1084 4664 'qnae
1116 4616 1232 4654 vera
1270 4606 1335 4654 sit
1376 4604 1519 4661 ratio,
1564 4604 1637 4652 24.
1667 4603 2082 4654 Christianismum

512 4663 898 4725 amplexantium
943 4663 1043 4714 vita
1080 4667 1131 4714 in
1174 4666 1294 4715 duas
1333 4669 1531 4723 species
1568 4675 1647 4715 est
1671 4667 1844 4724 divisa,
1870 4667 1948 4714 29.

564 4743 948 4809 Christianorum
985 4743 1179 4809 vivendi
1206 4749 1330 4794 ratio
1360 4748 1602 4809 quomodo
1640 4755 1790 4809 queat
1814 4747 2081 4808 comparari

503 4817 616 4870 cum
654 4818 714 4853 eo
758 4807 951 4855 vivendi
995 4806 1237 4870 instituto,
1278 4806 1409 4869 quod
1458 4806 1717 4867 Abraham,
1744 4806 1954 4870 ejusque
1978 4822 2081 4857 ma—

498 4866 638 4932 jores
677 4869 1041 4932 servarunt,79.
1085 4866 1467 4932 Christianorum
1514 4866 1903 4932 appellationem
1950 4871 2080 4932 unde

504 4928 608 4976 sint
640 4935 819 4990 gentes
859 4931 1064 4989 sortitis,
1110 4929 1188 4978 59.
1211 4928 1594 4981 Christianorum
1620 4945 1797 4980 novum
1823 4944 2005 4980 nomen
2029 4929 2081 4979 in

503 4992 870 5099 ttttttltergztrum
888 4990 1009 5040 orbe
1030 4990 1256 5040 laudibus
1275 4996 1330 5040 et
1350 4990 1515 5041 favore
1534 4994 1885 5043 celebrandum
1907 5000 2081 5042 osten-

540 5056 657 5109 itur,
703 5056 785 5099 81.

502 5199 521 5241 ι
560 5132 811 5243 tit-gatttme
848 5145 1091 5183 universa
1123 5134 1378 5184 naturales
1419 5136 1617 5185 termini
1666 5135 2080 5185 circumscribnnv

527 5208 553 5239 υ
590 5228 604 5243 .
725 5227 736 5237 .

527 5207 604 5250 υτ,
628 5207 736 5243 Dii)-

563 5275 757 5340 Cultum
774 5275 994 5325 divinum
1009 5276 1351 5340 profitentium
1374 5277 1556 5340 triplex
1576 5280 1657 5326 est
1674 5276 1811 5336 ordo,
1829 5275 1907 5340 22.
1929 5274 2074 5326 Cultu

502 5337 671 5386 divino
690 5344 955 5402 occupatos
979 5337 1039 5386 ab
1066 5351 1284 5402 _u_xornm
1314 5337 1555 5402 deinceps
1592 5338 1888 5388 commercio
1921 5339 2079 5387 conti-

501 5410 630 5448 nere
660 5397 851 5461 seipsos
870 5399 1039 5461 decet,
1063 5399 1145 5449 55.

1267 5543 1322 5605 D

565 5675 823 5747 Daemones
844 5681 1074 5747 malostac
1091 5683 1251 5747 omnis
1272 5681 1472 5732 malitias
1493 5686 1723 5747 auctores
1735 5682 1970 5747 gentium
1989 5694 2078 5729 au-

502 5741 659 5804 guriis
676 5742 1057 5804 atqueoraculis
1075 5741 1329 5804 praefuisse
1352 5742 1648 5804 ostenditur,
1669 5741 1780 5792 205.
1815 5743 2077 5793 Daemones

503 5800 661 5871 malos
680 5802 889 5871 oracutis
908 5815 978 5871 _ac
1001 5800 1502 5871 responsisgentibtts
1531 5800 1881 5871 3898001113”
1918 5806 2074 5871 imPo‘

502 5860 664 5906 suisse
689 5860 998 5910 multifariam
1040 5860 1361 5925 convincit—or,
1387 5866 1497 5914 205.
1531 5860 1816 5916 Dtémonum
1853 5860 2071 5916 vexatio-

1760 415 1961 470 lNDEX
2004 418 2481 478 ANALYTICUS.‘

3630 421 3770 478 1293

2196 546 2309 598 [tem
2336 534 2536 598 abigere
2559 535 2665 598 ipso
2687 536 2806 584 Jesu
2852 533 3050 598 nomine
3077 538 3140 598 et
3169 532 3476 596 paucissimis
3514 533 3766 597 precibus,

2194 595 2479 645 Christianae
2504 595 2988 656 est'consuetudiuis,
3013 595 3120 644 155.

2252 680 2416 728 Damis
2447 692 2671 742 peraegre
2699 693 2760 727 ex
2783 680 2976 742 Assyria
2998 691 3111 742 cum
3137 676 3399 742 Apollonio
3425 678 3764 741 proﬁciscitur,

2193 740 2473 802 exindeque
2497 740 2704 802 primum
2725 743 2852 802 aiter
2871 741 3028 802 altero
3047 741 3116 787 uti
3142 740 3452 802 familiariter
3470 742 3637 801 carpit,
3655 740 3765 791 515.

2193 800 2358 849 Darnis
2384 800 2705 863 philosophus
2726 800 2974 862 Apollonii
2992 801 3339 863 consors,7512.
3366 800 3531 848 Darnis
3547 800 3770 862 philoso-

2193 864 2319 924 phus
2336 862 2449 911 inde
2473 862 2789 925 Apollonium
2819 863 3002 923 aliquid
3017 870 3175 925 extra
3215 862 3463 909 hominem
3486 874 3600 910 esse
3622 873 3767 923 puta-

2195 926 2261 971 vit
2281 937 2342 1033 εξίῖ
2362 926 2492 993 quod
2516 923 2622 1033 ipse
2642 938 2697 974 se
2715 925 2764 972 in
2783 936 2981 972 carcere
2999 923 3256 971 detentum
3280 925 3467 984 pedicis
3486 936 3572 973 sua
3588 931 3767 985 sponte

2195 997 2317 1033 exso
2344 994 2486 1033 verit.
2515 991 2544 1033 .3
2578 987 2623 1033 7.

2195 989 2486 1043 exsolverit,
2515 987 2623 1034 517.

2256 1069 2407 1118 David
2420 1070 2561 1130 regni
2580 1081 2912 1117 successorem
2926 1068 2987 1115 de
3000 1079 3091 1115 suo
3102 1067 3291 1114 semine
3302 1078 3400 1114 non
3412 1064 3582 1115 habuit
3598 1082 3623 1115 a
3638 1072 3767 1117 tem-

2258 1144 2313 1177 re
2340 1132 2635 1190 captivitatis
2658 1130 2966 1189 Babylonica;
3010 1142 3166 1188 usque
3192 1129 3251 1177 ad
3276 1130 3538 1176 adventum
3561 1129 3762 1191 Christi,

2192 1191 2300 1238 559.
2328 1191 2573 1254 Davidicaa
2594 1193 2764 1251 stirpis
2784 1205 2844 1238 ne
2868 1198 2996 1239 totos
3027 1192 3227 1254 quidem
3268 1192 3567 1254 quingentos
3611 1203 3767 1254 annos

2195 1254 2344 1300 totius
2366 1252 2582 1300 Judaicae
2606 1254 2771 1314 gentis
2812 1266 3018 1314 regnum
3082 1251 3309 1299 obtinere
3332 1259 3626 1313 potuerunt,
3652 1252 3765 1304 565.

2252 1333 2537 1381 Demetrius
2576 1334 2889 1397 Apollonium
2943 1334 3231 1382 dehortatur
3280 1333 3482 1383 Romam
3530 1334 3763 1397 regredi,

2190 1408 2339 1456 quem
2362 1397 2571 1456 respuit,

2258 1478 2393 1526 Deus
2437 1478 2502 1526 de
2547 1479 2672 1526 corio
2713 1477 3043 1539 descendens,
3083 1478 3167 1539 qui
3202 1476 3423 1539 gentium
3468 1489 3580 1539 qua
3619 1477 3760 1537 prius

2189 1540 2331 1587 illum
2352 1552 2448 1587 non
2471 1538 2834 1601 cognoscebant
2874 1540 2977 1601 duit
3002 1537 3298 1601 exstitit,‘et
3319 1537 3584 1601 a_Judaica
3608 1546 3765 1601 gente

2191 1605 2410 1662 seipsum
2454 1598 2555 1648 est'
2578 1608 2831 1649 aversatus
2880 1599 3145 1662 probatur,
3196 1598 3669 1662 268.“Deumhesse
3710 1600 3764 1662 in

2197 1659 3104 1723 Deo,quemadmodumnos'Patrem
3146 1661 3194 1709 in
3248 1659 3766 1723 Filioetl’iliumjn

2195 1717 2755 1783 Patre'gloriiicamus,
2802 1724 2937 1783 Isaiae
2992 1722 3226 1783 probatur
3286 1717 3597 1779 testimonio],
3653 1720 3759 1783 225.

2193 1785 2329 1835 Deus
2383 1781 2507 1845 puro
2560 1787 2759 1833 silentio
2804 1781 3065 1845 purisque'
3096 1784 3159 1830 de
3211 1782 3320 1845 ipso
3346 1781 3765 1845 ~cogitationibus

2193 1853 2271 1894 est
2294 1841 2532 1893 colendus
2554 1858 2613 1894 ex
2638 1841 2895 1906 Porphyrii
2919 1841 3183 1906 sententia,
3212 1844 3321 1890 205.
3345 1841 3482 1890 Deus
3505 1841 3763 1906 manifeste

2191 1910 2249 1955 ad
2274 1908 2499 1955 homines
2521 1904 2754 1955 venturus
2779 1914 2832 1953 et
2858 1919 3002 1953 omne
3046 1904 3295 1952 hominum
3333 1917 3493 1963 genus
3519 1904 3578 1952 ad
3602 1916 3657 1951 se
3680 1916 3766 1963 res-

2193 1976 2454 2016 vocaturns
2476 1969 2770 2025 declaratur,
2790 1967 2897 2014 261.
2926 1965 3017 2015 Dei
3042 1969 3217 2014 summi
3242 1962 3343 2012 non
3360 1970 3529 2025 piores
3548 1964 3654 2025 lilii,
3672 1962 3762 2013 sed

2193 1979 2454 2016 vocaturos
2476 1979 2770 2025 dectaratur,
2790 1979 2897 2014 τοι.
2926 1979 3017 2015 υρι
3042 1979 3217 2014 summi
3242 1979 3335 2012 non
3360 1979 3465 2073 titur

2193 2044 2319 2079 unus
2340 2031 2472 2078 solus
2490 2030 2553 2076 de
2584 2032 2686 2078 Deo
2709 2030 2845 2077 Deus
2866 2029 2979 2088 jure
3019 2028 3328 2088 praedicatur,
3392 2027 3465 2074 47.

2248 2108 2409 2157 Deum
2433 2122 2709 2176 unum/esse
2729 2110 2811 2170 qui
2832 2110 2945 2157 olim
2990 2123 3016 2156 a
3057 2107 3240 2157 Judazis
3285 2105 3682 2176 cognoscebatur
3708 2113 3765 2176 et

2187 2184 2336 2232 quem
2401 2184 2531 2218 nunc
2580 2169 2756 2218 lidetes
2802 2175 3099 2232 venerantur
3139 2176 3193 2217 et
3249 2172 3418 2232 colunt
3456 2169 3762 2232 propheticis

2191 2228 2431 2281 vaticiniis
2472 2233 2778 2290 declaratur,
2832 2232 2907 2278 18.
2966 2231 3126 2279 Deum
3173 2232 3268 2292 ipsi
3317 2228 3469 2278 lsrael
3515 2228 3763 2279 visibilem

2190 2306 2301 2341 esse
2326 2292 2487 2341 divina
2521 2294 2771 2352 Scriptura
2808 2292 3057 2354 probatur,
3092 2291 3205 2353 quae
3245 2294 3403 2351 ipsum
3429 2291 3762 2354 Deiverbum

2190 2356 2459 2415 signiﬁcat,
2483 2355 2587 2401 214.
2623 2350 2782 2402 Deum
2811 2350 2975 2401 'nemo
3007 2350 3146 2415 vidit
3167 2350 3399 2412 unquam,
3444 2350 3553 2401 244.
3597 2352 3762 2415 Deum

2191 2412 2393 2463 interra
2418 2416 2683 2464 videndum
2703 2416 2880 2464 Christi
2922 2416 2980 2463 ad
3017 2412 3241 2463 homines
3268 2416 3480 2462 adventu
3509 2413 3762 2473 probatur,

2190 2477 2299 2523 262.
2322 2476 2480 2524 Deum
2504 2476 2703 2525 Patrem
2726 2490 2834 2525 cum
2864 2479 3021 2524 altero
3045 2477 3486 2525 communicantem
3507 2476 3571 2524 de
3599 2475 3759 2523 homi-

2192 2535 2270 2586 nis
2290 2537 2484 2599 Opillcio
2511 2539 2672 2586 Moses
2699 2551 2799 2586 non
2819 2540 3080 2599 ignoravit,
3107 2539 3215 2584 252.

2246 2617 2580 2667 Desolationis
2610 2619 2902 2680 metropolis
2925 2619 3205 2667 Judaeorum
3228 2617 3536 2679 significatio,
3559 2616 3635 2666 55.

2248 2703 2469 2752 Dextera
2489 2703 2702 2750 sinistris
2724 2709 2840 2750 sunt
2863 2703 3134 2750 valentiora
3149 2739 3162 2758 ,
3190 2701 3301 2749 455.

2246 2786 2496 2852 Βίέὼοιιιε
2521 2785 2701 2848 quibus
2743 2786 2995 2837 blanditiis
3019 2792 3072 2835 et
3093 2783 3299 2834 occultis
3324 2782 3765 2852 machinationibus

2185 2848 2453 2896 hominess
2484 2847 2588 2898 Deo
2621 2862 2849 2897 aver.ere
2882 2856 2935 2898 et
2954 2852 3005 2897 in
3044 2855 3248 2909 peccato
3269 2847 3563 2909 protrudere
3588 2847 3763 2893 molia-

2187 2916 2285 2967 tur,
2313 2910 2609 2975 ostenditur,
2636 2910 2743 2975 159.
2773 2908 2960 2975 Diaboli
2983 2907 3071 2975 cur
3094 2924 3121 2957 a
3147 2907 3501 2975 latereChristi
3529 2908 3684 2975 casuri
3707 2913 3764 2975 et

2188 2984 2283 3019 non
2307 2985 2333 3019 a
2358 2971 2558 3034 sinistro
2581 2971 2929 3034 (quodtutique
2955 2985 3015 3034 ex
3046 2972 3166 3034 loco
3206 2970 3386 3018 Psalmi
3414 2972 3541 3034 latus
3569 2970 3763 3034 signiti-

2187 3037 2283 3091 cat)
2308 3028 2702 3093 perhibeantur,
2730 3028 2864 3079 457.’
2886 3032 3078 3081 Diaboli
3121 3033 3443 3080 tentationem
3468 3028 3519 3079 in
3558 3030 3762 3078 deserto

2186 3106 2275 3141 cur
2296 3091 2517 3143 Christus
2536 3107 2802 3155 perpessus
2826 3093 2995 3152 fuerit,
3021 3094 3131 3141 454.

2247 3174 2513 3235 Discipulis
2531 3176 2707 3225 Christi
2728 3175 3042 3223 admirabiles
3062 3176 3196 3223 illius
3221 3187 3302 3222 res
3324 3179 3490 3234 gestas
3513 3172 3760 3222 narranti-

2183 3233 2275 3283 bus
2293 3233 2707 3284 non‘credentium
2720 3237 2985 3285 obstimtio
2999 3235 3260 3291 rel'etlitur,
3275 3237 3377 3284 109.
3397 3236 3758 3297 Discipulorunr

2184 3298 2490 3360 consuetudo
2509 3300 2724 3345 omnium
2750 3298 3121 3347 evidentissima
3164 3298 3335 3360 probat
3360 3297 3518 3359 qualis
3535 3296 3616 3345 isit
3646 3296 3759 3356 qui-

2185 3370 2378 3418 cunque
2404 3359 2587 3420 aliquid
2611 3360 2886 3421 proﬁtetur,
2908 3359 3016 3407 127.

2246 3440 2500 3501 Dispersio
2522 3442 2798 3490 Judmorum
2825 3443 2875 3491 in
2900 3455 3072 3491 omnes
3086 3447 3264 3505 gentes
3286 3443 3586 3504 praedicitur,
3611 3440 3692 3492 56.

2182 3597 2216 3648 Β
2243 3521 2614 3633 Divlinalntttura
2630 3526 2824 3587 quando
2853 3526 2919 3574 sit
2934 3527 3049 3574 oleo
3068 3532 3343 3588 comparata
3364 3531 3417 3574 et
3436 3525 3631 3587 quando
3667 3536 3763 3574 un-

2219 3598 2315 3633 uen
2339 3599 2387 3645 o,
2450 3599 2463 3633 ι
2508 3622 2520 3634 .
2643 3625 2653 3635 .

2219 3598 2387 3645 uento,
2410 3598 2520 3634 114.

2244 3666 2418 3717 Divina
2442 3668 2555 3717 Filii
2581 3669 2669 3716 Dei
2704 3666 3090 3730 iucorporeaque
3124 3672 3297 3717 natura
3320 3668 3610 3717 detrimenti
3633 3668 3756 3717 nihil

2183 3731 2387 3838 aggepit,
2422 3743 2518 3779 nec
2547 3732 2712 3792 seipsa
2732 3732 2953 3779 deterior
2982 3730 3105 3779 facta
3147 3737 3225 3778 est
3264 3743 3442 3792 corpus
3479 3743 3754 3790 assumens,

2185 3872 2564 3981 19liiivinitatem
2586 3870 2761 3925 Christi
2785 3871 2966 3934 quibus
2991 3874 3296 3935 argumentis
3328 3874 3567 3935 colligere
3588 3873 3755 3934 liceat,

2242 4015 2474 4077 Divinum
2497 4017 2683 4063 cultum
2706 4015 3041 4077 profitentium
3062 4020 3165 4065 tres
3187 4021 3302 4063 sunt
3322 4015 3539 4071 ordines,
3561 4015 3637 4063 22.

2244 4074 2375 4124 Dolii
2399 4077 2495 4123 duo
2522 4089 2583 4123 ex
2603 4074 2781 4137 quibus
2803 4077 3128 4126 Brachmanas
3162 4078 3332 4126 vicinis
3364 4092 3471 4127 SUlS
3499 4086 3674 4126 ventos
3700 4091 3759 4126 ac

2183 4135 2396 4197 pluviam
2421 4135 2712 4196 immitto—nt,
2738 4137 2847 4187 516.

2244 4218 2509 4270 Domitiani
2535 4232 2662 4269 area
2682 4226 2841 4269 statua
2864 4221 2923 4269 ad
2948 4220 3183 4269 Meletem
3206 4218 3408 4270 ﬂuvium
3428 4222 3539 4280 sita,
3561 4219 3670 4270 510.

2243 4301 2524 4353 Domitiano
2565 4303 2888 4352 Romanorum
2915 4301 3202 4364 imperatori
3223 4301 3515 4365 Apollonius
3532 4303 3755 4365 Iarcham

2183 4370 2237 4413 et
2258 4365 2545 4428 Phraortem
2567 4370 2799 4428 tanquam
2821 4368 2953 4414 solos
2983 4362 3233 4421 hominum
3268 4362 3444 4428 dignos
3460 4362 3546 4427 qui
3569 4365 3637 4413 dii
3669 4376 3759 4413 vo-

2183 4433 2358 4475 centur
2378 4426 2696 4487 depraedicat,
2717 4426 2825 4474 551.

2941 4572 2992 4630 Ε

2245 4690 2575 4739 Ebioneorum
2591 4687 2751 4751 qualis
2773 4688 2923 4738 fuerit
2941 4692 3072 4740 inter
3091 4690 3289 4741 Judzeos
3314 4695 3468 4749 secta,
3488 4690 3599 4740 516.

2246 4772 2491 4836 Ecclesiae
2527 4771 2761 4836 Dei_per
2796 4774 3001 4836 gratiam
3037 4772 3215 4836 Christi
3268 4774 3440 4822 coilata
3496 4779 3575 4822 est
3615 4785 3754 4836 que-

2181 4836 2290 4884 dam
2315 4835 2529 4896 cognitio
2548 4835 2611 4881 de
2628 4834 2773 4896 Patre
2783 4834 2843 4896 et
2865 4835 3010 4892 Filio,
3031 4834 3084 4883 6|
3098 4872 3109 4882 .
3137 4835 3371 4884 Ecclesia:
3388 4838 3614 4896 gentium
3633 4834 3752 4883 olim

2182 4894 2399 4945 desertae
2419 4902 2602 4957 quanta
2627 4894 2751 4958 bona
2776 4894 2912 4944 Deus
2935 4896 3233 4957 promiserit,
3259 4898 3335 4944 58.
3373 4894 3609 4947 Ecclesiae
3629 4909 3747 4958 per-

2181 4964 2441 5006 secutores
2468 4957 2746 5019 perdendos
2765 4970 2877 5019 esse
2903 4958 3200 5006 testimoniis
3220 4958 3568 5019 prophetarum
3590 4957 3755 5019 espli-

2182 5026 2339 5079 catur,
2367 5020 2442 5067 82.
2469 5017 2710 5069 Ecclesia
2734 5017 2968 5079 verbique
3000 5019 3090 5068 Dei
3136 5027 3189 5081 et
3211 5017 3336 5081 legis
3377 5017 3673 5081 progressio
3697 5032 3756 5068 ac

2182 5088 2468 5129 cunctarum
2508 5082 2732 5143 gentium
2774 5082 2963 5143 vocatio
3002 5079 3325 5139 describitur,
3478 5079 3753 5143 Ecclesiam

2182 5156 2326 5190 unam
2351 5154 2480 5199 esse,
2510 5141 2833 5201 eamdemque
2855 5142 3051 5189 domum
3079 5143 3167 5190 Dei
3191 5141 3486 5200 ostenditur,
3512 5141 3618 5190 186.
3658 5141 3753 5190 Ec-

2178 5205 2380 5253 clesiam
2405 5204 2737 5266 contumelias
2761 5209 2815 5250 et
2838 5202 3014 5264 probra
3053 5211 3257 5265 propter
3295 5203 3542 5254 Christum
3579 5217 3753 5266 passu-

2178 5276 2301 5323 ram,
2329 5265 2624 5324 ostenditur,
2653 5264 2760 5314 187.

2239 5347 2555 5398 Ecclesiastis
2577 5354 2748 5397 auctor
2770 5346 3016 5396 Salomoni
3032 5382 3046 5404 ,
3072 5345 3093 5396 1
3128 5381 3145 5396 .

2176 5434 2447 5545 ήιῐίἓξὲεὶε
2468 5432 2587 5482 solis
2602 5432 2761 5494 qualis
2775 5443 2832 5479 ac
2849 5437 3029 5492 quanta
3048 5431 3102 5479 in
3122 5444 3227 5493 ipsa
3253 5432 3445 5481 Domini
3462 5436 3620 5480 morte
3642 5429 3757 5479 fue-

2247 5532 2260 5557 ,
2279 5530 2388 5543 τνυ.

2204 5597 2211 5604 ε
2240 5576 2526 5628 Emmanuel
2550 5575 2670 5637 quid
2691 5576 3071 5636 interpretatum
3094 5571 3367 5636 signiticet,
3390 5573 3498 5623 516.

2239 5660 2582 5769 Emlpegctcoles,
2602 5658 2913 5707 Democritus
2934 5663 2987 5707 et
3009 5657 3310 5719 Pythagoras
3329 5670 3439 5707 cum
3459 5655 3611 5718 magis
3629 5667 3756 5707 con-

2243 5735 2319 5769 rsa
2343 5734 2376 5769 i.
2496 5756 2508 5768 .

2178 5734 2376 5781 versati,
2401 5734 2508 5769 om.

2177 5803 2452 5914 “taman
2467 5814 2556 5852 seu
2580 5801 2723 5855 lamis
2745 5801 2935 5852 damon
2960 5808 3039 5853 est
3071 5801 3300 5853 muliebri
3335 5802 3486 5853 forma
3525 5802 3749 5861 indutus,
