  <div class='ocr_page' id='page_1' title='image "/cluster/home/n/w/nwhite01/storage/ocr_20150623/22/njp.32101077772497/012.png"; bbox 0 0 2053 3218; ppageno 0'>
   <div class='ocr_carea' id='block_1_1' title="bbox 938 219 1017 239">
    <p class='ocr_par' dir='ltr' id='par_1_1' title="bbox 938 229 1017 239">
     <span class='ocr_line' id='line_1_1' title="bbox 938 229 1017 239; baseline 0 0"><span class='ocrx_word' id='word_1_1' title='bbox 938 229 1017 239; x_wconf 59' lang='lat'><strong>2::</strong></span> 
     </span>
    </p>
   </div>
   <div class='ocr_carea' id='block_1_2' title="bbox 938 239 1811 269">
    <p class='ocr_par' dir='ltr' id='par_1_2' title="bbox 938 239 1811 269">
     <span class='ocr_line' id='line_1_2' title="bbox 938 239 1811 269; baseline 0.013 -14"><span class='ocrx_word' id='word_1_2' title='bbox 938 239 1811 269; x_wconf 48' lang='grc' dir='ltr'><em>Ἦ</em></span> 
     </span>
    </p>
   </div>
   <div class='ocr_carea' id='block_1_3' title="bbox 404 554 1593 636">
    <p class='ocr_par' dir='ltr' id='par_1_3' title="bbox 404 554 1593 636">
     <span class='ocr_line' id='line_1_3' title="bbox 404 554 1593 636; baseline 0.013 -16"><span class='ocrx_word' id='word_1_3' title='bbox 404 554 1009 629; x_wconf 74' lang='grc' dir='ltr'><strong>,ΕΥΑΓΓΕΛΙΚΗΣ</strong></span> <span class='ocrx_word' id='word_1_4' title='bbox 1050 561 1593 636; x_wconf 88' lang='grc' dir='ltr'><strong>ΑΠΟΔΕΙΞΕΩΣ</strong></span> 
     </span>
    </p>
   </div>
   <div class='ocr_carea' id='block_1_4' title="bbox 759 679 1253 743">
    <p class='ocr_par' dir='ltr' id='par_1_4' title="bbox 759 679 1253 743">
     <span class='ocr_line' id='line_1_4' title="bbox 759 679 1253 743; baseline 0.016 -7"><span class='ocrx_word' id='word_1_5' title='bbox 759 679 1014 739; x_wconf 88' lang='grc' dir='ltr'><strong>ΒΙΒΛΙΑ</strong></span> <span class='ocrx_word' id='word_1_6' title='bbox 1050 685 1253 743; x_wconf 89' lang='grc' dir='ltr'><strong>ΔΕΚΑ</strong></span> 
     </span>
    </p>
   </div>
   <div class='ocr_carea' id='block_1_5' title="bbox 497 803 1510 970">
    <p class='ocr_par' dir='ltr' id='par_1_5' title="bbox 497 803 1510 970">
     <span class='ocr_line' id='line_1_5' title="bbox 497 803 1510 970; baseline 0.009 -10"><span class='ocrx_word' id='word_1_7' title='bbox 497 872 925 965; x_wconf 86' lang='lat' dir='ltr'><strong>EUSEBII</strong></span> <span class='ocrx_word' id='word_1_8' title='bbox 979 803 1510 970; x_wconf 56' lang='lat' dir='ltr'><strong>i’AMPHILI</strong></span> 
     </span>
    </p>
   </div>
   <div class='ocr_carea' id='block_1_6' title="bbox 291 1031 1715 1108">
    <p class='ocr_par' dir='ltr' id='par_1_6' title="bbox 291 1031 1715 1108">
     <span class='ocr_line' id='line_1_6' title="bbox 291 1031 1715 1108; baseline 0.009 -15"><span class='ocrx_word' id='word_1_9' title='bbox 291 1031 392 1094; x_wconf 91' lang='lat' dir='ltr'><strong>DE</strong></span> <span class='ocrx_word' id='word_1_10' title='bbox 442 1033 1157 1102; x_wconf 80' lang='lat' dir='ltr'><strong>DEMONSTRATIONE</strong></span> <span class='ocrx_word' id='word_1_11' title='bbox 1209 1041 1715 1108; x_wconf 84' lang='lat' dir='ltr'><strong>EVANGELICA</strong></span> 
     </span>
    </p>
   </div>
   <div class='ocr_carea' id='block_1_7' title="bbox 767 1165 1238 1224">
    <p class='ocr_par' dir='ltr' id='par_1_7' title="bbox 767 1165 1238 1224">
     <span class='ocr_line' id='line_1_7' title="bbox 767 1165 1238 1224; baseline 0.004 -2"><span class='ocrx_word' id='word_1_12' title='bbox 767 1165 958 1223; x_wconf 84' lang='lat' dir='ltr'><strong>LIBRI</strong></span> <span class='ocrx_word' id='word_1_13' title='bbox 1000 1167 1238 1224; x_wconf 87' lang='lat' dir='ltr'><strong>DECEM</strong></span> 
     </span>
    </p>
   </div>
   <div class='ocr_carea' id='block_1_8' title="bbox 581 1274 1425 1310">
    <p class='ocr_par' dir='ltr' id='par_1_8' title="bbox 581 1274 1425 1310">
     <span class='ocr_line' id='line_1_8' title="bbox 581 1274 1425 1310; baseline 0.007 -9"><span class='ocrx_word' id='word_1_14' title='bbox 581 1274 798 1303; x_wconf 76' lang='lat' dir='ltr'><strong>lNTERPRETE</strong></span> <span class='ocrx_word' id='word_1_15' title='bbox 817 1275 1037 1304; x_wconf 73' lang='lat' dir='ltr'><strong>BERNARDINO</strong></span> <span class='ocrx_word' id='word_1_16' title='bbox 1055 1275 1206 1310; x_wconf 82' lang='lat' dir='ltr'><strong>DONATO,</strong></span> <span class='ocrx_word' id='word_1_17' title='bbox 1220 1277 1425 1307; x_wconf 80' lang='lat' dir='ltr'><strong>VERONENSI.</strong></span> 
     </span>
    </p>
   </div>
   <div class='ocr_carea' id='block_1_9' title="bbox 222 1352 1764 1391">
    <p class='ocr_par' dir='ltr' id='par_1_9' title="bbox 222 1352 1764 1391">
     <span class='ocr_line' id='line_1_9' title="bbox 222 1352 1764 1391; baseline 0.004 -13"><span class='ocrx_word' id='word_1_18' title='bbox 222 1353 274 1387; x_wconf 72' lang='lat' dir='ltr'><strong>(Ex</strong></span> <span class='ocrx_word' id='word_1_19' title='bbox 289 1354 352 1378; x_wconf 81' lang='lat' dir='ltr'><strong>edit.</strong></span> <span class='ocrx_word' id='word_1_20' title='bbox 363 1353 442 1378; x_wconf 78' lang='lat' dir='ltr'><strong>Paris.</strong></span> <span class='ocrx_word' id='word_1_21' title='bbox 454 1353 523 1381; x_wconf 75' lang='grc'><strong>1628,</strong></span> <span class='ocrx_word' id='word_1_22' title='bbox 540 1353 623 1390; x_wconf 79' lang='lat' dir='ltr'><strong>Colon.</strong></span> <span class='ocrx_word' id='word_1_23' title='bbox 637 1353 727 1391; x_wconf 41' lang='lat' dir='ltr'><strong>(Lips).</strong></span> <span class='ocrx_word' id='word_1_24' title='bbox 738 1353 812 1391; x_wconf 59' lang='grc' dir='ltr'><strong>ιίξεεξ</strong></span> <span class='ocrx_word' id='word_1_25' title='bbox 826 1353 905 1391; x_wconf 69' lang='lat' dir='ltr'><strong>Oxon.</strong></span> <span class='ocrx_word' id='word_1_26' title='bbox 925 1352 993 1391; x_wconf 34' lang='lat'><strong>1.832.</strong></span> <span class='ocrx_word' id='word_1_27' title='bbox 1008 1366 1039 1388; x_wconf 64' lang='grc' dir='ltr'><strong>-ς-</strong></span> <span class='ocrx_word' id='word_1_28' title='bbox 1050 1353 1151 1379; x_wconf 79' lang='lat' dir='ltr'><strong>Accedit</strong></span> <span class='ocrx_word' id='word_1_29' title='bbox 1162 1355 1362 1391; x_wconf 80' lang='lat' dir='ltr'><strong>supplementum</strong></span> <span class='ocrx_word' id='word_1_30' title='bbox 1373 1364 1386 1381; x_wconf 71' lang='grc' dir='ltr'>ι</span> <span class='ocrx_word' id='word_1_31' title='bbox 1398 1357 1427 1391; x_wconf 84' lang='lat' dir='ltr'><strong>J_._</strong></span> <span class='ocrx_word' id='word_1_32' title='bbox 1443 1357 1471 1381; x_wconf 82' lang='grc' dir='ltr'><strong>Δ.</strong></span> <span class='ocrx_word' id='word_1_33' title='bbox 1487 1357 1598 1391; x_wconf 74' lang='lat' dir='ltr'><strong>Fabricio</strong></span> <span class='ocrx_word' id='word_1_34' title='bbox 1617 1360 1764 1391; x_wconf 68' lang='lat' dir='ltr'><strong>uulgatum,</strong></span> 
     </span>
    </p>
   </div>
   <div class='ocr_carea' id='block_1_10' title="bbox 508 1383 1498 1419">
    <p class='ocr_par' dir='ltr' id='par_1_10' title="bbox 508 1383 1498 1419">
     <span class='ocr_line' id='line_1_10' title="bbox 508 1383 1498 1419; baseline 0.005 -11"><span class='ocrx_word' id='word_1_35' title='bbox 508 1385 652 1415; x_wconf 73' lang='lat' dir='ltr'><strong>prommium</strong></span> <span class='ocrx_word' id='word_1_36' title='bbox 675 1385 771 1409; x_wconf 78' lang='lat' dir='ltr'><strong>scilicet</strong></span> <span class='ocrx_word' id='word_1_37' title='bbox 789 1388 816 1409; x_wconf 85' lang='lat' dir='ltr'><strong>et</strong></span> <span class='ocrx_word' id='word_1_38' title='bbox 837 1385 913 1416; x_wconf 78' lang='lat' dir='ltr'><strong>capita</strong></span> <span class='ocrx_word' id='word_1_39' title='bbox 935 1383 969 1408; x_wconf 82' lang='lat' dir='ltr'><strong>lit</strong></span> <span class='ocrx_word' id='word_1_40' title='bbox 991 1383 1081 1416; x_wconf 80' lang='lat' dir='ltr'><strong>priora,</strong></span> <span class='ocrx_word' id='word_1_41' title='bbox 1099 1392 1154 1409; x_wconf 84' lang='lat' dir='ltr'><strong>cum</strong></span> <span class='ocrx_word' id='word_1_42' title='bbox 1176 1383 1253 1417; x_wconf 73' lang='lat' dir='ltr'><strong>ipsius</strong></span> <span class='ocrx_word' id='word_1_43' title='bbox 1274 1388 1356 1418; x_wconf 87' lang='lat' dir='ltr'><strong>operis</strong></span> <span class='ocrx_word' id='word_1_44' title='bbox 1378 1388 1498 1419; x_wconf 76' lang='lat' dir='ltr'><strong>epilogo.)</strong></span> 
     </span>
    </p>
   </div>
   <div class='ocr_carea' id='block_1_11' title="bbox 581 1501 1415 1550">
    <p class='ocr_par' dir='ltr' id='par_1_11' title="bbox 581 1501 1415 1550">
     <span class='ocr_line' id='line_1_11' title="bbox 581 1501 1415 1550; baseline 0.006 -5"><span class='ocrx_word' id='word_1_45' title='bbox 581 1501 872 1547; x_wconf 85' lang='lat' dir='ltr'><strong>EPISTOLA</strong></span> <span class='ocrx_word' id='word_1_46' title='bbox 917 1503 1415 1550; x_wconf 79' lang='lat' dir='ltr'><strong>NUNCUPATORIA.</strong></span> 
     </span>
    </p>
   </div>
   <div class='ocr_carea' id='block_1_12' title="bbox 871 1598 1123 1630">
    <p class='ocr_par' dir='ltr' id='par_1_12' title="bbox 871 1598 1123 1630">
     <span class='ocr_line' id='line_1_12' title="bbox 871 1598 1123 1630; baseline -0.004 -6"><span class='ocrx_word' id='word_1_47' title='bbox 871 1598 928 1630; x_wconf 83' lang='lat' dir='ltr'><strong>(Ed.</strong></span> <span class='ocrx_word' id='word_1_48' title='bbox 947 1598 1025 1624; x_wconf 82' lang='lat' dir='ltr'><strong>Paris.</strong></span> <span class='ocrx_word' id='word_1_49' title='bbox 1042 1598 1123 1629; x_wconf 65' lang='grc' dir='ltr'><strong>ιω.)</strong></span> 
     </span>
    </p>
   </div>
   <div class='ocr_carea' id='block_1_13' title="bbox 217 1685 1804 1723">
    <p class='ocr_par' dir='ltr' id='par_1_13' title="bbox 217 1685 1804 1723">
     <span class='ocr_line' id='line_1_13' title="bbox 217 1685 1804 1723; baseline 0.001 -8"><span class='ocrx_word' id='word_1_50' title='bbox 217 1686 406 1715; x_wconf 74' lang='lat' dir='ltr'><strong>Illustrissimo</strong></span> <span class='ocrx_word' id='word_1_51' title='bbox 416 1696 448 1714; x_wconf 84' lang='lat' dir='ltr'><strong>ac</strong></span> <span class='ocrx_word' id='word_1_52' title='bbox 461 1687 624 1722; x_wconf 77' lang='lat' dir='ltr'><strong>integerrimo</strong></span> <span class='ocrx_word' id='word_1_53' title='bbox 637 1687 691 1714; x_wconf 84' lang='lat' dir='ltr'><strong>viro</strong></span> <span class='ocrx_word' id='word_1_54' title='bbox 703 1687 808 1713; x_wconf 77' lang='lat' dir='ltr'><strong>domino</strong></span> <span class='ocrx_word' id='word_1_55' title='bbox 824 1685 858 1713; x_wconf 88' lang='lat' dir='ltr'><strong>D.</strong></span> <span class='ocrx_word' id='word_1_56' title='bbox 873 1685 1067 1721; x_wconf 73' lang='lat' dir='ltr'><strong>&quot;aequet-illeo,</strong></span> <span class='ocrx_word' id='word_1_57' title='bbox 1080 1688 1260 1723; x_wconf 76' lang='lat' dir='ltr'><strong>augustissimi</strong></span> <span class='ocrx_word' id='word_1_58' title='bbox 1269 1687 1417 1715; x_wconf 81' lang='lat' dir='ltr'><strong>Galliarum</strong></span> <span class='ocrx_word' id='word_1_59' title='bbox 1431 1694 1536 1715; x_wconf 76' lang='lat' dir='ltr'><strong>senatus</strong></span> <span class='ocrx_word' id='word_1_60' title='bbox 1548 1690 1633 1723; x_wconf 83' lang='lat' dir='ltr'><strong>primo</strong></span> <span class='ocrx_word' id='word_1_61' title='bbox 1649 1688 1762 1716; x_wconf 70' lang='lat' dir='ltr'><strong>Prwsidi</strong></span> <span class='ocrx_word' id='word_1_62' title='bbox 1774 1690 1804 1716; x_wconf 84' lang='lat' dir='ltr'><strong>S.</strong></span> 
     </span>
    </p>
   </div>
   <div class='ocr_carea' id='block_1_14' title="bbox 217 1732 1800 1768">
    <p class='ocr_par' dir='ltr' id='par_1_14' title="bbox 217 1732 1800 1768">
     <span class='ocr_line' id='line_1_14' title="bbox 217 1732 1800 1768; baseline 0.003 -8"><span class='ocrx_word' id='word_1_63' title='bbox 217 1732 288 1760; x_wconf 78' lang='lat' dir='ltr'><strong>Bene</strong></span> <span class='ocrx_word' id='word_1_64' title='bbox 303 1741 335 1759; x_wconf 90' lang='lat' dir='ltr'><strong>ac</strong></span> <span class='ocrx_word' id='word_1_65' title='bbox 349 1734 462 1760; x_wconf 74' lang='lat' dir='ltr'><strong>feliciter</strong></span> <span class='ocrx_word' id='word_1_66' title='bbox 476 1734 553 1761; x_wconf 88' lang='lat' dir='ltr'><strong>nobis</strong></span> <span class='ocrx_word' id='word_1_67' title='bbox 568 1733 754 1768; x_wconf 58' lang='lat' dir='ltr'><strong>universasque</strong></span> <span class='ocrx_word' id='word_1_68' title='bbox 767 1733 859 1760; x_wconf 74' lang='lat' dir='ltr'><strong>Gallia:</strong></span> <span class='ocrx_word' id='word_1_69' title='bbox 873 1734 989 1760; x_wconf 82' lang='lat' dir='ltr'><strong>cessisse</strong></span> <span class='ocrx_word' id='word_1_70' title='bbox 1008 1741 1103 1762; x_wconf 80' lang='lat' dir='ltr'><strong>omnes</strong></span> <span class='ocrx_word' id='word_1_71' title='bbox 1117 1735 1350 1767; x_wconf 78' lang='lat' dir='ltr'><strong>existimaverunt,</strong></span> <span class='ocrx_word' id='word_1_72' title='bbox 1367 1735 1550 1762; x_wconf 86' lang='lat' dir='ltr'><strong>illustrissime</strong></span> <span class='ocrx_word' id='word_1_73' title='bbox 1567 1734 1680 1767; x_wconf 55' lang='lat' dir='ltr'><strong>Praeses,</strong></span> <span class='ocrx_word' id='word_1_74' title='bbox 1698 1743 1759 1763; x_wconf 89' lang='lat' dir='ltr'><strong>cum</strong></span> <span class='ocrx_word' id='word_1_75' title='bbox 1769 1737 1800 1764; x_wconf 84' lang='lat' dir='ltr'><strong>al:</strong></span> 
     </span>
    </p>
   </div>
   <div class='ocr_carea' id='block_1_15' title="bbox 178 1779 1800 1814">
    <p class='ocr_par' dir='ltr' id='par_1_15' title="bbox 178 1779 1800 1814">
     <span class='ocr_line' id='line_1_15' title="bbox 178 1779 1800 1814; baseline -0.001 -7"><span class='ocrx_word' id='word_1_76' title='bbox 178 1787 295 1807; x_wconf 80' lang='lat' dir='ltr'><strong>excessu</strong></span> <span class='ocrx_word' id='word_1_77' title='bbox 313 1779 474 1814; x_wconf 79' lang='lat' dir='ltr'><strong>amplissimi</strong></span> <span class='ocrx_word' id='word_1_78' title='bbox 491 1785 601 1807; x_wconf 76' lang='lat' dir='ltr'><strong>senatus</strong></span> <span class='ocrx_word' id='word_1_79' title='bbox 611 1780 755 1814; x_wconf 89' lang='lat' dir='ltr'><strong>principis,</strong></span> <span class='ocrx_word' id='word_1_80' title='bbox 773 1779 859 1814; x_wconf 86' lang='lat' dir='ltr'><strong>patria</strong></span> <span class='ocrx_word' id='word_1_81' title='bbox 872 1779 1052 1811; x_wconf 86' lang='lat' dir='ltr'><strong>diuturniore,</strong></span> <span class='ocrx_word' id='word_1_82' title='bbox 1072 1787 1151 1814; x_wconf 87' lang='lat' dir='ltr'><strong>quam</strong></span> <span class='ocrx_word' id='word_1_83' title='bbox 1168 1784 1356 1810; x_wconf 75' lang='lat' dir='ltr'><strong>consueverat,</strong></span> <span class='ocrx_word' id='word_1_84' title='bbox 1373 1785 1492 1814; x_wconf 88' lang='lat' dir='ltr'><strong>tempore</strong></span> <span class='ocrx_word' id='word_1_85' title='bbox 1509 1785 1692 1812; x_wconf 89' lang='lat' dir='ltr'><strong>consternata,</strong></span> <span class='ocrx_word' id='word_1_86' title='bbox 1710 1780 1800 1807; x_wconf 57' lang='lat' dir='ltr'><strong>subita</strong></span> 
     </span>
    </p>
   </div>
   <div class='ocr_carea' id='block_1_16' title="bbox 180 1824 1800 1862">
    <p class='ocr_par' dir='ltr' id='par_1_16' title="bbox 180 1824 1800 1862">
     <span class='ocr_line' id='line_1_16' title="bbox 180 1824 1800 1862; baseline 0.001 -11"><span class='ocrx_word' id='word_1_87' title='bbox 180 1825 284 1852; x_wconf 83' lang='lat' dir='ltr'><strong>luctum</strong></span> <span class='ocrx_word' id='word_1_88' title='bbox 308 1833 339 1852; x_wconf 86' lang='lat' dir='ltr'><strong>ac</strong></span> <span class='ocrx_word' id='word_1_89' title='bbox 362 1825 525 1853; x_wconf 80' lang='lat' dir='ltr'><strong>desiderium</strong></span> <span class='ocrx_word' id='word_1_90' title='bbox 543 1825 608 1862; x_wconf 70' lang='lat' dir='ltr'><strong>tanti</strong></span> <span class='ocrx_word' id='word_1_91' title='bbox 623 1824 750 1852; x_wconf 69' lang='lat' dir='ltr'><strong>Prmsinlis</strong></span> <span class='ocrx_word' id='word_1_92' title='bbox 763 1829 810 1851; x_wconf 85' lang='lat' dir='ltr'><strong>tua</strong></span> <span class='ocrx_word' id='word_1_93' title='bbox 837 1825 864 1851; x_wconf 86' lang='lat' dir='ltr'><strong>in</strong></span> <span class='ocrx_word' id='word_1_94' title='bbox 883 1825 969 1860; x_wconf 88' lang='lat' dir='ltr'><strong>ipsius</strong></span> <span class='ocrx_word' id='word_1_95' title='bbox 985 1824 1073 1850; x_wconf 89' lang='lat' dir='ltr'><strong>locum</strong></span> <span class='ocrx_word' id='word_1_96' title='bbox 1104 1826 1274 1859; x_wconf 87' lang='lat' dir='ltr'><strong>promotione</strong></span> <span class='ocrx_word' id='word_1_97' title='bbox 1296 1825 1431 1859; x_wconf 90' lang='lat' dir='ltr'><strong>deposuit.</strong></span> <span class='ocrx_word' id='word_1_98' title='bbox 1451 1824 1489 1851; x_wconf 81' lang='lat' dir='ltr'><strong>Ex</strong></span> <span class='ocrx_word' id='word_1_99' title='bbox 1503 1834 1556 1860; x_wconf 91' lang='lat' dir='ltr'><strong>quo</strong></span> <span class='ocrx_word' id='word_1_100' title='bbox 1570 1834 1659 1852; x_wconf 88' lang='lat' dir='ltr'><strong>rerum</strong></span> <span class='ocrx_word' id='word_1_101' title='bbox 1677 1825 1800 1852; x_wconf 86' lang='lat' dir='ltr'><strong>omnium</strong></span> 
     </span>
    </p>
   </div>
   <div class='ocr_carea' id='block_1_17' title="bbox 181 1870 1796 1906">
    <p class='ocr_par' dir='ltr' id='par_1_17' title="bbox 181 1870 1796 1906">
     <span class='ocr_line' id='line_1_17' title="bbox 181 1870 1796 1906; baseline 0.001 -10"><span class='ocrx_word' id='word_1_102' title='bbox 181 1873 348 1906; x_wconf 75' lang='lat' dir='ltr'><strong>agendarum</strong></span> <span class='ocrx_word' id='word_1_103' title='bbox 364 1875 485 1906; x_wconf 85' lang='lat' dir='ltr'><strong>tempora</strong></span> <span class='ocrx_word' id='word_1_104' title='bbox 505 1870 545 1898; x_wconf 92' lang='lat' dir='ltr'><strong>sic</strong></span> <span class='ocrx_word' id='word_1_105' title='bbox 563 1870 720 1902; x_wconf 79' lang='lat' dir='ltr'><strong>illuxerunt,</strong></span> <span class='ocrx_word' id='word_1_106' title='bbox 737 1874 809 1896; x_wconf 87' lang='lat' dir='ltr'><strong>tanta</strong></span> <span class='ocrx_word' id='word_1_107' title='bbox 836 1870 863 1897; x_wconf 89' lang='lat' dir='ltr'><strong>in</strong></span> <span class='ocrx_word' id='word_1_108' title='bbox 886 1871 990 1897; x_wconf 89' lang='lat' dir='ltr'><strong>animos</strong></span> <span class='ocrx_word' id='word_1_109' title='bbox 1005 1870 1126 1897; x_wconf 89' lang='lat' dir='ltr'><strong>omnium</strong></span> <span class='ocrx_word' id='word_1_110' title='bbox 1143 1870 1252 1904; x_wconf 79' lang='lat' dir='ltr'><strong>irrepsit</strong></span> <span class='ocrx_word' id='word_1_111' title='bbox 1265 1870 1368 1901; x_wconf 72' lang='lat' dir='ltr'><strong>lmtitia,</strong></span> <span class='ocrx_word' id='word_1_112' title='bbox 1394 1874 1422 1896; x_wconf 90' lang='lat' dir='ltr'><strong>ut</strong></span> <span class='ocrx_word' id='word_1_113' title='bbox 1437 1871 1480 1897; x_wconf 71' lang='lat' dir='ltr'><strong>vix</strong></span> <span class='ocrx_word' id='word_1_114' title='bbox 1507 1871 1578 1898; x_wconf 80' lang='lat' dir='ltr'><strong>aliud</strong></span> <span class='ocrx_word' id='word_1_115' title='bbox 1593 1871 1711 1906; x_wconf 83' lang='lat' dir='ltr'><strong>optatius</strong></span> <span class='ocrx_word' id='word_1_116' title='bbox 1724 1872 1796 1906; x_wconf 83' lang='lat' dir='ltr'><strong>quod</strong></span> 
     </span>
    </p>
   </div>
   <div class='ocr_carea' id='block_1_18' title="bbox 181 1914 1800 1951">
    <p class='ocr_par' dir='ltr' id='par_1_18' title="bbox 181 1914 1800 1951">
     <span class='ocr_line' id='line_1_18' title="bbox 181 1914 1800 1951; baseline -0.001 -7"><span class='ocrx_word' id='word_1_117' title='bbox 181 1918 293 1947; x_wconf 74' lang='lat' dir='ltr'><strong>vellent,</strong></span> <span class='ocrx_word' id='word_1_118' title='bbox 313 1921 360 1943; x_wconf 90' lang='lat' dir='ltr'><strong>aut</strong></span> <span class='ocrx_word' id='word_1_119' title='bbox 376 1917 448 1951; x_wconf 85' lang='lat' dir='ltr'><strong>quod</strong></span> <span class='ocrx_word' id='word_1_120' title='bbox 471 1915 600 1950; x_wconf 87' lang='lat' dir='ltr'><strong>pristinas</strong></span> <span class='ocrx_word' id='word_1_121' title='bbox 623 1914 797 1950; x_wconf 76' lang='lat' dir='ltr'><strong>a-gritudincs</strong></span> <span class='ocrx_word' id='word_1_122' title='bbox 819 1923 851 1942; x_wconf 80' lang='lat' dir='ltr'><strong>ex</strong></span> <span class='ocrx_word' id='word_1_123' title='bbox 868 1915 970 1942; x_wconf 79' lang='lat' dir='ltr'><strong>recenti</strong></span> <span class='ocrx_word' id='word_1_124' title='bbox 986 1915 1093 1950; x_wconf 83' lang='lat' dir='ltr'><strong>jactura</strong></span> <span class='ocrx_word' id='word_1_125' title='bbox 1113 1919 1259 1950; x_wconf 82' lang='lat' dir='ltr'><strong>conceptas</strong></span> <span class='ocrx_word' id='word_1_126' title='bbox 1275 1915 1459 1942; x_wconf 81' lang='lat' dir='ltr'><strong>vehementius</strong></span> <span class='ocrx_word' id='word_1_127' title='bbox 1476 1916 1613 1949; x_wconf 83' lang='lat' dir='ltr'><strong>allevaret,</strong></span> <span class='ocrx_word' id='word_1_128' title='bbox 1644 1917 1800 1951; x_wconf 64' lang='lat' dir='ltr'><strong>contingere</strong></span> 
     </span>
    </p>
   </div>
   <div class='ocr_carea' id='block_1_19' title="bbox 181 1962 1795 1998">
    <p class='ocr_par' dir='ltr' id='par_1_19' title="bbox 181 1962 1795 1998">
     <span class='ocr_line' id='line_1_19' title="bbox 181 1962 1795 1998; baseline 0 -8"><span class='ocrx_word' id='word_1_129' title='bbox 181 1965 302 1998; x_wconf 83' lang='lat' dir='ltr'><strong>potuisse</strong></span> <span class='ocrx_word' id='word_1_130' title='bbox 315 1964 466 1990; x_wconf 85' lang='lat' dir='ltr'><strong>crederent.</strong></span> <span class='ocrx_word' id='word_1_131' title='bbox 480 1962 567 1998; x_wconf 78' lang='lat' dir='ltr'><strong>thue</strong></span> <span class='ocrx_word' id='word_1_132' title='bbox 583 1963 738 1997; x_wconf 64' lang='lat' dir='ltr'><strong>reipublicae</strong></span> <span class='ocrx_word' id='word_1_133' title='bbox 750 1963 830 1989; x_wconf 84' lang='lat' dir='ltr'><strong>rebus</strong></span> <span class='ocrx_word' id='word_1_134' title='bbox 842 1962 977 1997; x_wconf 88' lang='lat' dir='ltr'><strong>quondam</strong></span> <span class='ocrx_word' id='word_1_135' title='bbox 989 1963 1153 1997; x_wconf 79' lang='lat' dir='ltr'><strong>perturbatis</strong></span> <span class='ocrx_word' id='word_1_136' title='bbox 1162 1963 1379 1990; x_wconf 88' lang='lat' dir='ltr'><strong>animadversum</strong></span> <span class='ocrx_word' id='word_1_137' title='bbox 1394 1968 1447 1996; x_wconf 85' lang='lat' dir='ltr'><strong>est,</strong></span> <span class='ocrx_word' id='word_1_138' title='bbox 1462 1967 1522 1998; x_wconf 89' lang='lat' dir='ltr'><strong>post</strong></span> <span class='ocrx_word' id='word_1_139' title='bbox 1531 1963 1700 1991; x_wconf 79' lang='lat' dir='ltr'><strong>Cannensem</strong></span> <span class='ocrx_word' id='word_1_140' title='bbox 1721 1963 1795 1990; x_wconf 89' lang='lat' dir='ltr'><strong>illam</strong></span> 
     </span>
    </p>
   </div>
   <div class='ocr_carea' id='block_1_20' title="bbox 182 2009 1799 2046">
    <p class='ocr_par' dir='ltr' id='par_1_20' title="bbox 182 2009 1799 2046">
     <span class='ocr_line' id='line_1_20' title="bbox 182 2009 1799 2046; baseline 0.001 -9"><span class='ocrx_word' id='word_1_141' title='bbox 182 2011 287 2037; x_wconf 80' lang='lat' dir='ltr'><strong>cladem</strong></span> <span class='ocrx_word' id='word_1_142' title='bbox 300 2011 420 2038; x_wconf 86' lang='lat' dir='ltr'><strong>secundo</strong></span> <span class='ocrx_word' id='word_1_143' title='bbox 432 2010 549 2037; x_wconf 81' lang='lat' dir='ltr'><strong>Marcelli</strong></span> <span class='ocrx_word' id='word_1_144' title='bbox 565 2011 598 2037; x_wconf 87' lang='lat' dir='ltr'><strong>ad</strong></span> <span class='ocrx_word' id='word_1_145' title='bbox 610 2009 704 2036; x_wconf 83' lang='lat' dir='ltr'><strong>Nolam</strong></span> <span class='ocrx_word' id='word_1_146' title='bbox 718 2010 821 2045; x_wconf 71' lang='lat' dir='ltr'><strong>praelia,</strong></span> <span class='ocrx_word' id='word_1_147' title='bbox 834 2015 962 2044; x_wconf 85' lang='lat' dir='ltr'><strong>populum</strong></span> <span class='ocrx_word' id='word_1_148' title='bbox 977 2010 1127 2037; x_wconf 82' lang='lat' dir='ltr'><strong>Romanum</strong></span> <span class='ocrx_word' id='word_1_149' title='bbox 1141 2011 1257 2045; x_wconf 86' lang='lat' dir='ltr'><strong>primum</strong></span> <span class='ocrx_word' id='word_1_150' title='bbox 1268 2011 1345 2046; x_wconf 74' lang='lat' dir='ltr'><strong>erigi,</strong></span> <span class='ocrx_word' id='word_1_151' title='bbox 1362 2019 1393 2037; x_wconf 86' lang='lat' dir='ltr'><strong>ac</strong></span> <span class='ocrx_word' id='word_1_152' title='bbox 1404 2011 1533 2045; x_wconf 81' lang='lat' dir='ltr'><strong>deinceps</strong></span> <span class='ocrx_word' id='word_1_153' title='bbox 1546 2011 1580 2037; x_wconf 88' lang='lat' dir='ltr'><strong>ad</strong></span> <span class='ocrx_word' id='word_1_154' title='bbox 1594 2016 1702 2046; x_wconf 86' lang='lat' dir='ltr'><strong>optatos</strong></span> <span class='ocrx_word' id='word_1_155' title='bbox 1712 2012 1799 2038; x_wconf 77' lang='lat' dir='ltr'><strong>exitus</strong></span> 
     </span>
    </p>
   </div>
   <div class='ocr_carea' id='block_1_21' title="bbox 178 2057 1799 2093">
    <p class='ocr_par' dir='ltr' id='par_1_21' title="bbox 178 2057 1799 2093">
     <span class='ocr_line' id='line_1_21' title="bbox 178 2057 1799 2093; baseline 0 -9"><span class='ocrx_word' id='word_1_156' title='bbox 178 2058 286 2085; x_wconf 74' lang='lat' dir='ltr'><strong>uitiante</strong></span> <span class='ocrx_word' id='word_1_157' title='bbox 297 2058 406 2085; x_wconf 79' lang='lat' dir='ltr'><strong>fortuna</strong></span> <span class='ocrx_word' id='word_1_158' title='bbox 419 2058 528 2092; x_wconf 84' lang='lat' dir='ltr'><strong>provehi</strong></span> <span class='ocrx_word' id='word_1_159' title='bbox 543 2058 658 2092; x_wconf 72' lang='lat' dir='ltr'><strong>ccepisse</strong></span> <span class='ocrx_word' id='word_1_160' title='bbox 673 2057 732 2084; x_wconf 85' lang='lat' dir='ltr'><strong>:sic</strong></span> <span class='ocrx_word' id='word_1_161' title='bbox 748 2061 808 2092; x_wconf 78' lang='lat' dir='ltr'><strong>post</strong></span> <span class='ocrx_word' id='word_1_162' title='bbox 821 2058 902 2084; x_wconf 88' lang='lat' dir='ltr'><strong>unius</strong></span> <span class='ocrx_word' id='word_1_163' title='bbox 913 2057 962 2083; x_wconf 90' lang='lat' dir='ltr'><strong>viri</strong></span> <span class='ocrx_word' id='word_1_164' title='bbox 977 2057 1071 2083; x_wconf 87' lang='lat' dir='ltr'><strong>amissi</strong></span> <span class='ocrx_word' id='word_1_165' title='bbox 1082 2057 1274 2088; x_wconf 83' lang='lat' dir='ltr'><strong>calamitatem,</strong></span> <span class='ocrx_word' id='word_1_166' title='bbox 1289 2058 1368 2085; x_wconf 89' lang='lat' dir='ltr'><strong>simul</strong></span> <span class='ocrx_word' id='word_1_167' title='bbox 1384 2061 1465 2092; x_wconf 85' lang='lat' dir='ltr'><strong>atque</strong></span> <span class='ocrx_word' id='word_1_168' title='bbox 1477 2058 1510 2085; x_wconf 87' lang='lat' dir='ltr'><strong>ad</strong></span> <span class='ocrx_word' id='word_1_169' title='bbox 1527 2059 1708 2093; x_wconf 77' lang='lat' dir='ltr'><strong>augustiorem</strong></span> <span class='ocrx_word' id='word_1_170' title='bbox 1727 2059 1799 2085; x_wconf 87' lang='lat' dir='ltr'><strong>illam</strong></span> 
     </span>
    </p>
   </div>
   <div class='ocr_carea' id='block_1_22' title="bbox 179 2095 1800 2140">
    <p class='ocr_par' dir='ltr' id='par_1_22' title="bbox 179 2095 1800 2140">
     <span class='ocr_line' id='line_1_22' title="bbox 179 2095 1800 2140; baseline 0.002 -12"><span class='ocrx_word' id='word_1_171' title='bbox 179 2103 384 2138; x_wconf 71' lang='lat' dir='ltr'><strong>principemque</strong></span> <span class='ocrx_word' id='word_1_172' title='bbox 398 2106 509 2130; x_wconf 83' lang='lat' dir='ltr'><strong>senatus</strong></span> <span class='ocrx_word' id='word_1_173' title='bbox 523 2102 692 2137; x_wconf 74' lang='lat' dir='ltr'><strong>dignitatem,</strong></span> <span class='ocrx_word' id='word_1_174' title='bbox 706 2109 759 2128; x_wconf 87' lang='lat' dir='ltr'><strong>non</strong></span> <span class='ocrx_word' id='word_1_175' title='bbox 780 2102 951 2134; x_wconf 86' lang='lat' dir='ltr'><strong>favitoribus,</strong></span> <span class='ocrx_word' id='word_1_176' title='bbox 968 2105 997 2128; x_wconf 90' lang='lat' dir='ltr'><strong>ut</strong></span> <span class='ocrx_word' id='word_1_177' title='bbox 1010 2103 1048 2128; x_wconf 87' lang='lat' dir='ltr'><strong>ait</strong></span> <span class='ocrx_word' id='word_1_178' title='bbox 1061 2102 1198 2134; x_wconf 84' lang='lat' dir='ltr'><strong>Comicus,</strong></span> <span class='ocrx_word' id='word_1_179' title='bbox 1215 2102 1261 2129; x_wconf 88' lang='lat' dir='ltr'><strong>sed</strong></span> <span class='ocrx_word' id='word_1_180' title='bbox 1277 2102 1376 2129; x_wconf 87' lang='lat' dir='ltr'><strong>virtute</strong></span> <span class='ocrx_word' id='word_1_181' title='bbox 1391 2095 1535 2130; x_wconf 77' lang='lat' dir='ltr'><strong>ambiendo</strong></span> <span class='ocrx_word' id='word_1_182' title='bbox 1549 2104 1707 2138; x_wconf 81' lang='lat' dir='ltr'><strong>pervenisti,</strong></span> <span class='ocrx_word' id='word_1_183' title='bbox 1720 2105 1800 2140; x_wconf 81' lang='lat' dir='ltr'><strong>lugu-</strong></span> 
     </span>
    </p>
   </div>
   <div class='ocr_carea' id='block_1_23' title="bbox 178 2148 1798 2184">
    <p class='ocr_par' dir='ltr' id='par_1_23' title="bbox 178 2148 1798 2184">
     <span class='ocr_line' id='line_1_23' title="bbox 178 2148 1798 2184; baseline 0.001 -7"><span class='ocrx_word' id='word_1_184' title='bbox 178 2149 236 2177; x_wconf 84' lang='lat' dir='ltr'><strong>bria</strong></span> <span class='ocrx_word' id='word_1_185' title='bbox 249 2150 340 2177; x_wconf 87' lang='lat' dir='ltr'><strong>omnia</strong></span> <span class='ocrx_word' id='word_1_186' title='bbox 353 2151 445 2184; x_wconf 91' lang='lat' dir='ltr'><strong>procul</strong></span> <span class='ocrx_word' id='word_1_187' title='bbox 459 2150 607 2181; x_wconf 81' lang='lat' dir='ltr'><strong>eliminata,</strong></span> <span class='ocrx_word' id='word_1_188' title='bbox 625 2154 650 2176; x_wconf 89' lang='lat' dir='ltr'><strong>et</strong></span> <span class='ocrx_word' id='word_1_189' title='bbox 666 2157 802 2184; x_wconf 76' lang='lat' dir='ltr'><strong>prosperae</strong></span> <span class='ocrx_word' id='word_1_190' title='bbox 819 2156 862 2176; x_wconf 76' lang='lat' dir='ltr'><strong>res</strong></span> <span class='ocrx_word' id='word_1_191' title='bbox 877 2148 974 2176; x_wconf 87' lang='lat' dir='ltr'><strong>deinde</strong></span> <span class='ocrx_word' id='word_1_192' title='bbox 987 2150 1127 2184; x_wconf 66' lang='lat' dir='ltr'><strong>permultae</strong></span> <span class='ocrx_word' id='word_1_193' title='bbox 1142 2153 1296 2177; x_wconf 75' lang='lat' dir='ltr'><strong>consecuta:</strong></span> <span class='ocrx_word' id='word_1_194' title='bbox 1308 2150 1372 2176; x_wconf 88' lang='lat' dir='ltr'><strong>sint.</strong></span> <span class='ocrx_word' id='word_1_195' title='bbox 1394 2149 1459 2182; x_wconf 78' lang='lat' dir='ltr'><strong>Quae</strong></span> <span class='ocrx_word' id='word_1_196' title='bbox 1478 2151 1539 2178; x_wconf 90' lang='lat' dir='ltr'><strong>aliis</strong></span> <span class='ocrx_word' id='word_1_197' title='bbox 1555 2150 1616 2178; x_wconf 88' lang='lat' dir='ltr'><strong>inde</strong></span> <span class='ocrx_word' id='word_1_198' title='bbox 1634 2153 1798 2180; x_wconf 83' lang='lat' dir='ltr'><strong>accesserint</strong></span> 
     </span>
    </p>
   </div>
   <div class='ocr_carea' id='block_1_24' title="bbox 179 2196 1798 2232">
    <p class='ocr_par' dir='ltr' id='par_1_24' title="bbox 179 2196 1798 2232">
     <span class='ocr_line' id='line_1_24' title="bbox 179 2196 1798 2232; baseline 0.001 -8"><span class='ocrx_word' id='word_1_199' title='bbox 179 2197 330 2229; x_wconf 84' lang='lat' dir='ltr'><strong>commoda,</strong></span> <span class='ocrx_word' id='word_1_200' title='bbox 347 2197 432 2231; x_wconf 75' lang='lat' dir='ltr'><strong>magis</strong></span> <span class='ocrx_word' id='word_1_201' title='bbox 446 2197 512 2232; x_wconf 90' lang='lat' dir='ltr'><strong>ipsis</strong></span> <span class='ocrx_word' id='word_1_202' title='bbox 524 2196 623 2231; x_wconf 86' lang='lat' dir='ltr'><strong>quibus</strong></span> <span class='ocrx_word' id='word_1_203' title='bbox 635 2197 680 2223; x_wconf 89' lang='lat' dir='ltr'><strong>illa</strong></span> <span class='ocrx_word' id='word_1_204' title='bbox 697 2198 867 2231; x_wconf 77' lang='lat' dir='ltr'><strong>contigerunt</strong></span> <span class='ocrx_word' id='word_1_205' title='bbox 878 2196 1001 2229; x_wconf 78' lang='lat' dir='ltr'><strong>fruenda.</strong></span> <span class='ocrx_word' id='word_1_206' title='bbox 1013 2205 1093 2232; x_wconf 86' lang='lat' dir='ltr'><strong>quam</strong></span> <span class='ocrx_word' id='word_1_207' title='bbox 1106 2197 1228 2232; x_wconf 84' lang='lat' dir='ltr'><strong>pluribus</strong></span> <span class='ocrx_word' id='word_1_208' title='bbox 1240 2197 1412 2232; x_wconf 67' lang='lat' dir='ltr'><strong>praedicanda</strong></span> <span class='ocrx_word' id='word_1_209' title='bbox 1426 2197 1613 2232; x_wconf 88' lang='lat' dir='ltr'><strong>relinquimus.</strong></span> <span class='ocrx_word' id='word_1_210' title='bbox 1627 2198 1725 2226; x_wconf 80' lang='lat' dir='ltr'><strong>Noster</strong></span> <span class='ocrx_word' id='word_1_211' title='bbox 1737 2206 1798 2231; x_wconf 77' lang='lat' dir='ltr'><strong>vero</strong></span> 
     </span>
    </p>
   </div>
   <div class='ocr_carea' id='block_1_25' title="bbox 182 2243 1797 2280">
    <p class='ocr_par' dir='ltr' id='par_1_25' title="bbox 182 2243 1797 2280">
     <span class='ocr_line' id='line_1_25' title="bbox 182 2243 1797 2280; baseline 0.001 -11"><span class='ocrx_word' id='word_1_212' title='bbox 182 2244 259 2276; x_wconf 82' lang='lat' dir='ltr'><strong>ordo,</strong></span> <span class='ocrx_word' id='word_1_213' title='bbox 277 2248 371 2271; x_wconf 87' lang='lat' dir='ltr'><strong>nostra</strong></span> <span class='ocrx_word' id='word_1_214' title='bbox 394 2244 521 2276; x_wconf 80' lang='lat' dir='ltr'><strong>societas,</strong></span> <span class='ocrx_word' id='word_1_215' title='bbox 537 2247 564 2270; x_wconf 86' lang='lat' dir='ltr'><strong>et</strong></span> <span class='ocrx_word' id='word_1_216' title='bbox 580 2243 661 2270; x_wconf 80' lang='lat' dir='ltr'><strong>veluti</strong></span> <span class='ocrx_word' id='word_1_217' title='bbox 684 2243 815 2270; x_wconf 75' lang='lat' dir='ltr'><strong>litterario</strong></span> <span class='ocrx_word' id='word_1_218' title='bbox 830 2243 952 2278; x_wconf 56' lang='lat' dir='ltr'><strong>quaedam</strong></span> <span class='ocrx_word' id='word_1_219' title='bbox 974 2244 1116 2275; x_wconf 77' lang='lat' dir='ltr'><strong>sodalitas,</strong></span> <span class='ocrx_word' id='word_1_220' title='bbox 1134 2244 1213 2278; x_wconf 86' lang='lat' dir='ltr'><strong>quasi</strong></span> <span class='ocrx_word' id='word_1_221' title='bbox 1229 2251 1261 2271; x_wconf 76' lang='lat' dir='ltr'><strong>ex</strong></span> <span class='ocrx_word' id='word_1_222' title='bbox 1283 2244 1405 2280; x_wconf 70' lang='lat' dir='ltr'><strong>longiore</strong></span> <span class='ocrx_word' id='word_1_223' title='bbox 1421 2248 1531 2271; x_wconf 75' lang='lat' dir='ltr'><strong>veterno</strong></span> <span class='ocrx_word' id='word_1_224' title='bbox 1545 2248 1682 2276; x_wconf 84' lang='lat' dir='ltr'><strong>revocata,</strong></span> <span class='ocrx_word' id='word_1_225' title='bbox 1698 2246 1724 2272; x_wconf 88' lang='lat' dir='ltr'><strong>in</strong></span> <span class='ocrx_word' id='word_1_226' title='bbox 1738 2253 1797 2272; x_wconf 87' lang='lat' dir='ltr'><strong>eam</strong></span> 
     </span>
    </p>
   </div>
   <div class='ocr_carea' id='block_1_26' title="bbox 181 2288 1798 2324">
    <p class='ocr_par' dir='ltr' id='par_1_26' title="bbox 181 2288 1798 2324">
     <span class='ocr_line' id='line_1_26' title="bbox 181 2288 1798 2324; baseline 0 -8"><span class='ocrx_word' id='word_1_227' title='bbox 181 2297 256 2324; x_wconf 84' lang='lat' dir='ltr'><strong>spem</strong></span> <span class='ocrx_word' id='word_1_228' title='bbox 271 2294 363 2317; x_wconf 85' lang='lat' dir='ltr'><strong>erecta</strong></span> <span class='ocrx_word' id='word_1_229' title='bbox 378 2293 430 2321; x_wconf 81' lang='lat' dir='ltr'><strong>est.</strong></span> <span class='ocrx_word' id='word_1_230' title='bbox 444 2293 474 2316; x_wconf 87' lang='lat' dir='ltr'><strong>ut</strong></span> <span class='ocrx_word' id='word_1_231' title='bbox 485 2295 510 2317; x_wconf 87' lang='lat' dir='ltr'><strong>te</strong></span> <span class='ocrx_word' id='word_1_232' title='bbox 527 2297 635 2317; x_wconf 88' lang='lat' dir='ltr'><strong>sacrum</strong></span> <span class='ocrx_word' id='word_1_233' title='bbox 651 2288 797 2317; x_wconf 87' lang='lat' dir='ltr'><strong>Themidos</strong></span> <span class='ocrx_word' id='word_1_234' title='bbox 813 2290 920 2316; x_wconf 89' lang='lat' dir='ltr'><strong>clavum</strong></span> <span class='ocrx_word' id='word_1_235' title='bbox 941 2294 1059 2320; x_wconf 86' lang='lat' dir='ltr'><strong>tenente,</strong></span> <span class='ocrx_word' id='word_1_236' title='bbox 1075 2290 1263 2324; x_wconf 86' lang='lat' dir='ltr'><strong>bonarumque</strong></span> <span class='ocrx_word' id='word_1_237' title='bbox 1277 2290 1428 2317; x_wconf 88' lang='lat' dir='ltr'><strong>litterarum</strong></span> <span class='ocrx_word' id='word_1_238' title='bbox 1446 2290 1570 2322; x_wconf 81' lang='lat' dir='ltr'><strong>custode,</strong></span> <span class='ocrx_word' id='word_1_239' title='bbox 1582 2290 1724 2317; x_wconf 87' lang='lat' dir='ltr'><strong>doctorum</strong></span> <span class='ocrx_word' id='word_1_240' title='bbox 1740 2297 1798 2316; x_wconf 86' lang='lat' dir='ltr'><strong>om-</strong></span> 
     </span>
    </p>
   </div>
   <div class='ocr_carea' id='block_1_27' title="bbox 180 2335 1797 2371">
    <p class='ocr_par' dir='ltr' id='par_1_27' title="bbox 180 2335 1797 2371">
     <span class='ocr_line' id='line_1_27' title="bbox 180 2335 1797 2371; baseline 0 -9"><span class='ocrx_word' id='word_1_241' title='bbox 180 2336 253 2363; x_wconf 86' lang='lat' dir='ltr'><strong>nium</strong></span> <span class='ocrx_word' id='word_1_242' title='bbox 272 2336 388 2368; x_wconf 90' lang='lat' dir='ltr'><strong>fautore,</strong></span> <span class='ocrx_word' id='word_1_243' title='bbox 403 2336 543 2371; x_wconf 86' lang='lat' dir='ltr'><strong>ipsiusque</strong></span> <span class='ocrx_word' id='word_1_244' title='bbox 557 2335 735 2362; x_wconf 82' lang='lat' dir='ltr'><strong>humanitatis</strong></span> <span class='ocrx_word' id='word_1_245' title='bbox 756 2335 866 2363; x_wconf 87' lang='lat' dir='ltr'><strong>assiduo</strong></span> <span class='ocrx_word' id='word_1_246' title='bbox 887 2335 1003 2367; x_wconf 81' lang='lat' dir='ltr'><strong>vindice,</strong></span> <span class='ocrx_word' id='word_1_247' title='bbox 1020 2336 1164 2370; x_wconf 82' lang='lat' dir='ltr'><strong>pristinum</strong></span> <span class='ocrx_word' id='word_1_248' title='bbox 1186 2336 1315 2370; x_wconf 76' lang='lat' dir='ltr'><strong>vigorem,</strong></span> <span class='ocrx_word' id='word_1_249' title='bbox 1329 2336 1412 2363; x_wconf 83' lang='lat' dir='ltr'><strong>decus</strong></span> <span class='ocrx_word' id='word_1_250' title='bbox 1428 2343 1460 2362; x_wconf 88' lang='lat' dir='ltr'><strong>ac</strong></span> <span class='ocrx_word' id='word_1_251' title='bbox 1476 2335 1660 2362; x_wconf 75' lang='lat' dir='ltr'><strong>celebritatem</strong></span> <span class='ocrx_word' id='word_1_252' title='bbox 1678 2335 1753 2362; x_wconf 85' lang='lat' dir='ltr'><strong>brevi</strong></span> <span class='ocrx_word' id='word_1_253' title='bbox 1769 2342 1797 2362; x_wconf 70' lang='lat' dir='ltr'><strong>se</strong></span> 
     </span>
    </p>
   </div>
   <div class='ocr_carea' id='block_1_28' title="bbox 178 2380 1798 2417">
    <p class='ocr_par' dir='ltr' id='par_1_28' title="bbox 178 2380 1798 2417">
     <span class='ocr_line' id='line_1_28' title="bbox 178 2380 1798 2417; baseline 0.001 -9"><span class='ocrx_word' id='word_1_254' title='bbox 178 2386 346 2417; x_wconf 87' lang='lat' dir='ltr'><strong>recepturam</strong></span> <span class='ocrx_word' id='word_1_255' title='bbox 361 2386 519 2416; x_wconf 78' lang='lat' dir='ltr'><strong>augurctur.</strong></span> <span class='ocrx_word' id='word_1_256' title='bbox 536 2380 600 2415; x_wconf 56' lang='lat' dir='ltr'><strong>Quae</strong></span> <span class='ocrx_word' id='word_1_257' title='bbox 616 2389 707 2409; x_wconf 86' lang='lat' dir='ltr'><strong>nosco</strong></span> <span class='ocrx_word' id='word_1_258' title='bbox 722 2389 766 2409; x_wconf 83' lang='lat' dir='ltr'><strong>res</strong></span> <span class='ocrx_word' id='word_1_259' title='bbox 787 2381 909 2413; x_wconf 81' lang='lat' dir='ltr'><strong>adduxit.</strong></span> <span class='ocrx_word' id='word_1_260' title='bbox 928 2385 957 2408; x_wconf 92' lang='lat' dir='ltr'><strong>ut</strong></span> <span class='ocrx_word' id='word_1_261' title='bbox 972 2389 1051 2416; x_wconf 84' lang='lat' dir='ltr'><strong>quem</strong></span> <span class='ocrx_word' id='word_1_262' title='bbox 1068 2389 1123 2417; x_wconf 69' lang='lat' dir='ltr'><strong>prae</strong></span> <span class='ocrx_word' id='word_1_263' title='bbox 1148 2383 1273 2410; x_wconf 81' lang='lat' dir='ltr'><strong>manibus</strong></span> <span class='ocrx_word' id='word_1_264' title='bbox 1292 2382 1422 2408; x_wconf 84' lang='lat' dir='ltr'><strong>habemus</strong></span> <span class='ocrx_word' id='word_1_265' title='bbox 1438 2387 1576 2408; x_wconf 83' lang='lat' dir='ltr'><strong>auctorem</strong></span> <span class='ocrx_word' id='word_1_266' title='bbox 1591 2381 1660 2408; x_wconf 88' lang='lat' dir='ltr'><strong>diem</strong></span> <span class='ocrx_word' id='word_1_267' title='bbox 1675 2381 1798 2411; x_wconf 77' lang='lat' dir='ltr'><strong>aspicere</strong></span> 
     </span>
    </p>
   </div>
   <div class='ocr_carea' id='block_1_29' title="bbox 178 2427 1795 2464">
    <p class='ocr_par' dir='ltr' id='par_1_29' title="bbox 178 2427 1795 2464">
     <span class='ocr_line' id='line_1_29' title="bbox 178 2427 1795 2464; baseline 0 -10"><span class='ocrx_word' id='word_1_268' title='bbox 178 2429 334 2464; x_wconf 71' lang='lat' dir='ltr'><strong>gestientem</strong></span> <span class='ocrx_word' id='word_1_269' title='bbox 352 2427 498 2455; x_wconf 81' lang='lat' dir='ltr'><strong>Eusebium</strong></span> <span class='ocrx_word' id='word_1_270' title='bbox 510 2427 642 2462; x_wconf 89' lang='lat' dir='ltr'><strong>Pamphili</strong></span> <span class='ocrx_word' id='word_1_271' title='bbox 660 2427 697 2454; x_wconf 86' lang='lat' dir='ltr'><strong>De</strong></span> <span class='ocrx_word' id='word_1_272' title='bbox 710 2427 931 2455; x_wconf 75' lang='lat' dir='ltr'><strong>demonstratione</strong></span> <span class='ocrx_word' id='word_1_273' title='bbox 945 2428 1103 2462; x_wconf 81' lang='lat' dir='ltr'><strong>evangelica,</strong></span> <span class='ocrx_word' id='word_1_274' title='bbox 1120 2428 1170 2456; x_wconf 90' lang='lat' dir='ltr'><strong>hoc</strong></span> <span class='ocrx_word' id='word_1_275' title='bbox 1194 2432 1235 2455; x_wconf 90' lang='lat' dir='ltr'><strong>est</strong></span> <span class='ocrx_word' id='word_1_276' title='bbox 1250 2429 1283 2455; x_wconf 92' lang='lat' dir='ltr'><strong>de</strong></span> <span class='ocrx_word' id='word_1_277' title='bbox 1300 2428 1360 2455; x_wconf 88' lang='lat' dir='ltr'><strong>fidei</strong></span> <span class='ocrx_word' id='word_1_278' title='bbox 1373 2428 1537 2455; x_wconf 67' lang='lat' dir='ltr'><strong>Christianae</strong></span> <span class='ocrx_word' id='word_1_279' title='bbox 1548 2428 1662 2455; x_wconf 80' lang='lat' dir='ltr'><strong>veritate</strong></span> <span class='ocrx_word' id='word_1_280' title='bbox 1677 2428 1795 2462; x_wconf 79' lang='lat' dir='ltr'><strong>graviter</strong></span> 
     </span>
    </p>
   </div>
   <div class='ocr_carea' id='block_1_30' title="bbox 177 2473 1797 2509">
    <p class='ocr_par' dir='ltr' id='par_1_30' title="bbox 177 2473 1797 2509">
     <span class='ocr_line' id='line_1_30' title="bbox 177 2473 1797 2509; baseline 0 -9"><span class='ocrx_word' id='word_1_281' title='bbox 177 2473 365 2507; x_wconf 72' lang='lat' dir='ltr'><strong>dissnrentem,</strong></span> <span class='ocrx_word' id='word_1_282' title='bbox 380 2479 428 2502; x_wconf 92' lang='lat' dir='ltr'><strong>tuo</strong></span> <span class='ocrx_word' id='word_1_283' title='bbox 443 2475 613 2509; x_wconf 87' lang='lat' dir='ltr'><strong>potissimum</strong></span> <span class='ocrx_word' id='word_1_284' title='bbox 632 2474 734 2501; x_wconf 92' lang='lat' dir='ltr'><strong>nomini</strong></span> <span class='ocrx_word' id='word_1_285' title='bbox 747 2481 919 2504; x_wconf 89' lang='lat' dir='ltr'><strong>consecrare,</strong></span> <span class='ocrx_word' id='word_1_286' title='bbox 931 2482 984 2501; x_wconf 92' lang='lat' dir='ltr'><strong>non</strong></span> <span class='ocrx_word' id='word_1_287' title='bbox 998 2478 1052 2501; x_wconf 89' lang='lat' dir='ltr'><strong>tam</strong></span> <span class='ocrx_word' id='word_1_288' title='bbox 1068 2481 1083 2501; x_wconf 86' lang='lat' dir='ltr'><strong>e</strong></span> <span class='ocrx_word' id='word_1_289' title='bbox 1094 2481 1123 2501; x_wconf 92' lang='lat' dir='ltr'><strong>re</strong></span> <span class='ocrx_word' id='word_1_290' title='bbox 1137 2478 1228 2501; x_wconf 83' lang='lat' dir='ltr'><strong>nostra</strong></span> <span class='ocrx_word' id='word_1_291' title='bbox 1245 2481 1317 2506; x_wconf 83' lang='lat' dir='ltr'><strong>esse,</strong></span> <span class='ocrx_word' id='word_1_292' title='bbox 1332 2481 1412 2508; x_wconf 90' lang='lat' dir='ltr'><strong>quam</strong></span> <span class='ocrx_word' id='word_1_293' title='bbox 1425 2473 1539 2507; x_wconf 68' lang='lat' dir='ltr'><strong>puhiicae</strong></span> <span class='ocrx_word' id='word_1_294' title='bbox 1554 2473 1797 2508; x_wconf 74' lang='lat' dir='ltr'><strong>congratulationis</strong></span> 
     </span>
    </p>
   </div>
   <div class='ocr_carea' id='block_1_31' title="bbox 175 2519 1794 2556">
    <p class='ocr_par' dir='ltr' id='par_1_31' title="bbox 175 2519 1794 2556">
     <span class='ocr_line' id='line_1_31' title="bbox 175 2519 1794 2556; baseline -0.001 -7"><span class='ocrx_word' id='word_1_295' title='bbox 175 2519 308 2549; x_wconf 84' lang='lat' dir='ltr'><strong>interesse</strong></span> <span class='ocrx_word' id='word_1_296' title='bbox 323 2525 490 2556; x_wconf 87' lang='lat' dir='ltr'><strong>putaremus.</strong></span> <span class='ocrx_word' id='word_1_297' title='bbox 505 2520 569 2547; x_wconf 86' lang='lat' dir='ltr'><strong>Nam</strong></span> <span class='ocrx_word' id='word_1_298' title='bbox 586 2529 647 2548; x_wconf 86' lang='lat' dir='ltr'><strong>cum</strong></span> <span class='ocrx_word' id='word_1_299' title='bbox 664 2521 775 2548; x_wconf 90' lang='lat' dir='ltr'><strong>humani</strong></span> <span class='ocrx_word' id='word_1_300' title='bbox 790 2525 817 2548; x_wconf 87' lang='lat' dir='ltr'><strong>te</strong></span> <span class='ocrx_word' id='word_1_301' title='bbox 829 2521 899 2555; x_wconf 88' lang='lat' dir='ltr'><strong>juris</strong></span> <span class='ocrx_word' id='word_1_302' title='bbox 915 2526 1077 2548; x_wconf 82' lang='lat' dir='ltr'><strong>assertorem</strong></span> <span class='ocrx_word' id='word_1_303' title='bbox 1089 2521 1251 2548; x_wconf 85' lang='lat' dir='ltr'><strong>acerrimum</strong></span> <span class='ocrx_word' id='word_1_304' title='bbox 1272 2526 1298 2547; x_wconf 90' lang='lat' dir='ltr'><strong>et</strong></span> <span class='ocrx_word' id='word_1_305' title='bbox 1311 2521 1388 2554; x_wconf 87' lang='lat' dir='ltr'><strong>alias,</strong></span> <span class='ocrx_word' id='word_1_306' title='bbox 1401 2527 1475 2547; x_wconf 91' lang='lat' dir='ltr'><strong>nunc</strong></span> <span class='ocrx_word' id='word_1_307' title='bbox 1490 2528 1554 2547; x_wconf 89' lang='lat' dir='ltr'><strong>vero</strong></span> <span class='ocrx_word' id='word_1_308' title='bbox 1567 2520 1684 2546; x_wconf 79' lang='lat' dir='ltr'><strong>maxime</strong></span> <span class='ocrx_word' id='word_1_309' title='bbox 1697 2519 1731 2546; x_wconf 90' lang='lat' dir='ltr'><strong>ad</strong></span> <span class='ocrx_word' id='word_1_310' title='bbox 1745 2527 1794 2547; x_wconf 87' lang='lat' dir='ltr'><strong>su-</strong></span> 
     </span>
    </p>
   </div>
   <div class='ocr_carea' id='block_1_32' title="bbox 176 2560 1796 2604">
    <p class='ocr_par' dir='ltr' id='par_1_32' title="bbox 176 2560 1796 2604">
     <span class='ocr_line' id='line_1_32' title="bbox 176 2560 1796 2604; baseline -0.001 -8"><span class='ocrx_word' id='word_1_311' title='bbox 176 2575 297 2604; x_wconf 84' lang='lat' dir='ltr'><strong>premum</strong></span> <span class='ocrx_word' id='word_1_312' title='bbox 310 2569 394 2596; x_wconf 67' lang='lat' dir='ltr'><strong>curiae</strong></span> <span class='ocrx_word' id='word_1_313' title='bbox 415 2569 490 2603; x_wconf 81' lang='lat' dir='ltr'><strong>regni</strong></span> <span class='ocrx_word' id='word_1_314' title='bbox 502 2568 638 2604; x_wconf 79' lang='lat' dir='ltr'><strong>fastigium</strong></span> <span class='ocrx_word' id='word_1_315' title='bbox 653 2575 700 2603; x_wconf 89' lang='lat' dir='ltr'><strong>per</strong></span> <span class='ocrx_word' id='word_1_316' title='bbox 710 2575 806 2595; x_wconf 86' lang='lat' dir='ltr'><strong>omnes</strong></span> <span class='ocrx_word' id='word_1_317' title='bbox 826 2567 959 2595; x_wconf 90' lang='lat' dir='ltr'><strong>honorum</strong></span> <span class='ocrx_word' id='word_1_318' title='bbox 975 2560 1076 2603; x_wconf 75' lang='lat' dir='ltr'><strong>gradus</strong></span> <span class='ocrx_word' id='word_1_319' title='bbox 1086 2572 1197 2595; x_wconf 86' lang='lat' dir='ltr'><strong>evectus</strong></span> <span class='ocrx_word' id='word_1_320' title='bbox 1212 2568 1344 2603; x_wconf 71' lang='lat' dir='ltr'><strong>prazbeas,</strong></span> <span class='ocrx_word' id='word_1_321' title='bbox 1357 2568 1402 2595; x_wconf 86' lang='lat' dir='ltr'><strong>cui</strong></span> <span class='ocrx_word' id='word_1_322' title='bbox 1423 2567 1532 2602; x_wconf 86' lang='lat' dir='ltr'><strong>pictatis</strong></span> <span class='ocrx_word' id='word_1_323' title='bbox 1553 2570 1580 2594; x_wconf 86' lang='lat' dir='ltr'><strong>et</strong></span> <span class='ocrx_word' id='word_1_324' title='bbox 1602 2567 1715 2594; x_wconf 69' lang='lat' dir='ltr'><strong>sincerae</strong></span> <span class='ocrx_word' id='word_1_325' title='bbox 1731 2568 1796 2595; x_wconf 84' lang='lat' dir='ltr'><strong>reli-</strong></span> 
     </span>
    </p>
   </div>
   <div class='ocr_carea' id='block_1_33' title="bbox 175 2615 1796 2651">
    <p class='ocr_par' dir='ltr' id='par_1_33' title="bbox 175 2615 1796 2651">
     <span class='ocr_line' id='line_1_33' title="bbox 175 2615 1796 2651; baseline -0.001 -7"><span class='ocrx_word' id='word_1_326' title='bbox 175 2616 262 2650; x_wconf 73' lang='lat' dir='ltr'><strong>gionis</strong></span> <span class='ocrx_word' id='word_1_327' title='bbox 271 2623 339 2644; x_wconf 88' lang='lat' dir='ltr'><strong>cura</strong></span> <span class='ocrx_word' id='word_1_328' title='bbox 354 2617 442 2651; x_wconf 79' lang='lat' dir='ltr'><strong>magis</strong></span> <span class='ocrx_word' id='word_1_329' title='bbox 453 2616 603 2647; x_wconf 87' lang='lat' dir='ltr'><strong>incumbat,</strong></span> <span class='ocrx_word' id='word_1_330' title='bbox 618 2616 640 2644; x_wconf 88' lang='lat' dir='ltr'><strong>si</strong></span> <span class='ocrx_word' id='word_1_331' title='bbox 655 2624 669 2643; x_wconf 89' lang='lat' dir='ltr'><strong>a</strong></span> <span class='ocrx_word' id='word_1_332' title='bbox 683 2620 708 2643; x_wconf 89' lang='lat' dir='ltr'><strong>te</strong></span> <span class='ocrx_word' id='word_1_333' title='bbox 718 2615 866 2643; x_wconf 89' lang='lat' dir='ltr'><strong>abierimus</strong></span> <span class='ocrx_word' id='word_1_334' title='bbox 882 2615 997 2643; x_wconf 88' lang='lat' dir='ltr'><strong>fortasse</strong></span> <span class='ocrx_word' id='word_1_335' title='bbox 1007 2616 1173 2651; x_wconf 86' lang='lat' dir='ltr'><strong>reperiemus</strong></span> <span class='ocrx_word' id='word_1_336' title='bbox 1183 2615 1330 2644; x_wconf 81' lang='lat' dir='ltr'><strong>neminem.</strong></span> <span class='ocrx_word' id='word_1_337' title='bbox 1343 2615 1389 2643; x_wconf 88' lang='lat' dir='ltr'><strong>Sic</strong></span> <span class='ocrx_word' id='word_1_338' title='bbox 1402 2615 1535 2643; x_wconf 83' lang='lat' dir='ltr'><strong>Eusebius</strong></span> <span class='ocrx_word' id='word_1_339' title='bbox 1545 2619 1640 2642; x_wconf 91' lang='lat' dir='ltr'><strong>noster</strong></span> <span class='ocrx_word' id='word_1_340' title='bbox 1650 2615 1796 2650; x_wconf 82' lang='lat' dir='ltr'><strong>Pamphilo</strong></span> 
     </span>
    </p>
   </div>
   <div class='ocr_carea' id='block_1_34' title="bbox 175 2661 1798 2699">
    <p class='ocr_par' dir='ltr' id='par_1_34' title="bbox 175 2661 1798 2699">
     <span class='ocr_line' id='line_1_34' title="bbox 175 2661 1798 2699; baseline -0.002 -7"><span class='ocrx_word' id='word_1_341' title='bbox 175 2673 224 2692; x_wconf 85' lang='lat' dir='ltr'><strong>suo</strong></span> <span class='ocrx_word' id='word_1_342' title='bbox 239 2665 265 2692; x_wconf 90' lang='lat' dir='ltr'><strong>in</strong></span> <span class='ocrx_word' id='word_1_343' title='bbox 286 2664 339 2692; x_wconf 82' lang='lat' dir='ltr'><strong>ﬁde</strong></span> <span class='ocrx_word' id='word_1_344' title='bbox 357 2664 456 2692; x_wconf 84' lang='lat' dir='ltr'><strong>tuenda</strong></span> <span class='ocrx_word' id='word_1_345' title='bbox 475 2664 545 2692; x_wconf 88' lang='lat' dir='ltr'><strong>fidus</strong></span> <span class='ocrx_word' id='word_1_346' title='bbox 558 2664 672 2692; x_wconf 51' lang='lat' dir='ltr'><strong>adhasit</strong></span> <span class='ocrx_word' id='word_1_347' title='bbox 692 2671 795 2697; x_wconf 88' lang='lat' dir='ltr'><strong>comes,</strong></span> <span class='ocrx_word' id='word_1_348' title='bbox 813 2667 844 2690; x_wconf 89' lang='lat' dir='ltr'><strong>ut</strong></span> <span class='ocrx_word' id='word_1_349' title='bbox 859 2663 992 2698; x_wconf 87' lang='lat' dir='ltr'><strong>Pamphili</strong></span> <span class='ocrx_word' id='word_1_350' title='bbox 1007 2665 1088 2691; x_wconf 88' lang='lat' dir='ltr'><strong>etiam</strong></span> <span class='ocrx_word' id='word_1_351' title='bbox 1111 2671 1260 2699; x_wconf 72' lang='lat' dir='ltr'><strong>cognomen</strong></span> <span class='ocrx_word' id='word_1_352' title='bbox 1275 2664 1326 2691; x_wconf 86' lang='lat' dir='ltr'><strong>sibi</strong></span> <span class='ocrx_word' id='word_1_353' title='bbox 1339 2663 1447 2698; x_wconf 72' lang='lat' dir='ltr'><strong>adjungi</strong></span> <span class='ocrx_word' id='word_1_354' title='bbox 1460 2663 1584 2690; x_wconf 77' lang='lat' dir='ltr'><strong>voluerit.</strong></span> <span class='ocrx_word' id='word_1_355' title='bbox 1595 2662 1651 2690; x_wconf 90' lang='lat' dir='ltr'><strong>Nec</strong></span> <span class='ocrx_word' id='word_1_356' title='bbox 1662 2661 1735 2690; x_wconf 85' lang='lat' dir='ltr'><strong>aliud</strong></span> <span class='ocrx_word' id='word_1_357' title='bbox 1755 2664 1798 2689; x_wconf 82' lang='lat' dir='ltr'><strong>dx-</strong></span> 
     </span>
    </p>
   </div>
   <div class='ocr_carea' id='block_1_35' title="bbox 172 2711 1799 2746">
    <p class='ocr_par' dir='ltr' id='par_1_35' title="bbox 172 2711 1799 2746">
     <span class='ocr_line' id='line_1_35' title="bbox 172 2711 1799 2746; baseline -0.002 -8"><span class='ocrx_word' id='word_1_358' title='bbox 172 2711 266 2746; x_wconf 71' lang='lat' dir='ltr'><strong>gnitali</strong></span> <span class='ocrx_word' id='word_1_359' title='bbox 279 2716 332 2738; x_wconf 66' lang='lat' dir='ltr'><strong>tua;</strong></span> <span class='ocrx_word' id='word_1_360' title='bbox 342 2718 504 2746; x_wconf 82' lang='lat' dir='ltr'><strong>morumque</strong></span> <span class='ocrx_word' id='word_1_361' title='bbox 515 2711 640 2737; x_wconf 79' lang='lat' dir='ltr'><strong>suavitati</strong></span> <span class='ocrx_word' id='word_1_362' title='bbox 653 2718 748 2738; x_wconf 87' lang='lat' dir='ltr'><strong>nomen</strong></span> <span class='ocrx_word' id='word_1_363' title='bbox 762 2711 851 2746; x_wconf 87' lang='lat' dir='ltr'><strong>aptius</strong></span> <span class='ocrx_word' id='word_1_364' title='bbox 867 2711 951 2745; x_wconf 91' lang='lat' dir='ltr'><strong>potuit</strong></span> <span class='ocrx_word' id='word_1_365' title='bbox 961 2718 1114 2742; x_wconf 78' lang='lat' dir='ltr'><strong>accurrere,</strong></span> <span class='ocrx_word' id='word_1_366' title='bbox 1125 2719 1205 2746; x_wconf 83' lang='lat' dir='ltr'><strong>quam</strong></span> <span class='ocrx_word' id='word_1_367' title='bbox 1219 2711 1309 2742; x_wconf 86' lang='lat' dir='ltr'><strong>istius,</strong></span> <span class='ocrx_word' id='word_1_368' title='bbox 1320 2711 1392 2746; x_wconf 88' lang='lat' dir='ltr'><strong>quod</strong></span> <span class='ocrx_word' id='word_1_369' title='bbox 1404 2711 1523 2737; x_wconf 87' lang='lat' dir='ltr'><strong>omnium</strong></span> <span class='ocrx_word' id='word_1_370' title='bbox 1538 2717 1710 2738; x_wconf 91' lang='lat' dir='ltr'><strong>communem</strong></span> <span class='ocrx_word' id='word_1_371' title='bbox 1720 2717 1799 2736; x_wconf 71' lang='lat' dir='ltr'><strong>amo&#39;</strong></span> 
     </span>
    </p>
   </div>
   <div class='ocr_carea' id='block_1_36' title="bbox 172 2755 1789 2791">
    <p class='ocr_par' dir='ltr' id='par_1_36' title="bbox 172 2755 1789 2791">
     <span class='ocr_line' id='line_1_36' title="bbox 172 2755 1789 2791; baseline -0.002 -7"><span class='ocrx_word' id='word_1_372' title='bbox 172 2764 227 2784; x_wconf 84' lang='lat' dir='ltr'><strong>rem</strong></span> <span class='ocrx_word' id='word_1_373' title='bbox 239 2765 271 2784; x_wconf 87' lang='lat' dir='ltr'><strong>ac</strong></span> <span class='ocrx_word' id='word_1_374' title='bbox 284 2757 501 2785; x_wconf 83' lang='lat' dir='ltr'><strong>benevolentiam</strong></span> <span class='ocrx_word' id='word_1_375' title='bbox 515 2756 656 2784; x_wconf 80' lang='lat' dir='ltr'><strong>i&#39;mlicaret.</strong></span> <span class='ocrx_word' id='word_1_376' title='bbox 670 2757 759 2790; x_wconf 85' lang='lat' dir='ltr'><strong>Quare</strong></span> <span class='ocrx_word' id='word_1_377' title='bbox 778 2756 800 2784; x_wconf 88' lang='lat' dir='ltr'><strong>si</strong></span> <span class='ocrx_word' id='word_1_378' title='bbox 815 2757 842 2783; x_wconf 93' lang='lat' dir='ltr'><strong>in</strong></span> <span class='ocrx_word' id='word_1_379' title='bbox 859 2760 913 2783; x_wconf 89' lang='lat' dir='ltr'><strong>tam</strong></span> <span class='ocrx_word' id='word_1_380' title='bbox 930 2756 1056 2791; x_wconf 86' lang='lat' dir='ltr'><strong>propensi</strong></span> <span class='ocrx_word' id='word_1_381' title='bbox 1073 2757 1195 2786; x_wconf 88' lang='lat' dir='ltr'><strong>omnium</strong></span> <span class='ocrx_word' id='word_1_382' title='bbox 1211 2756 1238 2783; x_wconf 94' lang='lat' dir='ltr'><strong>in</strong></span> <span class='ocrx_word' id='word_1_383' title='bbox 1255 2760 1281 2783; x_wconf 88' lang='lat' dir='ltr'><strong>te</strong></span> <span class='ocrx_word' id='word_1_384' title='bbox 1295 2755 1408 2787; x_wconf 80' lang='lat' dir='ltr'><strong>amoris,</strong></span> <span class='ocrx_word' id='word_1_385' title='bbox 1426 2759 1533 2790; x_wconf 69' lang='lat' dir='ltr'><strong>tiaeque</strong></span> <span class='ocrx_word' id='word_1_386' title='bbox 1547 2755 1575 2782; x_wconf 91' lang='lat' dir='ltr'><strong>in</strong></span> <span class='ocrx_word' id='word_1_387' title='bbox 1592 2762 1688 2782; x_wconf 89' lang='lat' dir='ltr'><strong>omnes</strong></span> <span class='ocrx_word' id='word_1_388' title='bbox 1705 2755 1789 2782; x_wconf 87' lang='lat' dir='ltr'><strong>chari-</strong></span> 
     </span>
    </p>
   </div>
   <div class='ocr_carea' id='block_1_37' title="bbox 172 2799 1796 2837">
    <p class='ocr_par' dir='ltr' id='par_1_37' title="bbox 172 2799 1796 2837">
     <span class='ocr_line' id='line_1_37' title="bbox 172 2799 1796 2837; baseline -0.001 -9"><span class='ocrx_word' id='word_1_389' title='bbox 172 2803 237 2830; x_wconf 79' lang='lat' dir='ltr'><strong>tatis</strong></span> <span class='ocrx_word' id='word_1_390' title='bbox 251 2802 391 2837; x_wconf 88' lang='lat' dir='ltr'><strong>publicum</strong></span> <span class='ocrx_word' id='word_1_391' title='bbox 403 2801 602 2833; x_wconf 84' lang='lat' dir='ltr'><strong>testimonium,</strong></span> <span class='ocrx_word' id='word_1_392' title='bbox 614 2801 782 2836; x_wconf 70' lang='lat' dir='ltr'><strong>singulorum</strong></span> <span class='ocrx_word' id='word_1_393' title='bbox 799 2801 925 2828; x_wconf 85' lang='lat' dir='ltr'><strong>ordinum</strong></span> <span class='ocrx_word' id='word_1_394' title='bbox 939 2808 971 2828; x_wconf 86' lang='lat' dir='ltr'><strong>ac</strong></span> <span class='ocrx_word' id='word_1_395' title='bbox 986 2801 1146 2828; x_wconf 80' lang='lat' dir='ltr'><strong>societatum</strong></span> <span class='ocrx_word' id='word_1_396' title='bbox 1162 2800 1409 2836; x_wconf 74' lang='lat' dir='ltr'><strong>congratulationes</strong></span> <span class='ocrx_word' id='word_1_397' title='bbox 1421 2800 1544 2828; x_wconf 86' lang='lat' dir='ltr'><strong>certatim</strong></span> <span class='ocrx_word' id='word_1_398' title='bbox 1561 2800 1588 2827; x_wconf 89' lang='lat' dir='ltr'><strong>in</strong></span> <span class='ocrx_word' id='word_1_399' title='bbox 1600 2804 1626 2827; x_wconf 94' lang='lat' dir='ltr'><strong>te</strong></span> <span class='ocrx_word' id='word_1_400' title='bbox 1638 2799 1695 2827; x_wconf 82' lang='lat' dir='ltr'><strong>fieri</strong></span> <span class='ocrx_word' id='word_1_401' title='bbox 1708 2807 1796 2827; x_wconf 85' lang='lat' dir='ltr'><strong>nuoer</strong></span> 
     </span>
    </p>
   </div>
   <div class='ocr_carea' id='block_1_38' title="bbox 171 2847 1794 2885">
    <p class='ocr_par' dir='ltr' id='par_1_38' title="bbox 171 2847 1794 2885">
     <span class='ocr_line' id='line_1_38' title="bbox 171 2847 1794 2885; baseline -0.002 -9"><span class='ocrx_word' id='word_1_402' title='bbox 171 2850 297 2882; x_wconf 79' lang='lat' dir='ltr'><strong>vidimus,</strong></span> <span class='ocrx_word' id='word_1_403' title='bbox 309 2855 452 2885; x_wconf 81' lang='lat' dir='ltr'><strong>postquam</strong></span> <span class='ocrx_word' id='word_1_404' title='bbox 468 2849 495 2877; x_wconf 89' lang='lat' dir='ltr'><strong>in</strong></span> <span class='ocrx_word' id='word_1_405' title='bbox 511 2849 697 2878; x_wconf 80' lang='lat' dir='ltr'><strong>excelsissimo</strong></span> <span class='ocrx_word' id='word_1_406' title='bbox 712 2850 757 2878; x_wconf 86' lang='lat' dir='ltr'><strong>illo</strong></span> <span class='ocrx_word' id='word_1_407' title='bbox 771 2853 982 2885; x_wconf 78' lang='lat' dir='ltr'><strong>purpuratorum</strong></span> <span class='ocrx_word' id='word_1_408' title='bbox 1002 2849 1111 2876; x_wconf 82' lang='lat' dir='ltr'><strong>Patrum</strong></span> <span class='ocrx_word' id='word_1_409' title='bbox 1133 2850 1251 2878; x_wconf 81' lang='lat' dir='ltr'><strong>culmine</strong></span> <span class='ocrx_word' id='word_1_410' title='bbox 1269 2849 1428 2882; x_wconf 81' lang='lat' dir='ltr'><strong>consedisti,</strong></span> <span class='ocrx_word' id='word_1_411' title='bbox 1446 2848 1510 2885; x_wconf 89' lang='lat' dir='ltr'><strong>quid</strong></span> <span class='ocrx_word' id='word_1_412' title='bbox 1525 2848 1633 2876; x_wconf 88' lang='lat' dir='ltr'><strong>tandem</strong></span> <span class='ocrx_word' id='word_1_413' title='bbox 1645 2847 1723 2875; x_wconf 80' lang='lat' dir='ltr'><strong>nobis</strong></span> <span class='ocrx_word' id='word_1_414' title='bbox 1735 2847 1794 2874; x_wconf 76' lang='lat' dir='ltr'><strong>aui-</strong></span> 
     </span>
    </p>
   </div>
   <div class='ocr_carea' id='block_1_39' title="bbox 172 2893 1794 2929">
    <p class='ocr_par' dir='ltr' id='par_1_39' title="bbox 172 2893 1794 2929">
     <span class='ocr_line' id='line_1_39' title="bbox 172 2893 1794 2929; baseline -0.001 -7"><span class='ocrx_word' id='word_1_415' title='bbox 172 2895 206 2922; x_wconf 85' lang='lat' dir='ltr'><strong>mi</strong></span> <span class='ocrx_word' id='word_1_416' title='bbox 221 2895 254 2925; x_wconf 88' lang='lat' dir='ltr'><strong>ad</strong></span> <span class='ocrx_word' id='word_1_417' title='bbox 274 2894 436 2922; x_wconf 75' lang='lat' dir='ltr'><strong>inunnscula</strong></span> <span class='ocrx_word' id='word_1_418' title='bbox 453 2894 572 2928; x_wconf 81' lang='lat' dir='ltr'><strong>undique</strong></span> <span class='ocrx_word' id='word_1_419' title='bbox 596 2894 788 2928; x_wconf 81' lang='lat' dir='ltr'><strong>comparanda,</strong></span> <span class='ocrx_word' id='word_1_420' title='bbox 806 2893 987 2929; x_wconf 77' lang='lat' dir='ltr'><strong>flosculosquc</strong></span> <span class='ocrx_word' id='word_1_421' title='bbox 1003 2897 1034 2921; x_wconf 76' lang='lat' dir='ltr'><strong>et</strong></span> <span class='ocrx_word' id='word_1_422' title='bbox 1051 2898 1122 2922; x_wconf 81' lang='lat' dir='ltr'><strong>serta</strong></span> <span class='ocrx_word' id='word_1_423' title='bbox 1148 2902 1287 2922; x_wconf 76' lang='lat' dir='ltr'><strong>musarum</strong></span> <span class='ocrx_word' id='word_1_424' title='bbox 1311 2902 1343 2921; x_wconf 78' lang='lat' dir='ltr'><strong>ex</strong></span> <span class='ocrx_word' id='word_1_425' title='bbox 1365 2895 1480 2922; x_wconf 85' lang='lat' dir='ltr'><strong>hortulis</strong></span> <span class='ocrx_word' id='word_1_426' title='bbox 1504 2893 1665 2929; x_wconf 68' lang='lat' dir='ltr'><strong>colligenda,</strong></span> <span class='ocrx_word' id='word_1_427' title='bbox 1687 2896 1794 2927; x_wconf 67' lang='lat' dir='ltr'><strong>tuaque</strong></span> 
     </span>
    </p>
   </div>
   <div class='ocr_carea' id='block_1_40' title="bbox 310 2939 1120 2970">
    <p class='ocr_par' dir='ltr' id='par_1_40' title="bbox 310 2939 660 2970">
     <span class='ocr_line' id='line_1_40' title="bbox 310 2939 660 2970; baseline 0 0"><span class='ocrx_word' id='word_1_428' title='bbox 310 2941 448 2970; x_wconf 73' lang='lat' dir='ltr'><strong>Parnm.</strong></span> <span class='ocrx_word' id='word_1_429' title='bbox 474 2940 532 2969; x_wconf 77' lang='lat' dir='ltr'><strong>Gn.</strong></span> <span class='ocrx_word' id='word_1_430' title='bbox 557 2939 660 2970; x_wconf 73' lang='lat' dir='ltr'><strong>XXII.</strong></span> 
     </span>
    </p>
   </div>
   <div class='ocr_carea' id='block_1_41' title="bbox 839 2939 1649 2970">
    <p class='ocr_par' dir='ltr' id='par_1_41' title="bbox 1636 2943 1649 2970">
     <span class='ocr_line' id='line_1_41' title="bbox 1636 2943 1649 2970; baseline 0 0"><span class='ocrx_word' id='word_1_431' title='bbox 1636 2943 1649 2970; x_wconf 80' lang='grc'>1</span> 
     </span>
    </p>
   </div>
   <div class='ocr_carea' id='block_1_42' title="bbox 1065 3122 1265 3186">
    <p class='ocr_par' dir='ltr' id='par_1_42' title="bbox 1065 3122 1265 3186">
     <span class='ocr_line' id='line_1_42' title="bbox 1065 3122 1265 3186; baseline -0.015 -2"><span class='ocrx_word' id='word_1_432' title='bbox 1065 3122 1265 3186; x_wconf 61' lang='lat'><strong>8603</strong></span> 
     </span>
    </p>
   </div>
  </div>
