2053 3218
249 177 277 204 Η
580 173 716 203 EUSEBll
736 172 974 200 Cz‘ESARlENSlS
994 171 1068 199 OPP.
1089 171 1180 199 PARS
1199 171 1230 198 ll.
1251 188 1286 192 —
1306 171 1554 199 APOLOGETICA.
1837 171 1871 197 12

246 235 416 262 celsitudinis
430 234 543 270 pedibus
555 233 721 261 admovenda
735 240 796 260 esse
812 231 915 261 debuit,
931 237 1047 265 quorum
1065 237 1128 265 spes
1144 230 1233 258 omnis
1248 238 1333 266 prope
1346 234 1372 258 et
1384 231 1464 263 ratio,
1479 231 1534 257 imo
1549 230 1705 265 prtes‘dium
1723 233 1872 265 portusque

245 282 400 309 tutissimus
416 282 442 308 in
467 281 505 308 tui
527 281 649 307 muneris
666 278 842 314 amplitudine
858 283 938 311 atque
955 277 1137 304 sollicitudine
1155 277 1262 304 videtur
1277 285 1338 305 esse
1360 278 1535 305 constitutus.
1551 277 1680 312 Accipies
1698 277 1789 312 igitur.
1806 276 1870 303 illu-

232 320 381 372 ljsrrissime
406 328 521 360 Przeses,
538 336 592 364 quo
614 327 714 359 studio,
732 317 843 361 'quaquc
863 326 1028 352 consueviin
1051 325 1230 357 humanitate,
1254 333 1333 354 sacra
1354 326 1487 354 doctrina:
1509 333 1634 360 veraeque
1651 326 1760 361 pictatis
1775 333 1872 352 monu-

230 370 346 416 imcnta,
360 374 386 401 id
410 374 482 410 quod
502 382 573 401 nunc
591 374 649 408 ipsa
666 372 747 399 nobis
773 371 874 405 objecit
886 371 1006 401 occasio,
1022 370 1132 398 Eusebii
1153 371 1259 398 scilicet
1272 370 1405 406 Pamphili
1422 370 1599 399 Ctesariensis
1616 370 1654 398 De
1668 371 1815 406 evangelica
1829 370 1873 397 den

245 421 436 448 monstratione
452 421 611 447 utilissimas
626 418 887 450 Lommentationes,
901 425 961 452 quae
976 417 1115 444 honorarii
1130 418 1273 452 cujusdam
1284 417 1406 445 muneris
1416 417 1503 445 instar
1517 425 1577 446 esse
1587 419 1701 453 possint,
1721 418 1801 453 quale
1817 423 1872 444 ma-

245 466 404 501 gistratibus
430 467 578 495 novissime
592 469 619 495 in
644 468 799 503 provincias
820 476 834 495 a
850 468 974 503 principe
997 467 1099 498 missis,
1116 467 1198 494 animi
1216 467 1338 494 benevoli
1353 466 1470 494 testandi
1491 474 1574 495 causa
1589 466 1680 494 ollerri
1706 466 1820 498 solebat,
1841 469 1870 492 ut

244 515 321 538 tanto
337 513 486 540 studiosius
497 517 522 540 et
537 512 696 548 diligentius
711 513 866 548 reipublicae
877 512 1060 544 consulerent,
1075 515 1177 546 quanto
1190 511 1292 546 majore
1305 517 1330 539 et
1347 511 1464 546 publicis
1475 512 1595 540 omnium
1611 512 1681 539 votis
1697 512 1770 540 illius
1785 512 1870 539 admi-

245 559 392 586 nistranda:
403 567 496 586 curam
509 564 696 595 susceperant.
714 559 791 587 Vale.
810 573 814 578 ⁶

279 607 357 632 Anno
376 605 472 632 salutis
488 605 566 633 1698.

419 706 575 734 Celsitudini
591 711 642 733 tua:
657 705 846 738 addictissimi,

1278 797 1392 825 Michael
1408 797 1534 826 Somnus.

1282 843 1460 871 Sebastianus
1475 843 1621 871 ΟιιΑιιοιεγ.

1270 891 1388 920 Carolus
1406 892 1578 920 MORRELLUS.

706 1056 1081 1102 GALLANDIUS
1115 1055 1397 1102 LECTORI.

640 1151 799 1183 (Bibliotheca
810 1155 854 1177 vet.
868 1152 950 1182 Patr.,
962 1153 1021 1176 tom.
1035 1150 1077 1181 1V,
1090 1150 1200 1180 Proleg.,
1211 1157 1237 1181 p.
1251 1156 1310 1180 χιιι,
1323 1152 1349 1174 et
1361 1157 1385 1181 p.
1399 1149 1466 1180 461.)

240 1287 261 1319 1.
294 1291 399 1319 Eusebii
433 1289 604 1317 Caesariensis
633 1286 836 1314 Dcmonstratio
870 1285 1026 1321 evangelica
1042 1290 1065 1318 Α
1080 1286 1145 1313 illud
1161 1285 1307 1320 Sapientize
1320 1292 1368 1315 vn,
1383 1283 1418 1311 26
1435 1292 1443 1311 :
1457 1283 1588 1318 Splendor
1605 1288 1644 1310 est
1667 1284 1774 1311 luminis
1797 1292 1867 1311 same

570 1322 697 1358 suppleta.

277 1383 501 1418 Quandoquidem
533 1386 686 1414 temporum
721 1379 788 1405 ordo
818 1379 851 1406 ad
880 1378 1028 1406 Eusebium

240 1431 437 1459 Cmsal’ienscm
452 1437 502 1456 nos
518 1428 676 1459 deduxerat,
690 1432 784 1454 nostra
805 1425 939 1452 interche
966 1433 1029 1451 cen—

240 1478 357 1508 suimus,
374 1481 402 1503 ut
419 1475 581 1510 prooemium
602 1477 629 1501 ct
649 1474 737 1509 capita
764 1471 797 1499 lll
827 1472 919 1506 priora
942 1471 1004 1497 libri
1021 1471 1028 1497 l

240 1523 400 1551 Eusebianzc
431 1520 670 1547 Demonstrationis
703 1519 858 1554 evangelista
884 1525 938 1544 Ilua
966 1524 1028 1543 cum

240 1570 329 1605 ipsius
344 1570 435 1604 operis
448 1568 565 1603 epilogo.
585 1575 644 1601 qua:
657 1567 683 1593 in
696 1566 828 1592 hactenus
843 1563 959 1598 vulgatis
976 1562 1030 1590 edi—

240 1617 361 1644 tionibus
375 1615 613 1645 desiderabantur,
630 1613 700 1648 typis
724 1612 883 1639 excudenda
908 1611 1029 1637 tradere-

241 1671 312 1691 mus.
324 1663 362 1690 Ea
372 1654 438 1690 vero
452 1665 562 1693 accepta
576 1661 720 1688 referimus
735 1658 923 1686 eruditissimo
931 1657 1029 1684 Joanni

240 1710 351 1737 Alberto
367 1707 512 1740 Fabricio;
527 1707 572 1742 qui
591 1706 663 1734 haud
681 1706 716 1732 ita
730 1705 835 1740 pridem
851 1704 944 1731 istlnec
960 1711 1029 1738 prae—

240 1756 307 1782 clari
322 1754 412 1790 operis
429 1753 614 1788 supplementa
630 1759 663 1778 ex
679 1759 729 1778 ms.
745 1751 839 1778 codice
858 1748 1029 1777 bibliothecae

240 1801 388 1828 celsissimi
402 1799 550 1828 Walachiae
564 1798 697 1834 principis
712 1797 826 1824 Joannis
840 1795 942 1822 Nicolai
954 1794 1029 1821 Mau-

240 1843 378 1871 rocordati
405 1844 558 1878 desumpta.
585 1843 664 1870 bonis
689 1841 788 1869 litteris
813 1841 883 1868 bene
904 1840 1027 1875 cupiens,

240 1898 304 1916 cum
319 1897 369 1916 sua
383 1889 608 1925 interpretatione
619 1888 756 1922 evnlgavit
768 1887 817 1922 (α),

240 1935 273 1963 ll.
296 1935 437 1963 Permultis
463 1936 489 1962 in
513 1935 577 1961 locis
599 1933 845 1960 Demonstrationis
868 1932 1030 1966 evangelica:

1079 1331 1185 1365 piterui,
1197 1330 1380 1364 speculumque
1389 1329 1591 1355 immaculatum
1605 1328 1700 1356 divina:
1713 1329 1866 1364 e/ﬁcientiu,

1079 1383 1104 1404 et
1120 1378 1207 1412 imago
1227 1376 1352 1403 bonitatis
1380 1375 1468 1406 illius;
1497 1374 1618 1412 illudque
1633 1379 1763 1409 praeterea
1791 1374 1867 1402 Pauli

1080 1423 1113 1450 ad
1132 1422 1257 1449 Hebraeos
1275 1430 1292 1453 ι,
1309 1422 1325 1448 5
1344 1430 1350 1448 ;
1368 1421 1420 1453 Qui
1432 1429 1490 1447 cum
1519 1421 1554 1448 sit
1582 1421 1706 1455 splendor
1725 1420 1817 1456 gloria:
1843 1425 1868 1448 et

1080 1471 1166 1505 ﬁgura
1182 1469 1339 1496 substantite
1353 1469 1409 1503 ejus
1425 1475 1434 1494 :
1450 1468 1505 1500 his,
1529 1467 1656 1503 inquam,
1678 1468 1772 1495 relatis
1789 1467 1869 1495 docet

1080 1516 1214 1543 Eusebius
1239 1521 1320 1550 atque
1345 1516 1471 1542 evincere
1497 1514 1603 1546 nititur,
1629 1514 1812 1542 substantiam
1841 1517 1869 1541 ct

1079 1562 1206 1590 deitatem
1217 1561 1275 1589 Filii
1286 1562 1366 1588 aliam
1378 1569 1439 1588 esse
1449 1569 1462 1587 a
1472 1565 1585 1596 paterna
1599 1565 1626 1587 et
1639 1560 1774 1587 diversam
1789 1567 1820 1586 ac
1828 1567 1869 1587 se-

1080 1609 1330 1646 paratam,ipsiqne
1344 1608 1430 1634 multo
1442 1607 1607 1634 inferiorem.
1618 1607 1663 1634 Sic
1674 1606 1745 1634 enim
1760 1606 1804 1634 ille
1812 1606 1866 1640 (b):

1082 1665 1092 1681 ι
1112 1655 1164 1682 Sed
1180 1663 1193 1682 ιι
1212 1654 1332 1682 sensibili
1354 1653 1463 1688 quidem
1487 1653 1588 1680 lumine
1604 1653 1732 1687 splendor
1745 1652 1867 1687 separari

1080 1709 1135 1728 non
1155 1705 1243 1736 potest
1263 1711 1268 1727 :
1291 1699 1377 1727 Filius
1404 1709 1461 1727 vero
1488 1706 1606 1727 seorsum
1628 1708 1644 1725 a
1670 1699 1750 1726 Patre
1770 1703 1825 1734 ’ρει-
1841 1706 1869 1726 δε

1080 1747 1165 1781 ipsum
1179 1746 1307 1777 subsistit,
1322 1756 1330 1772 ι
1354 1746 1382 1772 '0
1397 1746 1424 1772 δὲ
1441 1746 1504 1778 Yth;
1522 1745 1593 1776 ἰδίως
1611 1745 1684 1781 παρὰ
1698 1745 1743 1771 τὸν
1760 1745 1869 1781 Πατέρα

1080 1791 1140 1818 καθ’
1157 1791 1250 1818 ἑαυτὸν
1272 1791 1405 1825 ἐφέστηκε
1421 1791 1482 1825 (leg.
1507 1791 1666 1826 ὑφέστηκε).
1691 1789 1729 1816 Ac
1756 1790 1868 1816 luminis

1080 1838 1188 1873 quidem
1203 1838 1331 1872 splendor
1346 1838 1435 1864 locum
1455 1837 1607 1864 efﬁcientize
1629 1837 1735 1863 obtinet
1754 1846 1759 1862 :
1779 1835 1866 1862 Filius

1081 1890 1168 1911 autem
1185 1883 1258 1910 aliud
1280 1883 1414 1918 quidpiam
1431 1891 1509 1918 quam
1534 1881 1675 1909 secundum
1706 1881 1867 1916 eﬂicientiam

1080 1935 1129 1962 est,
1152 1938 1196 1965 per
1218 1938 1246 1956 se
1262 1931 1349 1963 ipsum
1376 1928 1526 1955 substantia
1553 1928 1689 1961 prwditas,
1711 1927 1741 1953 '0
1755 1927 1784 1953 δὲ
1803 1926 1868 1958 Υἱὸς

276 1972 410 2012 Λνίςιηιιηι
419 1979 446 1997 se
461 1969 548 2010 prodit
566 1969 704 2012 Eusebius.
722 1968 780 2008 ῌασ
796 1968 834 2012 ,κίε
859 1967 1029 2012 {mauu/tullo

1080 1977 1171 2010 ἔτερόν
1197 1985 1222 2002 τι
1247 1975 1318 2002 κατὰ
1344 1975 1482 2012 ἐνέργειαν
1510 1974 1648 2009 τυγχάνει,
1681 1973 1740 1999 καθ’
1771 1971 1867 1998 ἑαυτὸν

275 2007 444 2040 proferuntur
461 2002 609 2038 specimina
634 2002 899 2040 AriauiqaaEttsebit'
928 2003 1027 2040 placita

275 2038 402 2076 interpres
432 2041 463 2067 de
478 2040 609 2067 industria
633 2039 667 2064 ad
692 2038 848 2065 catholicam
872 2038 1027 2065 sententiam

275 2078 420 2112 detorquet.

276 2124 327 2151 llic
355 2131 436 2158 porro
461 2123 577 2150 lectores
602 2122 721 2149 monitos
738 2121 828 2150 velim.
854 2119 1026 2145 Demonstra-

241 2171 337 2197 tionem
359 2169 468 2196 Eusebii
490 2169 663 2203 evangelicum
681 2170 823 2202 propterea
841 2165 906 2192 Inibi
926 2165 1025 2192 dictam

239 2217 398 2250 prwclarum
408 2224 484 2250 opus,
495 2215 566 2250 quod
583 2214 666 2241 multa
680 2214 760 2249 plane
776 2214 803 2240 in
819 2220 851 2239 eo
870 2212 941 2238 libro
957 2219 1026 2246 prro-

241 2263 315 2289 clare
329 2262 426 2289 dixerit
442 2265 548 2293 auctor,
563 2261 759 2295 veritatemque
777 2259 940 2286 Christiana:
962 2258 1025 2284 rcli-

239 2309 329 2346 gionis
342 2308 473 2336 adversus
485 2307 592 2336 Judzeos
609 2307 781 2343 potissimum
797 2313 828 2333 ex
846 2304 932 2332 sacris
947 2302 1026 2330 Vete-

241 2356 280 2382 ris
290 2359 317 2383 et
329 2354 395 2382 Novi
411 2353 578 2381 Testamenti
591 2353 687 2380 litteris
703 2351 819 2379 maxime
835 2349 1023 2385 propngnarit.

240 2401 342 2429 Verum
359 2401 385 2428 in
402 2400 546 2436 permultis
561 2400 682 2434 ejusdem
696 2398 787 2433 operis
806 2397 873 2425 locis
887 2396 958 2423 haud
976 2395 1025 2422 ob-

240 2455 322 2475 scure
341 2445 431 2481 prodit
446 2449 532 2473 semet
550 2444 683 2472 Eusebius
701 2443 863 2470 Arianorum
883 2445 962 2468 secta:
978 2439 1027 2466 ad»

240 2492 361 2525 dictum;
377 2498 494 2526 quorum
510 2489 610 2524 placita
630 2488 744 2516 subinde
759 2487 877 2514 inculcat
891 2492 918 2513 et
937 2488 1024 2520 urget,

241 2538 341 2565 nedum
357 2537 410 2564 sibi
427 2536 541 2571 probata
565 2535 743 2562 demonstret.
765 2533 841 2566 Quod
864 2531 974 2567 quidem
998 2535 1027 2559 nt

241 2588 342 2619 pateat,
358 2590 442 2610 unum
463 2581 653 2609 tantummodo
666 2580 754 2607 locum
769 2579 797 2606 in
813 2578 927 2605 medium
941 2575 1029 2611 profc~

243 2638 312 2660 ram,
336 2636 389 2664 quo
412 2633 506 2655 auctor
528 2627 667 2663 propalant
682 2627 790 2653 Arianae
806 2625 940 2651 haereseos
952 2623 1027 2649 virus

1078 2022 1254 2058 οὖσιωμὲνος.
1276 2021 1396 2048 Rursum
1422 2020 1551 2055 splendor
1575 2018 1656 2046 simul
1677 2026 1740 2045 cum
1765 2018 1867 2044 lumine

1077 2068 1196 2100 exsistit,
1211 2061 1330 2101 illudque
1347 2067 1465 2102 quodam
1479 2065 1559 2092 modo
1573 2065 1708 2099 complet;
1726 2071 1787 2091 nam
1806 2064 1867 2091 sine

1078 2114 1221 2149 splendore
1245 2114 1334 2140 lumen
1355 2119 1527 2147 nequaquam
1549 2111 1714 2144 substiterit,
1730 2111 1868 2146 simulque

1078 2167 1138 2186 cum
1165 2159 1211 2185 illo
1234 2167 1265 2186 ac
1295 2158 1444 2185 secundum
1471 2156 1538 2184 illud
1565 2156 1712 2184 subsistit:
1735 2160 1762 2182 at
1784 2155 1867 2182 Pater

1077 2205 1150 2239 prius
1182 2211 1260 2238 quam
1285 2201 1371 2229 Filius
1391 2202 1505 2234 exsistit,
1532 2206 1555 2228 et
1586 2206 1646 2229 ante
1671 2201 1866 2236 generationem

1076 2251 1134 2285 ejus
1144 2249 1295 2280 exsistebat,
1307 2254 1434 2284 quatenus
1449 2248 1521 2275 salus
1537 2248 1665 2282 ingenitus
1680 2252 1737 2274 erat
1749 2256 1759 2274 :
1774 2256 1784 2273 ι
1794 2247 1822 2273 '0
1836 2247 1865 2273 δὲ

1078 2297 1173 2332 Πατὴρ
1200 2296 1370 2331 προῦπάρχει
1397 2294 1443 2320 τοῦ
1469 2293 1550 2325 Υἱοῦ,
1568 2293 1614 2319 καὶ
1641 2293 1691 2327 τῆς
1715 2293 1866 2328 γεννήσεως

1078 2342 1158 2370 αὑτοῦ
1168 2338 1409 2377 προϋφέστηκεν,ᾔ
1424 2339 1502 2375 μόνος
1517 2339 1662 2374 ἀγέννητος
1675 2337 1719 2375 ἦν,
1734 2348 1743 2365 ι
1761 2348 1788 2365 κ.
1800 2347 1826 2365 τ.
1839 2339 1866 2366 λ.

1077 2389 1223 2422 Complura
1244 2395 1308 2414 vero
1324 2385 1458 2420 ejusmodi
1475 2386 1533 2413 loca
1549 2393 1581 2413 eo
1597 2386 1625 2412 in
1639 2394 1720 2420 opere
1740 2386 1866 2414 Ariauica

1078 2435 1137 2462 labe
1155 2437 1248 2460 notata
1273 2433 1366 2460 videas
1389 2432 1459 2467 apud
1476 2431 1551 2459 viros
1577 2432 1762 2465 doctissimos,
1779 2432 1864 2459 Mara-

1077 2489 1142 2508 num
1161 2480 1196 2515 (c)
1214 2484 1240 2507 et
1261 2479 1493 2506 Montl'auconium
1509 2478 1565 2514 (d);
1579 2486 1694 2514 quorum
1713 2479 1781 2507 alter
1797 2487 1865 2513 pra:-

1077 2532 1151 2554 terea
1176 2527 1368 2554 animadvertit
1388 2525 1434 2561 (e),
1454 2525 1694 2552 Demonstrationis
1712 2525 1866 2559 evangelica:

1079 2573 1252 2608 interpretem
1274 2573 1308 2600 de
1334 2571 1468 2599 industria
1484 2571 1631 2598 Eusebium
1652 2571 1685 2598 ad
1701 2571 1866 2598 catholicam

1079 2619 1242 2647 sententiam
1254 2618 1414 2646 delorsisse.
1430 2616 1482 2644 Sed
1497 2624 1545 2652 pro
1558 2624 1672 2644 munere
1687 2619 1782 2643 nostro
1797 2616 1865 2644 satis

242 2657 366 2702 cliundi‘t.
396 2657 536 2709 Siquidem
561 2657 703 2708 postquam
720 2671 753 2698 ad
775 2670 913 2698 Christum
935 2668 1028 2696 retulit
1041 2657 1063 2687 (ἶ
1081 2665 1137 2693 haec
1152 2669 1241 2693 sunto.

260 2755 313 2803 Aa?)
326 2753 433 2780 Fabric.
448 2754 475 2780 in
496 2753 593 2781 Delect.
609 2761 722 2787 argum.,
738 2751 817 2788 pagg.
834 2751 909 2782 1-92.
925 2749 1023 2777 Hamb.

260 2791 309 2804 ..ην

242 2791 319 2857 “(ibi
344 2823 443 2852 Euseb.
469 2823 620 2851 Dcmonstr.
649 2832 736 2858 evang.
764 2823 810 2850 lib.
846 2831 881 2854 iv,
909 2829 969 2856 cap.
999 2820 1026 2851 3,

241 2860 430 2928 mallibus
452 2894 538 2920 Dii-in.
565 2893 594 2920 n.
623 2893 658 2919 Ν.
679 2893 706 2920 J.
726 2893 768 2926 c.,
796 2893 832 2920 lih
852 2901 887 2924 Iv,
906 2899 955 2924 mp
981 2890 1026 2921 27,

1083 2748 1097 2783 5
1113 2749 1139 2778 5,
1158 2752 1185 2774 et
1201 2755 1260 2782 cap.
1277 2747 1322 2783 28,
1338 2746 1394 2783 μ,
1410 2751 1488 2783 pagg.
1503 2741 1646 2783 δεφηδεξβ.

1118 2775 1155 2815 (ἀι
1170 2775 1262 2809 Monii.
1280 2775 1398 2813 Pi'aalim.
1411 2775 1530 2807 'ad'tom.
1548 2776 1676 2805 lCollect.
1695 2776 1754 2805 PP.
1769 2775 1853 2806 Graec.
1866 2804 1869 2807 ,

1083 2826 1160 2854 pagg.
1178 2825 1303 2844 xv-xxrx.

1119 2855 1153 2887 ((9)
1167 2853 1203 2880 Id.
1219 2852 1284 2880 ibid.
1305 2851 1319 2888 ᾗ
1337 2852 1363 2884 5,
1379 2859 1439 2886 pag.
1456 2858 1513 2877 ιιι.
