2053 3218
241 164 273 190 13
564 166 696 194 EUSEBll
715 167 953 196 GESARIISNSIS
972 168 1047 198 OPP.
1069 169 1161 198 PARS
1181 171 1212 198 ll.
1230 186 1262 192 —
1282 171 1532 201 APOLOGETICA.
1818 177 1851 204 ιο

238 223 337 250 tionem
353 224 536 258 evangelicum
558 233 590 252 ex
608 224 828 260 praedictionibus
851 233 911 260 quae
925 233 939 251 a
962 233 979 261 p

1032 229 1054 257 A
1067 227 1197 255 ἀνέκαθεν
1221 229 1284 264 παρ’
1305 229 1440 265 Ἑϐραίοις
1462 231 1647 266 ἀνακειμένων
1675 235 1852 270 προρρήσεων

238 276 279 295 uia
295 268 398 304 origine
413 270 482 304 apud
505 269 630 298 Hebraeos
643 271 818 305 promulgata:
833 274 953 303 exstant,
970 279 981 299 e

1069 275 1292 309 παραστήσασθαι
1309 276 1496 311 πειρωμένοις.
1517 277 1578 308 Πῶς
1594 277 1635 313 δὴ,
1651 268 1701 305 xei
1712 268 1850 309 etiam-

237 323 336 350 ponere
347 315 525 343 instituimus.
538 316 679 349 Quomodo
693 319 782 344 autem
792 321 819 344 ct
829 324 883 351 qua
895 318 981 344 ration

1069 329 1118 347 πον
1131 321 1193 353 τοὺς
1208 321 1340 355 θεοφιλεῖς
1355 323 1485 354 ἐκείνους,
1507 322 1585 350 οἶσθα
1606 325 1691 360 δήπου
1705 327 1767 357 τοὺς
1783 326 1850 361 βοω-

236 364 264 387 ut
284 369 379 396 nempe
393 362 445 389 illis
467 361 520 389 Deo
536 362 714 395 charissimis,
730 371 798 397 quos
810 364 882 391 nosti
895 365 980 392 omnii

1069 367 1164 402 μένους
1178 368 1251 403 παρὰ
1262 369 1317 399 τοῖς
1328 368 1448 403 ἀνδράσι,
1461 369 1579 396 Μωῦσέα
1589 370 1619 406 δή
1635 370 1715 406 λέγω,
1729 372 1775 398 καὶ
1788 374 1851 404 τοὺς

234 407 392 434 dccantatos
405 408 528 439 vocibus,
540 408 622 439 Mose.
639 409 759 443 inquam,
771 413 799 436 et
813 410 858 445 qui
870 413 931 445 post
946 410 979 436 hu

1069 413 1125 446 μετ’
1143 413 1222 440 αὐτὸν
1237 413 1427 448 ὲκλάμψαντας
1441 414 1612 449 θεοπρεπεῖς,
1624 417 1670 442 καὶ
1686 418 1748 449 τοὺς
1760 426 1850 453 μοικα⁴

233 453 464 488 exsplenducrunt
486 454 585 481 divinis
601 455 742 490 beatisque
769 456 909 490 prophetis
924 464 956 483 ac
972 464 981 483 ε

1067 457 1140 492 ρίους
1165 459 1304 494 προφήτας
1318 467 1346 485 τε
1370 459 1416 485 καὶ
1436 460 1603 494 ξερεφάντας,
1630 462 1760 497 μάρτυσιν
1780 464 1848 490 ἀπο·

233 500 288 526 eris
312 501 492 535 scriptoribus
514 501 629 528 testibus
651 505 769 533 utamur,
795 506 876 537 atque
901 502 935 529 ab
962 503 980 529 il

1065 503 1209 539 χρώμενοι,
1226 505 1255 537 ἐξ
1279 504 1367 531 αὐτῶν
1384 507 1407 531 τ’
1424 506 1603 534 ἐπιδεικνύναι
1618 510 1802 545 προῃρημένοι
1814 511 1848 538 τὰ

231 547 411 580 praenuntiata
435 547 623 580 ostendamus,
641 555 700 582 qua:
716 547 809 575 multis
832 553 893 583 post
906 549 981 576 demu

1067 553 1180 586 μακροῖς
1193 551 1302 588 ὕστερον
1319 552 1414 579 αἰῶσιν
1428 553 1466 584 εἰς
1483 553 1540 587 φῶς
1553 554 1671 587 ἐλθόντα,
1684 557 1729 582 καὶ
1740 557 1784 584 διὰ
1798 558 1848 594 τῆς

232 593 339 620 szeculis
353 593 379 620 in
396 593 481 620 lucem
494 593 611 628 prodita,
621 597 702 629 atque
714 601 762 629 per
771 593 920 622 Salvatoris
931 602 978 622 eva

1063 594 1110 621 τοῦ
1137 596 1261 632 Σωτῆρος
1283 597 1458 632 εὐαγγελικῆς
1481 598 1642 631 ἀποδείξεως
1669 593 1847 636 πραγματευ-

231 638 344 672 gelicam
369 638 631 666 demonstrationem
655 639 683 666 in
706 646 762 667 rem
787 639 902 667 deducta
928 647 978 667 sun

1064 640 1153 674 θέντα,
1167 642 1202 667 τά
1215 650 1244 668 τε
1260 641 1320 668 καθ’
1335 643 1407 678 ἡμᾶς
1417 643 1512 675 αὐτοὺς
1527 644 1609 671 εἰσέτι
1620 645 1666 672 νῦν
1679 646 1732 682 πρὸ
1747 647 1846 682 ὀφθαλ-

229 692 342 719 (μιξείιυε
360 685 449 712 adhuc
471 687 596 720 praesenti
613 690 692 729 aetate
703 686 730 713 in
752 689 899 721 conspectu
918 691 978 714 nosl

1064 685 1121 720 μῶν
1134 686 1330 722 συντελούμενα
1350 687 1413 723 θείῳ
1429 688 1565 724 Πνεύματι
1582 691 1793 726 προειληφότας·
1807 693 1845 726 ὡς

228 731 417 766 perficiuntur,
439 732 517 768 longe
534 733 610 768 prius
625 728 660 760 ab
676 731 783 764 iisdem,
801 732 893 760 divino
909 731 979 767 Spiri

1061 728 1093 756 ἇν
1105 730 1224 765 παρόντα
1235 731 1270 757 τὰ
1281 731 1318 766 μὴ
1332 732 1461 768 παρόντα,
1477 734 1522 760 καὶ
1534 735 1567 761 τά
1584 735 1695 770 μηδέπω
1712 737 1844 773 μηδαμῶς

227 777 351 810 docente,
365 783 508 814 percepta;
522 779 558 806 ita
573 783 600 806 ut
612 778 733 806 absentia
747 782 874 814 tanquam
889 787 981 815 praesei

1059 775 1134 809 ὄντα,
1146 777 1183 808 ὡς
1196 779 1316 814 ἐναργῶς
1329 780 1393 806 ὅντα
1405 782 1628 814 κατωπτευκότας
1638 791 1644 797 ·
1661 784 1708 810 καὶ
1722 785 1752 811 οὑ
1766 785 1844 813 τοῦτο

227 824 273 855 tia,
296 828 323 852 et
341 832 401 859 quae.
420 825 540 852 nondum
563 832 677 859 usquam
701 828 789 856 erant,
806 829 934 860 tanquam
953 833 981 852 ev

1062 822 1150 857 μόνον,
1167 823 1233 850 ἀλλὰ
1249 824 1294 850 καὶ
1309 826 1363 856 τοῖς
1387 826 1531 860 μετέπειτα
1543 827 1585 854 διὰ
1601 830 1708 865 γραφῆς
1728 830 1762 857 τὰ
1776 832 1842 866 μέλη

225 867 322 895 denter
337 868 393 903 jam
408 869 564 896 exsistentia
578 869 764 901 intuerentur;
782 877 831 896 nec
844 869 895 897 hoc
909 869 981 897 solur

1058 868 1140 895 λον-τά
1159 878 1223 896 ποτε
1238 870 1345 896 ἔσεσθαι
1367 873 1626 907 προμεμηνυκότας·
1643 874 1712 901 ὥστε
1729 876 1779 911 ἤδη
1795 876 1843 904 καὶ

225 912 273 940 sed
296 914 376 940 etiam
394 914 511 948 posteris
528 915 630 949 scripto
650 922 710 949 qua:
730 915 793 942 olim
810 919 902 942 essent
915 914 981 942 futui

1031 914 1042 940 Ξ
1057 914 1166 950 ἑτέρους
1177 915 1207 947 ἐξ
1223 915 1311 943 αὐτῶν
1332 916 1429 944 εἰδέναι
1447 926 1475 944 τε
1489 920 1535 945 καὶ
1551 920 1692 955 γνωρίζειν
1702 921 1732 948 τὺ
1747 922 1842 958 μέλλον

225 959 421 994 prmsignarent
441 969 448 987 :
466 964 495 986 ut
509 960 564 995 jam
586 959 631 987 alii
652 968 759 995 quoque
777 968 809 988 ex
829 961 883 988 illis
904 961 981 988 scire:

1054 959 1331 997 δύνασθαι,δσημέραι
1345 971 1375 988 τε
1388 963 1536 1000 προσδοκᾷν
1546 965 1598 992 τῶν
1610 965 1706 1000 λογίων
1723 968 1757 994 τὰ
1772 969 1840 995 ἀπο-

225 1006 314 1034 t‘utura
341 1011 608 1041 cognoscerentque,
636 1011 663 1033 et
690 1006 810 1041 quotidie
831 1007 981 1034 oraculorm

1054 1005 1216 1041 τελέσματα.
1237 1007 1304 1032 Ποῖα
1323 1007 1350 1033 δὲ
1377 1007 1477 1041 rufam;
1504 1009 1587 1044 μυρία
1607 1010 1655 1044 μὲν
1676 1010 1708 1037 ἂν
1722 1011 1776 1047 εἴη,
1793 1013 1840 1039 καὶ

223 1052 330 1079 illorum
350 1057 461 1080 eventus
484 1056 510 1079 et
530 1051 642 1079 ellectus
660 1052 891 1087 praastolarentur.
907 1050 981 1084 Quali

1053 1049 1120 1076 ἄλλα
1147 1051 1260 1077 παντοῖά
1278 1059 1319 1084 τε,
1335 1053 1381 1078 καὶ
1406 1053 1470 1087 περὶ
1492 1054 1609 1087 πάντων,
1628 1055 1723 1082 κοινῶν
1738 1065 1767 1082 τε
1792 1059 1839 1085 καὶ

222 1106 286 1126 vero
304 1097 484 1125 illaYinﬁnita
504 1105 580 1129 sane,
608 1098 715 1133 aliaque
737 1098 898 1129 omnivaria,
919 1102 947 1125 et
969 1098 981 1125 ὀ

1051 1095 1106 1121 τῶν
1121 1095 1173 1121 ἀνὰ
1187 1096 1277 1132 μέρος,
1294 1097 1353 1123 καθ’
1367 1097 1479 1124 ἕκαστόν
1489 1107 1518 1125 τε
1534 1099 1626 1136 ἄνδρα,
1644 1101 1690 1128 καὶ
1705 1103 1768 1138 περὶ
1783 1103 1839 1130 τῶν

220 1142 347 1170 omnibus
373 1143 564 1170 communibus
590 1142 692 1177 pariter
719 1146 745 1169 et
773 1143 981 1177 particularihus

1052 1141 1180 1168 καθόλου’
1199 1143 1269 1174 ἰδίως
1282 1151 1310 1169 τε
1327 1144 1397 1178 ἀμφὶ
1411 1144 1465 1170 τῶν
1479 1145 1538 1171 καθ’
1559 1146 1699 1182 Ἐϐραίους
1710 1149 1837 1184 πραγμά-

219 1188 396 1223 quaequejam
411 1188 533 1223 singulos
549 1191 703 1223 spectarent
715 1188 848 1220 homines,
863 1188 919 1223 jam
935 1188 981 1215 inti

1052 1195 1116 1218 των,
1140 1188 1186 1214 καὶ
1201 1186 1233 1214 αὖ
1251 1189 1329 1215 πάλιν
1351 1190 1413 1225 περὶ
1430 1190 1483 1216 τῶν
1500 1190 1597 1223 ἔξωθεν
1617 1192 1716 1219 ὲθνῶν⁸
1734 1192 1788 1220 οἷον
1803 1195 1835 1231 δὴ

219 1242 280 1268 gras
303 1233 513 1266 universitates;
530 1233 692 1269 proprieque
712 1233 746 1260 de
769 1234 850 1261 rebus
875 1233 981 1260 Hebraec

1052 1231 1154 1257 πόλεων
1168 1232 1335 1265 ἀναστάσεις,
1351 1234 1453 1269 καιρῶν
1466 1243 1493 1261 τε
1509 1235 1635 1269 ἀλλαγὰς,
1651 1237 1697 1263 καὶ
1709 1239 1837 1274 πραγμά-

219 1288 289 1311 rum,
304 1283 385 1314 atque
399 1279 524 1307 similiter
542 1279 575 1306 de
593 1279 713 1307 externis
726 1279 852 1314 gentibus
865 1287 872 1312 ;
889 1283 918 1305 ut
933 1287 981 1307 sun

1051 1284 1104 1303 των
1132 1277 1290 1312 μεταϐολὰς,
1319 1278 1467 1313 μελλόντων
1487 1288 1515 1305 τε
1539 1281 1647 1315 ἀγαθῶν
1674 1286 1834 1318 παρουσίας,

218 1326 374 1353 eversiones
396 1326 515 1356 urbium,
534 1330 694 1360 temporum
711 1325 888 1357 mutationes,
905 1333 981 1352 rerur

1051 1321 1098 1348 καὶ
1114 1322 1168 1348 τῶν
1188 1323 1315 1349 ἐναντίων
1332 1324 1472 1359 ἐπιφορὰς,
1491 1325 1723 1362 ἀνδραποδισμοὺς
1738 1328 1833 1361 ἐθνῶν,

216 1371 429 1404 vicissitudines,
459 1371 702 1406 adfuturorumque
726 1371 858 1398 bonorum
882 1378 981 1406 praesen

1051 1366 1154 1394 πόλεων
1171 1367 1335 1403 πολιορκίας,
1353 1369 1406 1396 τῶν
1416 1370 1528 1396 καθόλου
1544 1370 1684 1405 βασιλείων
1701 1375 1835 1408 μεταστά-

217 1419 292 1450 tiam,
309 1422 335 1446 et
367 1419 504 1446 contraria
528 1419 697 1446 immittenda
723 1419 804 1450 mala,
828 1423 858 1445 ut
879 1419 981 1453 gentiul

1052 1419 1107 1444 σεις
1122 1420 1151 1438 τε
1177 1413 1222 1439 καὶ
1238 1414 1426 1447 καταστάσεις,
1443 1416 1489 1441 καὶ
1506 1416 1571 1443 ἄλλα
1598 1418 1681 1453 μυρία
1697 1420 1760 1455 περὶ
1779 1419 1834 1447 τῶν

215 1463 423 1498 subjugationes
451 1471 483 1490 ac
505 1465 680 1495 servitutem,
703 1463 811 1490 urbium
833 1463 981 1491 obsidiones

1050 1457 1158 1485 ἔσεσθαι
1172 1460 1284 1494 μακροῖς
1298 1459 1408 1495 ὕστερον
1423 1461 1700 1498 χρόνοιςίμελλόντων,
1715 1466 1834 1501 προεκή-

216 1508 382 1544 integrorum
393 1517 539 1543 regnorum
553 1509 710 1536 eversiones
722 1509 764 1536 vel
775 1509 981 1535 instauratiOnes

1050 1511 1156 1538 ρυττον.
1174 1504 1240 1530 Ἀλλ’
1247 1505 1276 1530 οὐ
1284 1505 1385 1532 τούτων
1393 1507 1444 1542 ὅγε
1459 1509 1552 1545 παρὼν
1564 1511 1657 1546 καιρὸς
1668 1512 1713 1538 τὸν
1725 1512 1832 1547 ἔλεγχον

215 1558 295 1590 atque
312 1555 364 1582 alia
383 1555 487 1582 inﬁnita
504 1556 591 1591 longis
609 1559 669 1590 pOst
684 1555 852 1589 temporibus
866 1558 980 1582 eventur

1048 1551 1122 1586 ἡμᾶς
1134 1551 1244 1577 ἀπαιτεῖ
1260 1552 1494 1588 παραστήσασθαι·
1517 1555 1551 1581 τά
1569 1556 1651 1583 πολλὰ
1667 1557 1695 1583 δὲ
1712 1557 1831 1589 εἰσαῦθις

253 1582 260 1590 .
551 1582 565 1591 υ
609 1582 617 1590 .
741 1582 749 1589 .

215 1601 438 1635 ρηεηιιηιίιινθγο.
453 1600 550 1628 Verum
564 1601 620 1628 haec
632 1600 738 1635 singula
748 1599 901 1627 enumerari
917 1607 931 1625 a
946 1607 981 1626 no

1047 1582 1262 1632 θπερθεμένους,
1289 1582 1320 1624 ἐκ
1412 1600 1464 1627 τῶν
1491 1582 1832 1639 παρατεθησομίὲνωνγάληῖ

213 1647 265 1678 his,
289 1648 431 1681 prrcsentis
451 1647 568 1674 instituti
588 1648 658 1674 ratio
682 1646 840 1681 neutiquam
863 1645 981 1680 postulat

1047 1644 1122 1676 θείας
1144 1643 1233 1678 ἠρέμα
1259 1644 1307 1670 καὶ
1329 1644 1381 1671 τῶν
1400 1646 1664 1682 ἀποσεσιωπημένων
1688 1648 1735 1684 τὴν
1762 1650 1830 1676 ἀπό-

212 1694 306 1728 ltaque
321 1694 527 1729 quamplurimis
547 1694 653 1720 interim
671 1693 697 1719 in
714 1692 787 1719 aliud
805 1697 910 1727 tempus
925 1692 979 1719 dila

1045 1689 1126 1722 δειξιν
1142 1687 1316 1714 πιστώσεται.

211 1741 267 1772 tis,
288 1740 367 1768 facile
391 1742 431 1767 vel
453 1748 484 1767 ex
514 1741 608 1768 horum
634 1748 693 1775 qua:
718 1740 862 1768 adoremus
881 1740 1003 1771 veritate.
1036 1738 1117 1766 etiam
1138 1737 1245 1763 illorum
1274 1744 1333 1771 qum
1359 1737 1467 1765 silentio
1483 1739 1671 1774 praeterimus,
1694 1740 1760 1769 ﬁdes
1783 1741 1830 1769 de-

211 1786 416 1814 monstrabitur.

527 1831 640 1859 C.\PUT
656 1832 675 1859 Ι.

1313 1831 1508 1867 ΚΕΦΑΛᾼΙΟΝ
1527 1833 1566 1859 Αι.

210 1878 338 1910 Quanam
351 1883 374 1905 et
384 1883 482 1914 quanta
498 1879 523 1904 in
535 1878 611 1904 haece
630 1878 786 1905 tractatione
793 1878 981 1912 promittuntur

1084 1875 1152 1901 Τίνα
1166 1874 1214 1901 καὶ
1229 1877 1327 1902 ὁπόσα
1339 1877 1550 1911 ἐπαγγέλλεται
1566 1879 1585 1911 ἡ
1599 1879 1789 1912 πραγματεία.

244 1924 309 1956 Qua!
328 1923 410 1958 igitur
425 1924 504 1951 nobis
526 1924 553 1950 in
568 1923 694 1958 prmsenti
713 1930 745 1950 ex
763 1922 927 1957 propheticis
944 1929 977 1949 va

1079 1921 1145 1948 Τίνα
1157 1921 1243 1947 τοίνυν
1255 1923 1319 1957 ἡμῖν
1332 1923 1378 1950 ἐπὶ
1394 1923 1440 1949 τοῦ
1454 1923 1584 1959 παρόντος
1600 1924 1632 1950 ἐκ
1652 1924 1706 1950 τῶν
1721 1933 1825 1961 προφηο

208 1970 308 1998 ticiniis
325 1970 358 1996 a'd
384 1970 565 2004 evangelicam
589 1969 846 1996 demonstrationem
863 1976 977 2004 persequ

1042 1966 1124 1993 ’πικῶν
1141 1969 1317 2003 προρρήσεων
1331 1970 1370 2001 εἰς
1384 1969 1432 2005 τὴν
1454 1969 1630 2005 εὐαγγελικὴν
1643 1970 1778 2003 ἀπόδειξιν
1794 1969 1822 1998 εὖ

207 2023 223 2042 e
234 2023 263 2042 re
277 2014 410 2046 videatur,
442 2014 623 2042 cummaxime
650 2017 832 2048 opportunum
851 2017 892 2041 est
906 2020 981 2048 expo‘

1041 2013 1073 2039 ἂν
1084 2013 1138 2048 ἔχοι
1155 2014 1297 2046 συντελεῖν,
1315 2014 1408 2049 καιρὸς
1422 2015 1453 2041 ἂν
1468 2015 1509 2050 εἴη
1525 2015 1622 2049 λέγειν.
1636 2015 1750 2051 Χριστὸν
1766 2017 1824 2044 ὀνο-

207 2068 281 2088 nere.
298 2059 448 2087 Edixerunt
465 2060 593 2086 nimirum
612 2059 750 2094 propheta:
764 2059 822 2086 l'ore
846 2062 875 2086 ut
901 2059 981 2085 nomi-

1043 2059 1124 2093 μαστὶ
1137 2060 1184 2085 καὶ
1208 2060 1274 2085 Θεοῦ
1299 2059 1392 2094 Λόγον,
1407 2060 1485 2086 αὐτόν
1505 2069 1535 2086 τε
1558 2060 1623 2086 Θεὸν
1648 2061 1694 2086 καὶ
1710 2060 1821 2097 Κύριον,

206 2105 291 2132 natim
304 2105 440 2136 Christus,
453 2105 578 2139 idemque
591 2103 708 2131 Verbum
723 2103 778 2135 Dei,
793 2104 904 2139 ipseque
916 2103 981 2131 Deus

1041 2104 1087 2130 καί
1099 2112 1160 2131 τινα
1177 2105 1297 2140 μεγάλης
1319 2105 1415 2141 βουλῆς
1436 2106 1548 2140 ἄγγελον
1565 2105 1742 2142 ἐπιδημήσειν
1758 2107 1823 2134 πιπδ

205 2159 238 2178 ac
259 2151 402 2183 Dominus,
419 2155 446 2179 et
470 2158 585 2185 magnus
609 2150 718 2185 quidam
736 2150 856 2184 Angelus
879 2149 981 2176 consilii

1040 2150 1079 2181 εἰς
1102 2149 1260 2185 ἀνθρώπους
1283 2150 1395 2185 ἔφασαν,
1418 2152 1525 2178 πάντων
1539 2161 1568 2178 τε
1591 2152 1644 2178 τῶν
1666 2152 1716 2178 ἁνά
1733 2153 1822 2179 πᾶσαν

205 2197 276 2224 inter
293 2197 416 2224 homines
425 2200 583 2224 versaturus
594 2199 677 2227 esset,
695 2196 820 2222 universo
834 2195 904 2226 orbi.
922 2203 981 2229 gen:

1039 2195 1088 2231 τὴν
1102 2197 1262 2232 οἰκουμένην
1284 2197 1367 2223 ἐθνῶν
1387 2197 1546 2232 Ἑλληνικῶν
1565 2206 1594 2223 τε
1615 2198 1662 2224 καὶ
1677 2197 1820 2233 βαρϐάρων

205 2243 270 2269 tium
280 2241 434 2269 Grtecarum
443 2241 543 2276 pariter
551 2245 577 2268 et
585 2241 760 2268 barbararum
774 2240 880 2268 futurus
889 2240 981 2268 Doctor

1038 2242 1194 2269 διδάσκαλον
1214 2242 1329 2278 ἀληθοῦς
1343 2243 1515 2277 θεογνωσίας,
1532 2243 1576 2270 καὶ¹
1592 2243 1641 2278 τῆς
1654 2244 1693 2275 εἰς
1711 2243 1755 2270 τὸν
1767 2243 1821 2270 τῶν

203 2295 274 2316 verte
294 2288 458 2323 cognitionis
475 2287 521 2314 Dei
539 2291 566 2315 et
582 2287 690 2322 pietatis
707 2287 734 2314 in
753 2286 848 2318 Deum,
866 2287 981 2314 universi

1037 2287 1104 2314 ὅλων
1115 2288 1278 2323 δημιουργὸν
1290 2288 1354 2314 Θεὸν
1368 2288 1507 2320 εὐσεϐείας
1520 2288 1745 2323 καταστήσεσθαι,
1764 2286 1821 2324 ᾗτὺ

203 2333 338 2369 opiﬁcem,
355 2333 426 2360 sicut
440 2333 625 2368 evangelicum
638 2333 781 2367 proﬁtetur
795 2332 960 2368 praeconium
977 2341 981 2358 :

1036 2332 1210 2366 εὐαγγελικδν
1219 2326 1343 2368 ¹περιέχει
1354 2333 1496 2367 κήρυγμ’
1511 2332 1556 2358 καὶ
1566 2332 1657 2358 τοῦτον
1670 2333 1749 2359 αὐτὸν
1761 2342 1821 2359 παι-

203 2379 333 2414 illumque
352 2379 441 2414 ipsum
464 2377 585 2405 futurum
599 2386 724 2413 puerum,
743 2378 882 2412 ﬁliumque
899 2378 981 2404 homi-

1035 2377 1089 2404 δίον
1104 2378 1221 2409 ἔσεσθαι,
1235 2378 1280 2404 καὶ
1298 2378 1354 2404 υἱὸν
1375 2377 1516 2413 ἀνθρώπου
1537 2377 1728 2413 κληθήσεσθαι,
1743 2379 1819 2412 γένος

203 2425 246 2453 nis
260 2430 385 2452 vocatum
402 2424 445 2455 iri,
463 2428 491 2450 ut
505 2424 550 2458 qui
566 2431 652 2459 genus
665 2424 698 2450 ab
712 2423 867 2451 hominibus
887 2423 981 2451 ductu‘

1035 2432 1064 2449 τε
1077 2423 1137 2450 ὅθεν
1152 2423 1277 2456 κατάξει·
1294 2424 1340 2450 καί
1357 2432 1416 2450 τινα
1441 2422 1512 2455 ξένον
1525 2425 1556 2449 ἐκ
1572 2423 1706 2458 παρθένου
1719 2425 1819 2460 τρόπον

202 2477 249 2498 rus
278 2471 323 2503 sit,
349 2470 559 2505 nasciturusque
585 2478 617 2497 ex
640 2469 754 2505 virgine,
776 2477 846 2496 nova
866 2468 981 2504 quadam

1034 2468 1116 2495 αὐτοῦ
1130 2467 1180 2503 τῆς
1199 2469 1364 2500 ἀποτέξεως·
1384 2469 1430 2495 καὶ
1444 2469 1473 2495 τό
1487 2477 1517 2502 γε
1539 2469 1763 2504 παραδοξότατον,
1779 2471 1817 2496 ὅτι

202 2518 283 2550 atque
303 2515 431 2543 inusitata
447 2516 633 2550 generationis
655 2515 770 2542 ratione.
792 2513 825 2540 Et
838 2513 909 2549 quod
924 2521 981 2540 ma-

1036 2515 1072 2550 μὴ
1090 2516 1154 2541 πᾶσι
1182 2517 1237 2546 τοῖς
1253 2517 1284 2541 ὲκ
1306 2515 1430 2550 περάτων
1451 2515 1502 2550 γῆς
1525 2515 1607 2541 εἰσέτι
1630 2518 1748 2551 σήμερον
1772 2517 1817 2542 ἐπὶ

203 2561 274 2588 xime
293 2560 406 2597 dignum
435 2568 476 2590 est
499 2561 689 2594 admiratione,
707 2568 739 2588 ne
760 2561 850 2587 locum
874 2559 981 2595 quidem

1034 2560 1096 2587 θέαν
1114 2561 1257 2587 σπεύδουσι
1278 2561 1422 2596 βοώμενον,
1438 2560 1489 2595 τῆς
1503 2562 1531 2586 ὲν
1548 2561 1670 2597 Βηθλεὲμ
1685 2561 1817 2596 γενέσεως

1032 2605 1113 2632 αὐτοῦ
1143 2606 1250 2642 χωρίον,
1276 2607 1363 2641 σιωπῇ
1394 2605 1482 2637 δόντες
1509 2606 1657 2642 παρῆλθον,
1675 2606 1741 2633 ἀλλά
1769 2607 1816 2632 καὶ

1030 2651 1109 2678 τοῦτο
1134 2652 1238 2684 λευκοῖς
1258 2652 1385 2687 ὀνόμασιν
1412 2651 1574 2687 ὲξεὸόησανι
1591 2651 1684 2687 ὥσπερ
1698 2649 1743 2678 οὖν
1769 2651 1816 2678 καὶ

201 2699 281 2726 nibus
302 2704 449 2727 accurrunt
472 2700 656 2732 decantatum,
679 2698 788 2727 silentio
812 2698 980 2726 involventes

1031 2698 1092 2729 τοὺς
1105 2698 1216 2734 χρόνους
1225 2698 1275 2733 τῆς
1289 2699 1446 2733 ἐπιφανείας
1457 2698 1548 2730 αὑτοῦ,
1562 2698 1621 2724 καθ’
1636 2697 1681 2729 οὓς
1695 2697 1815 2732 ἀκριϐῶς

200 2746 396 2780 praeterierunt,
413 2746 461 2773 sed
476 2750 503 2773 et
518 2747 589 2773 hunc
599 2746 681 2773 claris
690 2745 780 2773 verbis
794 2745 979 2780 proclamave—

1031 2742 1105 2776 οὗτος
1121 2745 1250 2780 ἐπεδήμει
1271 2744 1310 2779 τῷ
1339 2745 1397 2780 βίῳ,
1414 2745 1508 2780 ὥσπερ
1525 2745 1674 2779 φθάσαντες
1689 2745 1713 2771 οι
1739 2745 1814 2772 αὐτοὶ

199 2795 262 2818 runt
279 2802 285 2818 :
308 2792 380 2818 sicut
393 2791 474 2818 etiam
490 2795 596 2825 tempus
613 2790 744 2817 adventus
759 2794 786 2816 et
801 2789 978 2824 apparitionis

1031 2791 1072 2817 διὰ
1082 2791 1135 2817 τῶν
1148 2790 1316 2826 πραγμάτων
1327 2791 1483 2819 ἑθέσπισαν.
1499 2791 1616 2826 Πάρεστι
1633 2790 1660 2816 δέ
1676 2799 1727 2822 σοι,
1747 2791 1813 2826 μετά

197 2838 267 2870 ejus,
287 2845 342 2872 quo
359 2837 471 2872 praecise
486 2837 532 2863 ille
549 2836 620 2862 inter
633 2835 758 2862 homines
780 2839 904 2862 versatus
924 2839 976 2866 est,

1031 2838 1121 2872 χεῖρας
1144 2835 1303 2863 ἀναλαϐόντι
1318 2837 1367 2871 τὴν
1386 2837 1511 2868 σπουδὴν,
1527 2839 1555 2864 ἐν
1580 2836 1726 2872 ὀφθαλμοῖς
1751 2836 1812 2862 ἰδεῖν

197 2882 278 2910 iidem
294 2883 375 2911 veluti
392 2882 473 2909 rebus
489 2886 681 2913 vrmverteutes
698 2880 790 2909 divino
804 2887 851 2908 ore
869 2881 976 2907 nuntia—

1031 2883 1057 2907 ὲν
1066 2883 1125 2913 ταῖς
1143 2881 1317 2917 δηλουμέναις
1337 2884 1518 2917 προφητικαῖς
1538 2883 1703 2916 προρρήσεσι
1724 2880 1811 2912 πάσας

200 2608 350 2636 nativitatis
367 2609 426 2644 ejus
441 2609 605 2637 Bethlehem.
621 2609 749 2636 onmihus
764 2609 912 2635 etiamnum
930 2607 981 2635 ho-

200 2654 245 2681 die
264 2653 311 2689 qui
330 2654 364 2681 ad
382 2654 456 2681 illum
475 2655 651 2690 spectandum
672 2653 801 2680 extremis
813 2653 847 2679 ab
859 2657 936 2680 terrae
951 2652 981 2678 li-
