2053 3218
202 175 230 202 l7

652 170 975 199 DEMONSTRATIONIS
995 168 1222 197 EVANGELICE
1238 167 1301 195 LIB.
1322 165 1342 195 1.

1780 165 1815 194 18

198 231 261 268 ὁμσῦ
276 231 477 267 περιεχομένας
489 231 536 262 τὰς
550 229 602 256 ὑπὸ
615 228 668 256 τῶν
682 228 832 255 θεσπεσίων
844 224 981 262 εὐαγγελι-

1033 233 1105 254 vere.
1121 225 1224 253 Licebit
1234 225 1315 252 etiam
1330 223 1378 251 tibi
1395 222 1515 251 studiose
1526 222 1678 250 admoventi
1692 230 1813 258 operam,

200 277 266 304 στῶν
293 276 519 313 μαρτυρουμένας
541 274 623 302 αὑτοῦ
646 274 677 310 δὴ
701 273 747 301 τοῦ
768 274 891 308 Σωτῆρος
907 272 983 308 ἡμῶν

205 323 290 359 Ἰησοῦ
304 322 352 348 τοῦ
367 321 484 357 Χριστοῦ
511 320 677 356 παραδόξους
692 319 920 354 θαυματουργίας,
938 319 984 345 καὶ

199 369 246 400 τὰς
260 368 368 399 ἐνθέους
382 366 463 393 αὑτοῦ
479 367 525 393 καὶ
540 366 708 401 παναρέτους
727 365 790 400 περὶ
806 365 855 399 τῆς
868 363 983 399 ἁληθοὴ

200 411 338 442 εὐσεϐείας
353 409 534 441 διδασκαλίας.
550 409 604 435 Καὶ
615 409 640 435 τί
656 409 695 434 δεῖ
705 407 863 443 θαυμάζειν,
879 407 922 434 ὅτε
938 407 983 433 καὶ

200 455 244 482 τὸν
266 456 326 482 νέον
342 456 390 489 τῆς
410 454 550 485 εὐσεϐείας
565 453 674 488 τρόπον,
694 453 738 479 τὸν
756 451 794 488 (Ι)
815 451 882 487 προς
901 451 982 478 αὑτοῦ

201 502 281 527 πᾶσιν
301 500 452 536 ἀνθρώποις
473 499 700 534 κατηγγελμένον,
716 498 862 533 διαρρήδην
883 497 984 532 άνακη-
1004 506 1010 519 ι

203 545 335 581 ρὺττουσι,
348 545 441 580 κλῆσιν
455 553 484 570 τε
498 543 623 579 μαθητῶν
639 543 729 574 αὑτοῦ,
745 544 791 570 καὶ
807 542 908 578 Καινῆς
921 542 984 568 Δια-

200 591 286 627 θήκης
294 590 478 622 διδασκαλίανς
489 590 542 616 Ναὶ
555 589 607 624 μὴν
618 588 663 616 ἐπὶ
676 587 779 619 τούτοις
794 588 839 614 καὶ
853 587 902 618 τὰς
919 588 983 613 Ἰου-

200 637 280 664 δαίων
301 638 341 667 εἰς
357 635 436 662 αὑτὸν
456 635 583 666 ἀπιστίας
600 635 646 661 καὶ
658 632 825 667 ἀντιλογίας,
846 633 982 668 ἀρχόντων

199 692 228 709 τε
246 683 451 713 ἐπαναστάσεις,
464 681 629 707 διδασκάλων
644 679 764 714 φθόνους,
787 679 845 710 ἐνὸς
862 678 981 714 μαθητοῦ

201 728 355 764 προδοσίαν,
365 727 467 762 ἐχθρῶν
476 726 610 757 διαϐολὰς,
623 725 796 760 συκοφαντῶν
806 723 981 760 κατηγορίας,

200 774 331 800 δικαστῶν
359 773 544 808 κατακρίσεις,
572 772 663 808 ὕϐρεις
689 771 820 806 ἀτίμους,
849 771 982 806 μάστιγας

200 820 340 852 ἐκτύπους,
352 820 506 854 δυσφήμους
522 818 662 854 λοιδορίας,
678 817 723 843 ἐπὶ
737 818 803 843 πᾶσι
817 816 861 843 τὸν
877 816 982 842 ἐπονεί-

198 865 286 892 διστον
304 866 415 892 θάνατον
425 873 432 880 ·
447 864 526 892 αὐτοῦ
540 873 569 890 τε
583 864 628 890 ἐπὶ
641 863 745 893 τούτοις
762 861 865 897 σιωπὴν
880 861 983 896 θαυμά-

1034 271 1126 299 videre
1142 270 1175 297 ad
1194 269 1304 297 oculum
1321 268 1349 295 in
1372 268 1538 302 propheticis
1551 275 1611 302 quae
1625 267 1738 302 proditae
1751 274 1815 295 sunt

1034 315 1264 352 prtedictionibus,
1279 315 1406 342 universa
1419 314 1498 341 simul
1510 313 1702 344 comprehendi
1715 317 1813 342 testata

1033 363 1133 390 divinis
1162 361 1336 396 evangelistis
1358 360 1444 395 ipsius
1464 360 1613 388 Salvatoris
1635 360 1723 387 nostri
1749 359 1813 387 Jesu

1033 407 1134 434 Christi
1150 406 1280 441 stupenda
1295 406 1434 436 miracula,
1452 406 1612 440 divinasque
1631 405 1690 439 ejus
1711 409 1738 432 ct
1759 406 1814 440 ple—

1033 461 1083 481 nas
1105 453 1195 480 omnis
1221 453 1328 479 virtutis
1357 452 1390 479 de
1417 459 1480 479 vera
1504 453 1603 487 pietate
1617 451 1766 479 doctrinas.
1782 451 1814 478 Et

1033 498 1098 534 quid
1117 497 1217 524 mirum
1234 498 1295 528 hoc,
1315 504 1376 523 eum
1397 500 1422 524 et
1439 503 1535 523 novam
1560 497 1691 524 rationem
1705 497 1813 532 pietatis

1033 543 1159 571 omnibus
1180 543 1335 570 hominibus
1355 542 1389 569 ab
1403 549 1436 569 eo
1452 542 1693 569 commendandam
1709 543 1814 578 perspi—

1033 597 1084 617 cue
1104 588 1267 624 praedicent,
1283 587 1506 622 voeationemquc
1532 587 1728 622 discipulorum
1753 589 1812 622 ejus

1033 642 1066 662 ac
1088 634 1155 662 Novi
1181 633 1334 661 doctrinam
1358 633 1535 660 Testamenti.
1557 632 1612 660 Nec
1633 634 1724 661 minus
1739 638 1812 662 certe

1033 685 1162 716 praeterea
1173 679 1326 707 Iudaeorum
1339 679 1365 705 in
1378 679 1465 713 ipsum
1482 679 1696 706 incredulitatem
1708 683 1735 707 et
1748 688 1813 707 con-

1033 725 1219 756 tradictiones,
1244 724 1395 760 principum
1423 725 1646 757 insurrectiones,
1668 725 1810 753 doctorum

1032 771 1172 802 invidiam,
1186 769 1416 804 uniusdiscipuli
1440 769 1635 804 proditionem,
1662 771 1813 798 calumnias

1033 816 1172 849 hostium,
1199 815 1426 855 sycophantarum
1454 815 1660 848 accusationes,
1690 816 1811 850 judicum

1033 862 1282 894 condemnationes,
1299 866 1393 896 turpes
1408 861 1581 896 ignominias,
1593 861 1696 896 ﬂagella
1708 863 1813 897 gravis-

201 919 268 943 σιον,
284 911 424 947 πραότητά
438 919 467 936 τε
482 910 527 937 καὶ
546 909 702 945 καρτερίαν,
716 907 853 943 ἀμήχανόν
871 916 900 933 τε
917 907 981 942 ὅσην

1034 909 1113 941 sima,
1130 907 1239 935 infamia
1256 907 1366 942 probra,
1380 911 1407 934 et
1418 914 1500 941 super
1513 907 1640 935 omnibus
1651 907 1726 935 hisce
1740 915 1815 935 more

199 957 335 992 ὑπομονὴν
348 956 585 988 καὶάνεξικακίαν.
604 955 694 981 Ταῦτα
709 955 737 981 δὲ
751 954 837 980 πάντα
854 954 982 988 ἄντικρυς

199 1005 272 1039 περὶ·
284 1003 344 1034 ἐνὸς
357 1004 386 1029 ἐν
400 1002 523 1033 ὑστάτοις
539 1001 603 1027 ποτὲ
618 1001 722 1036 χρόνοις
738 999 855 1035 ἥξοντος,
875 999 921 1024 καὶ
931 1006 982 1024 τοι-

199 1047 268 1074 αῦτα
282 1048 310 1074 ἐν
322 1047 473 1083 ἀνθρώποις
483 1046 651 1081 πεισομένου,
667 1045 758 1079 σαφῶς
768 1045 801 1071 δι’
813 1041 849 1071 ὧν
861 1044 982 1080 προειλή-

199 1102 275 1128 quat,
290 1093 324 1120 τὰ
339 1092 489 1120 παλαίτατα
505 1091 635 1127 Ἑϐραίων
659 1091 806 1126 παρίστησι
820 1090 906 1124 λόγια,
922 1090 981 1116 ἐπι-

201 1138 409 1175 μαρτυρούμενα
424 1138 473 1173 τὴν
486 1136 554 1172 μετὰ
569 1136 681 1163 θάνατον
698 1137 729 1162 ἐκ
742 1136 845 1171 νεκρῶν
862 1135 979 1162 ἀναϐίω-

199 1193 241 1212 σιν
256 1184 303 1211 τοῦ
327 1183 500 1219 δηλουμένου,
512 1182 561 1218 τὴν
583 1183 638 1213 τοῖς
653 1182 734 1208 αὑτοῦ
754 1181 885 1216 μαθηταῖς
901 1181 981 1215 φανέ-

198 1238 292 1266 ρωσιν,
301 1229 349 1264 τὴν
360 1229 406 1256 τοῦ
422 1229 493 1255 θείου
502 1228 657 1263 Πνεύματος
669 1228 707 1259 είς
718 1227 814 1258 αὐτοὺς
829 1226 979 1261 μετάδοσιν-

197 1274 247 1310 τὴν
258 1275 297 1306 είς
312 1274 443 1309 οὐρανοὺς
457 1273 548 1300 ἄνοδον
566 1272 657 1304 αὑτοῦ,
674 1273 722 1307 τὴν
741 1271 845 1307 Πατρὸς
858 1271 980 1306 ἕνθρονον

198 1319 337 1355 βασιλείας
353 1319 466 1354 ἵδρυσιν,
481 1318 529 1354 τὴν
544 1318 590 1344 ἐπὶ
607 1316 743 1352 συντελείᾳ
756 1316 802 1342 τοῦ
820 1316 876 1350 βίου
891 1315 981 1342 δευτέ-

198 1373 249 1401 ραν
264 1363 341 1396 αὖθις
370 1364 500 1400 ἐσομένην
514 1363 615 1396 ἔνδοξον
638 1363 721 1390 αὑτοῦ
741 1362 900 1398 παρουσίαν.
918 1361 980 1387 Ἐπὶ

197 1410 265 1438 πᾶσι
273 1411 376 1442 τούτοις
387 1410 500 1446 θρήνους
513 1410 615 1444 ἀκούσῃ
625 1410 671 1435 καὶ
687 1409 854 1445 ὀλοφυρμοὺς
866 1407 979 1434 ἑκάστου

196 1456 251 1483 τῶν
268 1456 412 1492 προφητῶν
428 1455 562 1491 διαφόρως
574 1454 780 1490 ὀλοφυρομένου,
793 1455 838 1481 καὶ
850 1454 979 1481 ἀποκλαι-

197 1503 306 1538 ομένου,
325 1503 378 1530 ὅσα
402 1502 432 1529 τὸ
454 1501 585 1529 Ἰουδαίων
600 1501 673 1532 ἔθνος
689 1501 738 1536 τῆς
755 1502 794 1532 είς
816 1501 860 1527 τὸν
878 1509 983 1536 προκηο.

197 1549 330 1585 ρυχθέντα
339 1548 494 1579 δυσσεὸείας
507 1548 588 1575 ἕνεκα
602 1547 805 1587 μετελεύσεσθαι
820 1545 892 1573 κακὰ
902 1545 980 1581 ἔμελ·
992 1566 1013 1593 C

197 1594 253 1626 λεν,
267 1594 305 1626 ὡς
318 1594 349 1621 τὸ
372 1593 509 1629 βασίλειον,
518 1592 616 1624 αὐτῶν,
634 1592 734 1619 ἄνωθεν
750 1593 781 1618 ἐκ
803 1592 926 1628 πατέρων
940 1593 979 1623 εἰς

196 1637 317 1669 ἐκείνους
329 1638 474 1673 διαρκέσαν
485 1637 547 1669 τοὺς
560 1637 679 1673 καιροὺς,
696 1637 812 1672 παντελῆ
825 1637 980 1673 καθαίρεσιν

199 1683 267 1719 μετὰ
283 1683 332 1718 τὴν
343 1682 542 1718 κατά-Χριστοῦ
558 1682 658 1718 τόλμαν
675 1682 761 1709 αὐτῶν
775 1683 904 1717 ὑπομενεῖ
915 1690 922 1697 ⁸
943 1682 980 1714 ὡς

196 1728 221 1755 οξ
235 1728 342 1763 πάτριοι
359 1728 448 1754 αὐτῶν
466 1728 542 1762 νόμοι
563 1727 801 1762 καταλυθήσονται,
816 1728 852 1759 ὡς
868 1727 918 1762 τῆς
933 1736 981 1754 πα-

196 1774 276 1806 λαιᾶς
290 1774 437 1810 θρησκείας
463 1774 550 1800 αὐτῶν
567 1774 806 1808 ἀποστερήσονται,
828 1774 865 1805 ὡς
879 1773 927 1808 τῆς
948 1774 980 1801 ἐκ

197 1818 336 1856 προτόνων
357 1819 519 1854 αὐτονομίας
535 1818 727 1845 ἐκπεσοῦνται·
746 1818 783 1850 ὡς
803 1818 859 1844 ἀντ’
874 1818 980 1844 ἐλευθέ-

198 1873 253 1900 ρων
261 1863 348 1891 δοῦλοι
357 1864 410 1891 τῶν
422 1864 526 1900 ἐχθρῶν
541 1864 765 1899 καταστήσονται,
776 1863 839 1899 ὡςή
854 1863 978 1900 βασιλικὴ

199 1908 363 1944 μητρόπολις
374 1909 461 1935 αὐτῶν
469 1909 650 1945 πυρίκαυστος
659 1909 811 1944 γενήσεται,
827 1908 864 1940 ὡς
875 1908 906 1935 τὸ
915 1918 943 1935 σε
947 1918 980 1944 μ-

197 1954 242 1981 νὸν
256 1954 345 1981 αὐτῶν
359 1955 406 1981 καὶ
430 1955 511 1990 ἁγνὸν
532 1955 602 1991 ἱερὸν
616 1954 776 1991 ἐμπρησμὸν
792 1955 837 1981 καὶ
863 1954 979 1990 ἐσχάτην

197 2000 314 2036 ἐρημίαν
339 2002 486 2036 ὑπομενεί-
509 2001 546 2033 ώς
561 2001 621 2028 ἀντὶ
647 2000 700 2027 τῶν
720 2000 802 2027 πάλαι
831 2001 979 2037 οἰκητόρων

198 2046 252 2073 ὑπὸ
265 2046 406 2082 ὁμοφύλων
421 2046 469 2082 (ι’)
486 2047 570 2074 ἐθνῶν
583 2049 599 2083 ὴ
614 2048 689 2080 πόλις
707 2047 795 2075 αὐτῶν
809 2047 980 2082 κατοικισθῆ-

199 2100 284 2124 uerat,
300 2092 338 2125 ὡς
352 2094 391 2125 εἰς
418 2094 506 2120 πάντα
522 2094 555 2120 τὰ
576 2094 638 2129 ἔθνη
661 2094 721 2121 καθ’
737 2094 800 2129 ὅλης
819 2093 979 2129 οἰκουμένης

198 2138 436 2174 διασπαρήσονται,
449 2139 487 2171 ὡς
501 2140 589 2166 οὐκέτ’
605 2141 695 2172 αὐτοῖς
708 2141 724 2175 ἡ
739 2139 793 2168 τῶν
808 2139 899 2166 κακῶν
911 2138 980 2165 παῦ-

196 2183 241 2215 λα,
254 2184 314 2214 οὐδὲ
325 2193 367 2216 τις
383 2185 524 2216 ἀνάνευσις
536 2185 589 2211 τῶν
607 2185 752 2221 συμφορῶν
769 2185 976 2219 ἐλπισθήσεται-·

1031 959 1083 980 tem
1112 953 1346 980 contumeliosam.
1364 953 1452 987 Ipsius
1481 953 1514 980 ad
1538 952 1595 980 hac
1623 953 1812 980 admirandum

1031 999 1178 1030 silentium,
1195 998 1333 1025 lenitatem
1354 1001 1381 1024 et
1405 998 1597 1030 constantiam,
1614 998 1814 1026 incredibilem-

1030 1053 1082 1080 que
1100 1048 1228 1080 quantam
1245 1044 1401 1078 patientiam
1425 1044 1610 1078 malorumque
1627 1045 1811 1072 tolerantiam.

1031 1091 1093 1118 llaec
1106 1091 1196 1119 omnia
1216 1091 1317 1117 diserte
1339 1091 1371 1117 de
1396 1098 1452 1117 uno
1474 1090 1592 1125 quodam
1617 1091 1643 1117 in
1667 1091 1812 1125 postremis

1031 1138 1094 1163 olim
1110 1142 1224 1165 venturo
1246 1137 1414 1172 temporibus
1430 1141 1510 1171 atque
1526 1138 1596 1164 inter
1612 1137 1736 1166 homines
1747 1138 1811 1164 talia

1030 1183 1201 1211 exantlaturo
1219 1184 1359 1218 perspicue
1373 1183 1564 1218 praenuntiant.
1580 1183 1744 1218 traduntque
1763 1191 1812 1210 an-

1030 1229 1182 1264 tiquissima
1200 1229 1371 1255 Hebraeorum
1386 1229 1511 1262 oracula;
1528 1229 1662 1263 simulque
1679 1233 1813 1263 testantur

1030 1274 1153 1301 eumdem
1168 1277 1229 1309 post
1246 1278 1359 1301 mortem
1374 1275 1470 1300 iterum
1487 1281 1660 1301 reversurum
1674 1274 1701 1302 in
1716 1276 1810 1307 vitam,

1030 1319 1170 1354 discipulis
1186 1319 1243 1346 suis
1267 1319 1463 1355 appariturum,
1488 1319 1662 1354 divinumque
1681 1319 1811 1354 Spiritum

1029 1365 1056 1395 in
1073 1365 1134 1392 illos
1159 1365 1334 1392 emissurutn.
1351 1364 1477 1392 “editum
1501 1365 1564 1392 item
1579 1366 1639 1400 ejus
1660 1373 1812 1393 memorant

1029 1410 1058 1437 in
1071 1410 1165 1443 cmlos,
1188 1410 1345 1444 firmamque
1358 1410 1384 1437 in
1400 1410 1500 1436 throno
1517 1410 1590 1445 regni
1604 1409 1693 1438 Patris
1705 1411 1808 1442 sedem,

1029 1459 1109 1490 atque
1121 1455 1148 1482 in
1165 1455 1398 1482 consuuunatione
1414 1455 1505 1482 saeculi
1520 1455 1640 1482 futurum
1658 1455 1755 1482 iterum
1771 1456 1810 1481 al-

1029 1504 1116 1531 terum
1141 1500 1200 1534 ejus
1227 1500 1371 1527 adventum
1400 1500 1558 1536 gloriosum.
1579 1500 1667 1536 Super
1686 1502 1812 1529 omnibus

1030 1545 1105 1573 hisce
1127 1545 1239 1573 threnos
1258 1546 1392 1580 percipies
1406 1551 1487 1581 atque
1506 1546 1623 1581 ejulatus
1641 1547 1810 1582 singulorum

1030 1592 1222 1626 prophetarum
1236 1591 1410 1618 multifariam
1422 1592 1609 1626 quiritantium
1626 1596 1707 1628 atque
1719 1592 1812 1628 deplo-

1030 1639 1147 1665 rantium
1171 1642 1272 1672 quanta
1293 1639 1392 1673 populo
1413 1637 1528 1665 Judaico
1549 1639 1584 1666 ob
1598 1639 1762 1674 impietatem
1782 1640 1812 1666 in

1030 1685 1102 1712 hunc
1118 1688 1251 1720 patratam
1267 1684 1426 1712 sustinenda
1450 1689 1541 1713 essent
1566 1686 1637 1712 mala
1653 1695 1660 1713 :
1675 1686 1749 1721 quod
1768 1694 1811 1714 re-

1029 1738 1110 1764 gnum
1130 1731 1250 1765 ipsorum
1267 1738 1282 1757 a
1297 1735 1402 1766 patrum
1418 1731 1584 1766 temporibus
1598 1739 1684 1766 usque
1697 1731 1731 1758 ad
1746 1732 1809 1759 illo-

1030 1783 1089 1802 rum
1107 1780 1213 1803 aetatem
1237 1776 1434 1808 continuatum,
1450 1776 1572 1804 funditus
1591 1780 1663 1803 esset
1684 1781 1810 1804 everten-

1029 1821 1093 1848 dum
1115 1826 1177 1856 post
1191 1829 1222 1849 ea
1234 1829 1293 1856 qua:
1308 1821 1335 1848 in
1349 1821 1487 1849 Christum
1501 1822 1559 1849 ausi
1582 1821 1697 1850 fuissent
1718 1831 1724 1849 :
1736 1823 1809 1857 quod

1030 1867 1123 1901 patria:
1138 1866 1258 1901 ipsorum
1277 1867 1349 1901 leges
1361 1866 1550 1898 dissolvendae,
1568 1867 1640 1902 quod
1663 1867 1714 1901 ipsi
1725 1868 1809 1894 veteri

1029 1910 1104 1937 cultu
1128 1918 1177 1937 suo
1204 1910 1329 1945 religioso
1344 1910 1477 1945 privandi,
1494 1914 1575 1945 atque
1598 1911 1723 1938 libertate
1737 1911 1808 1938 avita

1029 1955 1155 1988 exuendi,
1168 1955 1241 1993 quod
1257 1964 1306 1991 pro
1322 1955 1414 1983 liberis
1435 1955 1505 1982 servi
1527 1955 1645 1982 hostium
1663 1955 1749 1986 futuri
1766 1964 1809 1984 es-

1029 2006 1116 2029 sent:
1146 2002 1218 2038 quod
1247 2002 1320 2037 regia
1346 2002 1466 2037 ipsorum
1497 2002 1653 2036 metropolis
1678 2002 1808 2029 tradenda

1029 2046 1155 2081 ﬂammis,
1167 2052 1193 2075 et
1210 2047 1367 2083 religiosum
1384 2047 1490 2073 illorum
1501 2050 1528 2075 et
1540 2051 1664 2074 sanetum
1678 2047 1808 2082 templum

1029 2093 1257 2129 conflagraturum
1285 2097 1365 2128 atque
1386 2097 1536 2123 extremam
1556 2097 1732 2128 experturum
1748 2094 1810 2121 soli-

1028 2139 1149 2166 tudinem
1163 2149 1170 2166 :
1188 2139 1260 2174 quod
1280 2147 1328 2174 pro
1352 2139 1432 2167 avitis
1446 2139 1543 2167 incolis
1558 2140 1624 2167 urbs
1638 2147 1732 2167 eorum
1744 2141 1810 2168 alie-

1028 2185 1072 2212 nis
1095 2184 1271 2212 inhabitanda
1288 2185 1454 2218 nationibus,
1469 2185 1540 2220 quod
1556 2185 1584 2211 in
1607 2191 1702 2212 omnes
1715 2189 1809 2220 gentes

198 2229 216 2257 ᾶ
235 2231 283 2257 καὶ
298 2231 399 2266 τυφλῷ,
417 2231 493 2266 φασὶ,
508 2231 583 2266 δῆλα,
597 2232 679 2257 είσέτι
701 2231 748 2258 νῦν
763 2231 811 2266 τὴν
826 2231 880 2257 τῶν
892 2231 978 2265 λόγων

1030 2238 1078 2266 per
1092 2234 1177 2257 totum
1195 2230 1286 2257 orbem
1299 2234 1431 2257 terrarum
1445 2231 1626 2266 dispergendi,
1642 2231 1715 2266 quod
1734 2231 1809 2258 nulla

197 2277 256 2311 ὃψιν
281 2277 369 2308 αὐτοῖς
394 2277 484 2312 ἔργοις
511 2277 684 2309 ἐνδείκνυται,
710 2277 742 2303 ἐκ
761 2276 871 2312 πρώτης
894 2276 977 2312 αὐτῆς

197 2323 312 2358 ἡμέρας,
339 2322 370 2355 ἐξ
385 2320 419 2358 ἦς
439 2323 533 2354 ἀθέους
559 2323 659 2359 ἤραντο
687 2322 757 2348 κατὰ
782 2322 899 2357 Χριστοῦ
922 2323 977 2357 χεῖ-

199 2376 256 2403 ρας,
273 2369 322 2404 τὴν
333 2368 387 2394 τῶν
402 2368 494 2395 κακῶν
509 2368 594 2404 ἀρχὴν
608 2370 647 2400 είς
662 2367 975 2402 ἐαυτοὺςξέπισπώμενοι.

197 2414 254 2440 Οὐκ
271 2411 304 2449 ἦν
320 2414 342 2440 δ’
357 2414 410 2449 ἄρα
436 2415 492 2445 τοῖς
515 2413 666 2445 θεσπεσίοις
690 2413 817 2448 ἀνδράσιν
840 2414 887 2439 ἐπὶ
911 2421 976 2439 σκυ-

198 2459 315 2494 θρωποῖς
326 2460 361 2486 τὰ
371 2460 424 2486 τῶν
437 2461 612 2497 προρρήσεων
628 2461 741 2492 ἱστάναι,
752 2459 810 2486 οὐδὲ
830 2459 909 2495 μέχρι
923 2459 977 2486 τῶν

197 2505 325 2542 λυπηρῶν
338 2506 517 2532 ἐπιτείνεσθαι
533 2505 749 2542 τὴννπρὸγνωσιν
761 2513 767 2520 ·
790 2505 856 2531 ἀλλὰ
871 2504 924 2540 γὰρ
937 2505 976 2536 είς

196 2552 226 2578 rb
243 2551 353 2587 φαιδρὸν
378 2552 599 2587 μεταϐάλλοντες,
626 2542 708 2583 αὖθις
718 2550 826 2585 ἀγαθῶν
851 2550 976 2585 ἀγγελίας

197 2598 302 2634 ἀθρόως
315 2598 416 2625 ἅπασιν
426 2597 577 2633 ἀνθρώποις
590 2598 634 2628 ἐπὶ
646 2599 678 2633 τῇ
689 2596 736 2623 τοῦ
750 2595 866 2632 Χριστοῦ
880 2604 978 2632 παρου-

198 2644 244 2679 σία
265 2644 480 2680 προεκήρυττον,
502 2643 563 2675 ἀντὶ
584 2643 633 2678 τῆς
651 2643 710 2674 ἑνὸς
732 2642 823 2673 ἔθνους
844 2642 977 2678 ἀποϐολῆς

197 2691 251 2717 πᾶν
268 2690 342 2722 ἔθνος
361 2691 408 2717 καὶ
427 2689 506 2724 γένος
520 2689 668 2725 ἀνθρώπων
684 2689 846 2724 θεογνωσίαν
861 2689 975 2724 εὐαγγε-

198 2734 341 2770 λιζόμενοι,
358 2735 405 2761 καὶ
420 2734 554 2769 δαιμόνων
571 2734 720 2769 ἀποφυγὴν,
736 2733 871 2768 ἀγνωσίας
887 2742 916 2760 τε
931 2734 978 2760 καὶ

199 2781 299 2816 πλάνης
319 2780 490 2819 ἀπαλλαγὴν,
519 2779 606 2815 φωτός
631 2788 661 2812 τε
684 2780 730 2807 καὶ
754 2780 893 2812 εὐσεὸείας
914 2780 977 2807 ἀνά-

232 2870 269 2905 (l)
288 2870 334 2898 Sic
348 2869 518 2899 correximus
532 2877 580 2904 pro
596 2868 652 2899 τοῦ.
673 2869 751 2896 Enn.
771 2869 880 2897 Pnnm.

1029 2277 1146 2312 amplius
1175 2284 1189 2303 a
1212 2277 1291 2304 malis
1318 2277 1437 2312 requies,
1467 2285 1554 2312 neque
1571 2284 1585 2303 a
1607 2277 1807 2304 calamitatibus

1027 2324 1171 2360 respiratio
1194 2323 1326 2359 speranda
1352 2323 1405 2351 illis
1421 2323 1497 2358 ",foret
1513 2333 1518 2350 :
1536 2331 1596 2358 qua:
1619 2331 1701 2356 ett-co,
1734 2324 1806 2358 quod

1027 2371 1113 2402 aiunt,
1132 2370 1286 2402 manifesta.
1304 2370 1385 2398 etiam
1399 2377 1472 2396 nunc
1489 2370 1633 2396 verborum
1655 2370 1708 2396 vim
1725 2369 1807 2396 rebus

1026 2416 1093 2452 ipsis
1107 2416 1305 2448 demonstrant,
1321 2423 1383 2442 cum
1399 2423 1414 2442 a
1428 2416 1514 2450 prima
1529 2416 1575 2442 illa
1586 2416 1630 2443 die
1644 2424 1696 2451 qua
1709 2415 1807 2451 impias

1027 2470 1124 2492 manus
1137 2461 1222 2490 Judaei
1240 2462 1268 2488 in
1283 2461 1421 2488 Christum
1452 2461 1582 2493 tulerunt,
1602 2461 1734 2489 malorum
1754 2463 1807 2489 ini-

1026 2510 1093 2537 tium
1113 2509 1140 2536 in
1163 2517 1192 2536 se
1206 2507 1401 2536 contraxerint.
1418 2506 1475 2534 Non
1504 2507 1581 2533 libuit
1606 2512 1695 2534 autem
1708 2508 1807 2536 divinis

1026 2555 1164 2591 prophetis
1176 2554 1365 2590 prmdictiones
1380 2561 1443 2581 suas
1460 2554 1486 2580 in
1503 2554 1606 2581 maestis
1622 2554 1708 2584 finire.
1719 2562 1807 2589 neque

1028 2602 1098 2628 ultra
1122 2601 1210 2628 tristia
1228 2600 1374 2628 extendere
1393 2600 1556 2627 vaticinandi
1576 2599 1744 2633 facultatem,
1760 2601 1805 2628 sed

1029 2648 1063 2682 ι·
1078 2648 1110 2674 ad
1126 2647 1268 2682 pulchrum
1290 2646 1413 2675 conversi
1432 2646 1512 2674 iidem
1530 2646 1651 2674 vicissim
1672 2647 1805 2674 bonorum

1026 2693 1237 2729 signiﬁcationes
1249 2699 1347 2728 magno
1368 2699 1492 2724 numero,
1510 2692 1636 2719 omnibus
1650 2691 1806 2719 hominibus

1026 2740 1126 2767 Christi
1144 2739 1261 2766 adventu
1278 2737 1520 2773 itupcrtiendorum
1535 2738 1804 2774 praenuntiaverunt:

1026 2785 1083 2813 fore
1096 2782 1210 2819 scilicet,
1231 2789 1259 2812 ut
1273 2793 1321 2820 pro
1337 2784 1418 2812 unius
1433 2784 1521 2819 gentis
1537 2785 1694 2820 rejectione,
1710 2791 1805 2814 omnes

1064 2867 1110 2902 (ξ’)
1129 2866 1191 2901 ch.
1207 2866 1368 2902 ἀλλοςύλιιιν.
