2053 3218
226 197 260 222 19
542 196 676 225 EUSEBH
695 197 932 225 CESABIENSIS
950 199 1024 226 OPP.
1042 200 1131 229 PARS
1149 202 1181 231 Ιί,
1197 220 1231 224 -
1251 204 1500 235 APOLOGETICA.
1809 211 1844 238 20

227 253 318 286 populi
338 256 364 280 et
388 254 515 281 nationes
534 254 672 281 hominum
690 262 736 289 per
751 254 926 289 Evangelium
946 256 1010 282 edo-

1064 257 1165 294 λαμψιν
1176 268 1182 274 ·
1203 261 1250 287 καὶ
1264 261 1302 293 ὡς
1318 262 1342 288 οἱ
1358 262 1404 289 τοῦ
1422 264 1539 299 Χριστοῦ
1563 266 1680 301 μαθηταὶ
1694 268 1739 294 τὸν
1757 268 1843 295 πάντα

226 302 339 324 ceantur
351 299 407 325 veri
426 298 470 326 Dei
492 300 684 333 cognitionem,
710 302 848 327 daemonas
869 303 1008 336 deserant,

227 336 583 378 iguorantiamque'exuant
609 350 635 371 et
661 351 777 375 errores,
801 345 846 371 lux
869 349 958 372 autem
978 353 1010 372 ac

227 389 313 422 pietas
327 390 405 423 longe
417 393 522 424 lateque
538 390 710 425 resplendeat
723 400 729 416 :
744 394 773 416 ut
786 397 801 416 a
817 390 917 417 Christi
931 391 1010 418 disci-

226 435 297 468 pulis
318 436 464 463 universus
486 436 560 463 orbis
581 437 716 470 repleatur
739 436 799 470 ejus
824 437 960 471 dogmate,
981 441 1010 465 ut

227 482 401 517 Evangelium
421 483 454 509 ab
473 483 526 510 illis
541 482 691 509 doceantur
708 490 803 510 omnes
817 483 941 511 homines
959 493 1009 512 n0-

227 537 286 554 vain
303 529 454 563 miramque
467 529 649 563 complectens
667 529 775 563 pietatis
798 530 932 557 rationem
948 540 953 557 :
970 535 1010 557 at-

226 582 279 607 que
304 579 333 600 ut
352 575 480 601 Ecclesia:
505 574 606 602 Christi
629 582 677 609 per
699 573 808 602 eosdem
831 575 859 602 in
883 577 1009 604 omnibus

226 619 351 653 gentibus
362 621 573 651 constituantur,
586 623 612 646 et
627 627 698 646 unus
710 620 826 654 populus
838 620 1009 649 Christianus

226 665 383 692 nominetur
398 674 446 701 per
462 667 619 693 universum
643 674 696 701 qua
717 670 788 701 patet
804 667 900 694 incolis
917 668 1009 695 orbem

226 717 369 739 terrarum.
391 712 522 739 Futurum
545 720 607 740 esse
630 713 722 745 etiam,
736 717 766 739 ut
781 721 842 748 quae
859 714 974 741 subinde
994 722 1009 741 a

226 757 395 792 principibus
420 758 582 792 regibusque
606 762 701 785 contra
734 758 883 786 Ecclesiam
908 759 1008 787 Christi

225 803 377 830 excitandae
392 805 447 831 sint
462 805 678 838 persecutiones,
702 804 769 831 nihil
786 805 818 832 ad
833 805 1008 833 evertendam

225 850 299 877 illam
311 850 428 882 valeant,
446 854 539 884 utpote
554 858 614 884 quae
625 850 671 876 Dei
687 850 784 878 robore
801 852 933 878 ﬁrmatur.
947 851 1009 878 Haec

228 899 255 922 et
266 898 342 922 tanta
363 903 425 922 cum
448 896 482 921 ab
500 895 673 922 Hebraeorum
694 895 826 931 theologis
843 897 1009 931 proclamata

1063 306 1163 341 κόσμον
1179 307 1228 342 τῆς
1242 308 1325 334 αὑτοῦ
1336 309 1507 342 διδασκαλίας
1521 311 1713 348 ἐμπλήσωσιν,
1728 314 1800 346 ὅπως
1814 324 1843 342 τε

1062 353 1101 383 εἰς
1112 352 1215 385 πάντας
1226 354 1381 390 ἀνθρώπους
1392 356 1422 395 τὸ
1434 357 1596 391 Εὐαγγέλιον
1610 359 1697 386 αὐτῶν
1709 361 1844 396 κηρυχθή-

1063 405 1155 428 σεται,
1174 399 1262 425 καινόν
1285 408 1346 426 τινα
1368 400 1414 426 καὶ
1434 401 1569 433 ξενίζοντα
1589 404 1687 438 τρόπον
1706 405 1843 438 εὐσεϐείας

1063 443 1205 479 περιέχον·
1226 445 1274 471 καὶ
1287 445 1324 477 ὡς
1346 446 1502 482 Ἐκκλησίαι
1523 449 1639 484 Χριστοῦ
1660 450 1693 476 δι’
1711 451 1798 477 αὐτῶν
1814 452 1842 479 ἐν

1061 489 1132 520 ὅλοις
1149 491 1204 521 τοῖς
1226 490 1312 517 ἔθνεσι
1335 493 1521 528 συστήσονται,
1543 495 1589 520 καὶ
1606 495 1643 527 ὼς
1665 496 1724 528 ἑνὸς
1745 497 1759 522 ὁ
1778 497 1843 533 Χρι-

1064 535 1178 561 στιανῶν
1195 535 1258 567 λαὸς
1272 536 1332 563 καθ’
1348 537 1411 572 ὅλης
1427 537 1475 573 τῆς
1491 539 1651 575 οἰκουμένης
1662 539 1844 577 ὀνομασθήσε-

1062 589 1120 607 ται·
1140 583 1187 608 καὶ
1204 582 1241 614 ὡς
1256 583 1283 609 αἱ
1304 584 1357 610 τῶν
1373 584 1442 610 κατά
1464 585 1575 620 χρόνους
1592 587 1726 622 ἀρχόντων
1748 596 1776 613 τε
1797 589 1843 615 καὶ

1063 627 1193 662 βασιλέων
1213 629 1281 655 κατὰ
1299 629 1349 664 τῆς
1369 630 1530 665 Ἐκκλησίας
1549 631 1594 658 τοῦ
1612 633 1727 668 Χριστοῦ
1743 633 1844 661 ἐπανα-

1063 674 1170 706 στάσεις
1186 674 1261 701 οὒδὲν
1276 677 1316 705 εἰς
1331 676 1361 702 τὸ
1377 677 1498 703 καθελεῖν
1513 678 1596 713 αὐτὴν
1606 699 1612 710 ,
1629 679 1666 710 ὡς
1682 679 1714 706 ἂν
1734 679 1785 706 ὑπὸ
1797 680 1843 707 τοῦ

1061 718 1128 745 Θεοῦ
1146 720 1372 755 κραταιουμὲνην,
1395 721 1541 756 Equis-ovat.
1568 723 1706 750 Τοσούτων
1726 724 1770 751 διὰ
1791 725 1844 752 τῶν

1062 765 1121 791 καθ’
1142 765 1281 801 Ἐϐραίους
1297 766 1426 799 Θεολὸγων
1449 767 1714 804 ἀναπεφωνημένων,
1736 771 1783 797 καὶ
1804 772 1844 803 εἰς

1061 810 1140 846 δεῦρο
1155 812 1235 838 πᾶσιν
1253 813 1292 843 εἰς
1311 812 1425 847 φανερὸν
1441 812 1490 844 τὰς
1512 813 1636 845 ἐκϐάσεις
1658 815 1843 850 ἐπιδεικνυμέ-

1062 865 1123 888 νων,
1138 857 1180 888 τίς
1193 858 1243 884 οὐκ
1252 858 1284 884 ἂν
1295 858 1324 884 τὸ
1335 857 1424 885 ἔνθεον
1437 859 1640 895 ὰποθαυμὰσειε
1655 860 1708 887 τῶν
1724 861 1842 896 ἀνδρῶν;

1061 903 1102 935 τίς
1122 904 1144 929 δ’
1160 905 1220 940 οὗχὶ
1237 903 1286 938 τῆς
1304 905 1364 931 κατ’
1384 906 1481 938 αὐτοὺς
1498 905 1650 938 θεοσεϐείας
1670 907 1717 933 καὶ
1739 907 1843 941 φιλοσο-

227 939 338 972 t‘uerint,
361 944 441 974 atque
463 940 610 967 etiamnum
639 941 764 968 omnibus
790 942 878 976 palam
901 942 1008 968 illarum

1063 949 1125 983 φίας
1147 950 1181 977 τὰ
1201 950 1350 986 μαθήματά
1373 960 1401 978 τε
1422 953 1468 978 καὶ
1494 952 1527 979 τὰ
1551 952 1673 986 δόγματα
1697 939 1778 989 κύρια
1799 954 1844 980 καὶ

226 994 318 1014 rerum
333 990 446 1022 eventus
460 995 488 1014 se
503 987 638 1019 ostendat,
656 988 716 1022 quis
737 995 791 1014 non
809 987 930 1014 divinum
947 987 1008 1014 illo-

225 1040 286 1059 rum
310 1033 430 1060 virorum
449 1033 574 1068 spiritum
589 1033 759 1060 admiretur?
773 1034 835 1068 quis
857 1041 911 1060 non
926 1033 1009 1060 disci‘

226 1079 328 1114 plinam
350 1083 377 1106 et
400 1079 524 1114 dogmata
547 1080 687 1114 religionis
702 1079 824 1114 ipsorum
840 1083 867 1107 et
889 1079 1011 1114 philoso-

227 1124 297 1160 phia:
315 1124 432 1151 fateatur
448 1125 566 1160 genuina
581 1132 614 1152 ac
624 1125 767 1153 verissima
782 1125 860 1152 esse?
875 1126 1009 1160 siquidem

225 1172 483 1199 deinonstrationem
499 1180 554 1206 pra:
574 1179 603 1199 se
619 1171 708 1199 ferunt
723 1180 777 1199 non
801 1172 909 1206 quidem
934 1179 1009 1198 com-

225 1219 278 1252 ptis
291 1221 372 1252 atque
383 1218 487 1244 ornatis
505 1218 604 1249 verbis,
621 1225 708 1252 neque
724 1218 750 1244 vi
768 1217 875 1245 dicendi
891 1223 937 1243 aut
948 1223 1010 1252 per-‘3

226 1264 295 1290 versi
323 1263 430 1290 artiﬁcii
455 1263 738 1297 argumentationibus
763 1263 797 1289 ad
821 1262 1009 1297 decipiendum

225 1309 404 1343 comparatis,
419 1308 466 1336 sed
477 1308 593 1343 simplici
609 1313 635 1336 et
646 1312 750 1336 remoto
766 1316 781 1335 a
796 1308 893 1335 l‘raudc
907 1309 1010 1335 doctri-

225 1363 266 1382 nae
285 1363 393 1390 genere,
418 1355 498 1389 cujus
515 1355 640 1389 genuinae
664 1355 832 1389 sinceraeque
850 1354 956 1381 veritati
979 1354 1011 1380 ﬁ-

224 1401 287 1428 dem
304 1400 368 1427 l‘acit
382 1400 470 1427 virtus
486 1404 512 1427 et
524 1400 643 1435 cognitio
657 1399 783 1427 Numinis
798 1407 857 1434 qua:
869 1400 896 1426 in
910 1399 1010 1427 divinis

226 1447 280 1474 illis
292 1446 360 1473 viris
380 1446 439 1473 fuit.
461 1446 512 1479 Qui
535 1446 616 1481 igitur
632 1449 779 1480 potuerunt
794 1453 847 1477 res,
876 1453 937 1480 quae
951 1446 1011 1472 lon-

225 1494 266 1528 gis
283 1493 390 1520 saeculis
406 1496 466 1527 post
483 1496 641 1523 evenerunt,
655 1496 694 1519 tot
709 1492 826 1519 millenis
843 1495 905 1518 ante
918 1491 1010 1525 annis,

225 1547 280 1566 non
293 1539 413 1565 humano
429 1538 477 1565 sed
493 1538 585 1565 divino
598 1537 690 1565 videre
706 1537 814 1572 spiritu,
826 1537 919 1572 quidni
936 1537 1012 1572 digni

225 1586 278 1613 ﬁde
293 1585 348 1612 sint
374 1589 403 1611 ut
418 1584 542 1620 dogmata
565 1592 626 1618 quae
645 1584 794 1619 discipulos
816 1591 882 1612 suos
898 1583 1012 1611 edocue-

227 1635 302 1665 runt,
319 1638 383 1657 vera
399 1638 458 1657 esse
470 1629 635 1656 credantur?
650 1629 736 1657 Probe
752 1631 833 1656 etiam
850 1629 911 1656 novi
927 1629 1012 1656 usita-
1024 1619 1045 1648 (ἶ

226 1681 283 1705 tum
308 1685 369 1704 esse
393 1677 530 1709 omnibus,
560 1678 605 1711 qui
623 1677 791 1704 Salvatorem
814 1684 846 1704 ac
866 1677 1009 1703 Dominum

225 1729 350 1752 nostrum
366 1723 460 1751 Jesum
481 1723 606 1750 eumdem
624 1731 688 1750 vere
710 1723 849 1750 Christum
873 1722 919 1750 Dei
939 1730 1009 1756 esse,

225 1771 264 1798 ita
279 1774 309 1797 ut
325 1778 375 1805 par
390 1773 442 1802 est,
458 1770 605 1796 instituunt
624 1769 820 1802 demonstrare,
840 1773 903 1796 ante
919 1769 1011 1796 omnia

227 1817 316 1844 facere
328 1817 420 1849 iidem,
438 1816 511 1851 quod
525 1824 577 1843 non
590 1816 667 1843 aliter
682 1816 709 1842 in
725 1823 786 1843 eum
799 1823 879 1850 quam
894 1815 1011 1850 prophe-

226 1862 288 1890 ticis
303 1863 468 1890 testimoniis
488 1862 521 1889 de
536 1870 568 1889 co
583 1862 664 1889 editis
680 1866 862 1897 congruenter
877 1861 989 1889 credant
1002 1870 1008 1888 :

225 1907 323 1934 deinde
338 1911 364 1934 et
375 1907 426 1934 hoc
442 1907 531 1941 ipsum
545 1915 636 1934 coram
651 1907 779 1934 omnibus
792 1914 852 1933 cum
870 1906 969 1941 quibus
982 1907 1010 1933 lu

226 1962 379 1982 sermonem
394 1954 576 1986 descendunt,
600 1954 672 1980 haud
691 1953 809 1985 ditiitcri,
826 1953 897 1987 quod
917 1954 1011 1988 singu-

227 2002 293 2034 laris
304 2001 388 2028 studii
407 2009 438 2028 ac
457 2001 558 2027 laboris
575 2001 621 2032 sit,
643 2000 749 2035 singula
766 2000 855 2034 capita
873 1999 1010 2034 Evangelii

226 2056 307 2084 posse
317 2047 598 2075 demonstrationibus
614 2047 671 2073 suis
689 2046 806 2072 ﬁrmare.
824 2045 900 2072 Unde
916 2054 1011 2073 neces-

226 2094 300 2122 sario
317 2094 350 2121 ad
376 2095 426 2120 hoc
453 2094 541 2130 ipsum
566 2093 683 2122 delatus.
713 2092 758 2119 Dei
778 2092 880 2119 auxilio
902 2093 1010 2119 tentabo

226 2140 376 2168 secundum
403 2140 584 2175 prmnuntiata
608 2146 639 2165 ex
665 2138 731 2176 ipsis
757 2139 810 2166 illis
835 2137 1010 2165 Hebraeorum

225 2187 370 2222 theologis,
380 2187 513 2221 integram
526 2186 659 2213 universm
667 2185 829 2220 evangelicae
839 2185 1010 2212 demonstra-

226 2234 310 2261 tionis
333 2233 522 2261 tractationem
550 2232 665 2259 tradere.
695 2231 773 2269 Quod
798 2239 862 2259 γει-ο
889 2231 1009 2258 studium

1061 994 1147 1030 ἀληθῆ
1164 993 1232 1021 εἶναι
1248 996 1426 1032 ὁμολογήσει;
1449 998 1498 1033 τὴν
1521 998 1656 1030 ἀπόδειξιν
1674 999 1844 1034 παρεχόμενα

1060 1041 1109 1066 οὐκ
1126 1041 1154 1066 ἐν
1171 1040 1257 1074 λέξεσι
1273 1043 1520 1077 κεκομψευμέναις,
1540 1044 1593 1070 οὐδ’
1609 1045 1637 1071 ὲν
1653 1045 1783 1080 δεινότητι
1799 1044 1844 1072 λό-

1060 1094 1126 1120 γων,
1147 1086 1162 1121 ἢ
1179 1087 1350 1122 κακοτέχνοις
1369 1089 1487 1120 ἀπάταις
1502 1089 1704 1126 συλλογισμῶν·
1724 1092 1752 1117 ὲν
1772 1091 1843 1127 ἁπλῇ

1059 1132 1087 1159 δὲ
1113 1134 1159 1160 καὶ
1183 1134 1347 1170 ἀπανούργῳ
1366 1135 1532 1171 διδασκαλίᾳ,
1555 1134 1598 1171 ἦς.
1618 1137 1646 1163 τὸ
1674 1138 1784 1172 γνήσιον
1799 1139 1845 1165 καὶ

1060 1177 1201 1213 εἰλικρινὲς
1223 1179 1271 1214 τῆς
1300 1179 1427 1214 ἀληθείας
1456 1181 1471 1215 ἡ
1499 1181 1552 1207 τῶν
1579 1181 1728 1208 θεσπεσίων
1754 1182 1844 1209 αὐτῶν

1060 1223 1171 1249 ἐκείνων
1193 1224 1296 1259 ἀνδρῶν
1319 1225 1401 1260 ἀρετή
1426 1233 1455 1251 τε
1479 1226 1525 1251 καὶ
1542 1225 1689 1259 θεογνωσία
1712 1227 1845 1263 παρίστη-

1062 1277 1112 1296 σιν.
1137 1270 1168 1296 Οἱ
1199 1270 1262 1304 γοῦν
1292 1271 1325 1296 τὰ
1349 1273 1462 1306 μακροῖς
1491 1272 1584 1299 αἰῶσιν
1603 1272 1712 1308 ὕστερον
1732 1274 1771 1305 εἰς
1788 1273 1845 1308 φῶς

1060 1315 1171 1342 ἐλθόντα
1192 1317 1330 1352 πόρρωθεν
1356 1318 1461 1353 μυρίοις
1483 1318 1584 1345 ἄνωθεν
1603 1319 1708 1356 χρόνοις
1728 1320 1777 1345 οὐκ
1798 1320 1845 1346 ἀν-

1062 1361 1200 1396 Θρωπίνῳ,
1218 1361 1281 1396 θείῳ
1297 1362 1325 1387 δὲ
1343 1362 1476 1397 πνεύματι
1500 1363 1680 1391 κατοπτεῦσαι
1699 1364 1845 1399 δεδυνημέ-

1061 1417 1111 1440 νοι,
1127 1408 1185 1440 πῶς
1201 1409 1250 1434 οὐκ
1264 1407 1332 1440 ἄξιοι
1349 1407 1381 1435 ἂν
1399 1406 1453 1434 εἶεν
1472 1409 1518 1434 καὶ
1535 1409 1598 1444 περὶ
1615 1406 1652 1436 ὧν
1672 1410 1733 1441 τοὺς
1751 1402 1849 1446 (pater):

1060 1454 1110 1485 τὰς
1125 1453 1294 1486 ὲξεπαίδευον
1312 1453 1452 1489 δογμάτων
1471 1454 1662 1488 mem-55061:;
1681 1456 1712 1482 Εἰ
1731 1455 1780 1490 μὲν
1798 1453 1845 1482 οὖν

1061 1498 1118 1527 οἶδα
1135 1500 1264 1535 ἁκριῦὦς,
1282 1500 1322 1526 ὃτι
1338 1500 1479 1535 πρόχειρον
1496 1500 1590 1532 ἅπασι,
1607 1502 1662 1532 τοῖς
1678 1501 1722 1528 τὸν
1732 1501 1845 1537 Σωτῆρα

1062 1546 1108 1573 καὶ
1129 1545 1230 1581 Κύριον
1251 1545 1328 1580 ἡμῶν
1346 1545 1450 1580 Ἰησοῦν
1463 1545 1500 1576 ὡς
1519 1545 1551 1571 ἂν
1567 1545 1647 1572 αὐτὸν
1661 1546 1767 1581 ἀληθῶς
1780 1546 1844 1573 ὄντα

1061 1593 1107 1619 τὸν
1135 1592 1251 1628 Χριστὸν
1276 1591 1323 1618 τοῦ
1351 1592 1417 1618 Θεοῦ
1443 1592 1562 1628 γνησίως
1591 1593 1843 1628 παραδεδεγμένοις,

1063 1640 1169 1675 πρῶτον
1184 1640 1232 1674 μὲν
1247 1639 1348 1666 πείθειν
1362 1639 1458 1671 αὐτοὺς
1474 1639 1570 1671 δοκεῖν,
1588 1640 1627 1666 ὅτι
1647 1639 1683 1675 μὴ
1703 1639 1787 1672 ἄλλως
1805 1641 1845 1671 είς

1061 1685 1143 1711 αὐτὸν
1160 1684 1373 1712 πεπιστεύκασιν
1388 1685 1404 1720 ἢ
1419 1686 1478 1716 ταῖς
1493 1686 1556 1720 περὶ
1565 1685 1646 1711 αὑτοῦ
1662 1687 1844 1721 προφητικαῖς

1063 1731 1225 1768 μαρτυρίαις
1241 1731 1402 1763 ἀκολούθως·
1415 1731 1509 1757 ἔπειτα
1525 1731 1596 1757 τοῦτ’
1613 1732 1677 1758 αὐτὸ
1690 1732 1736 1758 καὶ
1751 1732 1843 1765 πᾶσιν,

1061 1775 1101 1809 οἷς
1112 1777 1144 1804 ἂν
1159 1779 1198 1808 εἰς
1208 1777 1301 1812 λόγους
1315 1777 1501 1804 καταϐαίνοιεν
1516 1778 1724 1813 προϐάλλεσθαι⁸
1744 1778 1780 1814 μὴ
1792 1778 1845 1814 μὴν

1062 1823 1160 1858 ῥᾳδίως
1183 1822 1213 1849 τὸ
1239 1823 1400 1858 ἐπάγγελμα
1427 1822 1587 1849 πιστοῦσθαι
1613 1825 1672 1856 ταῖς
1693 1822 1845 1856 ἀποδείξεσι

1061 1869 1199 1896 δύνασθαι,
1216 1869 1295 1895 Ὅθεν
1305 1869 1460 1903 ἀναγκαίως
1477 1870 1522 1896 ἐπὶ
1532 1869 1604 1896 τοῦτ’
1616 1870 1680 1896 αὐτὸ
1694 1869 1844 1905 παρελθὼν,

1061 1915 1109 1941 σὺν
1130 1913 1189 1949 Θεῷ
1206 1914 1305 1950 βοηθῷ,
1322 1914 1392 1941 κατὰ
1412 1914 1445 1941 τὰ
1470 1915 1660 1950 ἐπηγγελμένα
1684 1915 1732 1949 τὴν
1753 1915 1844 1950 ἐντελῆ

1062 1960 1152 1996 πάσης
1166 1961 1215 1996 τῆς
1232 1960 1409 1995 εὐαγγελικῆς
1425 1960 1586 1992 ἀποδείξεως
1607 1961 1795 1996 πραγματείαν
1816 1959 1846 1993 ἐξ

1061 2003 1148 2029 αὐτῶν
1168 2004 1278 2031 ἐκείνων
1294 2004 1348 2030 τῶν
1365 2005 1429 2039 παρ’
1457 2003 1592 2040 Ἑϐραίοις
1609 2004 1738 2038 θεολόγων
1756 2014 1845 2041 παρα-

1062 2048 1211 2084 στήσασθαι
1235 2049 1410 2084 πειράσομαι.
1436 2049 1687 2083 Σπουδαιολογεῐται
1708 2050 1735 2076 δέ
1760 2059 1804 2085 μοι
1828 2052 1846 2086 ἡ

1060 2094 1165 2130 γραφὴ,
1183 2095 1232 2130 οὐχ
1252 2095 1289 2126 ὠς
1303 2095 1335 2121 ἄν
1354 2103 1396 2127 τις
1410 2095 1475 2130 φαίη
1493 2095 1564 2121 κατὰ
1587 2095 1729 2127 Ἰουδαίων,
1746 2095 1844 2130 ἄπαγε,

1062 2139 1191 2174 πολλοῦγε
1215 2140 1262 2167 καὶ
1280 2140 1333 2167 δεῖ·
1353 2141 1420 2176 πρὸς
1435 2141 1523 2167 αὐτῶν
1541 2142 1589 2177 μὲν
1601 2139 1657 2173 οὖν,
1674 2143 1698 2168 εί
1710 2142 1847 2178 εὐγνωμο-

1061 2178 1299 2221 νοῖενζτυγχάνει·
1320 2187 1459 2222 συνίστησι
1475 2187 1528 2223 γὰρ
1552 2187 1586 2214 τὰ
1609 2188 1656 2223 μὲν
1677 2188 1846 2223 Χριστιανῶν

1061 2231 1104 2258 διὰ
1120 2232 1168 2268 τῆς
1188 2232 1320 2261 ἀνέκαθεν
1337 2234 1514 2269 προρρήσεως
1538 2234 1747 2270 ἐπιμαρτυρίας,
1766 2233 1801 2261 τὰ
1823 2234 1846 2261 δ’

226 2279 354 2316 praesenti
373 2286 456 2314 opere
478 2285 493 2304 a
508 2285 552 2305 me
572 2277 748 2313 impenditur,
769 2284 822 2304 non
844 2276 945 2304 Judaeis
961 2284 1010 2311 op-

1062 2278 1173 2305 ὲκείνων
1191 2279 1233 2306 διὰ
1252 2280 1302 2314 τῆς
1323 2280 1377 2307 τῶν
1396 2281 1460 2317 παρ’
1475 2281 1567 2312 αὐτοῖς
1587 2281 1758 2316 προφητειῶν
1779 2282 1847 2308 ἁπο-

228 2325 391 2360 pugnaudis,
405 2328 434 2350 ut
452 2327 527 2358 putet
544 2323 653 2358 aliquis,
664 2327 706 2350 est
721 2323 896 2353 destinatum,
909 2329 1009 2357 apage;

227 2377 332 2398 tantum
353 2370 426 2398 enim
451 2370 486 2397 ab
504 2370 556 2396 hoc
573 2369 660 2402 abest,
685 2373 715 2396 ut
729 2370 819 2407 potius
836 2377 885 2406 pro
900 2369 964 2402 illis,
985 2369 1011 2396 si

227 2425 320 2444 sanam
349 2420 468 2443 n‘icutcm
493 2414 617 2446 afferant,
640 2414 743 2441 faciat:
764 2410 853 2440 ﬁrmat
877 2413 1010 2448 siquidem

226 2465 409 2491 Christianam
428 2471 484 2490 rem
504 2462 587 2497 petito
600 2470 615 2488 a
632 2462 719 2496 longis
731 2462 765 2488 ab
779 2461 843 2488 hinc
859 2461 1012 2496 prmdictio—

226 2511 308 2538 nibus
323 2510 479 2537 testimonio
497 2518 503 2536 :
521 2517 577 2535 rem
594 2507 748 2535 Iudaeorum
761 2511 862 2538 autem,
878 2515 909 2534 ex
923 2506 1012 2542 peric—

225 2561 269 2583 cta
287 2555 489 2590 prophetiarum
510 2562 578 2590 quas
602 2554 639 2590 illi
661 2553 761 2580 habent
779 2553 945 2588 impletione.
962 2552 1012 2579 Ju-

226 2602 300 2629 vabit
326 2593 436 2635 quoque
457 2600 615 2627 Graecorum
633 2599 703 2626 ﬁlios
724 2599 780 2626 sive
805 2599 940 2630 ethnicos,
966 2599 1012 2633 qui

226 2646 326 2674 animis
349 2647 418 2673 bene
432 2646 588 2673 constitutis
612 2645 790 2677 accesserint,
812 2653 860 2681 per
875 2645 1013 2672 admiran-

227 2693 290 2720 dam
305 2692 459 2719 futurorum
477 2691 670 2726 praenotionem
693 2699 839 2727 rerumque
862 2690 1013 2719 secundum

228 2738 419 2774 praedictiones
444 2744 580 2769 eventum,
605 2737 686 2764 simul
709 2737 877 2765 ostendendo
894 2737 1013 2763 divinam

228 2790 310 2818 atque
324 2783 504 2810 certissimam
521 2783 677 2818 dogmatum
690 2787 846 2810 nostrormn
858 2785 1011 2814 veritatem,

228 2829 364 2863 simulque
386 2829 516 2855 solidiore
537 2828 770 2856 demonstratione
786 2828 940 2855 obturando
962 2828 1013 2854 liti-

229 2884 296 2910 guas
314 2882 492 2910 patronorum
517 2875 661 2908 mendacii,
683 2882 764 2909 quam
783 2882 917 2909 nusquam
934 2874 1013 2902 nobis

230 2927 372 2963 suppetere
401 2921 570 2950 contendunt
596 2920 791 2955 sycophanta,
821 2920 903 2948 etiam
933 2924 1014 2956 atque

1062 2325 1259 2361 τελεσματικῆς
1283 2327 1512 2363 συμπληρώσεως.
1542 2327 1683 2362 Ἀρμόσειε
1704 2327 1725 2353 δ’
1746 2326 1777 2353 ἂν
1799 2327 1846 2354 καὶ

1063 2372 1156 2398 παισὶν
1183 2372 1324 2408 Ἑλλήνων,
1348 2374 1371 2399 εἰ
1393 2374 1595 2408 εὑγνωμονοῖεν,
1621 2373 1665 2399 διὰ
1686 2373 1734 2408 τῆς
1758 2382 1847 2408 παρα-

1062 2417 1137 2451 δόξου
1154 2417 1207 2444 τῶν
1229 2418 1377 2453 μελλόντων
1397 2419 1584 2453 προγνώσεως,
1599 2418 1648 2453 τῆς
1660 2428 1689 2444 τε
1703 2419 1757 2446 τῶν
1773 2427 1844 2454 πρα-

1063 2464 1175 2498 γμάτων
1194 2464 1265 2490 κατὰ
1280 2464 1330 2495 τὰς
1345 2465 1510 2500 προρρήσεις
1534 2464 1685 2496 ἐκϐάσεως·
1708 2465 1775 2499 ὁμοῦ
1797 2465 1846 2497 μὲν

1063 2509 1093 2535 τὸ
1106 2509 1194 2536 ἔνθεον
1213 2510 1259 2536 καὶ
1276 2510 1388 2544 ἀψευδὲς
1404 2510 1453 2544 τῆς
1473 2510 1532 2536 καθ’
1550 2511 1622 2545 ἡμᾶς
1641 2510 1770 2545 ἀληθείας
1788 2511 1846 2536 ἐπι-

1063 2554 1235 2590 δεικνυμένη,
1251 2555 1317 2590 ὁμοῦ
1335 2555 1362 2581 δὲ
1382 2554 1429 2581 καὶ
1443 2554 1491 2586 τὰς
1502 2554 1556 2582 τῶν
1572 2555 1744 2591 ψευδηγόρων
1761 2553 1847 2588 γλώτ-

1064 2609 1111 2632 τας
1131 2600 1341 2635 ἐπιστομίζουσα
1358 2600 1402 2626 διὰ
1415 2601 1463 2636 τῆς
1479 2600 1658 2637 λογικωτέρας
1674 2599 1845 2632 ἀποδείξεως,

1063 2643 1097 2681 ἧς
1114 2646 1237 2681 οὐδαμῶς
1257 2647 1322 2682 ἡμῖν
1343 2647 1367 2672 oi
1390 2647 1555 2681 συκοφάνται
1571 2648 1689 2682 μετεῖναι
1704 2645 1847 2672 διατείνον-

1063 2700 1117 2724 ται,
1141 2689 1170 2718 εὖ
1197 2691 1267 2727 μάλα
1289 2691 1422 2726 ὁσημέραι
1444 2693 1503 2724 ταῖς
1524 2691 1583 2718 καθ’
1599 2691 1677 2726 ἡμῶν
1697 2690 1846 2726 διατριϐαῖς

1064 2736 1234 2772 κατακράτος
1252 2736 1480 2772 ἐπεντριεόμενοι.
1498 2736 1579 2763 Οὐδὲν
1594 2735 1658 2769 γοῦν
1678 2735 1750 2770 ἡμᾶς
1768 2734 1847 2762 δύνα-

1066 2782 1126 2808 σθαί
1148 2790 1213 2815 φασι
1233 2781 1265 2807 δι’
1279 2782 1441 2813 ἀποδείξεως
1463 2782 1601 2817 παρέχειν,
1623 2781 1712 2816 πίστει
1730 2781 1758 2806 δὲ
1779 2780 1847 2816 μόνῃ

1065 2827 1207 2863 προσέχειν
1224 2827 1314 2860 ἀξιοῦν
1337 2829 1398 2860 τοὺς
1424 2829 1488 2864 ἡμῖν
1514 2828 1682 2863 προσιόντας.
1709 2828 1762 2854 Καὶ
1779 2826 1847 2861 πρὸς

1065 2872 1110 2901 οὖν
1130 2874 1179 2910 τὴν
1199 2874 1325 2909 τοιαύτην
1343 2874 1466 2910 διαϐολὴν
1483 2874 1532 2900 οὐκ
1546 2873 1579 2900 ἂν
1592 2873 1696 2908 γένοιτο
1710 2874 1773 2908 ἡμῖν
1788 2872 1847 2899 ἄλο-

1067 2929 1113 2956 γος
1131 2921 1146 2956 ἡ
1165 2921 1288 2957 παροῦσα
1304 2920 1486 2957 πραγματεία.
1498 2919 1551 2947 Ναὶ
1566 2920 1617 2956 μὴν
1634 2920 1679 2946 καὶ
1693 2919 1745 2946 τῶν
1760 2918 1846 2945 ἀθέων
