2053 3218
188 189 226 217 si
642 166 971 217 oenousmarioms

1030 188 1221 216 'ANGELICE
1242 187 1307 215 LIB.
1322 187 1344 216 Ι,
1793 189 1829 216 22

195 247 327 284 αίρέσεων
340 247 391 281 τὰς
407 249 476 276 κατὰ
492 248 545 275 τῶν
562 249 641 275 θείων
658 249 805 285 προφητῶν
817 249 980 285 ψευδοδοξίας

1040 250 1121 277 etiam
1144 249 1266 284 quotidie
1291 248 1420 276 omnibus
1441 247 1546 275 viribus
1563 247 1673 283 quando
1695 247 1829 275 adversus

195 302 223 320 τε
243 293 292 320 καὶ
313 294 488 330 βλασφημίας
507 295 651 329 ἁπελέγξει
671 296 714 322 διὰ
737 298 786 332 τῆς
806 296 873 332 πρὸς
891 296 925 323 τὰ
942 297 989 323 νέα

195 339 248 367 τῶν
269 340 395 367 παλαιῶν
412 341 580 376 συμιςωνίας.
604 341 659 377 Τὴν
684 342 732 377 μὲν
754 340 800 368 οὖν
818 341 989 377 μακροτέραν

197 387 243 413 καὶ
266 385 418 421 διεξοδικὴν
442 387 494 413 τῶν
518 387 695 422 προφητικῶν
719 387 813 422 φωνῶν
842 388 988 423 ἑρμηνείαν

196 430 278 458 τανῦν
295 432 309 457 ό
324 431 401 464 λόγος
416 431 610 467 ὑπερϐήσεται,
628 433 684 464 τοῖς
702 433 872 468 βουλομένοις
886 434 988 461 τούτων

197 474 334 508 ἐξετάζειν
350 476 518 508 καταλιπὼν,
536 474 588 504 οἷοί
612 478 634 504 τ’
654 477 686 504 ἂν
706 479 792 504 εἰπεῖν
807 480 852 506 τὸν
877 479 985 515 τρόπον.

195 522 353 558 Διδασκάλῳ
363 523 392 550 δὲ
403 523 541 559 χρώμενος
552 524 761 560 παραγγέλματι
773 525 836 560 θείῳ
847 526 985 559 φάσκοντι,

199 579 209 595 ι
223 569 420 604 Κεφαλαίωσον
432 571 460 597 ἐν
471 570 570 604 ὀλίγοις
582 571 676 602 πολλὰ,
697 581 707 597 ι
721 571 800 598 τοῦτο
813 571 931 607 ζηλῶσαι
944 581 987 607 φι-

195 616 380 652 λοτιμήσεται·
396 617 461 643 αὐτὸ
475 617 555 652 μόνον
566 617 692 653 ἀφορμὰς
703 617 752 652 τῆς
767 619 807 648 είς
816 619 878 649 τοὺς
889 618 986 650 τόπους

194 663 323 699 θεωρίας,
339 663 386 690 καὶ
398 662 453 689 τῶν
469 664 508 695 είς
521 663 551 689 τὸ
563 664 741 699 προκείμενον
757 664 984 698 κατεπειγόντων,

193 708 242 744 τὴν
262 710 303 740 εἰς
323 709 357 735 τὸ
376 709 458 743 σαφὲς
482 709 629 744 ἑρμηνείαν
650 709 883 744 παραθησόμενος.
910 710 986 741 ’Ἅλις

195 754 244 789 μὲν
258 753 289 789 δὴ
304 755 465 789 προοιμίων·
478 754 528 790 ἤδη
543 754 572 781 δὲ
589 755 635 781 καὶ
652 754 706 780 τῶν
726 755 888 787 ἀποδείξεων
904 755 984 791 ἄρξο-

195 808 256 835 μαι.
276 800 396 835 ’Ἐπειδὴ
414 800 497 832 πολὺς
515 799 549 836 ἦν
568 801 704 837 ἐπιρρέων
725 801 786 827 καθ’
807 801 885 837 ἡμῶν
903 803 917 828 ὁ
930 802 984 829 τῶν

193 846 369 880 συκοφαντῶν
385 846 472 881 ὄχλος,
496 847 578 882 μηδὲν
593 847 721 874 δύνασθαι
743 848 854 881 ᾳάςκων
872 848 904 874 δι’
917 849 984 874 ἀπο-

191 891 302 924 δείξεων
312 891 426 927 ἐναργὲς
442 891 572 927 ἀληθείας
584 893 714 928 παρέχειν
727 892 836 927 δεῖγμα,
854 893 942 919 πίπτει
954 894 982 920 δὲ

1040 303 1091 324 nos
1106 296 1256 331 disputant,
1274 295 1371 322 huicce
1384 294 1543 322 insistentes
1559 295 1723 325 causationi,
1741 299 1770 321 ιιι
1791 294 1829 321 di-

1040 348 1114 374 cant,
1135 342 1204 369 nihil
1224 349 1274 368 nos
1291 349 1372 376 posse
1392 341 1625 368 demonstratione
1641 341 1761 371 firmare,
1780 341 1828 368 sed

1039 392 1144 415 tantum
1162 389 1196 416 ab
1213 388 1247 415 iis
1262 388 1308 423 qui
1326 387 1360 414 ad
1374 395 1424 414 nos
1437 387 1571 414 accedunt
1585 386 1663 414 fidem
1676 386 1827 414 habendam

1039 435 1155 469 exigere.
1173 434 1225 461 Cui
1246 434 1391 461 calumnia:
1419 434 1596 461 retundenda:
1618 441 1673 460 non
1700 434 1827 468 inoppor.

1039 483 1104 506 tuna
1125 488 1245 514 praesens
1263 479 1391 506 tractatio
1411 479 1501 506 futura
1519 483 1573 511 est,
1595 478 1643 506 scd
1665 483 1694 506 et
1714 482 1827 506 ostensa

1038 533 1171 552 novorum
1186 532 1247 552 cum
1266 525 1405 552 veteribus
1417 524 1564 551 concordia
1579 524 1725 559 impiarum
1740 523 1827 550 haere-

1037 571 1120 603 sium,
1139 571 1221 599 falsas
1234 571 1378 606 opiniones
1397 574 1423 598 et
1435 570 1618 605 blasphemias
1638 569 1771 596 adversus
1785 569 1826 596 di-

1038 617 1117 644 vinos
1139 616 1285 652 prophetas
1309 615 1430 651 profecto
1446 616 1576 643 revincet.
1598 614 1761 650 Longiorem
1777 621 1827 640 au-

1037 666 1090 689 tem
1105 667 1132 690 et
1144 663 1296 690 uberiorem
1311 663 1530 697 proplicticarum
1547 669 1645 689 vocum
1666 661 1826 696 explicatio-

1036 716 1097 735 nem
1121 709 1248 744 praesenti
1276 716 1358 743 opere
1385 708 1588 742 praucrmittam
1611 708 1720 742 illisque
1741 707 1825 734 relin-

1036 763 1128 790 quam,
1145 756 1191 790 qui
1207 755 1257 783 has
1281 755 1364 782 altius
1389 755 1507 782 scrutari
1527 754 1671 785 voluerint,
1687 759 1768 790 atque
1789 755 1824 782 ad

1035 802 1087 828 hoc
1102 802 1297 836 perliciendum
1313 801 1414 828 fuerint
1430 801 1529 828 idonei.
1547 800 1603 836 Ego
1624 804 1715 828 autent
1730 801 1823 828 divino

1035 852 1170 882 prmeepto
1199 848 1331 882 magistro
1362 856 1463 875 usurus
1496 856 1567 879 sum,
1597 848 1669 882 quod
1700 856 1709 872 ι
1728 849 1823 882 paucis

1034 894 1119 920 multa
1135 894 1367 928 comprehendere
1385 904 1394 919 ι
1409 894 1416 908 ¹
1433 894 1522 928 jubet,
1542 894 1623 928 idque
1635 894 1736 920 sectari
1747 894 1822 921 omni

193 936 263 973 μόνῃ
276 937 420 973 προσέχειν
435 936 528 970 ἀξιοῦν
539 939 601 969 τοὺς
612 939 677 973 ἡμῖν
688 939 858 974 προσιόντας,
871 939 980 971 τούτους

1035 939 1124 967 studio
1144 940 1263 971 annitar,
1280 940 1469 967 tantummodo
1485 940 1638 971 additurus,
1653 947 1713 974 quae
1727 948 1822 967 ansam

189 982 219 1009 δὲ
233 982 281 1009 καὶ
296 981 400 1009 πείθειν
417 983 491 1010 οὐδὲν
511 983 602 1015 πλέον,
620 983 637 1018 ἣ
655 984 724 1017 σφᾶς
741 984 839 1015 αὐτοὺς
855 983 981 1019 θρεμμά-

162 1030 165 1033 ’
190 1037 245 1056 των
254 1029 360 1063 ἀλόγων
373 1029 451 1065 δίκην
466 1029 612 1064 μύσαντας,
628 1029 674 1056 καὶ
686 1028 714 1056 εὖ
727 1029 855 1065 ἀνδρείως
869 1030 981 1057 ἕπεσθαι

189 1073 245 1101 δεῖν
260 1075 445 1108 ἀνεξετάστως
462 1074 547 1101 ἆπασι
565 1076 620 1107 τοῖς
639 1076 703 1110 παρ’
717 1075 794 1110 ἡμῶν
815 1075 980 1111 λεγομένοις,

189 1121 256 1156 παρ’
272 1120 287 1147 ὃ
302 1121 349 1147 καὶ
372 1121 485 1152 πιστοὺς
507 1120 685 1157 χρηματίζειν
708 1122 757 1156 τῆς
782 1121 879 1155 ἀλόγου
903 1122 981 1157 χάριν

189 1166 318 1200 πίστεως·
338 1166 451 1198 εἰκότως
464 1166 557 1193 διελὼν
571 1167 620 1198 τὰς
641 1166 702 1193 καθ’
718 1167 796 1202 ἡμῶν
810 1167 936 1199 διαϐολὰς
953 1169 981 1193 ὲν

188 1213 221 1248 τῇ
246 1213 462 1248 προπαρασκευῇ
486 1212 533 1239 τοῦ
560 1213 660 1244 παντὸς
686 1213 776 1247 λόγου,
801 1213 911 1249 πρώτην
932 1214 980 1249 μὲν

187 1257 237 1293 τὴν
260 1256 314 1284 τῶν
336 1257 474 1284 πολυθέων
489 1257 621 1293 ἐξεθέμην
639 1257 733 1289 ἐθνῶν,
758 1258 980 1292 ἐπεγκαλοὺντων

186 1305 266 1339 ἡμῖν,
285 1304 326 1330 ὃτι
344 1303 376 1339 δὴ
393 1303 447 1330 τῶν
465 1303 587 1339 πατρίων
600 1303 668 1330 θεῶν
682 1304 832 1330 ἀποστάται
847 1305 980 1340 κατέστη-

189 1358 250 1385 μεν,
275 1350 323 1377 ἐπὶ
347 1350 418 1386 μέγα
441 1351 568 1385 φαμένων
593 1359 632 1382 τε,
662 1350 702 1376 ὃτι
725 1350 759 1376 τὰ
777 1350 900 1386 βάρϐαροι
925 1350 979 1377 τῶν
1005 1374 1010 1379 ,

192 1396 328 1432 Ἑλλήνων
343 1397 594 1432 προτετιμήκαμεν,
611 1396 646 1423 τὰ
660 1397 724 1432 παρ’
745 1396 878 1431 Ἑϐραίοις
891 1397 980 1423 ἀσπα-

189 1442 301 1478 σάμενοι
316 1441 402 1476 λόγια’
411 1441 540 1478 δευτέραν
555 1442 582 1469 δὲ
593 1442 640 1477 τὴν
656 1442 744 1468 αὐτῶν
766 1442 898 1468 Ἰουδαίων
914 1450 979 1469 κατ-

186 1488 311 1524 ηγορίαν,
334 1488 367 1514 δι’
384 1485 418 1523 ἦς
442 1488 490 1514 καὶ
510 1488 588 1514 αὐτοὶ
605 1486 709 1520 δόξαιεν
728 1488 761 1514 ἂν
783 1489 848 1523 ἡμῖν
868 1487 978 1519 ἐνδίκως

186 1533 406 1569 ἐπιμέμφεσθαι,
423 1534 464 1560 ὅτι
478 1533 510 1569 δὴ
525 1535 585 1565 ταῖς
596 1534 684 1560 αὐτῶν
700 1534 822 1569 Γραφαῖς
836 1532 978 1569 καταχρώ-

187 1588 274 1615 μενοι,
287 1580 317 1606 οὐ
331 1580 375 1606 τὸν
389 1580 482 1615 ὕψιον
496 1579 587 1611 αὐτοῖς
604 1580 718 1615 μέτιμεν
729 1579 775 1606 τοῦ
794 1579 851 1614 βίου
865 1580 976 1615 τρόπον.

1035 985 1174 1019 przeheant
1195 986 1405 1014 considerandis
1423 992 1449 1012 et
1463 986 1647 1021 intelligendis
1666 987 1743 1018 locis,
1761 995 1823 1022 per—

1033 1031 1211 1065 spicuamque
1228 1039 1323 1057 eorum
1337 1040 1397 1066 qua:
1414 1032 1446 1058 ad
1468 1033 1638 1066 propositum
1655 1032 1758 1060 faciunt
1780 1033 1824 1059 in-

1032 1077 1254 1110 terpretationem
1269 1077 1398 1104 exhibere
1420 1083 1530 1112 queant.
1552 1078 1604 1105 Sed
1625 1079 1822 1114 prudentiorum

1031 1122 1141 1157 quidem
1168 1123 1235 1150 satis
1254 1124 1327 1155 :jam
1349 1124 1599 1152 demonstrationes
1624 1126 1707 1152 ordiri
1732 1126 1819 1160 juvat.

1031 1168 1098 1196 Cum
1114 1169 1186 1196 enim
1206 1169 1335 1204 frequens
1352 1170 1431 1198 nobis
1447 1171 1622 1198 insultaverit
1642 1172 1821 1207 sycophanta-

1030 1223 1090 1242 rum
1116 1216 1273 1248 multitudo,
1295 1216 1487 1244 afiirmantium
1509 1218 1578 1244 nihil
1597 1226 1648 1246 nos
1665 1226 1746 1253 posse
1767 1220 1822 1246 evi-

1030 1261 1105 1288 denti
1123 1262 1246 1289 veritatis
1264 1263 1423 1290 ostensione
1436 1264 1636 1295 demonstrare,
1652 1265 1698 1292 sed
1713 1268 1819 1292 tantum

1029 1306 1110 1339 velle,
1127 1311 1156 1333 ut
1170 1307 1283 1334 credant
1297 1308 1343 1342 qui
1362 1308 1397 1334 ad
1418 1316 1468 1335 nos
1482 1309 1603 1341 veniunt,
1627 1314 1708 1344 atque
1724 1311 1761 1336 ita
1779 1315 1822 1336 at—

1031 1351 1166 1378 tendant:
1184 1360 1274 1387 neque
1301 1353 1374 1380 aliud
1402 1354 1551 1389 quidquam
1579 1355 1632 1382 illis
1657 1363 1819 1390 persuasum

1030 1398 1081 1428 iri,
1090 1406 1170 1433 quam
1186 1399 1365 1426 utbrutoruin
1376 1408 1504 1435 pecorum
1516 1408 1601 1434 more,
1617 1409 1690 1429 caeco
1704 1402 1819 1438 impetu,

1030 1443 1155 1478 nihilque
1173 1445 1364 1473 examinantcs
1386 1449 1496 1473 strenue
1517 1447 1706 1482 obsequantur
1729 1448 1819 1474 omni-

1029 1488 1081 1516 bus
1093 1497 1263 1525 quaecunque
1285 1499 1299 1517 a
1315 1491 1396 1518 nobis
1412 1492 1553 1524 dicuntur,
1569 1492 1640 1520 unde
1655 1494 1737 1520 etiam
1752 1493 1818 1520 fidc<

1029 1534 1069 1562 les
1098 1536 1155 1563 sive
1177 1536 1305 1565 credulos
1333 1537 1366 1564 ab
1394 1537 1473 1565 bruta
1500 1539 1662 1566 credulitate
1687 1539 1817 1575 appellari

1029 1580 1180 1616 contingat.
1204 1581 1271 1609 liinc
1296 1590 1351 1609 non
1373 1582 1408 1610 ab
1424 1591 1454 1611 re
1480 1583 1640 1612 dividendas
1660 1593 1720 1620 quae
1737 1585 1818 1624 nobis

187 1625 297 1652 Τούτων
309 1626 331 1652 δ’
346 1625 432 1658 οὕτως
446 1627 512 1661 ἡμῖν
528 1625 770 1662 διευκρινημένων,
785 1627 852 1661 πρὸς
866 1626 914 1661 μὲν
927 1626 976 1662 τὴν

1030 1627 1199 1661 objiciuntur
1219 1629 1372 1656 calumnias
1386 1630 1552 1662 existimavi,
1571 1636 1652 1666 atque
1667 1632 1693 1658 in
1709 1639 1817 1668 priepa—

186 1672 310 1707 πριὲπην,
320 1671 358 1704 ὡς
365 1669 420 1699 οἷόν
433 1680 462 1698 τε
474 1669 518 1707 ἦν,
529 1672 572 1698 διὰ
584 1673 633 1707 τῆς
646 1672 852 1707 Ειῖιιιγιγελικῆς
864 1674 979 1706 17,0010-

183 1717 338 1752 ρασκευῆς
353 1717 560 1753 ἀπηντήοαμεν,
585 1717 711 1753 Ἓλληνες
729 1718 778 1753 μὲν
795 1717 863 1745 εἷναι
881 1719 976 1754 τοπρὶν

183 1762 408 1798 όμηλογήσαντες,
421 1763 468 1789 καὶ
482 1763 512 1795 ἐξ
523 1763 623 1798 ἑτέρων
635 1763 718 1789 ἐθνῶν
735 1763 770 1790 τὰ
785 1763 918 1799 Ἑλλήνων
933 1773 978 1791 πε-

185 1807 363 1842 φρονηκότες,
385 1808 417 1840 ἐκ
438 1807 566 1844 πατέρων
587 1817 616 1834 τε
636 1809 670 1843 τῇ
693 1808 815 1842 πολυθέῳ
832 1809 921 1844 πλάνῃ
935 1810 976 1835 δε-

183 1851 356 1888 δουλωμένοι·
379 1853 409 1879 οὺ
435 1853 488 1888 μὴν
513 1853 604 1889 μέντοι
627 1855 717 1890 ἀλόγῳ
740 1855 786 1881 καὶ
808 1855 976 1889 ἀνεξετάστῳ

183 1898 268 1934 ὁρμῇ,
283 1899 373 1934 κρίσει
387 1899 415 1925 δὲ
428 1900 474 1926 καὶ
488 1899 605 1936 σώφρονι
622 1900 744 1936 λογισμῷ
762 1901 975 1937 μετατιθέμενοι,

183 1945 234 1980 τήν
249 1953 278 1971 τε
292 1945 357 1981 περὶ
370 1945 404 1971 τὰ
425 1945 556 1981 Ἐϐραίων
573 1946 650 1980 λόγια
672 1947 789 1982 σπουδὴν
805 1947 976 1982 κεκριμένως

183 1992 250 2025 ἡμῖν
263 1990 309 2016 καὶ
323 1990 441 2025 εὐλόγως
456 1991 644 2027 γεγενημένην
657 1993 889 2028 παραστήσαντες.
904 1992 975 2027 Πρὸς

183 2037 212 2063 δὲ
226 2037 276 2072 τὴν
297 2037 427 2072 δευτέραν
441 2038 502 2073 ὥρα
515 2038 561 2065 νῦν
583 2039 746 2074 φράξασθαι,
771 2040 818 2065 καὶ⁸
836 2039 866 2065 τὸ
884 2039 974 2065 λεῖπον

171 2083 308 2111 ·ὲπελθεῐν
327 2084 449 2120 σκέμμα·
468 2085 547 2112 τοῦτο
562 2085 583 2111 δ’
599 2083 633 2121 ἦν
653 2086 720 2121 πρὸς
738 2087 800 2117 τοὺς
817 2087 848 2112 ἐκ
865 2095 974 2122 περιτο-

185 2130 248 2166 μῆς,
257 2129 333 2157 οὔπω
347 2130 393 2157 καὶ
404 2130 451 2158 νῦν
462 2131 655 2167 ὲξητασμένον,
676 2131 791 2158 ἐνταῦθα
802 2132 831 2158 δέ
847 2141 895 2159 που
905 2134 974 2160 κατὰ

183 2176 277 2211 καιρὸν
287 2176 316 2202 ἐν
325 2178 380 2208 τοῖς
395 2177 622 2212 σπουδαζομένοις
629 2178 679 2213 τῆς
690 2178 896 2213 Εὐαγγελικῆς
903 2179 968 2206 ἀπον

182 2221 305 2255 δείξεως
319 2222 630 2259 ἀναπληρωθησόμενον.
642 2224 708 2259 Φέρε
717 2222 774 2257 οὖν,
790 2225 835 2251 τὸν
847 2225 974 2252 ἁπάντων

190 2269 325 2296 Ἰουδαίων
340 2278 370 2296 τε
387 2269 434 2296 καὶ
459 2269 593 2305 Ἐλλήνων
610 2270 676 2297 Θεὺν
691 2270 724 2297 δι’
745 2270 826 2297 αὐτοῦ
849 2271 896 2297 τοῦ
918 2272 974 2298 Σω-

184 2314 266 2351 τῆρος
279 2313 359 2350 ἡμῶν
377 2315 614 2351 ἐπικαλεσάμενοι,
631 2315 741 2351 πρῶτον
758 2317 847 2343 έκεῖνο
865 2315 972 2342 διασκε-

183 2360 308 2396 ψώμεθα,
322 2361 364 2393 τίς
373 2361 497 2397 ὁτρόπος
510 2361 639 2396 τυγχάνει
653 2361 703 2397 τῆς
716 2361 777 2388 καθ’
790 2363 863 2397 ἡμᾶς
874 2362 972 2395 αὐτοὺς

184 2404 353 2437 θεοσεεείας·
381 2407 410 2433 ἐν
434 2405 526 2442 ταυτῷ
548 2405 577 2432 δὲ
600 2407 648 2434 καί
671 2406 725 2434 τῶν
751 2407 971 2443 ἐπιζητουμένων

185 2453 309 2481 ἁπάντων
324 2453 491 2490 ἐπιθήσομεν
506 2454 556 2486 τὰς
572 2454 674 2486 λύσεις.

1012 1675 1135 1702 «τθιίοηο
1154 1676 1274 1702 universi
1290 1676 1390 1710 operis,
1409 1677 1497 1711 primo
1514 1678 1623 1712 quidem
1646 1679 1717 1711 loco,
1742 1680 1815 1707 illam

1029 1721 1150 1756 gentium
1167 1722 1267 1749 multos
1290 1723 1436 1750 colentium
1453 1723 1519 1750 deos
1534 1725 1659 1758 exposui,
1675 1726 1721 1760 qui
1737 1727 1817 1754 nobis

1028 1770 1141 1793 vertunt
1154 1767 1232 1799 vitio,
1255 1768 1327 1803 quod
1352 1769 1502 1803 patriorum
1523 1769 1638 1796 deorum
1661 1770 1816 1800 desertores

1028 1812 1092 1839 facti
1120 1821 1232 1845 sumus,
1257 1817 1284 1840 et
1305 1818 1436 1848 tanquam
1460 1822 1588 1850 magnum
1615 1816 1717 1851 aliquid
1741 1817 1817 1852 ohje-

1027 1861 1115 1891 ctant,
1130 1857 1204 1892 quod
1218 1858 1334 1886 barbara
1348 1859 1451 1888 Graecis
1465 1861 1634 1895 pnetulimus
1647 1866 1673 1889 et
1690 1862 1817 1890 l‘lebrzeo—

1027 1910 1087 1930 rum
1109 1904 1219 1931 oracula
1239 1904 1339 1932 fuimus
1359 1906 1484 1941 amplexi.
1504 1906 1624 1934 Alteram
1641 1915 1705 1936 vero
1726 1910 1817 1936 crimi-

1027 1950 1163 1977 nationem
1178 1950 1281 1977 illatam
1294 1958 1308 1977 a
1321 1950 1432 1984 Judazis,
1451 1960 1504 1987 qua
1520 1957 1546 1979 et
1560 1953 1612 1988 ipsi
1627 1954 1755 1981 videntur
1765 1964 1815 1983 nos

1027 1995 1098 2022 haud
1120 1995 1221 2031 injuria
1244 1997 1453 2032 reprehendere,
1476 1999 1548 2034 quod
1573 2000 1753 2034 ipsorummet
1776 2010 1816 2029 sa-

1026 2042 1082 2069 cris
1097 2042 1138 2069 usi
1155 2043 1264 2074 litteris,
1280 2050 1335 2070 non
1355 2048 1446 2071 tamen
1466 2045 1589 2072 eamdem
1603 2046 1664 2074 vilic
1681 2048 1815 2075 rationem

1026 2092 1174 2116 sectamur.
1192 2089 1261 2116 Cum
1279 2090 1336 2117 haec
1351 2090 1433 2125 igitur
1452 2091 1491 2118 ita
1515 2091 1643 2119 distincte
1657 2094 1780 2128 exposita
1800 2102 1815 2120 a

1025 2135 1104 2162 nobis
1127 2135 1237 2168 fuerint,
1262 2137 1346 2171 priori
1367 2137 1476 2172 quidem
1502 2138 1698 2172 criminationi,
1718 2143 1747 2166 ut
1770 2147 1814 2167 res

1026 2179 1098 2214 tulit,
1117 2180 1145 2208 in
1161 2180 1362 2215 Prwparatione
1382 2181 1538 2217 Evangelica
1550 2185 1731 2217 occurrimus,
1751 2193 1814 2212 con-

1026 2224 1090 2252 fessi
1113 2225 1238 2253 ethnicos
1261 2227 1341 2254 initio
1363 2235 1414 2255 nos
1431 2227 1518 2255 fuisse
1543 2233 1626 2264 atque
1648 2238 1682 2257 ex
1706 2231 1814 2258 caeteris

1025 2271 1164 2306 gentibus,
1189 2272 1299 2301 Graecos
1317 2281 1469 2309 eorumque
1490 2275 1633 2310 opiniones
1648 2278 1812 2312 praetulisse,

1026 2322 1106 2353 atque
1126 2326 1141 2345 a
1153 2320 1312 2354 parentibus
1327 2322 1413 2349 errori
1436 2323 1537 2350 multos
1554 2323 1653 2350 colenti
1670 2323 1735 2351 deos
1755 2332 1814 2351 scr-

1024 2365 1117 2392 viisse.
1144 2365 1307 2401 Neutiquam
1337 2372 1428 2396 autem
1455 2369 1553 2396 insano
1579 2370 1679 2405 impetu
1706 2375 1733 2397 et
1754 2371 1814 2398 sine

1025 2412 1151 2439 examine
1173 2420 1223 2440 nos
1244 2418 1366 2442 mutasse
1391 2416 1565 2449 sententiam,
1590 2417 1636 2444 sed
1649 2416 1754 2451 judicio
1769 2425 1814 2445 so-

1027 2458 1141 2494 briaque
1161 2460 1278 2495 ratione,
1296 2461 1416 2490 studium
1430 2462 1625 2490 Hebraicorum
1639 2463 1813 2490 oraculorum

183 2503 322 2540 amplexos
339 2503 466 2539 prudenti
491 2502 646 2538 cognitione
668 2506 696 2529 et
718 2510 786 2531 sano
803 2504 918 2532 consilio
944 2504 971 2533 id
986 2514 1037 2535 nos
1063 2507 1162 2536 fecisse
1192 2508 1346 2538 docutmus.
1376 2503 1515 2539 Adversus
1532 2512 1643 2539 alteram
1664 2519 1745 2546 porro
1759 2513 1813 2539 cri-

183 2552 358 2579 minationem
373 2559 428 2586 jam
457 2559 507 2580 nos
529 2557 636 2580 armare
657 2555 764 2586 tempus
788 2555 839 2584 est,
863 2556 891 2580 et
916 2554 988 2589 quod
1018 2560 1143 2591 superest
1161 2558 1319 2592 certaminis
1342 2559 1438 2587 ooire:
1457 2563 1499 2587 est
1524 2563 1613 2587 autem
1630 2559 1681 2587 hoc
1702 2567 1763 2587 cum
1780 2560 1813 2587 iis

181 2601 225 2635 qui
248 2608 281 2628 ex
296 2600 508 2628 circumcisione
523 2606 597 2633 sunt,
614 2601 735 2629 nondum
756 2600 851 2629 adhuc
869 2609 885 2628 a
906 2603 985 2631 nobis
1012 2605 1191 2637 exantlatum,
1220 2607 1346 2641 pra-senti
1365 2613 1454 2635 autem
1477 2608 1639 2635 tractatione
1658 2611 1812 2642 opportune

183 2647 209 2673 in
237 2647 279 2674 his
306 2647 354 2682 qui
383 2655 439 2681 prae
468 2648 595 2678 manibus
622 2653 697 2683 sunt,
726 2649 967 2678 Demonslratianis
995 2651 1158 2688 Evangelicae
1181 2654 1259 2683 libris
1283 2655 1490 2683 absolvendum.
1527 2654 1583 2691 Age
1607 2655 1704 2692 igitur,
1738 2663 1813 2683 com-

181 2694 256 2721 muni
282 2694 331 2721 illo
364 2695 486 2721 omnium
511 2694 665 2725 Judmorum
690 2698 793 2733 pariter
817 2706 849 2726 ac
865 2699 986 2735 gentium
1013 2699 1076 2733 Deo,
1096 2709 1145 2736 per
1168 2701 1315 2736 ipsummet
1340 2702 1508 2730 Salvatorem
1529 2706 1654 2730 nostrum
1674 2703 1810 2735 invocato,

181 2743 297 2777 primum
321 2742 388 2770 illud
410 2743 596 2778 inquiremus,
623 2746 734 2780 quinam
763 2747 861 2775 modus
888 2751 914 2775 ct
941 2756 1001 2784 qua
1022 2749 1091 2776 ratio
1117 2750 1208 2777 cultus
1235 2751 1322 2778 nostri
1352 2751 1387 2777 sit
1410 2758 1464 2786 quo
1487 2750 1571 2778 Deum
1599 2750 1809 2785 prosequimur:

181 2798 243 2818 cum
260 2790 313 2817 hoc
330 2789 391 2826 ipso
404 2790 477 2821 enim
500 2796 527 2820 et
541 2792 710 2829 singulorum
740 2802 800 2830 quae
820 2799 935 2830 possunt
954 2795 982 2824 in
1001 2797 1179 2831 quaestionem
1198 2797 1300 2830 venire,
1323 2797 1487 2825 solutionem
1504 2797 1696 2832 adjungemus.

216 2926 222 2940 '
244 2925 331 2953 E-ccli.
365 2933 455 2959 xxxii;
477 2927 512 2954 al.
536 2935 618 2959 xxxv,
640 2928 683 2955 ll.
