2053 3218
243 187 280 214 95
573 187 705 216 EUSEBH
721 189 960 218 CESARIENSIS
980 190 1055 218 OPP.
1077 190 1166 218 PARS
1185 190 1216 217 ll.
1234 207 1268 212 —-
1283 191 1535 220 APOLOGETICA.
1833 193 1867 218 ’μή

558 243 673 272 CAPUT
694 244 726 271 ΙΙ.

245 299 361 332 Quinam
384 301 419 326 sit
445 303 536 327 modus
566 301 668 328 colendi
701 301 747 328 Dei
777 310 809 328 ex
832 302 1029 330 Christianismi

555 337 718 371 pra’scriplo.

277 378 338 407 Jam
357 379 433 415 prius
449 381 559 416 quidem
584 389 599 408 a
621 390 661 409 me
681 383 707 409 in
728 383 927 417 Prwparau‘one
942 384 1029 411 Euan-

243 427 329 461 gelica
343 427 445 454 dictum
466 431 518 461 est,
540 429 612 463 quod
625 429 853 458 Clu'islianismus
874 438 924 458 nec
938 431 1028 459 ethni-

245 474 350 502 cismus
365 475 401 502 sit
415 482 466 502 nee
479 474 648 507 Judaismus,
664 476 711 503 sed
733 476 869 510 propriam
881 477 1027 511 quamdam

242 524 319 553 gerat
333 521 361 547 in
376 529 406 548 se
423 525 515 548 notam
536 522 728 556 propriumque
741 522 924 549 characterem
940 523 1027 557 pieta-

243 565 298 598 tis;
319 573 406 601 neque
421 574 519 594 novum
541 567 616 594 illum
635 572 682 594 aut
702 567 863 600 absurdum,
888 569 935 595 sed
950 570 1028 605 longe

243 611 474 645 antiquissimum,
495 611 604 646 Deoqne
623 612 714 639 elxaris
727 617 754 638 et
769 613 878 646 pietatis
897 621 928 641 ac
945 613 1027 648 justi-

243 656 288 682 tia:
306 657 383 684 laude
399 657 550 686 illustribus
566 658 642 689 viris,
656 662 718 686 ante
735 658 817 686 Mosis
838 664 957 694 tempora
970 660 1026 688 usi-

241 704 328 728 tatum
339 706 578 738 perspectumque.
591 702 690 730 Verum
703 703 780 737 juvat
790 704 869 729 etiam
878 711 951 730 nunc
963 704 1025 731 bre-

241 747 311 773 viter
326 747 419 774 videre
440 755 472 774 ac
494 748 670 775 considerare
693 748 757 783 quid
783 749 818 776 sit
833 749 1023 782 etlmieismus,

241 790 306 824 quid
314 790 489 825 Judaismus;
505 798 585 827 atque
599 797 689 820 utrum
707 794 830 820 alterutri
845 794 941 821 horum
952 794 1025 835 ad_di-

241 841 300 865 ctos
324 838 448 865 invenire
470 839 551 865 liceat
563 839 661 866 charos
685 839 739 866 Deo
756 840 840 871 viros,
854 840 953 875 quibus
968 840 1024 867 Μοι-

241 891 285 911 ses
305 883 363 918 ipse
376 883 461 911 divini
478 885 579 912 amoris
596 888 677 920 atque
694 885 802 921 pietatis
814 886 934 921 perhibet
946 887 1023 914 testi-

1344 247 1538 275 ΚΕΦΑΛΛΙΟΝ
1563 249 1600 274 B‘.

1155 304 1202 336 Τίς
1217 306 1233 330 ό
1247 312 1320 331 κατα
1333 304 1387 331 τὸν·
1401 305 1634 373 Χὲέστιανισμὸν
1647 306 1802 338 εὐσεϐείας

1402 348 1417 365 τ
1454 347 1520 373 πος.

1402 347 1520 373 τροπος.

1115 385 1230 421 Εἴρηται
1249 385 1298 420 μὲν
1321 385 1371 420 ἥδη
1393 386 1440 412 καὶ
1458 386 1590 422 πρότερον
1611 386 1640 413 ἐν
1658 388 1692 421 τῇ
1711 388 1870 420 Προπαριισ

1079 429 1186 463 σκευῇ,
1209 429 1246 461 ὡς
1268 431 1282 456 ό
1306 430 1519 465 Χριστιανισμὸς
1545 430 1606 457 οὕτε
1629 429 1802 466 Ἑλληνισμός
1829 431 1869 462 τίς

1079 476 1152 501 ἐστιν
1173 475 1234 501 οὔτε
1263 475 1444 510 Ἰουδαῖσμὸς,
1468 477 1565 502 οἰκεῖον
1587 476 1615 502 δέ
1631 485 1692 503 τινα
1710 477 1800 511 φέρων
1820 485 1870 512 χαι

1080 521 1202 556 ρακτῆρα
1217 520 1370 552 θεοσεϐείας
1382 529 1388 535 ·
1412 521 1458 547 καὶ
1476 521 1569 547 τοῦτον
1587 521 1617 547 οὐ
1631 521 1700 553 νέον,
1715 522 1774 548 οὐδὲ
1793 522 1870 548 ἐκτε-

1077 567 1251 602 τοπισμένον,
1267 567 1323 594 ἀλλ’
1337 564 1367 594 εὖ
1384 567 1455 602 μάλα
1470 567 1659 600 παλαιάιατον,
1675 568 1722 594 καὶ
1737 569 1794 599 τοῖς
1811 567 1869 602 ,πρὸ

1077 612 1130 638 τῶν
1153 612 1292 643 Μωῦσέως
1315 611 1417 648 χρόνων
1441 611 1591 646 θεοφιλὲσιν
1618 612 1661 637 ἐπ’
1683 612 1808 647 εὐσεϐείᾳ
1836 618 1867 636 τε

1078 658 1124 683 καὶ
1145 656 1302 692 δικαιοσύνῃ
1327 657 1582 692 μεμαρτυρημένοις
1604 656 1707 692 συνήθη
1727 657 1774 683 καὶ
1795 655 1865 691 γνὼ-

1077 711 1165 738 ριμον.
1190 702 1262 738 Πλὴν
1282 702 1350 729 ἀλλὰ
1370 704 1417 730 καὶ
1441 702 1488 729 νῦν
1510 703 1745 739 ἐπιθεωρήσαντες
1761 702 1787 729 τί
1804 703 1864 729 ποτ’

1076 749 1149 774 ἐστὶν
1172 749 1186 775 ὅ
1208 757 1237 774 τε
1264 748 1438 784 Ἑλληνισμὸς
1467 749 1514 775 καὶ
1553 749 1729 783 Ίουδαῖσμὸς,
1756 747 1863 783 σκεψώ-

1077 793 1156 829 μεθα,
1180 794 1285 830 ποτέρῳ
1301 794 1403 821 τούτων
1419 795 1591 830 ὑπηγμένους
1616 795 1678 826 τοὺς
1702 794 1755 830 πρὸ
1781 795 1864 821 Μωῦ-

1076 840 1143 872 σέως
1165 839 1295 875 θεοφιλεῖς
1316 840 1424 876 ἄνδρας,
1451 840 1518 876 πρὸς
1541 840 1624 867 αὐτοῦ
1650 840 1788 872 Μωῡσὲως
1804 840 1863 866 θεο-

1075 888 1170 922 φιλεῖς,
1194 888 1239 914 καὶ
1258 888 1301 914 ἐπ’
1316 887 1440 923 εὐσεϐείᾳ
1457 887 1717 923 μεμαρτυρημένους
1734 886 1862 922 εὕροιμεν

239 929 372 957 monium.
388 929 559 957 Judaismum
580 939 634 958 non
650 931 710 959 sine
729 933 835 959 ratione
852 932 951 960 dixerit
971 933 1019 960 ali-

1069 932 1113 960 ἄν.
1134 933 1185 959 Τὸν
1203 933 1251 968 μὲν
1279 932 1444 968 Ἰουδαϊσμὸν
1470 932 1588 967 εὐλόγως
1605 932 1637 959 ἄν
1656 940 1699 963 τις
1718 932 1861 967 ὀνομάσειε

239 975 302 1009 quis
320 975 514 1009 rempublicam
540 977 690 1004 secundum
708 977 793 1012 legem
815 977 897 1006 Mosis
918 979 1022 1006 consti-

238 1024 335 1052 tutam,
353 1021 387 1047 ab
402 1029 458 1048 uno
472 1029 578 1048 summo
591 1023 786 1057 dependentem
814 1024 888 1051 Deo:
904 1024 1020 1053 ethnici-

239 1073 326 1092 smum
341 1065 387 1100 1"
398 1073 462 1093 vero
478 1067 634 1094 summatim
658 1067 760 1095 dixeris
775 1076 835 1096 esse
852 1071 1022 1104 superstitio-

237 1119 298 1138 nem
316 1119 348 1138 ex
365 1112 461 1146 patriis
476 1113 597 1147 gentium
615 1115 798 1148 quarumlibet
821 1116 919 1143 ritibus
930 1117 1021 1151 plures

236 1157 368 1185 colentem
379 1157 457 1186 deos.
473 1157 575 1193 Ecquid
591 1159 673 1193 igitur
685 1160 784 1187 dicturi
798 1168 893 1188 sumus
908 1162 941 1188 de
954 1162 1020 1189 viris

236 1203 290 1230 illis
304 1202 358 1230 Deo
374 1203 556 1233 cbarissimis.
566 1206 686 1238 quiante
698 1204 867 1232 Judaismum
881 1207 1018 1238 exstitere,

234 1256 349 1282 quorum
372 1248 460 1276 Moses
486 1249 650 1276 mentionem
675 1249 751 1281 facit,
777 1255 806 1276 ut
833 1251 867 1278 de
896 1251 1017 1283 Enocbo,

233 1294 278 1321 cui
295 1293 337 1320 bis
352 1294 444 1321 verbis
457 1294 558 1328 przebet
578 1295 762 1322 testimonium
778 1297 787 1311 ¹
805 1306 810 1323 :
830 1305 839 1321 ι
858 1296 948 1324 Enoch
963 1298 1020 1331 pla~

234 1339 290 1365 cuit
305 1338 369 1366 Deo.
386 1348 396 1364 ι
413 1339 502 1374 Atque
511 1338 544 1367 de
553 1338 619 1371 Noe,
631 1339 664 1367 de
680 1348 734 1374 quo
756 1349 850 1368 rursus
861 1341 899 1368 ait
915 1349 921 1366 :
940 1352 949 1367 ι
963 1341 1020 1370 Noe

233 1385 316 1411 homo
338 1385 431 1419 justus
447 1385 474 1412 in
491 1385 666 1420 generatione
692 1394 741 1413 sua
753 1387 773 1414 ³.
795 1397 804 1412 ι
821 1387 858 1414 De
872 1387 953 1416 Setlio
974 1388 1019 1415 iti-

233 1429 294 1456 dem
308 1438 338 1457 ac
349 1429 474 1465 Japhcto,
489 1431 522 1459 de
537 1433 637 1467 quibus
649 1432 685 1459 ita
702 1433 816 1460 scribit:
836 1443 845 1459 ι
858 1433 1018 1462 Benedictus

233 1473 365 1502 Dominus
393 1475 466 1503 Deus
485 1475 560 1508 Seth,
586 1482 613 1504 et
636 1477 730 1505 dilatet
750 1477 820 1505 Deus
842 1477 956 1513 Japbeth
971 1480 991 1506 ⁸.
1005 1489 1014 1506 ι

232 1519 271 1546 Ae
283 1524 414 1554 przeterea
425 1520 459 1548 de
473 1521 639 1554 Abrahamo,
671 1523 763 1550 lsaaco
777 1527 803 1550 et
818 1523 936 1556 Jacobo,
957 1525 1018 1559 qui-

232 1566 284 1593 bus
306 1566 387 1593 etiam
403 1566 500 1595 lobum
527 1576 709 1599 annumerare
733 1575 946 1598 consentaneum
963 1575 1014 1602 est,

231 1616 259 1638 et
283 1613 306 1639 si
333 1613 378 1648 qui
392 1614 436 1640 alii
461 1614 576 1641 similem
608 1615 685 1642 hisce
697 1615 780 1643 vitam
809 1616 885 1644 fuere
909 1618 1015 1645 sectati.

232 1656 345 1692 Oportet
356 1658 429 1685 enim
446 1659 530 1687 bosee
547 1660 587 1687 vel
600 1659 709 1689 Judmos
717 1662 854 1689 exstitisse
864 1663 906 1690 vel
919 1663 1016 1690 Etbni-

231 1709 290 1729 cos.
308 1703 339 1730 At
347 1704 419 1731 enim
432 1703 516 1732 Judaei
537 1705 646 1740 quidem
673 1706 727 1733 dici
748 1707 811 1741 jure
825 1715 878 1735 non
892 1715 1015 1744 possunt,

229 1755 292 1775 eum
305 1756 397 1777 eorum
413 1751 582 1786 temporibus
597 1751 638 1779 lex
652 1751 733 1780 Mosis
747 1753 867 1780 nondum
887 1753 914 1781 in
930 1754 1017 1782 homi-

231 1805 296 1824 num
310 1797 391 1826 vitam
416 1798 496 1826 fuerit
523 1799 688 1827 introducta.
715 1799 743 1827 Si
758 1801 830 1828 enim
859 1801 1016 1832 Judaismus

231 1841 298 1871 nihil
313 1843 418 1870 exstitit
434 1844 507 1871 aliud
521 1852 602 1879 quam
631 1844 712 1873 Mosis
741 1846 830 1882 legum
842 1847 1014 1880 observatio;

231 1888 319 1916 Moses
335 1893 424 1916 autem
442 1889 523 1924 longo
545 1894 606 1925 post
621 1891 682 1919 illos
704 1891 738 1919 de
754 1893 854 1926 quibus
870 1894 935 1926 dixi,
948 1898 1013 1922 tetu-

232 1941 298 1968 pore
310 1934 427 1961 claruit:
445 1935 558 1963 evidens
568 1940 620 1968 est,
637 1937 710 1971 quod
723 1936 809 1965 Judaei
825 1938 898 1965 haud
916 1938 1016 1967 fuerint

231 1979 278 2013 qui
292 1983 354 2007 ante
374 1979 457 2008 Mosis
473 1984 595 2015 tempora
621 1983 808 2010 testimonium
824 1983 933 2018 pietatis
948 1987 1016 2014 tule-

231 2028 305 2051 runt.
321 2023 374 2052 Sed
388 2032 476 2060 neque
496 2025 622 2053 ethnicos
649 2027 760 2055 eosdem
775 2029 934 2060 existimare
949 2039 1015 2058 eou-

230 2073 314 2096 Vemt.
331 2070 456 2101 Namque
476 2070 510 2098 de
534 2070 689 2100 Abraliamo
715 2073 815 2101 dicitur
830 2065 852 2107 ‘,
879 2076 951 2110 quod
967 2076 1015 2103 do-

231 2122 304 2141 mum
316 2116 431 2150 patriam
445 2119 473 2143 et
484 2117 671 2155 cognationem
683 2119 832 2154 reliquerit,
849 2121 950 2156 unique
964 2122 1014 2152 soli

231 2158 288 2187 Deo
314 2159 458 2188 adhaeserit
469 2181 477 2192 .
491 2169 570 2196 quem
585 2163 667 2190 etiam
692 2164 843 2199 profitetur,
857 2174 919 2194 cum
937 2167 1013 2194 ait‘:

233 2215 243 2232 ι
258 2205 408 2237 Extendam
425 2207 545 2242 (manum
563 2210 662 2244 meam)
678 2210 711 2238 ad
733 2211 817 2239 Deum
838 2213 1013 2247 altissimum,

230 2252 278 2288 qui
294 2253 397 2280 creavit
415 2255 514 2284 malum
535 2260 563 2283 et
588 2260 699 2286 terram.
715 2267 724 2284 ι
743 2257 780 2285 De
806 2257 908 2288 Iacobo
923 2265 1012 2289 autem
1030 2272 1052 2299 D

230 2298 302 2333 apud
312 2297 404 2327 Mosen
431 2301 562 2336 scriptum
590 2306 632 2329 est
648 2302 669 2335 ⁷,
696 2304 767 2338 quod
789 2303 882 2332 domui
911 2313 965 2334 sua:
988 2297 1045 2340 eti

230 2345 358 2373 omnibus
385 2346 444 2374 suis
473 2349 620 2384 pnecepit:
636 2359 644 2375 ι
662 2349 758 2378 Tollite
773 2351 839 2379 deos
858 2351 960 2380 alienos
981 2353 1013 2382 de

230 2391 320 2418 medio
328 2392 428 2425 vestri;
442 2397 468 2421 et
479 2398 621 2428 surgentes
642 2396 821 2424 ascendamus
833 2397 859 2424 in
871 2397 974 2431 Betbel,
987 2402 1014 2426 et

229 2435 363 2464 faciamus
374 2437 409 2465 ibi
426 2445 500 2464 aram
518 2438 650 2471 Domino,
680 2441 726 2476 qui
747 2442 886 2470 exaudivit
912 2451 955 2472 me
986 2445 1012 2472 in

229 2479 273 2506 die
288 2480 483 2516 tribulationis,
504 2483 550 2518 qui
564 2483 615 2511 fuit
631 2493 736 2513 mecum
758 2490 784 2514 et
799 2488 914 2515 salvavit
928 2497 971 2517 me
985 2490 1012 2517 in
1029 2498 1032 2501 '

228 2526 271 2552 via
287 2535 340 2563 qua
354 2527 401 2555 ivi.
418 2528 451 2556 Et
462 2530 598 2558 dederunt
618 2531 721 2559 Iacobo
732 2533 797 2561 deos
819 2534 933 2568 alienos,
965 2537 1012 2572 qui

229 2575 307 2601 erant
324 2572 350 2598 in
362 2574 488 2601 manibus
501 2583 608 2607 eorum,
631 2580 658 2603 et
678 2577 788 2605 inaures
813 2586 873 2613 quae
884 2584 961 2607 erant
984 2581 1010 2609 in

230 2617 342 2645 auribus
359 2625 463 2647 eorum.
482 2622 514 2647 Et
529 2621 673 2649 abscondit
697 2630 729 2650 ea
741 2622 859 2653 Iacobus
875 2626 926 2653 sub
942 2631 1012 2655 tere—

229 2661 324 2692 bintho
336 2670 396 2697 qua:
405 2668 463 2690 erat
475 2665 500 2692 in
514 2665 653 2698 Sichimis.
669 2671 695 2694 et
706 2669 823 2703 perdidit
839 2677 871 2698 ea
885 2678 970 2705 usque
984 2673 1010 2699 in

230 2707 391 2734 hodiernum
408 2708 490 2736 diem.
510 2719 519 2735 ι
539 2709 568 2738 Si
585 2706 667 2747 igitur
695 2717 722 2740 et
748 2713 782 2740 ab
807 2714 1010 2742 idololalrarum

229 2760 322 2780 errore
338 2753 418 2780 alieni
434 2754 554 2788 fuerunt,
572 2761 599 2784 et
623 2758 696 2786 sicut
717 2759 934 2788 demonstratum
958 2764 1011 2793 est,

228 2802 304 2825 extra
316 2797 655 2831 Judaismumeonstituti:
671 2807 762 2832 tamen
786 2813 941 2842 quanquam
961 2815 1011 2835 nec

222 2889 279 2920 1-4,

1071 978 1120 1014 τὴν
1140 979 1209 1005 κατὰ
1225 979 1270 1005 τδν
1292 979 1429 1010 Μωῡσέως
1450 979 1532 1014 νόμον
1550 978 1763 1013 διατεταγμένην
1782 977 1859 1004 πολι-

1072 1025 1157 1057 τείαν,
1175 1025 1234 1057 ἐνὸς
1252 1024 1408 1060 ἐξημμένην
1428 1024 1475 1051 τοῦ
1491 1025 1537 1051 ἐπὶ
1552 1025 1660 1051 πάντων
1675 1024 1752 1051 Θεοῦ·
1770 1024 1815 1050 τὸν
1830 1023 1859 1050 δὲ

1077 1070 1261 1106 Ἐλληνισμδν,
1281 1071 1319 1102 ὡς
1337 1071 1365 1096 ὲν
1389 1070 1529 1105 κεφαλαίῳ
1550 1071 1649 1105 φάναι,
1670 1070 1718 1106 τὴν
1736 1070 1806 1097 κατὰ
1823 1070 1859 1098 τὰ

1071 1116 1173 1152 πάτρια
1187 1117 1241 1143 τῶν
1258 1116 1341 1143 ὲθνῶν
1355 1117 1481 1144 ἁπάντων
1494 1117 1533 1149 εἰς
1549 1117 1673 1148 πλείονας
1687 1117 1764 1148 θεοὺς
1776 1117 1859 1144 δεισι-

1070 1162 1220 1197 δαιμονίαν.
1234 1162 1266 1188 Τί
1286 1161 1331 1189 οὖν
1345 1163 1483 1198 φήσαιμεν
1501 1163 1564 1197 περὶ
1580 1162 1634 1189 τῶν
1653 1162 1704 1198 πρὸ
1720 1163 1859 1195 Μωῡοεινς

1070 1207 1118 1233 καὶ
1139 1208 1191 1243 πρὸ
1211 1207 1258 1234 τοῦ
1287 1207 1454 1242 Ἰουδαῖσμοῦ
1481 1207 1611 1243 Θεοφιλῶν
1640 1207 1759 1243 ἀνδρῶν,
1779 1204 1815 1234 ὧν
1842 1209 1858 1234 ὀ

1070 1253 1190 1287 Μωῡσῆς
1207 1252 1426 1287 ἐμνημόνευσεν,
1451 1250 1522 1283 οἷον,
1543 1253 1606 1288 περὶ
1631 1252 1732 1288 Ὲνὼχ,
1750 1250 1772 1286 ᾧ
1789 1261 1857 1289 pap—

1069 1299 1146 1332 τυρεῖ
1159 1297 1246 1331 λέγων
1256 1305 1262 1311 ·
1282 1306 1290 1322 ι
1303 1296 1476 1332 Εὺηρὲστησε
1491 1297 1519 1322 δὲ
1539 1296 1622 1331 Ἑνὼχ
1635 1296 1674 1331 τῷ
1690 1296 1764 1331 Θεῷ’
1780 1306 1790 1322 ι
1809 1296 1857 1323 καὶ

1070 1343 1134 1378 περὶ
1156 1343 1202 1369 τοῦ
1228 1342 1306 1375 Νῶε,
1325 1343 1388 1378 περ).
1408 1340 1439 1369 οὗ
1466 1342 1545 1369 πάλιν
1570 1342 1656 1376 φησί’
1673 1351 1682 1368 t
1697 1342 1758 1368 Νῶε
1781 1342 1809 1368 δὲ
1822 1340 1857 1378 ἦν

1069 1388 1210 1423 ἄνθρωπος
1224 1388 1336 1420 δίκαιος,
1352 1389 1381 1415 ὲν
1398 1390 1429 1424 τῇ
1445 1389 1526 1424 γενεᾷ
1541 1388 1640 1415 αὐτοῦ’
1656 1398 1665 1415 ι
1682 1389 1746 1425 περί
1764 1398 1792 1415 τε
1808 1389 1855 1416 τοῦ

1069 1434 1121 1469 Σὴθ
1143 1435 1190 1461 καὶ
1216 1434 1263 1461 τοῦ
1294 1434 1403 1469 Ἰάφεθ,
1432 1434 1495 1468 περὶ
1514 1431 1552 1461 ὧν
1575 1434 1660 1461 ταῦτα
1687 1435 1854 1469 ἀναγράφει·

1071 1489 1080 1506 ι
1094 1480 1244 1515 Εὐλογητὸς
1252 1480 1353 1515 Κύριος
1366 1481 1379 1506 ὁ
1388 1480 1453 1512 Θεὸς
1463 1479 1510 1506 τοῦ
1525 1478 1578 1512 Σήθ
1589 1488 1596 1495 ⁶
1610 1490 1618 1506 ι
1632 1481 1688 1512 καὶ,
1701 1490 1709 1505 ι
1720 1479 1856 1506 Πλατύναι

1067 1527 1081 1552 ὁ
1093 1525 1158 1557 Θεὸς
1177 1525 1214 1560 τῷ
1235 1525 1338 1560 Ἰάςρεθ-
1354 1536 1362 1551 ι
1381 1525 1428 1552 καὶ
1451 1525 1491 1552 ἔτι
1515 1525 1583 1561 πρὸς
1602 1526 1706 1557 τούτοις
1728 1527 1791 1561 περὶ
1807 1525 1855 1552 τοῦ

1074 1571 1207 1607 Ἀϐραὰμ,
1223 1571 1270 1598 καὶ
1289 1571 1338 1598 τοῦ
1356 1571 1465 1603 Ἰσαὰκ,
1487 1572 1534 1598 καὶ
1554 1572 1600 1599 τοῦ
1621 1571 1726 1604 Ἰακὼϐ,
1745 1569 1785 1604 οἷς
1808 1572 1855 1599 καὶ

1066 1616 1111 1642 τὸν
1133 1616 1192 1643 Ἰὼϐ
1211 1617 1388 1653 συναριθμεῖν
1400 1616 1519 1651 εὔλογον,
1532 1617 1579 1643 καὶ
1595 1617 1622 1643 εἴ
1636 1625 1707 1647 τινες
1724 1617 1797 1643 ἄλλοι
1809 1617 1854 1647 τὸν

1067 1662 1171 1698 ἐμφερῆ
1190 1662 1294 1693 τούτοις
1309 1662 1448 1698 ἐζήλωααν
1464 1662 1537 1697 βίον;
1552 1663 1623 1698 Ἄρα
1642 1662 1696 1698 γὰρ
1711 1661 1854 1694 Ἰουδαίους

1066 1709 1164 1740 αὐτοὺς
1192 1708 1290 1744 χρῆναι
1312 1709 1469 1743 γεγονέναι,
1487 1709 1504 1745 ἢ
1525 1709 1669 1743 Ἕλληνας.
1701 1708 1780 1734 Ἀλλὰ
1799 1708 1853 1744 γὰρ

1073 1754 1192 1780 Ἰουδαῖοι
1214 1754 1262 1789 μὲν
1279 1754 1328 1781 οὐκ
1344 1754 1377 1781 ἂν
1395 1754 1513 1789 εὐλόγως
1537 1754 1656 1789 λεχθεῖεν
1668 1775 1675 1787 ,
1700 1755 1782 1789 μήπω
1803 1754 1854 1789 τῆς

1066 1800 1206 1831 Μωῦσέως
1222 1800 1450 1836 παρεισαχοείσης
1461 1800 1500 1835 τῷ
1514 1799 1564 1835 βίῳ
1576 1800 1735 1835 νομοθεσίας
1757 1800 1788 1826 Εἰ
1800 1800 1854 1835 γὰρ

1072 1845 1237 1880 ’ῐουδαῖσμὸς
1266 1846 1340 1872 οὐδὲν
1366 1844 1399 1880 ἦν
1427 1846 1520 1880 ἓτερον
1549 1845 1564 1881 ἢ
1593 1847 1609 1881 ὴ
1637 1846 1706 1872 κατὰ
1735 1845 1854 1872 Μωῦσέα

1066 1891 1198 1926 πομπεῖα,
1220 1891 1339 1926 Μωῦσῆς
1354 1891 1382 1918 δὲ
1404 1893 1518 1926 μακροῖς
1540 1890 1652 1926 ὕστερον
1672 1890 1776 1926 χρόνοις
1799 1889 1853 1917 τῶν

1066 1937 1217 1972 εἰρημένων
1240 1937 1341 1972 πέφηνε
1353 1946 1360 1952 '
1377 1937 1466 1971 δῆλον,
1485 1937 1523 1968 ὡς
1539 1937 1589 1963 οὐκ
1607 1936 1639 1963 ἂν
1656 1934 1710 1962 εἷεν
1732 1936 1853 1963 Ἰουδαῖοι

1066 1983 1090 2008 οξ
1108 1982 1159 2017 πρὸ
1175 1982 1228 2008 τῶν
1247 1982 1330 2008 αὑτοῦ
1352 1983 1455 2018 χρόνων
1472 1982 1514 2008 ἐπ’
1528 1981 1653 2016 εὐσεϐείᾳ
1675 1989 1853 2017 μεμαρτυρη-

1068 2029 1151 2064 μένοι.
1168 2029 1237 2056 ’Δλὶδ
1250 2030 1309 2056 οὐδὲ
1322 2029 1454 2065 ’Έλληνας
1465 2030 1598 2064 προσήκει
1612 2029 1730 2064 νομίζειν
1742 2029 1851 2063 αὐτοὺς,

1067 2075 1105 2110 μὴ
1121 2076 1153 2110 τῇ
1165 2074 1286 2110 πολυθέῳ
1305 2075 1501 2110 δεισιδαιμονίᾳ
1521 2075 1751 2111 κεκρατημένους.
1770 2076 1803 2103 Ὃ
1821 2083 1852 2102 τε

1066 2120 1120 2156 γὰρ
1140 2120 1267 2156 Ἀδραὰμ
1283 2120 1442 2155 καταλεῑψαι
1462 2120 1561 2152 τελέως
1578 2120 1686 2155 λέγεται
1703 2118 1776 2148 οἶκον
1799 2130 1852 2148 πα-

1066 2166 1151 2202 τρῷον
1167 2166 1213 2193 καὶ
1233 2165 1400 2200 συγγένειαν,
1414 2166 1462 2193 καὶ
1481 2166 1521 2193 ἑνὶ
1542 2166 1615 2202 μόνῳ
1636 2167 1853 2203 προσεσχηκέναι

1065 2212 1141 2247 Θεῷ,
1158 2212 1187 2238 ὃν
1203 2212 1249 2239 καὶ
1270 2211 1396 2247 ὁμολογεῖ
1412 2212 1540 2246 φάσκων·
1559 2222 1568 2238 ί
1586 2212 1702 2240 Ἐκτενῶ
1719 2213 1786 2248 πρὸς
1807 2213 1853 2239 τὸν

1066 2258 1131 2284 Θεὸν
1146 2257 1191 2284 τὸν
1205 2256 1315 2292 ὕψιστον
1326 2257 1355 2289 ὃς
1367 2257 1457 2285 ἔκτισε
1471 2257 1516 2284 τὸν
1525 2257 1638 2294 οὐρανὸν
1649 2259 1694 2285 καὶ
1705 2258 1753 2294 τὴν
1764 2258 1815 2293 γῆν
1825 2267 1832 2274 ·
1840 2268 1849 2284 ι

1066 2305 1080 2331 ὃ
1096 2312 1125 2330 τε
1142 2303 1239 2330 Ἰακὼϐ
1262 2304 1467 2339 ἀναγέγραπται
1483 2303 1558 2340 παρὰ
1582 2304 1620 2339 τῷ
1633 2305 1744 2330 Μωῦσεῖ
1762 2304 1852 2338 φήσας

1065 2349 1104 2385 τῷ
1119 2349 1186 2384 οῐκῳ
1199 2349 1246 2378 καὶ
1264 2349 1330 2376 πᾶσι
1347 2351 1402 2380 τοῖς
1425 2349 1523 2376 αὐτοῦ’
1546 2359 1555 2375 (
1574 2350 1673 2385 ’Ἄρατε
1695 2350 1757 2381 τοὺς
1774 2349 1852 2382 θεοὺς

1066 2395 1128 2426 τοὺς
1148 2394 1302 2430 ἀλλοτρίους
1322 2395 1354 2422 ὲκ
1371 2395 1454 2430 μέσου
1476 2394 1616 2429 ὑμῶννκαὶ
1638 2395 1781 2430 ἀναδῶμεν
1811 2396 1852 2428 είς

1066 2440 1162 2476 Βεθὴλ,
1179 2441 1225 2468 καὶ
1239 2442 1395 2476 ποιήσωμεν
1409 2442 1467 2467 ἐκεῖ
1481 2441 1671 2476 θυσιαστήριον
1690 2440 1728 2476 τῷ
1745 2442 1850 2478 Κυρίῳ,

1066 2488 1105 2523 τῷ
1117 2488 1300 2515 ἐπακούσαντί
1321 2496 1370 2523 μου
1386 2488 1415 2514 ὲν
1434 2486 1524 2522 ἡμέρᾳ
1546 2485 1670 2521 θλίψεως,
1691 2487 1720 2519 ὃς
1737 2485 1771 2522 ἦν
1792 2488 1850 2522 μετ’

1066 2534 1132 2569 ἐμοῦ
1156 2533 1204 2561 καὶ
1226 2533 1311 2560 ἐσωσέ
1336 2541 1370 2568 με
1396 2533 1425 2559 ὲν
1443 2533 1477 2567 τῇ
1498 2531 1550 2566 ὁδῷ
1614 2532 1774 2568 ἐπορεύθην.
1795 2533 1850 2560 Καὶ

1066 2579 1168 2605 ἔδωκαν
1183 2578 1223 2614 τῷ
1242 2577 1338 2605 ’ἰακὼὸ
1363 2578 1426 2609 τοὺς
1450 2576 1527 2609 θεοὺς
1546 2577 1609 2609 τοὺς
1632 2577 1804 2613 ἀλλοτρίους,
1825 2578 1849 2605 οἳ

1064 2622 1134 2659 ἦσαν
1145 2624 1173 2650 ἐν
1185 2625 1244 2656 ταῖς
1259 2623 1353 2658 χερσὶν
1367 2621 1466 2655 αὐτῶν,
1481 2622 1527 2648 καὶ
1539 2621 1574 2648 τὰ
1587 2622 1685 2649 ἐνώτια
1700 2622 1734 2648 τὰ
1749 2623 1778 2649 ἐν
1793 2623 1850 2654 τοῖς

1065 2670 1130 2696 ὠσὶν
1146 2669 1245 2703 αὐτῶν,
1257 2669 1303 2696 καὶ
1318 2667 1434 2704 ἔκρυψεν
1447 2667 1517 2695 αὐτὰ
1539 2668 1634 2695 Ίακὼΰ
1647 2668 1699 2695 ὑπὸ
1714 2668 1763 2703 τὴν
1773 2677 1802 2695 τε
1808 2669 1853 2704 ρέ-

1066 2714 1155 2742 6ινθον
1168 2716 1219 2750 τὴν
1236 2715 1264 2740 ὲν
1278 2714 1411 2749 Σικίμοις,
1429 2714 1476 2741 καὶ
1493 2714 1632 2740 ἀπώλεσεν
1646 2713 1715 2741 αὐτὰ
1728 2714 1780 2745 ἓως
1802 2714 1851 2749 τῆς

1066 2761 1185 2796 σήμερον
1209 2760 1326 2796 ἡμέρας.
1341 2769 1350 2786 ›
1369 2760 1399 2786 El
1415 2760 1447 2797 δὴ
1460 2759 1506 2787 οὖν
1528 2759 1574 2786 καὶ
1594 2759 1642 2795 τῆς
1658 2759 1797 2787 εἰδωλολάτ
1805 2768 1851 2796 ρου

1065 2807 1169 2842 πλάνης
1187 2806 1320 2843 ἀλλότριοι
1336 2808 1548 2844 καθεστήκεσαν,
1572 2808 1619 2835 καὶ
1637 2806 1801 2842 Ἰουδαῖσμοῦ
1823 2806 1851 2834 δὲ

294 2857 360 2886 Gen.
379 2869 406 2893 ιτ,
427 2861 473 2893 29.,
492 2861 537 2891 2i.
576 2863 587 2880 ⁸
607 2863 673 2892 Gen.
702 2873 740 2897 Vl.
761 2865 787 2894 9.
826 2867 835 2883 ⁸
856 2867 923 2897 Gen.
945 2876 983 2902 ις,
1012 2868 1058 2902 26,
1077 2868 1122 2905 2'1.
1161 2869 1171 2885 '
1191 2866 1259 2896 Gen.
1279 2877 1327 2905 xu,
1355 2871 1365 2885 "
1385 2869 1451 2903 Gen.
1473 2877 1528 2903 κεν,
1549 2869 1594 2897 22.
1645 2869 1656 2884 '
1675 2868 1742 2900 Gen.
1766 2876 1846 2901 “XV,
