2053 3218
178 191 214 219 25
643 191 971 222 DEMONSTRATIONIS
987 191 1218 221 EVANGELICE
1239 192 1301 220 LIB.
1320 192 1340 220 1.

1771 192 1808 220 26

180 251 255 282 ἓκτδς
274 252 419 286 γεγονότες
445 254 659 290 ἀπεδείχθησαν,
674 255 748 289 ὅμως
770 262 802 288 γε
828 254 879 290 μὴν
904 253 961 280 οὒτε

1015 253 1116 280 ethnici
1130 257 1221 281 essent
1237 261 1286 281 nec
1307 252 1404 284 Jud:ei.
1430 253 1485 280 Deo
1495 253 1593 281 charos
1624 252 1802 282 nihilominus

181 296 310 332 Ἕλληνες
323 299 388 326 οὗτε
405 299 524 326 Ἰουδαῖοι
541 300 638 334 φύντες
648 319 655 332 ,
681 299 812 334 θεοφιλεῖς
827 299 967 334 γεγονέναι

181 342 417 379 μεμαρτύρηνται,
427 346 473 372 καὶ
487 345 584 372 δίκαιοι
600 346 646 372 καὶ
658 346 788 377 εὐσεϐεῖς,
799 345 823 372 εἰ
837 345 882 371 καί
896 353 967 376 τινες

179 387 260 414 ἄλλον
276 388 337 424 ὥρα
351 390 441 426 τρίτον
455 392 572 420 ἐπινοεῖν
591 391 744 423 θεοσεϐείας
766 391 876 426 τρόπον,
890 390 922 417 δι’
935 386 966 416 οὗ

179 434 350 469 κατορθῶσαι
360 437 433 469 εἰκὸς
444 435 478 472 ἦν
492 437 599 469 αὐτούς.
612 438 711 464 Σκόπει
723 437 875 472 τοιγαροῦν,
891 437 914 463 εί
930 445 966 472 μη

177 478 248 505 τοῦτ’
267 479 334 506 αὐτὸ
355 478 399 516 ἦν,
420 482 450 508 τὸ
471 481 571 517 μεταξὺ
591 482 755 518 Ἰουδαϊσμοῦ
773 483 819 509 καὶ
847 482 968 517 Ἐλληνιο

180 523 257 559 σμοῦ,
266 525 356 561 τρίτον
370 528 436 562 ἡμῖν
450 528 672 564 ἀποδεδειγμένον
685 528 788 564 τάγμα,
802 529 967 556 παλαίτατον

181 570 229 605 μὲν
245 572 292 598 καὶ
309 572 419 601 πάντων
441 575 572 610 τυγχάνον
594 575 797 611 πρεσϐύτατον,
821 576 918 603 νεωστὶ
937 576 966 602 δὲ

178 615 221 643 διὰ
235 617 281 644 τοῦ
299 619 434 655 ἡμετέρου
459 621 585 656 Σωτῆρος
602 622 668 648 πᾶσι
682 623 738 654 τοῖς
759 621 846 648 ἔθνεσι
861 630 964 657 κατηγ-

177 663 317 699 γελμένον.
336 666 391 692 Καὶ
414 666 485 693 τοῦτ’
502 667 534 694 ἃν
553 667 595 703 εἴη
610 669 624 695 ό
651 668 891 704 Χριστιανισμὺς,-
903 667 964 694 οὒτε

182 709 357 746 Ἑλληνισμός
368 721 409 744 τις
420 711 466 744 ὢν,
476 712 537 740 οὔτε
555 714 728 750 Ίουδαῖσμδς,
739 714 806 741 ἀλλὰ
822 714 851 741 τὸ
863 713 964 749 μεταξὺ

155 784 158 786 ν
176 756 292 789 τούτων,
311 759 487 786 παλαιότατον
505 760 646 793 εὐσεϐείας
663 761 811 797 πολίτευμα
823 782 829 794 ,
850 761 897 788 καὶ
915 762 965 797 ἀρ-

176 803 306 839 χαιοτάτη
323 804 372 839 μέν
383 814 424 837 τις
441 805 594 841 φιλοσοφία,
608 807 677 843 πλὴν
692 807 759 834 ἀλλὰ
772 809 868 834 νεωστὶ
883 809 964 834 πᾶσιν

176 847 329 883 ἀνθρώποις
343 851 399 882 τοῖς
421 851 480 877 καθ’
497 852 561 887 ὅλης
579 853 629 888 τῆς
646 853 806 889 οἰκουμένης
824 854 964 889 νενομοθε-

174 893 295 930 τημένη’
312 895 382 922 ὥστε
397 896 443 923 τὺν
464 898 492 930 ἐξ
508 898 688 934 Ἑλληνισμοῦ
706 899 752 925 ἐπὶ
774 899 819 926 τὸν
834 900 963 934 Χριστια-

174 939 269 974 νισμὺν
284 940 494 977 μετατιθέμενον
503 943 553 969 οὐκ
566 943 612 969 ἐπὶ
626 943 789 978 Ἰουδαϊσμὸν
804 943 945 970 ἐκπίπτειν
954 952 960 958 υ

173 986 228 1013 οὐδ’
243 983 277 1013 αὖ
294 987 376 1015 πάλιν
391 989 423 1014 ἐκ
437 988 486 1023 τῆς
505 987 651 1025 Ἰουδαϊκῆς
661 989 884 1024 ὲθελοθρηπκείας
899 990 963 1016 ἀνα-

173 1033 331 1069 χωροῦντα,
353 1034 435 1066 sese;
447 1035 565 1071 ’Ἕλληνα
585 1036 727 1070 γενέσθαι·
744 1037 788 1062 τὸν
802 1037 830 1063 δὲ
848 1036 876 1069 ἐξ
901 1038 963 1064 ἐκα-

172 1078 252 1115 τέρου
267 1079 419 1115 τάγματος,
440 1080 472 1107 ἔκ
486 1090 514 1107 τε
535 1080 713 1117 Ἑλληνισμοῦ
730 1081 776 1108 καὶ
796 1081 962 1116 Ἰουδαϊσμοῦ

175 1121 373 1159 μεθιστάμενον
390 1124 436 1150 ἐπὶ
458 1124 504 1151 τὸν
519 1125 601 1160 μέσον
624 1125 752 1160 παριέναι
771 1126 851 1160 νόμον
867 1135 894 1152 τε
917 1126 962 1152 καὶ

173 1166 229 1201 βίον
243 1167 289 1194 τὸν
302 1167 356 1194 τῶν
370 1168 454 1196 πάλαι
468 1169 599 1204 θεοφιλῶν
614 1170 659 1196 καὶ
675 1169 786 1196 δικαίων
802 1169 917 1205 ἀνδρῶν,
933 1170 962 1196 ὃν

171 1215 186 1240 ὁ
204 1214 301 1250 Σωτὴρ
317 1215 365 1242 καὶ
386 1217 489 1252 Κύριος
513 1217 600 1252 ἡμῶν,
627 1217 731 1253 μακρὸν
754 1217 963 1252 ὲφησυχάσαντα

172 1260 288 1295 χρόνον,
316 1259 394 1294 αὖθις
419 1262 587 1290 ἀνενεώσατο
613 1263 764 1296 ἀκολούθως
798 1265 852 1295 τοῖς
881 1262 961 1290 αὐτοῦ

171 1303 310 1336 Μωῡσέως
329 1306 376 1333 καὶ
398 1306 453 1333 τῶν
477 1307 578 1334 λοιπῶν
603 1307 749 1344 προφητῶν
774 1309 836 1344 περὶ
861 1308 962 1335 τούτων

171 1348 261 1376 αὐτῶν
270 1349 463 1386 Θεσπίσμασιν.
486 1354 530 1379 Ἐν
543 1353 608 1387 γοῦν
622 1355 679 1386 τοῖς
697 1354 764 1390 πρὸς
775 1354 820 1380 τὸν
837 1354 962 1390 Ἀϐραὰμ

171 1398 306 1432 χρησμοῖς
320 1398 400 1430 αὐτὸς
417 1399 430 1425 ὁ
448 1399 569 1434 Μωῦσῆς
592 1400 746 1436 ἀναγράφει
762 1400 907 1432 θεσπίζων,
924 1401 962 1432 ὡς

171 1442 214 1468 ὅτι
228 1441 407 1479 μελλήσουσιν
420 1445 448 1470 ἐν
465 1445 588 1480 ὑστέροις
604 1445 669 1472 ποτὲ
685 1446 800 1481 χρόνοις,
815 1447 864 1482 οὐχ
875 1447 899 1473 οἱ
915 1446 960 1472 τοῦ

177 1489 303 1524 ’Δϐραὰμ
332 1490 480 1524 ἀπόγονοι,
509 1491 563 1518 οὐδ’
580 1492 604 1517 οἱ
630 1493 662 1518 ὲκ
690 1492 848 1528 σπέρματος
879 1493 960 1520 αὑτοῦ

176 1533 313 1561 Ἰουδαῖοι·
339 1534 407 1561 ἀλλὰ
433 1535 488 1572 γὰρ
509 1537 594 1563 πᾶσαι
607 1537 635 1564 αἱ
656 1537 737 1572 φυλαὶ
753 1537 802 1572 τῆς
828 1538 889 1572 γῆς,
916 1538 962 1564 καὶ

170 1580 266 1627 στάντα
276 1581 310 1608 τὰ
320 1581 383 1616 ἔθνη
401 1582 447 1608 ἐπὶ
458 1582 495 1618 τῷ
508 1583 593 1619 ὁμοίῳ
607 1584 699 1620 τρόπῳ
714 1585 763 1619 τῆς
777 1584 823 1611 τοῦ
838 1584 962 1621 ’Δϐραὰμ
976 1598 997 1627 c

170 1626 337 1660 θεοσεϐείας,
361 1627 486 1662 εὐλογίας
515 1629 590 1664 παρὰ
610 1630 677 1656 Θεοῦ
700 1630 960 1666 καταξιωθήσεσθαι.

171 1673 275 1708 Γράφει
294 1673 321 1701 δὲ
338 1674 440 1707 οὕτως·
456 1685 465 1701 ‹
482 1676 537 1703 Καὶ
557 1674 617 1702 εἶπε
642 1676 744 1712 Κύριος
758 1677 796 1712 τῷ
819 1676 959 1713 Ἀϐραάμ’

173 1719 284 1751 Ἔξελθε
298 1721 329 1746 ἐκ
343 1721 393 1755 τῆς
407 1721 458 1756 γῆς
476 1729 522 1747 σου
539 1721 587 1748 καὶ
605 1723 637 1748 ὲκ
653 1722 702 1756 τῆς
723 1722 880 1756 συγγενείας
902 1731 960 1755 σου,

169 1765 219 1791 καὶ
231 1766 263 1791 ὲκ
279 1765 325 1792 τοῦ
342 1766 415 1793 οἴκου
432 1766 479 1794 τοῦ
499 1767 602 1803 πατρός
617 1776 674 1798 σου,
686 1768 733 1794 καὶ¹
748 1767 828 1803 δεῦρο
844 1769 883 1800 είς
899 1769 959 1804 γῆν,

172 1811 206 1845 ἦν
221 1811 254 1838 ἄν
268 1820 309 1838 σοι
326 1811 414 1845 δείξω.
431 1813 486 1839 Καὶ
503 1814 607 1849 ποιήσω
620 1822 649 1840 σε
663 1814 703 1845 εἰς
719 1813 794 1846 ἑθνος
809 1814 879 1849 μέγα
889 1822 896 1829 ·
915 1815 961 1841 καὶ

172 1857 313 1892 εὐλογήσω
334 1865 375 1889 σε,
393 1858 441 1884 καὶ
463 1858 604 1893 μεγαλυνῶ
620 1859 651 1885 τὸ
665 1859 749 1894 ὄνομα
767 1868 828 1891 σου,
845 1860 891 1886 καλ⁸
912 1860 959 1896 ἔσῃ

171 1902 268 1938 silum
274 1903 361 1937 μένος.
374 1904 429 1930 Καὶ
443 1904 581 1939 εὐλογήσω
595 1905 658 1936 τοὺς
670 1905 846 1939 εὖλογοῦντάς
857 1914 897 1934 σε,
913 1905 960 1932 καὶ

172 1949 235 1980 τοὺς
249 1949 460 1984 καταρωμένους
481 1958 510 1976 σε
532 1950 734 1986 καταράσομαι,
754 1951 800 1977 καὶ
823 1951 961 1985 ἐνευλογη-

173 1994 300 2028 Θήσονται
318 1996 346 2021 ὲν
361 1995 402 2021 σοὶ
419 1996 504 2022 πᾶσαι
518 1997 546 2023 αἱ
561 1996 642 2030 φυλαὶ
654 1996 702 2031 τῆς
715 1997 775 2032 γῆς.
791 2007 800 2022 ι
814 1998 868 2023 Καὶ
881 1997 960 2023 πάλιν

170 2041 186 2066 ὁ
212 2039 278 2072 Θεὸς
301 2038 378 2067 εἶπεν
400 2051 409 2067 ι
431 2042 476 2077 Μὴ
500 2041 595 2077 κρύψω
612 2042 668 2076 ἐγὼ
688 2042 742 2069 ἀπὸ
765 2042 889 2078 Ἀϐραὰμ
912 2043 959 2069 τοῦ

172 2086 268 2118 παιδός
285 2095 335 2122 μου
347 2087 364 2114 ἃ
373 2087 429 2122 ἐγὼ
444 2088 530 2120 mra»;
553 2088 677 2124 Ἀϐραὰμ
690 2089 718 2115 δὲ
730 2089 874 2124 γενόμενος
884 2089 960 2116 ἔσται

172 2133 212 2163 εις
226 2131 301 2164 ἔθνος
325 2132 395 2167 μέγα
416 2134 462 2160 καὶ
484 2133 560 2160 πολύ.
584 2135 639 2160 Καὶ
654 2133 907 2169 ὲνειὶλογηθήσονται
931 2135 959 2161 ὲν

172 2176 247 2211 αὐτῷ
263 2177 352 2203 πάντα
371 2178 404 2205 τὰ
424 2177 488 2213 ἔθνη
505 2178 553 2213 τῆς
569 2179 631 2214 γῆς.
649 2189 658 2204 ι
678 2178 740 2210 Πῶς
757 2179 779 2205 δ’
800 2178 832 2205 ἂν
849 2179 959 2214 ἔμελλον

171 2221 211 2257 τῷ
232 2222 357 2258 ’ἐϐραὰμ
381 2223 638 2259 ὲνευλογηθήσεσθαι
655 2224 743 2251 πάντα
763 2224 797 2251 τὰ
814 2224 894 2260 ἔθνη,
912 2225 959 2252 καὶ

1016 298 1160 333 justosque
1181 298 1204 326 si
1222 299 1269 325 ulli
1289 306 1408 333 unquam
1433 298 1490 330 alii.
1515 302 1542 325 et
1563 299 1621 333 pios
1651 298 1800 327 exstitisse.

1017 345 1202 372 testimonium
1231 342 1394 372 habuerunt.
1420 344 1552 372 Convenit
1575 344 1655 379 igitur
1691 344 1801 370 tertium

1017 390 1160 426 quemdam
1175 395 1265 418 mente
1289 393 1434 425 concipere
1454 391 1545 418 cultus
1565 389 1650 417 divini
1678 389 1800 418 modum.

1017 438 1166 464 secundum
1186 444 1265 472 quem
1278 442 1351 464 recte
1367 437 1457 464 vivere
1486 440 1620 471 poterant.
1639 435 1706 463 Vide
1719 436 1802 471 igitur

1016 484 1088 510 sitne
1112 482 1169 510 haec
1192 482 1236 509 illa
1251 482 1308 517 ipsa
1325 483 1404 508 tertia
1429 482 1614 508 demonstrata
1632 481 1711 508 nobis
1730 481 1801 508 inter

1015 527 1185 555 Judaismum
1199 532 1226 555 et
1236 528 1428 556 ethnicismum
1448 528 1536 555 media
1561 528 1642 559 ratio,
1664 527 1800 562 antiquis.

1016 574 1085 601 sima
1097 574 1204 609 quidem
1221 581 1369 608 omnesque
1379 573 1447 600 alias
1460 577 1539 600 aetate
1563 573 1737 604 antecellens,
1751 572 1800 601 sed

1015 627 1095 654 quam
1111 622 1234 646 recenter
1260 619 1388 645 omnibus
1414 618 1540 653 gentibus
1561 617 1686 645 Salvator
1706 622 1800 646 noster

1015 664 1192 692 annuntiavit.
1223 663 1311 698 Atque
1342 663 1399 690 haec
1435 662 1666 690 Christianismus
1705 663 1800 698 utique

1015 711 1106 742 fuerit,
1119 714 1212 745 utpote
1221 709 1267 745 qui
1281 717 1330 737 nec
1343 709 1568 736 ethnicismnsest
1577 706 1799 741 necludaismus,

1015 755 1086 783 inter
1105 760 1250 790 utrumque
1263 753 1351 781 media
1363 753 1553 787 antiquissima
1569 753 1692 787 quasdam
1707 754 1799 781 cultus

1014 800 1099 827 divini
1119 799 1318 827 administratio
1347 806 1378 826 ac
1401 803 1499 831 status,
1519 806 1659 832 genusque
1677 799 1798 833 philoso-

1014 845 1084 880 phia:
1095 845 1321 877 vetustissimum,
1352 844 1399 871 sed
1420 851 1516 871 recens
1536 843 1665 870 omnibus
1679 844 1798 871 homini-

1014 892 1066 919 bus
1081 899 1128 927 per
1143 892 1300 918 universum
1325 895 1459 918 terrarum
1477 890 1571 917 orbem
1587 891 1720 917 sancitum
1735 897 1742 915 :
1759 890 1795 917 ita

1015 937 1103 972 utqui
1120 937 1154 964 ab
1168 937 1331 964 ethnicismo
1354 937 1387 964 ad
1412 936 1651 964 Christianismum
1686 937 1796 969 transit,

1014 991 1069 1010 non
1085 983 1112 1010 in
1135 982 1304 1010 Judaismum
1321 983 1445 1016 excidat;
1461 991 1550 1018 neque
1572 991 1679 1014 rursus,
1693 984 1738 1018 qui
1755 990 1798 1011 re-

1014 1029 1087 1056 cedit
1097 1029 1130 1056 ab
1143 1028 1257 1055 Iudaico
1273 1028 1427 1055 voiuntario
1444 1028 1531 1059 cultu,
1547 1029 1638 1055 statim
1652 1029 1798 1056 tiatethni-

1014 1082 1083 1102 cus:
1102 1075 1148 1102 sed
1163 1076 1209 1110 qui
1230 1079 1345 1109 utroque
1369 1074 1464 1102 ordine
1476 1074 1582 1106 relicto,
1605 1075 1797 1103 ethnicismum

1014 1121 1114 1148 deserit
1130 1125 1210 1155 atque
1224 1120 1406 1151 Judaismum,
1436 1120 1460 1147 is
1485 1120 1601 1147 inediam
1623 1121 1696 1147 subit
1711 1120 1797 1155 legem

1013 1167 1150 1201 vitamque
1162 1167 1312 1201 priscorum
1323 1166 1546 1193 charissimorum
1565 1166 1619 1193 Deo
1626 1166 1796 1200 ctjustorum

1014 1215 1145 1246 virorum,
1164 1222 1244 1249 quam
1260 1213 1386 1241 Salvator
1407 1221 1439 1241 ac
1468 1213 1599 1240 Domitius
1612 1217 1715 1243 noster,
1733 1220 1796 1240 cum

1013 1269 1061 1296 per
1073 1261 1182 1296 longum
1198 1261 1241 1288 illa
1258 1264 1366 1295 tempus
1380 1260 1521 1294 consopita
1535 1259 1677 1293 iacuisset,
1691 1259 1796 1286 excita-

1013 1308 1052 1334 vit
1065 1308 1161 1334 itcrum
1177 1307 1403 1340 instauravitqne,
1415 1308 1452 1333 ita
1475 1306 1514 1332 uti
1543 1304 1625 1332 Mosis
1642 1309 1668 1332 et
1683 1309 1797 1332 (ποιοῖ-ος

1013 1361 1073 1380 rum
1092 1353 1284 1387 prophetarum
1309 1352 1422 1378 vocibus
1449 1351 1502 1377 hoc
1520 1350 1608 1385 ipsum
1636 1350 1795 1384 przedictum

1014 1398 1110 1425 fuerat.
1129 1397 1196 1424 Nam
1216 1401 1242 1424 et
1258 1397 1284 1424 in
1297 1397 1427 1428 oraculis,
1458 1403 1518 1430 qua:
1548 1395 1703 1422 Abrahamo
1725 1395 1796 1422 edita

1012 1444 1143 1471 divinitus
1156 1443 1243 1471 Moses
1256 1447 1382 1473 testatur.
1403 1442 1582 1477 scribitquod
1608 1442 1708 1470 futuris
1731 1443 1795 1468 olim

1013 1491 1179 1525 temporibus
1195 1498 1248 1517 non
1261 1490 1407 1516 Abrahami
1420 1489 1519 1524 posteri
1537 1493 1564 1516 et
1575 1497 1607 1516 ex
1621 1489 1724 1516 semine
1736 1489 1795 1524 ejus

1012 1536 1135 1570 prognati
1150 1535 1247 1565 Judaei.
1276 1535 1322 1562 sed
1351 1542 1446 1562 omnes
1463 1535 1551 1562 tribus
1567 1538 1646 1561 teme
1660 1538 1686 1562 et
1700 1542 1796 1562 omnes

1013 1586 1106 1617 gentes
1121 1589 1167 1616 per
1183 1581 1298 1608 similem
1314 1580 1405 1608 cultus
1420 1580 1467 1607 Dei
1487 1580 1620 1607 rationem
1640 1588 1695 1615 quo
1707 1580 1795 1608 Abra-

1014 1628 1121 1660 hamus,
1142 1627 1358 1654 benedictionem
1379 1626 1498 1653 divinant
1523 1629 1617 1653 essent
1645 1625 1794 1653 obtenturi.

1014 1673 1051 1700 ita
1067 1673 1138 1700 enim
1151 1673 1190 1699 ait
1203 1673 1234 1699 ':
1252 1682 1262 1698 ι
1284 1671 1316 1698 Et
1336 1672 1405 1698 dixit
1434 1671 1566 1698 Dominus
1577 1671 1609 1698 ad
1635 1670 1768 1697 Abraham
1784 1675 1792 1696 :

1014 1719 1061 1746 Exi
1073 1719 1106 1746 de
1119 1722 1191 1746 terra
1209 1724 1264 1748 tua.
1280 1718 1348 1745 etde
1362 1718 1525 1752 cognatione
1538 1721 1595 1749 tua,
1620 1721 1642 1744 et
1663 1725 1695 1743 ex
1713 1717 1793 1743 domo

1012 1765 1098 1799 patris
1116 1765 1165 1795 tui.
1177 1769 1204 1792 et
1217 1765 1285 1791 vade
1306 1764 1332 1790 in
1345 1767 1445 1791 terram
1461 1770 1541 1797 quam
1556 1763 1606 1789 tibi
1624 1763 1795 1789 demonstra-

1011 1816 1084 1836 vero.
1099 1808 1132 1835 Et
1143 1809 1239 1835 faciam
1250 1813 1279 1835 te
1305 1808 1331 1834 in
1346 1811 1452 1843 gentem
1472 1814 1596 1842 magnam
1614 1816 1620 1834 :
1637 1810 1663 1834 et
1682 1805 1795 1832 benedi-

1011 1863 1070 1882 cam
1085 1859 1123 1883 te.
1138 1859 1165 1882 et
1175 1854 1352 1889 magniﬁcabo
1364 1861 1460 1881 nomen
1477 1858 1565 1885 tuum,
1582 1858 1609 1880 et
1636 1853 1691 1880 eris
1712 1853 1795 1880 bene-

1010 1902 1110 1931 dictus.
1127 1902 1159 1928 Et
1173 1901 1330 1929 benedicam
1344 1901 1535 1928 henedicentcs
1548 1905 1584 1931 te,
1595 1904 1621 1927 ct
1634 1899 1793 1927 maledicam

1011 1948 1202 1976 maledicentes
1218 1951 1253 1978 te,
1270 1951 1297 1974 et
1310 1946 1503 1974 benedicentur
1516 1947 1542 1972 in
1559 1950 1586 1972 te
1600 1952 1695 1971 omnes
1706 1944 1794 1972 tribus

1011 1997 1098 2020 terrm.
1116 2003 1125 2019 ι
1138 1993 1227 2027 Atque
1238 1993 1335 2019 iterum
1350 1992 1418 2018 dixit
1433 1991 1503 2018 Deus
1516 1991 1543 2016 ἰ
1564 1999 1574 2016 ι
1591 1990 1717 2024 Nunquid
1735 1990 1794 2017 ab:-

1010 2039 1124 2066 condam
1146 2046 1195 2073 ego
1221 2038 1254 2064 ab
1274 2037 1429 2064 Abrahamo
1445 2045 1524 2065 servo
1558 2044 1628 2067 meo.
1658 2043 1718 2070 quae
1742 2043 1793 2071 ego

1010 2085 1098 2112 facio?
1118 2084 1253 2112 Abraham
1270 2088 1359 2112 autem
1390 2083 1433 2110 [iet
1447 2084 1473 2111 in
1489 2088 1594 2118 gentem
1620 2090 1745 2117 magnam
1767 2087 1794 2110 et

1010 2133 1132 2159 multam.
1148 2131 1180 2158 Et
1191 2130 1384 2158 benedicentur
1397 2129 1462 2157 ineo
1473 2136 1568 2156 omnes
1581 2131 1674 2163 gentes
1685 2131 1773 2154 terrae.
1781 2137 1791 2153 ι

1010 2178 1151 2211 Quomodo
1165 2181 1253 2204 autem
1266 2177 1293 2203 in
1311 2175 1465 2203 Abrahamo
1490 2173 1682 2202 benedicendae
1701 2177 1794 2201 essent

1010 2231 1104 2250 omnes
1118 2226 1212 2257 gentes
1230 2226 1258 2249 et
1286 2228 1380 2248 omnes
1395 2220 1483 2247 tribus
1513 2225 1601 2251 teme.
1633 2220 1656 2247 si
1682 2219 1792 2254 quidem

172 2268 258 2294 πᾶσαι
277 2268 306 2298 αἱ
328 2267 408 2302 φυλαὶ
425 2269 475 2303 τῆς
496 2269 562 2304 γῆς,
581 2270 605 2295 εἰ
626 2268 710 2304 μηδὲν
731 2277 757 2295 τι
777 2269 959 2304 προσήκοντες

1012 2269 1083 2295 nulla
1100 2268 1206 2295 ratione
1217 2275 1278 2294 eum
1298 2266 1509 2301 contingerent.
1531 2273 1619 2299 neque
1648 2264 1731 2291 animi
1749 2271 1793 2290 ra-

173 2313 294 2349 ὗπῆρχον
307 2314 391 2349 αὐτῷ,
411 2315 480 2349 μήτε
494 2315 564 2341 κατὰ
579 2314 669 2350 ψυχῆς
683 2315 792 2350 τρόπον,
809 2316 876 2351 μήτε
889 2315 959 2342 κατὰ

173 2358 299 2394 σώματος
313 2360 491 2394 συγγένειαν;
510 2361 565 2395 Τῆς
580 2369 610 2386 τε
627 2360 681 2396 γὰρ
699 2360 770 2389 κατὰ
788 2361 876 2397 σάρκα
893 2370 958 2396 συγ-

171 2406 278 2440 γενείας
291 2406 334 2437 τίς
347 2404 381 2442 ἦν
394 2406 462 2442 πρὸς
476 2406 522 2432 τὸν
541 2406 664 2442 ’Δϐραὰμ
675 2406 826 2440 συγγένεια,
842 2407 958 2439 Σκύθαις

172 2452 239 2491 φέρε
255 2453 352 2484 εἰπεῖν,
371 2452 387 2487 ἢ
409 2452 579 2486 Αἰγυπτίοις,
595 2452 611 2487 ἢ
633 2451 765 2486 Αἰθίοψιν,
786 2452 803 2488 ἦ
822 2453 924 2484 Ἰνδοῖς,
940 2453 956 2488 ἢ

171 2496 370 2533 Βρεττανοῖς,ἢ
388 2498 534 2529 Ἰσπανοῖς;
544 2497 560 2532 ἢ
572 2497 630 2529 πῶς
642 2497 675 2524 ἂν
686 2497 772 2524 ταῦτα
785 2498 820 2524 τὰ
834 2497 897 2532 ἔθνη
911 2498 959 2524 καὶ

171 2543 211 2570 ἔτι
221 2544 255 2570 τὰ
261 2543 364 2570 τούτων
376 2543 554 2578 ἀπῳκισμένα
562 2543 610 2578 τῆς
620 2542 687 2578 πρὸς
695 2542 739 2569 τὸν
753 2542 877 2578 Ἀϐραὰμ
888 2543 958 2570 κατὰ

173 2590 262 2624 σάρκα
284 2589 444 2624 συγγενείας
471 2589 549 2624 χάριν
573 2589 685 2625 ἔμελλον
711 2588 956 2624 εὐλογηθήσεσθαι;

178 2635 246 2662 Ἀλλ’
262 2635 323 2668 οὑδὲ
340 2635 389 2671 τῆς
407 2635 477 2665 κατὰ
490 2634 577 2670 ψυχὴν
595 2635 718 2668 εὐλογίας
729 2635 801 2667 εἰκὸς
815 2633 848 2671 ἦν
865 2643 959 2662 κοινω-

172 2682 264 2716 νήσειν
286 2681 325 2717 τῷ
347 2680 472 2716 Ἀϐραὰμ
489 2680 576 2707 πάντα
594 2681 628 2707 τὰ
649 2680 722 2715 ἔθνη.
744 2680 805 2712 Πῶς
822 2681 891 2716 γάρ;
914 2681 957 2707 ὅτε

172 2727 206 2753 τὰ
223 2727 272 2762 μὲν
284 2727 374 2754 αὐτῶν
385 2726 531 2766 ἐκθέσμοις
549 2726 747 2762 μητρογαμίαις
764 2727 812 2753 καὶ
828 2726 958 2763 θυγατρο-

173 2773 291 2808 μιξίαις,
317 2773 352 2800 τὰ
376 2773 398 2800 δ’
421 2773 579 2804 ἀκολάστοις
605 2773 721 2808 ὁμιλίαις
745 2773 866 2809 ἀρρένων
890 2773 958 2809 πρὸς

170 2820 289 2857 ἄρρενας
305 2820 469 2856 ἀνεφύρετο,
484 2818 517 2845 τὰ
535 2819 564 2845 δὲ
585 2818 632 2853 τὴν
648 2818 786 2846 εὐσέϐειαν
804 2821 833 2846 ὲν
854 2818 957 2855 ἀνθρω-

205 2920 215 2935 ¹
234 2919 304 2948 Gen.
332 2926 381 2947 xu.
404 2916 459 2944 1-5.
515 2916 524 2932 ³
545 2915 612 2944 Gen.
633 2924 710 2948 xvnt.
728 2917 771 2944 ΓΙ.

1010 2314 1093 2345 tione,
1110 2321 1198 2348 neque
1223 2313 1385 2351 cognatione
1413 2311 1556 2346 corporis?
1573 2309 1639 2338 Nam
1661 2310 1734 2345 quod
1758 2309 1791 2336 ad

1009 2358 1131 2394 corporis
1146 2359 1333 2394 cognationem
1350 2358 1456 2389 attinet,
1469 2364 1592 2392 quaenam
1603 2363 1706 2390 quaeso,
1728 2363 1790 2382 cum

1009 2403 1163 2431 Abrahamo
1189 2402 1330 2430 intercedit
1357 2401 1545 2436 propinquitas
1561 2419 1568 2433 ,
1596 2398 1704 2434 Scythis
1717 2397 1791 2424 rerhi

1009 2451 1097 2486 gratia
1112 2451 1152 2478 vel
1164 2450 1309 2485 Egyptiis,
1328 2454 1374 2477 aut
1385 2448 1572 2483 Ethiopibus,
1589 2447 1672 2478 indis,
1685 2447 1792 2474 Britam

1009 2497 1052 2524 nis
1067 2496 1107 2523 vel
1125 2495 1268 2530 Hispanis?
1295 2499 1341 2521 aut
1364 2495 1501 2529 quomodo
1516 2493 1557 2520 ha:
1570 2495 1663 2527 gentes
1688 2491 1732 2518 vel
1757 2491 1791 2518 ab

1008 2543 1052 2571 his
1066 2543 1146 2570 etiam
1158 2542 1328 2574 remotiores,
1354 2539 1544 2568 benedicendze
1559 2538 1668 2565 fuerunt
1680 2540 1791 2571 propter

1008 2588 1195 2622 cognationem
1208 2594 1269 2613 cum
1287 2584 1452 2615 Abrahamo,
1469 2582 1541 2618 quod
1557 2581 1589 2608 ad
1601 2587 1709 2608 carnem
1729 2587 1792 2614 per-

1008 2634 1092 2664 tinet?
1106 2632 1159 2661 Sed
1171 2639 1258 2666 neque
1272 2630 1343 2666 quod
1363 2629 1396 2656 ad
1420 2629 1573 2656 animorum
1588 2626 1789 2661 cognationem.

1008 2683 1066 2707 erat
1082 2685 1236 2713 congruens
1250 2680 1343 2712 gentes
1358 2682 1453 2702 omnes
1469 2673 1502 2701 de
1518 2672 1705 2700 benedictione
1715 2678 1792 2698 com—

1008 2725 1083 2752 muni
1098 2731 1160 2751 cnm
1184 2723 1338 2750 Ahrahamo
1352 2720 1525 2755 participare.
1547 2718 1598 2750 Qui
1618 2716 1712 2744 enim?
1727 2722 1788 2742 cum

1009 2770 1067 2798 alia:
1081 2769 1213 2797 nefandas
1227 2772 1343 2795 matrum
1358 2765 1469 2800 nuptias
1482 2765 1523 2792 vel
1548 2763 1664 2791 tiliarum
1688 2768 1791 2790 concu-

1007 2817 1080 2849 bitus
1092 2815 1246 2853 probarentI
1269 2814 1327 2842 alia:
1345 2813 1499 2850 polluerunt
1516 2817 1576 2838 sese
1599 2809 1702 2836 incesta
1716 2814 1788 2834 utare
