  <div class='ocr_page' id='page_1' title='image "/cluster/home/n/w/nwhite01/storage/ocr_20150623/22/njp.32101077772497/021.png"; bbox 0 0 2053 3218; ppageno 0'>
   <div class='ocr_carea' id='block_1_1' title="bbox 266 167 1890 207">
    <p class='ocr_par' dir='ltr' id='par_1_1' title="bbox 266 167 1890 207">
     <span class='ocr_line' id='line_1_1' title="bbox 266 167 1890 207; baseline 0.01 -14"><span class='ocrx_word' id='word_1_1' title='bbox 266 167 301 194; x_wconf 72' lang='grc'><strong>27</strong></span> <span class='ocrx_word' id='word_1_2' title='bbox 581 169 715 198; x_wconf 85' lang='lat' dir='ltr'><strong>EUSEBll</strong></span> <span class='ocrx_word' id='word_1_3' title='bbox 732 173 972 201; x_wconf 63' lang='lat' dir='ltr'><strong>CIESABIENSIS</strong></span> <span class='ocrx_word' id='word_1_4' title='bbox 991 174 1066 203; x_wconf 86' lang='lat' dir='ltr'><strong>OPP.</strong></span> <span class='ocrx_word' id='word_1_5' title='bbox 1087 175 1180 204; x_wconf 78' lang='lat' dir='ltr'><strong>PARS</strong></span> <span class='ocrx_word' id='word_1_6' title='bbox 1199 177 1231 204; x_wconf 89' lang='lat' dir='ltr'><strong>ll.</strong></span> <span class='ocrx_word' id='word_1_7' title='bbox 1248 193 1284 198; x_wconf 90' lang='lat'><strong>--</strong></span> <span class='ocrx_word' id='word_1_8' title='bbox 1303 176 1558 207; x_wconf 75' lang='lat' dir='ltr'><strong>APOLOGETICA.</strong></span> <span class='ocrx_word' id='word_1_9' title='bbox 1853 181 1890 206; x_wconf 68' lang='grc'><strong>28</strong></span> 
     </span>
    </p>
   </div>
   <div class='ocr_carea' id='block_1_2' title="bbox 266 227 1044 271">
    <p class='ocr_par' dir='ltr' id='par_1_2' title="bbox 266 227 1044 260">
     <span class='ocr_line' id='line_1_2' title="bbox 266 227 1044 260; baseline 0.01 -8"><span class='ocrx_word' id='word_1_10' title='bbox 266 233 328 253; x_wconf 72' lang='lat' dir='ltr'><strong>cum</strong></span> <span class='ocrx_word' id='word_1_11' title='bbox 345 227 466 254; x_wconf 80' lang='lat' dir='ltr'><strong>maribus</strong></span> <span class='ocrx_word' id='word_1_12' title='bbox 481 227 594 257; x_wconf 84' lang='lat' dir='ltr'><strong>libidine</strong></span> <span class='ocrx_word' id='word_1_13' title='bbox 612 238 619 256; x_wconf 86' lang='lat'>:</span> <span class='ocrx_word' id='word_1_14' title='bbox 637 230 682 256; x_wconf 92' lang='lat' dir='ltr'><strong>alii</strong></span> <span class='ocrx_word' id='word_1_15' title='bbox 700 231 803 258; x_wconf 85' lang='lat' dir='ltr'><strong>cultum</strong></span> <span class='ocrx_word' id='word_1_16' title='bbox 819 230 945 259; x_wconf 85' lang='lat' dir='ltr'><strong>Numinis</strong></span> <span class='ocrx_word' id='word_1_17' title='bbox 960 231 987 259; x_wconf 89' lang='lat' dir='ltr'><strong>in</strong></span> <span class='ocrx_word' id='word_1_18' title='bbox 999 233 1044 260; x_wconf 85' lang='lat' dir='ltr'><strong>ho-</strong></span> 
     </span>
    </p>
   </div>
   <div class='ocr_carea' id='block_1_3' title="bbox 1096 227 1888 271">
    <p class='ocr_par' dir='ltr' id='par_1_3' title="bbox 1102 235 1888 271">
     <span class='ocr_line' id='line_1_3' title="bbox 1102 235 1888 271; baseline 0.001 -10"><span class='ocrx_word' id='word_1_19' title='bbox 1102 235 1253 268; x_wconf 79' lang='grc' dir='ltr'>ποθυσίαις,</span> <span class='ocrx_word' id='word_1_20' title='bbox 1271 237 1318 263; x_wconf 77' lang='grc' dir='ltr'>καὶ</span> <span class='ocrx_word' id='word_1_21' title='bbox 1339 236 1415 268; x_wconf 80' lang='grc' dir='ltr'>ζώων</span> <span class='ocrx_word' id='word_1_22' title='bbox 1433 237 1537 271; x_wconf 79' lang='grc' dir='ltr'><strong>ἀλόγων</strong></span> <span class='ocrx_word' id='word_1_23' title='bbox 1550 236 1719 268; x_wconf 82' lang='grc' dir='ltr'>θεοποιίαις,</span> <span class='ocrx_word' id='word_1_24' title='bbox 1737 235 1841 270; x_wconf 64' lang='grc' dir='ltr'>ἀψύχου</span> <span class='ocrx_word' id='word_1_25' title='bbox 1859 244 1888 262; x_wconf 75' lang='grc' dir='ltr'><strong>τε</strong></span> 
     </span>
    </p>
   </div>
   <div class='ocr_carea' id='block_1_4' title="bbox 267 272 1052 306">
    <p class='ocr_par' dir='ltr' id='par_1_4' title="bbox 267 272 1052 306">
     <span class='ocr_line' id='line_1_4' title="bbox 267 272 1052 306; baseline 0.009 -8"><span class='ocrx_word' id='word_1_26' title='bbox 267 272 580 305; x_wconf 83' lang='lat' dir='ltr'><strong>minibusimmolandis,</strong></span> <span class='ocrx_word' id='word_1_27' title='bbox 599 275 640 301; x_wconf 89' lang='lat' dir='ltr'><strong>vel</strong></span> <span class='ocrx_word' id='word_1_28' title='bbox 665 275 755 302; x_wconf 86' lang='lat' dir='ltr'><strong>divina</strong></span> <span class='ocrx_word' id='word_1_29' title='bbox 775 276 951 304; x_wconf 81' lang='lat' dir='ltr'><strong>veneratione</strong></span> <span class='ocrx_word' id='word_1_30' title='bbox 965 277 1052 306; x_wconf 89' lang='lat' dir='ltr'><strong>brutis</strong></span> 
     </span>
    </p>
   </div>
   <div class='ocr_carea' id='block_1_5' title="bbox 266 318 1053 352">
    <p class='ocr_par' dir='ltr' id='par_1_5' title="bbox 266 318 1053 352">
     <span class='ocr_line' id='line_1_5' title="bbox 266 318 1053 352; baseline 0.009 -9"><span class='ocrx_word' id='word_1_31' title='bbox 266 318 451 345; x_wconf 71' lang='lat' dir='ltr'><strong>animantibus</strong></span> <span class='ocrx_word' id='word_1_32' title='bbox 466 323 513 345; x_wconf 86' lang='lat' dir='ltr'><strong>aut</strong></span> <span class='ocrx_word' id='word_1_33' title='bbox 540 319 632 352; x_wconf 86' lang='lat' dir='ltr'><strong>idolis,</strong></span> <span class='ocrx_word' id='word_1_34' title='bbox 651 328 689 347; x_wconf 78' lang='lat' dir='ltr'><strong>ex.</strong></span> <span class='ocrx_word' id='word_1_35' title='bbox 701 321 819 347; x_wconf 87' lang='lat' dir='ltr'><strong>inanitna</strong></span> <span class='ocrx_word' id='word_1_36' title='bbox 835 322 949 349; x_wconf 75' lang='lat' dir='ltr'><strong>materia</strong></span> <span class='ocrx_word' id='word_1_37' title='bbox 967 322 1053 350; x_wconf 84' lang='lat' dir='ltr'><strong>fabri-</strong></span> 
     </span>
    </p>
   </div>
   <div class='ocr_carea' id='block_1_6' title="bbox 265 363 1052 404">
    <p class='ocr_par' dir='ltr' id='par_1_6' title="bbox 265 363 1052 404">
     <span class='ocr_line' id='line_1_6' title="bbox 265 363 1052 404; baseline 0.009 -15"><span class='ocrx_word' id='word_1_38' title='bbox 265 363 335 391; x_wconf 86' lang='lat' dir='ltr'><strong>catis</strong></span> <span class='ocrx_word' id='word_1_39' title='bbox 344 363 462 390; x_wconf 78' lang='lat' dir='ltr'><strong>exhibita</strong></span> <span class='ocrx_word' id='word_1_40' title='bbox 479 369 623 399; x_wconf 77' lang='lat' dir='ltr'><strong>ponerent,</strong></span> <span class='ocrx_word' id='word_1_41' title='bbox 636 366 678 393; x_wconf 92' lang='lat' dir='ltr'><strong>vel</strong></span> <span class='ocrx_word' id='word_1_42' title='bbox 691 366 717 393; x_wconf 91' lang='lat' dir='ltr'><strong>in</strong></span> <span class='ocrx_word' id='word_1_43' title='bbox 735 367 880 401; x_wconf 80' lang='lat' dir='ltr'><strong>spirituum</strong></span> <span class='ocrx_word' id='word_1_44' title='bbox 895 368 1052 404; x_wconf 86' lang='lat' dir='ltr'><strong>multiplicis</strong></span> 
     </span>
    </p>
   </div>
   <div class='ocr_carea' id='block_1_7' title="bbox 265 411 1054 446">
    <p class='ocr_par' dir='ltr' id='par_1_7' title="bbox 265 411 1054 446">
     <span class='ocr_line' id='line_1_7' title="bbox 265 411 1054 446; baseline 0.005 -8"><span class='ocrx_word' id='word_1_45' title='bbox 265 411 368 438; x_wconf 87' lang='lat' dir='ltr'><strong>erroris</strong></span> <span class='ocrx_word' id='word_1_46' title='bbox 383 414 523 438; x_wconf 88' lang='lat' dir='ltr'><strong>auctorum</strong></span> <span class='ocrx_word' id='word_1_47' title='bbox 542 413 782 446; x_wconf 86' lang='lat' dir='ltr'><strong>superstitionibus</strong></span> <span class='ocrx_word' id='word_1_48' title='bbox 794 414 962 442; x_wconf 87' lang='lat' dir='ltr'><strong>collocarent</strong></span> <span class='ocrx_word' id='word_1_49' title='bbox 974 423 980 441; x_wconf 90' lang='lat'><strong><em>:</em></strong></span> <span class='ocrx_word' id='word_1_50' title='bbox 994 415 1054 442; x_wconf 67' lang='lat' dir='ltr'><strong>alim</strong></span> 
     </span>
    </p>
   </div>
   <div class='ocr_carea' id='block_1_8' title="bbox 266 457 1054 493">
    <p class='ocr_par' dir='ltr' id='par_1_8' title="bbox 266 457 1054 493">
     <span class='ocr_line' id='line_1_8' title="bbox 266 457 1054 493; baseline 0.008 -11"><span class='ocrx_word' id='word_1_51' title='bbox 266 457 342 483; x_wconf 87' lang='lat' dir='ltr'><strong>vivos</strong></span> <span class='ocrx_word' id='word_1_52' title='bbox 355 461 500 483; x_wconf 80' lang='lat' dir='ltr'><strong>exurerent</strong></span> <span class='ocrx_word' id='word_1_53' title='bbox 513 462 591 484; x_wconf 66' lang='lat' dir='ltr'><strong>aelate</strong></span> <span class='ocrx_word' id='word_1_54' title='bbox 607 459 804 493; x_wconf 79' lang='lat' dir='ltr'><strong>provectiores,</strong></span> <span class='ocrx_word' id='word_1_55' title='bbox 825 460 883 487; x_wconf 78' lang='lat' dir='ltr'><strong>alia:</strong></span> <span class='ocrx_word' id='word_1_56' title='bbox 896 461 977 487; x_wconf 92' lang='lat' dir='ltr'><strong>etiam</strong></span> <span class='ocrx_word' id='word_1_57' title='bbox 988 461 1054 488; x_wconf 90' lang='lat' dir='ltr'><strong>clta-</strong></span> 
     </span>
    </p>
   </div>
   <div class='ocr_carea' id='block_1_9' title="bbox 266 502 1052 538">
    <p class='ocr_par' dir='ltr' id='par_1_9' title="bbox 266 502 1052 538">
     <span class='ocr_line' id='line_1_9' title="bbox 266 502 1052 538; baseline 0.006 -9"><span class='ocrx_word' id='word_1_58' title='bbox 266 502 391 530; x_wconf 84' lang='lat' dir='ltr'><strong>rissimos</strong></span> <span class='ocrx_word' id='word_1_59' title='bbox 403 510 456 529; x_wconf 85' lang='lat' dir='ltr'><strong>non</strong></span> <span class='ocrx_word' id='word_1_60' title='bbox 473 503 628 531; x_wconf 78' lang='lat' dir='ltr'><strong>dubitarent</strong></span> <span class='ocrx_word' id='word_1_61' title='bbox 646 504 764 532; x_wconf 83' lang='lat' dir='ltr'><strong>flammis</strong></span> <span class='ocrx_word' id='word_1_62' title='bbox 791 506 911 538; x_wconf 89' lang='lat' dir='ltr'><strong>tradere,</strong></span> <span class='ocrx_word' id='word_1_63' title='bbox 924 507 983 534; x_wconf 70' lang='lat' dir='ltr'><strong>aliae</strong></span> <span class='ocrx_word' id='word_1_64' title='bbox 998 507 1052 534; x_wconf 89' lang='lat' dir='ltr'><strong>vita</strong></span> 
     </span>
    </p>
   </div>
   <div class='ocr_carea' id='block_1_10' title="bbox 266 548 1053 586">
    <p class='ocr_par' dir='ltr' id='par_1_10' title="bbox 266 548 1053 586">
     <span class='ocr_line' id='line_1_10' title="bbox 266 548 1053 586; baseline 0.008 -12"><span class='ocrx_word' id='word_1_65' title='bbox 266 548 444 582; x_wconf 84' lang='lat' dir='ltr'><strong>spoliatorum</strong></span> <span class='ocrx_word' id='word_1_66' title='bbox 463 549 535 576; x_wconf 81' lang='lat' dir='ltr'><strong>vesci</strong></span> <span class='ocrx_word' id='word_1_67' title='bbox 552 550 682 577; x_wconf 84' lang='lat' dir='ltr'><strong>carnibus</strong></span> <span class='ocrx_word' id='word_1_68' title='bbox 700 551 842 585; x_wconf 84' lang='lat' dir='ltr'><strong>pulchrum</strong></span> <span class='ocrx_word' id='word_1_69' title='bbox 866 556 892 578; x_wconf 92' lang='lat' dir='ltr'><strong>et</strong></span> <span class='ocrx_word' id='word_1_70' title='bbox 902 552 976 586; x_wconf 90' lang='lat' dir='ltr'><strong>pium</strong></span> <span class='ocrx_word' id='word_1_71' title='bbox 993 560 1053 580; x_wconf 85' lang='lat' dir='ltr'><strong>esse</strong></span> 
     </span>
    </p>
   </div>
   <div class='ocr_carea' id='block_1_11' title="bbox 265 595 1052 632">
    <p class='ocr_par' dir='ltr' id='par_1_11' title="bbox 265 595 1052 632">
     <span class='ocr_line' id='line_1_11' title="bbox 265 595 1052 632; baseline 0.006 -12"><span class='ocrx_word' id='word_1_72' title='bbox 265 595 462 622; x_wconf 76' lang='lat' dir='ltr'><strong>existimarent.</strong></span> <span class='ocrx_word' id='word_1_73' title='bbox 480 595 622 628; x_wconf 87' lang='lat' dir='ltr'><strong>Quomodo</strong></span> <span class='ocrx_word' id='word_1_74' title='bbox 636 596 772 630; x_wconf 78' lang='lat' dir='ltr'><strong>igitureos</strong></span> <span class='ocrx_word' id='word_1_75' title='bbox 781 598 826 632; x_wconf 87' lang='lat' dir='ltr'><strong>qui</strong></span> <span class='ocrx_word' id='word_1_76' title='bbox 841 601 894 624; x_wconf 86' lang='lat' dir='ltr'><strong>tant</strong></span> <span class='ocrx_word' id='word_1_77' title='bbox 907 598 1052 626; x_wconf 90' lang='lat' dir='ltr'><strong>belluinam</strong></span> 
     </span>
    </p>
   </div>
   <div class='ocr_carea' id='block_1_12' title="bbox 265 639 1052 673">
    <p class='ocr_par' dir='ltr' id='par_1_12' title="bbox 265 639 1052 673">
     <span class='ocr_line' id='line_1_12' title="bbox 265 639 1052 673; baseline 0.005 -7"><span class='ocrx_word' id='word_1_78' title='bbox 265 639 398 667; x_wconf 73' lang='lat' dir='ltr'><strong>ducerent</strong></span> <span class='ocrx_word' id='word_1_79' title='bbox 410 641 502 673; x_wconf 88' lang='lat' dir='ltr'><strong>vitam,</strong></span> <span class='ocrx_word' id='word_1_80' title='bbox 523 647 736 669; x_wconf 81' lang='lat' dir='ltr'><strong>consentaneum</strong></span> <span class='ocrx_word' id='word_1_81' title='bbox 767 648 827 670; x_wconf 89' lang='lat' dir='ltr'><strong>erat</strong></span> <span class='ocrx_word' id='word_1_82' title='bbox 855 644 1052 672; x_wconf 88' lang='lat' dir='ltr'><strong>benedictionis</strong></span> 
     </span>
    </p>
   </div>
   <div class='ocr_carea' id='block_1_13' title="bbox 264 684 1050 724">
    <p class='ocr_par' dir='ltr' id='par_1_13' title="bbox 264 684 1050 724">
     <span class='ocr_line' id='line_1_13' title="bbox 264 684 1050 724; baseline 0.009 -14"><span class='ocrx_word' id='word_1_83' title='bbox 264 684 316 711; x_wconf 75' lang='lat' dir='ltr'><strong>vi‘ri</strong></span> <span class='ocrx_word' id='word_1_84' title='bbox 333 684 386 712; x_wconf 85' lang='lat' dir='ltr'><strong>Deo</strong></span> <span class='ocrx_word' id='word_1_85' title='bbox 399 685 553 713; x_wconf 87' lang='lat' dir='ltr'><strong>cltarissimi</strong></span> <span class='ocrx_word' id='word_1_86' title='bbox 571 686 627 713; x_wconf 79' lang='lat' dir='ltr'><strong>fieri</strong></span> <span class='ocrx_word' id='word_1_87' title='bbox 640 692 792 720; x_wconf 76' lang='lat' dir='ltr'><strong>consortes,</strong></span> <span class='ocrx_word' id='word_1_88' title='bbox 807 689 860 716; x_wconf 79' lang='lat' dir='ltr'><strong>nisi</strong></span> <span class='ocrx_word' id='word_1_89' title='bbox 883 690 976 724; x_wconf 84' lang='lat' dir='ltr'><strong>utique</strong></span> <span class='ocrx_word' id='word_1_90' title='bbox 997 690 1050 718; x_wconf 83' lang='lat' dir='ltr'><strong>bel-</strong></span> 
     </span>
    </p>
   </div>
   <div class='ocr_carea' id='block_1_14' title="bbox 264 731 1052 766">
    <p class='ocr_par' dir='ltr' id='par_1_14' title="bbox 264 731 1052 766">
     <span class='ocr_line' id='line_1_14' title="bbox 264 731 1052 766; baseline 0.009 -9"><span class='ocrx_word' id='word_1_91' title='bbox 264 731 339 758; x_wconf 90' lang='lat' dir='ltr'><strong>luina</strong></span> <span class='ocrx_word' id='word_1_92' title='bbox 359 731 404 758; x_wconf 86' lang='lat' dir='ltr'><strong>illa</strong></span> <span class='ocrx_word' id='word_1_93' title='bbox 417 731 472 758; x_wconf 87' lang='lat' dir='ltr'><strong>vita</strong></span> <span class='ocrx_word' id='word_1_94' title='bbox 492 732 597 766; x_wconf 55' lang='lat' dir='ltr'><strong>abiecta</strong></span> <span class='ocrx_word' id='word_1_95' title='bbox 622 736 649 760; x_wconf 94' lang='lat' dir='ltr'><strong>et</strong></span> <span class='ocrx_word' id='word_1_96' title='bbox 662 734 766 765; x_wconf 80' lang='lat' dir='ltr'><strong>relicta,</strong></span> <span class='ocrx_word' id='word_1_97' title='bbox 780 736 951 763; x_wconf 88' lang='lat' dir='ltr'><strong>eonsitnilem</strong></span> <span class='ocrx_word' id='word_1_98' title='bbox 968 736 1052 764; x_wconf 84' lang='lat' dir='ltr'><strong>Abra-</strong></span> 
     </span>
    </p>
   </div>
   <div class='ocr_carea' id='block_1_15' title="bbox 263 776 1052 815">
    <p class='ocr_par' dir='ltr' id='par_1_15' title="bbox 263 776 1052 815">
     <span class='ocr_line' id='line_1_15' title="bbox 263 776 1052 815; baseline 0.009 -13"><span class='ocrx_word' id='word_1_99' title='bbox 263 776 345 803; x_wconf 87' lang='lat' dir='ltr'><strong>bamo</strong></span> <span class='ocrx_word' id='word_1_100' title='bbox 359 777 485 811; x_wconf 78' lang='lat' dir='ltr'><strong>pietatem</strong></span> <span class='ocrx_word' id='word_1_101' title='bbox 498 777 645 811; x_wconf 84' lang='lat' dir='ltr'><strong>aliquando</strong></span> <span class='ocrx_word' id='word_1_102' title='bbox 660 784 752 806; x_wconf 83' lang='lat' dir='ltr'><strong>essent</strong></span> <span class='ocrx_word' id='word_1_103' title='bbox 763 781 931 815; x_wconf 74' lang='lat' dir='ltr'><strong>amplexuri?</strong></span> <span class='ocrx_word' id='word_1_104' title='bbox 946 781 1012 809; x_wconf 71' lang='lat' dir='ltr'><strong>Nam</strong></span> <span class='ocrx_word' id='word_1_105' title='bbox 1025 788 1052 810; x_wconf 86' lang='lat' dir='ltr'><strong>et</strong></span> 
     </span>
    </p>
   </div>
   <div class='ocr_carea' id='block_1_16' title="bbox 264 822 1051 863">
    <p class='ocr_par' dir='ltr' id='par_1_16' title="bbox 264 822 1051 863">
     <span class='ocr_line' id='line_1_16' title="bbox 264 822 1051 863; baseline 0.01 -15"><span class='ocrx_word' id='word_1_106' title='bbox 264 822 310 850; x_wconf 84' lang='lat' dir='ltr'><strong>ille</strong></span> <span class='ocrx_word' id='word_1_107' title='bbox 327 823 478 857; x_wconf 77' lang='lat' dir='ltr'><strong>alienigena</strong></span> <span class='ocrx_word' id='word_1_108' title='bbox 492 827 519 850; x_wconf 89' lang='lat' dir='ltr'><strong>et</strong></span> <span class='ocrx_word' id='word_1_109' title='bbox 537 825 643 851; x_wconf 88' lang='lat' dir='ltr'><strong>alienus</strong></span> <span class='ocrx_word' id='word_1_110' title='bbox 659 825 817 859; x_wconf 85' lang='lat' dir='ltr'><strong>perhibetur</strong></span> <span class='ocrx_word' id='word_1_111' title='bbox 840 828 874 854; x_wconf 91' lang='lat' dir='ltr'><strong>ad</strong></span> <span class='ocrx_word' id='word_1_112' title='bbox 892 835 952 855; x_wconf 89' lang='lat' dir='ltr'><strong>eam</strong></span> <span class='ocrx_word' id='word_1_113' title='bbox 969 837 1051 863; x_wconf 85' lang='lat' dir='ltr'><strong>quam</strong></span> 
     </span>
    </p>
   </div>
   <div class='ocr_carea' id='block_1_17' title="bbox 263 866 1051 910">
    <p class='ocr_par' dir='ltr' id='par_1_17' title="bbox 263 866 1051 910">
     <span class='ocr_line' id='line_1_17' title="bbox 263 866 1051 910; baseline 0.011 -17"><span class='ocrx_word' id='word_1_114' title='bbox 263 866 361 894; x_wconf 90' lang='lat' dir='ltr'><strong>deinde</strong></span> <span class='ocrx_word' id='word_1_115' title='bbox 373 868 514 902; x_wconf 84' lang='lat' dir='ltr'><strong>professus</strong></span> <span class='ocrx_word' id='word_1_116' title='bbox 522 874 563 896; x_wconf 90' lang='lat' dir='ltr'><strong>est</strong></span> <span class='ocrx_word' id='word_1_117' title='bbox 576 871 719 898; x_wconf 85' lang='lat' dir='ltr'><strong>transiisse</strong></span> <span class='ocrx_word' id='word_1_118' title='bbox 737 872 875 906; x_wconf 86' lang='lat' dir='ltr'><strong>pietatem,</strong></span> <span class='ocrx_word' id='word_1_119' title='bbox 897 874 1051 910; x_wconf 82' lang='lat' dir='ltr'><strong>avitamque</strong></span> 
     </span>
    </p>
   </div>
   <div class='ocr_carea' id='block_1_18' title="bbox 264 914 1050 954">
    <p class='ocr_par' dir='ltr' id='par_1_18' title="bbox 264 914 1050 954">
     <span class='ocr_line' id='line_1_18' title="bbox 264 914 1050 954; baseline 0.009 -14"><span class='ocrx_word' id='word_1_120' title='bbox 264 914 485 948; x_wconf 75' lang='lat' dir='ltr'><strong>superstitionem</strong></span> <span class='ocrx_word' id='word_1_121' title='bbox 514 915 681 948; x_wconf 84' lang='lat' dir='ltr'><strong>deseruisse,</strong></span> <span class='ocrx_word' id='word_1_122' title='bbox 713 917 834 949; x_wconf 88' lang='lat' dir='ltr'><strong>domum,</strong></span> <span class='ocrx_word' id='word_1_123' title='bbox 848 921 1050 954; x_wconf 82' lang='lat' dir='ltr'><strong>cognationem,</strong></span> 
     </span>
    </p>
   </div>
   <div class='ocr_carea' id='block_1_19' title="bbox 263 960 1050 998">
    <p class='ocr_par' dir='ltr' id='par_1_19' title="bbox 263 960 1050 998">
     <span class='ocr_line' id='line_1_19' title="bbox 263 960 1050 998; baseline 0.009 -12"><span class='ocrx_word' id='word_1_124' title='bbox 263 967 354 987; x_wconf 87' lang='lat' dir='ltr'><strong>mores</strong></span> <span class='ocrx_word' id='word_1_125' title='bbox 369 960 473 994; x_wconf 82' lang='lat' dir='ltr'><strong>patrios</strong></span> <span class='ocrx_word' id='word_1_126' title='bbox 487 965 513 987; x_wconf 86' lang='lat' dir='ltr'><strong>et</strong></span> <span class='ocrx_word' id='word_1_127' title='bbox 526 962 596 993; x_wconf 69' lang='lat' dir='ltr'><strong>vitre,</strong></span> <span class='ocrx_word' id='word_1_128' title='bbox 622 962 650 988; x_wconf 91' lang='lat' dir='ltr'><strong>in</strong></span> <span class='ocrx_word' id='word_1_129' title='bbox 678 970 731 997; x_wconf 88' lang='lat' dir='ltr'><strong>qua</strong></span> <span class='ocrx_word' id='word_1_130' title='bbox 756 964 864 998; x_wconf 83' lang='lat' dir='ltr'><strong>genitus</strong></span> <span class='ocrx_word' id='word_1_131' title='bbox 878 969 946 997; x_wconf 87' lang='lat' dir='ltr'><strong>erat,</strong></span> <span class='ocrx_word' id='word_1_132' title='bbox 967 966 1050 993; x_wconf 81' lang='lat' dir='ltr'><strong>ratio-</strong></span> 
     </span>
    </p>
   </div>
   <div class='ocr_carea' id='block_1_20' title="bbox 263 1006 1048 1046">
    <p class='ocr_par' dir='ltr' id='par_1_20' title="bbox 263 1006 1048 1046">
     <span class='ocr_line' id='line_1_20' title="bbox 263 1006 1048 1046; baseline 0.011 -15"><span class='ocrx_word' id='word_1_133' title='bbox 263 1013 326 1033; x_wconf 88' lang='lat' dir='ltr'><strong>nem</strong></span> <span class='ocrx_word' id='word_1_134' title='bbox 349 1006 460 1033; x_wconf 86' lang='lat' dir='ltr'><strong>missam</strong></span> <span class='ocrx_word' id='word_1_135' title='bbox 477 1006 591 1040; x_wconf 79' lang='lat' dir='ltr'><strong>fecisse;</strong></span> <span class='ocrx_word' id='word_1_136' title='bbox 619 1008 672 1036; x_wconf 77' lang='lat' dir='ltr'><strong>Deo</strong></span> <span class='ocrx_word' id='word_1_137' title='bbox 695 1015 784 1036; x_wconf 86' lang='lat' dir='ltr'><strong>autem</strong></span> <span class='ocrx_word' id='word_1_138' title='bbox 812 1018 874 1038; x_wconf 85' lang='lat' dir='ltr'><strong>esse</strong></span> <span class='ocrx_word' id='word_1_139' title='bbox 891 1011 1048 1046; x_wconf 83' lang='lat' dir='ltr'><strong>obsecutus,</strong></span> 
     </span>
    </p>
   </div>
   <div class='ocr_carea' id='block_1_21' title="bbox 261 1052 1051 1093">
    <p class='ocr_par' dir='ltr' id='par_1_21' title="bbox 261 1052 1051 1093">
     <span class='ocr_line' id='line_1_21' title="bbox 261 1052 1051 1093; baseline 0.011 -16"><span class='ocrx_word' id='word_1_140' title='bbox 261 1052 308 1086; x_wconf 85' lang='lat' dir='ltr'><strong>qui</strong></span> <span class='ocrx_word' id='word_1_141' title='bbox 322 1054 402 1078; x_wconf 87' lang='lat' dir='ltr'><strong>etiam</strong></span> <span class='ocrx_word' id='word_1_142' title='bbox 418 1054 527 1079; x_wconf 85' lang='lat' dir='ltr'><strong>oracula</strong></span> <span class='ocrx_word' id='word_1_143' title='bbox 542 1054 652 1088; x_wconf 81' lang='lat' dir='ltr'><strong>scriptis</strong></span> <span class='ocrx_word' id='word_1_144' title='bbox 664 1055 770 1089; x_wconf 89' lang='lat' dir='ltr'><strong>prodita</strong></span> <span class='ocrx_word' id='word_1_145' title='bbox 789 1057 826 1084; x_wconf 91' lang='lat' dir='ltr'><strong>illi</strong></span> <span class='ocrx_word' id='word_1_146' title='bbox 843 1057 939 1084; x_wconf 88' lang='lat' dir='ltr'><strong>edidit.</strong></span> <span class='ocrx_word' id='word_1_147' title='bbox 956 1059 984 1085; x_wconf 86' lang='lat' dir='ltr'><strong>Si</strong></span> <span class='ocrx_word' id='word_1_148' title='bbox 1000 1059 1051 1093; x_wconf 81' lang='lat' dir='ltr'><strong>igi-</strong></span> 
     </span>
    </p>
   </div>
   <div class='ocr_carea' id='block_1_22' title="bbox 260 1097 1050 1135">
    <p class='ocr_par' dir='ltr' id='par_1_22' title="bbox 260 1097 1050 1135">
     <span class='ocr_line' id='line_1_22' title="bbox 260 1097 1050 1135; baseline 0.011 -11"><span class='ocrx_word' id='word_1_149' title='bbox 260 1101 306 1124; x_wconf 86' lang='lat' dir='ltr'><strong>tur</strong></span> <span class='ocrx_word' id='word_1_150' title='bbox 321 1097 407 1126; x_wconf 83' lang='lat' dir='ltr'><strong>Moses</strong></span> <span class='ocrx_word' id='word_1_151' title='bbox 434 1099 479 1133; x_wconf 90' lang='lat' dir='ltr'><strong>qui</strong></span> <span class='ocrx_word' id='word_1_152' title='bbox 498 1105 559 1133; x_wconf 89' lang='lat' dir='ltr'><strong>post</strong></span> <span class='ocrx_word' id='word_1_153' title='bbox 584 1100 770 1129; x_wconf 82' lang='lat' dir='ltr'><strong>Abrahamum</strong></span> <span class='ocrx_word' id='word_1_154' title='bbox 795 1104 911 1135; x_wconf 83' lang='lat' dir='ltr'><strong>exstitit,</strong></span> <span class='ocrx_word' id='word_1_155' title='bbox 938 1109 964 1132; x_wconf 89' lang='lat' dir='ltr'><strong>et</strong></span> <span class='ocrx_word' id='word_1_156' title='bbox 978 1113 1050 1133; x_wconf 68' lang='lat' dir='ltr'><strong>rom-</strong></span> 
     </span>
    </p>
   </div>
   <div class='ocr_carea' id='block_1_23' title="bbox 260 1144 1048 1184">
    <p class='ocr_par' dir='ltr' id='par_1_23' title="bbox 260 1144 1048 1184">
     <span class='ocr_line' id='line_1_23' title="bbox 260 1144 1048 1184; baseline 0.01 -15"><span class='ocrx_word' id='word_1_157' title='bbox 260 1144 395 1179; x_wconf 66' lang='lat' dir='ltr'><strong>pudilicatn</strong></span> <span class='ocrx_word' id='word_1_158' title='bbox 428 1152 476 1179; x_wconf 90' lang='lat' dir='ltr'><strong>per</strong></span> <span class='ocrx_word' id='word_1_159' title='bbox 498 1146 684 1180; x_wconf 81' lang='lat' dir='ltr'><strong>promulgatas</strong></span> <span class='ocrx_word' id='word_1_160' title='bbox 710 1155 725 1174; x_wconf 85' lang='lat' dir='ltr'><strong>a</strong></span> <span class='ocrx_word' id='word_1_161' title='bbox 749 1156 778 1175; x_wconf 89' lang='lat' dir='ltr'><strong>se</strong></span> <span class='ocrx_word' id='word_1_162' title='bbox 799 1148 872 1184; x_wconf 82' lang='lat' dir='ltr'><strong>leges</strong></span> <span class='ocrx_word' id='word_1_163' title='bbox 891 1149 1048 1177; x_wconf 70' lang='lat' dir='ltr'><strong>Judteorum</strong></span> 
     </span>
    </p>
   </div>
   <div class='ocr_carea' id='block_1_24' title="bbox 259 1190 1048 1231">
    <p class='ocr_par' dir='ltr' id='par_1_24' title="bbox 259 1190 1048 1231">
     <span class='ocr_line' id='line_1_24' title="bbox 259 1190 1048 1231; baseline 0.01 -16"><span class='ocrx_word' id='word_1_164' title='bbox 259 1190 333 1224; x_wconf 92' lang='lat' dir='ltr'><strong>genti</strong></span> <span class='ocrx_word' id='word_1_165' title='bbox 358 1190 481 1217; x_wconf 83' lang='lat' dir='ltr'><strong>condidit</strong></span> <span class='ocrx_word' id='word_1_166' title='bbox 505 1198 536 1217; x_wconf 82' lang='lat' dir='ltr'><strong>ac</strong></span> <span class='ocrx_word' id='word_1_167' title='bbox 564 1191 697 1225; x_wconf 81' lang='lat' dir='ltr'><strong>fundavit,</strong></span> <span class='ocrx_word' id='word_1_168' title='bbox 712 1194 880 1227; x_wconf 88' lang='lat' dir='ltr'><strong>ejuscemodi</strong></span> <span class='ocrx_word' id='word_1_169' title='bbox 897 1195 969 1231; x_wconf 85' lang='lat' dir='ltr'><strong>leges</strong></span> <span class='ocrx_word' id='word_1_170' title='bbox 985 1204 1048 1224; x_wconf 87' lang='lat' dir='ltr'><strong>san-</strong></span> 
     </span>
    </p>
   </div>
   <div class='ocr_carea' id='block_1_25' title="bbox 260 1235 1048 1276">
    <p class='ocr_par' dir='ltr' id='par_1_25' title="bbox 260 1235 1048 1276">
     <span class='ocr_line' id='line_1_25' title="bbox 260 1235 1048 1276; baseline 0.009 -14"><span class='ocrx_word' id='word_1_171' title='bbox 260 1235 354 1266; x_wconf 76' lang='lat' dir='ltr'><strong>xisset,</strong></span> <span class='ocrx_word' id='word_1_172' title='bbox 372 1243 442 1270; x_wconf 87' lang='lat' dir='ltr'><strong>quas</strong></span> <span class='ocrx_word' id='word_1_173' title='bbox 455 1237 505 1264; x_wconf 86' lang='lat' dir='ltr'><strong>viri</strong></span> <span class='ocrx_word' id='word_1_174' title='bbox 524 1237 579 1265; x_wconf 88' lang='lat' dir='ltr'><strong>Deo</strong></span> <span class='ocrx_word' id='word_1_175' title='bbox 596 1238 671 1265; x_wconf 78' lang='lat' dir='ltr'><strong>cli-ari</strong></span> <span class='ocrx_word' id='word_1_176' title='bbox 691 1244 754 1266; x_wconf 85' lang='lat' dir='ltr'><strong>ante</strong></span> <span class='ocrx_word' id='word_1_177' title='bbox 768 1248 830 1267; x_wconf 88' lang='lat' dir='ltr'><strong>eum</strong></span> <span class='ocrx_word' id='word_1_178' title='bbox 848 1245 923 1268; x_wconf 88' lang='lat' dir='ltr'><strong>recte</strong></span> <span class='ocrx_word' id='word_1_179' title='bbox 943 1242 1048 1276; x_wconf 79' lang='lat' dir='ltr'><strong>agendo</strong></span> 
     </span>
    </p>
   </div>
   <div class='ocr_carea' id='block_1_26' title="bbox 259 1280 1046 1322">
    <p class='ocr_par' dir='ltr' id='par_1_26' title="bbox 259 1280 1046 1322">
     <span class='ocr_line' id='line_1_26' title="bbox 259 1280 1046 1322; baseline 0.011 -16"><span class='ocrx_word' id='word_1_180' title='bbox 259 1280 452 1308; x_wconf 76' lang='lat' dir='ltr'><strong>observassent</strong></span> <span class='ocrx_word' id='word_1_181' title='bbox 462 1302 469 1314; x_wconf 87' lang='lat'><strong>,</strong></span> <span class='ocrx_word' id='word_1_182' title='bbox 492 1287 519 1310; x_wconf 87' lang='lat' dir='ltr'><strong>et</strong></span> <span class='ocrx_word' id='word_1_183' title='bbox 529 1292 589 1315; x_wconf 74' lang='lat' dir='ltr'><strong>qua:</strong></span> <span class='ocrx_word' id='word_1_184' title='bbox 604 1285 732 1312; x_wconf 89' lang='lat' dir='ltr'><strong>omnibus</strong></span> <span class='ocrx_word' id='word_1_185' title='bbox 748 1286 874 1319; x_wconf 75' lang='lat' dir='ltr'><strong>gentibus</strong></span> <span class='ocrx_word' id='word_1_186' title='bbox 886 1295 1046 1322; x_wconf 80' lang='lat' dir='ltr'><strong>congruere,</strong></span> 
     </span>
    </p>
   </div>
   <div class='ocr_carea' id='block_1_27' title="bbox 259 1329 1046 1366">
    <p class='ocr_par' dir='ltr' id='par_1_27' title="bbox 259 1329 1046 1366">
     <span class='ocr_line' id='line_1_27' title="bbox 259 1329 1046 1366; baseline 0.011 -14"><span class='ocrx_word' id='word_1_187' title='bbox 259 1329 290 1353; x_wconf 93' lang='lat' dir='ltr'><strong>ut</strong></span> <span class='ocrx_word' id='word_1_188' title='bbox 300 1333 396 1353; x_wconf 87' lang='lat' dir='ltr'><strong>omnes</strong></span> <span class='ocrx_word' id='word_1_189' title='bbox 410 1329 498 1355; x_wconf 87' lang='lat' dir='ltr'><strong>tribus</strong></span> <span class='ocrx_word' id='word_1_190' title='bbox 521 1333 600 1356; x_wconf 60' lang='lat' dir='ltr'><strong>terra;</strong></span> <span class='ocrx_word' id='word_1_191' title='bbox 624 1333 651 1357; x_wconf 91' lang='lat' dir='ltr'><strong>et</strong></span> <span class='ocrx_word' id='word_1_192' title='bbox 680 1338 774 1357; x_wconf 87' lang='lat' dir='ltr'><strong>omnes</strong></span> <span class='ocrx_word' id='word_1_193' title='bbox 785 1335 880 1366; x_wconf 78' lang='lat' dir='ltr'><strong>gentes</strong></span> <span class='ocrx_word' id='word_1_194' title='bbox 893 1334 1046 1361; x_wconf 90' lang='lat' dir='ltr'><strong>secundum</strong></span> 
     </span>
    </p>
   </div>
   <div class='ocr_carea' id='block_1_28' title="bbox 259 1370 1046 1406">
    <p class='ocr_par' dir='ltr' id='par_1_28' title="bbox 259 1370 1046 1406">
     <span class='ocr_line' id='line_1_28' title="bbox 259 1370 1046 1406; baseline 0.011 -9"><span class='ocrx_word' id='word_1_195' title='bbox 259 1370 343 1398; x_wconf 85' lang='lat' dir='ltr'><strong>Mosis</strong></span> <span class='ocrx_word' id='word_1_196' title='bbox 358 1374 580 1401; x_wconf 85' lang='lat' dir='ltr'><strong>constitutionem</strong></span> <span class='ocrx_word' id='word_1_197' title='bbox 596 1374 680 1402; x_wconf 88' lang='lat' dir='ltr'><strong>Deum</strong></span> <span class='ocrx_word' id='word_1_198' title='bbox 693 1376 813 1402; x_wconf 79' lang='lat' dir='ltr'><strong>colerent</strong></span> <span class='ocrx_word' id='word_1_199' title='bbox 826 1385 833 1403; x_wconf 86' lang='lat'><strong>:</strong></span> <span class='ocrx_word' id='word_1_200' title='bbox 848 1377 888 1405; x_wconf 84' lang='lat' dir='ltr'><strong>fas</strong></span> <span class='ocrx_word' id='word_1_201' title='bbox 905 1382 964 1406; x_wconf 88' lang='lat' dir='ltr'><strong>erat</strong></span> <span class='ocrx_word' id='word_1_202' title='bbox 975 1379 1046 1406; x_wconf 83' lang='lat' dir='ltr'><strong>ailir-</strong></span> 
     </span>
    </p>
   </div>
   <div class='ocr_carea' id='block_1_29' title="bbox 259 1420 1046 1458">
    <p class='ocr_par' dir='ltr' id='par_1_29' title="bbox 259 1420 1046 1458">
     <span class='ocr_line' id='line_1_29' title="bbox 259 1420 1046 1458; baseline 0.011 -14"><span class='ocrx_word' id='word_1_203' title='bbox 259 1425 345 1448; x_wconf 84' lang='lat' dir='ltr'><strong>mare.</strong></span> <span class='ocrx_word' id='word_1_204' title='bbox 358 1420 429 1453; x_wconf 86' lang='lat' dir='ltr'><strong>quod</strong></span> <span class='ocrx_word' id='word_1_205' title='bbox 452 1427 547 1448; x_wconf 90' lang='lat' dir='ltr'><strong>omnes</strong></span> <span class='ocrx_word' id='word_1_206' title='bbox 571 1430 605 1448; x_wconf 80' lang='lat' dir='ltr'><strong>ex</strong></span> <span class='ocrx_word' id='word_1_207' title='bbox 630 1423 758 1450; x_wconf 89' lang='lat' dir='ltr'><strong>omnibus</strong></span> <span class='ocrx_word' id='word_1_208' title='bbox 773 1424 902 1458; x_wconf 82' lang='lat' dir='ltr'><strong>gentibus</strong></span> <span class='ocrx_word' id='word_1_209' title='bbox 916 1425 999 1452; x_wconf 87' lang='lat' dir='ltr'><strong>Deum</strong></span> <span class='ocrx_word' id='word_1_210' title='bbox 1011 1435 1046 1454; x_wconf 79' lang='lat' dir='ltr'><strong>ex</strong></span> 
     </span>
    </p>
   </div>
   <div class='ocr_carea' id='block_1_30' title="bbox 259 1463 1043 1507">
    <p class='ocr_par' dir='ltr' id='par_1_30' title="bbox 259 1463 1043 1507">
     <span class='ocr_line' id='line_1_30' title="bbox 259 1463 1043 1507; baseline 0.015 -17"><span class='ocrx_word' id='word_1_211' title='bbox 259 1463 317 1499; x_wconf 88' lang='lat' dir='ltr'><strong>lege</strong></span> <span class='ocrx_word' id='word_1_212' title='bbox 337 1464 453 1492; x_wconf 80' lang='lat' dir='ltr'><strong>Iilosaica</strong></span> <span class='ocrx_word' id='word_1_213' title='bbox 469 1466 511 1500; x_wconf 91' lang='lat' dir='ltr'><strong>pie</strong></span> <span class='ocrx_word' id='word_1_214' title='bbox 527 1467 647 1495; x_wconf 88' lang='lat' dir='ltr'><strong>colentes</strong></span> <span class='ocrx_word' id='word_1_215' title='bbox 664 1473 691 1496; x_wconf 93' lang='lat' dir='ltr'><strong>et</strong></span> <span class='ocrx_word' id='word_1_216' title='bbox 713 1469 884 1498; x_wconf 88' lang='lat' dir='ltr'><strong>Judaismum</strong></span> <span class='ocrx_word' id='word_1_217' title='bbox 897 1477 1043 1507; x_wconf 86' lang='lat' dir='ltr'><strong>sectantes,</strong></span> 
     </span>
    </p>
   </div>
   <div class='ocr_carea' id='block_1_31' title="bbox 257 1507 1043 1550">
    <p class='ocr_par' dir='ltr' id='par_1_31' title="bbox 257 1507 1043 1550">
     <span class='ocr_line' id='line_1_31' title="bbox 257 1507 1043 1550; baseline 0.014 -14"><span class='ocrx_word' id='word_1_218' title='bbox 257 1507 414 1545; x_wconf 70' lang='lat' dir='ltr'><strong>Judaeismte</strong></span> <span class='ocrx_word' id='word_1_219' title='bbox 428 1513 578 1538; x_wconf 84' lang='lat' dir='ltr'><strong>secundum</strong></span> <span class='ocrx_word' id='word_1_220' title='bbox 595 1513 679 1548; x_wconf 82' lang='lat' dir='ltr'><strong>legem</strong></span> <span class='ocrx_word' id='word_1_221' title='bbox 707 1516 880 1550; x_wconf 71' lang='lat' dir='ltr'><strong>coniunctos,</strong></span> <span class='ocrx_word' id='word_1_222' title='bbox 895 1518 1043 1547; x_wconf 87' lang='lat' dir='ltr'><strong>Abrahami</strong></span> 
     </span>
    </p>
   </div>
   <div class='ocr_carea' id='block_1_32' title="bbox 258 1555 1043 1601">
    <p class='ocr_par' dir='ltr' id='par_1_32' title="bbox 258 1555 1043 1601">
     <span class='ocr_line' id='line_1_32' title="bbox 258 1555 1043 1601; baseline 0.017 -20"><span class='ocrx_word' id='word_1_223' title='bbox 258 1555 447 1584; x_wconf 81' lang='lat' dir='ltr'><strong>benedictione</strong></span> <span class='ocrx_word' id='word_1_224' title='bbox 462 1558 662 1586; x_wconf 89' lang='lat' dir='ltr'><strong>benedicendos</strong></span> <span class='ocrx_word' id='word_1_225' title='bbox 676 1568 737 1588; x_wconf 89' lang='lat' dir='ltr'><strong>esse</strong></span> <span class='ocrx_word' id='word_1_226' title='bbox 746 1562 839 1590; x_wconf 89' lang='lat' dir='ltr'><strong>divina</strong></span> <span class='ocrx_word' id='word_1_227' title='bbox 848 1565 958 1592; x_wconf 88' lang='lat' dir='ltr'><strong>oracula</strong></span> <span class='ocrx_word' id='word_1_228' title='bbox 974 1574 1043 1601; x_wconf 70' lang='lat' dir='ltr'><strong>prae-</strong></span> 
     </span>
    </p>
   </div>
   <div class='ocr_carea' id='block_1_33' title="bbox 258 1601 1044 1643">
    <p class='ocr_par' dir='ltr' id='par_1_33' title="bbox 258 1601 1044 1643">
     <span class='ocr_line' id='line_1_33' title="bbox 258 1601 1044 1643; baseline 0.018 -17"><span class='ocrx_word' id='word_1_229' title='bbox 258 1601 453 1629; x_wconf 84' lang='lat' dir='ltr'><strong>nuntiaverint.</strong></span> <span class='ocrx_word' id='word_1_230' title='bbox 471 1602 619 1637; x_wconf 88' lang='lat' dir='ltr'><strong>Oportebat</strong></span> <span class='ocrx_word' id='word_1_231' title='bbox 629 1605 710 1631; x_wconf 84' lang='lat' dir='ltr'><strong>etiam</strong></span> <span class='ocrx_word' id='word_1_232' title='bbox 722 1614 772 1634; x_wconf 85' lang='lat' dir='ltr'><strong>nos</strong></span> <span class='ocrx_word' id='word_1_233' title='bbox 785 1608 857 1643; x_wconf 82' lang='lat' dir='ltr'><strong>leges</strong></span> <span class='ocrx_word' id='word_1_234' title='bbox 870 1617 885 1636; x_wconf 84' lang='lat' dir='ltr'><strong>a</strong></span> <span class='ocrx_word' id='word_1_235' title='bbox 898 1610 972 1638; x_wconf 86' lang='lat' dir='ltr'><strong>Mose</strong></span> <span class='ocrx_word' id='word_1_236' title='bbox 980 1619 1044 1639; x_wconf 78' lang='lat' dir='ltr'><strong>san-</strong></span> 
     </span>
    </p>
   </div>
   <div class='ocr_carea' id='block_1_34' title="bbox 257 1646 1044 1691">
    <p class='ocr_par' dir='ltr' id='par_1_34' title="bbox 257 1646 1044 1691">
     <span class='ocr_line' id='line_1_34' title="bbox 257 1646 1044 1691; baseline 0.017 -19"><span class='ocrx_word' id='word_1_237' title='bbox 257 1646 326 1673; x_wconf 79' lang='lat' dir='ltr'><strong>eitas</strong></span> <span class='ocrx_word' id='word_1_238' title='bbox 350 1647 506 1675; x_wconf 77' lang='lat' dir='ltr'><strong>observare.</strong></span> <span class='ocrx_word' id='word_1_239' title='bbox 525 1648 593 1676; x_wconf 83' lang='lat' dir='ltr'><strong>Cum</strong></span> <span class='ocrx_word' id='word_1_240' title='bbox 621 1653 712 1678; x_wconf 87' lang='lat' dir='ltr'><strong>autem</strong></span> <span class='ocrx_word' id='word_1_241' title='bbox 745 1653 867 1682; x_wconf 87' lang='lat' dir='ltr'><strong>conditio</strong></span> <span class='ocrx_word' id='word_1_242' title='bbox 887 1656 1044 1691; x_wconf 72' lang='lat' dir='ltr'><strong>reipubliea:</strong></span> 
     </span>
    </p>
   </div>
   <div class='ocr_carea' id='block_1_35' title="bbox 258 1691 1041 1736">
    <p class='ocr_par' dir='ltr' id='par_1_35' title="bbox 258 1691 1041 1736">
     <span class='ocr_line' id='line_1_35' title="bbox 258 1691 1041 1736; baseline 0.017 -18"><span class='ocrx_word' id='word_1_243' title='bbox 258 1691 384 1720; x_wconf 80' lang='lat' dir='ltr'><strong>Mosaicae</strong></span> <span class='ocrx_word' id='word_1_244' title='bbox 398 1701 452 1721; x_wconf 91' lang='lat' dir='ltr'><strong>non</strong></span> <span class='ocrx_word' id='word_1_245' title='bbox 475 1694 556 1721; x_wconf 90' lang='lat' dir='ltr'><strong>fuerit</strong></span> <span class='ocrx_word' id='word_1_246' title='bbox 583 1696 690 1724; x_wconf 68' lang='lat' dir='ltr'><strong>caeteris</strong></span> <span class='ocrx_word' id='word_1_247' title='bbox 724 1706 877 1734; x_wconf 76' lang='lat' dir='ltr'><strong>congruens</strong></span> <span class='ocrx_word' id='word_1_248' title='bbox 906 1703 1041 1736; x_wconf 83' lang='lat' dir='ltr'><strong>gentibus,</strong></span> 
     </span>
    </p>
   </div>
   <div class='ocr_carea' id='block_1_36' title="bbox 258 1738 1043 1782">
    <p class='ocr_par' dir='ltr' id='par_1_36' title="bbox 258 1738 1043 1782">
     <span class='ocr_line' id='line_1_36' title="bbox 258 1738 1043 1782; baseline 0.017 -18"><span class='ocrx_word' id='word_1_249' title='bbox 258 1738 305 1765; x_wconf 81' lang='lat' dir='ltr'><strong>sed</strong></span> <span class='ocrx_word' id='word_1_250' title='bbox 321 1741 508 1768; x_wconf 86' lang='lat' dir='ltr'><strong>tantummodo</strong></span> <span class='ocrx_word' id='word_1_251' title='bbox 520 1740 631 1775; x_wconf 66' lang='lat' dir='ltr'><strong>Iudaeis,</strong></span> <span class='ocrx_word' id='word_1_252' title='bbox 647 1752 734 1778; x_wconf 82' lang='lat' dir='ltr'><strong>neque</strong></span> <span class='ocrx_word' id='word_1_253' title='bbox 750 1745 826 1773; x_wconf 83' lang='lat' dir='ltr'><strong>hisce</strong></span> <span class='ocrx_word' id='word_1_254' title='bbox 840 1747 985 1782; x_wconf 87' lang='lat' dir='ltr'><strong>universis,</strong></span> <span class='ocrx_word' id='word_1_255' title='bbox 996 1751 1043 1777; x_wconf 77' lang='lat' dir='ltr'><strong>sed</strong></span> 
     </span>
    </p>
   </div>
   <div class='ocr_carea' id='block_1_37' title="bbox 257 1785 1042 1824">
    <p class='ocr_par' dir='ltr' id='par_1_37' title="bbox 257 1785 1042 1824">
     <span class='ocr_line' id='line_1_37' title="bbox 257 1785 1042 1824; baseline 0.017 -13"><span class='ocrx_word' id='word_1_256' title='bbox 257 1785 346 1812; x_wconf 88' lang='lat' dir='ltr'><strong>solum</strong></span> <span class='ocrx_word' id='word_1_257' title='bbox 366 1788 538 1815; x_wconf 86' lang='lat' dir='ltr'><strong>versantibus</strong></span> <span class='ocrx_word' id='word_1_258' title='bbox 563 1789 591 1816; x_wconf 89' lang='lat' dir='ltr'><strong>in</strong></span> <span class='ocrx_word' id='word_1_259' title='bbox 620 1795 691 1817; x_wconf 85' lang='lat' dir='ltr'><strong>terra</strong></span> <span class='ocrx_word' id='word_1_260' title='bbox 707 1791 839 1821; x_wconf 80' lang='lat' dir='ltr'><strong>Judaica:</strong></span> <span class='ocrx_word' id='word_1_261' title='bbox 856 1797 1042 1824; x_wconf 88' lang='lat' dir='ltr'><strong>necessarium</strong></span> 
     </span>
    </p>
   </div>
   <div class='ocr_carea' id='block_1_38' title="bbox 258 1831 1043 1877">
    <p class='ocr_par' dir='ltr' id='par_1_38' title="bbox 258 1831 1043 1877">
     <span class='ocr_line' id='line_1_38' title="bbox 258 1831 1043 1877; baseline 0.018 -21"><span class='ocrx_word' id='word_1_262' title='bbox 258 1831 370 1858; x_wconf 90' lang='lat' dir='ltr'><strong>omnino</strong></span> <span class='ocrx_word' id='word_1_263' title='bbox 385 1837 443 1859; x_wconf 86' lang='lat' dir='ltr'><strong>erat</strong></span> <span class='ocrx_word' id='word_1_264' title='bbox 454 1834 534 1860; x_wconf 87' lang='lat' dir='ltr'><strong>aliam</strong></span> <span class='ocrx_word' id='word_1_265' title='bbox 551 1837 683 1863; x_wconf 92' lang='lat' dir='ltr'><strong>constitui</strong></span> <span class='ocrx_word' id='word_1_266' title='bbox 715 1838 859 1872; x_wconf 86' lang='lat' dir='ltr'><strong>rationem,</strong></span> <span class='ocrx_word' id='word_1_267' title='bbox 880 1849 933 1875; x_wconf 81' lang='lat' dir='ltr'><strong>qua</strong></span> <span class='ocrx_word' id='word_1_268' title='bbox 947 1848 1043 1877; x_wconf 68' lang='lat' dir='ltr'><strong>praeter</strong></span> 
     </span>
    </p>
   </div>
   <div class='ocr_carea' id='block_1_39' title="bbox 258 1876 1042 1921">
    <p class='ocr_par' dir='ltr' id='par_1_39' title="bbox 258 1876 1042 1921">
     <span class='ocr_line' id='line_1_39' title="bbox 258 1876 1042 1921; baseline 0.018 -19"><span class='ocrx_word' id='word_1_269' title='bbox 258 1876 344 1911; x_wconf 85' lang='lat' dir='ltr'><strong>legem</strong></span> <span class='ocrx_word' id='word_1_270' title='bbox 366 1877 511 1906; x_wconf 83' lang='lat' dir='ltr'><strong>Mosaicam</strong></span> <span class='ocrx_word' id='word_1_271' title='bbox 529 1886 641 1914; x_wconf 89' lang='lat' dir='ltr'><strong>possent</strong></span> <span class='ocrx_word' id='word_1_272' title='bbox 661 1888 754 1916; x_wconf 80' lang='lat' dir='ltr'><strong>gentes</strong></span> <span class='ocrx_word' id='word_1_273' title='bbox 778 1885 879 1921; x_wconf 89' lang='lat' dir='ltr'><strong>ubique</strong></span> <span class='ocrx_word' id='word_1_274' title='bbox 906 1876 1042 1916; x_wconf 83' lang='lat' dir='ltr'><strong>terrarum</strong></span> 
     </span>
    </p>
   </div>
   <div class='ocr_carea' id='block_1_40' title="bbox 257 1921 1043 1962">
    <p class='ocr_par' dir='ltr' id='par_1_40' title="bbox 257 1921 1043 1962">
     <span class='ocr_line' id='line_1_40' title="bbox 257 1921 1043 1962; baseline 0.018 -14"><span class='ocrx_word' id='word_1_275' title='bbox 257 1921 418 1955; x_wconf 81' lang='lat' dir='ltr'><strong>incolentes.</strong></span> <span class='ocrx_word' id='word_1_276' title='bbox 438 1932 498 1959; x_wconf 66' lang='lat' dir='ltr'><strong>qua:</strong></span> <span class='ocrx_word' id='word_1_277' title='bbox 512 1927 681 1956; x_wconf 78' lang='lat' dir='ltr'><strong>consimilem</strong></span> <span class='ocrx_word' id='word_1_278' title='bbox 696 1930 852 1958; x_wconf 80' lang='lat' dir='ltr'><strong>Abrahamo</strong></span> <span class='ocrx_word' id='word_1_279' title='bbox 867 1932 948 1960; x_wconf 87' lang='lat' dir='ltr'><strong>vitam</strong></span> <span class='ocrx_word' id='word_1_280' title='bbox 964 1933 1043 1962; x_wconf 72' lang='lat' dir='ltr'><strong>duee-</strong></span> 
     </span>
    </p>
   </div>
   <div class='ocr_carea' id='block_1_41' title="bbox 257 1969 988 2007">
    <p class='ocr_par' dir='ltr' id='par_1_41' title="bbox 257 1969 988 2007">
     <span class='ocr_line' id='line_1_41' title="bbox 257 1969 988 2007; baseline 0.018 -13"><span class='ocrx_word' id='word_1_281' title='bbox 257 1973 328 2001; x_wconf 84' lang='lat' dir='ltr'><strong>rent,</strong></span> <span class='ocrx_word' id='word_1_282' title='bbox 347 1969 469 1997; x_wconf 81' lang='lat' dir='ltr'><strong>eamdem</strong></span> <span class='ocrx_word' id='word_1_283' title='bbox 487 1972 614 2000; x_wconf 77' lang='lat' dir='ltr'><strong>cum&#39;illo</strong></span> <span class='ocrx_word' id='word_1_284' title='bbox 628 1974 843 2004; x_wconf 85' lang='lat' dir='ltr'><strong>benedictionem</strong></span> <span class='ocrx_word' id='word_1_285' title='bbox 855 1978 988 2007; x_wconf 82' lang='lat' dir='ltr'><strong>obtinere.</strong></span> 
     </span>
    </p>
   </div>
   <div class='ocr_carea' id='block_1_42' title="bbox 521 2029 775 2063">
    <p class='ocr_par' dir='ltr' id='par_1_42' title="bbox 521 2029 775 2063">
     <span class='ocr_line' id='line_1_42' title="bbox 521 2029 775 2063; baseline 0.012 -7"><span class='ocrx_word' id='word_1_286' title='bbox 521 2029 579 2063; x_wconf 73' lang='lat'><strong>1‘“</strong></span> <span class='ocrx_word' id='word_1_287' title='bbox 596 2030 711 2058; x_wconf 78' lang='lat' dir='ltr'><strong>CAPUT</strong></span> <span class='ocrx_word' id='word_1_288' title='bbox 731 2031 775 2059; x_wconf 85' lang='lat' dir='ltr'><strong>lll.</strong></span> 
     </span>
    </p>
   </div>
   <div class='ocr_carea' id='block_1_43' title="bbox 257 2069 1040 2113">
    <p class='ocr_par' dir='ltr' id='par_1_43' title="bbox 257 2069 1040 2113">
     <span class='ocr_line' id='line_1_43' title="bbox 257 2069 1040 2113; baseline 0.014 -16"><span class='ocrx_word' id='word_1_289' title='bbox 257 2069 334 2103; x_wconf 79' lang='lat' dir='ltr'><strong>Quod</strong></span> <span class='ocrx_word' id='word_1_290' title='bbox 341 2071 457 2099; x_wconf 79' lang='lat' dir='ltr'><strong>conditio</strong></span> <span class='ocrx_word' id='word_1_291' title='bbox 467 2074 616 2113; x_wconf 63' lang='lat' dir='ltr'><strong>reipublicae</strong></span> <span class='ocrx_word' id='word_1_292' title='bbox 628 2076 657 2102; x_wconf 84' lang='grc' dir='ltr'><em>Μ</em></span> <span class='ocrx_word' id='word_1_293' title='bbox 659 2078 754 2103; x_wconf 65' lang='lat' dir='ltr'><strong>osaica?</strong></span> <span class='ocrx_word' id='word_1_294' title='bbox 766 2087 816 2105; x_wconf 83' lang='lat' dir='ltr'><strong>non</strong></span> <span class='ocrx_word' id='word_1_295' title='bbox 828 2079 909 2113; x_wconf 82' lang='lat' dir='ltr'><strong>fuerit</strong></span> <span class='ocrx_word' id='word_1_296' title='bbox 919 2080 1040 2108; x_wconf 72' lang='lat' dir='ltr'><strong>omnibus</strong></span> 
     </span>
    </p>
   </div>
   <div class='ocr_carea' id='block_1_44' title="bbox 494 2110 793 2144">
    <p class='ocr_par' dir='ltr' id='par_1_44' title="bbox 494 2110 793 2144">
     <span class='ocr_line' id='line_1_44' title="bbox 494 2110 793 2144; baseline 0.017 -9"><span class='ocrx_word' id='word_1_297' title='bbox 494 2110 613 2144; x_wconf 78' lang='lat' dir='ltr'><strong>gentibus</strong></span> <span class='ocrx_word' id='word_1_298' title='bbox 629 2113 793 2140; x_wconf 78' lang='lat' dir='ltr'><strong>conveniens.</strong></span> 
     </span>
    </p>
   </div>
   <div class='ocr_carea' id='block_1_45' title="bbox 290 2162 1040 2202">
    <p class='ocr_par' dir='ltr' id='par_1_45' title="bbox 290 2162 1040 2202">
     <span class='ocr_line' id='line_1_45' title="bbox 290 2162 1040 2202; baseline 0.016 -12"><span class='ocrx_word' id='word_1_299' title='bbox 290 2162 368 2196; x_wconf 83' lang='lat' dir='ltr'><strong>Quod</strong></span> <span class='ocrx_word' id='word_1_300' title='bbox 382 2169 472 2192; x_wconf 86' lang='lat' dir='ltr'><strong>autem</strong></span> <span class='ocrx_word' id='word_1_301' title='bbox 489 2167 701 2197; x_wconf 87' lang='lat' dir='ltr'><strong>constitutiones</strong></span> <span class='ocrx_word' id='word_1_302' title='bbox 719 2169 844 2199; x_wconf 65' lang='lat' dir='ltr'><strong>Mosaicae</strong></span> <span class='ocrx_word' id='word_1_303' title='bbox 859 2171 960 2202; x_wconf 70' lang='lat' dir='ltr'><strong>Iudaeis</strong></span> <span class='ocrx_word' id='word_1_304' title='bbox 978 2178 1040 2202; x_wconf 90' lang='lat' dir='ltr'><strong>tan-</strong></span> 
     </span>
    </p>
   </div>
   <div class='ocr_carea' id='block_1_46' title="bbox 255 2210 1037 2254">
    <p class='ocr_par' dir='ltr' id='par_1_46' title="bbox 255 2210 1037 2254">
     <span class='ocr_line' id='line_1_46' title="bbox 255 2210 1037 2254; baseline 0.019 -20"><span class='ocrx_word' id='word_1_305' title='bbox 255 2210 406 2243; x_wconf 85' lang='lat' dir='ltr'><strong>tummodo,</strong></span> <span class='ocrx_word' id='word_1_306' title='bbox 422 2215 452 2237; x_wconf 87' lang='lat' dir='ltr'><strong>ut</strong></span> <span class='ocrx_word' id='word_1_307' title='bbox 463 2211 531 2244; x_wconf 78' lang='lat' dir='ltr'><strong>dixi,</strong></span> <span class='ocrx_word' id='word_1_308' title='bbox 552 2221 641 2248; x_wconf 90' lang='lat' dir='ltr'><strong>neque</strong></span> <span class='ocrx_word' id='word_1_309' title='bbox 655 2215 731 2243; x_wconf 85' lang='lat' dir='ltr'><strong>hisce</strong></span> <span class='ocrx_word' id='word_1_310' title='bbox 748 2218 874 2246; x_wconf 86' lang='lat' dir='ltr'><strong>omnibus</strong></span> <span class='ocrx_word' id='word_1_311' title='bbox 890 2219 954 2254; x_wconf 92' lang='lat' dir='ltr'><strong>(non</strong></span> <span class='ocrx_word' id='word_1_312' title='bbox 964 2222 1037 2249; x_wconf 91' lang='lat' dir='ltr'><strong>enim</strong></span> 
     </span>
    </p>
   </div>
   <div class='ocr_carea' id='block_1_47' title="bbox 1105 280 1890 318">
    <p class='ocr_par' dir='ltr' id='par_1_47' title="bbox 1105 280 1890 318">
     <span class='ocr_line' id='line_1_47' title="bbox 1105 280 1890 318; baseline 0.001 -12"><span class='ocrx_word' id='word_1_313' title='bbox 1105 280 1170 316; x_wconf 87' lang='grc' dir='ltr'>ῠλης</span> <span class='ocrx_word' id='word_1_314' title='bbox 1189 281 1316 317; x_wconf 80' lang='grc' dir='ltr'>ίδρὺμασι</span> <span class='ocrx_word' id='word_1_315' title='bbox 1333 284 1380 309; x_wconf 75' lang='grc' dir='ltr'><strong>καὶ</strong></span> <span class='ocrx_word' id='word_1_316' title='bbox 1394 283 1555 318; x_wconf 80' lang='grc' dir='ltr'><strong>πνευμάτων</strong></span> <span class='ocrx_word' id='word_1_317' title='bbox 1572 282 1745 309; x_wconf 80' lang='grc' dir='ltr'>πολυπλανῶν</span> <span class='ocrx_word' id='word_1_318' title='bbox 1761 281 1890 308; x_wconf 74' lang='grc' dir='ltr'>δεισιδαι-</span> 
     </span>
    </p>
   </div>
   <div class='ocr_carea' id='block_1_48' title="bbox 1105 327 1889 361">
    <p class='ocr_par' dir='ltr' id='par_1_48' title="bbox 1105 327 1889 361">
     <span class='ocr_line' id='line_1_48' title="bbox 1105 327 1889 361; baseline 0.003 -9"><span class='ocrx_word' id='word_1_319' title='bbox 1105 327 1210 361; x_wconf 86' lang='grc' dir='ltr'>μονίαις</span> <span class='ocrx_word' id='word_1_320' title='bbox 1233 328 1386 354; x_wconf 78' lang='grc' dir='ltr'><strong>ἀνετίθετο·</strong></span> <span class='ocrx_word' id='word_1_321' title='bbox 1408 328 1442 354; x_wconf 79' lang='grc' dir='ltr'>τὰ</span> <span class='ocrx_word' id='word_1_322' title='bbox 1469 329 1497 355; x_wconf 78' lang='grc' dir='ltr'>δὲ</span> <span class='ocrx_word' id='word_1_323' title='bbox 1525 328 1628 360; x_wconf 76' lang='grc' dir='ltr'>ζῶντας</span> <span class='ocrx_word' id='word_1_324' title='bbox 1649 328 1808 354; x_wconf 68' lang='grc' dir='ltr'><strong>κατακαίειν</strong></span> <span class='ocrx_word' id='word_1_325' title='bbox 1825 329 1889 360; x_wconf 74' lang='grc' dir='ltr'>τοὺς</span> 
     </span>
    </p>
   </div>
   <div class='ocr_carea' id='block_1_49' title="bbox 1103 372 1892 409">
    <p class='ocr_par' dir='ltr' id='par_1_49' title="bbox 1103 372 1892 409">
     <span class='ocr_line' id='line_1_49' title="bbox 1103 372 1892 409; baseline 0.001 -12"><span class='ocrx_word' id='word_1_326' title='bbox 1103 372 1306 407; x_wconf 74' lang='grc' dir='ltr'><strong>γεγηρακότας·</strong></span> <span class='ocrx_word' id='word_1_327' title='bbox 1329 373 1362 399; x_wconf 70' lang='grc' dir='ltr'><strong>τὰ</strong></span> <span class='ocrx_word' id='word_1_328' title='bbox 1383 373 1411 399; x_wconf 83' lang='grc' dir='ltr'>δὲ</span> <span class='ocrx_word' id='word_1_329' title='bbox 1438 373 1504 409; x_wconf 65' lang='grc' dir='ltr'>πυρὶ</span> <span class='ocrx_word' id='word_1_330' title='bbox 1531 373 1593 404; x_wconf 77' lang='grc' dir='ltr'>τοὺς</span> <span class='ocrx_word' id='word_1_331' title='bbox 1610 373 1753 406; x_wconf 81' lang='grc' dir='ltr'><strong>φιλτάτους</strong></span> <span class='ocrx_word' id='word_1_332' title='bbox 1774 372 1892 407; x_wconf 86' lang='grc' dir='ltr'>παραδι-</span> 
     </span>
    </p>
   </div>
   <div class='ocr_carea' id='block_1_50' title="bbox 1102 416 1890 454">
    <p class='ocr_par' dir='ltr' id='par_1_50' title="bbox 1102 416 1890 454">
     <span class='ocr_line' id='line_1_50' title="bbox 1102 416 1890 454; baseline 0.001 -11"><span class='ocrx_word' id='word_1_333' title='bbox 1102 417 1175 443; x_wconf 83' lang='grc' dir='ltr'>δόναι</span> <span class='ocrx_word' id='word_1_334' title='bbox 1188 425 1194 432; x_wconf 79' lang='lat'>&#39;</span> <span class='ocrx_word' id='word_1_335' title='bbox 1212 417 1246 444; x_wconf 79' lang='grc' dir='ltr'><strong>τὰ</strong></span> <span class='ocrx_word' id='word_1_336' title='bbox 1265 417 1292 444; x_wconf 83' lang='grc' dir='ltr'>δὲ</span> <span class='ocrx_word' id='word_1_337' title='bbox 1317 419 1364 444; x_wconf 68' lang='grc' dir='ltr'><strong>καὶ</strong></span> <span class='ocrx_word' id='word_1_338' title='bbox 1392 419 1495 454; x_wconf 84' lang='grc' dir='ltr'>νεκρῶν</span> <span class='ocrx_word' id='word_1_339' title='bbox 1515 418 1696 452; x_wconf 78' lang='grc' dir='ltr'>ἀπογεύεσθαι</span> <span class='ocrx_word' id='word_1_340' title='bbox 1717 417 1797 445; x_wconf 76' lang='grc' dir='ltr'>καλὸν</span> <span class='ocrx_word' id='word_1_341' title='bbox 1819 416 1890 444; x_wconf 66' lang='grc' dir='ltr'>εἶναι</span> 
     </span>
    </p>
   </div>
   <div class='ocr_carea' id='block_1_51' title="bbox 1103 462 1888 499">
    <p class='ocr_par' dir='ltr' id='par_1_51' title="bbox 1103 462 1888 499">
     <span class='ocr_line' id='line_1_51' title="bbox 1103 462 1888 499; baseline 0.003 -11"><span class='ocrx_word' id='word_1_342' title='bbox 1103 462 1150 488; x_wconf 72' lang='grc' dir='ltr'>καὶ</span> <span class='ocrx_word' id='word_1_343' title='bbox 1171 462 1280 494; x_wconf 77' lang='grc' dir='ltr'>εὐσεϐὲς</span> <span class='ocrx_word' id='word_1_344' title='bbox 1304 465 1406 498; x_wconf 87' lang='grc' dir='ltr'>ἡγεῖτο.</span> <span class='ocrx_word' id='word_1_345' title='bbox 1432 463 1494 495; x_wconf 80' lang='grc' dir='ltr'>Πῶς</span> <span class='ocrx_word' id='word_1_346' title='bbox 1510 462 1556 490; x_wconf 75' lang='grc' dir='ltr'><strong>οὖν</strong></span> <span class='ocrx_word' id='word_1_347' title='bbox 1572 464 1633 495; x_wconf 74' lang='grc' dir='ltr'>τοὺς</span> <span class='ocrx_word' id='word_1_348' title='bbox 1660 464 1688 490; x_wconf 81' lang='grc' dir='ltr'>ὲν</span> <span class='ocrx_word' id='word_1_349' title='bbox 1712 463 1750 499; x_wconf 82' lang='grc' dir='ltr'>τῷ</span> <span class='ocrx_word' id='word_1_350' title='bbox 1776 463 1888 499; x_wconf 77' lang='grc' dir='ltr'>τοιούτῳ</span> 
     </span>
    </p>
   </div>
   <div class='ocr_carea' id='block_1_52' title="bbox 1103 507 1888 546">
    <p class='ocr_par' dir='ltr' id='par_1_52' title="bbox 1103 507 1888 546">
     <span class='ocr_line' id='line_1_52' title="bbox 1103 507 1888 546; baseline 0.004 -13"><span class='ocrx_word' id='word_1_351' title='bbox 1103 507 1228 543; x_wconf 77' lang='grc' dir='ltr'>θηριώδει</span> <span class='ocrx_word' id='word_1_352' title='bbox 1246 509 1294 543; x_wconf 80' lang='grc' dir='ltr'><strong>βίῳ</strong></span> <span class='ocrx_word' id='word_1_353' title='bbox 1315 509 1502 545; x_wconf 78' lang='grc' dir='ltr'><strong>προηγμένους</strong></span> <span class='ocrx_word' id='word_1_354' title='bbox 1519 509 1568 544; x_wconf 82' lang='grc' dir='ltr'>τῆς</span> <span class='ocrx_word' id='word_1_355' title='bbox 1582 509 1628 536; x_wconf 73' lang='grc' dir='ltr'>τοῦ</span> <span class='ocrx_word' id='word_1_356' title='bbox 1648 509 1786 544; x_wconf 75' lang='grc' dir='ltr'>θεοφιλοῦς</span> <span class='ocrx_word' id='word_1_357' title='bbox 1803 519 1888 546; x_wconf 85' lang='grc' dir='ltr'>μετα-</span> 
     </span>
    </p>
   </div>
   <div class='ocr_carea' id='block_1_53' title="bbox 1104 552 1889 592">
    <p class='ocr_par' dir='ltr' id='par_1_53' title="bbox 1104 552 1889 592">
     <span class='ocr_line' id='line_1_53' title="bbox 1104 552 1889 592; baseline 0.005 -13"><span class='ocrx_word' id='word_1_358' title='bbox 1104 555 1176 589; x_wconf 86' lang='grc' dir='ltr'>σχεῖν</span> <span class='ocrx_word' id='word_1_359' title='bbox 1191 552 1245 580; x_wconf 77' lang='grc' dir='ltr'>οἶόν</span> <span class='ocrx_word' id='word_1_360' title='bbox 1261 563 1289 581; x_wconf 84' lang='grc' dir='ltr'><strong>τε</strong></span> <span class='ocrx_word' id='word_1_361' title='bbox 1307 553 1340 590; x_wconf 86' lang='grc' dir='ltr'>ἦν</span> <span class='ocrx_word' id='word_1_362' title='bbox 1357 555 1492 589; x_wconf 80' lang='grc' dir='ltr'><strong>εὐλογίας,</strong></span> <span class='ocrx_word' id='word_1_363' title='bbox 1506 556 1530 582; x_wconf 89' lang='grc' dir='ltr'><strong>εί</strong></span> <span class='ocrx_word' id='word_1_364' title='bbox 1556 557 1592 591; x_wconf 86' lang='grc' dir='ltr'>μή</span> <span class='ocrx_word' id='word_1_365' title='bbox 1613 556 1671 582; x_wconf 77' lang='grc' dir='ltr'>ποτ’</span> <span class='ocrx_word' id='word_1_366' title='bbox 1693 556 1746 592; x_wconf 86' lang='grc' dir='ltr'>ἄρα</span> <span class='ocrx_word' id='word_1_367' title='bbox 1770 555 1818 590; x_wconf 82' lang='grc' dir='ltr'>τῆς</span> <span class='ocrx_word' id='word_1_368' title='bbox 1841 555 1889 592; x_wconf 81' lang='grc' dir='ltr'><strong>θη-</strong></span> 
     </span>
    </p>
   </div>
   <div class='ocr_carea' id='block_1_54' title="bbox 1105 599 1888 635">
    <p class='ocr_par' dir='ltr' id='par_1_54' title="bbox 1105 599 1888 635">
     <span class='ocr_line' id='line_1_54' title="bbox 1105 599 1888 635; baseline 0 -9"><span class='ocrx_word' id='word_1_369' title='bbox 1105 599 1212 635; x_wconf 83' lang='grc' dir='ltr'>ριωδίας</span> <span class='ocrx_word' id='word_1_370' title='bbox 1231 599 1442 634; x_wconf 76' lang='grc' dir='ltr'>μεταϐαλόντες,</span> <span class='ocrx_word' id='word_1_371' title='bbox 1464 600 1509 626; x_wconf 84' lang='grc' dir='ltr'>τοῦ</span> <span class='ocrx_word' id='word_1_372' title='bbox 1534 600 1624 635; x_wconf 83' lang='grc' dir='ltr'>ὁμοίου</span> <span class='ocrx_word' id='word_1_373' title='bbox 1640 600 1740 635; x_wconf 83' lang='grc' dir='ltr'>τρόπου</span> <span class='ocrx_word' id='word_1_374' title='bbox 1767 601 1815 635; x_wconf 82' lang='grc' dir='ltr'>τῆς</span> <span class='ocrx_word' id='word_1_375' title='bbox 1839 600 1888 626; x_wconf 80' lang='grc' dir='ltr'><strong>τοῦ</strong></span> 
     </span>
    </p>
   </div>
   <div class='ocr_carea' id='block_1_55' title="bbox 1110 645 1886 681">
    <p class='ocr_par' dir='ltr' id='par_1_55' title="bbox 1110 645 1886 681">
     <span class='ocr_line' id='line_1_55' title="bbox 1110 645 1886 681; baseline 0.003 -10"><span class='ocrx_word' id='word_1_376' title='bbox 1110 645 1234 680; x_wconf 78' lang='grc' dir='ltr'>Ἀϐραὰμ</span> <span class='ocrx_word' id='word_1_377' title='bbox 1259 646 1414 678; x_wconf 76' lang='grc' dir='ltr'>θεοσεϐείας</span> <span class='ocrx_word' id='word_1_378' title='bbox 1435 646 1549 681; x_wconf 67' lang='grc' dir='ltr'>ἤμελλον</span> <span class='ocrx_word' id='word_1_379' title='bbox 1574 655 1638 673; x_wconf 83' lang='grc' dir='ltr'>ποτε</span> <span class='ocrx_word' id='word_1_380' title='bbox 1668 646 1886 681; x_wconf 72' lang='grc' dir='ltr'>μεταλήψεσθαις</span> 
     </span>
    </p>
   </div>
   <div class='ocr_carea' id='block_1_56' title="bbox 1109 691 1889 729">
    <p class='ocr_par' dir='ltr' id='par_1_56' title="bbox 1109 691 1889 729">
     <span class='ocr_line' id='line_1_56' title="bbox 1109 691 1889 729; baseline 0.003 -11"><span class='ocrx_word' id='word_1_381' title='bbox 1109 692 1184 718; x_wconf 73' lang='grc' dir='ltr'>Ἐπεὶ</span> <span class='ocrx_word' id='word_1_382' title='bbox 1198 693 1321 724; x_wconf 83' lang='grc' dir='ltr'>κάκεῖνος</span> <span class='ocrx_word' id='word_1_383' title='bbox 1340 692 1485 728; x_wconf 73' lang='grc' dir='ltr'>ἀλλοεθνὴς</span> <span class='ocrx_word' id='word_1_384' title='bbox 1504 702 1545 725; x_wconf 90' lang='grc' dir='ltr'><strong>τις</strong></span> <span class='ocrx_word' id='word_1_385' title='bbox 1565 693 1602 720; x_wconf 84' lang='grc' dir='ltr'>ὢν</span> <span class='ocrx_word' id='word_1_386' title='bbox 1624 694 1671 720; x_wconf 77' lang='grc' dir='ltr'>καὶ</span> <span class='ocrx_word' id='word_1_387' title='bbox 1685 693 1836 729; x_wconf 74' lang='grc' dir='ltr'>ἀλλότριος,</span> <span class='ocrx_word' id='word_1_388' title='bbox 1853 691 1889 729; x_wconf 84' lang='grc' dir='ltr'>ἦς</span> 
     </span>
    </p>
   </div>
   <div class='ocr_carea' id='block_1_57' title="bbox 1103 738 1887 774">
    <p class='ocr_par' dir='ltr' id='par_1_57' title="bbox 1103 738 1887 774">
     <span class='ocr_line' id='line_1_57' title="bbox 1103 738 1887 774; baseline 0.001 -10"><span class='ocrx_word' id='word_1_389' title='bbox 1103 738 1215 774; x_wconf 83' lang='grc' dir='ltr'>ὕστερον</span> <span class='ocrx_word' id='word_1_390' title='bbox 1237 738 1366 774; x_wconf 81' lang='grc' dir='ltr'>μετῆλθεν</span> <span class='ocrx_word' id='word_1_391' title='bbox 1382 738 1521 770; x_wconf 77' lang='grc' dir='ltr'>εὐσεϐείας</span> <span class='ocrx_word' id='word_1_392' title='bbox 1540 738 1646 772; x_wconf 87' lang='grc' dir='ltr'>λέγεται</span> <span class='ocrx_word' id='word_1_393' title='bbox 1670 738 1887 774; x_wconf 79' lang='grc' dir='ltr'>μετατεθεῖσθαι,</span> 
     </span>
    </p>
   </div>
   <div class='ocr_carea' id='block_1_58' title="bbox 1102 783 1886 819">
    <p class='ocr_par' dir='ltr' id='par_1_58' title="bbox 1102 783 1886 819">
     <span class='ocr_line' id='line_1_58' title="bbox 1102 783 1886 819; baseline 0.001 -10"><span class='ocrx_word' id='word_1_394' title='bbox 1102 783 1149 810; x_wconf 71' lang='grc' dir='ltr'>καὶ</span> <span class='ocrx_word' id='word_1_395' title='bbox 1174 783 1223 818; x_wconf 82' lang='grc' dir='ltr'>τῆς</span> <span class='ocrx_word' id='word_1_396' title='bbox 1252 783 1387 819; x_wconf 75' lang='grc' dir='ltr'>πατρικῆς</span> <span class='ocrx_word' id='word_1_397' title='bbox 1414 783 1621 818; x_wconf 73' lang='grc' dir='ltr'>δεισιδαιμονίας</span> <span class='ocrx_word' id='word_1_398' title='bbox 1650 783 1886 819; x_wconf 76' lang='grc' dir='ltr'>μεταϐεϐλῆσθαι,</span> 
     </span>
    </p>
   </div>
   <div class='ocr_carea' id='block_1_59' title="bbox 1101 827 1887 866">
    <p class='ocr_par' dir='ltr' id='par_1_59' title="bbox 1101 827 1887 866">
     <span class='ocr_line' id='line_1_59' title="bbox 1101 827 1887 866; baseline 0.003 -11"><span class='ocrx_word' id='word_1_399' title='bbox 1101 827 1174 856; x_wconf 82' lang='grc' dir='ltr'>οἶκόν</span> <span class='ocrx_word' id='word_1_400' title='bbox 1189 830 1283 862; x_wconf 76' lang='grc' dir='ltr'>τεκαὶ</span> <span class='ocrx_word' id='word_1_401' title='bbox 1299 830 1475 864; x_wconf 79' lang='grc' dir='ltr'>συγγένειαν,</span> <span class='ocrx_word' id='word_1_402' title='bbox 1497 830 1544 856; x_wconf 75' lang='grc' dir='ltr'>καὶ</span> <span class='ocrx_word' id='word_1_403' title='bbox 1559 830 1605 865; x_wconf 76' lang='grc' dir='ltr'><strong>ἔθη</strong></span> <span class='ocrx_word' id='word_1_404' title='bbox 1630 830 1747 866; x_wconf 80' lang='grc' dir='ltr'>πάτρια,</span> <span class='ocrx_word' id='word_1_405' title='bbox 1773 830 1831 865; x_wconf 86' lang='grc' dir='ltr'>βίου</span> <span class='ocrx_word' id='word_1_406' title='bbox 1857 838 1887 857; x_wconf 73' lang='grc' dir='ltr'><strong>τε</strong></span> 
     </span>
    </p>
   </div>
   <div class='ocr_carea' id='block_1_60' title="bbox 1102 873 1888 912">
    <p class='ocr_par' dir='ltr' id='par_1_60' title="bbox 1102 873 1888 912">
     <span class='ocr_line' id='line_1_60' title="bbox 1102 873 1888 912; baseline 0 -10"><span class='ocrx_word' id='word_1_407' title='bbox 1102 875 1221 911; x_wconf 82' lang='grc' dir='ltr'>ἀγωγὴν,</span> <span class='ocrx_word' id='word_1_408' title='bbox 1239 877 1267 902; x_wconf 81' lang='grc' dir='ltr'>ὲν</span> <span class='ocrx_word' id='word_1_409' title='bbox 1281 873 1453 912; x_wconf 79' lang='grc' dir='ltr'>ᾖγεγέννητό</span> <span class='ocrx_word' id='word_1_410' title='bbox 1465 885 1494 902; x_wconf 81' lang='grc' dir='ltr'><strong>τε</strong></span> <span class='ocrx_word' id='word_1_411' title='bbox 1506 877 1552 902; x_wconf 72' lang='grc' dir='ltr'>καὶ</span> <span class='ocrx_word' id='word_1_412' title='bbox 1568 876 1713 912; x_wconf 80' lang='grc' dir='ltr'>τέθραπτο,</span> <span class='ocrx_word' id='word_1_413' title='bbox 1731 876 1888 903; x_wconf 83' lang='grc' dir='ltr'>καταλελοι-</span> 
     </span>
    </p>
   </div>
   <div class='ocr_carea' id='block_1_61' title="bbox 1102 921 1886 958">
    <p class='ocr_par' dir='ltr' id='par_1_61' title="bbox 1102 921 1886 958">
     <span class='ocr_line' id='line_1_61' title="bbox 1102 921 1886 958; baseline 0.001 -10"><span class='ocrx_word' id='word_1_414' title='bbox 1102 921 1181 948; x_wconf 79' lang='grc' dir='ltr'>πέναι</span> <span class='ocrx_word' id='word_1_415' title='bbox 1191 930 1197 936; x_wconf 91' lang='grc'>·</span> <span class='ocrx_word' id='word_1_416' title='bbox 1213 921 1425 957; x_wconf 76' lang='grc' dir='ltr'>ὴκολουθηκέναι</span> <span class='ocrx_word' id='word_1_417' title='bbox 1440 922 1467 948; x_wconf 81' lang='grc' dir='ltr'>δὲ</span> <span class='ocrx_word' id='word_1_418' title='bbox 1482 922 1551 957; x_wconf 82' lang='grc' dir='ltr'>Θεῷ,</span> <span class='ocrx_word' id='word_1_419' title='bbox 1562 922 1600 958; x_wconf 83' lang='grc' dir='ltr'>τῷ</span> <span class='ocrx_word' id='word_1_420' title='bbox 1614 923 1661 948; x_wconf 70' lang='grc' dir='ltr'><strong>καὶ</strong></span> <span class='ocrx_word' id='word_1_421' title='bbox 1673 922 1735 954; x_wconf 81' lang='grc' dir='ltr'>τοὺς</span> <span class='ocrx_word' id='word_1_422' title='bbox 1746 923 1886 958; x_wconf 75' lang='grc' dir='ltr'>χρησμοὺς</span> 
     </span>
    </p>
   </div>
   <div class='ocr_carea' id='block_1_62' title="bbox 1102 966 1885 1004">
    <p class='ocr_par' dir='ltr' id='par_1_62' title="bbox 1102 966 1885 1004">
     <span class='ocr_line' id='line_1_62' title="bbox 1102 966 1885 1004; baseline -0.001 -9"><span class='ocrx_word' id='word_1_423' title='bbox 1102 969 1175 1004; x_wconf 72' lang='grc' dir='ltr'>αὖτῴ</span> <span class='ocrx_word' id='word_1_424' title='bbox 1188 969 1250 1001; x_wconf 74' lang='grc' dir='ltr'>τοὺς</span> <span class='ocrx_word' id='word_1_425' title='bbox 1261 969 1450 1004; x_wconf 81' lang='grc' dir='ltr'>ἀναγρὰπτους</span> <span class='ocrx_word' id='word_1_426' title='bbox 1461 968 1594 995; x_wconf 78' lang='grc' dir='ltr'>δεδωκότι.</span> <span class='ocrx_word' id='word_1_427' title='bbox 1607 969 1636 994; x_wconf 75' lang='lat' dir='ltr'><strong>Et</strong></span> <span class='ocrx_word' id='word_1_428' title='bbox 1651 968 1699 1004; x_wconf 76' lang='grc' dir='ltr'>μὲν</span> <span class='ocrx_word' id='word_1_429' title='bbox 1709 966 1754 995; x_wconf 73' lang='grc' dir='ltr'>οὖν</span> <span class='ocrx_word' id='word_1_430' title='bbox 1767 968 1885 1003; x_wconf 73' lang='grc' dir='ltr'><strong>Μωῡσῆς</strong></span> 
     </span>
    </p>
   </div>
   <div class='ocr_carea' id='block_1_63' title="bbox 1102 1014 1885 1051">
    <p class='ocr_par' dir='ltr' id='par_1_63' title="bbox 1102 1014 1885 1051">
     <span class='ocr_line' id='line_1_63' title="bbox 1102 1014 1885 1051; baseline -0.001 -10"><span class='ocrx_word' id='word_1_431' title='bbox 1102 1015 1171 1051; x_wconf 76' lang='grc' dir='ltr'>μετὰ</span> <span class='ocrx_word' id='word_1_432' title='bbox 1187 1015 1232 1042; x_wconf 81' lang='grc' dir='ltr'>τὸν</span> <span class='ocrx_word' id='word_1_433' title='bbox 1263 1015 1388 1051; x_wconf 78' lang='grc' dir='ltr'>Ἀϐραὰμ</span> <span class='ocrx_word' id='word_1_434' title='bbox 1415 1015 1576 1050; x_wconf 75' lang='grc' dir='ltr'>γενόμενος,</span> <span class='ocrx_word' id='word_1_435' title='bbox 1594 1015 1640 1041; x_wconf 70' lang='grc' dir='ltr'><strong>καὶ</strong></span> <span class='ocrx_word' id='word_1_436' title='bbox 1665 1014 1799 1040; x_wconf 71' lang='grc' dir='ltr'>πολιτείαν</span> <span class='ocrx_word' id='word_1_437' title='bbox 1824 1014 1885 1040; x_wconf 73' lang='grc' dir='ltr'>τινὰ</span> 
     </span>
    </p>
   </div>
   <div class='ocr_carea' id='block_1_64' title="bbox 1100 1060 1885 1097">
    <p class='ocr_par' dir='ltr' id='par_1_64' title="bbox 1100 1060 1885 1097">
     <span class='ocr_line' id='line_1_64' title="bbox 1100 1060 1885 1097; baseline 0 -10"><span class='ocrx_word' id='word_1_438' title='bbox 1100 1061 1143 1088; x_wconf 76' lang='grc' dir='ltr'><strong>διὰ</strong></span> <span class='ocrx_word' id='word_1_439' title='bbox 1160 1062 1208 1097; x_wconf 79' lang='grc' dir='ltr'>τῆς</span> <span class='ocrx_word' id='word_1_440' title='bbox 1225 1061 1380 1097; x_wconf 77' lang='grc' dir='ltr'>ἐκδοθείσης</span> <span class='ocrx_word' id='word_1_441' title='bbox 1403 1061 1448 1087; x_wconf 79' lang='grc' dir='ltr'><strong>ὑπ’</strong></span> <span class='ocrx_word' id='word_1_442' title='bbox 1469 1060 1550 1087; x_wconf 72' lang='grc' dir='ltr'>αὐτοῦ</span> <span class='ocrx_word' id='word_1_443' title='bbox 1569 1061 1729 1096; x_wconf 81' lang='grc' dir='ltr'>νομοθεσίας</span> <span class='ocrx_word' id='word_1_444' title='bbox 1754 1060 1792 1096; x_wconf 78' lang='grc' dir='ltr'>τῷ</span> <span class='ocrx_word' id='word_1_445' title='bbox 1821 1061 1885 1087; x_wconf 85' lang='grc' dir='ltr'>Ἰου-</span> 
     </span>
    </p>
   </div>
   <div class='ocr_carea' id='block_1_65' title="bbox 1098 1107 1884 1142">
    <p class='ocr_par' dir='ltr' id='par_1_65' title="bbox 1098 1107 1884 1142">
     <span class='ocr_line' id='line_1_65' title="bbox 1098 1107 1884 1142; baseline -0.003 -8"><span class='ocrx_word' id='word_1_446' title='bbox 1098 1107 1180 1134; x_wconf 79' lang='grc' dir='ltr'>δαίων</span> <span class='ocrx_word' id='word_1_447' title='bbox 1197 1107 1267 1134; x_wconf 76' lang='grc' dir='ltr'>ἔθνει</span> <span class='ocrx_word' id='word_1_448' title='bbox 1288 1107 1523 1142; x_wconf 76' lang='grc' dir='ltr'>καταϐεϐλημένος</span> <span class='ocrx_word' id='word_1_449' title='bbox 1543 1107 1655 1134; x_wconf 70' lang='grc' dir='ltr'>τοιαῦτα</span> <span class='ocrx_word' id='word_1_450' title='bbox 1679 1107 1884 1142; x_wconf 74' lang='grc' dir='ltr'>ἐνομοθέτησεν,</span> 
     </span>
    </p>
   </div>
   <div class='ocr_carea' id='block_1_66' title="bbox 1098 1151 1886 1189">
    <p class='ocr_par' dir='ltr' id='par_1_66' title="bbox 1098 1151 1886 1189">
     <span class='ocr_line' id='line_1_66' title="bbox 1098 1151 1886 1189; baseline -0.001 -9"><span class='ocrx_word' id='word_1_451' title='bbox 1098 1151 1142 1180; x_wconf 79' lang='grc' dir='ltr'>οἷα</span> <span class='ocrx_word' id='word_1_452' title='bbox 1155 1155 1266 1185; x_wconf 72' lang='grc' dir='ltr'>καὶτοῖς</span> <span class='ocrx_word' id='word_1_453' title='bbox 1279 1154 1331 1189; x_wconf 79' lang='grc' dir='ltr'>πρὸ</span> <span class='ocrx_word' id='word_1_454' title='bbox 1349 1154 1431 1180; x_wconf 80' lang='grc' dir='ltr'>αὐτοῦ</span> <span class='ocrx_word' id='word_1_455' title='bbox 1448 1153 1581 1188; x_wconf 71' lang='grc' dir='ltr'>θεοφιλέσι</span> <span class='ocrx_word' id='word_1_456' title='bbox 1594 1152 1767 1189; x_wconf 83' lang='grc' dir='ltr'>κατώρθωτο,</span> <span class='ocrx_word' id='word_1_457' title='bbox 1782 1154 1828 1180; x_wconf 69' lang='grc' dir='ltr'><strong>καὶ</strong></span> <span class='ocrx_word' id='word_1_458' title='bbox 1840 1151 1886 1180; x_wconf 78' lang='grc' dir='ltr'>οἶα.</span> 
     </span>
    </p>
   </div>
   <div class='ocr_carea' id='block_1_67' title="bbox 1098 1198 1886 1235">
    <p class='ocr_par' dir='ltr' id='par_1_67' title="bbox 1098 1198 1886 1235">
     <span class='ocr_line' id='line_1_67' title="bbox 1098 1198 1886 1235; baseline -0.001 -9"><span class='ocrx_word' id='word_1_459' title='bbox 1098 1199 1208 1226; x_wconf 70' lang='grc' dir='ltr'>δυνατὸν</span> <span class='ocrx_word' id='word_1_460' title='bbox 1223 1199 1256 1235; x_wconf 77' lang='grc' dir='ltr'>ἦν</span> <span class='ocrx_word' id='word_1_461' title='bbox 1274 1201 1339 1226; x_wconf 74' lang='grc' dir='ltr'>πᾶσι</span> <span class='ocrx_word' id='word_1_462' title='bbox 1354 1201 1410 1230; x_wconf 88' lang='grc' dir='ltr'>τοῖς</span> <span class='ocrx_word' id='word_1_463' title='bbox 1430 1199 1532 1225; x_wconf 77' lang='grc' dir='ltr'>ἔθνεσιν</span> <span class='ocrx_word' id='word_1_464' title='bbox 1551 1200 1740 1234; x_wconf 74' lang='grc' dir='ltr'>ἐφαρμόττειν,</span> <span class='ocrx_word' id='word_1_465' title='bbox 1753 1199 1791 1230; x_wconf 81' lang='grc' dir='ltr'>ὡς</span> <span class='ocrx_word' id='word_1_466' title='bbox 1805 1198 1886 1226; x_wconf 77' lang='grc' dir='ltr'>δύνα-</span> 
     </span>
    </p>
   </div>
   <div class='ocr_carea' id='block_1_68' title="bbox 1099 1245 1884 1281">
    <p class='ocr_par' dir='ltr' id='par_1_68' title="bbox 1099 1245 1884 1281">
     <span class='ocr_line' id='line_1_68' title="bbox 1099 1245 1884 1281; baseline 0 -10"><span class='ocrx_word' id='word_1_467' title='bbox 1099 1245 1158 1271; x_wconf 91' lang='grc' dir='ltr'>σθαι</span> <span class='ocrx_word' id='word_1_468' title='bbox 1170 1246 1239 1272; x_wconf 76' lang='grc' dir='ltr'>κατὰ</span> <span class='ocrx_word' id='word_1_469' title='bbox 1252 1246 1300 1279; x_wconf 79' lang='grc' dir='ltr'>τὴν</span> <span class='ocrx_word' id='word_1_470' title='bbox 1315 1245 1453 1278; x_wconf 78' lang='grc' dir='ltr'>Μωῡσέως</span> <span class='ocrx_word' id='word_1_471' title='bbox 1473 1246 1602 1281; x_wconf 58' lang='lat' dir='ltr'><strong>suum</strong></span> <span class='ocrx_word' id='word_1_472' title='bbox 1621 1247 1709 1277; x_wconf 85' lang='grc' dir='ltr'>πάσας</span> <span class='ocrx_word' id='word_1_473' title='bbox 1729 1245 1777 1278; x_wconf 74' lang='grc' dir='ltr'><strong>τὰς</strong></span> <span class='ocrx_word' id='word_1_474' title='bbox 1798 1245 1884 1280; x_wconf 76' lang='grc' dir='ltr'>φυλὰς</span> 
     </span>
    </p>
   </div>
   <div class='ocr_carea' id='block_1_69' title="bbox 1097 1284 1884 1328">
    <p class='ocr_par' dir='ltr' id='par_1_69' title="bbox 1097 1284 1884 1328">
     <span class='ocr_line' id='line_1_69' title="bbox 1097 1284 1884 1328; baseline 0.001 -11"><span class='ocrx_word' id='word_1_475' title='bbox 1097 1292 1145 1326; x_wconf 80' lang='grc' dir='ltr'>τῆς</span> <span class='ocrx_word' id='word_1_476' title='bbox 1156 1284 1218 1326; x_wconf 71' lang='grc' dir='ltr'>γῆς,</span> <span class='ocrx_word' id='word_1_477' title='bbox 1230 1292 1277 1317; x_wconf 68' lang='grc' dir='ltr'><strong>κοιλ⁸</strong></span> <span class='ocrx_word' id='word_1_478' title='bbox 1293 1291 1380 1318; x_wconf 83' lang='grc' dir='ltr'>πάντα</span> <span class='ocrx_word' id='word_1_479' title='bbox 1391 1291 1424 1317; x_wconf 78' lang='grc' dir='ltr'>τὰ</span> <span class='ocrx_word' id='word_1_480' title='bbox 1437 1291 1501 1327; x_wconf 79' lang='grc' dir='ltr'>ἔθνη</span> <span class='ocrx_word' id='word_1_481' title='bbox 1515 1293 1648 1319; x_wconf 75' lang='grc' dir='ltr'>θεοσεϐεῖν</span> <span class='ocrx_word' id='word_1_482' title='bbox 1660 1301 1666 1308; x_wconf 87' lang='grc'>·</span> <span class='ocrx_word' id='word_1_483' title='bbox 1681 1291 1714 1328; x_wconf 82' lang='grc' dir='ltr'>ἦν</span> <span class='ocrx_word' id='word_1_484' title='bbox 1732 1293 1828 1324; x_wconf 74' lang='grc' dir='ltr'>εἰπεῖν,</span> <span class='ocrx_word' id='word_1_485' title='bbox 1842 1292 1884 1319; x_wconf 76' lang='grc' dir='ltr'>ὅτι</span> 
     </span>
    </p>
   </div>
   <div class='ocr_carea' id='block_1_70' title="bbox 1096 1337 1883 1372">
    <p class='ocr_par' dir='ltr' id='par_1_70' title="bbox 1096 1337 1883 1372">
     <span class='ocr_line' id='line_1_70' title="bbox 1096 1337 1883 1372; baseline 0.001 -9"><span class='ocrx_word' id='word_1_486' title='bbox 1096 1337 1140 1364; x_wconf 76' lang='grc' dir='ltr'><strong>διὰ</strong></span> <span class='ocrx_word' id='word_1_487' title='bbox 1155 1338 1203 1372; x_wconf 78' lang='grc' dir='ltr'>τῆς</span> <span class='ocrx_word' id='word_1_488' title='bbox 1221 1337 1360 1369; x_wconf 81' lang='grc' dir='ltr'><strong>Μωῢσέως</strong></span> <span class='ocrx_word' id='word_1_489' title='bbox 1377 1338 1535 1372; x_wconf 82' lang='grc' dir='ltr'>νομοθεσίας</span> <span class='ocrx_word' id='word_1_490' title='bbox 1554 1339 1616 1370; x_wconf 74' lang='grc' dir='ltr'>τοὺς</span> <span class='ocrx_word' id='word_1_491' title='bbox 1633 1338 1662 1370; x_wconf 81' lang='grc' dir='ltr'>ἐξ</span> <span class='ocrx_word' id='word_1_492' title='bbox 1686 1339 1812 1365; x_wconf 87' lang='grc' dir='ltr'>ἁπάντων</span> <span class='ocrx_word' id='word_1_493' title='bbox 1829 1338 1883 1365; x_wconf 82' lang='grc' dir='ltr'>τῶν</span> 
     </span>
    </p>
   </div>
   <div class='ocr_carea' id='block_1_71' title="bbox 1096 1381 1883 1421">
    <p class='ocr_par' dir='ltr' id='par_1_71' title="bbox 1096 1381 1883 1421">
     <span class='ocr_line' id='line_1_71' title="bbox 1096 1381 1883 1421; baseline 0.001 -11"><span class='ocrx_word' id='word_1_494' title='bbox 1096 1383 1180 1411; x_wconf 82' lang='grc' dir='ltr'>ὲθνῶν</span> <span class='ocrx_word' id='word_1_495' title='bbox 1205 1381 1437 1418; x_wconf 70' lang='grc' dir='ltr'>θεοσεϐήσαντᾶς,</span> <span class='ocrx_word' id='word_1_496' title='bbox 1455 1385 1502 1411; x_wconf 75' lang='grc' dir='ltr'>καὶ</span> <span class='ocrx_word' id='word_1_497' title='bbox 1530 1385 1576 1411; x_wconf 77' lang='grc' dir='ltr'>τὸν</span> <span class='ocrx_word' id='word_1_498' title='bbox 1610 1385 1774 1421; x_wconf 73' lang='grc' dir='ltr'>Ὶουδαῐσμδν</span> <span class='ocrx_word' id='word_1_499' title='bbox 1797 1385 1883 1420; x_wconf 81' lang='grc' dir='ltr'><strong>ζηλὼ-</strong></span> 
     </span>
    </p>
   </div>
   <div class='ocr_carea' id='block_1_72' title="bbox 1097 1430 1880 1466">
    <p class='ocr_par' dir='ltr' id='par_1_72' title="bbox 1097 1430 1880 1466">
     <span class='ocr_line' id='line_1_72' title="bbox 1097 1430 1880 1466; baseline 0.003 -10"><span class='ocrx_word' id='word_1_500' title='bbox 1097 1432 1206 1463; x_wconf 75' lang='grc' dir='ltr'>σαντας,</span> <span class='ocrx_word' id='word_1_501' title='bbox 1218 1430 1286 1465; x_wconf 79' lang='grc' dir='ltr'>πρὸς</span> <span class='ocrx_word' id='word_1_502' title='bbox 1296 1430 1393 1461; x_wconf 76' lang='grc' dir='ltr'>αὐτούς</span> <span class='ocrx_word' id='word_1_503' title='bbox 1404 1439 1432 1456; x_wconf 88' lang='grc' dir='ltr'><strong>τε</strong></span> <span class='ocrx_word' id='word_1_504' title='bbox 1444 1431 1640 1466; x_wconf 77' lang='grc' dir='ltr'>γενησομένους</span> <span class='ocrx_word' id='word_1_505' title='bbox 1651 1432 1720 1458; x_wconf 77' lang='grc' dir='ltr'>κατὰ</span> <span class='ocrx_word' id='word_1_506' title='bbox 1731 1431 1775 1458; x_wconf 71' lang='grc' dir='ltr'><strong>τὸν</strong></span> <span class='ocrx_word' id='word_1_507' title='bbox 1788 1432 1880 1466; x_wconf 80' lang='grc' dir='ltr'>νόμον,</span> 
     </span>
    </p>
   </div>
   <div class='ocr_carea' id='block_1_73' title="bbox 1095 1475 1880 1512">
    <p class='ocr_par' dir='ltr' id='par_1_73' title="bbox 1095 1475 1880 1512">
     <span class='ocr_line' id='line_1_73' title="bbox 1095 1475 1880 1512; baseline 0.001 -10"><span class='ocrx_word' id='word_1_508' title='bbox 1095 1475 1324 1511; x_wconf 82' lang='grc' dir='ltr'>εὐλογηθήσεσθαι</span> <span class='ocrx_word' id='word_1_509' title='bbox 1350 1477 1382 1511; x_wconf 87' lang='grc' dir='ltr'><strong>τῇ</strong></span> <span class='ocrx_word' id='word_1_510' title='bbox 1409 1475 1456 1502; x_wconf 80' lang='grc' dir='ltr'>τοῦ</span> <span class='ocrx_word' id='word_1_511' title='bbox 1482 1476 1607 1512; x_wconf 79' lang='grc' dir='ltr'>Ἀϐραὰμ</span> <span class='ocrx_word' id='word_1_512' title='bbox 1629 1477 1738 1512; x_wconf 76' lang='grc' dir='ltr'>εὐλογία</span> <span class='ocrx_word' id='word_1_513' title='bbox 1760 1477 1880 1512; x_wconf 76' lang='grc' dir='ltr'>προηγό-</span> 
     </span>
    </p>
   </div>
   <div class='ocr_carea' id='block_1_74' title="bbox 1095 1521 1882 1559">
    <p class='ocr_par' dir='ltr' id='par_1_74' title="bbox 1095 1521 1882 1559">
     <span class='ocr_line' id='line_1_74' title="bbox 1095 1521 1882 1559; baseline 0.003 -12"><span class='ocrx_word' id='word_1_514' title='bbox 1095 1530 1157 1557; x_wconf 79' lang='grc' dir='ltr'>ρευε</span> <span class='ocrx_word' id='word_1_515' title='bbox 1172 1521 1206 1548; x_wconf 83' lang='grc' dir='ltr'>τὰ</span> <span class='ocrx_word' id='word_1_516' title='bbox 1223 1521 1310 1556; x_wconf 86' lang='grc' dir='ltr'>λόγια.</span> <span class='ocrx_word' id='word_1_517' title='bbox 1327 1522 1423 1558; x_wconf 81' lang='grc' dir='ltr'>Ἐχρῆν</span> <span class='ocrx_word' id='word_1_518' title='bbox 1439 1523 1466 1549; x_wconf 79' lang='grc' dir='ltr'>δὲ</span> <span class='ocrx_word' id='word_1_519' title='bbox 1484 1523 1531 1549; x_wconf 85' lang='grc' dir='ltr'>καὶ</span> <span class='ocrx_word' id='word_1_520' title='bbox 1545 1524 1618 1558; x_wconf 79' lang='grc' dir='ltr'>ἡμᾶς</span> <span class='ocrx_word' id='word_1_521' title='bbox 1633 1523 1667 1549; x_wconf 75' lang='grc' dir='ltr'><strong>τὰ</strong></span> <span class='ocrx_word' id='word_1_522' title='bbox 1683 1523 1757 1559; x_wconf 77' lang='grc' dir='ltr'>παρὰ</span> <span class='ocrx_word' id='word_1_523' title='bbox 1770 1523 1882 1550; x_wconf 76' lang='grc' dir='ltr'><strong>Μωῡσεῖ</strong></span> 
     </span>
    </p>
   </div>
   <div class='ocr_carea' id='block_1_75' title="bbox 1093 1568 1881 1605">
    <p class='ocr_par' dir='ltr' id='par_1_75' title="bbox 1093 1568 1881 1605">
     <span class='ocr_line' id='line_1_75' title="bbox 1093 1568 1881 1605; baseline 0.003 -11"><span class='ocrx_word' id='word_1_524' title='bbox 1093 1568 1293 1603; x_wconf 83' lang='grc' dir='ltr'>διατεταγμένα</span> <span class='ocrx_word' id='word_1_525' title='bbox 1313 1569 1466 1602; x_wconf 82' lang='grc' dir='ltr'>φυλάττειν.</span> <span class='ocrx_word' id='word_1_526' title='bbox 1490 1570 1564 1596; x_wconf 75' lang='grc' dir='ltr'>Ἐπεὶ</span> <span class='ocrx_word' id='word_1_527' title='bbox 1592 1569 1621 1596; x_wconf 74' lang='grc' dir='ltr'>δὲ</span> <span class='ocrx_word' id='word_1_528' title='bbox 1644 1570 1694 1596; x_wconf 76' lang='grc' dir='ltr'>οὐκ</span> <span class='ocrx_word' id='word_1_529' title='bbox 1719 1568 1753 1605; x_wconf 84' lang='grc' dir='ltr'>ἦν</span> <span class='ocrx_word' id='word_1_530' title='bbox 1778 1569 1881 1605; x_wconf 49' lang='lat' dir='ltr'><strong>suam</strong></span> 
     </span>
    </p>
   </div>
   <div class='ocr_carea' id='block_1_76' title="bbox 1094 1613 1880 1649">
    <p class='ocr_par' dir='ltr' id='par_1_76' title="bbox 1094 1613 1880 1649">
     <span class='ocr_line' id='line_1_76' title="bbox 1094 1613 1880 1649; baseline 0.003 -10"><span class='ocrx_word' id='word_1_531' title='bbox 1094 1613 1212 1640; x_wconf 80' lang='grc' dir='ltr'>Μωῡσέα</span> <span class='ocrx_word' id='word_1_532' title='bbox 1239 1614 1361 1640; x_wconf 86' lang='grc' dir='ltr'>πολιτεία</span> <span class='ocrx_word' id='word_1_533' title='bbox 1389 1614 1554 1649; x_wconf 72' lang='grc' dir='ltr'>κατάλληλος</span> <span class='ocrx_word' id='word_1_534' title='bbox 1570 1616 1624 1646; x_wconf 80' lang='grc' dir='ltr'>τοῖς</span> <span class='ocrx_word' id='word_1_535' title='bbox 1651 1614 1752 1646; x_wconf 64' lang='lat' dir='ltr'><strong>Zeti-ret;</strong></span> <span class='ocrx_word' id='word_1_536' title='bbox 1777 1614 1880 1642; x_wconf 71' lang='grc' dir='ltr'>ἔθνεσιν</span> 
     </span>
    </p>
   </div>
   <div class='ocr_carea' id='block_1_77' title="bbox 1093 1658 1878 1695">
    <p class='ocr_par' dir='ltr' id='par_1_77' title="bbox 1093 1658 1878 1695">
     <span class='ocr_line' id='line_1_77' title="bbox 1093 1658 1878 1695; baseline 0.003 -11"><span class='ocrx_word' id='word_1_537' title='bbox 1093 1658 1151 1685; x_wconf 75' lang='grc' dir='ltr'>ἀλλ’</span> <span class='ocrx_word' id='word_1_538' title='bbox 1165 1659 1181 1694; x_wconf 85' lang='grc' dir='ltr'><strong>ἢ</strong></span> <span class='ocrx_word' id='word_1_539' title='bbox 1198 1659 1288 1694; x_wconf 85' lang='grc' dir='ltr'>μόνοις</span> <span class='ocrx_word' id='word_1_540' title='bbox 1310 1659 1452 1691; x_wconf 80' lang='grc' dir='ltr'>Ἰουδαίοις,</span> <span class='ocrx_word' id='word_1_541' title='bbox 1469 1660 1515 1686; x_wconf 73' lang='grc' dir='ltr'>καὶ</span> <span class='ocrx_word' id='word_1_542' title='bbox 1527 1660 1631 1692; x_wconf 76' lang='grc' dir='ltr'>τούτοις</span> <span class='ocrx_word' id='word_1_543' title='bbox 1647 1660 1708 1695; x_wconf 74' lang='grc' dir='ltr'>οὐχὶ</span> <span class='ocrx_word' id='word_1_544' title='bbox 1717 1661 1771 1691; x_wconf 85' lang='grc' dir='ltr'>τοῖς</span> <span class='ocrx_word' id='word_1_545' title='bbox 1785 1661 1878 1692; x_wconf 81' lang='grc' dir='ltr'>πᾶσιν,</span> 
     </span>
    </p>
   </div>
   <div class='ocr_carea' id='block_1_78' title="bbox 1094 1704 1880 1742">
    <p class='ocr_par' dir='ltr' id='par_1_78' title="bbox 1094 1704 1880 1742">
     <span class='ocr_line' id='line_1_78' title="bbox 1094 1704 1880 1742; baseline 0.001 -11"><span class='ocrx_word' id='word_1_546' title='bbox 1094 1704 1161 1731; x_wconf 77' lang='grc' dir='ltr'>ἀλλὰ</span> <span class='ocrx_word' id='word_1_547' title='bbox 1176 1707 1231 1737; x_wconf 82' lang='grc' dir='ltr'>τοῖς</span> <span class='ocrx_word' id='word_1_548' title='bbox 1247 1706 1293 1731; x_wconf 74' lang='grc' dir='ltr'><strong>ἐπὶ</strong></span> <span class='ocrx_word' id='word_1_549' title='bbox 1310 1705 1360 1740; x_wconf 81' lang='grc' dir='ltr'>τῆς</span> <span class='ocrx_word' id='word_1_550' title='bbox 1378 1707 1506 1738; x_wconf 84' lang='grc' dir='ltr'>Ἰουδαίας</span> <span class='ocrx_word' id='word_1_551' title='bbox 1521 1707 1572 1741; x_wconf 82' lang='grc' dir='ltr'>γῆς</span> <span class='ocrx_word' id='word_1_552' title='bbox 1591 1707 1640 1739; x_wconf 83' lang='grc' dir='ltr'><strong>τὰς</strong></span> <span class='ocrx_word' id='word_1_553' title='bbox 1661 1706 1800 1742; x_wconf 76' lang='grc' dir='ltr'>διατριϐὰς</span> <span class='ocrx_word' id='word_1_554' title='bbox 1821 1715 1880 1733; x_wconf 82' lang='grc' dir='ltr'>ποι-</span> 
     </span>
    </p>
   </div>
   <div class='ocr_carea' id='block_1_79' title="bbox 1093 1751 1880 1787">
    <p class='ocr_par' dir='ltr' id='par_1_79' title="bbox 1093 1751 1880 1787">
     <span class='ocr_line' id='line_1_79' title="bbox 1093 1751 1880 1787; baseline 0.003 -10"><span class='ocrx_word' id='word_1_555' title='bbox 1093 1751 1231 1786; x_wconf 72' lang='grc' dir='ltr'>ουμένοιςο</span> <span class='ocrx_word' id='word_1_556' title='bbox 1246 1751 1337 1787; x_wconf 76' lang='grc' dir='ltr'>ἕτερον</span> <span class='ocrx_word' id='word_1_557' title='bbox 1354 1752 1437 1787; x_wconf 74' lang='grc' dir='ltr'>ἐχρῆν</span> <span class='ocrx_word' id='word_1_558' title='bbox 1448 1751 1477 1784; x_wconf 78' lang='grc' dir='ltr'><strong>ἐξ</strong></span> <span class='ocrx_word' id='word_1_559' title='bbox 1491 1753 1608 1784; x_wconf 75' lang='grc' dir='ltr'>ἅπαντος</span> <span class='ocrx_word' id='word_1_560' title='bbox 1618 1753 1766 1787; x_wconf 77' lang='grc' dir='ltr'>ὑποστῆναι</span> <span class='ocrx_word' id='word_1_561' title='bbox 1779 1753 1880 1787; x_wconf 80' lang='grc' dir='ltr'>τρόπον</span> 
     </span>
    </p>
   </div>
   <div class='ocr_carea' id='block_1_80' title="bbox 1093 1796 1878 1834">
    <p class='ocr_par' dir='ltr' id='par_1_80' title="bbox 1093 1796 1878 1834">
     <span class='ocr_line' id='line_1_80' title="bbox 1093 1796 1878 1834; baseline 0.004 -12"><span class='ocrx_word' id='word_1_562' title='bbox 1093 1796 1168 1832; x_wconf 75' lang='grc' dir='ltr'>παρὰ</span> <span class='ocrx_word' id='word_1_563' title='bbox 1184 1797 1229 1823; x_wconf 77' lang='grc' dir='ltr'><strong>τὸν</strong></span> <span class='ocrx_word' id='word_1_564' title='bbox 1246 1797 1383 1829; x_wconf 77' lang='grc' dir='ltr'><strong>Μωῦσέως</strong></span> <span class='ocrx_word' id='word_1_565' title='bbox 1398 1798 1489 1834; x_wconf 88' lang='grc' dir='ltr'>νόμον,</span> <span class='ocrx_word' id='word_1_566' title='bbox 1508 1799 1566 1825; x_wconf 81' lang='grc' dir='ltr'>καθ’</span> <span class='ocrx_word' id='word_1_567' title='bbox 1582 1799 1611 1825; x_wconf 82' lang='grc' dir='ltr'>ὃν</span> <span class='ocrx_word' id='word_1_568' title='bbox 1627 1799 1747 1833; x_wconf 74' lang='grc' dir='ltr'>ἔμελλον,</span> <span class='ocrx_word' id='word_1_569' title='bbox 1767 1799 1878 1834; x_wconf 76' lang='grc' dir='ltr'>βιοῦντα</span> 
     </span>
    </p>
   </div>
   <div class='ocr_carea' id='block_1_81' title="bbox 1092 1842 1876 1880">
    <p class='ocr_par' dir='ltr' id='par_1_81' title="bbox 1092 1842 1876 1880">
     <span class='ocr_line' id='line_1_81' title="bbox 1092 1842 1876 1880; baseline 0.003 -12"><span class='ocrx_word' id='word_1_570' title='bbox 1092 1842 1192 1877; x_wconf 72' lang='grc' dir='ltr'>ὁμοίως</span> <span class='ocrx_word' id='word_1_571' title='bbox 1203 1842 1241 1878; x_wconf 80' lang='grc' dir='ltr'><strong>τῷ</strong></span> <span class='ocrx_word' id='word_1_572' title='bbox 1267 1843 1389 1879; x_wconf 68' lang='grc' dir='ltr'>Ἀϐραὰμ</span> <span class='ocrx_word' id='word_1_573' title='bbox 1407 1844 1440 1870; x_wconf 82' lang='grc' dir='ltr'><strong>τὰ</strong></span> <span class='ocrx_word' id='word_1_574' title='bbox 1457 1844 1517 1870; x_wconf 87' lang='grc' dir='ltr'>καθ’</span> <span class='ocrx_word' id='word_1_575' title='bbox 1531 1845 1595 1880; x_wconf 78' lang='grc' dir='ltr'>ὅλης</span> <span class='ocrx_word' id='word_1_576' title='bbox 1618 1844 1779 1879; x_wconf 67' lang='grc' dir='ltr'>οἰκουμένης</span> <span class='ocrx_word' id='word_1_577' title='bbox 1801 1844 1876 1879; x_wconf 74' lang='grc' dir='ltr'>ἔθνη,</span> 
     </span>
    </p>
   </div>
   <div class='ocr_carea' id='block_1_82' title="bbox 1092 1888 1630 1926">
    <p class='ocr_par' dir='ltr' id='par_1_82' title="bbox 1092 1888 1630 1926">
     <span class='ocr_line' id='line_1_82' title="bbox 1092 1888 1630 1926; baseline 0.004 -12"><span class='ocrx_word' id='word_1_578' title='bbox 1092 1888 1141 1923; x_wconf 79' lang='grc' dir='ltr'>τῆς</span> <span class='ocrx_word' id='word_1_579' title='bbox 1153 1888 1213 1924; x_wconf 72' lang='grc' dir='ltr'>ἴσης</span> <span class='ocrx_word' id='word_1_580' title='bbox 1225 1889 1298 1925; x_wconf 81' lang='grc' dir='ltr'>αὐτῷ</span> <span class='ocrx_word' id='word_1_581' title='bbox 1313 1891 1486 1926; x_wconf 81' lang='grc' dir='ltr'>κοινωνήσειν</span> <span class='ocrx_word' id='word_1_582' title='bbox 1496 1891 1630 1924; x_wconf 81' lang='grc' dir='ltr'>εὐλογίας.</span> 
     </span>
    </p>
   </div>
   <div class='ocr_carea' id='block_1_83' title="bbox 1353 2032 1609 2060">
    <p class='ocr_par' dir='ltr' id='par_1_83' title="bbox 1353 2032 1609 2060">
     <span class='ocr_line' id='line_1_83' title="bbox 1353 2032 1609 2060; baseline 0.004 -1"><span class='ocrx_word' id='word_1_583' title='bbox 1353 2032 1549 2059; x_wconf 81' lang='grc' dir='ltr'><strong>ΚΕΦᾹΛΑΙΟΝ</strong></span> <span class='ocrx_word' id='word_1_584' title='bbox 1573 2033 1609 2060; x_wconf 76' lang='grc' dir='ltr'><strong>Ι”’.</strong></span> 
     </span>
    </p>
   </div>
   <div class='ocr_carea' id='block_1_84' title="bbox 1092 2076 1875 2116">
    <p class='ocr_par' dir='ltr' id='par_1_84' title="bbox 1092 2076 1875 2116">
     <span class='ocr_line' id='line_1_84' title="bbox 1092 2076 1875 2116; baseline 0.009 -13"><span class='ocrx_word' id='word_1_585' title='bbox 1092 2077 1152 2104; x_wconf 79' lang='grc' dir='ltr'>ὀτι</span> <span class='ocrx_word' id='word_1_586' title='bbox 1165 2076 1208 2112; x_wconf 80' lang='grc' dir='ltr'>μὴ</span> <span class='ocrx_word' id='word_1_587' title='bbox 1221 2077 1296 2106; x_wconf 86' lang='grc' dir='ltr'>πᾶσι</span> <span class='ocrx_word' id='word_1_588' title='bbox 1309 2078 1372 2116; x_wconf 69' lang='grc' dir='ltr'>τοῖς</span> <span class='ocrx_word' id='word_1_589' title='bbox 1387 2078 1488 2116; x_wconf 60' lang='grc' dir='ltr'>ἓθιςεσι</span> <span class='ocrx_word' id='word_1_590' title='bbox 1510 2079 1702 2114; x_wconf 77' lang='grc' dir='ltr'>κατάλληλος</span> <span class='ocrx_word' id='word_1_591' title='bbox 1712 2078 1752 2116; x_wconf 80' lang='grc' dir='ltr'>ἦν</span> <span class='ocrx_word' id='word_1_592' title='bbox 1766 2081 1784 2115; x_wconf 78' lang='grc' dir='ltr'>ἡ</span> <span class='ocrx_word' id='word_1_593' title='bbox 1799 2083 1875 2110; x_wconf 85' lang='grc' dir='ltr'>κατὰ</span> 
     </span>
    </p>
   </div>
   <div class='ocr_carea' id='block_1_85' title="bbox 1335 2113 1628 2141">
    <p class='ocr_par' dir='ltr' id='par_1_85' title="bbox 1335 2113 1628 2141">
     <span class='ocr_line' id='line_1_85' title="bbox 1335 2113 1628 2141; baseline 0 0"><span class='ocrx_word' id='word_1_594' title='bbox 1335 2113 1462 2141; x_wconf 78' lang='grc' dir='ltr'><strong>Μωϋσέα</strong></span> <span class='ocrx_word' id='word_1_595' title='bbox 1485 2116 1628 2141; x_wconf 81' lang='grc' dir='ltr'>πολιτεία.</span> 
     </span>
    </p>
   </div>
   <div class='ocr_carea' id='block_1_86' title="bbox 1127 2169 1873 2207">
    <p class='ocr_par' dir='ltr' id='par_1_86' title="bbox 1127 2169 1873 2207">
     <span class='ocr_line' id='line_1_86' title="bbox 1127 2169 1873 2207; baseline 0.004 -11"><span class='ocrx_word' id='word_1_596' title='bbox 1127 2169 1187 2196; x_wconf 86' lang='grc' dir='ltr'>’Ὀτι</span> <span class='ocrx_word' id='word_1_597' title='bbox 1210 2170 1238 2196; x_wconf 82' lang='grc' dir='ltr'>δὲ</span> <span class='ocrx_word' id='word_1_598' title='bbox 1254 2171 1270 2206; x_wconf 80' lang='grc' dir='ltr'><strong>ἡ</strong></span> <span class='ocrx_word' id='word_1_599' title='bbox 1288 2169 1359 2197; x_wconf 75' lang='grc' dir='ltr'>κατὰ</span> <span class='ocrx_word' id='word_1_600' title='bbox 1378 2171 1497 2197; x_wconf 85' lang='grc' dir='ltr'><strong>Μωῡσέα</strong></span> <span class='ocrx_word' id='word_1_601' title='bbox 1519 2171 1633 2207; x_wconf 80' lang='grc' dir='ltr'>διαταγὴ</span> <span class='ocrx_word' id='word_1_602' title='bbox 1663 2171 1815 2205; x_wconf 83' lang='grc' dir='ltr'>Ἰουδαίοις,</span> <span class='ocrx_word' id='word_1_603' title='bbox 1835 2174 1873 2205; x_wconf 81' lang='grc' dir='ltr'><strong>ὡς</strong></span> 
     </span>
    </p>
   </div>
   <div class='ocr_carea' id='block_1_87' title="bbox 1090 2216 1873 2254">
    <p class='ocr_par' dir='ltr' id='par_1_87' title="bbox 1090 2216 1873 2254">
     <span class='ocr_line' id='line_1_87' title="bbox 1090 2216 1873 2254; baseline 0.005 -12"><span class='ocrx_word' id='word_1_604' title='bbox 1090 2216 1167 2252; x_wconf 72' lang='grc' dir='ltr'>ἔφην,</span> <span class='ocrx_word' id='word_1_605' title='bbox 1192 2217 1240 2243; x_wconf 79' lang='grc' dir='ltr'>καὶ</span> <span class='ocrx_word' id='word_1_606' title='bbox 1264 2216 1369 2249; x_wconf 81' lang='grc' dir='ltr'>τούτοις</span> <span class='ocrx_word' id='word_1_607' title='bbox 1394 2217 1453 2252; x_wconf 78' lang='grc' dir='ltr'>οὐχὶ</span> <span class='ocrx_word' id='word_1_608' title='bbox 1479 2218 1560 2244; x_wconf 75' lang='grc' dir='ltr'>πᾶσιν</span> <span class='ocrx_word' id='word_1_609' title='bbox 1588 2218 1658 2252; x_wconf 77' lang='grc' dir='ltr'>(οὐδὲ</span> <span class='ocrx_word' id='word_1_610' title='bbox 1682 2218 1736 2254; x_wconf 77' lang='grc' dir='ltr'><strong>γὰρ</strong></span> <span class='ocrx_word' id='word_1_611' title='bbox 1765 2221 1820 2251; x_wconf 83' lang='grc' dir='ltr'>τοῖς</span> <span class='ocrx_word' id='word_1_612' title='bbox 1843 2221 1873 2246; x_wconf 82' lang='grc' dir='ltr'>ὲν</span> 
     </span>
    </p>
   </div>
   <div class='ocr_carea' id='block_1_88' title="bbox 255 2254 1044 2301">
    <p class='ocr_par' dir='ltr' id='par_1_88' title="bbox 255 2254 1038 2294">
     <span class='ocr_line' id='line_1_88' title="bbox 255 2254 1038 2294; baseline 0.018 -14"><span class='ocrx_word' id='word_1_613' title='bbox 255 2254 288 2281; x_wconf 91' lang='lat' dir='ltr'><strong>iis</strong></span> <span class='ocrx_word' id='word_1_614' title='bbox 299 2255 345 2288; x_wconf 84' lang='lat' dir='ltr'><strong>qui</strong></span> <span class='ocrx_word' id='word_1_615' title='bbox 361 2255 388 2282; x_wconf 92' lang='lat' dir='ltr'><strong>iu</strong></span> <span class='ocrx_word' id='word_1_616' title='bbox 404 2255 576 2291; x_wconf 87' lang='lat' dir='ltr'><strong>dispersione</strong></span> <span class='ocrx_word' id='word_1_617' title='bbox 587 2260 757 2294; x_wconf 83' lang='lat' dir='ltr'><strong>victitabant,</strong></span> <span class='ocrx_word' id='word_1_618' title='bbox 780 2263 826 2290; x_wconf 87' lang='lat' dir='ltr'><strong>sed</strong></span> <span class='ocrx_word' id='word_1_619' title='bbox 844 2265 910 2292; x_wconf 89' lang='lat' dir='ltr'><strong>solis</strong></span> <span class='ocrx_word' id='word_1_620' title='bbox 933 2266 961 2293; x_wconf 89' lang='lat' dir='ltr'><strong>in</strong></span> <span class='ocrx_word' id='word_1_621' title='bbox 987 2267 1038 2294; x_wconf 87' lang='lat' dir='ltr'><strong>Pa-</strong></span> 
     </span>
    </p>
   </div>
   <div class='ocr_carea' id='block_1_89' title="bbox 1096 2254 1873 2301">
    <p class='ocr_par' dir='ltr' id='par_1_89' title="bbox 1096 2262 1873 2301">
     <span class='ocr_line' id='line_1_89' title="bbox 1096 2262 1873 2301; baseline 0.006 -14"><span class='ocrx_word' id='word_1_622' title='bbox 1096 2262 1221 2297; x_wconf 75' lang='grc' dir='ltr'>ῑιασπορᾷ</span> <span class='ocrx_word' id='word_1_623' title='bbox 1241 2262 1429 2298; x_wconf 82' lang='grc' dir='ltr'>τυγχάνουσιν,</span> <span class='ocrx_word' id='word_1_624' title='bbox 1455 2263 1512 2290; x_wconf 78' lang='grc' dir='ltr'>ἀλλ’</span> <span class='ocrx_word' id='word_1_625' title='bbox 1528 2263 1544 2299; x_wconf 83' lang='grc' dir='ltr'>ἢ</span> <span class='ocrx_word' id='word_1_626' title='bbox 1571 2264 1661 2299; x_wconf 79' lang='grc' dir='ltr'>μόνοις</span> <span class='ocrx_word' id='word_1_627' title='bbox 1679 2267 1734 2297; x_wconf 85' lang='grc' dir='ltr'>τοῖς</span> <span class='ocrx_word' id='word_1_628' title='bbox 1751 2265 1799 2301; x_wconf 76' lang='grc' dir='ltr'>τὴν</span> <span class='ocrx_word' id='word_1_629' title='bbox 1818 2266 1873 2292; x_wconf 86' lang='grc' dir='ltr'><strong>Πα-</strong></span> 
     </span>
    </p>
   </div>
   <div class='ocr_carea' id='block_1_90' title="bbox 255 2300 1038 2340">
    <p class='ocr_par' dir='ltr' id='par_1_90' title="bbox 255 2300 1038 2340">
     <span class='ocr_line' id='line_1_90' title="bbox 255 2300 1038 2340; baseline 0.018 -14"><span class='ocrx_word' id='word_1_630' title='bbox 255 2300 358 2327; x_wconf 72' lang='lat' dir='ltr'><strong>laestina</strong></span> <span class='ocrx_word' id='word_1_631' title='bbox 375 2304 560 2340; x_wconf 77' lang='lat' dir='ltr'><strong>versantibus)</strong></span> <span class='ocrx_word' id='word_1_632' title='bbox 577 2307 789 2335; x_wconf 69' lang='lat' dir='ltr'><strong>accommodatae</strong></span> <span class='ocrx_word' id='word_1_633' title='bbox 815 2308 916 2337; x_wconf 80' lang='lat' dir='ltr'><strong>fuerint</strong></span> <span class='ocrx_word' id='word_1_634' title='bbox 945 2321 951 2339; x_wconf 87' lang='lat'><strong>:</strong></span> <span class='ocrx_word' id='word_1_635' title='bbox 982 2313 1038 2340; x_wconf 89' lang='lat' dir='ltr'><strong>evi-</strong></span> 
     </span>
    </p>
   </div>
   <div class='ocr_carea' id='block_1_91' title="bbox 254 2346 1036 2387">
    <p class='ocr_par' dir='ltr' id='par_1_91' title="bbox 254 2346 1036 2387">
     <span class='ocr_line' id='line_1_91' title="bbox 254 2346 1036 2387; baseline 0.018 -14"><span class='ocrx_word' id='word_1_636' title='bbox 254 2346 321 2374; x_wconf 86' lang='lat' dir='ltr'><strong>dens</strong></span> <span class='ocrx_word' id='word_1_637' title='bbox 337 2348 385 2374; x_wconf 88' lang='lat' dir='ltr'><strong>tibi</strong></span> <span class='ocrx_word' id='word_1_638' title='bbox 401 2349 453 2376; x_wconf 90' lang='lat' dir='ltr'><strong>erit</strong></span> <span class='ocrx_word' id='word_1_639' title='bbox 469 2349 506 2376; x_wconf 83' lang='lat' dir='ltr'><strong>ita</strong></span> <span class='ocrx_word' id='word_1_640' title='bbox 520 2351 668 2387; x_wconf 85' lang='lat' dir='ltr'><strong>colligenti.</strong></span> <span class='ocrx_word' id='word_1_641' title='bbox 693 2354 738 2381; x_wconf 81' lang='lat' dir='ltr'><strong>Ait</strong></span> <span class='ocrx_word' id='word_1_642' title='bbox 762 2355 862 2384; x_wconf 86' lang='lat' dir='ltr'><strong>alicubi</strong></span> <span class='ocrx_word' id='word_1_643' title='bbox 891 2357 980 2386; x_wconf 84' lang='lat' dir='ltr'><strong>Moses</strong></span> <span class='ocrx_word' id='word_1_644' title='bbox 996 2359 1036 2386; x_wconf 87' lang='lat' dir='ltr'><strong>le-</strong></span> 
     </span>
    </p>
   </div>
   <div class='ocr_carea' id='block_1_92' title="bbox 253 2395 1037 2439">
    <p class='ocr_par' dir='ltr' id='par_1_92' title="bbox 253 2395 1037 2439">
     <span class='ocr_line' id='line_1_92' title="bbox 253 2395 1037 2439; baseline 0.018 -21"><span class='ocrx_word' id='word_1_645' title='bbox 253 2399 339 2427; x_wconf 81' lang='lat' dir='ltr'><strong>geque</strong></span> <span class='ocrx_word' id='word_1_646' title='bbox 366 2395 488 2430; x_wconf 57' lang='lat' dir='ltr'><strong>pracipit</strong></span> <span class='ocrx_word' id='word_1_647' title='bbox 505 2396 526 2412; x_wconf 85' lang='lat'><strong>&#39;°</strong></span> <span class='ocrx_word' id='word_1_648' title='bbox 543 2405 550 2424; x_wconf 91' lang='lat'><strong>:</strong></span> <span class='ocrx_word' id='word_1_649' title='bbox 569 2406 578 2422; x_wconf 78' lang='grc' dir='ltr'>ἰ</span> <span class='ocrx_word' id='word_1_650' title='bbox 593 2397 644 2425; x_wconf 88' lang='lat' dir='ltr'><strong>Ter</strong></span> <span class='ocrx_word' id='word_1_651' title='bbox 665 2401 761 2435; x_wconf 88' lang='lat' dir='ltr'><strong>quovis</strong></span> <span class='ocrx_word' id='word_1_652' title='bbox 788 2409 860 2430; x_wconf 88' lang='lat' dir='ltr'><strong>anno</strong></span> <span class='ocrx_word' id='word_1_653' title='bbox 898 2405 1037 2439; x_wconf 80' lang='lat' dir='ltr'><strong>apparebit</strong></span> 
     </span>
    </p>
   </div>
   <div class='ocr_carea' id='block_1_93' title="bbox 252 2442 1034 2478">
    <p class='ocr_par' dir='ltr' id='par_1_93' title="bbox 252 2442 1034 2478">
     <span class='ocr_line' id='line_1_93' title="bbox 252 2442 1034 2478; baseline 0.019 -14"><span class='ocrx_word' id='word_1_654' title='bbox 252 2446 333 2466; x_wconf 89' lang='lat' dir='ltr'><strong>onme</strong></span> <span class='ocrx_word' id='word_1_655' title='bbox 360 2442 511 2470; x_wconf 88' lang='lat' dir='ltr'><strong>masculum</strong></span> <span class='ocrx_word' id='word_1_656' title='bbox 537 2449 612 2471; x_wconf 89' lang='lat' dir='ltr'><strong>tuum</strong></span> <span class='ocrx_word' id='word_1_657' title='bbox 636 2453 727 2473; x_wconf 88' lang='lat' dir='ltr'><strong>coram</strong></span> <span class='ocrx_word' id='word_1_658' title='bbox 744 2447 858 2476; x_wconf 84' lang='lat' dir='ltr'><strong>Domino</strong></span> <span class='ocrx_word' id='word_1_659' title='bbox 875 2449 929 2477; x_wconf 93' lang='lat' dir='ltr'><strong>Deo</strong></span> <span class='ocrx_word' id='word_1_660' title='bbox 944 2454 1001 2478; x_wconf 94' lang='lat' dir='ltr'><strong>tuo.</strong></span> <span class='ocrx_word' id='word_1_661' title='bbox 1024 2461 1034 2478; x_wconf 71' lang='grc' dir='ltr'><strong>ι</strong></span> 
     </span>
    </p>
   </div>
   <div class='ocr_carea' id='block_1_94' title="bbox 252 2484 1036 2532">
    <p class='ocr_par' dir='ltr' id='par_1_94' title="bbox 252 2484 1036 2532">
     <span class='ocr_line' id='line_1_94' title="bbox 252 2484 1036 2532; baseline 0.018 -22"><span class='ocrx_word' id='word_1_662' title='bbox 252 2484 340 2520; x_wconf 81' lang='lat' dir='ltr'><strong>Atque</strong></span> <span class='ocrx_word' id='word_1_663' title='bbox 352 2487 441 2515; x_wconf 88' lang='lat' dir='ltr'><strong>adhuc</strong></span> <span class='ocrx_word' id='word_1_664' title='bbox 457 2489 543 2524; x_wconf 84' lang='lat' dir='ltr'><strong>magis</strong></span> <span class='ocrx_word' id='word_1_665' title='bbox 565 2491 718 2526; x_wconf 82' lang='lat' dir='ltr'><strong>perspicue,</strong></span> <span class='ocrx_word' id='word_1_666' title='bbox 734 2494 844 2522; x_wconf 88' lang='lat' dir='ltr'><strong>ubinam</strong></span> <span class='ocrx_word' id='word_1_667' title='bbox 870 2496 970 2531; x_wconf 86' lang='lat' dir='ltr'><strong>triplici</strong></span> <span class='ocrx_word' id='word_1_668' title='bbox 986 2504 1036 2532; x_wconf 87' lang='lat' dir='ltr'><strong>per</strong></span> 
     </span>
    </p>
   </div>
   <div class='ocr_carea' id='block_1_95' title="bbox 251 2535 1035 2574">
    <p class='ocr_par' dir='ltr' id='par_1_95' title="bbox 251 2535 1035 2574">
     <span class='ocr_line' id='line_1_95' title="bbox 251 2535 1035 2574; baseline 0.018 -18"><span class='ocrx_word' id='word_1_669' title='bbox 251 2537 352 2557; x_wconf 82' lang='lat' dir='ltr'><strong>annum</strong></span> <span class='ocrx_word' id='word_1_670' title='bbox 365 2537 485 2567; x_wconf 81' lang='lat' dir='ltr'><strong>tempore</strong></span> <span class='ocrx_word' id='word_1_671' title='bbox 501 2535 645 2564; x_wconf 84' lang='lat' dir='ltr'><strong>universos</strong></span> <span class='ocrx_word' id='word_1_672' title='bbox 664 2539 810 2567; x_wconf 90' lang='lat' dir='ltr'><strong>convenire</strong></span> <span class='ocrx_word' id='word_1_673' title='bbox 824 2545 971 2574; x_wconf 86' lang='lat' dir='ltr'><strong>oporteret,</strong></span> <span class='ocrx_word' id='word_1_674' title='bbox 987 2542 1035 2570; x_wconf 87' lang='lat' dir='ltr'><strong>de-</strong></span> 
     </span>
    </p>
   </div>
   <div class='ocr_carea' id='block_1_96' title="bbox 251 2576 1034 2622">
    <p class='ocr_par' dir='ltr' id='par_1_96' title="bbox 251 2576 1034 2622">
     <span class='ocr_line' id='line_1_96' title="bbox 251 2576 1034 2622; baseline 0.017 -20"><span class='ocrx_word' id='word_1_675' title='bbox 251 2576 380 2603; x_wconf 91' lang='lat' dir='ltr'><strong>terminat</strong></span> <span class='ocrx_word' id='word_1_676' title='bbox 395 2586 455 2605; x_wconf 88' lang='lat' dir='ltr'><strong>cum</strong></span> <span class='ocrx_word' id='word_1_677' title='bbox 472 2580 510 2606; x_wconf 89' lang='lat' dir='ltr'><strong>ait</strong></span> <span class='ocrx_word' id='word_1_678' title='bbox 522 2581 542 2596; x_wconf 86' lang='grc'><strong>²¹</strong></span> <span class='ocrx_word' id='word_1_679' title='bbox 559 2591 565 2608; x_wconf 89' lang='lat'><strong>:</strong></span> <span class='ocrx_word' id='word_1_680' title='bbox 585 2591 594 2607; x_wconf 86' lang='lat'><strong>(</strong></span> <span class='ocrx_word' id='word_1_681' title='bbox 616 2581 714 2610; x_wconf 89' lang='lat' dir='ltr'><strong>Tribus</strong></span> <span class='ocrx_word' id='word_1_682' title='bbox 729 2586 896 2619; x_wconf 83' lang='lat' dir='ltr'><strong>temporibus</strong></span> <span class='ocrx_word' id='word_1_683' title='bbox 911 2587 974 2613; x_wconf 86' lang='lat' dir='ltr'><strong>anni</strong></span> <span class='ocrx_word' id='word_1_684' title='bbox 986 2594 1034 2622; x_wconf 82' lang='lat' dir='ltr'><strong>ap-</strong></span> 
     </span>
    </p>
   </div>
   <div class='ocr_carea' id='block_1_97' title="bbox 251 2623 1033 2660">
    <p class='ocr_par' dir='ltr' id='par_1_97' title="bbox 251 2623 1033 2660">
     <span class='ocr_line' id='line_1_97' title="bbox 251 2623 1033 2660; baseline 0.015 -12"><span class='ocrx_word' id='word_1_685' title='bbox 251 2623 356 2657; x_wconf 84' lang='lat' dir='ltr'><strong>parebit</strong></span> <span class='ocrx_word' id='word_1_686' title='bbox 371 2631 450 2651; x_wconf 87' lang='lat' dir='ltr'><strong>omne</strong></span> <span class='ocrx_word' id='word_1_687' title='bbox 466 2627 616 2654; x_wconf 85' lang='lat' dir='ltr'><strong>masculum</strong></span> <span class='ocrx_word' id='word_1_688' title='bbox 636 2633 712 2656; x_wconf 90' lang='lat' dir='ltr'><strong>tuum</strong></span> <span class='ocrx_word' id='word_1_689' title='bbox 735 2638 828 2658; x_wconf 83' lang='lat' dir='ltr'><strong>coram</strong></span> <span class='ocrx_word' id='word_1_690' title='bbox 848 2631 962 2659; x_wconf 90' lang='lat' dir='ltr'><strong>Domino</strong></span> <span class='ocrx_word' id='word_1_691' title='bbox 978 2633 1033 2660; x_wconf 84' lang='lat' dir='ltr'><strong>Deo</strong></span> 
     </span>
    </p>
   </div>
   <div class='ocr_carea' id='block_1_98' title="bbox 249 2668 1032 2711">
    <p class='ocr_par' dir='ltr' id='par_1_98' title="bbox 249 2668 1032 2711">
     <span class='ocr_line' id='line_1_98' title="bbox 249 2668 1032 2711; baseline 0.014 -17"><span class='ocrx_word' id='word_1_692' title='bbox 249 2673 307 2699; x_wconf 86' lang='lat' dir='ltr'><strong>tuo,</strong></span> <span class='ocrx_word' id='word_1_693' title='bbox 322 2668 349 2695; x_wconf 93' lang='lat' dir='ltr'><strong>in</strong></span> <span class='ocrx_word' id='word_1_694' title='bbox 362 2669 423 2696; x_wconf 89' lang='lat' dir='ltr'><strong>loco</strong></span> <span class='ocrx_word' id='word_1_695' title='bbox 435 2678 514 2705; x_wconf 83' lang='lat' dir='ltr'><strong>quem</strong></span> <span class='ocrx_word' id='word_1_696' title='bbox 527 2672 655 2708; x_wconf 83' lang='lat' dir='ltr'><strong>delegerit</strong></span> <span class='ocrx_word' id='word_1_697' title='bbox 669 2674 810 2703; x_wconf 89' lang='lat' dir='ltr'><strong>Dominus.</strong></span> <span class='ocrx_word' id='word_1_698' title='bbox 829 2687 838 2703; x_wconf 79' lang='grc' dir='ltr'><strong>ι</strong></span> <span class='ocrx_word' id='word_1_699' title='bbox 858 2676 949 2708; x_wconf 86' lang='lat' dir='ltr'><strong>Vides,</strong></span> <span class='ocrx_word' id='word_1_700' title='bbox 960 2678 1032 2711; x_wconf 84' lang='lat' dir='ltr'><strong>quod</strong></span> 
     </span>
    </p>
   </div>
   <div class='ocr_carea' id='block_1_99' title="bbox 249 2715 1032 2757">
    <p class='ocr_par' dir='ltr' id='par_1_99' title="bbox 249 2715 1032 2757">
     <span class='ocr_line' id='line_1_99' title="bbox 249 2715 1032 2757; baseline 0.014 -17"><span class='ocrx_word' id='word_1_701' title='bbox 249 2722 303 2741; x_wconf 91' lang='lat' dir='ltr'><strong>non</strong></span> <span class='ocrx_word' id='word_1_702' title='bbox 322 2715 348 2742; x_wconf 96' lang='lat' dir='ltr'><strong>in</strong></span> <span class='ocrx_word' id='word_1_703' title='bbox 365 2715 476 2744; x_wconf 85' lang='lat' dir='ltr'><strong>civitate</strong></span> <span class='ocrx_word' id='word_1_704' title='bbox 489 2726 661 2754; x_wconf 78' lang='lat' dir='ltr'><strong>quacunque,</strong></span> <span class='ocrx_word' id='word_1_705' title='bbox 680 2729 731 2749; x_wconf 90' lang='lat' dir='ltr'><strong>nec</strong></span> <span class='ocrx_word' id='word_1_706' title='bbox 745 2723 841 2757; x_wconf 77' lang='lat' dir='ltr'><strong>quovis</strong></span> <span class='ocrx_word' id='word_1_707' title='bbox 854 2723 899 2750; x_wconf 93' lang='lat' dir='ltr'><strong>ubi</strong></span> <span class='ocrx_word' id='word_1_708' title='bbox 916 2731 976 2751; x_wconf 91' lang='lat' dir='ltr'><strong>sors</strong></span> <span class='ocrx_word' id='word_1_709' title='bbox 988 2727 1032 2750; x_wconf 90' lang='lat' dir='ltr'><strong>tu-</strong></span> 
     </span>
    </p>
   </div>
   <div class='ocr_carea' id='block_1_100' title="bbox 245 2760 1032 2803">
    <p class='ocr_par' dir='ltr' id='par_1_100' title="bbox 245 2760 1032 2803">
     <span class='ocr_line' id='line_1_100' title="bbox 245 2760 1032 2803; baseline 0.013 -17"><span class='ocrx_word' id='word_1_710' title='bbox 245 2760 310 2786; x_wconf 77' lang='lat' dir='ltr'><strong>lerit</strong></span> <span class='ocrx_word' id='word_1_711' title='bbox 323 2760 382 2787; x_wconf 87' lang='lat' dir='ltr'><strong>loco</strong></span> <span class='ocrx_word' id='word_1_712' title='bbox 394 2763 636 2798; x_wconf 87' lang='lat' dir='ltr'><strong>convcnirejubet,</strong></span> <span class='ocrx_word' id='word_1_713' title='bbox 653 2766 699 2793; x_wconf 88' lang='lat' dir='ltr'><strong>sed</strong></span> <span class='ocrx_word' id='word_1_714' title='bbox 719 2776 728 2792; x_wconf 72' lang='grc' dir='ltr'><strong>ε</strong></span> <span class='ocrx_word' id='word_1_715' title='bbox 747 2767 774 2794; x_wconf 93' lang='lat' dir='ltr'><strong>in</strong></span> <span class='ocrx_word' id='word_1_716' title='bbox 792 2768 862 2799; x_wconf 91' lang='lat' dir='ltr'><strong>loco,</strong></span> <span class='ocrx_word' id='word_1_717' title='bbox 881 2775 961 2803; x_wconf 85' lang='lat' dir='ltr'><strong>quem</strong></span> <span class='ocrx_word' id='word_1_718' title='bbox 984 2769 1032 2796; x_wconf 85' lang='lat' dir='ltr'><strong>de-</strong></span> 
     </span>
    </p>
   </div>
   <div class='ocr_carea' id='block_1_101' title="bbox 246 2806 1030 2850">
    <p class='ocr_par' dir='ltr' id='par_1_101' title="bbox 246 2806 1030 2850">
     <span class='ocr_line' id='line_1_101' title="bbox 246 2806 1030 2850; baseline 0.013 -18"><span class='ocrx_word' id='word_1_719' title='bbox 246 2807 343 2840; x_wconf 63' lang='lat' dir='ltr'><strong>legerit</strong></span> <span class='ocrx_word' id='word_1_720' title='bbox 355 2806 487 2836; x_wconf 87' lang='lat' dir='ltr'><strong>Dominus</strong></span> <span class='ocrx_word' id='word_1_721' title='bbox 501 2808 571 2838; x_wconf 86' lang='lat' dir='ltr'><strong>Deus</strong></span> <span class='ocrx_word' id='word_1_722' title='bbox 590 2815 653 2840; x_wconf 91' lang='lat' dir='ltr'><strong>tuus</strong></span> <span class='ocrx_word' id='word_1_723' title='bbox 670 2813 702 2839; x_wconf 83' lang='lat'><strong>&quot;.</strong></span> <span class='ocrx_word' id='word_1_724' title='bbox 721 2822 731 2838; x_wconf 74' lang='grc' dir='ltr'><strong>ι</strong></span> <span class='ocrx_word' id='word_1_725' title='bbox 748 2813 788 2840; x_wconf 88' lang='lat' dir='ltr'><strong>lbi</strong></span> <span class='ocrx_word' id='word_1_726' title='bbox 805 2813 894 2841; x_wconf 87' lang='lat' dir='ltr'><strong>tribus</strong></span> <span class='ocrx_word' id='word_1_727' title='bbox 918 2822 966 2850; x_wconf 90' lang='lat' dir='ltr'><strong>per</strong></span> <span class='ocrx_word' id='word_1_728' title='bbox 981 2822 1030 2842; x_wconf 83' lang='lat' dir='ltr'><strong>an-</strong></span> 
     </span>
    </p>
   </div>
   <div class='ocr_carea' id='block_1_102' title="bbox 1090 2307 1870 2346">
    <p class='ocr_par' dir='ltr' id='par_1_102' title="bbox 1090 2307 1870 2346">
     <span class='ocr_line' id='line_1_102' title="bbox 1090 2307 1870 2346; baseline 0.006 -13"><span class='ocrx_word' id='word_1_729' title='bbox 1090 2307 1227 2343; x_wconf 87' lang='grc' dir='ltr'>λαιστίνην</span> <span class='ocrx_word' id='word_1_730' title='bbox 1248 2309 1367 2336; x_wconf 72' lang='grc' dir='ltr'>οἰκοῦσιν</span> <span class='ocrx_word' id='word_1_731' title='bbox 1388 2309 1567 2345; x_wconf 78' lang='grc' dir='ltr'>ὲφήρμοζεν),</span> <span class='ocrx_word' id='word_1_732' title='bbox 1592 2307 1642 2337; x_wconf 76' lang='grc' dir='ltr'><strong>ὧδέ</strong></span> <span class='ocrx_word' id='word_1_733' title='bbox 1659 2319 1699 2337; x_wconf 87' lang='grc' dir='ltr'><strong>σοι</strong></span> <span class='ocrx_word' id='word_1_734' title='bbox 1719 2312 1870 2346; x_wconf 61' lang='grc' dir='ltr'>συλλογιζο-</span> 
     </span>
    </p>
   </div>
   <div class='ocr_carea' id='block_1_103' title="bbox 1091 2353 1870 2393">
    <p class='ocr_par' dir='ltr' id='par_1_103' title="bbox 1091 2353 1870 2393">
     <span class='ocr_line' id='line_1_103' title="bbox 1091 2353 1870 2393; baseline 0.008 -14"><span class='ocrx_word' id='word_1_735' title='bbox 1091 2353 1163 2388; x_wconf 77' lang='grc' dir='ltr'>μένῳ</span> <span class='ocrx_word' id='word_1_736' title='bbox 1174 2355 1290 2389; x_wconf 79' lang='grc' dir='ltr'>φανερὸν</span> <span class='ocrx_word' id='word_1_737' title='bbox 1307 2354 1393 2381; x_wconf 77' lang='grc' dir='ltr'>ἔσται.</span> <span class='ocrx_word' id='word_1_738' title='bbox 1413 2356 1480 2390; x_wconf 82' lang='grc' dir='ltr'>Φησί</span> <span class='ocrx_word' id='word_1_739' title='bbox 1500 2365 1550 2382; x_wconf 85' lang='grc' dir='ltr'><strong>που</strong></span> <span class='ocrx_word' id='word_1_740' title='bbox 1567 2357 1686 2392; x_wconf 84' lang='grc' dir='ltr'>Μωῦσῆς</span> <span class='ocrx_word' id='word_1_741' title='bbox 1700 2358 1851 2393; x_wconf 85' lang='grc' dir='ltr'>νομοθετῶν</span> <span class='ocrx_word' id='word_1_742' title='bbox 1863 2367 1870 2374; x_wconf 88' lang='grc'><strong>·</strong></span> 
     </span>
    </p>
   </div>
   <div class='ocr_carea' id='block_1_104' title="bbox 1092 2397 1871 2437">
    <p class='ocr_par' dir='ltr' id='par_1_104' title="bbox 1092 2397 1871 2437">
     <span class='ocr_line' id='line_1_104' title="bbox 1092 2397 1871 2437; baseline 0.009 -14"><span class='ocrx_word' id='word_1_743' title='bbox 1092 2407 1101 2422; x_wconf 73' lang='grc' dir='ltr'><strong>ι</strong></span> <span class='ocrx_word' id='word_1_744' title='bbox 1121 2397 1185 2432; x_wconf 83' lang='grc' dir='ltr'>Τρὶς</span> <span class='ocrx_word' id='word_1_745' title='bbox 1205 2397 1253 2424; x_wconf 80' lang='grc' dir='ltr'>τοῦ</span> <span class='ocrx_word' id='word_1_746' title='bbox 1274 2399 1397 2425; x_wconf 75' lang='grc' dir='ltr'>ἐνιαυτοῦ</span> <span class='ocrx_word' id='word_1_747' title='bbox 1417 2400 1564 2436; x_wconf 74' lang='grc' dir='ltr'>ὀφθήσεται</span> <span class='ocrx_word' id='word_1_748' title='bbox 1586 2403 1638 2428; x_wconf 73' lang='grc' dir='ltr'><strong>πᾶν</strong></span> <span class='ocrx_word' id='word_1_749' title='bbox 1661 2403 1803 2437; x_wconf 81' lang='grc' dir='ltr'>ἀρσενικόν</span> <span class='ocrx_word' id='word_1_750' title='bbox 1823 2412 1871 2430; x_wconf 84' lang='grc' dir='ltr'><strong>σου</strong></span> 
     </span>
    </p>
   </div>
   <div class='ocr_carea' id='block_1_105' title="bbox 1089 2443 1870 2486">
    <p class='ocr_par' dir='ltr' id='par_1_105' title="bbox 1089 2443 1870 2486">
     <span class='ocr_line' id='line_1_105' title="bbox 1089 2443 1870 2486; baseline 0.01 -17"><span class='ocrx_word' id='word_1_751' title='bbox 1089 2443 1202 2470; x_wconf 78' lang='grc' dir='ltr'>ἐνώπιον</span> <span class='ocrx_word' id='word_1_752' title='bbox 1218 2445 1320 2481; x_wconf 87' lang='grc' dir='ltr'>Κυρίου</span> <span class='ocrx_word' id='word_1_753' title='bbox 1332 2445 1378 2471; x_wconf 83' lang='grc' dir='ltr'>τοῦ</span> <span class='ocrx_word' id='word_1_754' title='bbox 1393 2445 1459 2472; x_wconf 81' lang='grc' dir='ltr'>Θεοῦ</span> <span class='ocrx_word' id='word_1_755' title='bbox 1476 2454 1532 2472; x_wconf 88' lang='grc' dir='ltr'>σου.</span> <span class='ocrx_word' id='word_1_756' title='bbox 1548 2456 1557 2472; x_wconf 75' lang='grc' dir='ltr'><strong>ι</strong></span> <span class='ocrx_word' id='word_1_757' title='bbox 1572 2448 1627 2474; x_wconf 71' lang='grc' dir='ltr'><strong>Καὶ</strong></span> <span class='ocrx_word' id='word_1_758' title='bbox 1643 2448 1682 2474; x_wconf 76' lang='grc' dir='ltr'>ἔτι</span> <span class='ocrx_word' id='word_1_759' title='bbox 1696 2450 1870 2486; x_wconf 80' lang='grc' dir='ltr'>σαφέστερον,</span> 
     </span>
    </p>
   </div>
   <div class='ocr_carea' id='block_1_106' title="bbox 1088 2491 1870 2530">
    <p class='ocr_par' dir='ltr' id='par_1_106' title="bbox 1088 2491 1870 2530">
     <span class='ocr_line' id='line_1_106' title="bbox 1088 2491 1870 2530; baseline 0.009 -14"><span class='ocrx_word' id='word_1_760' title='bbox 1088 2491 1154 2516; x_wconf 86' lang='grc' dir='ltr'>ὅπου</span> <span class='ocrx_word' id='word_1_761' title='bbox 1180 2491 1263 2526; x_wconf 77' lang='grc' dir='ltr'>ἐχρῆν</span> <span class='ocrx_word' id='word_1_762' title='bbox 1280 2492 1402 2527; x_wconf 85' lang='grc' dir='ltr'>ἀπαντᾷν</span> <span class='ocrx_word' id='word_1_763' title='bbox 1423 2493 1484 2524; x_wconf 80' lang='grc' dir='ltr'>τοὺς</span> <span class='ocrx_word' id='word_1_764' title='bbox 1496 2493 1599 2525; x_wconf 81' lang='grc' dir='ltr'>πάντας</span> <span class='ocrx_word' id='word_1_765' title='bbox 1615 2495 1705 2530; x_wconf 81' lang='grc' dir='ltr'>τρίτον</span> <span class='ocrx_word' id='word_1_766' title='bbox 1718 2495 1764 2522; x_wconf 75' lang='grc' dir='ltr'>τοῦ</span> <span class='ocrx_word' id='word_1_767' title='bbox 1783 2496 1870 2530; x_wconf 75' lang='grc' dir='ltr'>ἔτους,</span> 
     </span>
    </p>
   </div>
   <div class='ocr_carea' id='block_1_107' title="bbox 1088 2536 1871 2577">
    <p class='ocr_par' dir='ltr' id='par_1_107' title="bbox 1088 2536 1871 2577">
     <span class='ocr_line' id='line_1_107' title="bbox 1088 2536 1871 2577; baseline 0.009 -16"><span class='ocrx_word' id='word_1_768' title='bbox 1088 2536 1211 2572; x_wconf 68' lang='grc' dir='ltr'>ἀφορίζει</span> <span class='ocrx_word' id='word_1_769' title='bbox 1223 2537 1326 2572; x_wconf 74' lang='grc' dir='ltr'>λέγων’</span> <span class='ocrx_word' id='word_1_770' title='bbox 1341 2547 1350 2562; x_wconf 86' lang='grc'><strong><em>‹</em></strong></span> <span class='ocrx_word' id='word_1_771' title='bbox 1362 2538 1441 2573; x_wconf 88' lang='grc' dir='ltr'>Τρεῖς</span> <span class='ocrx_word' id='word_1_772' title='bbox 1457 2539 1567 2573; x_wconf 89' lang='grc' dir='ltr'>καιροὺς</span> <span class='ocrx_word' id='word_1_773' title='bbox 1582 2539 1628 2566; x_wconf 77' lang='grc' dir='ltr'>τοῦ</span> <span class='ocrx_word' id='word_1_774' title='bbox 1646 2541 1767 2567; x_wconf 70' lang='grc' dir='ltr'>ἐνιαυτοῦ</span> <span class='ocrx_word' id='word_1_775' title='bbox 1785 2541 1871 2577; x_wconf 83' lang='grc' dir='ltr'>ὀφθή-</span> 
     </span>
    </p>
   </div>
   <div class='ocr_carea' id='block_1_108' title="bbox 1088 2585 1870 2623">
    <p class='ocr_par' dir='ltr' id='par_1_108' title="bbox 1088 2585 1870 2623">
     <span class='ocr_line' id='line_1_108' title="bbox 1088 2585 1870 2623; baseline 0.006 -13"><span class='ocrx_word' id='word_1_776' title='bbox 1088 2593 1162 2611; x_wconf 89' lang='grc' dir='ltr'>σεται</span> <span class='ocrx_word' id='word_1_777' title='bbox 1175 2585 1229 2612; x_wconf 83' lang='grc' dir='ltr'><strong>πᾶν</strong></span> <span class='ocrx_word' id='word_1_778' title='bbox 1249 2585 1390 2621; x_wconf 77' lang='grc' dir='ltr'>ἀρσενικόν</span> <span class='ocrx_word' id='word_1_779' title='bbox 1415 2594 1461 2611; x_wconf 85' lang='grc' dir='ltr'><strong>σου</strong></span> <span class='ocrx_word' id='word_1_780' title='bbox 1480 2586 1597 2613; x_wconf 75' lang='grc' dir='ltr'>ἐναντίον</span> <span class='ocrx_word' id='word_1_781' title='bbox 1618 2587 1718 2623; x_wconf 82' lang='grc' dir='ltr'>Κυρίου</span> <span class='ocrx_word' id='word_1_782' title='bbox 1736 2587 1783 2613; x_wconf 77' lang='grc' dir='ltr'>τοῦ</span> <span class='ocrx_word' id='word_1_783' title='bbox 1803 2588 1870 2615; x_wconf 79' lang='grc' dir='ltr'>Θεοῦ</span> 
     </span>
    </p>
   </div>
   <div class='ocr_carea' id='block_1_109' title="bbox 1087 2628 1869 2670">
    <p class='ocr_par' dir='ltr' id='par_1_109' title="bbox 1087 2628 1869 2670">
     <span class='ocr_line' id='line_1_109' title="bbox 1087 2628 1869 2670; baseline 0.006 -13"><span class='ocrx_word' id='word_1_784' title='bbox 1087 2640 1144 2663; x_wconf 87' lang='grc' dir='ltr'><strong>σου⁷</strong></span> <span class='ocrx_word' id='word_1_785' title='bbox 1174 2632 1202 2658; x_wconf 78' lang='grc' dir='ltr'>ἐν</span> <span class='ocrx_word' id='word_1_786' title='bbox 1229 2631 1268 2667; x_wconf 78' lang='grc' dir='ltr'><strong>τῷ</strong></span> <span class='ocrx_word' id='word_1_787' title='bbox 1292 2632 1366 2667; x_wconf 75' lang='grc' dir='ltr'>τόπῳ</span> <span class='ocrx_word' id='word_1_788' title='bbox 1427 2631 1459 2658; x_wconf 84' lang='grc' dir='ltr'>ἂν</span> <span class='ocrx_word' id='word_1_789' title='bbox 1479 2632 1620 2668; x_wconf 76' lang='grc' dir='ltr'>ἐκλέξηται</span> <span class='ocrx_word' id='word_1_790' title='bbox 1644 2634 1754 2670; x_wconf 84' lang='grc' dir='ltr'>Κύριος.</span> <span class='ocrx_word' id='word_1_791' title='bbox 1771 2644 1780 2660; x_wconf 74' lang='grc' dir='ltr'><strong>ι</strong></span> <span class='ocrx_word' id='word_1_792' title='bbox 1794 2635 1869 2662; x_wconf 81' lang='grc' dir='ltr'><strong>Θεω-</strong></span> 
     </span>
    </p>
   </div>
   <div class='ocr_carea' id='block_1_110' title="bbox 1088 2678 1869 2716">
    <p class='ocr_par' dir='ltr' id='par_1_110' title="bbox 1088 2678 1869 2716">
     <span class='ocr_line' id='line_1_110' title="bbox 1088 2678 1869 2716; baseline 0.005 -12"><span class='ocrx_word' id='word_1_793' title='bbox 1088 2679 1153 2713; x_wconf 83' lang='grc' dir='ltr'>ρεῖς,</span> <span class='ocrx_word' id='word_1_794' title='bbox 1174 2678 1212 2710; x_wconf 88' lang='grc' dir='ltr'><strong>ὡς</strong></span> <span class='ocrx_word' id='word_1_795' title='bbox 1228 2679 1276 2705; x_wconf 75' lang='grc' dir='ltr'>οὐκ</span> <span class='ocrx_word' id='word_1_796' title='bbox 1297 2679 1326 2704; x_wconf 84' lang='grc' dir='ltr'>ὲν</span> <span class='ocrx_word' id='word_1_797' title='bbox 1349 2679 1423 2715; x_wconf 84' lang='grc' dir='ltr'>πάσῃ</span> <span class='ocrx_word' id='word_1_798' title='bbox 1441 2679 1525 2712; x_wconf 80' lang='grc' dir='ltr'>πόλει,</span> <span class='ocrx_word' id='word_1_799' title='bbox 1538 2680 1591 2707; x_wconf 84' lang='grc' dir='ltr'>οὐδ’</span> <span class='ocrx_word' id='word_1_800' title='bbox 1607 2681 1666 2707; x_wconf 84' lang='grc' dir='ltr'>ὅποι</span> <span class='ocrx_word' id='word_1_801' title='bbox 1677 2680 1770 2716; x_wconf 78' lang='grc' dir='ltr'>ἔτυχεν</span> <span class='ocrx_word' id='word_1_802' title='bbox 1782 2683 1869 2708; x_wconf 82' lang='grc' dir='ltr'>ἀπαν-</span> 
     </span>
    </p>
   </div>
   <div class='ocr_carea' id='block_1_111' title="bbox 1085 2724 1868 2764">
    <p class='ocr_par' dir='ltr' id='par_1_111' title="bbox 1085 2724 1868 2764">
     <span class='ocr_line' id='line_1_111' title="bbox 1085 2724 1868 2764; baseline 0.006 -14"><span class='ocrx_word' id='word_1_803' title='bbox 1085 2725 1134 2760; x_wconf 83' lang='grc' dir='ltr'><strong>τᾷν</strong></span> <span class='ocrx_word' id='word_1_804' title='bbox 1157 2725 1329 2760; x_wconf 69' lang='grc' dir='ltr'>προστάττει,</span> <span class='ocrx_word' id='word_1_805' title='bbox 1345 2725 1402 2751; x_wconf 82' lang='grc' dir='ltr'>ἀλλ’</span> <span class='ocrx_word' id='word_1_806' title='bbox 1423 2735 1432 2751; x_wconf 74' lang='grc' dir='ltr'><strong>ι</strong></span> <span class='ocrx_word' id='word_1_807' title='bbox 1452 2728 1479 2753; x_wconf 81' lang='grc' dir='ltr'>ὲν</span> <span class='ocrx_word' id='word_1_808' title='bbox 1511 2726 1584 2762; x_wconf 85' lang='grc' dir='ltr'>τόπῳ</span> <span class='ocrx_word' id='word_1_809' title='bbox 1615 2724 1637 2761; x_wconf 83' lang='grc' dir='ltr'>ᾧ</span> <span class='ocrx_word' id='word_1_810' title='bbox 1657 2727 1703 2754; x_wconf 68' lang='grc' dir='ltr'>ἐὰν</span> <span class='ocrx_word' id='word_1_811' title='bbox 1725 2727 1868 2764; x_wconf 81' lang='grc' dir='ltr'>ἐκλέξηται</span> 
     </span>
    </p>
   </div>
   <div class='ocr_carea' id='block_1_112' title="bbox 1085 2769 1866 2808">
    <p class='ocr_par' dir='ltr' id='par_1_112' title="bbox 1085 2769 1866 2808">
     <span class='ocr_line' id='line_1_112' title="bbox 1085 2769 1866 2808; baseline 0.006 -12"><span class='ocrx_word' id='word_1_812' title='bbox 1085 2769 1194 2805; x_wconf 80' lang='grc' dir='ltr'>Κύριος,</span> <span class='ocrx_word' id='word_1_813' title='bbox 1209 2771 1222 2797; x_wconf 79' lang='grc' dir='ltr'>ὁ</span> <span class='ocrx_word' id='word_1_814' title='bbox 1235 2771 1300 2803; x_wconf 76' lang='grc' dir='ltr'>Θεός</span> <span class='ocrx_word' id='word_1_815' title='bbox 1311 2779 1368 2798; x_wconf 82' lang='grc' dir='ltr'>σου.</span> <span class='ocrx_word' id='word_1_816' title='bbox 1389 2782 1397 2797; x_wconf 77' lang='grc' dir='ltr'><strong>ι</strong></span> <span class='ocrx_word' id='word_1_817' title='bbox 1415 2772 1498 2799; x_wconf 86' lang='grc' dir='ltr'>Ἔνθα</span> <span class='ocrx_word' id='word_1_818' title='bbox 1513 2774 1600 2808; x_wconf 75' lang='grc' dir='ltr'>τρισὶν</span> <span class='ocrx_word' id='word_1_819' title='bbox 1615 2773 1729 2800; x_wconf 77' lang='grc' dir='ltr'>ἑκάστου</span> <span class='ocrx_word' id='word_1_820' title='bbox 1744 2775 1866 2801; x_wconf 78' lang='grc' dir='ltr'>ἐνιαυτοῦ</span> 
     </span>
    </p>
   </div>
   <div class='ocr_carea' id='block_1_113' title="bbox 1085 2817 1867 2855">
    <p class='ocr_par' dir='ltr' id='par_1_113' title="bbox 1085 2817 1867 2855">
     <span class='ocr_line' id='line_1_113' title="bbox 1085 2817 1867 2855; baseline 0.009 -14"><span class='ocrx_word' id='word_1_821' title='bbox 1085 2817 1188 2851; x_wconf 75' lang='grc' dir='ltr'>καιροῖς</span> <span class='ocrx_word' id='word_1_822' title='bbox 1203 2817 1249 2843; x_wconf 72' lang='grc' dir='ltr'><strong>ἐπὶ</strong></span> <span class='ocrx_word' id='word_1_823' title='bbox 1269 2817 1350 2844; x_wconf 82' lang='grc' dir='ltr'>ταυτὸ</span> <span class='ocrx_word' id='word_1_824' title='bbox 1376 2818 1494 2845; x_wconf 80' lang='grc' dir='ltr'>συνιέναι</span> <span class='ocrx_word' id='word_1_825' title='bbox 1508 2819 1654 2855; x_wconf 84' lang='grc' dir='ltr'>νομοθετεῖ,</span> <span class='ocrx_word' id='word_1_826' title='bbox 1673 2820 1791 2853; x_wconf 75' lang='grc' dir='ltr'>καὶτοὺς</span> <span class='ocrx_word' id='word_1_827' title='bbox 1811 2829 1867 2848; x_wconf 74' lang='grc' dir='ltr'>και-</span> 
     </span>
    </p>
   </div>
   <div class='ocr_carea' id='block_1_114' title="bbox 284 2884 1480 2929">
    <p class='ocr_par' dir='ltr' id='par_1_114' title="bbox 284 2884 1480 2929">
     <span class='ocr_line' id='line_1_114' title="bbox 284 2884 1480 2929; baseline 0.012 -19"><span class='ocrx_word' id='word_1_828' title='bbox 284 2885 302 2898; x_wconf 89' lang='grc'><strong>¹¹¹</strong></span> <span class='ocrx_word' id='word_1_829' title='bbox 320 2884 405 2912; x_wconf 83' lang='lat' dir='ltr'><strong>Exod.</strong></span> <span class='ocrx_word' id='word_1_830' title='bbox 426 2894 503 2920; x_wconf 77' lang='lat' dir='ltr'><strong>mn,</strong></span> <span class='ocrx_word' id='word_1_831' title='bbox 523 2888 569 2922; x_wconf 82' lang='lat' dir='ltr'><strong>l7;</strong></span> <span class='ocrx_word' id='word_1_832' title='bbox 585 2889 669 2918; x_wconf 79' lang='lat' dir='ltr'><strong>Exod.</strong></span> <span class='ocrx_word' id='word_1_833' title='bbox 691 2899 782 2925; x_wconf 74' lang='lat' dir='ltr'><strong>xxxn&#39;,</strong></span> <span class='ocrx_word' id='word_1_834' title='bbox 803 2892 848 2920; x_wconf 78' lang='lat'><strong>‘25.</strong></span> <span class='ocrx_word' id='word_1_835' title='bbox 889 2893 907 2909; x_wconf 86' lang='lat'>“</span> <span class='ocrx_word' id='word_1_836' title='bbox 930 2892 1008 2920; x_wconf 85' lang='lat' dir='ltr'><strong>Deut.</strong></span> <span class='ocrx_word' id='word_1_837' title='bbox 1031 2903 1086 2927; x_wconf 80' lang='lat' dir='ltr'><strong>xvi,</strong></span> <span class='ocrx_word' id='word_1_838' title='bbox 1108 2894 1150 2923; x_wconf 84' lang='lat' dir='ltr'><strong>l6.</strong></span> <span class='ocrx_word' id='word_1_839' title='bbox 1189 2895 1209 2911; x_wconf 82' lang='lat'>”</span> <span class='ocrx_word' id='word_1_840' title='bbox 1230 2894 1308 2922; x_wconf 85' lang='lat' dir='ltr'><strong>Deut.</strong></span> <span class='ocrx_word' id='word_1_841' title='bbox 1331 2903 1415 2929; x_wconf 76' lang='lat' dir='ltr'><strong>xxvii,</strong></span> <span class='ocrx_word' id='word_1_842' title='bbox 1435 2896 1480 2924; x_wconf 79' lang='grc'><strong>26.</strong></span> 
     </span>
    </p>
   </div>
  </div>
