2053 3218
142 196 178 224 9.9
591 198 918 228 DEMONSTRATIONIS
937 193 1167 228 EVANGELICE
1188 197 1253 226 LIB.
1274 198 1297 227 I.
1740 199 1773 225 30

149 258 210 294 ριιὺς
226 257 366 294 ἀφορίζει,
382 258 443 285 καθ’
457 257 503 290 οὓς
517 259 639 295 ἀπαντᾷν
655 260 738 296 ἐχρῆν
758 261 787 286 ὲν
800 259 839 295 τῷ
851 261 934 296 τόπῳ,

988 268 1053 288 num
1075 259 1254 294 temporibus,
1271 258 1430 293 congregari
1452 257 1479 284 in
1500 264 1583 284 unum
1596 257 1683 291 jubet,
1703 261 1772 284 tem-

148 305 178 331 ιν
200 303 221 339 ᾧ
244 304 278 331 τὰ
299 304 353 340 τῆς
370 305 431 332 κατ’
457 305 537 331 αὐτὸν
555 305 683 340 λατρείας
701 307 870 333 ὲπετελεῖτο’
890 306 939 332 ἕνα

152 351 199 387 μὲν
216 350 259 377 τοῦ
279 351 390 386 Πάσχα,
411 351 534 387 δεύτερον
549 351 594 377 τὸν
607 352 676 387 μετὰ
688 354 857 388 πεντήκοντα
871 354 940 389 ἡμέ-

152 406 199 433 ρας
214 397 260 424 ἐπὶ
272 397 324 432 τῆς
347 398 547 433 ὀνομαζομένης
563 398 752 434 Πεντηκοστῆς
763 400 860 435 ἑορτῆς
870 408 876 414 ·
891 401 939 426 καὶ

150 443 238 479 τρίτον
250 443 289 478 τῷ
303 443 411 478 ὲὸδᾶμῳ
424 444 487 478 μηνὶ
503 444 573 478 μετὰ
583 444 611 470 το
626 445 721 480 Πάσχα
735 445 807 471 κατὰ
830 446 880 481 τὴν
891 445 938 471 τοῦ

151 488 264 524 ἱλασμοῦ
280 489 398 523 ἡμέραν,
412 488 472 515 καθ’
487 489 520 524 ἣν
537 490 619 516 εἰσέτι
634 490 681 516 νῦν
705 491 825 517 Ἰουδαῖοι
839 491 938 524 πάντες

149 535 199 570 τὴν
230 535 354 569 νηστείαν
383 535 560 562 ἐπιτελοῦσιν.
592 537 743 572 Ἐπαρᾶταί
769 546 799 563 τε
823 539 879 569 τοῖς
901 538 938 573 μὴ

150 581 298 616 ἐμμένουσι
319 583 374 613 τοῖς
391 583 639 617 νομοθετουμένοις.
661 583 765 610 Οὐκοῦν
788 585 851 616 τοὺς
874 583 938 619 μέλ-

149 626 244 659 λοντας
273 628 395 659 ἅπαντας
417 628 540 664 ἀτταντᾷν
562 629 651 665 τρίτον
678 629 724 655 τοῦ
743 629 819 661 ἔτους
842 631 882 661 εἰς
904 629 938 656 τὰ

156 673 341 708 Ἱεροσόλυμα,
358 674 404 700 καὶ
418 673 453 700 τὰ
463 674 565 709 νόμιμα
583 674 713 711 πληροῦν,
729 676 759 702 οὐ
775 676 868 712 πόρρω
887 685 937 702 που

148 717 198 752 τῆς
231 717 358 748 Ἰουδαίας
380 719 464 754 ἐχρῆν
484 720 571 754 δήπου
591 721 685 751 οἰκεῖν,
709 721 766 759 αλλ’
784 721 853 747 εἰσὶν
867 722 938 756 aptet

148 764 213 794 τοὺς
224 764 306 798 ὄρους
320 772 325 777 ·
341 764 363 790 εἰ
380 764 407 790 δὲ
421 764 451 800 δὴ
468 766 524 795 τοῖς
547 766 715 800 πορρωτάτω
732 767 782 801 τῆς
798 767 939 794 Παλαιστί-

148 819 197 843 νης
208 810 329 836 οἰκοῦσιν
350 811 487 843 Ἰουδαίοις
500 811 616 837 ἀδύνατα
629 809 662 846 ἦν
680 812 766 838 τελεῖν
779 813 812 838 τὰ
826 821 937 848 νενομο-

147 854 296 890 θετημένα,
311 856 408 882 πολλοῦ
421 856 503 891 φάναι
522 859 578 888 τοῖς
601 859 682 884 πᾶσιν
706 858 803 889 ἔθνεσι,
821 859 868 885 καὶ
881 860 937 890 τοῖς

147 901 177 927 ὲν
194 903 254 933 ταῖς
277 902 416 936 ἐσχατιαῖς
432 902 543 937 τῆς”γῆς
566 903 742 938 ἐφαρμόζειν.
767 904 935 930 Ἐπάκουσον

989 314 1112 342 poraque
1126 305 1287 333 determinat
1301 303 1401 338 quibus
1419 303 1564 330 convenire
1578 306 1702 338 oporteat
1714 303 1774 329 loco

989 360 1045 387 quo
1059 352 1144 378 divini
1161 351 1251 378 cultus
1272 350 1358 377 oiIicia
1373 350 1534 382 obibantur;
1562 357 1646 376 unum
1663 349 1772 383 quidem

989 397 1143 428 Paschalis,
1165 397 1280 424 alterum
1304 400 1366 430 post
1389 395 1448 422 dies
1472 395 1680 430 quinquaginta,
1704 394 1773 421 festo

988 445 1061 480 quod
1087 444 1263 471 Pentecostes
1289 443 1351 470 inde
1376 442 1450 469 venit
1476 443 1596 472 nomine,
1618 446 1645 468 et
1663 442 1772 468 tertium

988 497 1082 516 mense
1100 489 1215 523 septimo
1239 492 1300 523 post
1322 487 1436 518 Pascha,
1452 487 1496 514 die
1520 487 1694 522 expiationis,
1719 495 1774 522 quo

989 535 1141 562 etiamnum
1156 533 1243 562 Judaei
1261 534 1342 560 hodie
1357 541 1452 560 omnes
1471 533 1606 567 jejunium
1623 534 1772 560 celebrant.

988 579 1061 607 Diris
1086 584 1176 607 autent
1201 579 1291 606 Moses
1318 586 1365 606 eos
1387 579 1510 610 devovet,
1529 580 1575 613 qui
1597 579 1701 614 legibus
1716 580 1774 606 suis

989 627 1094 654 sancita
1111 633 1166 653 non
1178 625 1394 653 observaverint.
1410 625 1491 659 Atqui
1516 625 1576 656 hos,
1601 626 1646 660 qui
1672 625 1773 659 triplici

987 673 1046 699 vice
1061 680 1108 706 per
1135 680 1235 699 annum
1251 671 1380 699 deberent
1397 671 1592 707 Ilierosolymis
1613 672 1771 703 convenire,

988 717 1115 752 ritusque
1130 718 1236 752 legibus
1248 718 1411 744 constitutos
1427 717 1460 744 ad
1482 718 1590 752 plenum
1612 717 1698 748 obire,
1715 725 1772 744 non

989 763 1083 799 procul
1097 771 1112 789 a
1127 763 1219 790 Judzea
1236 763 1360 790 habitare
1378 763 1519 797 oportebat
1536 772 1542 790 z
1559 763 1605 798 qui
1621 771 1685 790 vero
1697 764 1771 790 circa

988 816 1124 836 extremos
1135 809 1285 836 Palaestina:
1296 809 1405 841 limites,
1419 813 1465 836 aut
1481 809 1613 844 longinsa
1626 809 1770 836 Palaestina

989 855 1121 890 degebant
1145 855 1242 887 Judaei,
1269 860 1402 890 praecepta
1427 856 1494 890 legis
1519 856 1648 891 perlicere
1674 855 1770 890 nequi-

989 901 1072 932 bant;
1089 906 1193 928 tantum
1210 902 1299 934 abest,
1315 906 1345 930 ut
1367 903 1496 929 omnibus
1521 902 1649 937 gentibus
1663 906 1689 929 et
1703 902 1768 928 ulti-

146 947 175 974 δὲ
189 948 250 975 τίνα
262 947 363 983 τρόπον
373 948 387 974 ό
401 948 482 979 αὐτὸς
503 948 584 974 πάλιν
601 949 747 984 νομοθέτης
760 949 808 984 τὴν
824 950 878 976 ἀπὸ
891 949 934 975 λέ-

988 954 1046 974 mas
1062 952 1150 974 terras
1175 947 1357 974 incolentibus
1383 947 1439 974 haec
1468 949 1585 982 potuerit
1608 955 1768 982 congruere.

146 1000 211 1028 κους
236 994 353 1026 γυναῖκα
375 992 496 1027 ἀπαντᾷν
526 993 698 1028 προστάττει,
717 994 764 1020 καὶ
788 994 882 1025 θυσίας
899 994 937 1030 τῷ

146 1038 206 1074 Θεῷ
218 1039 391 1074 προσφέρειν,
405 1039 490 1073 λέγων
505 1039 604 1071 οὕτως’
624 1049 633 1066 ι
647 1041 700 1067 Kal
709 1041 822 1076 ἐλάλησε
837 1040 937 1075 Κύριος

146 1084 216 1120 πρὸς
234 1085 367 1119 Μωῦσῆν,
387 1083 489 1119 λέγων·
510 1085 632 1120 Λάλητον
655 1088 710 1118 τοῖς
724 1087 792 1118 υἱοῖς
818 1087 935 1122 Ἰσραὴλ,

146 1130 194 1157 καὶ
205 1130 277 1166 ἐρεῖς
292 1130 358 1166 πρὸς
368 1130 467 1162 αὐτούς
478 1139 484 1145 '
501 1131 571 1166 Γυνὴ
591 1132 652 1166 ἣτις
665 1131 712 1157 ἐὰν
734 1133 934 1168 σπερματισθῇ,

145 1173 270 1210 καὶτέκῃ
290 1174 384 1210 ἄρσεν,
408 1175 562 1209 ἀκάθαρτος
589 1176 664 1202 ἔσται
690 1177 760 1202 ἑπτὰ
787 1177 902 1212 ἡμέρας,
924 1187 932 1203 ι

146 1217 214 1247 Εἶτα
229 1219 329 1255 μεταξύ
348 1229 409 1247 τινα
426 1220 520 1253 εἰπὼν,
532 1222 672 1257 ἐπιφέρει·
693 1232 702 1247 ‹
722 1223 776 1248 Καὶ
791 1223 854 1249 ὅταν
868 1223 936 1260 πλη-

148 1265 270 1301 ρωθῶσιν
281 1267 307 1293 αἱ
323 1266 425 1302 ἡμέραι
445 1267 603 1302 καθάρσεως
626 1268 710 1302 αὐτῆς
728 1268 770 1302 ἐφ’
788 1269 837 1303 υἱῷ
854 1269 870 1304 ἢ
890 1269 935 1295 ἐπὶ

146 1311 272 1348 θυγατρὶ,
290 1313 429 1348 προσοίσει
443 1313 526 1348 ἀμνὸν
536 1313 670 1340 ἐνιαύσιον
682 1314 722 1345 εἰς
737 1314 933 1348 ὁλοκάρπωμα,

146 1356 196 1384 καὶ
211 1356 319 1383 νεοσσὸν
350 1359 513 1394 περιστεραῖς
531 1358 547 1394 ἢ
571 1359 688 1394 τρυγόνα
704 1360 768 1394 περὶ
787 1360 933 1394 ἁμαρτίας,

145 1403 195 1430 ἐπὶ
211 1403 260 1438 τὴν
275 1403 359 1438 θύραν
377 1404 426 1439 τῆς
444 1405 544 1440 σκηνῆς
559 1405 605 1431 τοῦ
623 1405 782 1440 μαρτυρίου.
799 1406 870 1440 Πρὸς
888 1406 934 1432 τὸν

148 1448 224 1484 ἱερέα
237 1449 375 1483 προσοίσει
388 1449 458 1476 αὐτὰ
477 1450 565 1476 ἔναντι
582 1451 695 1486 Κυρίου.
714 1451 768 1477 Καὶ
783 1451 933 1483 ὲξιλάσεται

148 1494 214 1530 περὶ
222 1495 329 1530 αὒτῆςὸ
345 1496 444 1531 ἱερεὺς,
461 1497 508 1522 καὶ
524 1496 650 1532 καθαριεῖ
660 1496 743 1532 αὐτὴν
758 1497 811 1524 ἀπὸ
821 1498 870 1534 τῆς
884 1506 935 1533 πη-

147 1539 201 1575 γῆς
218 1539 266 1567 τοῦ
283 1541 395 1575 αἵματος
415 1541 511 1576 αὐτῆς.
534 1538 618 1574 Οὗτος
633 1543 647 1569 ό
660 1543 740 1578 νόμος
761 1543 810 1578 τῆς
827 1543 934 1570 τικτού-

148 1593 200 1621 σης
210 1586 292 1622 ἄρσεν
309 1586 326 1622 ἢ
348 1586 426 1621 θῆλυ.
442 1596 450 1612 ι
471 1587 530 1614 Ἔτι
546 1587 613 1623 πρὸς
628 1587 732 1619 τούτοις
751 1589 765 1614 ὁ
780 1588 861 1620 αὐτὸς
886 1589 933 1616 καὶ

146 1631 192 1658 τὸν
204 1631 260 1658 ἀπὸ
275 1632 373 1668 κήδους
399 1632 446 1659 καὶ
463 1633 567 1668 νεκρῶν
591 1634 699 1668 ἐπαφῆς
720 1634 882 1669 προστάττει
897 1634 934 1670 μὴ

145 1677 234 1709 ἄλλως
248 1677 428 1713 καθαίρεσθαι
445 1677 461 1713 ἢ
480 1678 524 1704 διά
541 1687 613 1710 τινος
630 1678 727 1705 σποδοῦ
739 1679 880 1714 δαμάλεως
892 1680 934 1714 ὲιρ*

145 1723 221 1756 ὅλαις
243 1724 360 1760 ἡμέραις
377 1724 457 1755 ἑπτὰ,
479 1724 533 1751 τῶν
546 1725 668 1760 συνήθων
687 1726 853 1752 ἀποστάντα.
881 1725 934 1752 Λέ-

145 1777 190 1804 γει
205 1769 280 1803 γοῦν·
294 1768 369 1796 (Καὶ
385 1768 460 1795 ἔσται
470 1771 524 1801 τοῖς
537 1771 605 1801 υἱοῖς
619 1771 726 1806 Ἰσραὴλ
742 1771 853 1802 καὶτοῖς
864 1779 934 1807 προσ

146 1815 283 1851 κειμένοις
306 1815 486 1851 προσηλύτοις
498 1816 527 1842 ὲν
547 1815 621 1851 μέσῳ
637 1817 725 1842 αὐτῶν
741 1817 856 1852 νόμιμον
870 1816 936 1843 αἰώ-

146 1870 212 1888 νιον.
234 1861 263 1888 '0
276 1862 428 1897 ἁπτόμενος
441 1862 487 1888 τοῦ
504 1861 664 1897 τεθνηκότος
681 1862 772 1897 πάσης
783 1863 873 1898 ψυχῆς
889 1863 936 1890 ἁν-

146 1905 256 1942 θρώπου
280 1906 435 1942 ἀκάθαρτος
451 1906 542 1933 ἔσται·
560 1907 630 1933 έπτὰ
641 1907 758 1942 ἡμέραις
773 1907 936 1942 ἁγνισθήσε-

145 1961 207 1978 ¹ιάι·
224 1953 257 1987 τῇ
274 1952 364 1988 ἡμέρᾳ
383 1953 416 1988 τῇ
438 1952 516 1989 τρίτῃ
532 1953 579 1980 καὶ
594 1954 627 1988 τῇ
645 1952 746 1988 ἐϐδόμῃ
768 1952 934 1989 καθαρισθή-

147 2007 233 2025 σεται.
255 1998 316 2024 Ἐὰν
328 1999 356 2025 δὲ
371 1998 408 2034 μὴ
427 1997 578 2034 ἁφαγνισθῇ
593 1999 625 2034 τῇ
641 1999 732 2034 ἡμέρᾳ
745 1999 778 2034 τῇ
792 1998 871 2034 τρίτῃ
887 1999 935 2026 καὶ

145 2044 179 2078 τῇ
195 2043 309 2079 ἐϐδόμῃ,
323 2043 352 2069 οὑ
375 2043 494 2079 καθαρὸς
520 2043 606 2071 ἔσται.
618 2044 700 2075 [tace
720 2043 870 2078 ἁπτόμενος
886 2043 933 2070 τοῦ

146 2087 308 2123 τεθνηκότος
325 2088 379 2115 ἀπὸ
393 2089 481 2124 ψυχῆς
507 2088 660 2124 ἀνθρώπου,
677 2089 724 2116 ἐὰν
746 2089 871 2125 ἀποθάνῃ
887 2089 934 2115 καὶ

148 2133 186 2168 μὴ
200 2133 324 2169 ἀγνισθῇ,
341 2133 391 2169 τὴν
413 2135 515 2169 σκηνὴν
532 2134 578 2161 τοῦ
596 2135 744 2170 μαρτυρίου
765 2135 813 2161 τοῦ
826 2135 927 2171 Κυρίου

146 2178 267 2213 ἐμίανεν.
297 2179 503 2214 Ἑκτριϐἡσεται
526 2180 542 2215 ἡ
563 2179 636 2215 ψυχὴ
656 2179 746 2215 ἐκείνη
763 2179 792 2213 ἐξ
815 2179 933 2215 Ἰσραὴλ,

146 2224 188 2251 ὅτι
209 2224 282 2261 ὕδωρ
312 2224 461 2260 ῥαντισμοῦ
479 2225 510 2251 οὗ
534 2225 761 2261 περιερῤαντίσθη
777 2226 819 2252 ἐπ’
832 2225 912 2251 αὐτόν
924 2234 932 2241 ι

987 993 1058 1019 Audi
1084 1001 1164 1028 porro
1185 993 1322 1028 quomodo
1347 993 1417 1020 idem
1441 1001 1539 1021 rursus
1553 994 1691 1029 legislator
1707 1001 1770 1020 mu-

987 1039 1081 1066 lierem
1097 1047 1112 1065 a
1126 1039 1269 1073 puerperio
1286 1040 1415 1066 accedere
1429 1043 1456 1066 et
1475 1040 1638 1067 sacriﬁcium
1656 1039 1711 1066 Deo
1727 1039 1770 1067 of-

987 1084 1058 1112 ferre
1070 1085 1174 1118 jubeat,
1185 1093 1246 1112 cum
1259 1086 1296 1111 ait
1310 1086 1331 1100 “
1345 1095 1351 1112 :
1371 1095 1380 1110 ι
1396 1085 1569 1120 Loeutusque
1583 1090 1625 1113 est
1639 1085 1770 1113 Dominus

988 1131 1021 1157 ad
1039 1130 1130 1158 Mosen
1146 1135 1172 1158 et
1187 1131 1256 1158 dixit
1273 1140 1279 1158 :
1298 1131 1421 1166 Loquere
1438 1132 1499 1158 ﬁliis
1510 1132 1594 1158 Israel
1607 1138 1634 1158 et
1648 1132 1723 1158 dices
1735 1132 1768 1158 ad

986 1183 1033 1204 eos
1050 1186 1056 1202 ε
1076 1176 1171 1203 Mulier
1185 1184 1354 1212 quaecunque
1367 1177 1522 1212 conceperit
1538 1184 1630 1204 semen
1646 1181 1672 1204 et
1688 1184 1770 1212 pepc~

987 1222 1056 1250 rerit
1085 1224 1247 1255 masculum,
1274 1223 1414 1250 immunda
1443 1224 1494 1250 erit
1522 1228 1624 1258 septem
1650 1223 1719 1250 dies.
1755 1233 1765 1249 ι

986 1267 1088 1294 Deinde
1100 1269 1251 1303 interjectis
1264 1270 1403 1296 nonnullis
1414 1269 1554 1303 subjungit
1570 1268 1590 1284 “
1606 1277 1612 1295 :
1627 1278 1637 1294 ι
1658 1268 1689 1294 Et
1704 1276 1767 1295 eum

986 1312 1088 1348 impleti
1102 1313 1200 1340 fuerint
1215 1313 1273 1340 dies
1289 1314 1488 1348 puriﬁcationis
1505 1315 1575 1348 ejus,
1589 1321 1638 1348 pro
1655 1314 1709 1341 lilio
1720 1317 1768 1340 aut

985 1366 1034 1393 pro
1046 1359 1109 1392 lilia,
1131 1359 1224 1387 olIeret
1238 1367 1336 1395 agnum
1350 1361 1505 1388 anniculum
1522 1360 1550 1387 in
1565 1360 1765 1392 holocaustum,

984 1408 1012 1432 et
1033 1405 1135 1440 pullum
1154 1406 1296 1439 columbze,
1314 1410 1360 1434 aut
1375 1411 1509 1434 turturem
1534 1415 1583 1442 pro
1600 1412 1713 1442 peccato
1731 1407 1766 1434 ad

985 1449 1106 1477 hostium
1120 1451 1288 1479 tabernaculi
1305 1452 1466 1480 testimonii.
1483 1452 1523 1479 Ad
1544 1452 1712 1479 sacerdotem
1725 1452 1767 1479 of-

985 1494 1054 1523 feret
1068 1503 1099 1523 ea
1114 1501 1176 1524 ante
1191 1497 1346 1526 Dominum.
1364 1497 1398 1524 Et
1409 1499 1533 1525 exorabit
1546 1506 1595 1533 pro
1616 1506 1647 1525 ea
1671 1506 1765 1526 sacer-

985 1542 1044 1575 dos,
1057 1545 1084 1569 et
1099 1543 1252 1577 puriﬁcabit
1263 1551 1322 1571 eam
1337 1551 1352 1570 a
1369 1544 1442 1571 fonte
1459 1544 1599 1579 sanguinis
1617 1543 1687 1578 ejus.
1703 1542 1766 1570 Haec

984 1591 1026 1616 est
1041 1588 1083 1616 lex
1098 1589 1225 1623 parientis
1237 1590 1387 1616 masculum
1402 1593 1429 1617 et
1444 1590 1581 1618 feminam.
1602 1600 1612 1616 ι
1632 1589 1765 1617 Praeterea

985 1633 1057 1661 idem
1071 1635 1283 1662 contaminatum
1309 1644 1342 1663 ex
1357 1636 1451 1663 funere
1464 1640 1491 1663 et
1510 1640 1637 1663 contactu
1653 1636 1765 1670 mortui,

984 1679 1106 1714 pmcipit
1121 1688 1173 1707 non
1182 1681 1233 1708 alio
1244 1681 1324 1708 modo
1336 1682 1473 1716 puriﬁcari
1489 1690 1568 1717 quam
1584 1690 1631 1719 per
1644 1683 1764 1709 cinerem

982 1724 1117 1760 juvencze,
1136 1726 1230 1754 diebus
1247 1727 1359 1761 integris
1375 1731 1488 1762 septem,
1511 1728 1682 1762 negotiisque
1696 1735 1764 1755 eon-

985 1769 1072 1798 suetis
1087 1770 1229 1798 abstinere.
1247 1771 1291 1798 Ait
1304 1772 1386 1806 igitur
1399 1772 1420 1787 ”
1437 1781 1443 1798 :
1463 1781 1472 1797 ι
1488 1771 1521 1798 Et
1535 1772 1587 1799 erit
1603 1771 1665 1798 [illis
1679 1772 1763 1798 Israel

985 1819 1012 1843 et
1037 1816 1178 1851 proselytis
1205 1818 1396 1845 accedentibus
1415 1818 1442 1844 in
1458 1818 1547 1844 medio
1564 1825 1658 1845 eorum
1675 1818 1764 1853 Iegiti~

985 1870 1059 1890 mum
1077 1866 1215 1889 reternum.
1231 1862 1284 1895 Qui
1303 1863 1423 1898 tetigerit
1439 1863 1554 1890 cadaver
1569 1863 1688 1891 hominis
1714 1871 1763 1890 cu-

983 1906 1084 1941 jusque
1101 1907 1188 1934 anima
1200 1912 1323 1939 exutum,
1339 1907 1496 1935 immundus
1510 1908 1562 1935 erit
1581 1912 1685 1942 septem
1701 1908 1762 1935 die-

984 1953 1036 1980 bus
1056 1952 1264 1987 :purilieabitur
1291 1953 1334 1980 die
1359 1953 1439 1980 tertio
1467 1957 1494 1980 et
1518 1953 1562 1981 die
1586 1953 1710 1987 septimo,
1736 1957 1764 1981 et

984 2000 1102 2027 mundus
1126 2000 1185 2027 erit.
1215 1999 1245 2026 Si
1270 2007 1336 2027 vero
1354 2007 1409 2026 non
1436 1998 1517 2026 fuerit
1545 1999 1705 2034 puriiicatus
1719 1999 1763 2027 die

984 2045 1066 2073 tertio
1077 2049 1102 2072 et
1117 2045 1157 2072 die
1170 2045 1296 2080 septimo,
1315 2052 1370 2072 non
1386 2045 1439 2072 erit
1453 2044 1581 2072 mundus.
1606 2044 1704 2072 Omnis
1714 2044 1762 2080 qui

984 2091 1100 2126 tetigerit
1115 2091 1228 2118 cadaver
1250 2091 1370 2119 hominis
1393 2091 1493 2118 mortui
1520 2091 1612 2118 anima
1638 2095 1760 2123 exutum,

986 2142 1013 2165 et
1043 2145 1095 2164 non
1120 2137 1199 2164 fuerit
1227 2137 1398 2172 puriﬁcatus,
1426 2137 1633 2164 tabernaculum
1653 2136 1762 2164 Domini

984 2182 1087 2217 polluit.
1103 2181 1330 2209 Exterminabitur
1345 2181 1435 2208 anima
1457 2181 1503 2208 illa
1526 2189 1560 2209 ex
1581 2181 1675 2213 Israel,
1692 2188 1762 2216 quo-

987 2229 1060 2255 niam
1082 2235 1150 2264 aqua
1167 2228 1332 2263 aspersiouis
1348 2235 1402 2256 non
1422 2228 1639 2262 circumaspersa
1655 2231 1698 2255 est
1714 2235 1762 2255 su-

146 2269 301 2305 ἁκάθαρτός
311 2271 396 2302 ἔστιν,
417 2270 571 2307 ἀκαθαρσία
588 2271 630 2297 ἐπ’
644 2271 717 2306 αὐτῷ
729 2270 814 2297 ἔσται.
826 2271 878 2297 Kal
888 2267 933 2298 οῦ-

985 2283 1033 2310 per
1045 2282 1104 2302 eum
1120 2283 1125 2301 :
1143 2274 1299 2301 immundus
1315 2279 1372 2307 est;
1396 2273 1568 2301 immunditia
1591 2277 1673 2308 super
1697 2280 1759 2300 eum

146 2325 190 2348 τος
203 2318 217 2344 ὁ
240 2317 332 2352 νόμος.
354 2317 513 2352 Ἀνθρωπος
536 2317 582 2343 ὲὰν
596 2317 717 2352 ἀποθάνῃ
736 2318 765 2343 ὲν
780 2317 863 2352 οἰκίᾳ,
878 2318 932 2349 πᾶς

146 2364 370 2400 εἰσπορευόμενος
394 2365 435 2395 εἰς
451 2363 501 2400 τὴν
514 2364 612 2396 οἰκίαν,
629 2364 675 2390 καὶ
692 2364 780 2391 πάντα
798 2364 849 2391 ὅσα
858 2364 932 2390 ἐστὶν

147 2409 176 2436 ὲν
184 2411 218 2445 τῇ
229 2411 313 2445 οἰκίᾳ,
330 2409 474 2445 ἀκάθαρτά
493 2410 566 2436 ἐστιν
585 2410 654 2437 ἑπτὰ
672 2410 787 2446 ἡμέρας.
802 2411 863 2445 ,Καὶ
877 2410 932 2436 πᾶν

147 2454 244 2486 σκεῦος
270 2455 453 2490 ἀνεῳγμένον,
475 2455 525 2482 ὅσα
548 2455 608 2491 οὐχὶ
628 2455 720 2490 δεσμῷ
745 2455 930 2488 καταδέδεται,

145 2500 288 2537 ἀκάθαρτα
303 2500 389 2527 ἔσται.
408 2501 464 2528 Καὶ
482 2502 536 2533 πᾶς
553 2501 583 2533 ὃς
609 2501 642 2528 ἂν
664 2501 765 2537 ἅψηται
780 2503 826 2529 ἐπὶ
847 2503 932 2538 πρόσ-

146 2554 219 2573 ωπον
232 2547 279 2573 τοῦ
296 2546 388 2573 πεδίου
408 2547 574 2583 τραυματίου
594 2548 740 2584 ῥομφαίας,
755 2549 772 2583 ἢ
786 2549 893 2584 νεκροῦ,
913 2549 930 2585 ἢ

145 2594 237 2620 ὀστέου
267 2593 483 2629 ἀνθρωπίνου,ἢ
507 2595 658 2630 μνήματος,
685 2593 931 2631 ἀκάθαρτος-ἐστιν

145 2638 213 2665 ἑπτὰ
233 2638 350 2674 ἡμέρας.
368 2639 424 2664 Kal
442 2638 569 2674 λήψονται
589 2639 628 2674 τῷ
652 2639 799 2675 ἀκαθάρτῳ
812 2639 866 2666 ἀπὸ
882 2639 931 2674 τῆς

145 2684 256 2716 σποδιᾱς
271 2685 321 2720 τῆς
346 2679 590 2720 κατακεκαυμένης
602 2684 648 2711 τοῦ
662 2685 807 2720 ἁγνισμοῦ,
822 2685 870 2711 καὶ
884 2686 931 2712 ὲκ-

145 2730 249 2765 χέουσιν
264 2730 349 2766 αὐτὴν
360 2731 401 2762 εἰς
412 2730 509 2762 σκεῦος
528 2729 576 2765 (2),
591 2731 637 2757 καὶ
651 2731 778 2767 λήψονται
796 2731 930 2758 ὕσσωπον·

144 2777 190 2804 καὶ
205 2776 287 2812 βάψει
306 2775 378 2812 ἀνὴρ
400 2775 530 2811 καθαρὸς,
550 2776 597 2802 καὶ
610 2778 768 2813 περιρρανεί
781 2777 827 2803 ἐπὶ
837 2776 882 2803 τὸν
894 2775 933 2803 οἰ-

179 2855 201 2870 ³³
220 2855 310 2882 Lerit.
333 2862 383 2887 xu,
416 2854 441 2886 I,
461 2854 488 2880 ‘2.

984 2321 1046 2348 erit.
1064 2320 1096 2347 Et
1112 2320 1167 2348 haec
1187 2323 1227 2348 est
1256 2320 1310 2348 lex.
1335 2319 1422 2347 IIomo
1443 2320 1466 2347 si
1491 2323 1616 2346 mortuus
1633 2319 1715 2346 fuerit
1731 2318 1760 2345 in

984 2366 1073 2398 domo,
1090 2366 1177 2393 omnis
1190 2365 1344 2401 ingrediens
1360 2365 1387 2391 in
1401 2365 1524 2398 domum,
1544 2368 1571 2392 et
1593 2364 1684 2391 omnia
1700 2371 1761 2398 qua:

984 2416 1048 2441 sunt
1063 2413 1089 2439 in
1104 2411 1191 2445 domo,
1219 2411 1359 2438 immunda
1383 2414 1447 2438 sunt
1470 2413 1575 2445 septem
1599 2409 1706 2437 diebus.
1726 2408 1760 2435 Et

984 2466 1065 2486 omne
1079 2466 1125 2485 vas
1137 2461 1270 2493 apertum,
1287 2464 1454 2492 quaecunque
1473 2463 1527 2483 non
1544 2455 1653 2482 vinculo
1672 2454 1759 2490 (oper-

985 2505 1048 2541 culi)
1063 2505 1166 2539 alligata
1179 2507 1252 2537 sunt,
1266 2503 1406 2531 immunda
1419 2505 1510 2530 erunt.
1527 2501 1560 2528 Et
1572 2501 1661 2529 omnis
1671 2501 1717 2535 qui
1731 2500 1760 2529 in

985 2558 1049 2586 agro
1065 2550 1180 2585 tetigerit
1193 2549 1314 2577 occisum
1330 2548 1419 2584 gladio
1441 2547 1612 2579 vulneribus,
1632 2547 1674 2574 vel
1686 2554 1762 2575 mor-

985 2599 1070 2629 tuum,
1085 2595 1125 2622 vel
1139 2602 1230 2622 ossum
1255 2594 1372 2622 hominis
1387 2596 1434 2619 aut
1449 2592 1623 2626 sepulcrum;
1639 2591 1760 2619 immun-

984 2639 1035 2667 dus
1051 2639 1101 2667 erit
1115 2639 1207 2666 diebus
1229 2643 1343 2673 septem.
1362 2637 1395 2664 Et
1410 2641 1518 2664 sument
1538 2643 1587 2671 pro
1607 2636 1759 2668 immundo,

983 2686 1018 2713 de
1032 2685 1122 2713 cinere
1132 2685 1278 2713 combustae
1299 2684 1436 2720 (juvencw)
1458 2683 1665 2718 puriﬁcationis,
1682 2683 1760 2710 et-ef—

985 2731 1097 2759 fundent
1112 2739 1171 2758 eum
1184 2731 1211 2758 in
1223 2739 1279 2763 vas,
1293 2734 1320 2758 et
1337 2733 1446 2758 sument
1459 2729 1619 2765 hyssopum,
1635 2733 1662 2756 et
1674 2729 1760 2763 tinget

984 2778 1026 2804 vir
1039 2784 1123 2812 purus
1137 2780 1164 2804 et
1176 2772 1409 2812 "cireumaspcrget
1422 2783 1504 2810 super
1515 2775 1626 2803 domum
1639 2778 1666 2802 et
1678 2782 1760 2810 super

528 2854 549 2870 ιδ
568 2853 635 2881 Ibid.
656 2853 682 2886 6,
703 2854 729 2883 7.
768 2855 791 2870 ”
808 2854 888 2882 Num.
908 2852 1060 2889 “nmio-2L

176 2925 212 2962 (2)
228 2925 294 2959 Leg.
307 2923 451 2959 tleoww
465 2925 506 2952 ιιι-ι’
518 2924 602 2960 αὐτὴν
614 2924 684 2961 ὕδωρ
697 2924 750 2957 ζῶν
766 2926 805 2957 εἰς
821 2925 925 2959 σκεῦος,

985 2925 1114 2961 effundent
1124 2933 1199 2960 super
1208 2933 1266 2952 tum
1277 2924 1416 2960 (cinerem)
1425 2933 1519 2961 aquam
1529 2925 1650 2952 viventem
1661 2926 1686 2952 in
1701 2934 1755 2953 ras.
