  <div class='ocr_page' id='page_1' title='image "/cluster/home/n/w/nwhite01/storage/ocr_20150623/22/njp.32101077772497/024.png"; bbox 0 0 2053 3218; ppageno 0'>
   <div class='ocr_carea' id='block_1_1' title="bbox 128 196 1763 229">
    <p class='ocr_par' dir='ltr' id='par_1_1' title="bbox 128 196 1763 229">
     <span class='ocr_line' id='line_1_1' title="bbox 128 196 1763 229; baseline 0.001 -3"><span class='ocrx_word' id='word_1_1' title='bbox 128 198 164 226; x_wconf 75' lang='lat'><strong>53</strong></span> <span class='ocrx_word' id='word_1_2' title='bbox 581 196 904 228; x_wconf 68' lang='lat' dir='ltr'><strong>DEMONSTKATIONIS</strong></span> <span class='ocrx_word' id='word_1_3' title='bbox 925 197 1155 229; x_wconf 63' lang='lat' dir='ltr'><strong>EVANGELICE</strong></span> <span class='ocrx_word' id='word_1_4' title='bbox 1176 198 1240 227; x_wconf 81' lang='lat' dir='ltr'><strong>LIB.</strong></span> <span class='ocrx_word' id='word_1_5' title='bbox 1260 197 1280 227; x_wconf 91' lang='lat' dir='ltr'><strong>I.</strong></span> <span class='ocrx_word' id='word_1_6' title='bbox 1728 203 1763 228; x_wconf 73' lang='lat' dir='ltr'><strong>5t</strong></span> 
     </span>
    </p>
   </div>
   <div class='ocr_carea' id='block_1_2' title="bbox 134 256 925 295">
    <p class='ocr_par' dir='ltr' id='par_1_2' title="bbox 134 256 925 295">
     <span class='ocr_line' id='line_1_2' title="bbox 134 256 925 295; baseline 0.004 -12"><span class='ocrx_word' id='word_1_7' title='bbox 134 256 215 294; x_wconf 78' lang='grc' dir='ltr'>ρεύσῃ</span> <span class='ocrx_word' id='word_1_8' title='bbox 225 257 266 290; x_wconf 81' lang='grc' dir='ltr'><strong>είς</strong></span> <span class='ocrx_word' id='word_1_9' title='bbox 279 257 330 286; x_wconf 79' lang='grc' dir='ltr'>τὺν</span> <span class='ocrx_word' id='word_1_10' title='bbox 352 259 445 290; x_wconf 78' lang='grc' dir='ltr'>τόπον,</span> <span class='ocrx_word' id='word_1_11' title='bbox 460 259 489 286; x_wconf 73' lang='grc' dir='ltr'>ὃν</span> <span class='ocrx_word' id='word_1_12' title='bbox 506 258 538 287; x_wconf 76' lang='grc' dir='ltr'>ἂν</span> <span class='ocrx_word' id='word_1_13' title='bbox 556 259 698 295; x_wconf 70' lang='grc' dir='ltr'><strong>ἐκλέξηται</strong></span> <span class='ocrx_word' id='word_1_14' title='bbox 718 259 818 295; x_wconf 83' lang='grc' dir='ltr'>Κύριος</span> <span class='ocrx_word' id='word_1_15' title='bbox 830 259 844 286; x_wconf 99' lang='lat'><strong>6</strong></span> <span class='ocrx_word' id='word_1_16' title='bbox 860 259 925 291; x_wconf 77' lang='grc' dir='ltr'>Θιός</span> 
     </span>
    </p>
   </div>
   <div class='ocr_carea' id='block_1_3' title="bbox 976 256 1761 295">
    <p class='ocr_par' dir='ltr' id='par_1_3' title="bbox 977 258 1761 294">
     <span class='ocr_line' id='line_1_3' title="bbox 977 258 1761 294; baseline 0.004 -9"><span class='ocrx_word' id='word_1_17' title='bbox 977 258 1005 285; x_wconf 92' lang='lat' dir='ltr'><strong>in</strong></span> <span class='ocrx_word' id='word_1_18' title='bbox 1021 266 1083 286; x_wconf 90' lang='lat' dir='ltr'><strong>eum</strong></span> <span class='ocrx_word' id='word_1_19' title='bbox 1098 264 1186 293; x_wconf 81' lang='lat' dir='ltr'><strong>ipsum</strong></span> <span class='ocrx_word' id='word_1_20' title='bbox 1202 259 1291 286; x_wconf 86' lang='lat' dir='ltr'><strong>locum</strong></span> <span class='ocrx_word' id='word_1_21' title='bbox 1308 265 1389 294; x_wconf 87' lang='lat' dir='ltr'><strong>quem</strong></span> <span class='ocrx_word' id='word_1_22' title='bbox 1409 259 1520 294; x_wconf 71' lang='lat' dir='ltr'><strong>elegerit</strong></span> <span class='ocrx_word' id='word_1_23' title='bbox 1536 258 1668 288; x_wconf 77' lang='lat' dir='ltr'><strong>Dominus</strong></span> <span class='ocrx_word' id='word_1_24' title='bbox 1690 260 1761 289; x_wconf 80' lang='lat' dir='ltr'><strong>Deus</strong></span> 
     </span>
    </p>
   </div>
   <div class='ocr_carea' id='block_1_4' title="bbox 134 301 923 340">
    <p class='ocr_par' dir='ltr' id='par_1_4' title="bbox 134 301 923 340">
     <span class='ocr_line' id='line_1_4' title="bbox 134 301 923 340; baseline 0.001 -12"><span class='ocrx_word' id='word_1_25' title='bbox 134 310 179 328; x_wconf 87' lang='grc' dir='ltr'><strong>σου</strong></span> <span class='ocrx_word' id='word_1_26' title='bbox 193 301 287 335; x_wconf 68' lang='grc' dir='ltr'>αὐτὸν,</span> <span class='ocrx_word' id='word_1_27' title='bbox 301 304 353 331; x_wconf 73' lang='grc' dir='ltr'>καὶ</span> <span class='ocrx_word' id='word_1_28' title='bbox 369 304 464 336; x_wconf 84' lang='grc' dir='ltr'>δώσεις</span> <span class='ocrx_word' id='word_1_29' title='bbox 475 304 504 331; x_wconf 81' lang='grc' dir='ltr'>τὸ</span> <span class='ocrx_word' id='word_1_30' title='bbox 521 303 649 340; x_wconf 65' lang='grc' dir='ltr'>ἀργύριον</span> <span class='ocrx_word' id='word_1_31' title='bbox 666 305 710 331; x_wconf 71' lang='grc' dir='ltr'><strong>ἐπὶ</strong></span> <span class='ocrx_word' id='word_1_32' title='bbox 728 304 826 336; x_wconf 77' lang='grc' dir='ltr'>παντὸς</span> <span class='ocrx_word' id='word_1_33' title='bbox 845 302 874 331; x_wconf 74' lang='grc' dir='ltr'>οὗ</span> <span class='ocrx_word' id='word_1_34' title='bbox 891 303 923 330; x_wconf 80' lang='grc' dir='ltr'>ἂν</span> 
     </span>
    </p>
   </div>
   <div class='ocr_carea' id='block_1_5' title="bbox 136 347 923 386">
    <p class='ocr_par' dir='ltr' id='par_1_5' title="bbox 136 347 923 386">
     <span class='ocr_line' id='line_1_5' title="bbox 136 347 923 386; baseline 0.004 -12"><span class='ocrx_word' id='word_1_35' title='bbox 136 347 252 384; x_wconf 67' lang='grc' dir='ltr'>ἐπιθυμῇ</span> <span class='ocrx_word' id='word_1_36' title='bbox 262 349 281 384; x_wconf 70' lang='grc' dir='ltr'><strong>ἡ</strong></span> <span class='ocrx_word' id='word_1_37' title='bbox 288 348 364 386; x_wconf 79' lang='grc' dir='ltr'>ψυχή</span> <span class='ocrx_word' id='word_1_38' title='bbox 377 358 433 382; x_wconf 83' lang='grc' dir='ltr'>σου,</span> <span class='ocrx_word' id='word_1_39' title='bbox 441 351 486 377; x_wconf 83' lang='grc' dir='ltr'><strong>ὲπὶ</strong></span> <span class='ocrx_word' id='word_1_40' title='bbox 496 350 596 385; x_wconf 77' lang='grc' dir='ltr'>βουσὶν,</span> <span class='ocrx_word' id='word_1_41' title='bbox 607 351 622 386; x_wconf 84' lang='grc' dir='ltr'>ἦ</span> <span class='ocrx_word' id='word_1_42' title='bbox 632 349 678 377; x_wconf 79' lang='grc' dir='ltr'>ἐπὶ</span> <span class='ocrx_word' id='word_1_43' title='bbox 688 350 841 386; x_wconf 75' lang='grc' dir='ltr'>προϐάτοις,</span> <span class='ocrx_word' id='word_1_44' title='bbox 852 350 868 386; x_wconf 73' lang='grc' dir='ltr'>ἢ</span> <span class='ocrx_word' id='word_1_45' title='bbox 879 350 923 378; x_wconf 69' lang='grc' dir='ltr'><strong>ἐπὶ</strong></span> 
     </span>
    </p>
   </div>
   <div class='ocr_carea' id='block_1_6' title="bbox 136 394 922 432">
    <p class='ocr_par' dir='ltr' id='par_1_6' title="bbox 136 394 922 432">
     <span class='ocr_line' id='line_1_6' title="bbox 136 394 922 432; baseline 0.004 -12"><span class='ocrx_word' id='word_1_46' title='bbox 136 395 207 430; x_wconf 79' lang='grc' dir='ltr'>οῐνῳ,</span> <span class='ocrx_word' id='word_1_47' title='bbox 224 394 242 430; x_wconf 80' lang='grc' dir='ltr'>ἢ</span> <span class='ocrx_word' id='word_1_48' title='bbox 258 394 308 421; x_wconf 65' lang='grc' dir='ltr'>ἐπὶ</span> <span class='ocrx_word' id='word_1_49' title='bbox 323 395 432 431; x_wconf 71' lang='grc' dir='ltr'>σικὲρᾳ,</span> <span class='ocrx_word' id='word_1_50' title='bbox 447 395 464 431; x_wconf 78' lang='grc' dir='ltr'><strong>ἢ</strong></span> <span class='ocrx_word' id='word_1_51' title='bbox 478 395 523 422; x_wconf 70' lang='grc' dir='ltr'>ἐπὶ</span> <span class='ocrx_word' id='word_1_52' title='bbox 548 395 647 427; x_wconf 78' lang='grc' dir='ltr'>παντὸς</span> <span class='ocrx_word' id='word_1_53' title='bbox 666 394 697 423; x_wconf 77' lang='grc' dir='ltr'>οὗ</span> <span class='ocrx_word' id='word_1_54' title='bbox 721 396 753 422; x_wconf 82' lang='grc' dir='ltr'>ἄν</span> <span class='ocrx_word' id='word_1_55' title='bbox 773 396 891 432; x_wconf 67' lang='grc' dir='ltr'>ἐπιθυμῇ</span> <span class='ocrx_word' id='word_1_56' title='bbox 906 397 922 432; x_wconf 85' lang='grc' dir='ltr'>ἡ</span> 
     </span>
    </p>
   </div>
   <div class='ocr_carea' id='block_1_7' title="bbox 136 441 922 478">
    <p class='ocr_par' dir='ltr' id='par_1_7' title="bbox 136 441 922 478">
     <span class='ocr_line' id='line_1_7' title="bbox 136 441 922 478; baseline 0 -10"><span class='ocrx_word' id='word_1_57' title='bbox 136 441 208 478; x_wconf 74' lang='grc' dir='ltr'>ψυχή</span> <span class='ocrx_word' id='word_1_58' title='bbox 224 450 282 474; x_wconf 75' lang='grc' dir='ltr'><strong>σω,</strong></span> <span class='ocrx_word' id='word_1_59' title='bbox 306 441 354 468; x_wconf 75' lang='grc' dir='ltr'>καὶ</span> <span class='ocrx_word' id='word_1_60' title='bbox 372 443 446 477; x_wconf 82' lang='grc' dir='ltr'>φαγῇ</span> <span class='ocrx_word' id='word_1_61' title='bbox 461 442 519 468; x_wconf 75' lang='grc' dir='ltr'>ἐκεῖ</span> <span class='ocrx_word' id='word_1_62' title='bbox 541 442 660 469; x_wconf 82' lang='grc' dir='ltr'>ἐναντίον</span> <span class='ocrx_word' id='word_1_63' title='bbox 677 442 778 478; x_wconf 79' lang='grc' dir='ltr'>Κυρίου</span> <span class='ocrx_word' id='word_1_64' title='bbox 795 442 840 469; x_wconf 81' lang='grc' dir='ltr'>τοῦ</span> <span class='ocrx_word' id='word_1_65' title='bbox 856 442 922 469; x_wconf 83' lang='grc' dir='ltr'>Θεοῦ</span> 
     </span>
    </p>
   </div>
   <div class='ocr_carea' id='block_1_8' title="bbox 138 485 924 524">
    <p class='ocr_par' dir='ltr' id='par_1_8' title="bbox 138 485 924 524">
     <span class='ocr_line' id='line_1_8' title="bbox 138 485 924 524; baseline 0.003 -10"><span class='ocrx_word' id='word_1_66' title='bbox 138 494 195 514; x_wconf 81' lang='grc' dir='ltr'>σου.</span> <span class='ocrx_word' id='word_1_67' title='bbox 215 497 224 513; x_wconf 74' lang='grc' dir='ltr'><strong>ι</strong></span> <span class='ocrx_word' id='word_1_68' title='bbox 240 488 296 514; x_wconf 78' lang='grc' dir='ltr'><strong>Καὶ</strong></span> <span class='ocrx_word' id='word_1_69' title='bbox 307 485 386 520; x_wconf 83' lang='grc' dir='ltr'>αὖθις</span> <span class='ocrx_word' id='word_1_70' title='bbox 400 488 445 514; x_wconf 75' lang='grc' dir='ltr'>τὸν</span> <span class='ocrx_word' id='word_1_71' title='bbox 457 488 538 514; x_wconf 80' lang='grc' dir='ltr'>τόπον</span> <span class='ocrx_word' id='word_1_72' title='bbox 551 488 787 524; x_wconf 71' lang='grc' dir='ltr'>ὲπισφραγῖζεται,</span> <span class='ocrx_word' id='word_1_73' title='bbox 803 485 854 516; x_wconf 79' lang='grc' dir='ltr'><strong>ὧδέ</strong></span> <span class='ocrx_word' id='word_1_74' title='bbox 867 496 924 521; x_wconf 83' lang='grc' dir='ltr'>πως</span> 
     </span>
    </p>
   </div>
   <div class='ocr_carea' id='block_1_9' title="bbox 137 533 924 570">
    <p class='ocr_par' dir='ltr' id='par_1_9' title="bbox 137 533 924 570">
     <span class='ocr_line' id='line_1_9' title="bbox 137 533 924 570; baseline 0.001 -10"><span class='ocrx_word' id='word_1_75' title='bbox 137 533 266 568; x_wconf 60' lang='grc' dir='ltr'><strong>φάσγαν’</strong></span> <span class='ocrx_word' id='word_1_76' title='bbox 283 543 293 559; x_wconf 78' lang='grc' dir='ltr'><strong>ι</strong></span> <span class='ocrx_word' id='word_1_77' title='bbox 311 534 370 560; x_wconf 75' lang='grc' dir='ltr'><strong>Πᾶν</strong></span> <span class='ocrx_word' id='word_1_78' title='bbox 384 534 552 569; x_wconf 75' lang='grc' dir='ltr'><strong>πρωτότοκον</strong></span> <span class='ocrx_word' id='word_1_79' title='bbox 564 533 578 559; x_wconf 77' lang='lat'><strong>6</strong></span> <span class='ocrx_word' id='word_1_80' title='bbox 590 534 622 561; x_wconf 81' lang='grc' dir='ltr'>ἃν</span> <span class='ocrx_word' id='word_1_81' title='bbox 640 534 721 570; x_wconf 78' lang='grc' dir='ltr'>τεχθῇ</span> <span class='ocrx_word' id='word_1_82' title='bbox 736 536 764 562; x_wconf 75' lang='grc' dir='ltr'>ἐν</span> <span class='ocrx_word' id='word_1_83' title='bbox 779 536 835 567; x_wconf 84' lang='grc' dir='ltr'>τοῖς</span> <span class='ocrx_word' id='word_1_84' title='bbox 850 535 924 570; x_wconf 82' lang='grc' dir='ltr'>βουσί</span> 
     </span>
    </p>
   </div>
   <div class='ocr_carea' id='block_1_10' title="bbox 139 579 924 616">
    <p class='ocr_par' dir='ltr' id='par_1_10' title="bbox 139 579 924 616">
     <span class='ocr_line' id='line_1_10' title="bbox 139 579 924 616; baseline 0.004 -12"><span class='ocrx_word' id='word_1_85' title='bbox 139 586 197 610; x_wconf 80' lang='grc' dir='ltr'>σου,</span> <span class='ocrx_word' id='word_1_86' title='bbox 213 579 259 605; x_wconf 69' lang='grc' dir='ltr'>καὶ</span> <span class='ocrx_word' id='word_1_87' title='bbox 275 580 305 605; x_wconf 81' lang='grc' dir='ltr'>ὲν</span> <span class='ocrx_word' id='word_1_88' title='bbox 319 580 376 610; x_wconf 83' lang='grc' dir='ltr'>τοῖς</span> <span class='ocrx_word' id='word_1_89' title='bbox 392 579 537 614; x_wconf 73' lang='grc' dir='ltr'>προϐάτοις</span> <span class='ocrx_word' id='word_1_90' title='bbox 558 588 616 612; x_wconf 80' lang='grc' dir='ltr'>σου,</span> <span class='ocrx_word' id='word_1_91' title='bbox 637 580 670 606; x_wconf 74' lang='grc' dir='ltr'>τὰ</span> <span class='ocrx_word' id='word_1_92' title='bbox 694 581 824 616; x_wconf 68' lang='grc' dir='ltr'>ἀρσενικὰ</span> <span class='ocrx_word' id='word_1_93' title='bbox 846 581 924 607; x_wconf 84' lang='grc' dir='ltr'>ἀποί-</span> 
     </span>
    </p>
   </div>
   <div class='ocr_carea' id='block_1_11' title="bbox 138 623 924 663">
    <p class='ocr_par' dir='ltr' id='par_1_11' title="bbox 138 623 924 663">
     <span class='ocr_line' id='line_1_11' title="bbox 138 623 924 663; baseline 0.006 -14"><span class='ocrx_word' id='word_1_94' title='bbox 138 631 196 655; x_wconf 82' lang='grc' dir='ltr'>σεις</span> <span class='ocrx_word' id='word_1_95' title='bbox 210 623 307 660; x_wconf 84' lang='grc' dir='ltr'>Κυρίῳ</span> <span class='ocrx_word' id='word_1_96' title='bbox 320 623 358 660; x_wconf 79' lang='grc' dir='ltr'>τῷ</span> <span class='ocrx_word' id='word_1_97' title='bbox 372 624 430 660; x_wconf 83' lang='grc' dir='ltr'><strong>Θεῷ</strong></span> <span class='ocrx_word' id='word_1_98' title='bbox 449 633 506 651; x_wconf 86' lang='grc' dir='ltr'>σου.</span> <span class='ocrx_word' id='word_1_99' title='bbox 525 626 581 652; x_wconf 78' lang='grc' dir='ltr'>υὺκ</span> <span class='ocrx_word' id='word_1_100' title='bbox 600 626 703 663; x_wconf 81' lang='grc' dir='ltr'>ἐργάσῃ</span> <span class='ocrx_word' id='word_1_101' title='bbox 720 628 748 653; x_wconf 85' lang='grc' dir='ltr'>ὲν</span> <span class='ocrx_word' id='word_1_102' title='bbox 765 626 803 661; x_wconf 80' lang='grc' dir='ltr'>τῷ</span> <span class='ocrx_word' id='word_1_103' title='bbox 823 636 924 663; x_wconf 82' lang='grc' dir='ltr'>πρωτο-</span> 
     </span>
    </p>
   </div>
   <div class='ocr_carea' id='block_1_12' title="bbox 137 669 924 707">
    <p class='ocr_par' dir='ltr' id='par_1_12' title="bbox 137 669 924 707">
     <span class='ocr_line' id='line_1_12' title="bbox 137 669 924 707; baseline 0.003 -11"><span class='ocrx_word' id='word_1_104' title='bbox 137 669 210 705; x_wconf 80' lang='grc' dir='ltr'>τόκῳ</span> <span class='ocrx_word' id='word_1_105' title='bbox 227 669 320 706; x_wconf 65' lang='grc' dir='ltr'>μόσχῳ</span> <span class='ocrx_word' id='word_1_106' title='bbox 338 678 396 701; x_wconf 81' lang='grc' dir='ltr'>σου,</span> <span class='ocrx_word' id='word_1_107' title='bbox 415 671 461 697; x_wconf 83' lang='grc' dir='ltr'><strong>καὶ</strong></span> <span class='ocrx_word' id='word_1_108' title='bbox 475 670 511 706; x_wconf 79' lang='grc' dir='ltr'><strong>μὴ</strong></span> <span class='ocrx_word' id='word_1_109' title='bbox 526 671 620 707; x_wconf 79' lang='grc' dir='ltr'>κείρῃς</span> <span class='ocrx_word' id='word_1_110' title='bbox 637 671 668 697; x_wconf 79' lang='grc' dir='ltr'>τὸ</span> <span class='ocrx_word' id='word_1_111' title='bbox 687 672 856 707; x_wconf 75' lang='grc' dir='ltr'><strong>πρωτότοκον</strong></span> <span class='ocrx_word' id='word_1_112' title='bbox 870 673 924 699; x_wconf 83' lang='grc' dir='ltr'><strong>τῶν</strong></span> 
     </span>
    </p>
   </div>
   <div class='ocr_carea' id='block_1_13' title="bbox 97 714 921 755">
    <p class='ocr_par' dir='ltr' id='par_1_13' title="bbox 97 714 921 755">
     <span class='ocr_line' id='line_1_13' title="bbox 97 714 921 755; baseline 0.002 -13"><span class='ocrx_word' id='word_1_113' title='bbox 97 743 102 746; x_wconf 66' lang='grc'><em>,</em></span> <span class='ocrx_word' id='word_1_114' title='bbox 138 714 282 751; x_wconf 73' lang='grc' dir='ltr'>προϐάτων</span> <span class='ocrx_word' id='word_1_115' title='bbox 297 724 353 742; x_wconf 78' lang='grc' dir='ltr'>σου.</span> <span class='ocrx_word' id='word_1_116' title='bbox 369 716 502 742; x_wconf 82' lang='grc' dir='ltr'>Ἐναντίον</span> <span class='ocrx_word' id='word_1_117' title='bbox 518 717 619 752; x_wconf 79' lang='grc' dir='ltr'><strong>Κυρίου</strong></span> <span class='ocrx_word' id='word_1_118' title='bbox 638 717 684 743; x_wconf 77' lang='grc' dir='ltr'><strong>τοῦ</strong></span> <span class='ocrx_word' id='word_1_119' title='bbox 705 718 772 744; x_wconf 78' lang='grc' dir='ltr'>Θεοῦ</span> <span class='ocrx_word' id='word_1_120' title='bbox 788 726 834 744; x_wconf 82' lang='grc' dir='ltr'><strong>σου</strong></span> <span class='ocrx_word' id='word_1_121' title='bbox 850 720 921 755; x_wconf 76' lang='grc' dir='ltr'><strong>φαγῇ</strong></span> 
     </span>
    </p>
   </div>
   <div class='ocr_carea' id='block_1_14' title="bbox 137 760 924 799">
    <p class='ocr_par' dir='ltr' id='par_1_14' title="bbox 137 760 924 799">
     <span class='ocr_line' id='line_1_14' title="bbox 137 760 924 799; baseline 0.004 -12"><span class='ocrx_word' id='word_1_122' title='bbox 137 760 205 788; x_wconf 69' lang='grc' dir='ltr'>αὐτὸ</span> <span class='ocrx_word' id='word_1_123' title='bbox 217 760 339 788; x_wconf 69' lang='grc' dir='ltr'>ἐνιαυτὸν</span> <span class='ocrx_word' id='word_1_124' title='bbox 354 761 382 794; x_wconf 74' lang='grc' dir='ltr'>ἐξ</span> <span class='ocrx_word' id='word_1_125' title='bbox 397 761 529 793; x_wconf 76' lang='grc' dir='ltr'>ἐνιαυτοῦ,</span> <span class='ocrx_word' id='word_1_126' title='bbox 544 763 571 788; x_wconf 76' lang='grc' dir='ltr'><strong>ὲν</strong></span> <span class='ocrx_word' id='word_1_127' title='bbox 587 762 626 798; x_wconf 81' lang='grc' dir='ltr'><strong>τῷ</strong></span> <span class='ocrx_word' id='word_1_128' title='bbox 644 763 718 799; x_wconf 80' lang='grc' dir='ltr'>τόπῳ</span> <span class='ocrx_word' id='word_1_129' title='bbox 728 760 750 797; x_wconf 82' lang='grc' dir='ltr'>ᾦ</span> <span class='ocrx_word' id='word_1_130' title='bbox 765 763 797 790; x_wconf 85' lang='grc' dir='ltr'>ἂν</span> <span class='ocrx_word' id='word_1_131' title='bbox 814 764 924 799; x_wconf 70' lang='grc' dir='ltr'>ἐκλέξη-</span> 
     </span>
    </p>
   </div>
   <div class='ocr_carea' id='block_1_15' title="bbox 136 806 923 842">
    <p class='ocr_par' dir='ltr' id='par_1_15' title="bbox 136 806 923 842">
     <span class='ocr_line' id='line_1_15' title="bbox 136 806 923 842; baseline 0.005 -9"><span class='ocrx_word' id='word_1_132' title='bbox 136 815 182 834; x_wconf 76' lang='grc' dir='ltr'><strong>ται</strong></span> <span class='ocrx_word' id='word_1_133' title='bbox 196 806 299 842; x_wconf 81' lang='grc' dir='ltr'>Κύριος</span> <span class='ocrx_word' id='word_1_134' title='bbox 311 807 325 833; x_wconf 92' lang='lat'><strong>6</strong></span> <span class='ocrx_word' id='word_1_135' title='bbox 340 807 406 839; x_wconf 78' lang='grc' dir='ltr'>Θεός</span> <span class='ocrx_word' id='word_1_136' title='bbox 422 816 478 839; x_wconf 84' lang='grc' dir='ltr'>σου,</span> <span class='ocrx_word' id='word_1_137' title='bbox 497 808 530 834; x_wconf 73' lang='grc' dir='ltr'><strong>σὺ</strong></span> <span class='ocrx_word' id='word_1_138' title='bbox 550 809 596 836; x_wconf 77' lang='grc' dir='ltr'><strong>καὶ</strong></span> <span class='ocrx_word' id='word_1_139' title='bbox 617 810 631 835; x_wconf 86' lang='lat'><strong>6</strong></span> <span class='ocrx_word' id='word_1_140' title='bbox 650 807 723 841; x_wconf 76' lang='grc' dir='ltr'>οἶκός</span> <span class='ocrx_word' id='word_1_141' title='bbox 743 818 799 836; x_wconf 89' lang='grc' dir='ltr'>σου.</span> <span class='ocrx_word' id='word_1_142' title='bbox 820 820 829 836; x_wconf 81' lang='grc' dir='ltr'><strong>ι</strong></span> <span class='ocrx_word' id='word_1_143' title='bbox 847 811 923 837; x_wconf 73' lang='grc' dir='ltr'>Μετὰ</span> 
     </span>
    </p>
   </div>
   <div class='ocr_carea' id='block_1_16' title="bbox 135 852 922 891">
    <p class='ocr_par' dir='ltr' id='par_1_16' title="bbox 135 852 922 891">
     <span class='ocr_line' id='line_1_16' title="bbox 135 852 922 891; baseline 0.006 -13"><span class='ocrx_word' id='word_1_144' title='bbox 135 852 226 879; x_wconf 71' lang='grc' dir='ltr'>ταῦτα.</span> <span class='ocrx_word' id='word_1_145' title='bbox 238 853 319 880; x_wconf 74' lang='grc' dir='ltr'>πάλιν</span> <span class='ocrx_word' id='word_1_146' title='bbox 336 852 393 884; x_wconf 85' lang='grc' dir='ltr'><strong>Θέα,</strong></span> <span class='ocrx_word' id='word_1_147' title='bbox 410 853 470 880; x_wconf 83' lang='grc' dir='ltr'>τίνα.</span> <span class='ocrx_word' id='word_1_148' title='bbox 490 854 589 888; x_wconf 80' lang='grc' dir='ltr'><strong>τρόπον</strong></span> <span class='ocrx_word' id='word_1_149' title='bbox 610 855 655 881; x_wconf 78' lang='grc' dir='ltr'><strong>καὶ</strong></span> <span class='ocrx_word' id='word_1_150' title='bbox 670 855 703 881; x_wconf 81' lang='grc' dir='ltr'>τὰ</span> <span class='ocrx_word' id='word_1_151' title='bbox 719 856 782 890; x_wconf 73' lang='grc' dir='ltr'>περὶ</span> <span class='ocrx_word' id='word_1_152' title='bbox 797 855 850 882; x_wconf 87' lang='grc' dir='ltr'>τῶν</span> <span class='ocrx_word' id='word_1_153' title='bbox 862 857 922 891; x_wconf 80' lang='grc' dir='ltr'>ἑορ-</span> 
     </span>
    </p>
   </div>
   <div class='ocr_carea' id='block_1_17' title="bbox 136 898 922 937">
    <p class='ocr_par' dir='ltr' id='par_1_17' title="bbox 136 898 922 937">
     <span class='ocr_line' id='line_1_17' title="bbox 136 898 922 937; baseline 0.004 -13"><span class='ocrx_word' id='word_1_154' title='bbox 136 898 192 925; x_wconf 79' lang='grc' dir='ltr'>τῶν</span> <span class='ocrx_word' id='word_1_155' title='bbox 209 898 369 931; x_wconf 79' lang='grc' dir='ltr'><strong>διαστέλλει,</strong></span> <span class='ocrx_word' id='word_1_156' title='bbox 387 899 436 925; x_wconf 84' lang='grc' dir='ltr'>οὐκ</span> <span class='ocrx_word' id='word_1_157' title='bbox 453 899 544 926; x_wconf 77' lang='grc' dir='ltr'>ἄλλοθι</span> <span class='ocrx_word' id='word_1_158' title='bbox 558 900 619 935; x_wconf 82' lang='grc' dir='ltr'>γῆς,</span> <span class='ocrx_word' id='word_1_159' title='bbox 639 900 695 927; x_wconf 80' lang='grc' dir='ltr'>ἀλλ’</span> <span class='ocrx_word' id='word_1_160' title='bbox 713 900 770 936; x_wconf 75' lang='grc' dir='ltr'><strong>ἢέν</strong></span> <span class='ocrx_word' id='word_1_161' title='bbox 792 902 864 937; x_wconf 79' lang='grc' dir='ltr'>μόνῳ</span> <span class='ocrx_word' id='word_1_162' title='bbox 884 901 922 936; x_wconf 80' lang='grc' dir='ltr'>τῷ</span> 
     </span>
    </p>
   </div>
   <div class='ocr_carea' id='block_1_18' title="bbox 136 944 924 981">
    <p class='ocr_par' dir='ltr' id='par_1_18' title="bbox 136 944 924 981">
     <span class='ocr_line' id='line_1_18' title="bbox 136 944 924 981; baseline 0.005 -11"><span class='ocrx_word' id='word_1_163' title='bbox 136 944 293 980; x_wconf 77' lang='grc' dir='ltr'><strong>δηλουμένῳ</strong></span> <span class='ocrx_word' id='word_1_164' title='bbox 311 944 395 980; x_wconf 83' lang='grc' dir='ltr'>τόπῳ,</span> <span class='ocrx_word' id='word_1_165' title='bbox 412 945 614 981; x_wconf 75' lang='grc' dir='ltr'><strong>πανηγυρίζειν.</strong></span> <span class='ocrx_word' id='word_1_166' title='bbox 630 946 710 980; x_wconf 83' lang='grc' dir='ltr'>Λέγει</span> <span class='ocrx_word' id='word_1_167' title='bbox 726 946 748 972; x_wconf 87' lang='grc' dir='ltr'><strong>δ’</strong></span> <span class='ocrx_word' id='word_1_168' title='bbox 765 945 824 974; x_wconf 78' lang='grc' dir='ltr'>οὖν·</span> <span class='ocrx_word' id='word_1_169' title='bbox 845 957 853 972; x_wconf 77' lang='grc' dir='ltr'><strong>ι</strong></span> <span class='ocrx_word' id='word_1_170' title='bbox 873 948 924 974; x_wconf 77' lang='grc' dir='ltr'><strong>Φύ-</strong></span> 
     </span>
    </p>
   </div>
   <div class='ocr_carea' id='block_1_19' title="bbox 137 990 924 1029">
    <p class='ocr_par' dir='ltr' id='par_1_19' title="bbox 137 990 924 1029">
     <span class='ocr_line' id='line_1_19' title="bbox 137 990 924 1029; baseline 0.006 -13"><span class='ocrx_word' id='word_1_171' title='bbox 137 990 217 1023; x_wconf 77' lang='grc' dir='ltr'>λαξαι</span> <span class='ocrx_word' id='word_1_172' title='bbox 231 990 277 1017; x_wconf 79' lang='grc' dir='ltr'>τδν</span> <span class='ocrx_word' id='word_1_173' title='bbox 298 990 370 1026; x_wconf 83' lang='grc' dir='ltr'>μῆνα</span> <span class='ocrx_word' id='word_1_174' title='bbox 388 991 443 1018; x_wconf 83' lang='grc' dir='ltr'>τῶν</span> <span class='ocrx_word' id='word_1_175' title='bbox 457 991 534 1024; x_wconf 82' lang='grc' dir='ltr'><strong>νέων,</strong></span> <span class='ocrx_word' id='word_1_176' title='bbox 553 993 599 1018; x_wconf 69' lang='grc' dir='ltr'><strong>καὶ</strong></span> <span class='ocrx_word' id='word_1_177' title='bbox 626 994 747 1028; x_wconf 75' lang='grc' dir='ltr'><strong>ποιήσεις</strong></span> <span class='ocrx_word' id='word_1_178' title='bbox 773 993 803 1019; x_wconf 89' lang='grc' dir='ltr'><strong>τὸ</strong></span> <span class='ocrx_word' id='word_1_179' title='bbox 829 994 924 1029; x_wconf 57' lang='grc' dir='ltr'>Πάσχα</span> 
     </span>
    </p>
   </div>
   <div class='ocr_carea' id='block_1_20' title="bbox 138 1036 922 1075">
    <p class='ocr_par' dir='ltr' id='par_1_20' title="bbox 138 1036 922 1075">
     <span class='ocr_line' id='line_1_20' title="bbox 138 1036 922 1075; baseline 0.005 -13"><span class='ocrx_word' id='word_1_180' title='bbox 138 1036 234 1072; x_wconf 79' lang='grc' dir='ltr'>Κυρίῳ</span> <span class='ocrx_word' id='word_1_181' title='bbox 249 1036 288 1073; x_wconf 83' lang='grc' dir='ltr'>τῷ</span> <span class='ocrx_word' id='word_1_182' title='bbox 304 1036 364 1072; x_wconf 80' lang='grc' dir='ltr'><strong>Θεῷ</strong></span> <span class='ocrx_word' id='word_1_183' title='bbox 380 1045 437 1068; x_wconf 84' lang='grc' dir='ltr'>σου,</span> <span class='ocrx_word' id='word_1_184' title='bbox 455 1037 578 1073; x_wconf 78' lang='grc' dir='ltr'>πρόὸατα</span> <span class='ocrx_word' id='word_1_185' title='bbox 591 1039 636 1065; x_wconf 77' lang='grc' dir='ltr'><strong>καὶ</strong></span> <span class='ocrx_word' id='word_1_186' title='bbox 653 1038 727 1073; x_wconf 72' lang='grc' dir='ltr'>βόας,</span> <span class='ocrx_word' id='word_1_187' title='bbox 743 1040 770 1065; x_wconf 83' lang='grc' dir='ltr'>ἐν</span> <span class='ocrx_word' id='word_1_188' title='bbox 785 1039 824 1074; x_wconf 82' lang='grc' dir='ltr'>τῷ</span> <span class='ocrx_word' id='word_1_189' title='bbox 840 1040 922 1075; x_wconf 79' lang='grc' dir='ltr'>τόπῳ.</span> 
     </span>
    </p>
   </div>
   <div class='ocr_carea' id='block_1_21' title="bbox 138 1080 924 1120">
    <p class='ocr_par' dir='ltr' id='par_1_21' title="bbox 138 1080 924 1120">
     <span class='ocr_line' id='line_1_21' title="bbox 138 1080 924 1120; baseline 0.004 -11"><span class='ocrx_word' id='word_1_190' title='bbox 138 1080 161 1116; x_wconf 79' lang='grc' dir='ltr'>ᾧ</span> <span class='ocrx_word' id='word_1_191' title='bbox 174 1083 208 1109; x_wconf 75' lang='grc' dir='ltr'><strong>ἂν</strong></span> <span class='ocrx_word' id='word_1_192' title='bbox 227 1082 370 1119; x_wconf 72' lang='grc' dir='ltr'><strong>ἐκλέξηται</strong></span> <span class='ocrx_word' id='word_1_193' title='bbox 395 1083 495 1119; x_wconf 81' lang='grc' dir='ltr'>Κύριος</span> <span class='ocrx_word' id='word_1_194' title='bbox 517 1086 531 1111; x_wconf 92' lang='lat'><strong>6</strong></span> <span class='ocrx_word' id='word_1_195' title='bbox 554 1085 619 1116; x_wconf 75' lang='grc' dir='ltr'>Θεός</span> <span class='ocrx_word' id='word_1_196' title='bbox 642 1093 687 1111; x_wconf 86' lang='grc' dir='ltr'><strong>σου</strong></span> <span class='ocrx_word' id='word_1_197' title='bbox 707 1085 791 1120; x_wconf 75' lang='grc' dir='ltr'>αὐτῷ.</span> <span class='ocrx_word' id='word_1_198' title='bbox 814 1095 822 1110; x_wconf 85' lang='grc'><strong>›</strong></span> <span class='ocrx_word' id='word_1_199' title='bbox 842 1085 924 1112; x_wconf 77' lang='grc' dir='ltr'>Πάλιν</span> 
     </span>
    </p>
   </div>
   <div class='ocr_carea' id='block_1_22' title="bbox 139 1129 924 1167">
    <p class='ocr_par' dir='ltr' id='par_1_22' title="bbox 139 1129 924 1167">
     <span class='ocr_line' id='line_1_22' title="bbox 139 1129 924 1167; baseline 0.003 -12"><span class='ocrx_word' id='word_1_200' title='bbox 139 1129 351 1165; x_wconf 74' lang='grc' dir='ltr'>ὑπομιμνήσκει,</span> <span class='ocrx_word' id='word_1_201' title='bbox 361 1129 461 1164; x_wconf 83' lang='grc' dir='ltr'>λέγων·</span> <span class='ocrx_word' id='word_1_202' title='bbox 474 1139 483 1155; x_wconf 83' lang='grc' dir='ltr'><strong>ι</strong></span> <span class='ocrx_word' id='word_1_203' title='bbox 495 1130 532 1156; x_wconf 73' lang='grc' dir='ltr'><strong>Οὐ</strong></span> <span class='ocrx_word' id='word_1_204' title='bbox 545 1130 645 1167; x_wconf 75' lang='grc' dir='ltr'>δυνήσῃ</span> <span class='ocrx_word' id='word_1_205' title='bbox 657 1130 736 1157; x_wconf 80' lang='grc' dir='ltr'>θῦσαι</span> <span class='ocrx_word' id='word_1_206' title='bbox 747 1131 776 1157; x_wconf 75' lang='grc' dir='ltr'><strong>τὸ</strong></span> <span class='ocrx_word' id='word_1_207' title='bbox 788 1132 881 1167; x_wconf 72' lang='grc' dir='ltr'>Πάσχα</span> <span class='ocrx_word' id='word_1_208' title='bbox 896 1132 924 1157; x_wconf 83' lang='grc' dir='ltr'><strong>ἐν</strong></span> 
     </span>
    </p>
   </div>
   <div class='ocr_carea' id='block_1_23' title="bbox 138 1173 923 1211">
    <p class='ocr_par' dir='ltr' id='par_1_23' title="bbox 138 1173 923 1211">
     <span class='ocr_line' id='line_1_23' title="bbox 138 1173 923 1211; baseline 0.004 -10"><span class='ocrx_word' id='word_1_209' title='bbox 138 1175 251 1210; x_wconf 73' lang='grc' dir='ltr'>οὐδεμιᾷ</span> <span class='ocrx_word' id='word_1_210' title='bbox 265 1174 319 1201; x_wconf 83' lang='grc' dir='ltr'><strong>τῶν</strong></span> <span class='ocrx_word' id='word_1_211' title='bbox 335 1174 437 1202; x_wconf 80' lang='grc' dir='ltr'>πόλεών</span> <span class='ocrx_word' id='word_1_212' title='bbox 452 1184 509 1207; x_wconf 83' lang='grc' dir='ltr'>σου,</span> <span class='ocrx_word' id='word_1_213' title='bbox 531 1173 567 1202; x_wconf 83' lang='grc' dir='ltr'><strong>ὧν</strong></span> <span class='ocrx_word' id='word_1_214' title='bbox 583 1177 683 1211; x_wconf 81' lang='grc' dir='ltr'>Κύριος</span> <span class='ocrx_word' id='word_1_215' title='bbox 704 1179 717 1203; x_wconf 87' lang='lat'><strong>6</strong></span> <span class='ocrx_word' id='word_1_216' title='bbox 737 1177 801 1209; x_wconf 84' lang='grc' dir='ltr'>Θεός</span> <span class='ocrx_word' id='word_1_217' title='bbox 822 1186 869 1203; x_wconf 86' lang='grc' dir='ltr'><strong>σου</strong></span> <span class='ocrx_word' id='word_1_218' title='bbox 885 1177 923 1204; x_wconf 84' lang='grc' dir='ltr'><strong>δί-</strong></span> 
     </span>
    </p>
   </div>
   <div class='ocr_carea' id='block_1_24' title="bbox 138 1221 924 1259">
    <p class='ocr_par' dir='ltr' id='par_1_24' title="bbox 138 1221 924 1259">
     <span class='ocr_line' id='line_1_24' title="bbox 138 1221 924 1259; baseline 0.004 -12"><span class='ocrx_word' id='word_1_219' title='bbox 138 1221 204 1247; x_wconf 79' lang='grc' dir='ltr'>δωσί</span> <span class='ocrx_word' id='word_1_220' title='bbox 219 1229 271 1252; x_wconf 88' lang='grc' dir='ltr'>σοι,</span> <span class='ocrx_word' id='word_1_221' title='bbox 284 1221 342 1248; x_wconf 80' lang='grc' dir='ltr'>ἀλλ’</span> <span class='ocrx_word' id='word_1_222' title='bbox 355 1222 396 1253; x_wconf 81' lang='grc' dir='ltr'><strong>εἰς</strong></span> <span class='ocrx_word' id='word_1_223' title='bbox 406 1221 452 1248; x_wconf 80' lang='grc' dir='ltr'>τὸν</span> <span class='ocrx_word' id='word_1_224' title='bbox 466 1222 546 1249; x_wconf 78' lang='grc' dir='ltr'>τόπον</span> <span class='ocrx_word' id='word_1_225' title='bbox 569 1222 597 1249; x_wconf 82' lang='grc' dir='ltr'>ὃν</span> <span class='ocrx_word' id='word_1_226' title='bbox 621 1223 653 1249; x_wconf 85' lang='grc' dir='ltr'>ἂν</span> <span class='ocrx_word' id='word_1_227' title='bbox 667 1223 807 1259; x_wconf 76' lang='grc' dir='ltr'><strong>ἐκλέξηται</strong></span> <span class='ocrx_word' id='word_1_228' title='bbox 824 1224 924 1259; x_wconf 82' lang='grc' dir='ltr'>Κύριος</span> 
     </span>
    </p>
   </div>
   <div class='ocr_carea' id='block_1_25' title="bbox 139 1266 925 1304">
    <p class='ocr_par' dir='ltr' id='par_1_25' title="bbox 139 1266 925 1304">
     <span class='ocr_line' id='line_1_25' title="bbox 139 1266 925 1304; baseline 0.004 -12"><span class='ocrx_word' id='word_1_229' title='bbox 139 1267 153 1292; x_wconf 95' lang='lat'><strong>6</strong></span> <span class='ocrx_word' id='word_1_230' title='bbox 164 1266 231 1298; x_wconf 83' lang='grc' dir='ltr'><strong>Θιός</strong></span> <span class='ocrx_word' id='word_1_231' title='bbox 248 1275 305 1293; x_wconf 87' lang='grc' dir='ltr'>σου.</span> <span class='ocrx_word' id='word_1_232' title='bbox 329 1267 402 1294; x_wconf 83' lang='grc' dir='ltr'>Ἐκεῖ</span> <span class='ocrx_word' id='word_1_233' title='bbox 417 1267 507 1299; x_wconf 77' lang='grc' dir='ltr'>θύσεις</span> <span class='ocrx_word' id='word_1_234' title='bbox 517 1267 547 1294; x_wconf 83' lang='grc' dir='ltr'><strong>τὸ</strong></span> <span class='ocrx_word' id='word_1_235' title='bbox 562 1268 656 1302; x_wconf 56' lang='grc' dir='ltr'>Πάσχα</span> <span class='ocrx_word' id='word_1_236' title='bbox 666 1269 784 1304; x_wconf 78' lang='grc' dir='ltr'>ἑσπέρας</span> <span class='ocrx_word' id='word_1_237' title='bbox 799 1270 866 1303; x_wconf 75' lang='grc' dir='ltr'>πρὸς</span> <span class='ocrx_word' id='word_1_238' title='bbox 881 1269 925 1295; x_wconf 81' lang='grc' dir='ltr'>δυ-</span> 
     </span>
    </p>
   </div>
   <div class='ocr_carea' id='block_1_26' title="bbox 140 1310 924 1350">
    <p class='ocr_par' dir='ltr' id='par_1_26' title="bbox 140 1310 924 1350">
     <span class='ocr_line' id='line_1_26' title="bbox 140 1310 924 1350; baseline 0.004 -13"><span class='ocrx_word' id='word_1_239' title='bbox 140 1313 222 1347; x_wconf 78' lang='grc' dir='ltr'>σμαῖς</span> <span class='ocrx_word' id='word_1_240' title='bbox 233 1313 320 1348; x_wconf 81' lang='grc' dir='ltr'>ἡλίου,</span> <span class='ocrx_word' id='word_1_241' title='bbox 338 1313 367 1339; x_wconf 75' lang='grc' dir='ltr'>ὲν</span> <span class='ocrx_word' id='word_1_242' title='bbox 389 1313 428 1348; x_wconf 83' lang='grc' dir='ltr'><strong>τῷ</strong></span> <span class='ocrx_word' id='word_1_243' title='bbox 451 1313 539 1349; x_wconf 81' lang='grc' dir='ltr'>καιρῷ</span> <span class='ocrx_word' id='word_1_244' title='bbox 562 1310 584 1347; x_wconf 80' lang='grc' dir='ltr'>ᾧ</span> <span class='ocrx_word' id='word_1_245' title='bbox 602 1314 712 1348; x_wconf 72' lang='grc' dir='ltr'>ἐξῆλθες</span> <span class='ocrx_word' id='word_1_246' title='bbox 727 1316 758 1341; x_wconf 81' lang='grc' dir='ltr'>ἐκ</span> <span class='ocrx_word' id='word_1_247' title='bbox 773 1316 825 1349; x_wconf 75' lang='grc' dir='ltr'>γῆς</span> <span class='ocrx_word' id='word_1_248' title='bbox 841 1316 924 1350; x_wconf 69' lang='grc' dir='ltr'>Αίγύ-</span> 
     </span>
    </p>
   </div>
   <div class='ocr_carea' id='block_1_27' title="bbox 139 1359 926 1397">
    <p class='ocr_par' dir='ltr' id='par_1_27' title="bbox 139 1359 926 1397">
     <span class='ocr_line' id='line_1_27' title="bbox 139 1359 926 1397; baseline 0.005 -12"><span class='ocrx_word' id='word_1_249' title='bbox 139 1367 207 1385; x_wconf 80' lang='grc' dir='ltr'>πτου</span> <span class='ocrx_word' id='word_1_250' title='bbox 217 1367 224 1373; x_wconf 91' lang='grc'>·</span> <span class='ocrx_word' id='word_1_251' title='bbox 240 1359 288 1385; x_wconf 75' lang='grc' dir='ltr'><strong>καὶ</strong></span> <span class='ocrx_word' id='word_1_252' title='bbox 299 1359 418 1395; x_wconf 78' lang='grc' dir='ltr'>ἑψήσεις,</span> <span class='ocrx_word' id='word_1_253' title='bbox 433 1360 479 1386; x_wconf 83' lang='grc' dir='ltr'><strong>καί</strong></span> <span class='ocrx_word' id='word_1_254' title='bbox 494 1361 566 1396; x_wconf 71' lang='grc' dir='ltr'>φαγῇ</span> <span class='ocrx_word' id='word_1_255' title='bbox 579 1362 607 1386; x_wconf 82' lang='grc' dir='ltr'><strong>ἐν</strong></span> <span class='ocrx_word' id='word_1_256' title='bbox 623 1361 661 1396; x_wconf 83' lang='grc' dir='ltr'><strong>τῷ</strong></span> <span class='ocrx_word' id='word_1_257' title='bbox 674 1362 749 1397; x_wconf 78' lang='grc' dir='ltr'>τόπῳ</span> <span class='ocrx_word' id='word_1_258' title='bbox 764 1359 786 1396; x_wconf 80' lang='grc' dir='ltr'>ᾧ</span> <span class='ocrx_word' id='word_1_259' title='bbox 804 1362 835 1389; x_wconf 82' lang='grc' dir='ltr'>ἂν</span> <span class='ocrx_word' id='word_1_260' title='bbox 851 1362 926 1389; x_wconf 74' lang='grc' dir='ltr'>ἐκλέ-</span> 
     </span>
    </p>
   </div>
   <div class='ocr_carea' id='block_1_28' title="bbox 139 1403 924 1442">
    <p class='ocr_par' dir='ltr' id='par_1_28' title="bbox 139 1403 924 1442">
     <span class='ocr_line' id='line_1_28' title="bbox 139 1403 924 1442; baseline 0.005 -12"><span class='ocrx_word' id='word_1_261' title='bbox 139 1403 218 1438; x_wconf 73' lang='grc' dir='ltr'>ξηται</span> <span class='ocrx_word' id='word_1_262' title='bbox 231 1404 333 1440; x_wconf 81' lang='grc' dir='ltr'>Κύριος</span> <span class='ocrx_word' id='word_1_263' title='bbox 351 1406 365 1431; x_wconf 91' lang='lat'><strong>6</strong></span> <span class='ocrx_word' id='word_1_264' title='bbox 385 1404 451 1436; x_wconf 84' lang='grc' dir='ltr'>θεός</span> <span class='ocrx_word' id='word_1_265' title='bbox 465 1414 522 1432; x_wconf 81' lang='grc' dir='ltr'>σου.</span> <span class='ocrx_word' id='word_1_266' title='bbox 541 1415 550 1430; x_wconf 74' lang='grc' dir='ltr'><strong>ι</strong></span> <span class='ocrx_word' id='word_1_267' title='bbox 585 1406 613 1432; x_wconf 92' lang='lat'><strong>&#39;0</strong></span> <span class='ocrx_word' id='word_1_268' title='bbox 628 1407 675 1441; x_wconf 80' lang='grc' dir='ltr'>μὲν</span> <span class='ocrx_word' id='word_1_269' title='bbox 688 1407 719 1442; x_wconf 81' lang='grc' dir='ltr'><strong>δὴ</strong></span> <span class='ocrx_word' id='word_1_270' title='bbox 743 1408 792 1442; x_wconf 79' lang='grc' dir='ltr'><strong>τῆς</strong></span> <span class='ocrx_word' id='word_1_271' title='bbox 806 1407 853 1434; x_wconf 80' lang='grc' dir='ltr'>τοῦ</span> <span class='ocrx_word' id='word_1_272' title='bbox 868 1408 924 1434; x_wconf 71' lang='grc' dir='ltr'><strong>Πά-</strong></span> 
     </span>
    </p>
   </div>
   <div class='ocr_carea' id='block_1_29' title="bbox 140 1449 924 1489">
    <p class='ocr_par' dir='ltr' id='par_1_29' title="bbox 140 1449 924 1489">
     <span class='ocr_line' id='line_1_29' title="bbox 140 1449 924 1489; baseline 0.004 -13"><span class='ocrx_word' id='word_1_273' title='bbox 140 1456 193 1484; x_wconf 67' lang='lat' dir='ltr'><strong>sxa</strong></span> <span class='ocrx_word' id='word_1_274' title='bbox 205 1449 303 1485; x_wconf 71' lang='grc' dir='ltr'>ἑορτῆς</span> <span class='ocrx_word' id='word_1_275' title='bbox 315 1451 396 1486; x_wconf 84' lang='grc' dir='ltr'>νόμος</span> <span class='ocrx_word' id='word_1_276' title='bbox 411 1451 528 1482; x_wconf 74' lang='grc' dir='ltr'>τοιοῦτος</span> <span class='ocrx_word' id='word_1_277' title='bbox 538 1460 545 1466; x_wconf 88' lang='grc'>·</span> <span class='ocrx_word' id='word_1_278' title='bbox 559 1452 573 1478; x_wconf 88' lang='lat'><strong>6</strong></span> <span class='ocrx_word' id='word_1_279' title='bbox 587 1451 615 1478; x_wconf 80' lang='grc' dir='ltr'><strong>δὲ</strong></span> <span class='ocrx_word' id='word_1_280' title='bbox 634 1453 682 1486; x_wconf 82' lang='grc' dir='ltr'><strong>τῆς</strong></span> <span class='ocrx_word' id='word_1_281' title='bbox 700 1453 887 1489; x_wconf 73' lang='grc' dir='ltr'>Πεντήκοστῆς</span> <span class='ocrx_word' id='word_1_282' title='bbox 900 1453 924 1479; x_wconf 84' lang='grc' dir='ltr'><strong>τί</strong></span> 
     </span>
    </p>
   </div>
   <div class='ocr_carea' id='block_1_30' title="bbox 140 1497 925 1535">
    <p class='ocr_par' dir='ltr' id='par_1_30' title="bbox 140 1497 925 1535">
     <span class='ocr_line' id='line_1_30' title="bbox 140 1497 925 1535; baseline 0.004 -13"><span class='ocrx_word' id='word_1_283' title='bbox 140 1504 234 1530; x_wconf 57' lang='grc' dir='ltr'>σησιν,</span> <span class='ocrx_word' id='word_1_284' title='bbox 250 1497 380 1524; x_wconf 78' lang='grc' dir='ltr'>ἄκουσον·</span> <span class='ocrx_word' id='word_1_285' title='bbox 395 1506 404 1523; x_wconf 74' lang='grc' dir='ltr'><strong>ι</strong></span> <span class='ocrx_word' id='word_1_286' title='bbox 423 1498 508 1524; x_wconf 70' lang='grc' dir='ltr'>Ἑπτὰ</span> <span class='ocrx_word' id='word_1_287' title='bbox 532 1498 681 1533; x_wconf 71' lang='grc' dir='ltr'>ἑϐδομάδας</span> <span class='ocrx_word' id='word_1_288' title='bbox 700 1498 862 1535; x_wconf 75' lang='grc' dir='ltr'>ὁλοκλήρους</span> <span class='ocrx_word' id='word_1_289' title='bbox 881 1499 925 1532; x_wconf 76' lang='grc' dir='ltr'><strong>ἐξ-</strong></span> 
     </span>
    </p>
   </div>
   <div class='ocr_carea' id='block_1_31' title="bbox 139 1541 924 1580">
    <p class='ocr_par' dir='ltr' id='par_1_31' title="bbox 139 1541 924 1580">
     <span class='ocr_line' id='line_1_31' title="bbox 139 1541 924 1580; baseline 0.005 -13"><span class='ocrx_word' id='word_1_290' title='bbox 139 1541 302 1578; x_wconf 78' lang='grc' dir='ltr'>αριθμήσεις</span> <span class='ocrx_word' id='word_1_291' title='bbox 324 1543 444 1579; x_wconf 80' lang='grc' dir='ltr'><strong>σεαυτῷ,</strong></span> <span class='ocrx_word' id='word_1_292' title='bbox 471 1543 624 1579; x_wconf 79' lang='grc' dir='ltr'><strong>ἀρξαμένου</strong></span> <span class='ocrx_word' id='word_1_293' title='bbox 649 1553 695 1570; x_wconf 86' lang='grc' dir='ltr'><strong>σου</strong></span> <span class='ocrx_word' id='word_1_294' title='bbox 725 1544 856 1580; x_wconf 76' lang='grc' dir='ltr'>δρέπανον</span> <span class='ocrx_word' id='word_1_295' title='bbox 882 1546 924 1571; x_wconf 68' lang='grc' dir='ltr'>ἐπ’</span> 
     </span>
    </p>
   </div>
   <div class='ocr_carea' id='block_1_32' title="bbox 975 305 1762 342">
    <p class='ocr_par' dir='ltr' id='par_1_32' title="bbox 975 305 1762 342">
     <span class='ocr_line' id='line_1_32' title="bbox 975 305 1762 342; baseline 0.005 -11"><span class='ocrx_word' id='word_1_296' title='bbox 975 309 1050 337; x_wconf 85' lang='lat' dir='ltr'><strong>tuus,</strong></span> <span class='ocrx_word' id='word_1_297' title='bbox 1060 308 1087 332; x_wconf 85' lang='lat' dir='ltr'><strong>et</strong></span> <span class='ocrx_word' id='word_1_298' title='bbox 1104 305 1181 332; x_wconf 90' lang='lat' dir='ltr'><strong>dabis</strong></span> <span class='ocrx_word' id='word_1_299' title='bbox 1196 309 1336 339; x_wconf 73' lang='lat' dir='ltr'><strong>argentum</strong></span> <span class='ocrx_word' id='word_1_300' title='bbox 1349 312 1398 340; x_wconf 89' lang='lat' dir='ltr'><strong>pro</strong></span> <span class='ocrx_word' id='word_1_301' title='bbox 1414 306 1486 333; x_wconf 89' lang='lat' dir='ltr'><strong>omni</strong></span> <span class='ocrx_word' id='word_1_302' title='bbox 1504 306 1686 342; x_wconf 89' lang='lat' dir='ltr'><strong>quodcunque</strong></span> <span class='ocrx_word' id='word_1_303' title='bbox 1695 316 1762 335; x_wconf 87' lang='lat' dir='ltr'><strong>con-</strong></span> 
     </span>
    </p>
   </div>
   <div class='ocr_carea' id='block_1_33' title="bbox 974 350 1761 385">
    <p class='ocr_par' dir='ltr' id='par_1_33' title="bbox 974 350 1761 385">
     <span class='ocr_line' id='line_1_33' title="bbox 974 350 1761 385; baseline 0.006 -9"><span class='ocrx_word' id='word_1_304' title='bbox 974 351 1089 385; x_wconf 87' lang='lat' dir='ltr'><strong>cupierit</strong></span> <span class='ocrx_word' id='word_1_305' title='bbox 1110 350 1200 377; x_wconf 83' lang='lat' dir='ltr'><strong>anima</strong></span> <span class='ocrx_word' id='word_1_306' title='bbox 1227 355 1283 383; x_wconf 80' lang='lat' dir='ltr'><strong>tua,</strong></span> <span class='ocrx_word' id='word_1_307' title='bbox 1299 359 1346 385; x_wconf 89' lang='lat' dir='ltr'><strong>pro</strong></span> <span class='ocrx_word' id='word_1_308' title='bbox 1371 351 1469 383; x_wconf 81' lang='lat' dir='ltr'><strong>bobus,</strong></span> <span class='ocrx_word' id='word_1_309' title='bbox 1494 352 1552 380; x_wconf 84' lang='lat' dir='ltr'><strong>sive</strong></span> <span class='ocrx_word' id='word_1_310' title='bbox 1574 354 1681 385; x_wconf 84' lang='lat' dir='ltr'><strong>ovibus,</strong></span> <span class='ocrx_word' id='word_1_311' title='bbox 1703 356 1761 382; x_wconf 74' lang='lat' dir='ltr'><strong>sive.</strong></span> 
     </span>
    </p>
   </div>
   <div class='ocr_carea' id='block_1_34' title="bbox 974 396 1760 436">
    <p class='ocr_par' dir='ltr' id='par_1_34' title="bbox 974 396 1760 436">
     <span class='ocr_line' id='line_1_34' title="bbox 974 396 1760 436; baseline 0.008 -14"><span class='ocrx_word' id='word_1_312' title='bbox 974 397 1046 427; x_wconf 90' lang='lat' dir='ltr'><strong>vino,</strong></span> <span class='ocrx_word' id='word_1_313' title='bbox 1059 396 1116 422; x_wconf 85' lang='lat' dir='ltr'><strong>sive</strong></span> <span class='ocrx_word' id='word_1_314' title='bbox 1130 396 1226 429; x_wconf 77' lang='lat' dir='ltr'><strong>sicera,</strong></span> <span class='ocrx_word' id='word_1_315' title='bbox 1240 396 1297 423; x_wconf 83' lang='lat' dir='ltr'><strong>sive</strong></span> <span class='ocrx_word' id='word_1_316' title='bbox 1309 397 1383 423; x_wconf 87' lang='lat' dir='ltr'><strong>omni</strong></span> <span class='ocrx_word' id='word_1_317' title='bbox 1396 398 1578 433; x_wconf 89' lang='lat' dir='ltr'><strong>quodcunque</strong></span> <span class='ocrx_word' id='word_1_318' title='bbox 1591 401 1760 436; x_wconf 87' lang='lat' dir='ltr'><strong>coneupierit</strong></span> 
     </span>
    </p>
   </div>
   <div class='ocr_carea' id='block_1_35' title="bbox 974 442 1758 480">
    <p class='ocr_par' dir='ltr' id='par_1_35' title="bbox 974 442 1758 480">
     <span class='ocr_line' id='line_1_35' title="bbox 974 442 1758 480; baseline 0.006 -11"><span class='ocrx_word' id='word_1_319' title='bbox 974 443 1064 469; x_wconf 84' lang='lat' dir='ltr'><strong>anima</strong></span> <span class='ocrx_word' id='word_1_320' title='bbox 1080 447 1135 474; x_wconf 83' lang='lat' dir='ltr'><strong>tua,</strong></span> <span class='ocrx_word' id='word_1_321' title='bbox 1147 446 1174 469; x_wconf 86' lang='lat' dir='ltr'><strong>et</strong></span> <span class='ocrx_word' id='word_1_322' title='bbox 1194 442 1322 470; x_wconf 88' lang='lat' dir='ltr'><strong>comedes</strong></span> <span class='ocrx_word' id='word_1_323' title='bbox 1338 443 1373 470; x_wconf 91' lang='lat' dir='ltr'><strong>ibi</strong></span> <span class='ocrx_word' id='word_1_324' title='bbox 1389 444 1573 480; x_wconf 67' lang='lat' dir='ltr'><strong>iubenspectu</strong></span> <span class='ocrx_word' id='word_1_325' title='bbox 1591 445 1697 474; x_wconf 80' lang='lat' dir='ltr'><strong>Domini</strong></span> <span class='ocrx_word' id='word_1_326' title='bbox 1713 447 1758 474; x_wconf 69' lang='lat' dir='ltr'><strong>Dei</strong></span> 
     </span>
    </p>
   </div>
   <div class='ocr_carea' id='block_1_36' title="bbox 974 486 1759 527">
    <p class='ocr_par' dir='ltr' id='par_1_36' title="bbox 974 486 1759 527">
     <span class='ocr_line' id='line_1_36' title="bbox 974 486 1759 527; baseline 0.009 -14"><span class='ocrx_word' id='word_1_327' title='bbox 974 488 1012 514; x_wconf 93' lang='lat' dir='ltr'><strong>tui</strong></span> <span class='ocrx_word' id='word_1_328' title='bbox 1025 488 1057 513; x_wconf 81' lang='lat'><strong>&quot;.</strong></span> <span class='ocrx_word' id='word_1_329' title='bbox 1074 497 1082 512; x_wconf 74' lang='grc' dir='ltr'><strong>ι</strong></span> <span class='ocrx_word' id='word_1_330' title='bbox 1101 486 1170 514; x_wconf 88' lang='lat' dir='ltr'><strong>Tum</strong></span> <span class='ocrx_word' id='word_1_331' title='bbox 1192 495 1289 515; x_wconf 83' lang='lat' dir='ltr'><strong>rursus</strong></span> <span class='ocrx_word' id='word_1_332' title='bbox 1315 489 1403 515; x_wconf 90' lang='lat' dir='ltr'><strong>locum</strong></span> <span class='ocrx_word' id='word_1_333' title='bbox 1426 491 1504 524; x_wconf 88' lang='lat' dir='ltr'><strong>quasi</strong></span> <span class='ocrx_word' id='word_1_334' title='bbox 1523 491 1601 526; x_wconf 80' lang='lat' dir='ltr'><strong>signo</strong></span> <span class='ocrx_word' id='word_1_335' title='bbox 1627 492 1759 527; x_wconf 85' lang='lat' dir='ltr'><strong>impresso</strong></span> 
     </span>
    </p>
   </div>
   <div class='ocr_carea' id='block_1_37' title="bbox 974 533 1760 574">
    <p class='ocr_par' dir='ltr' id='par_1_37' title="bbox 974 533 1760 574">
     <span class='ocr_line' id='line_1_37' title="bbox 974 533 1760 574; baseline 0.009 -14"><span class='ocrx_word' id='word_1_336' title='bbox 974 533 1157 564; x_wconf 85' lang='lat' dir='ltr'><strong>commendat.</strong></span> <span class='ocrx_word' id='word_1_337' title='bbox 1175 534 1219 560; x_wconf 85' lang='lat' dir='ltr'><strong>his</strong></span> <span class='ocrx_word' id='word_1_338' title='bbox 1230 533 1285 561; x_wconf 82' lang='lat' dir='ltr'><strong>fere</strong></span> <span class='ocrx_word' id='word_1_339' title='bbox 1293 535 1383 563; x_wconf 81' lang='lat' dir='ltr'><strong>verbis</strong></span> <span class='ocrx_word' id='word_1_340' title='bbox 1399 545 1405 563; x_wconf 89' lang='lat'><strong><em>:</em></strong></span> <span class='ocrx_word' id='word_1_341' title='bbox 1421 545 1430 561; x_wconf 76' lang='grc' dir='ltr'><strong>ι</strong></span> <span class='ocrx_word' id='word_1_342' title='bbox 1449 536 1485 563; x_wconf 86' lang='lat' dir='ltr'><strong>De</strong></span> <span class='ocrx_word' id='word_1_343' title='bbox 1500 538 1689 573; x_wconf 87' lang='lat' dir='ltr'><strong>primogenilis</strong></span> <span class='ocrx_word' id='word_1_344' title='bbox 1700 548 1760 574; x_wconf 66' lang='lat' dir='ltr'><strong>qua:</strong></span> 
     </span>
    </p>
   </div>
   <div class='ocr_carea' id='block_1_38' title="bbox 974 581 1761 617">
    <p class='ocr_par' dir='ltr' id='par_1_38' title="bbox 974 581 1761 617">
     <span class='ocr_line' id='line_1_38' title="bbox 974 581 1761 617; baseline 0.009 -11"><span class='ocrx_word' id='word_1_345' title='bbox 974 584 1037 607; x_wconf 91' lang='lat' dir='ltr'><strong>nata</strong></span> <span class='ocrx_word' id='word_1_346' title='bbox 1055 581 1157 608; x_wconf 77' lang='lat' dir='ltr'><strong>fuerint</strong></span> <span class='ocrx_word' id='word_1_347' title='bbox 1174 581 1201 608; x_wconf 94' lang='lat' dir='ltr'><strong>in</strong></span> <span class='ocrx_word' id='word_1_348' title='bbox 1214 582 1303 609; x_wconf 80' lang='lat' dir='ltr'><strong>bubus</strong></span> <span class='ocrx_word' id='word_1_349' title='bbox 1318 588 1397 617; x_wconf 85' lang='lat' dir='ltr'><strong>atque</strong></span> <span class='ocrx_word' id='word_1_350' title='bbox 1408 584 1516 616; x_wconf 81' lang='lat' dir='ltr'><strong>ovibus,</strong></span> <span class='ocrx_word' id='word_1_351' title='bbox 1528 586 1678 613; x_wconf 86' lang='lat' dir='ltr'><strong>masculina</strong></span> <span class='ocrx_word' id='word_1_352' title='bbox 1695 586 1761 614; x_wconf 50' lang='lat' dir='ltr'><strong>olTe.</strong></span> 
     </span>
    </p>
   </div>
   <div class='ocr_carea' id='block_1_39' title="bbox 974 626 1760 665">
    <p class='ocr_par' dir='ltr' id='par_1_39' title="bbox 974 626 1760 665">
     <span class='ocr_line' id='line_1_39' title="bbox 974 626 1760 665; baseline 0.006 -12"><span class='ocrx_word' id='word_1_353' title='bbox 974 634 1019 653; x_wconf 85' lang='lat' dir='ltr'><strong>res</strong></span> <span class='ocrx_word' id='word_1_354' title='bbox 1036 626 1150 653; x_wconf 90' lang='lat' dir='ltr'><strong>Domino</strong></span> <span class='ocrx_word' id='word_1_355' title='bbox 1166 626 1221 654; x_wconf 90' lang='lat' dir='ltr'><strong>Deo</strong></span> <span class='ocrx_word' id='word_1_356' title='bbox 1234 630 1290 654; x_wconf 88' lang='lat' dir='ltr'><strong>tuo.</strong></span> <span class='ocrx_word' id='word_1_357' title='bbox 1303 626 1360 654; x_wconf 88' lang='lat' dir='ltr'><strong>Non</strong></span> <span class='ocrx_word' id='word_1_358' title='bbox 1376 635 1444 663; x_wconf 86' lang='lat' dir='ltr'><strong>opus</strong></span> <span class='ocrx_word' id='word_1_359' title='bbox 1458 628 1540 656; x_wconf 80' lang='lat' dir='ltr'><strong>facies</strong></span> <span class='ocrx_word' id='word_1_360' title='bbox 1557 630 1582 656; x_wconf 90' lang='lat' dir='ltr'><strong>iu</strong></span> <span class='ocrx_word' id='word_1_361' title='bbox 1599 631 1685 658; x_wconf 89' lang='lat' dir='ltr'><strong>vitulo</strong></span> <span class='ocrx_word' id='word_1_362' title='bbox 1704 631 1760 665; x_wconf 80' lang='lat' dir='ltr'><strong>pri-</strong></span> 
     </span>
    </p>
   </div>
   <div class='ocr_carea' id='block_1_40' title="bbox 974 673 1757 712">
    <p class='ocr_par' dir='ltr' id='par_1_40' title="bbox 974 673 1757 712">
     <span class='ocr_line' id='line_1_40' title="bbox 974 673 1757 712; baseline 0.008 -14"><span class='ocrx_word' id='word_1_363' title='bbox 974 673 1123 707; x_wconf 82' lang='lat' dir='ltr'><strong>mogenito.</strong></span> <span class='ocrx_word' id='word_1_364' title='bbox 1149 677 1175 700; x_wconf 90' lang='lat' dir='ltr'><strong>et</strong></span> <span class='ocrx_word' id='word_1_365' title='bbox 1207 680 1262 700; x_wconf 86' lang='lat' dir='ltr'><strong>non</strong></span> <span class='ocrx_word' id='word_1_366' title='bbox 1285 673 1411 701; x_wconf 91' lang='lat' dir='ltr'><strong>tondebis</strong></span> <span class='ocrx_word' id='word_1_367' title='bbox 1436 674 1646 712; x_wconf 80' lang='lat' dir='ltr'><strong>primogenitan</strong></span> <span class='ocrx_word' id='word_1_368' title='bbox 1666 677 1757 704; x_wconf 84' lang='lat' dir='ltr'><strong>ovium</strong></span> 
     </span>
    </p>
   </div>
   <div class='ocr_carea' id='block_1_41' title="bbox 973 717 1758 753">
    <p class='ocr_par' dir='ltr' id='par_1_41' title="bbox 973 717 1758 753">
     <span class='ocr_line' id='line_1_41' title="bbox 973 717 1758 753; baseline 0.009 -11"><span class='ocrx_word' id='word_1_369' title='bbox 973 720 1092 744; x_wconf 89' lang='lat' dir='ltr'><strong>tuarum.</strong></span> <span class='ocrx_word' id='word_1_370' title='bbox 1109 717 1136 744; x_wconf 92' lang='lat' dir='ltr'><strong>lu</strong></span> <span class='ocrx_word' id='word_1_371' title='bbox 1150 722 1298 753; x_wconf 84' lang='lat' dir='ltr'><strong>conspectu</strong></span> <span class='ocrx_word' id='word_1_372' title='bbox 1314 718 1421 746; x_wconf 78' lang='lat' dir='ltr'><strong>Domini</strong></span> <span class='ocrx_word' id='word_1_373' title='bbox 1440 718 1485 746; x_wconf 87' lang='lat' dir='ltr'><strong>Dei</strong></span> <span class='ocrx_word' id='word_1_374' title='bbox 1501 720 1539 746; x_wconf 87' lang='lat' dir='ltr'><strong>tui</strong></span> <span class='ocrx_word' id='word_1_375' title='bbox 1553 720 1678 749; x_wconf 85' lang='lat' dir='ltr'><strong>comedes</strong></span> <span class='ocrx_word' id='word_1_376' title='bbox 1692 721 1758 749; x_wconf 86' lang='lat' dir='ltr'><strong>illud</strong></span> 
     </span>
    </p>
   </div>
   <div class='ocr_carea' id='block_1_42' title="bbox 974 763 1758 799">
    <p class='ocr_par' dir='ltr' id='par_1_42' title="bbox 974 763 1758 799">
     <span class='ocr_line' id='line_1_42' title="bbox 974 763 1758 799; baseline 0.008 -10"><span class='ocrx_word' id='word_1_377' title='bbox 974 763 1089 798; x_wconf 82' lang='lat' dir='ltr'><strong>singulis</strong></span> <span class='ocrx_word' id='word_1_378' title='bbox 1104 764 1193 796; x_wconf 80' lang='lat' dir='ltr'><strong>annis.</strong></span> <span class='ocrx_word' id='word_1_379' title='bbox 1212 764 1238 790; x_wconf 91' lang='lat' dir='ltr'><strong>in</strong></span> <span class='ocrx_word' id='word_1_380' title='bbox 1251 764 1311 791; x_wconf 89' lang='lat' dir='ltr'><strong>loco</strong></span> <span class='ocrx_word' id='word_1_381' title='bbox 1321 772 1401 799; x_wconf 82' lang='lat' dir='ltr'><strong>quem</strong></span> <span class='ocrx_word' id='word_1_382' title='bbox 1417 765 1529 799; x_wconf 77' lang='lat' dir='ltr'><strong>elegerit</strong></span> <span class='ocrx_word' id='word_1_383' title='bbox 1543 765 1673 794; x_wconf 78' lang='lat' dir='ltr'><strong>Dominus</strong></span> <span class='ocrx_word' id='word_1_384' title='bbox 1686 766 1758 795; x_wconf 86' lang='lat' dir='ltr'><strong>Deus</strong></span> 
     </span>
    </p>
   </div>
   <div class='ocr_carea' id='block_1_43' title="bbox 974 809 1756 848">
    <p class='ocr_par' dir='ltr' id='par_1_43' title="bbox 974 809 1756 848">
     <span class='ocr_line' id='line_1_43' title="bbox 974 809 1756 848; baseline 0.008 -14"><span class='ocrx_word' id='word_1_385' title='bbox 974 812 1046 839; x_wconf 90' lang='lat' dir='ltr'><strong>tuus,</strong></span> <span class='ocrx_word' id='word_1_386' title='bbox 1062 813 1090 835; x_wconf 93' lang='lat' dir='ltr'><strong>tu</strong></span> <span class='ocrx_word' id='word_1_387' title='bbox 1107 813 1133 836; x_wconf 91' lang='lat' dir='ltr'><strong>et</strong></span> <span class='ocrx_word' id='word_1_388' title='bbox 1151 809 1249 836; x_wconf 90' lang='lat' dir='ltr'><strong>domus</strong></span> <span class='ocrx_word' id='word_1_389' title='bbox 1263 811 1346 836; x_wconf 83' lang='lat' dir='ltr'><strong>tua“.</strong></span> <span class='ocrx_word' id='word_1_390' title='bbox 1361 820 1370 835; x_wconf 76' lang='grc' dir='ltr'><strong>ι</strong></span> <span class='ocrx_word' id='word_1_391' title='bbox 1389 811 1452 837; x_wconf 80' lang='lat' dir='ltr'><strong>l’ost</strong></span> <span class='ocrx_word' id='word_1_392' title='bbox 1464 810 1520 837; x_wconf 72' lang='lat' dir='ltr'><strong>[nec</strong></span> <span class='ocrx_word' id='word_1_393' title='bbox 1535 819 1631 839; x_wconf 82' lang='lat' dir='ltr'><strong>rursus</strong></span> <span class='ocrx_word' id='word_1_394' title='bbox 1642 812 1756 848; x_wconf 84' lang='lat' dir='ltr'><strong>inspice,</strong></span> 
     </span>
    </p>
   </div>
   <div class='ocr_carea' id='block_1_44' title="bbox 974 855 1757 891">
    <p class='ocr_par' dir='ltr' id='par_1_44' title="bbox 974 855 1757 891">
     <span class='ocr_line' id='line_1_44' title="bbox 974 855 1757 891; baseline 0.008 -12"><span class='ocrx_word' id='word_1_395' title='bbox 974 861 1091 887; x_wconf 84' lang='lat' dir='ltr'><strong>quonam</strong></span> <span class='ocrx_word' id='word_1_396' title='bbox 1106 855 1186 880; x_wconf 82' lang='lat' dir='ltr'><strong>modo</strong></span> <span class='ocrx_word' id='word_1_397' title='bbox 1203 862 1233 882; x_wconf 86' lang='lat' dir='ltr'><strong>ea</strong></span> <span class='ocrx_word' id='word_1_398' title='bbox 1248 862 1308 890; x_wconf 65' lang='lat' dir='ltr'><strong>qum</strong></span> <span class='ocrx_word' id='word_1_399' title='bbox 1321 856 1353 882; x_wconf 92' lang='lat' dir='ltr'><strong>ad</strong></span> <span class='ocrx_word' id='word_1_400' title='bbox 1368 855 1450 883; x_wconf 78' lang='lat' dir='ltr'><strong>festos</strong></span> <span class='ocrx_word' id='word_1_401' title='bbox 1468 856 1525 883; x_wconf 86' lang='lat' dir='ltr'><strong>dies</strong></span> <span class='ocrx_word' id='word_1_402' title='bbox 1544 857 1680 891; x_wconf 83' lang='lat' dir='ltr'><strong>pertinent</strong></span> <span class='ocrx_word' id='word_1_403' title='bbox 1694 859 1757 886; x_wconf 84' lang='lat' dir='ltr'><strong>dis-</strong></span> 
     </span>
    </p>
   </div>
   <div class='ocr_carea' id='block_1_45' title="bbox 973 900 1758 937">
    <p class='ocr_par' dir='ltr' id='par_1_45' title="bbox 973 900 1758 937">
     <span class='ocr_line' id='line_1_45' title="bbox 973 900 1758 937; baseline 0.006 -12"><span class='ocrx_word' id='word_1_404' title='bbox 973 900 1082 934; x_wconf 81' lang='lat' dir='ltr'><strong>tinguit,</strong></span> <span class='ocrx_word' id='word_1_405' title='bbox 1098 904 1127 926; x_wconf 91' lang='lat' dir='ltr'><strong>ut</strong></span> <span class='ocrx_word' id='word_1_406' title='bbox 1146 908 1180 927; x_wconf 92' lang='lat' dir='ltr'><strong>ne</strong></span> <span class='ocrx_word' id='word_1_407' title='bbox 1195 901 1258 927; x_wconf 84' lang='lat' dir='ltr'><strong>alibi</strong></span> <span class='ocrx_word' id='word_1_408' title='bbox 1275 905 1418 933; x_wconf 88' lang='lat' dir='ltr'><strong>terrarum,</strong></span> <span class='ocrx_word' id='word_1_409' title='bbox 1432 909 1513 937; x_wconf 84' lang='lat' dir='ltr'><strong>quam</strong></span> <span class='ocrx_word' id='word_1_410' title='bbox 1529 903 1555 929; x_wconf 87' lang='lat' dir='ltr'><strong>in</strong></span> <span class='ocrx_word' id='word_1_411' title='bbox 1578 910 1611 930; x_wconf 90' lang='lat' dir='ltr'><strong>eo</strong></span> <span class='ocrx_word' id='word_1_412' title='bbox 1632 911 1684 930; x_wconf 89' lang='lat' dir='ltr'><strong>uno</strong></span> <span class='ocrx_word' id='word_1_413' title='bbox 1698 904 1758 931; x_wconf 83' lang='lat' dir='ltr'><strong>loco</strong></span> 
     </span>
    </p>
   </div>
   <div class='ocr_carea' id='block_1_46' title="bbox 975 945 1757 983">
    <p class='ocr_par' dir='ltr' id='par_1_46' title="bbox 975 945 1757 983">
     <span class='ocr_line' id='line_1_46' title="bbox 975 945 1757 983; baseline 0.008 -12"><span class='ocrx_word' id='word_1_414' title='bbox 975 945 1008 972; x_wconf 86' lang='lat' dir='ltr'><strong>de</strong></span> <span class='ocrx_word' id='word_1_415' title='bbox 1021 953 1075 980; x_wconf 91' lang='lat' dir='ltr'><strong>quo</strong></span> <span class='ocrx_word' id='word_1_416' title='bbox 1090 946 1190 980; x_wconf 85' lang='lat' dir='ltr'><strong>agitur,</strong></span> <span class='ocrx_word' id='word_1_417' title='bbox 1204 945 1288 974; x_wconf 75' lang='lat' dir='ltr'><strong>festos</strong></span> <span class='ocrx_word' id='word_1_418' title='bbox 1302 947 1361 974; x_wconf 88' lang='lat' dir='ltr'><strong>dies</strong></span> <span class='ocrx_word' id='word_1_419' title='bbox 1379 952 1469 982; x_wconf 89' lang='lat' dir='ltr'><strong>agant.</strong></span> <span class='ocrx_word' id='word_1_420' title='bbox 1483 948 1527 974; x_wconf 79' lang='lat' dir='ltr'><strong>Ait</strong></span> <span class='ocrx_word' id='word_1_421' title='bbox 1543 949 1627 983; x_wconf 78' lang='lat' dir='ltr'><strong>igitur</strong></span> <span class='ocrx_word' id='word_1_422' title='bbox 1645 958 1652 976; x_wconf 83' lang='lat'><strong>:</strong></span> <span class='ocrx_word' id='word_1_423' title='bbox 1672 958 1682 974; x_wconf 75' lang='grc' dir='ltr'><strong>ι</strong></span> <span class='ocrx_word' id='word_1_424' title='bbox 1703 948 1757 977; x_wconf 73' lang='lat' dir='ltr'><strong>0b-</strong></span> 
     </span>
    </p>
   </div>
   <div class='ocr_carea' id='block_1_47' title="bbox 975 993 1758 1028">
    <p class='ocr_par' dir='ltr' id='par_1_47' title="bbox 975 993 1758 1028">
     <span class='ocr_line' id='line_1_47' title="bbox 975 993 1758 1028; baseline 0.006 -11"><span class='ocrx_word' id='word_1_425' title='bbox 975 999 1052 1018; x_wconf 83' lang='lat' dir='ltr'><strong>serva</strong></span> <span class='ocrx_word' id='word_1_426' title='bbox 1073 999 1192 1019; x_wconf 84' lang='lat' dir='ltr'><strong>mensem</strong></span> <span class='ocrx_word' id='word_1_427' title='bbox 1217 1000 1347 1019; x_wconf 91' lang='lat' dir='ltr'><strong>novarum</strong></span> <span class='ocrx_word' id='word_1_428' title='bbox 1371 993 1530 1028; x_wconf 80' lang='lat' dir='ltr'><strong>l&#39;rugum,el</strong></span> <span class='ocrx_word' id='word_1_429' title='bbox 1550 994 1634 1022; x_wconf 80' lang='lat' dir='ltr'><strong>facies</strong></span> <span class='ocrx_word' id='word_1_430' title='bbox 1653 994 1758 1022; x_wconf 83' lang='lat' dir='ltr'><strong>Pascha</strong></span> 
     </span>
    </p>
   </div>
   <div class='ocr_carea' id='block_1_48' title="bbox 975 1037 1759 1075">
    <p class='ocr_par' dir='ltr' id='par_1_48' title="bbox 975 1037 1759 1075">
     <span class='ocr_line' id='line_1_48' title="bbox 975 1037 1759 1075; baseline 0.008 -13"><span class='ocrx_word' id='word_1_431' title='bbox 975 1037 1089 1064; x_wconf 87' lang='lat' dir='ltr'><strong>Domino</strong></span> <span class='ocrx_word' id='word_1_432' title='bbox 1104 1037 1157 1064; x_wconf 91' lang='lat' dir='ltr'><strong>Deo</strong></span> <span class='ocrx_word' id='word_1_433' title='bbox 1174 1043 1229 1068; x_wconf 83' lang='lat' dir='ltr'><strong>lllo,</strong></span> <span class='ocrx_word' id='word_1_434' title='bbox 1248 1046 1313 1066; x_wconf 83' lang='lat' dir='ltr'><strong>oves</strong></span> <span class='ocrx_word' id='word_1_435' title='bbox 1327 1043 1354 1066; x_wconf 89' lang='lat' dir='ltr'><strong>et</strong></span> <span class='ocrx_word' id='word_1_436' title='bbox 1372 1039 1463 1070; x_wconf 80' lang='lat' dir='ltr'><strong>boves.</strong></span> <span class='ocrx_word' id='word_1_437' title='bbox 1481 1040 1507 1066; x_wconf 93' lang='lat' dir='ltr'><strong>in</strong></span> <span class='ocrx_word' id='word_1_438' title='bbox 1529 1040 1588 1067; x_wconf 90' lang='lat' dir='ltr'><strong>loco</strong></span> <span class='ocrx_word' id='word_1_439' title='bbox 1610 1048 1689 1075; x_wconf 89' lang='lat' dir='ltr'><strong>quem</strong></span> <span class='ocrx_word' id='word_1_440' title='bbox 1703 1042 1759 1068; x_wconf 89' lang='lat' dir='ltr'><strong>ele-</strong></span> 
     </span>
    </p>
   </div>
   <div class='ocr_carea' id='block_1_49' title="bbox 975 1083 1760 1117">
    <p class='ocr_par' dir='ltr' id='par_1_49' title="bbox 975 1083 1760 1117">
     <span class='ocr_line' id='line_1_49' title="bbox 975 1083 1760 1117; baseline 0.005 -8"><span class='ocrx_word' id='word_1_441' title='bbox 975 1084 1043 1117; x_wconf 80' lang='lat' dir='ltr'><strong>gerit</strong></span> <span class='ocrx_word' id='word_1_442' title='bbox 1057 1083 1185 1110; x_wconf 88' lang='lat' dir='ltr'><strong>Dominus</strong></span> <span class='ocrx_word' id='word_1_443' title='bbox 1202 1083 1272 1111; x_wconf 88' lang='lat' dir='ltr'><strong>Deus</strong></span> <span class='ocrx_word' id='word_1_444' title='bbox 1286 1089 1348 1111; x_wconf 88' lang='lat' dir='ltr'><strong>tuus</strong></span> <span class='ocrx_word' id='word_1_445' title='bbox 1360 1085 1393 1111; x_wconf 77' lang='lat'>&quot;.</span> <span class='ocrx_word' id='word_1_446' title='bbox 1410 1095 1418 1110; x_wconf 74' lang='grc' dir='ltr'><strong>ι</strong></span> <span class='ocrx_word' id='word_1_447' title='bbox 1439 1084 1545 1112; x_wconf 77' lang='lat' dir='ltr'><strong>Rursus</strong></span> <span class='ocrx_word' id='word_1_448' title='bbox 1570 1086 1696 1112; x_wconf 83' lang='lat' dir='ltr'><strong>admouet</strong></span> <span class='ocrx_word' id='word_1_449' title='bbox 1716 1086 1760 1114; x_wconf 75' lang='lat' dir='ltr'><strong>bis</strong></span> 
     </span>
    </p>
   </div>
   <div class='ocr_carea' id='block_1_50' title="bbox 976 1129 1759 1166">
    <p class='ocr_par' dir='ltr' id='par_1_50' title="bbox 976 1129 1759 1166">
     <span class='ocr_line' id='line_1_50' title="bbox 976 1129 1759 1166; baseline 0.003 -10"><span class='ocrx_word' id='word_1_450' title='bbox 976 1130 1065 1157; x_wconf 80' lang='lat' dir='ltr'><strong>verbis</strong></span> <span class='ocrx_word' id='word_1_451' title='bbox 1080 1139 1086 1156; x_wconf 88' lang='lat'>:</span> <span class='ocrx_word' id='word_1_452' title='bbox 1104 1138 1112 1155; x_wconf 81' lang='grc' dir='ltr'><strong>ι</strong></span> <span class='ocrx_word' id='word_1_453' title='bbox 1132 1129 1190 1156; x_wconf 82' lang='lat' dir='ltr'><strong>Non</strong></span> <span class='ocrx_word' id='word_1_454' title='bbox 1211 1132 1312 1165; x_wconf 84' lang='lat' dir='ltr'><strong>poteris</strong></span> <span class='ocrx_word' id='word_1_455' title='bbox 1337 1131 1490 1158; x_wconf 87' lang='lat' dir='ltr'><strong>sacriﬁcare</strong></span> <span class='ocrx_word' id='word_1_456' title='bbox 1511 1131 1611 1166; x_wconf 78' lang='lat' dir='ltr'><strong>pascha</strong></span> <span class='ocrx_word' id='word_1_457' title='bbox 1626 1131 1652 1158; x_wconf 87' lang='lat' dir='ltr'><strong>in</strong></span> <span class='ocrx_word' id='word_1_458' title='bbox 1668 1132 1759 1166; x_wconf 82' lang='lat' dir='ltr'><strong>aliqua</strong></span> 
     </span>
    </p>
   </div>
   <div class='ocr_carea' id='block_1_51' title="bbox 975 1176 1759 1210">
    <p class='ocr_par' dir='ltr' id='par_1_51' title="bbox 975 1176 1759 1210">
     <span class='ocr_line' id='line_1_51' title="bbox 975 1176 1759 1210; baseline 0.004 -9"><span class='ocrx_word' id='word_1_459' title='bbox 975 1176 1083 1202; x_wconf 88' lang='lat' dir='ltr'><strong>urbium</strong></span> <span class='ocrx_word' id='word_1_460' title='bbox 1102 1180 1219 1207; x_wconf 85' lang='lat' dir='ltr'><strong>tuarum,</strong></span> <span class='ocrx_word' id='word_1_461' title='bbox 1240 1184 1308 1210; x_wconf 88' lang='lat' dir='ltr'><strong>quas</strong></span> <span class='ocrx_word' id='word_1_462' title='bbox 1331 1176 1459 1204; x_wconf 80' lang='lat' dir='ltr'><strong>Dominus</strong></span> <span class='ocrx_word' id='word_1_463' title='bbox 1475 1176 1545 1204; x_wconf 84' lang='lat' dir='ltr'><strong>Deus</strong></span> <span class='ocrx_word' id='word_1_464' title='bbox 1568 1182 1630 1205; x_wconf 89' lang='lat' dir='ltr'><strong>tuus</strong></span> <span class='ocrx_word' id='word_1_465' title='bbox 1654 1178 1759 1206; x_wconf 80' lang='lat' dir='ltr'><strong>dederit</strong></span> 
     </span>
    </p>
   </div>
   <div class='ocr_carea' id='block_1_52' title="bbox 975 1222 1759 1258">
    <p class='ocr_par' dir='ltr' id='par_1_52' title="bbox 975 1222 1759 1258">
     <span class='ocr_line' id='line_1_52' title="bbox 975 1222 1759 1258; baseline 0.003 -10"><span class='ocrx_word' id='word_1_466' title='bbox 975 1222 1034 1253; x_wconf 84' lang='lat' dir='ltr'><strong>tibi,</strong></span> <span class='ocrx_word' id='word_1_467' title='bbox 1053 1222 1100 1249; x_wconf 92' lang='lat' dir='ltr'><strong>sed</strong></span> <span class='ocrx_word' id='word_1_468' title='bbox 1116 1222 1214 1248; x_wconf 91' lang='lat' dir='ltr'><strong>inloco</strong></span> <span class='ocrx_word' id='word_1_469' title='bbox 1237 1222 1368 1249; x_wconf 76' lang='lat' dir='ltr'><strong>duntaxat</strong></span> <span class='ocrx_word' id='word_1_470' title='bbox 1391 1230 1471 1257; x_wconf 86' lang='lat' dir='ltr'><strong>quem</strong></span> <span class='ocrx_word' id='word_1_471' title='bbox 1499 1223 1610 1258; x_wconf 79' lang='lat' dir='ltr'><strong>elegerit</strong></span> <span class='ocrx_word' id='word_1_472' title='bbox 1629 1222 1759 1251; x_wconf 83' lang='lat' dir='ltr'><strong>Dominus</strong></span> 
     </span>
    </p>
   </div>
   <div class='ocr_carea' id='block_1_53' title="bbox 976 1268 1759 1304">
    <p class='ocr_par' dir='ltr' id='par_1_53' title="bbox 976 1268 1759 1304">
     <span class='ocr_line' id='line_1_53' title="bbox 976 1268 1759 1304; baseline 0.004 -11"><span class='ocrx_word' id='word_1_473' title='bbox 976 1268 1046 1295; x_wconf 83' lang='lat' dir='ltr'><strong>Deus</strong></span> <span class='ocrx_word' id='word_1_474' title='bbox 1074 1272 1145 1294; x_wconf 86' lang='lat' dir='ltr'><strong>tuus.</strong></span> <span class='ocrx_word' id='word_1_475' title='bbox 1166 1268 1222 1294; x_wconf 89' lang='lat' dir='ltr'><strong>lllic</strong></span> <span class='ocrx_word' id='word_1_476' title='bbox 1243 1268 1396 1295; x_wconf 88' lang='lat' dir='ltr'><strong>immolabis</strong></span> <span class='ocrx_word' id='word_1_477' title='bbox 1429 1268 1528 1303; x_wconf 82' lang='lat' dir='ltr'><strong>pascha</strong></span> <span class='ocrx_word' id='word_1_478' title='bbox 1553 1276 1568 1295; x_wconf 90' lang='lat' dir='ltr'><strong>a</strong></span> <span class='ocrx_word' id='word_1_479' title='bbox 1593 1277 1706 1304; x_wconf 85' lang='lat' dir='ltr'><strong>vespere</strong></span> <span class='ocrx_word' id='word_1_480' title='bbox 1725 1270 1759 1297; x_wconf 90' lang='lat' dir='ltr'><strong>ad</strong></span> 
     </span>
    </p>
   </div>
   <div class='ocr_carea' id='block_1_54' title="bbox 976 1314 1760 1349">
    <p class='ocr_par' dir='ltr' id='par_1_54' title="bbox 976 1314 1760 1349">
     <span class='ocr_line' id='line_1_54' title="bbox 976 1314 1760 1349; baseline 0.005 -10"><span class='ocrx_word' id='word_1_481' title='bbox 976 1314 1042 1340; x_wconf 84' lang='lat' dir='ltr'><strong>solis</strong></span> <span class='ocrx_word' id='word_1_482' title='bbox 1057 1321 1195 1344; x_wconf 81' lang='lat' dir='ltr'><strong>occasum.</strong></span> <span class='ocrx_word' id='word_1_483' title='bbox 1208 1315 1234 1340; x_wconf 92' lang='lat' dir='ltr'><strong>in</strong></span> <span class='ocrx_word' id='word_1_484' title='bbox 1249 1317 1370 1349; x_wconf 90' lang='lat' dir='ltr'><strong>tempore</strong></span> <span class='ocrx_word' id='word_1_485' title='bbox 1387 1322 1440 1349; x_wconf 87' lang='lat' dir='ltr'><strong>quo</strong></span> <span class='ocrx_word' id='word_1_486' title='bbox 1455 1322 1582 1349; x_wconf 85' lang='lat' dir='ltr'><strong>egressus</strong></span> <span class='ocrx_word' id='word_1_487' title='bbox 1597 1323 1626 1342; x_wconf 88' lang='lat' dir='ltr'><strong>es</strong></span> <span class='ocrx_word' id='word_1_488' title='bbox 1639 1315 1672 1343; x_wconf 89' lang='lat' dir='ltr'><strong>de</strong></span> <span class='ocrx_word' id='word_1_489' title='bbox 1687 1319 1760 1343; x_wconf 77' lang='lat' dir='ltr'><strong>terra</strong></span> 
     </span>
    </p>
   </div>
   <div class='ocr_carea' id='block_1_55' title="bbox 976 1358 1758 1396">
    <p class='ocr_par' dir='ltr' id='par_1_55' title="bbox 976 1358 1758 1396">
     <span class='ocr_line' id='line_1_55' title="bbox 976 1358 1758 1396; baseline 0.004 -11"><span class='ocrx_word' id='word_1_490' title='bbox 976 1358 1085 1393; x_wconf 63' lang='lat' dir='ltr'><strong>Egypti</strong></span> <span class='ocrx_word' id='word_1_491' title='bbox 1109 1369 1115 1386; x_wconf 72' lang='grc' dir='ltr'>ε</span> <span class='ocrx_word' id='word_1_492' title='bbox 1138 1363 1161 1386; x_wconf 92' lang='lat' dir='ltr'><strong>el</strong></span> <span class='ocrx_word' id='word_1_493' title='bbox 1186 1367 1297 1394; x_wconf 87' lang='lat' dir='ltr'><strong>coqucs,</strong></span> <span class='ocrx_word' id='word_1_494' title='bbox 1319 1365 1345 1386; x_wconf 92' lang='lat' dir='ltr'><strong>et</strong></span> <span class='ocrx_word' id='word_1_495' title='bbox 1368 1360 1494 1388; x_wconf 83' lang='lat' dir='ltr'><strong>comedes</strong></span> <span class='ocrx_word' id='word_1_496' title='bbox 1521 1360 1548 1387; x_wconf 94' lang='lat' dir='ltr'><strong>in</strong></span> <span class='ocrx_word' id='word_1_497' title='bbox 1578 1361 1638 1388; x_wconf 93' lang='lat' dir='ltr'><strong>loco</strong></span> <span class='ocrx_word' id='word_1_498' title='bbox 1663 1368 1758 1396; x_wconf 86' lang='lat' dir='ltr'><strong>quem-</strong></span> 
     </span>
    </p>
   </div>
   <div class='ocr_carea' id='block_1_56' title="bbox 976 1403 1758 1439">
    <p class='ocr_par' dir='ltr' id='par_1_56' title="bbox 976 1403 1758 1439">
     <span class='ocr_line' id='line_1_56' title="bbox 976 1403 1758 1439; baseline 0.004 -9"><span class='ocrx_word' id='word_1_499' title='bbox 976 1412 1082 1438; x_wconf 83' lang='lat' dir='ltr'><strong>cunque</strong></span> <span class='ocrx_word' id='word_1_500' title='bbox 1106 1404 1216 1438; x_wconf 75' lang='lat' dir='ltr'><strong>elegerit</strong></span> <span class='ocrx_word' id='word_1_501' title='bbox 1244 1403 1375 1431; x_wconf 88' lang='lat' dir='ltr'><strong>Dominus</strong></span> <span class='ocrx_word' id='word_1_502' title='bbox 1400 1404 1471 1432; x_wconf 80' lang='lat' dir='ltr'><strong>Deus</strong></span> <span class='ocrx_word' id='word_1_503' title='bbox 1495 1406 1593 1432; x_wconf 82' lang='lat' dir='ltr'><strong>tuus&quot;</strong></span> <span class='ocrx_word' id='word_1_504' title='bbox 1613 1415 1622 1430; x_wconf 72' lang='grc' dir='ltr'><strong>ι</strong></span> <span class='ocrx_word' id='word_1_505' title='bbox 1639 1405 1693 1433; x_wconf 75' lang='lat' dir='ltr'><strong>Lex</strong></span> <span class='ocrx_word' id='word_1_506' title='bbox 1708 1406 1758 1439; x_wconf 73' lang='lat' dir='ltr'><strong>igi-</strong></span> 
     </span>
    </p>
   </div>
   <div class='ocr_carea' id='block_1_57' title="bbox 976 1449 1758 1485">
    <p class='ocr_par' dir='ltr' id='par_1_57' title="bbox 976 1449 1758 1485">
     <span class='ocr_line' id='line_1_57' title="bbox 976 1449 1758 1485; baseline 0.005 -10"><span class='ocrx_word' id='word_1_507' title='bbox 976 1454 1020 1476; x_wconf 89' lang='lat' dir='ltr'><strong>tur</strong></span> <span class='ocrx_word' id='word_1_508' title='bbox 1033 1450 1066 1476; x_wconf 91' lang='lat' dir='ltr'><strong>de</strong></span> <span class='ocrx_word' id='word_1_509' title='bbox 1080 1450 1193 1476; x_wconf 87' lang='lat' dir='ltr'><strong>solemni</strong></span> <span class='ocrx_word' id='word_1_510' title='bbox 1208 1449 1260 1479; x_wconf 81' lang='lat' dir='ltr'><strong>die.</strong></span> <span class='ocrx_word' id='word_1_511' title='bbox 1285 1450 1330 1484; x_wconf 91' lang='lat' dir='ltr'><strong>qui</strong></span> <span class='ocrx_word' id='word_1_512' title='bbox 1348 1450 1451 1476; x_wconf 87' lang='lat' dir='ltr'><strong>Pascha</strong></span> <span class='ocrx_word' id='word_1_513' title='bbox 1472 1451 1582 1482; x_wconf 80' lang='lat' dir='ltr'><strong>dicitur.</strong></span> <span class='ocrx_word' id='word_1_514' title='bbox 1603 1451 1758 1485; x_wconf 76' lang='lat' dir='ltr'><strong>hujusmodi</strong></span> 
     </span>
    </p>
   </div>
   <div class='ocr_carea' id='block_1_58' title="bbox 975 1495 1758 1532">
    <p class='ocr_par' dir='ltr' id='par_1_58' title="bbox 975 1495 1758 1532">
     <span class='ocr_line' id='line_1_58' title="bbox 975 1495 1758 1532; baseline 0.003 -10"><span class='ocrx_word' id='word_1_515' title='bbox 975 1495 1112 1530; x_wconf 87' lang='lat' dir='ltr'><strong>descripta</strong></span> <span class='ocrx_word' id='word_1_516' title='bbox 1125 1499 1176 1522; x_wconf 88' lang='lat' dir='ltr'><strong>est.</strong></span> <span class='ocrx_word' id='word_1_517' title='bbox 1192 1495 1277 1521; x_wconf 87' lang='lat' dir='ltr'><strong>Porro</strong></span> <span class='ocrx_word' id='word_1_518' title='bbox 1291 1499 1382 1523; x_wconf 87' lang='lat' dir='ltr'><strong>autem</strong></span> <span class='ocrx_word' id='word_1_519' title='bbox 1399 1496 1433 1523; x_wconf 88' lang='lat' dir='ltr'><strong>de</strong></span> <span class='ocrx_word' id='word_1_520' title='bbox 1450 1495 1679 1531; x_wconf 84' lang='lat' dir='ltr'><strong>Quinquagesima</strong></span> <span class='ocrx_word' id='word_1_521' title='bbox 1693 1497 1758 1532; x_wconf 89' lang='lat' dir='ltr'><strong>quid</strong></span> 
     </span>
    </p>
   </div>
   <div class='ocr_carea' id='block_1_59' title="bbox 976 1541 1759 1576">
    <p class='ocr_par' dir='ltr' id='par_1_59' title="bbox 976 1541 1759 1576">
     <span class='ocr_line' id='line_1_59' title="bbox 976 1541 1759 1576; baseline 0 -8"><span class='ocrx_word' id='word_1_522' title='bbox 976 1542 1059 1573; x_wconf 76' lang='lat' dir='ltr'><strong>dicat,</strong></span> <span class='ocrx_word' id='word_1_523' title='bbox 1076 1542 1137 1568; x_wconf 87' lang='lat' dir='ltr'><strong>audi</strong></span> <span class='ocrx_word' id='word_1_524' title='bbox 1163 1551 1169 1568; x_wconf 93' lang='lat'>:</span> <span class='ocrx_word' id='word_1_525' title='bbox 1194 1551 1202 1566; x_wconf 78' lang='grc' dir='ltr'><strong>ι</strong></span> <span class='ocrx_word' id='word_1_526' title='bbox 1223 1541 1306 1569; x_wconf 88' lang='lat' dir='ltr'><strong>Totas</strong></span> <span class='ocrx_word' id='word_1_527' title='bbox 1328 1542 1430 1576; x_wconf 80' lang='lat' dir='ltr'><strong>septem</strong></span> <span class='ocrx_word' id='word_1_528' title='bbox 1460 1542 1641 1570; x_wconf 85' lang='lat' dir='ltr'><strong>hebdomadas</strong></span> <span class='ocrx_word' id='word_1_529' title='bbox 1662 1551 1759 1569; x_wconf 87' lang='lat' dir='ltr'><strong>nume-</strong></span> 
     </span>
    </p>
   </div>
   <div class='ocr_carea' id='block_1_60' title="bbox 140 1588 925 1629">
    <p class='ocr_par' dir='ltr' id='par_1_60' title="bbox 140 1588 924 1627">
     <span class='ocr_line' id='line_1_60' title="bbox 140 1588 924 1627; baseline 0.004 -13"><span class='ocrx_word' id='word_1_530' title='bbox 140 1588 255 1623; x_wconf 82' lang='grc' dir='ltr'>ἁμητὸν,</span> <span class='ocrx_word' id='word_1_531' title='bbox 274 1589 320 1615; x_wconf 72' lang='grc' dir='ltr'><strong>καὶ</strong></span> <span class='ocrx_word' id='word_1_532' title='bbox 345 1590 466 1625; x_wconf 77' lang='grc' dir='ltr'>ποιήσεις</span> <span class='ocrx_word' id='word_1_533' title='bbox 487 1590 581 1626; x_wconf 80' lang='grc' dir='ltr'>ἑορτὴν</span> <span class='ocrx_word' id='word_1_534' title='bbox 603 1591 754 1626; x_wconf 75' lang='grc' dir='ltr'>ἑϐδομάδων</span> <span class='ocrx_word' id='word_1_535' title='bbox 777 1592 870 1627; x_wconf 80' lang='grc' dir='ltr'>Κυρίῳ</span> <span class='ocrx_word' id='word_1_536' title='bbox 886 1591 924 1627; x_wconf 82' lang='grc' dir='ltr'>τῷ</span> 
     </span>
    </p>
   </div>
   <div class='ocr_carea' id='block_1_61' title="bbox 976 1588 1759 1629">
    <p class='ocr_par' dir='ltr' id='par_1_61' title="bbox 978 1588 1759 1622">
     <span class='ocr_line' id='line_1_61' title="bbox 978 1588 1759 1622; baseline 0 -8"><span class='ocrx_word' id='word_1_537' title='bbox 978 1588 1051 1615; x_wconf 89' lang='lat' dir='ltr'><strong>rabis</strong></span> <span class='ocrx_word' id='word_1_538' title='bbox 1067 1588 1113 1614; x_wconf 86' lang='lat' dir='ltr'><strong>tibi</strong></span> <span class='ocrx_word' id='word_1_539' title='bbox 1130 1588 1192 1622; x_wconf 86' lang='lat' dir='ltr'><strong>ipsi,</strong></span> <span class='ocrx_word' id='word_1_540' title='bbox 1211 1596 1242 1614; x_wconf 74' lang='lat' dir='ltr'><strong>ex</strong></span> <span class='ocrx_word' id='word_1_541' title='bbox 1259 1596 1312 1622; x_wconf 90' lang='lat' dir='ltr'><strong>quo</strong></span> <span class='ocrx_word' id='word_1_542' title='bbox 1327 1588 1421 1615; x_wconf 79' lang='lat' dir='ltr'><strong>falcem</strong></span> <span class='ocrx_word' id='word_1_543' title='bbox 1441 1588 1466 1614; x_wconf 91' lang='lat' dir='ltr'><strong>in</strong></span> <span class='ocrx_word' id='word_1_544' title='bbox 1482 1592 1598 1622; x_wconf 82' lang='lat' dir='ltr'><strong>segetem</strong></span> <span class='ocrx_word' id='word_1_545' title='bbox 1614 1588 1759 1614; x_wconf 82' lang='lat' dir='ltr'><strong>immittere</strong></span> 
     </span>
    </p>
   </div>
   <div class='ocr_carea' id='block_1_62' title="bbox 140 1633 925 1673">
    <p class='ocr_par' dir='ltr' id='par_1_62' title="bbox 140 1633 925 1673">
     <span class='ocr_line' id='line_1_62' title="bbox 140 1633 925 1673; baseline 0.005 -13"><span class='ocrx_word' id='word_1_546' title='bbox 140 1633 201 1670; x_wconf 85' lang='grc' dir='ltr'><strong>Θεῷ</strong></span> <span class='ocrx_word' id='word_1_547' title='bbox 219 1643 276 1667; x_wconf 85' lang='grc' dir='ltr'>σου,</span> <span class='ocrx_word' id='word_1_548' title='bbox 301 1635 373 1663; x_wconf 79' lang='grc' dir='ltr'><strong>καθὰ</strong></span> <span class='ocrx_word' id='word_1_549' title='bbox 396 1636 481 1672; x_wconf 81' lang='grc' dir='ltr'>ἰσχύει</span> <span class='ocrx_word' id='word_1_550' title='bbox 503 1637 519 1672; x_wconf 85' lang='grc' dir='ltr'><strong>ή</strong></span> <span class='ocrx_word' id='word_1_551' title='bbox 546 1638 605 1673; x_wconf 79' lang='grc' dir='ltr'>χείρ</span> <span class='ocrx_word' id='word_1_552' title='bbox 628 1646 683 1669; x_wconf 85' lang='grc' dir='ltr'>σου,</span> <span class='ocrx_word' id='word_1_553' title='bbox 701 1639 749 1664; x_wconf 75' lang='grc' dir='ltr'><strong>ὅσα</strong></span> <span class='ocrx_word' id='word_1_554' title='bbox 765 1638 796 1664; x_wconf 82' lang='grc' dir='ltr'><strong>ἂν</strong></span> <span class='ocrx_word' id='word_1_555' title='bbox 816 1638 853 1673; x_wconf 82' lang='grc' dir='ltr'>δῷ</span> <span class='ocrx_word' id='word_1_556' title='bbox 875 1647 925 1669; x_wconf 72' lang='grc' dir='ltr'>σοι,</span> 
     </span>
    </p>
   </div>
   <div class='ocr_carea' id='block_1_63' title="bbox 139 1681 927 1719">
    <p class='ocr_par' dir='ltr' id='par_1_63' title="bbox 139 1681 927 1719">
     <span class='ocr_line' id='line_1_63' title="bbox 139 1681 927 1719; baseline 0.004 -11"><span class='ocrx_word' id='word_1_557' title='bbox 139 1681 236 1708; x_wconf 77' lang='grc' dir='ltr'>καθότι</span> <span class='ocrx_word' id='word_1_558' title='bbox 261 1682 392 1718; x_wconf 77' lang='grc' dir='ltr'>εὐλόγηκέ</span> <span class='ocrx_word' id='word_1_559' title='bbox 418 1692 447 1709; x_wconf 86' lang='grc' dir='ltr'><strong>σε</strong></span> <span class='ocrx_word' id='word_1_560' title='bbox 465 1683 566 1719; x_wconf 72' lang='grc' dir='ltr'>Κύριος</span> <span class='ocrx_word' id='word_1_561' title='bbox 592 1686 606 1710; x_wconf 97' lang='lat'><strong>6</strong></span> <span class='ocrx_word' id='word_1_562' title='bbox 631 1684 695 1716; x_wconf 74' lang='lat'><strong>0:6;</strong></span> <span class='ocrx_word' id='word_1_563' title='bbox 719 1693 783 1711; x_wconf 75' lang='grc' dir='ltr'>σου·</span> <span class='ocrx_word' id='word_1_564' title='bbox 813 1686 859 1711; x_wconf 69' lang='grc' dir='ltr'>καὶ</span> <span class='ocrx_word' id='word_1_565' title='bbox 883 1686 927 1711; x_wconf 75' lang='grc' dir='ltr'><strong>εὐ-</strong></span> 
     </span>
    </p>
   </div>
   <div class='ocr_carea' id='block_1_64' title="bbox 140 1727 927 1765">
    <p class='ocr_par' dir='ltr' id='par_1_64' title="bbox 140 1727 927 1765">
     <span class='ocr_line' id='line_1_64' title="bbox 140 1727 927 1765; baseline 0.006 -12"><span class='ocrx_word' id='word_1_566' title='bbox 140 1727 282 1764; x_wconf 81' lang='grc' dir='ltr'>φρανθήσῃ</span> <span class='ocrx_word' id='word_1_567' title='bbox 295 1728 408 1756; x_wconf 76' lang='grc' dir='ltr'>ἐνώπιον</span> <span class='ocrx_word' id='word_1_568' title='bbox 419 1730 520 1765; x_wconf 88' lang='grc' dir='ltr'>Κυρίου</span> <span class='ocrx_word' id='word_1_569' title='bbox 532 1730 578 1757; x_wconf 78' lang='grc' dir='ltr'>τοῦ</span> <span class='ocrx_word' id='word_1_570' title='bbox 590 1730 656 1757; x_wconf 77' lang='grc' dir='ltr'>Θεοῦ</span> <span class='ocrx_word' id='word_1_571' title='bbox 672 1740 728 1761; x_wconf 81' lang='grc' dir='ltr'>σου,</span> <span class='ocrx_word' id='word_1_572' title='bbox 741 1732 771 1757; x_wconf 78' lang='grc' dir='ltr'><strong>σὺ</strong></span> <span class='ocrx_word' id='word_1_573' title='bbox 785 1731 831 1757; x_wconf 64' lang='grc' dir='ltr'>καὶ</span> <span class='ocrx_word' id='word_1_574' title='bbox 845 1733 858 1758; x_wconf 90' lang='lat'><strong>6</strong></span> <span class='ocrx_word' id='word_1_575' title='bbox 871 1732 927 1763; x_wconf 77' lang='grc' dir='ltr'>υἱός</span> 
     </span>
    </p>
   </div>
   <div class='ocr_carea' id='block_1_65' title="bbox 141 1770 925 1813">
    <p class='ocr_par' dir='ltr' id='par_1_65' title="bbox 141 1770 925 1813">
     <span class='ocr_line' id='line_1_65' title="bbox 141 1770 925 1813; baseline 0.005 -13"><span class='ocrx_word' id='word_1_576' title='bbox 141 1781 201 1806; x_wconf 81' lang='grc' dir='ltr'>σου,</span> <span class='ocrx_word' id='word_1_577' title='bbox 215 1774 263 1800; x_wconf 71' lang='grc' dir='ltr'>καὶ</span> <span class='ocrx_word' id='word_1_578' title='bbox 310 1774 432 1811; x_wconf 83' lang='grc' dir='ltr'>θυγάτηρ</span> <span class='ocrx_word' id='word_1_579' title='bbox 448 1784 504 1807; x_wconf 83' lang='grc' dir='ltr'>σου,</span> <span class='ocrx_word' id='word_1_580' title='bbox 518 1777 532 1803; x_wconf 83' lang='lat'><strong>6</strong></span> <span class='ocrx_word' id='word_1_581' title='bbox 546 1778 609 1807; x_wconf 78' lang='grc' dir='ltr'>παῖς</span> <span class='ocrx_word' id='word_1_582' title='bbox 628 1785 684 1808; x_wconf 81' lang='grc' dir='ltr'>σου,</span> <span class='ocrx_word' id='word_1_583' title='bbox 699 1777 746 1803; x_wconf 75' lang='grc' dir='ltr'>καὶ</span> <span class='ocrx_word' id='word_1_584' title='bbox 762 1778 778 1813; x_wconf 86' lang='grc' dir='ltr'><strong>ή</strong></span> <span class='ocrx_word' id='word_1_585' title='bbox 797 1778 925 1813; x_wconf 76' lang='grc' dir='ltr'>παιδίσκη</span> 
     </span>
    </p>
   </div>
   <div class='ocr_carea' id='block_1_66' title="bbox 141 1821 928 1859">
    <p class='ocr_par' dir='ltr' id='par_1_66' title="bbox 141 1821 928 1859">
     <span class='ocr_line' id='line_1_66' title="bbox 141 1821 928 1859; baseline 0.005 -13"><span class='ocrx_word' id='word_1_586' title='bbox 141 1828 200 1852; x_wconf 84' lang='grc' dir='ltr'>σου,</span> <span class='ocrx_word' id='word_1_587' title='bbox 215 1821 263 1846; x_wconf 74' lang='grc' dir='ltr'>καὶ</span> <span class='ocrx_word' id='word_1_588' title='bbox 277 1821 291 1847; x_wconf 87' lang='lat'><strong>6</strong></span> <span class='ocrx_word' id='word_1_589' title='bbox 303 1821 428 1856; x_wconf 78' lang='grc' dir='ltr'>Λευΐτης,</span> <span class='ocrx_word' id='word_1_590' title='bbox 440 1822 454 1847; x_wconf 87' lang='grc' dir='ltr'>ὁ</span> <span class='ocrx_word' id='word_1_591' title='bbox 468 1823 496 1848; x_wconf 84' lang='grc' dir='ltr'><strong>ὲν</strong></span> <span class='ocrx_word' id='word_1_592' title='bbox 507 1824 567 1854; x_wconf 79' lang='grc' dir='ltr'>ταῖς</span> <span class='ocrx_word' id='word_1_593' title='bbox 578 1823 669 1849; x_wconf 79' lang='grc' dir='ltr'>πόλεσί</span> <span class='ocrx_word' id='word_1_594' title='bbox 685 1832 742 1855; x_wconf 86' lang='grc' dir='ltr'>σου,</span> <span class='ocrx_word' id='word_1_595' title='bbox 758 1825 803 1850; x_wconf 68' lang='grc' dir='ltr'>καὶ</span> <span class='ocrx_word' id='word_1_596' title='bbox 817 1825 830 1849; x_wconf 89' lang='lat'><strong>6</strong></span> <span class='ocrx_word' id='word_1_597' title='bbox 843 1833 928 1859; x_wconf 77' lang='grc' dir='ltr'>προσ-</span> 
     </span>
    </p>
   </div>
   <div class='ocr_carea' id='block_1_67' title="bbox 141 1863 927 1904">
    <p class='ocr_par' dir='ltr' id='par_1_67' title="bbox 141 1863 927 1904">
     <span class='ocr_line' id='line_1_67' title="bbox 141 1863 927 1904; baseline 0.008 -15"><span class='ocrx_word' id='word_1_598' title='bbox 141 1863 251 1899; x_wconf 77' lang='grc' dir='ltr'>ήλυτος,</span> <span class='ocrx_word' id='word_1_599' title='bbox 269 1865 316 1891; x_wconf 76' lang='grc' dir='ltr'><strong>καὶ</strong></span> <span class='ocrx_word' id='word_1_600' title='bbox 327 1866 341 1891; x_wconf 92' lang='lat'><strong>6</strong></span> <span class='ocrx_word' id='word_1_601' title='bbox 357 1866 482 1901; x_wconf 74' lang='grc' dir='ltr'>ὀρφανὸς,</span> <span class='ocrx_word' id='word_1_602' title='bbox 500 1867 547 1893; x_wconf 72' lang='grc' dir='ltr'><strong>καὶ</strong></span> <span class='ocrx_word' id='word_1_603' title='bbox 562 1868 578 1903; x_wconf 88' lang='grc' dir='ltr'><strong>ή</strong></span> <span class='ocrx_word' id='word_1_604' title='bbox 596 1868 667 1903; x_wconf 79' lang='grc' dir='ltr'>χήρα</span> <span class='ocrx_word' id='word_1_605' title='bbox 681 1869 697 1903; x_wconf 88' lang='grc' dir='ltr'>ὴ</span> <span class='ocrx_word' id='word_1_606' title='bbox 715 1869 744 1894; x_wconf 77' lang='grc' dir='ltr'><strong>ἐν</strong></span> <span class='ocrx_word' id='word_1_607' title='bbox 757 1869 831 1904; x_wconf 81' lang='grc' dir='ltr'>ὑμῖν,</span> <span class='ocrx_word' id='word_1_608' title='bbox 844 1870 872 1895; x_wconf 76' lang='grc' dir='ltr'><strong>ἐν</strong></span> <span class='ocrx_word' id='word_1_609' title='bbox 889 1869 927 1904; x_wconf 82' lang='grc' dir='ltr'>τῷ</span> 
     </span>
    </p>
   </div>
   <div class='ocr_carea' id='block_1_68' title="bbox 140 1907 927 1949">
    <p class='ocr_par' dir='ltr' id='par_1_68' title="bbox 140 1907 927 1949">
     <span class='ocr_line' id='line_1_68' title="bbox 140 1907 927 1949; baseline 0.006 -13"><span class='ocrx_word' id='word_1_610' title='bbox 140 1911 216 1946; x_wconf 80' lang='grc' dir='ltr'>τόπῳ</span> <span class='ocrx_word' id='word_1_611' title='bbox 230 1907 253 1944; x_wconf 80' lang='grc' dir='ltr'>ᾧ</span> <span class='ocrx_word' id='word_1_612' title='bbox 270 1910 302 1937; x_wconf 78' lang='grc' dir='ltr'>ἃν</span> <span class='ocrx_word' id='word_1_613' title='bbox 316 1911 457 1947; x_wconf 70' lang='grc' dir='ltr'>ἐκλέξηται</span> <span class='ocrx_word' id='word_1_614' title='bbox 474 1913 573 1949; x_wconf 79' lang='grc' dir='ltr'>Κύριος</span> <span class='ocrx_word' id='word_1_615' title='bbox 587 1914 601 1939; x_wconf 91' lang='lat'><strong>6</strong></span> <span class='ocrx_word' id='word_1_616' title='bbox 617 1913 683 1945; x_wconf 78' lang='grc' dir='ltr'>Θεὸς</span> <span class='ocrx_word' id='word_1_617' title='bbox 698 1923 743 1940; x_wconf 88' lang='grc' dir='ltr'><strong>σου</strong></span> <span class='ocrx_word' id='word_1_618' title='bbox 761 1915 844 1949; x_wconf 79' lang='grc' dir='ltr'>αὐτῷ,</span> <span class='ocrx_word' id='word_1_619' title='bbox 868 1916 927 1942; x_wconf 83' lang='grc' dir='ltr'>ὲπι-</span> 
     </span>
    </p>
   </div>
   <div class='ocr_carea' id='block_1_69' title="bbox 140 1957 927 1996">
    <p class='ocr_par' dir='ltr' id='par_1_69' title="bbox 140 1957 927 1996">
     <span class='ocr_line' id='line_1_69' title="bbox 140 1957 927 1996; baseline 0.006 -13"><span class='ocrx_word' id='word_1_620' title='bbox 140 1957 274 1992; x_wconf 74' lang='grc' dir='ltr'>κληθῆναι</span> <span class='ocrx_word' id='word_1_621' title='bbox 290 1958 321 1985; x_wconf 80' lang='grc' dir='ltr'>τὸ</span> <span class='ocrx_word' id='word_1_622' title='bbox 343 1958 427 1994; x_wconf 76' lang='grc' dir='ltr'>ὄνομα</span> <span class='ocrx_word' id='word_1_623' title='bbox 443 1959 524 1986; x_wconf 77' lang='grc' dir='ltr'>αὑτοῦ</span> <span class='ocrx_word' id='word_1_624' title='bbox 542 1961 609 1986; x_wconf 80' lang='grc' dir='ltr'>ἐκεῖ.</span> <span class='ocrx_word' id='word_1_625' title='bbox 628 1970 636 1986; x_wconf 76' lang='grc' dir='ltr'><strong>ι</strong></span> <span class='ocrx_word' id='word_1_626' title='bbox 657 1960 712 1986; x_wconf 76' lang='grc' dir='ltr'><strong>Καὶ</strong></span> <span class='ocrx_word' id='word_1_627' title='bbox 728 1960 777 1996; x_wconf 83' lang='grc' dir='ltr'><strong>τὴν</strong></span> <span class='ocrx_word' id='word_1_628' title='bbox 793 1961 888 1996; x_wconf 84' lang='grc' dir='ltr'>τρίτην</span> <span class='ocrx_word' id='word_1_629' title='bbox 905 1961 927 1988; x_wconf 77' lang='grc' dir='ltr'><strong>δ’</strong></span> 
     </span>
    </p>
   </div>
   <div class='ocr_carea' id='block_1_70' title="bbox 141 2002 927 2042">
    <p class='ocr_par' dir='ltr' id='par_1_70' title="bbox 141 2002 927 2042">
     <span class='ocr_line' id='line_1_70' title="bbox 141 2002 927 2042; baseline 0.005 -14"><span class='ocrx_word' id='word_1_630' title='bbox 141 2002 238 2039; x_wconf 69' lang='grc' dir='ltr'>ἑορτὴν</span> <span class='ocrx_word' id='word_1_631' title='bbox 253 2002 316 2029; x_wconf 75' lang='grc' dir='ltr'><strong>ἔνθα</strong></span> <span class='ocrx_word' id='word_1_632' title='bbox 328 2004 490 2039; x_wconf 75' lang='grc' dir='ltr'>προστάττει</span> <span class='ocrx_word' id='word_1_633' title='bbox 508 2004 637 2036; x_wconf 75' lang='grc' dir='ltr'>ἐκτελεῖν,</span> <span class='ocrx_word' id='word_1_634' title='bbox 651 2004 812 2032; x_wconf 76' lang='grc' dir='ltr'>ἐπάκουσον·</span> <span class='ocrx_word' id='word_1_635' title='bbox 832 2016 840 2030; x_wconf 79' lang='grc' dir='ltr'><strong>ι</strong></span> <span class='ocrx_word' id='word_1_636' title='bbox 853 2007 927 2042; x_wconf 76' lang='grc' dir='ltr'><strong>Ἑορ⁴</strong></span> 
     </span>
    </p>
   </div>
   <div class='ocr_carea' id='block_1_71' title="bbox 140 2048 927 2087">
    <p class='ocr_par' dir='ltr' id='par_1_71' title="bbox 140 2048 927 2087">
     <span class='ocr_line' id='line_1_71' title="bbox 140 2048 927 2087; baseline 0.005 -13"><span class='ocrx_word' id='word_1_637' title='bbox 140 2048 190 2083; x_wconf 79' lang='grc' dir='ltr'>τὴν</span> <span class='ocrx_word' id='word_1_638' title='bbox 208 2048 264 2075; x_wconf 84' lang='grc' dir='ltr'><strong>τῶν</strong></span> <span class='ocrx_word' id='word_1_639' title='bbox 280 2049 391 2084; x_wconf 84' lang='grc' dir='ltr'>Σκηνῶν</span> <span class='ocrx_word' id='word_1_640' title='bbox 407 2050 528 2084; x_wconf 81' lang='grc' dir='ltr'>ποιήσεις</span> <span class='ocrx_word' id='word_1_641' title='bbox 549 2050 652 2085; x_wconf 85' lang='grc' dir='ltr'>σεαυτῷ</span> <span class='ocrx_word' id='word_1_642' title='bbox 671 2051 740 2077; x_wconf 79' lang='grc' dir='ltr'>ἑπτὰ</span> <span class='ocrx_word' id='word_1_643' title='bbox 761 2051 879 2087; x_wconf 58' lang='grc' dir='ltr'>ἡμέρας</span> <span class='ocrx_word' id='word_1_644' title='bbox 899 2053 927 2078; x_wconf 81' lang='grc' dir='ltr'>ἐν</span> 
     </span>
    </p>
   </div>
   <div class='ocr_carea' id='block_1_72' title="bbox 140 2094 928 2134">
    <p class='ocr_par' dir='ltr' id='par_1_72' title="bbox 140 2094 928 2134">
     <span class='ocr_line' id='line_1_72' title="bbox 140 2094 928 2134; baseline 0.005 -13"><span class='ocrx_word' id='word_1_645' title='bbox 140 2094 179 2130; x_wconf 81' lang='grc' dir='ltr'>τῷ</span> <span class='ocrx_word' id='word_1_646' title='bbox 196 2097 359 2130; x_wconf 77' lang='grc' dir='ltr'>συναγαγεῖν</span> <span class='ocrx_word' id='word_1_647' title='bbox 379 2104 408 2122; x_wconf 90' lang='grc' dir='ltr'><strong>σε</strong></span> <span class='ocrx_word' id='word_1_648' title='bbox 423 2097 476 2123; x_wconf 76' lang='grc' dir='ltr'>ἀπὸ</span> <span class='ocrx_word' id='word_1_649' title='bbox 493 2097 542 2131; x_wconf 82' lang='grc' dir='ltr'><strong>τῆς</strong></span> <span class='ocrx_word' id='word_1_650' title='bbox 559 2097 660 2129; x_wconf 83' lang='grc' dir='ltr'>ἆλωνός</span> <span class='ocrx_word' id='word_1_651' title='bbox 682 2106 728 2124; x_wconf 86' lang='grc' dir='ltr'><strong>σου</strong></span> <span class='ocrx_word' id='word_1_652' title='bbox 744 2099 790 2125; x_wconf 68' lang='grc' dir='ltr'>καὶ</span> <span class='ocrx_word' id='word_1_653' title='bbox 811 2098 864 2125; x_wconf 78' lang='grc' dir='ltr'><strong>ἀπὸ</strong></span> <span class='ocrx_word' id='word_1_654' title='bbox 879 2099 928 2134; x_wconf 81' lang='grc' dir='ltr'>τῆς</span> 
     </span>
    </p>
   </div>
   <div class='ocr_carea' id='block_1_73' title="bbox 140 2140 927 2179">
    <p class='ocr_par' dir='ltr' id='par_1_73' title="bbox 140 2140 927 2179">
     <span class='ocr_line' id='line_1_73' title="bbox 140 2140 927 2179; baseline 0.005 -12"><span class='ocrx_word' id='word_1_655' title='bbox 140 2140 222 2176; x_wconf 81' lang='grc' dir='ltr'>ληνοῦ</span> <span class='ocrx_word' id='word_1_656' title='bbox 237 2150 295 2170; x_wconf 86' lang='grc' dir='ltr'>σου.</span> <span class='ocrx_word' id='word_1_657' title='bbox 310 2142 355 2168; x_wconf 75' lang='grc' dir='ltr'>καὶ</span> <span class='ocrx_word' id='word_1_658' title='bbox 371 2142 544 2179; x_wconf 72' lang='grc' dir='ltr'>εὐφρανθήσῃ</span> <span class='ocrx_word' id='word_1_659' title='bbox 558 2144 586 2169; x_wconf 85' lang='grc' dir='ltr'>ὲν</span> <span class='ocrx_word' id='word_1_660' title='bbox 600 2145 632 2179; x_wconf 84' lang='grc' dir='ltr'>τῇ</span> <span class='ocrx_word' id='word_1_661' title='bbox 649 2144 727 2179; x_wconf 82' lang='grc' dir='ltr'>ἑορτῇ</span> <span class='ocrx_word' id='word_1_662' title='bbox 747 2153 802 2176; x_wconf 84' lang='grc' dir='ltr'>σου,</span> <span class='ocrx_word' id='word_1_663' title='bbox 822 2145 864 2177; x_wconf 79' lang='grc' dir='ltr'>σὺ,</span> <span class='ocrx_word' id='word_1_664' title='bbox 881 2144 927 2171; x_wconf 76' lang='grc' dir='ltr'>καὶ</span> 
     </span>
    </p>
   </div>
   <div class='ocr_carea' id='block_1_74' title="bbox 141 2186 927 2225">
    <p class='ocr_par' dir='ltr' id='par_1_74' title="bbox 141 2186 927 2225">
     <span class='ocr_line' id='line_1_74' title="bbox 141 2186 927 2225; baseline 0.005 -13"><span class='ocrx_word' id='word_1_665' title='bbox 141 2186 199 2218; x_wconf 77' lang='grc' dir='ltr'>υίὺς</span> <span class='ocrx_word' id='word_1_666' title='bbox 213 2194 272 2218; x_wconf 88' lang='grc' dir='ltr'>σου,</span> <span class='ocrx_word' id='word_1_667' title='bbox 289 2187 337 2214; x_wconf 75' lang='grc' dir='ltr'><strong>καὶ</strong></span> <span class='ocrx_word' id='word_1_668' title='bbox 351 2188 368 2223; x_wconf 83' lang='grc' dir='ltr'>ἡ</span> <span class='ocrx_word' id='word_1_669' title='bbox 380 2187 504 2225; x_wconf 77' lang='grc' dir='ltr'>θηγάτηρ</span> <span class='ocrx_word' id='word_1_670' title='bbox 520 2197 578 2219; x_wconf 83' lang='grc' dir='ltr'>σου,</span> <span class='ocrx_word' id='word_1_671' title='bbox 593 2190 605 2215; x_wconf 85' lang='lat'><strong>6</strong></span> <span class='ocrx_word' id='word_1_672' title='bbox 622 2190 684 2220; x_wconf 79' lang='grc' dir='ltr'>παῖς</span> <span class='ocrx_word' id='word_1_673' title='bbox 700 2198 756 2220; x_wconf 78' lang='grc' dir='ltr'>σου,</span> <span class='ocrx_word' id='word_1_674' title='bbox 774 2190 819 2216; x_wconf 75' lang='grc' dir='ltr'><strong>καὶ</strong></span> <span class='ocrx_word' id='word_1_675' title='bbox 835 2192 851 2225; x_wconf 82' lang='grc' dir='ltr'><strong>ἡ</strong></span> <span class='ocrx_word' id='word_1_676' title='bbox 866 2199 927 2216; x_wconf 73' lang='lat'><strong>7:2:-</strong></span> 
     </span>
    </p>
   </div>
   <div class='ocr_carea' id='block_1_75' title="bbox 141 2231 926 2271">
    <p class='ocr_par' dir='ltr' id='par_1_75' title="bbox 141 2231 926 2271">
     <span class='ocr_line' id='line_1_75' title="bbox 141 2231 926 2271; baseline 0.005 -13"><span class='ocrx_word' id='word_1_677' title='bbox 141 2231 220 2268; x_wconf 78' lang='grc' dir='ltr'>δίσκη</span> <span class='ocrx_word' id='word_1_678' title='bbox 237 2241 295 2265; x_wconf 86' lang='grc' dir='ltr'>σου,</span> <span class='ocrx_word' id='word_1_679' title='bbox 311 2234 357 2260; x_wconf 68' lang='grc' dir='ltr'>καὶ</span> <span class='ocrx_word' id='word_1_680' title='bbox 372 2235 388 2269; x_wconf 90' lang='grc' dir='ltr'><strong>ή</strong></span> <span class='ocrx_word' id='word_1_681' title='bbox 407 2235 489 2270; x_wconf 78' lang='grc' dir='ltr'>χήρα,</span> <span class='ocrx_word' id='word_1_682' title='bbox 505 2236 532 2261; x_wconf 80' lang='grc' dir='ltr'>ὲν</span> <span class='ocrx_word' id='word_1_683' title='bbox 549 2235 588 2270; x_wconf 84' lang='grc' dir='ltr'>τῷ</span> <span class='ocrx_word' id='word_1_684' title='bbox 604 2236 677 2270; x_wconf 77' lang='grc' dir='ltr'>τόπῳ</span> <span class='ocrx_word' id='word_1_685' title='bbox 698 2232 719 2269; x_wconf 83' lang='grc' dir='ltr'>ᾦ</span> <span class='ocrx_word' id='word_1_686' title='bbox 736 2236 768 2262; x_wconf 77' lang='grc' dir='ltr'>ἂν</span> <span class='ocrx_word' id='word_1_687' title='bbox 784 2236 926 2271; x_wconf 74' lang='grc' dir='ltr'>ἐκλέξηται</span> 
     </span>
    </p>
   </div>
   <div class='ocr_carea' id='block_1_76' title="bbox 142 2267 965 2316">
    <p class='ocr_par' dir='ltr' id='par_1_76' title="bbox 142 2267 965 2316">
     <span class='ocr_line' id='line_1_76' title="bbox 142 2267 965 2316; baseline 0.005 -11"><span class='ocrx_word' id='word_1_688' title='bbox 142 2267 244 2316; x_wconf 74' lang='grc' dir='ltr'>Κύριος</span> <span class='ocrx_word' id='word_1_689' title='bbox 259 2280 274 2306; x_wconf 78' lang='grc' dir='ltr'><strong>ὁ</strong></span> <span class='ocrx_word' id='word_1_690' title='bbox 296 2279 361 2312; x_wconf 83' lang='grc' dir='ltr'>Θεός</span> <span class='ocrx_word' id='word_1_691' title='bbox 381 2267 545 2316; x_wconf 40' lang='lat' dir='ltr'><strong>eddea-32(3).</strong></span> <span class='ocrx_word' id='word_1_692' title='bbox 597 2281 646 2308; x_wconf 72' lang='grc' dir='ltr'><strong>Διὰ</strong></span> <span class='ocrx_word' id='word_1_693' title='bbox 663 2267 803 2308; x_wconf 55' lang='grc' dir='ltr'>τοσούτων</span> <span class='ocrx_word' id='word_1_694' title='bbox 818 2267 864 2309; x_wconf 75' lang='grc' dir='ltr'>οὖν</span> <span class='ocrx_word' id='word_1_695' title='bbox 875 2267 926 2309; x_wconf 44' lang='grc' dir='ltr'>’τὸν</span> <span class='ocrx_word' id='word_1_696' title='bbox 943 2267 965 2296; x_wconf 80' lang='lat' dir='ltr'><strong>D</strong></span> 
     </span>
    </p>
   </div>
   <div class='ocr_carea' id='block_1_77' title="bbox 141 2323 927 2359">
    <p class='ocr_par' dir='ltr' id='par_1_77' title="bbox 141 2323 927 2359">
     <span class='ocr_line' id='line_1_77' title="bbox 141 2323 927 2359; baseline 0.005 -10"><span class='ocrx_word' id='word_1_697' title='bbox 141 2323 223 2350; x_wconf 76' lang='grc' dir='ltr'>τόπον</span> <span class='ocrx_word' id='word_1_698' title='bbox 244 2325 501 2359; x_wconf 81' lang='grc' dir='ltr'>ὲπισημαινόμενος,</span> <span class='ocrx_word' id='word_1_699' title='bbox 528 2326 691 2357; x_wconf 79' lang='grc' dir='ltr'>τοσαυτάκις</span> <span class='ocrx_word' id='word_1_700' title='bbox 717 2335 746 2352; x_wconf 88' lang='grc' dir='ltr'><strong>τε</strong></span> <span class='ocrx_word' id='word_1_701' title='bbox 775 2326 859 2353; x_wconf 86' lang='grc' dir='ltr'>είπὼν</span> <span class='ocrx_word' id='word_1_702' title='bbox 888 2329 927 2358; x_wconf 79' lang='grc' dir='ltr'><strong>είς</strong></span> 
     </span>
    </p>
   </div>
   <div class='ocr_carea' id='block_1_78' title="bbox 142 2369 926 2408">
    <p class='ocr_par' dir='ltr' id='par_1_78' title="bbox 142 2369 926 2408">
     <span class='ocr_line' id='line_1_78' title="bbox 142 2369 926 2408; baseline 0.003 -12"><span class='ocrx_word' id='word_1_703' title='bbox 142 2369 223 2396; x_wconf 73' lang='grc' dir='ltr'>αὑτὸν</span> <span class='ocrx_word' id='word_1_704' title='bbox 235 2370 359 2406; x_wconf 80' lang='grc' dir='ltr'>ἀπαντᾷν</span> <span class='ocrx_word' id='word_1_705' title='bbox 376 2373 506 2405; x_wconf 62' lang='lat' dir='ltr'><strong>namst</strong></span> <span class='ocrx_word' id='word_1_706' title='bbox 518 2373 565 2398; x_wconf 68' lang='lat' dir='ltr'><strong>xu).</strong></span> <span class='ocrx_word' id='word_1_707' title='bbox 577 2373 695 2402; x_wconf 76' lang='grc' dir='ltr'>πανοικὶ,</span> <span class='ocrx_word' id='word_1_708' title='bbox 708 2372 766 2403; x_wconf 82' lang='grc' dir='ltr'><strong>πῶς</strong></span> <span class='ocrx_word' id='word_1_709' title='bbox 778 2372 810 2398; x_wconf 83' lang='grc' dir='ltr'><strong>ἂν</strong></span> <span class='ocrx_word' id='word_1_710' title='bbox 823 2373 926 2408; x_wconf 77' lang='grc' dir='ltr'>ἥρμοζε</span> 
     </span>
    </p>
   </div>
   <div class='ocr_carea' id='block_1_79' title="bbox 141 2414 927 2452">
    <p class='ocr_par' dir='ltr' id='par_1_79' title="bbox 141 2414 927 2452">
     <span class='ocr_line' id='line_1_79' title="bbox 141 2414 927 2452; baseline 0.001 -11"><span class='ocrx_word' id='word_1_711' title='bbox 141 2415 198 2447; x_wconf 76' lang='grc' dir='ltr'>τοῖς</span> <span class='ocrx_word' id='word_1_712' title='bbox 210 2414 262 2450; x_wconf 80' lang='grc' dir='ltr'>τῆς</span> <span class='ocrx_word' id='word_1_713' title='bbox 288 2415 415 2447; x_wconf 76' lang='grc' dir='ltr'>Ἰουδαίας</span> <span class='ocrx_word' id='word_1_714' title='bbox 431 2417 477 2442; x_wconf 82' lang='grc' dir='ltr'>καὶ</span> <span class='ocrx_word' id='word_1_715' title='bbox 491 2417 536 2443; x_wconf 74' lang='grc' dir='ltr'><strong>ἐπὶ</strong></span> <span class='ocrx_word' id='word_1_716' title='bbox 552 2417 649 2452; x_wconf 75' lang='grc' dir='ltr'>μικρὸν</span> <span class='ocrx_word' id='word_1_717' title='bbox 665 2416 800 2447; x_wconf 78' lang='grc' dir='ltr'>διεστῶσι,</span> <span class='ocrx_word' id='word_1_718' title='bbox 817 2417 881 2452; x_wconf 86' lang='grc' dir='ltr'>μήτι</span> <span class='ocrx_word' id='word_1_719' title='bbox 896 2426 927 2450; x_wconf 82' lang='grc' dir='ltr'><strong>γε</strong></span> 
     </span>
    </p>
   </div>
   <div class='ocr_carea' id='block_1_80' title="bbox 142 2460 926 2498">
    <p class='ocr_par' dir='ltr' id='par_1_80' title="bbox 142 2460 926 2498">
     <span class='ocr_line' id='line_1_80' title="bbox 142 2460 926 2498; baseline 0.004 -12"><span class='ocrx_word' id='word_1_720' title='bbox 142 2461 201 2492; x_wconf 75' lang='grc' dir='ltr'>τοῖς</span> <span class='ocrx_word' id='word_1_721' title='bbox 215 2460 277 2488; x_wconf 79' lang='grc' dir='ltr'><strong>καθ’</strong></span> <span class='ocrx_word' id='word_1_722' title='bbox 300 2460 365 2497; x_wconf 78' lang='grc' dir='ltr'>ὅλης</span> <span class='ocrx_word' id='word_1_723' title='bbox 379 2461 431 2496; x_wconf 67' lang='grc' dir='ltr'>τῆς</span> <span class='ocrx_word' id='word_1_724' title='bbox 445 2461 605 2498; x_wconf 74' lang='grc' dir='ltr'>οἰκουμένης</span> <span class='ocrx_word' id='word_1_725' title='bbox 626 2462 731 2495; x_wconf 70' lang='grc' dir='ltr'>ἐθνεσις</span> <span class='ocrx_word' id='word_1_726' title='bbox 751 2462 867 2497; x_wconf 82' lang='grc' dir='ltr'>μάλιστα</span> <span class='ocrx_word' id='word_1_727' title='bbox 884 2464 926 2489; x_wconf 77' lang='grc' dir='ltr'>ὅτε</span> 
     </span>
    </p>
   </div>
   <div class='ocr_carea' id='block_1_81' title="bbox 141 2506 926 2544">
    <p class='ocr_par' dir='ltr' id='par_1_81' title="bbox 141 2506 926 2544">
     <span class='ocr_line' id='line_1_81' title="bbox 141 2506 926 2544; baseline 0.004 -12"><span class='ocrx_word' id='word_1_728' title='bbox 141 2506 201 2532; x_wconf 63' lang='grc' dir='ltr'><strong>οὗδὶ</strong></span> <span class='ocrx_word' id='word_1_729' title='bbox 226 2506 392 2543; x_wconf 81' lang='grc' dir='ltr'>συγγνώμην</span> <span class='ocrx_word' id='word_1_730' title='bbox 416 2508 477 2533; x_wconf 72' lang='grc' dir='ltr'>τινὰ</span> <span class='ocrx_word' id='word_1_731' title='bbox 498 2508 573 2543; x_wconf 81' lang='grc' dir='ltr'>νέμει</span> <span class='ocrx_word' id='word_1_732' title='bbox 591 2510 647 2539; x_wconf 85' lang='grc' dir='ltr'>τοῖς</span> <span class='ocrx_word' id='word_1_733' title='bbox 675 2507 870 2544; x_wconf 75' lang='grc' dir='ltr'>παραϐαίνουσι</span> <span class='ocrx_word' id='word_1_734' title='bbox 894 2509 926 2535; x_wconf 80' lang='grc' dir='ltr'>τὰ</span> 
     </span>
    </p>
   </div>
   <div class='ocr_carea' id='block_1_82' title="bbox 141 2551 927 2590">
    <p class='ocr_par' dir='ltr' id='par_1_82' title="bbox 141 2551 927 2590">
     <span class='ocr_line' id='line_1_82' title="bbox 141 2551 927 2590; baseline 0.004 -12"><span class='ocrx_word' id='word_1_735' title='bbox 141 2551 316 2588; x_wconf 79' lang='grc' dir='ltr'>διωρισμένα,</span> <span class='ocrx_word' id='word_1_736' title='bbox 331 2553 402 2589; x_wconf 73' lang='grc' dir='ltr'><strong>ἀρὰν</strong></span> <span class='ocrx_word' id='word_1_737' title='bbox 414 2553 442 2580; x_wconf 82' lang='grc' dir='ltr'><strong>δὲ</strong></span> <span class='ocrx_word' id='word_1_738' title='bbox 457 2554 526 2580; x_wconf 81' lang='grc' dir='ltr'>κατὰ</span> <span class='ocrx_word' id='word_1_739' title='bbox 539 2554 647 2581; x_wconf 86' lang='grc' dir='ltr'>πάντων</span> <span class='ocrx_word' id='word_1_740' title='bbox 668 2554 722 2580; x_wconf 83' lang='grc' dir='ltr'><strong>τῶν</strong></span> <span class='ocrx_word' id='word_1_741' title='bbox 738 2554 774 2590; x_wconf 84' lang='grc' dir='ltr'>μὴ</span> <span class='ocrx_word' id='word_1_742' title='bbox 792 2554 825 2581; x_wconf 81' lang='grc' dir='ltr'>τὰ</span> <span class='ocrx_word' id='word_1_743' title='bbox 840 2555 927 2581; x_wconf 59' lang='grc' dir='ltr'>πάντα</span> 
     </span>
    </p>
   </div>
   <div class='ocr_carea' id='block_1_83' title="bbox 141 2597 926 2635">
    <p class='ocr_par' dir='ltr' id='par_1_83' title="bbox 141 2597 926 2635">
     <span class='ocr_line' id='line_1_83' title="bbox 141 2597 926 2635; baseline 0.001 -10"><span class='ocrx_word' id='word_1_744' title='bbox 141 2597 296 2633; x_wconf 73' lang='grc' dir='ltr'>τηρούντων</span> <span class='ocrx_word' id='word_1_745' title='bbox 314 2598 424 2633; x_wconf 70' lang='grc' dir='ltr'>ἐπάγει,</span> <span class='ocrx_word' id='word_1_746' title='bbox 442 2600 559 2635; x_wconf 77' lang='grc' dir='ltr'>ῥήμασιν</span> <span class='ocrx_word' id='word_1_747' title='bbox 581 2600 672 2631; x_wconf 76' lang='grc' dir='ltr'>αὐτοῖς</span> <span class='ocrx_word' id='word_1_748' title='bbox 693 2600 794 2634; x_wconf 72' lang='grc' dir='ltr'>λέγων·</span> <span class='ocrx_word' id='word_1_749' title='bbox 815 2610 824 2626; x_wconf 85' lang='grc'><strong><em>‹</em></strong></span> <span class='ocrx_word' id='word_1_750' title='bbox 851 2601 926 2626; x_wconf 80' lang='grc' dir='ltr'>Ἐπι-</span> 
     </span>
    </p>
   </div>
   <div class='ocr_carea' id='block_1_84' title="bbox 142 2642 927 2682">
    <p class='ocr_par' dir='ltr' id='par_1_84' title="bbox 142 2642 927 2682">
     <span class='ocr_line' id='line_1_84' title="bbox 142 2642 927 2682; baseline 0.005 -14"><span class='ocrx_word' id='word_1_751' title='bbox 142 2642 294 2679; x_wconf 78' lang='grc' dir='ltr'>κατάρατος</span> <span class='ocrx_word' id='word_1_752' title='bbox 307 2644 338 2676; x_wconf 81' lang='grc' dir='ltr'>ὃς</span> <span class='ocrx_word' id='word_1_753' title='bbox 349 2645 400 2671; x_wconf 81' lang='grc' dir='ltr'><strong>οὐκ</strong></span> <span class='ocrx_word' id='word_1_754' title='bbox 414 2646 527 2680; x_wconf 81' lang='grc' dir='ltr'>ὲμμενεῐ</span> <span class='ocrx_word' id='word_1_755' title='bbox 540 2646 606 2672; x_wconf 80' lang='grc' dir='ltr'>πᾶσι</span> <span class='ocrx_word' id='word_1_756' title='bbox 619 2648 674 2678; x_wconf 74' lang='grc' dir='ltr'>τοῖς</span> <span class='ocrx_word' id='word_1_757' title='bbox 687 2645 888 2682; x_wconf 79' lang='grc' dir='ltr'>γεγραμμένοις</span> <span class='ocrx_word' id='word_1_758' title='bbox 900 2648 927 2672; x_wconf 74' lang='grc' dir='ltr'><strong>ἐν</strong></span> 
     </span>
    </p>
   </div>
   <div class='ocr_carea' id='block_1_85' title="bbox 141 2687 927 2727">
    <p class='ocr_par' dir='ltr' id='par_1_85' title="bbox 141 2687 927 2727">
     <span class='ocr_line' id='line_1_85' title="bbox 141 2687 927 2727; baseline 0.004 -13"><span class='ocrx_word' id='word_1_759' title='bbox 141 2687 206 2724; x_wconf 74' lang='grc' dir='ltr'><strong>τῷδι</strong></span> <span class='ocrx_word' id='word_1_760' title='bbox 219 2690 259 2726; x_wconf 73' lang='grc' dir='ltr'>τῷ</span> <span class='ocrx_word' id='word_1_761' title='bbox 271 2690 349 2726; x_wconf 84' lang='grc' dir='ltr'>νόμῳ</span> <span class='ocrx_word' id='word_1_762' title='bbox 362 2690 410 2716; x_wconf 85' lang='grc' dir='ltr'>τοῦ</span> <span class='ocrx_word' id='word_1_763' title='bbox 429 2691 538 2726; x_wconf 79' lang='grc' dir='ltr'>ποιῆσαι</span> <span class='ocrx_word' id='word_1_764' title='bbox 554 2691 632 2717; x_wconf 70' lang='grc' dir='ltr'>αὑτά.</span> <span class='ocrx_word' id='word_1_765' title='bbox 650 2701 659 2717; x_wconf 76' lang='grc' dir='ltr'><strong>ι</strong></span> <span class='ocrx_word' id='word_1_766' title='bbox 679 2691 822 2727; x_wconf 84' lang='grc' dir='ltr'>Θεώρησον</span> <span class='ocrx_word' id='word_1_767' title='bbox 837 2691 864 2716; x_wconf 75' lang='grc' dir='ltr'><strong>δὲ</strong></span> <span class='ocrx_word' id='word_1_768' title='bbox 881 2691 927 2717; x_wconf 69' lang='grc' dir='ltr'>καὶ</span> 
     </span>
    </p>
   </div>
   <div class='ocr_carea' id='block_1_86' title="bbox 142 2733 925 2773">
    <p class='ocr_par' dir='ltr' id='par_1_86' title="bbox 142 2733 925 2773">
     <span class='ocr_line' id='line_1_86' title="bbox 142 2733 925 2773; baseline -0.001 -11"><span class='ocrx_word' id='word_1_769' title='bbox 142 2733 226 2768; x_wconf 71' lang='grc' dir='ltr'>ἄλλως</span> <span class='ocrx_word' id='word_1_770' title='bbox 250 2735 288 2763; x_wconf 70' lang='grc' dir='ltr'>τὰ</span> <span class='ocrx_word' id='word_1_771' title='bbox 311 2735 432 2763; x_wconf 79' lang='grc' dir='ltr'><strong>ἀδύνατα</strong></span> <span class='ocrx_word' id='word_1_772' title='bbox 456 2738 537 2763; x_wconf 74' lang='grc' dir='ltr'>πᾶσιν</span> <span class='ocrx_word' id='word_1_773' title='bbox 554 2735 707 2771; x_wconf 80' lang='grc' dir='ltr'>ἀνθρώποις</span> <span class='ocrx_word' id='word_1_774' title='bbox 721 2738 769 2773; x_wconf 80' lang='grc' dir='ltr'>τῆς</span> <span class='ocrx_word' id='word_1_775' title='bbox 786 2737 925 2768; x_wconf 57' lang='lat' dir='ltr'><strong>illi-issit»,-</strong></span> 
     </span>
    </p>
   </div>
   <div class='ocr_carea' id='block_1_87' title="bbox 141 2781 923 2818">
    <p class='ocr_par' dir='ltr' id='par_1_87' title="bbox 141 2781 923 2818">
     <span class='ocr_line' id='line_1_87' title="bbox 141 2781 923 2818; baseline 0 -10"><span class='ocrx_word' id='word_1_776' title='bbox 141 2781 310 2818; x_wconf 77' lang='grc' dir='ltr'>νομοθεσίας.</span> <span class='ocrx_word' id='word_1_777' title='bbox 327 2782 554 2818; x_wconf 79' lang='grc' dir='ltr'>Διαστειλάμενος</span> <span class='ocrx_word' id='word_1_778' title='bbox 574 2782 609 2809; x_wconf 81' lang='grc' dir='ltr'>τὰ</span> <span class='ocrx_word' id='word_1_779' title='bbox 623 2783 733 2810; x_wconf 74' lang='grc' dir='ltr'>ἑκούσια</span> <span class='ocrx_word' id='word_1_780' title='bbox 757 2783 803 2810; x_wconf 73' lang='grc' dir='ltr'><strong>καὶ</strong></span> <span class='ocrx_word' id='word_1_781' title='bbox 820 2783 923 2818; x_wconf 66' lang='grc' dir='ltr'>χαλεπᾶι</span> 
     </span>
    </p>
   </div>
   <div class='ocr_carea' id='block_1_88' title="bbox 186 2880 515 2914">
    <p class='ocr_par' dir='ltr' id='par_1_88' title="bbox 186 2880 515 2914">
     <span class='ocr_line' id='line_1_88' title="bbox 186 2880 515 2914; baseline -0.009 -4"><span class='ocrx_word' id='word_1_782' title='bbox 186 2884 208 2899; x_wconf 78' lang='grc'><em>’³</em></span> <span class='ocrx_word' id='word_1_783' title='bbox 229 2883 313 2910; x_wconf 81' lang='lat' dir='ltr'><strong>Deut.</strong></span> <span class='ocrx_word' id='word_1_784' title='bbox 334 2888 395 2914; x_wconf 75' lang='lat' dir='ltr'><strong>xw,</strong></span> <span class='ocrx_word' id='word_1_785' title='bbox 418 2880 515 2909; x_wconf 64' lang='lat'><strong>26-26.</strong></span> 
     </span>
    </p>
   </div>
   <div class='ocr_carea' id='block_1_89' title="bbox 133 2913 370 2947">
    <p class='ocr_par' dir='ltr' id='par_1_89' title="bbox 133 2913 370 2947">
     <span class='ocr_line' id='line_1_89' title="bbox 133 2913 370 2947; baseline -0.017 0"><span class='ocrx_word' id='word_1_786' title='bbox 133 2920 154 2937; x_wconf 73' lang='lat'><strong>&#39;7</strong></span> <span class='ocrx_word' id='word_1_787' title='bbox 175 2919 244 2947; x_wconf 81' lang='lat' dir='ltr'><strong>Ibid.</strong></span> <span class='ocrx_word' id='word_1_788' title='bbox 270 2913 370 2945; x_wconf 72' lang='lat'><strong>13-15.</strong></span> 
     </span>
    </p>
   </div>
   <div class='ocr_carea' id='block_1_90' title="bbox 582 2881 1241 2918">
    <p class='ocr_par' dir='ltr' id='par_1_90' title="bbox 582 2881 1241 2918">
     <span class='ocr_line' id='line_1_90' title="bbox 582 2881 1241 2918; baseline -0.006 -7"><span class='ocrx_word' id='word_1_789' title='bbox 582 2884 605 2900; x_wconf 84' lang='lat'><strong>&quot;</strong></span> <span class='ocrx_word' id='word_1_790' title='bbox 626 2883 691 2911; x_wconf 86' lang='lat' dir='ltr'><strong>lb&#39;d.</strong></span> <span class='ocrx_word' id='word_1_791' title='bbox 714 2892 764 2918; x_wconf 80' lang='lat' dir='ltr'><strong>xv,</strong></span> <span class='ocrx_word' id='word_1_792' title='bbox 785 2884 836 2918; x_wconf 77' lang='lat' dir='ltr'><strong>l9,</strong></span> <span class='ocrx_word' id='word_1_793' title='bbox 866 2884 909 2912; x_wconf 82' lang='grc'><strong>20.</strong></span> <span class='ocrx_word' id='word_1_794' title='bbox 949 2885 971 2900; x_wconf 62' lang='grc'><strong>⁸³</strong></span> <span class='ocrx_word' id='word_1_795' title='bbox 992 2882 1058 2911; x_wconf 88' lang='lat' dir='ltr'><strong>ll-id.</strong></span> <span class='ocrx_word' id='word_1_796' title='bbox 1080 2890 1141 2914; x_wconf 74' lang='lat' dir='ltr'><strong>xvr,</strong></span> <span class='ocrx_word' id='word_1_797' title='bbox 1164 2883 1190 2914; x_wconf 75' lang='lat' dir='ltr'><strong>l,</strong></span> <span class='ocrx_word' id='word_1_798' title='bbox 1209 2881 1241 2908; x_wconf 48' lang='lat'><strong>2,</strong></span> 
     </span>
    </p>
   </div>
   <div class='ocr_carea' id='block_1_91' title="bbox 978 1633 1759 1668">
    <p class='ocr_par' dir='ltr' id='par_1_91' title="bbox 978 1633 1759 1668">
     <span class='ocr_line' id='line_1_91' title="bbox 978 1633 1759 1668; baseline 0.001 -9"><span class='ocrx_word' id='word_1_799' title='bbox 978 1634 1103 1668; x_wconf 75' lang='lat' dir='ltr'><strong>cmperis,</strong></span> <span class='ocrx_word' id='word_1_800' title='bbox 1120 1638 1146 1660; x_wconf 91' lang='lat' dir='ltr'><strong>et</strong></span> <span class='ocrx_word' id='word_1_801' title='bbox 1158 1633 1308 1660; x_wconf 84' lang='lat' dir='ltr'><strong>celebrabis</strong></span> <span class='ocrx_word' id='word_1_802' title='bbox 1321 1633 1392 1660; x_wconf 87' lang='lat' dir='ltr'><strong>diem</strong></span> <span class='ocrx_word' id='word_1_803' title='bbox 1414 1633 1512 1661; x_wconf 79' lang='lat' dir='ltr'><strong>festum</strong></span> <span class='ocrx_word' id='word_1_804' title='bbox 1528 1634 1759 1661; x_wconf 83' lang='lat' dir='ltr'><strong>hebdomadarum</strong></span> 
     </span>
    </p>
   </div>
   <div class='ocr_carea' id='block_1_92' title="bbox 978 1677 1758 1712">
    <p class='ocr_par' dir='ltr' id='par_1_92' title="bbox 978 1677 1758 1712">
     <span class='ocr_line' id='line_1_92' title="bbox 978 1677 1758 1712; baseline 0 -8"><span class='ocrx_word' id='word_1_805' title='bbox 978 1677 1092 1705; x_wconf 80' lang='lat' dir='ltr'><strong>Domino</strong></span> <span class='ocrx_word' id='word_1_806' title='bbox 1122 1677 1176 1705; x_wconf 86' lang='lat' dir='ltr'><strong>Deo</strong></span> <span class='ocrx_word' id='word_1_807' title='bbox 1201 1683 1263 1709; x_wconf 85' lang='lat' dir='ltr'><strong>tuo,</strong></span> <span class='ocrx_word' id='word_1_808' title='bbox 1292 1682 1424 1712; x_wconf 86' lang='lat' dir='ltr'><strong>quantum</strong></span> <span class='ocrx_word' id='word_1_809' title='bbox 1455 1679 1554 1712; x_wconf 88' lang='lat' dir='ltr'><strong>poterit</strong></span> <span class='ocrx_word' id='word_1_810' title='bbox 1581 1686 1678 1705; x_wconf 85' lang='lat' dir='ltr'><strong>manus</strong></span> <span class='ocrx_word' id='word_1_811' title='bbox 1700 1682 1758 1710; x_wconf 77' lang='lat' dir='ltr'><strong>tua,</strong></span> 
     </span>
    </p>
   </div>
   <div class='ocr_carea' id='block_1_93' title="bbox 977 1724 1759 1759">
    <p class='ocr_par' dir='ltr' id='par_1_93' title="bbox 977 1724 1759 1759">
     <span class='ocr_line' id='line_1_93' title="bbox 977 1724 1759 1759; baseline -0.001 -8"><span class='ocrx_word' id='word_1_812' title='bbox 977 1732 1009 1752; x_wconf 77' lang='lat' dir='ltr'><strong>ex</strong></span> <span class='ocrx_word' id='word_1_813' title='bbox 1042 1725 1169 1751; x_wconf 91' lang='lat' dir='ltr'><strong>omnibus</strong></span> <span class='ocrx_word' id='word_1_814' title='bbox 1198 1732 1365 1759; x_wconf 65' lang='lat' dir='ltr'><strong>qumcunque</strong></span> <span class='ocrx_word' id='word_1_815' title='bbox 1397 1724 1496 1751; x_wconf 84' lang='lat' dir='ltr'><strong>dedero</strong></span> <span class='ocrx_word' id='word_1_816' title='bbox 1526 1724 1588 1755; x_wconf 85' lang='lat' dir='ltr'><strong>tibi,</strong></span> <span class='ocrx_word' id='word_1_817' title='bbox 1618 1730 1759 1759; x_wconf 83' lang='lat' dir='ltr'><strong>propterea</strong></span> 
     </span>
    </p>
   </div>
   <div class='ocr_carea' id='block_1_94' title="bbox 977 1768 1760 1805">
    <p class='ocr_par' dir='ltr' id='par_1_94' title="bbox 977 1768 1760 1805">
     <span class='ocr_line' id='line_1_94' title="bbox 977 1768 1760 1805; baseline -0.001 -9"><span class='ocrx_word' id='word_1_818' title='bbox 977 1771 1048 1805; x_wconf 81' lang='lat' dir='ltr'><strong>quod</strong></span> <span class='ocrx_word' id='word_1_819' title='bbox 1075 1770 1123 1796; x_wconf 87' lang='lat' dir='ltr'><strong>tibi</strong></span> <span class='ocrx_word' id='word_1_820' title='bbox 1149 1769 1316 1797; x_wconf 82' lang='lat' dir='ltr'><strong>benedixerit</strong></span> <span class='ocrx_word' id='word_1_821' title='bbox 1350 1769 1481 1796; x_wconf 86' lang='lat' dir='ltr'><strong>Dominus</strong></span> <span class='ocrx_word' id='word_1_822' title='bbox 1514 1768 1585 1796; x_wconf 85' lang='lat' dir='ltr'><strong>Deus</strong></span> <span class='ocrx_word' id='word_1_823' title='bbox 1618 1773 1696 1800; x_wconf 89' lang='lat' dir='ltr'><strong>tuus,</strong></span> <span class='ocrx_word' id='word_1_824' title='bbox 1732 1772 1760 1795; x_wconf 82' lang='lat' dir='ltr'><strong>et</strong></span> 
     </span>
    </p>
   </div>
   <div class='ocr_carea' id='block_1_95' title="bbox 977 1813 1760 1850">
    <p class='ocr_par' dir='ltr' id='par_1_95' title="bbox 977 1813 1760 1850">
     <span class='ocr_line' id='line_1_95' title="bbox 977 1813 1760 1850; baseline -0.004 -8"><span class='ocrx_word' id='word_1_825' title='bbox 977 1815 1129 1850; x_wconf 85' lang='lat' dir='ltr'><strong>epulaberis</strong></span> <span class='ocrx_word' id='word_1_826' title='bbox 1154 1822 1245 1841; x_wconf 82' lang='lat' dir='ltr'><strong>coram</strong></span> <span class='ocrx_word' id='word_1_827' title='bbox 1271 1814 1385 1841; x_wconf 86' lang='lat' dir='ltr'><strong>Domino</strong></span> <span class='ocrx_word' id='word_1_828' title='bbox 1415 1815 1468 1841; x_wconf 89' lang='lat' dir='ltr'><strong>Deo</strong></span> <span class='ocrx_word' id='word_1_829' title='bbox 1493 1819 1549 1847; x_wconf 89' lang='lat' dir='ltr'><strong>tuo,</strong></span> <span class='ocrx_word' id='word_1_830' title='bbox 1579 1817 1607 1840; x_wconf 90' lang='lat' dir='ltr'><strong>tu</strong></span> <span class='ocrx_word' id='word_1_831' title='bbox 1635 1817 1662 1840; x_wconf 86' lang='lat' dir='ltr'><strong>et</strong></span> <span class='ocrx_word' id='word_1_832' title='bbox 1688 1813 1760 1840; x_wconf 81' lang='lat' dir='ltr'><strong>ﬁlius</strong></span> 
     </span>
    </p>
   </div>
   <div class='ocr_carea' id='block_1_96' title="bbox 977 1858 1758 1896">
    <p class='ocr_par' dir='ltr' id='par_1_96' title="bbox 977 1858 1758 1896">
     <span class='ocr_line' id='line_1_96' title="bbox 977 1858 1758 1896; baseline -0.003 -9"><span class='ocrx_word' id='word_1_833' title='bbox 977 1861 1002 1896; x_wconf 86' lang='lat'><strong>3</strong></span> <span class='ocrx_word' id='word_1_834' title='bbox 1020 1860 1190 1892; x_wconf 81' lang='lat' dir='ltr'><strong>tuus,etiilia</strong></span> <span class='ocrx_word' id='word_1_835' title='bbox 1205 1865 1260 1891; x_wconf 82' lang='lat' dir='ltr'><strong>tua.</strong></span> <span class='ocrx_word' id='word_1_836' title='bbox 1278 1868 1373 1887; x_wconf 84' lang='lat' dir='ltr'><strong>servus</strong></span> <span class='ocrx_word' id='word_1_837' title='bbox 1388 1864 1452 1887; x_wconf 90' lang='lat' dir='ltr'><strong>tuus</strong></span> <span class='ocrx_word' id='word_1_838' title='bbox 1464 1860 1696 1892; x_wconf 82' lang='lat' dir='ltr'><strong>etancillatua,et</strong></span> <span class='ocrx_word' id='word_1_839' title='bbox 1707 1858 1758 1885; x_wconf 69' lang='grc' dir='ltr'>ιο.</span> 
     </span>
    </p>
   </div>
   <div class='ocr_carea' id='block_1_97' title="bbox 977 1905 1760 1941">
    <p class='ocr_par' dir='ltr' id='par_1_97' title="bbox 977 1905 1760 1941">
     <span class='ocr_line' id='line_1_97' title="bbox 977 1905 1760 1941; baseline -0.003 -9"><span class='ocrx_word' id='word_1_840' title='bbox 977 1907 1043 1937; x_wconf 82' lang='lat' dir='ltr'><strong>vita,</strong></span> <span class='ocrx_word' id='word_1_841' title='bbox 1059 1905 1105 1941; x_wconf 87' lang='lat' dir='ltr'><strong>qui</strong></span> <span class='ocrx_word' id='word_1_842' title='bbox 1124 1906 1204 1932; x_wconf 78' lang='lat' dir='ltr'><strong>fuerit</strong></span> <span class='ocrx_word' id='word_1_843' title='bbox 1218 1906 1245 1932; x_wconf 91' lang='lat' dir='ltr'><strong>in</strong></span> <span class='ocrx_word' id='word_1_844' title='bbox 1260 1905 1373 1932; x_wconf 90' lang='lat' dir='ltr'><strong>urbibus</strong></span> <span class='ocrx_word' id='word_1_845' title='bbox 1389 1906 1461 1937; x_wconf 84' lang='lat' dir='ltr'><strong>tuis,</strong></span> <span class='ocrx_word' id='word_1_846' title='bbox 1479 1909 1504 1931; x_wconf 83' lang='lat' dir='ltr'><strong>et</strong></span> <span class='ocrx_word' id='word_1_847' title='bbox 1527 1905 1640 1936; x_wconf 86' lang='lat' dir='ltr'><strong>advena,</strong></span> <span class='ocrx_word' id='word_1_848' title='bbox 1666 1908 1693 1931; x_wconf 88' lang='lat' dir='ltr'><strong>et</strong></span> <span class='ocrx_word' id='word_1_849' title='bbox 1709 1912 1760 1938; x_wconf 87' lang='lat' dir='ltr'><strong>pu-</strong></span> 
     </span>
    </p>
   </div>
   <div class='ocr_carea' id='block_1_98' title="bbox 978 1950 1760 1987">
    <p class='ocr_par' dir='ltr' id='par_1_98' title="bbox 978 1950 1760 1987">
     <span class='ocr_line' id='line_1_98' title="bbox 978 1950 1760 1987; baseline -0.004 -9"><span class='ocrx_word' id='word_1_850' title='bbox 978 1952 1071 1987; x_wconf 89' lang='lat' dir='ltr'><strong>pillus,</strong></span> <span class='ocrx_word' id='word_1_851' title='bbox 1083 1955 1110 1979; x_wconf 91' lang='lat' dir='ltr'><strong>et</strong></span> <span class='ocrx_word' id='word_1_852' title='bbox 1123 1951 1203 1978; x_wconf 88' lang='lat' dir='ltr'><strong>vidua</strong></span> <span class='ocrx_word' id='word_1_853' title='bbox 1216 1959 1275 1986; x_wconf 74' lang='lat' dir='ltr'><strong>qua:</strong></span> <span class='ocrx_word' id='word_1_854' title='bbox 1285 1950 1355 1986; x_wconf 85' lang='lat' dir='ltr'><strong>apud</strong></span> <span class='ocrx_word' id='word_1_855' title='bbox 1369 1958 1417 1978; x_wconf 88' lang='lat' dir='ltr'><strong>vos</strong></span> <span class='ocrx_word' id='word_1_856' title='bbox 1444 1950 1525 1977; x_wconf 81' lang='lat' dir='ltr'><strong>fuerit</strong></span> <span class='ocrx_word' id='word_1_857' title='bbox 1551 1951 1578 1977; x_wconf 90' lang='lat' dir='ltr'><strong>in</strong></span> <span class='ocrx_word' id='word_1_858' title='bbox 1602 1950 1662 1976; x_wconf 90' lang='lat' dir='ltr'><strong>loco</strong></span> <span class='ocrx_word' id='word_1_859' title='bbox 1678 1957 1760 1984; x_wconf 82' lang='lat' dir='ltr'><strong>quem</strong></span> 
     </span>
    </p>
   </div>
   <div class='ocr_carea' id='block_1_99' title="bbox 978 1998 1759 2035">
    <p class='ocr_par' dir='ltr' id='par_1_99' title="bbox 978 1998 1759 2035">
     <span class='ocr_line' id='line_1_99' title="bbox 978 1998 1759 2035; baseline -0.004 -8"><span class='ocrx_word' id='word_1_860' title='bbox 978 2001 1089 2035; x_wconf 81' lang='lat' dir='ltr'><strong>elegerit</strong></span> <span class='ocrx_word' id='word_1_861' title='bbox 1105 2000 1234 2026; x_wconf 82' lang='lat' dir='ltr'><strong>Dominus</strong></span> <span class='ocrx_word' id='word_1_862' title='bbox 1250 1998 1321 2026; x_wconf 88' lang='lat' dir='ltr'><strong>Deus</strong></span> <span class='ocrx_word' id='word_1_863' title='bbox 1345 2003 1408 2025; x_wconf 91' lang='lat' dir='ltr'><strong>tuus</strong></span> <span class='ocrx_word' id='word_1_864' title='bbox 1439 1999 1503 2031; x_wconf 90' lang='lat' dir='ltr'><strong>sibi,</strong></span> <span class='ocrx_word' id='word_1_865' title='bbox 1531 1998 1564 2025; x_wconf 88' lang='lat' dir='ltr'><strong>ad</strong></span> <span class='ocrx_word' id='word_1_866' title='bbox 1578 1998 1759 2025; x_wconf 83' lang='lat' dir='ltr'><strong>invocandum</strong></span> 
     </span>
    </p>
   </div>
   <div class='ocr_carea' id='block_1_100' title="bbox 978 2043 1759 2074">
    <p class='ocr_par' dir='ltr' id='par_1_100' title="bbox 978 2043 1759 2074">
     <span class='ocr_line' id='line_1_100' title="bbox 978 2043 1759 2074; baseline -0.008 0"><span class='ocrx_word' id='word_1_867' title='bbox 978 2055 1075 2074; x_wconf 85' lang='lat' dir='ltr'><strong>nomen</strong></span> <span class='ocrx_word' id='word_1_868' title='bbox 1092 2054 1170 2073; x_wconf 90' lang='lat' dir='ltr'><strong>suum</strong></span> <span class='ocrx_word' id='word_1_869' title='bbox 1182 2046 1217 2072; x_wconf 87' lang='lat' dir='ltr'><strong>ibi</strong></span> <span class='ocrx_word' id='word_1_870' title='bbox 1239 2045 1270 2071; x_wconf 84' lang='lat'>“.</span> <span class='ocrx_word' id='word_1_871' title='bbox 1293 2055 1301 2070; x_wconf 77' lang='grc' dir='ltr'><strong>ι</strong></span> <span class='ocrx_word' id='word_1_872' title='bbox 1336 2044 1458 2071; x_wconf 84' lang='lat' dir='ltr'><strong>Tertium</strong></span> <span class='ocrx_word' id='word_1_873' title='bbox 1477 2052 1542 2071; x_wconf 88' lang='lat' dir='ltr'><strong>vero</strong></span> <span class='ocrx_word' id='word_1_874' title='bbox 1572 2044 1693 2071; x_wconf 81' lang='lat' dir='ltr'><strong>solemne</strong></span> <span class='ocrx_word' id='word_1_875' title='bbox 1713 2043 1759 2074; x_wconf 83' lang='lat' dir='ltr'><strong>uhj</strong></span> 
     </span>
    </p>
   </div>
   <div class='ocr_carea' id='block_1_101' title="bbox 979 2089 1758 2128">
    <p class='ocr_par' dir='ltr' id='par_1_101' title="bbox 979 2089 1758 2128">
     <span class='ocr_line' id='line_1_101' title="bbox 979 2089 1758 2128; baseline -0.006 -8"><span class='ocrx_word' id='word_1_876' title='bbox 979 2094 1092 2128; x_wconf 87' lang='lat' dir='ltr'><strong>imperet</strong></span> <span class='ocrx_word' id='word_1_877' title='bbox 1104 2091 1306 2123; x_wconf 87' lang='lat' dir='ltr'><strong>celebrandum,</strong></span> <span class='ocrx_word' id='word_1_878' title='bbox 1325 2091 1406 2117; x_wconf 91' lang='lat' dir='ltr'><strong>audi:</strong></span> <span class='ocrx_word' id='word_1_879' title='bbox 1422 2100 1430 2115; x_wconf 79' lang='grc' dir='ltr'><strong>ι</strong></span> <span class='ocrx_word' id='word_1_880' title='bbox 1451 2089 1758 2117; x_wconf 85' lang='lat' dir='ltr'><strong>SolemueTabernaeu-</strong></span> 
     </span>
    </p>
   </div>
   <div class='ocr_carea' id='block_1_102' title="bbox 977 2133 1761 2169">
    <p class='ocr_par' dir='ltr' id='par_1_102' title="bbox 977 2133 1761 2169">
     <span class='ocr_line' id='line_1_102' title="bbox 977 2133 1761 2169; baseline -0.005 -5"><span class='ocrx_word' id='word_1_881' title='bbox 977 2139 1065 2165; x_wconf 89' lang='lat' dir='ltr'><strong>lorum</strong></span> <span class='ocrx_word' id='word_1_882' title='bbox 1084 2136 1235 2164; x_wconf 86' lang='lat' dir='ltr'><strong>celebrabis</strong></span> <span class='ocrx_word' id='word_1_883' title='bbox 1254 2136 1302 2162; x_wconf 82' lang='lat' dir='ltr'><strong>tibi</strong></span> <span class='ocrx_word' id='word_1_884' title='bbox 1326 2135 1377 2169; x_wconf 80' lang='lat' dir='ltr'><strong>ipsi</strong></span> <span class='ocrx_word' id='word_1_885' title='bbox 1401 2138 1501 2169; x_wconf 84' lang='lat' dir='ltr'><strong>septem</strong></span> <span class='ocrx_word' id='word_1_886' title='bbox 1527 2134 1634 2167; x_wconf 82' lang='lat' dir='ltr'><strong>diebus,</strong></span> <span class='ocrx_word' id='word_1_887' title='bbox 1662 2134 1709 2161; x_wconf 89' lang='lat' dir='ltr'><strong>ubi</strong></span> <span class='ocrx_word' id='word_1_888' title='bbox 1726 2133 1761 2160; x_wconf 85' lang='lat' dir='ltr'><strong>de</strong></span> 
     </span>
    </p>
   </div>
   <div class='ocr_carea' id='block_1_103' title="bbox 978 2179 1761 2215">
    <p class='ocr_par' dir='ltr' id='par_1_103' title="bbox 978 2179 1761 2215">
     <span class='ocr_line' id='line_1_103' title="bbox 978 2179 1761 2215; baseline -0.006 -4"><span class='ocrx_word' id='word_1_889' title='bbox 978 2191 1039 2211; x_wconf 84' lang='lat' dir='ltr'><strong>area</strong></span> <span class='ocrx_word' id='word_1_890' title='bbox 1056 2187 1101 2209; x_wconf 91' lang='lat' dir='ltr'><strong>tua</strong></span> <span class='ocrx_word' id='word_1_891' title='bbox 1114 2187 1140 2210; x_wconf 89' lang='lat' dir='ltr'><strong>et</strong></span> <span class='ocrx_word' id='word_1_892' title='bbox 1153 2182 1185 2209; x_wconf 91' lang='lat' dir='ltr'><strong>de</strong></span> <span class='ocrx_word' id='word_1_893' title='bbox 1194 2182 1322 2208; x_wconf 86' lang='lat' dir='ltr'><strong>torculari</strong></span> <span class='ocrx_word' id='word_1_894' title='bbox 1339 2185 1385 2209; x_wconf 90' lang='lat' dir='ltr'><strong>tuo</strong></span> <span class='ocrx_word' id='word_1_895' title='bbox 1398 2181 1551 2215; x_wconf 80' lang='lat' dir='ltr'><strong>collegeris,</strong></span> <span class='ocrx_word' id='word_1_896' title='bbox 1563 2184 1589 2207; x_wconf 88' lang='lat' dir='ltr'><strong>et</strong></span> <span class='ocrx_word' id='word_1_897' title='bbox 1606 2179 1761 2215; x_wconf 78' lang='lat' dir='ltr'><strong>epulaberis</strong></span> 
     </span>
    </p>
   </div>
   <div class='ocr_carea' id='block_1_104' title="bbox 979 2227 1762 2259">
    <p class='ocr_par' dir='ltr' id='par_1_104' title="bbox 979 2227 1762 2259">
     <span class='ocr_line' id='line_1_104' title="bbox 979 2227 1762 2259; baseline -0.005 -3"><span class='ocrx_word' id='word_1_898' title='bbox 979 2230 1005 2256; x_wconf 91' lang='lat' dir='ltr'><strong>in</strong></span> <span class='ocrx_word' id='word_1_899' title='bbox 1020 2229 1134 2256; x_wconf 86' lang='lat' dir='ltr'><strong>solemni</strong></span> <span class='ocrx_word' id='word_1_900' title='bbox 1151 2232 1207 2259; x_wconf 88' lang='lat' dir='ltr'><strong>tuo,</strong></span> <span class='ocrx_word' id='word_1_901' title='bbox 1226 2233 1252 2254; x_wconf 86' lang='lat' dir='ltr'><strong>lu</strong></span> <span class='ocrx_word' id='word_1_902' title='bbox 1269 2232 1295 2254; x_wconf 83' lang='lat' dir='ltr'><strong>et</strong></span> <span class='ocrx_word' id='word_1_903' title='bbox 1313 2227 1382 2254; x_wconf 86' lang='lat' dir='ltr'><strong>ﬁlius</strong></span> <span class='ocrx_word' id='word_1_904' title='bbox 1398 2231 1471 2258; x_wconf 87' lang='lat' dir='ltr'><strong>tuus,</strong></span> <span class='ocrx_word' id='word_1_905' title='bbox 1493 2231 1520 2253; x_wconf 87' lang='lat' dir='ltr'><strong>et</strong></span> <span class='ocrx_word' id='word_1_906' title='bbox 1548 2227 1601 2253; x_wconf 89' lang='lat' dir='ltr'><strong>lilia</strong></span> <span class='ocrx_word' id='word_1_907' title='bbox 1630 2231 1688 2257; x_wconf 79' lang='lat' dir='ltr'><strong>tua.</strong></span> <span class='ocrx_word' id='word_1_908' title='bbox 1703 2233 1762 2252; x_wconf 81' lang='lat' dir='ltr'><strong>ser-</strong></span> 
     </span>
    </p>
   </div>
   <div class='ocr_carea' id='block_1_105' title="bbox 980 2274 1761 2308">
    <p class='ocr_par' dir='ltr' id='par_1_105' title="bbox 980 2274 1761 2308">
     <span class='ocr_line' id='line_1_105' title="bbox 980 2274 1761 2308; baseline -0.006 -5"><span class='ocrx_word' id='word_1_909' title='bbox 980 2284 1027 2303; x_wconf 91' lang='lat' dir='ltr'><strong>vus</strong></span> <span class='ocrx_word' id='word_1_910' title='bbox 1040 2280 1104 2303; x_wconf 88' lang='lat' dir='ltr'><strong>tuus</strong></span> <span class='ocrx_word' id='word_1_911' title='bbox 1115 2282 1141 2302; x_wconf 91' lang='lat' dir='ltr'><strong>et</strong></span> <span class='ocrx_word' id='word_1_912' title='bbox 1152 2275 1248 2302; x_wconf 87' lang='lat' dir='ltr'><strong>ancilla</strong></span> <span class='ocrx_word' id='word_1_913' title='bbox 1264 2278 1319 2305; x_wconf 77' lang='lat' dir='ltr'><strong>tua,</strong></span> <span class='ocrx_word' id='word_1_914' title='bbox 1332 2278 1358 2300; x_wconf 84' lang='lat' dir='ltr'><strong>et</strong></span> <span class='ocrx_word' id='word_1_915' title='bbox 1370 2274 1450 2300; x_wconf 83' lang='lat' dir='ltr'><strong>vidua</strong></span> <span class='ocrx_word' id='word_1_916' title='bbox 1459 2274 1485 2300; x_wconf 91' lang='lat' dir='ltr'><strong>in</strong></span> <span class='ocrx_word' id='word_1_917' title='bbox 1502 2274 1561 2300; x_wconf 87' lang='lat' dir='ltr'><strong>loco</strong></span> <span class='ocrx_word' id='word_1_918' title='bbox 1570 2279 1761 2308; x_wconf 84' lang='lat' dir='ltr'><strong>quemcunque</strong></span> 
     </span>
    </p>
   </div>
   <div class='ocr_carea' id='block_1_106' title="bbox 978 2317 1762 2355">
    <p class='ocr_par' dir='ltr' id='par_1_106' title="bbox 978 2317 1762 2355">
     <span class='ocr_line' id='line_1_106' title="bbox 978 2317 1762 2355; baseline -0.008 -7"><span class='ocrx_word' id='word_1_919' title='bbox 978 2321 1088 2355; x_wconf 80' lang='lat' dir='ltr'><strong>elegerit</strong></span> <span class='ocrx_word' id='word_1_920' title='bbox 1101 2320 1231 2347; x_wconf 90' lang='lat' dir='ltr'><strong>Dominus</strong></span> <span class='ocrx_word' id='word_1_921' title='bbox 1251 2319 1321 2346; x_wconf 91' lang='lat' dir='ltr'><strong>Deus</strong></span> <span class='ocrx_word' id='word_1_922' title='bbox 1349 2325 1411 2346; x_wconf 86' lang='lat' dir='ltr'><strong>tuus</strong></span> <span class='ocrx_word' id='word_1_923' title='bbox 1431 2319 1482 2346; x_wconf 70' lang='lat' dir='ltr'><strong>si‘bi</strong></span> <span class='ocrx_word' id='word_1_924' title='bbox 1495 2319 1527 2345; x_wconf 89' lang='grc'><strong>¹⁷.</strong></span> <span class='ocrx_word' id='word_1_925' title='bbox 1547 2328 1555 2344; x_wconf 78' lang='grc' dir='ltr'><strong>ι</strong></span> <span class='ocrx_word' id='word_1_926' title='bbox 1586 2318 1652 2344; x_wconf 78' lang='lat' dir='ltr'><strong>Cum</strong></span> <span class='ocrx_word' id='word_1_927' title='bbox 1679 2317 1762 2352; x_wconf 85' lang='lat' dir='ltr'><strong>igitur</strong></span> 
     </span>
    </p>
   </div>
   <div class='ocr_carea' id='block_1_107' title="bbox 978 2362 1761 2398">
    <p class='ocr_par' dir='ltr' id='par_1_107' title="bbox 978 2362 1761 2398">
     <span class='ocr_line' id='line_1_107' title="bbox 978 2362 1761 2398; baseline -0.005 -7"><span class='ocrx_word' id='word_1_928' title='bbox 978 2372 1039 2392; x_wconf 88' lang='lat' dir='ltr'><strong>eum</strong></span> <span class='ocrx_word' id='word_1_929' title='bbox 1056 2366 1143 2391; x_wconf 89' lang='lat' dir='ltr'><strong>locum</strong></span> <span class='ocrx_word' id='word_1_930' title='bbox 1160 2369 1214 2391; x_wconf 89' lang='lat' dir='ltr'><strong>lam</strong></span> <span class='ocrx_word' id='word_1_931' title='bbox 1231 2364 1323 2390; x_wconf 89' lang='lat' dir='ltr'><strong>multis</strong></span> <span class='ocrx_word' id='word_1_932' title='bbox 1348 2363 1433 2398; x_wconf 85' lang='lat' dir='ltr'><strong>signis</strong></span> <span class='ocrx_word' id='word_1_933' title='bbox 1463 2363 1600 2393; x_wconf 77' lang='lat' dir='ltr'><strong>ostendat.</strong></span> <span class='ocrx_word' id='word_1_934' title='bbox 1625 2362 1761 2395; x_wconf 80' lang='lat' dir='ltr'><strong>totiesque</strong></span> 
     </span>
    </p>
   </div>
   <div class='ocr_carea' id='block_1_108' title="bbox 978 2408 1759 2443">
    <p class='ocr_par' dir='ltr' id='par_1_108' title="bbox 978 2408 1759 2443">
     <span class='ocr_line' id='line_1_108' title="bbox 978 2408 1759 2443; baseline -0.005 -7"><span class='ocrx_word' id='word_1_935' title='bbox 978 2411 1042 2438; x_wconf 90' lang='lat' dir='ltr'><strong>illuc</strong></span> <span class='ocrx_word' id='word_1_936' title='bbox 1054 2418 1114 2437; x_wconf 89' lang='lat' dir='ltr'><strong>cum</strong></span> <span class='ocrx_word' id='word_1_937' title='bbox 1131 2414 1188 2436; x_wconf 86' lang='lat' dir='ltr'><strong>toto</strong></span> <span class='ocrx_word' id='word_1_938' title='bbox 1202 2417 1301 2443; x_wconf 78' lang='lat' dir='ltr'><strong>genere</strong></span> <span class='ocrx_word' id='word_1_939' title='bbox 1315 2429 1323 2442; x_wconf 87' lang='lat'><strong>,</strong></span> <span class='ocrx_word' id='word_1_940' title='bbox 1336 2412 1447 2443; x_wconf 87' lang='lat' dir='ltr'><strong>totaque</strong></span> <span class='ocrx_word' id='word_1_941' title='bbox 1457 2409 1538 2436; x_wconf 86' lang='lat' dir='ltr'><strong>domo</strong></span> <span class='ocrx_word' id='word_1_942' title='bbox 1560 2408 1653 2435; x_wconf 86' lang='lat' dir='ltr'><strong>venire</strong></span> <span class='ocrx_word' id='word_1_943' title='bbox 1678 2415 1759 2441; x_wconf 83' lang='lat' dir='ltr'><strong>opor-</strong></span> 
     </span>
    </p>
   </div>
   <div class='ocr_carea' id='block_1_109' title="bbox 979 2452 1758 2491">
    <p class='ocr_par' dir='ltr' id='par_1_109' title="bbox 979 2452 1758 2491">
     <span class='ocr_line' id='line_1_109' title="bbox 979 2452 1758 2491; baseline -0.006 -8"><span class='ocrx_word' id='word_1_944' title='bbox 979 2462 1034 2484; x_wconf 85' lang='lat' dir='ltr'><strong>tere</strong></span> <span class='ocrx_word' id='word_1_945' title='bbox 1048 2456 1195 2491; x_wconf 65' lang='lat' dir='ltr'><strong>praacipiat,</strong></span> <span class='ocrx_word' id='word_1_946' title='bbox 1213 2455 1259 2490; x_wconf 86' lang='lat' dir='ltr'><strong>qui</strong></span> <span class='ocrx_word' id='word_1_947' title='bbox 1277 2455 1333 2482; x_wconf 85' lang='lat' dir='ltr'><strong>ﬁeri</strong></span> <span class='ocrx_word' id='word_1_948' title='bbox 1350 2458 1448 2489; x_wconf 86' lang='lat' dir='ltr'><strong>potest,</strong></span> <span class='ocrx_word' id='word_1_949' title='bbox 1463 2458 1491 2480; x_wconf 80' lang='lat' dir='ltr'><strong>ut</strong></span> <span class='ocrx_word' id='word_1_950' title='bbox 1504 2462 1534 2480; x_wconf 89' lang='lat' dir='ltr'><strong>ea</strong></span> <span class='ocrx_word' id='word_1_951' title='bbox 1547 2461 1607 2488; x_wconf 66' lang='lat' dir='ltr'><strong>quae</strong></span> <span class='ocrx_word' id='word_1_952' title='bbox 1618 2453 1695 2484; x_wconf 85' lang='lat' dir='ltr'><strong>dicit.</strong></span> <span class='ocrx_word' id='word_1_953' title='bbox 1717 2452 1758 2479; x_wconf 84' lang='lat' dir='ltr'><strong>vel</strong></span> 
     </span>
    </p>
   </div>
   <div class='ocr_carea' id='block_1_110' title="bbox 979 2497 1759 2536">
    <p class='ocr_par' dir='ltr' id='par_1_110' title="bbox 979 2497 1759 2536">
     <span class='ocr_line' id='line_1_110' title="bbox 979 2497 1759 2536; baseline -0.006 -7"><span class='ocrx_word' id='word_1_954' title='bbox 979 2503 1012 2529; x_wconf 84' lang='lat' dir='ltr'><strong>iis</strong></span> <span class='ocrx_word' id='word_1_955' title='bbox 1046 2502 1219 2533; x_wconf 87' lang='lat' dir='ltr'><strong>conveniant,</strong></span> <span class='ocrx_word' id='word_1_956' title='bbox 1244 2501 1290 2536; x_wconf 89' lang='lat' dir='ltr'><strong>qui</strong></span> <span class='ocrx_word' id='word_1_957' title='bbox 1312 2500 1386 2527; x_wconf 87' lang='lat' dir='ltr'><strong>brevi</strong></span> <span class='ocrx_word' id='word_1_958' title='bbox 1407 2500 1549 2526; x_wconf 81' lang='lat' dir='ltr'><strong>intervallo</strong></span> <span class='ocrx_word' id='word_1_959' title='bbox 1570 2507 1585 2525; x_wconf 72' lang='grc' dir='ltr'><strong>ιι</strong></span> <span class='ocrx_word' id='word_1_960' title='bbox 1600 2498 1694 2526; x_wconf 62' lang='lat' dir='ltr'><strong>Iudaea</strong></span> <span class='ocrx_word' id='word_1_961' title='bbox 1718 2497 1759 2524; x_wconf 81' lang='lat' dir='ltr'><strong>dl-</strong></span> 
     </span>
    </p>
   </div>
   <div class='ocr_carea' id='block_1_111' title="bbox 979 2547 1759 2583">
    <p class='ocr_par' dir='ltr' id='par_1_111' title="bbox 979 2547 1759 2583">
     <span class='ocr_line' id='line_1_111' title="bbox 979 2547 1759 2583; baseline -0.003 -7"><span class='ocrx_word' id='word_1_962' title='bbox 979 2553 1062 2582; x_wconf 85' lang='lat' dir='ltr'><strong>stant,</strong></span> <span class='ocrx_word' id='word_1_963' title='bbox 1082 2549 1180 2577; x_wconf 86' lang='lat' dir='ltr'><strong>nedum</strong></span> <span class='ocrx_word' id='word_1_964' title='bbox 1195 2549 1331 2583; x_wconf 81' lang='lat' dir='ltr'><strong>gentibus,</strong></span> <span class='ocrx_word' id='word_1_965' title='bbox 1348 2555 1408 2582; x_wconf 76' lang='lat' dir='ltr'><strong>quze</strong></span> <span class='ocrx_word' id='word_1_966' title='bbox 1425 2547 1451 2574; x_wconf 91' lang='lat' dir='ltr'><strong>in</strong></span> <span class='ocrx_word' id='word_1_967' title='bbox 1465 2552 1522 2574; x_wconf 92' lang='lat' dir='ltr'><strong>tolo</strong></span> <span class='ocrx_word' id='word_1_968' title='bbox 1537 2547 1600 2574; x_wconf 89' lang='lat' dir='ltr'><strong>orbe</strong></span> <span class='ocrx_word' id='word_1_969' title='bbox 1624 2551 1759 2574; x_wconf 86' lang='lat' dir='ltr'><strong>terrarum</strong></span> 
     </span>
    </p>
   </div>
   <div class='ocr_carea' id='block_1_112' title="bbox 978 2592 1761 2630">
    <p class='ocr_par' dir='ltr' id='par_1_112' title="bbox 978 2592 1761 2630">
     <span class='ocr_line' id='line_1_112' title="bbox 978 2592 1761 2630; baseline -0.005 -8"><span class='ocrx_word' id='word_1_970' title='bbox 978 2595 1075 2630; x_wconf 78' lang='lat' dir='ltr'><strong>(legere</strong></span> <span class='ocrx_word' id='word_1_971' title='bbox 1087 2594 1289 2629; x_wconf 80' lang='lat' dir='ltr'><strong>intelliguntur?</strong></span> <span class='ocrx_word' id='word_1_972' title='bbox 1304 2601 1336 2621; x_wconf 91' lang='lat' dir='ltr'><strong>eo</strong></span> <span class='ocrx_word' id='word_1_973' title='bbox 1349 2593 1435 2627; x_wconf 77' lang='lat' dir='ltr'><strong>magis</strong></span> <span class='ocrx_word' id='word_1_974' title='bbox 1448 2592 1519 2627; x_wconf 87' lang='lat' dir='ltr'><strong>quod</strong></span> <span class='ocrx_word' id='word_1_975' title='bbox 1534 2600 1567 2620; x_wconf 87' lang='lat' dir='ltr'><strong>ne</strong></span> <span class='ocrx_word' id='word_1_976' title='bbox 1579 2592 1685 2619; x_wconf 80' lang='lat' dir='ltr'><strong>veniam</strong></span> <span class='ocrx_word' id='word_1_977' title='bbox 1700 2592 1761 2627; x_wconf 86' lang='lat' dir='ltr'><strong>qui-</strong></span> 
     </span>
    </p>
   </div>
   <div class='ocr_carea' id='block_1_113' title="bbox 978 2640 1760 2675">
    <p class='ocr_par' dir='ltr' id='par_1_113' title="bbox 978 2640 1760 2675">
     <span class='ocr_line' id='line_1_113' title="bbox 978 2640 1760 2675; baseline -0.003 -7"><span class='ocrx_word' id='word_1_978' title='bbox 978 2642 1037 2668; x_wconf 83' lang='lat' dir='ltr'><strong>dem</strong></span> <span class='ocrx_word' id='word_1_979' title='bbox 1056 2642 1137 2668; x_wconf 87' lang='lat' dir='ltr'><strong>ullam</strong></span> <span class='ocrx_word' id='word_1_980' title='bbox 1152 2642 1246 2668; x_wconf 88' lang='lat' dir='ltr'><strong>tribuit</strong></span> <span class='ocrx_word' id='word_1_981' title='bbox 1271 2641 1304 2668; x_wconf 86' lang='lat' dir='ltr'><strong>iis</strong></span> <span class='ocrx_word' id='word_1_982' title='bbox 1328 2641 1375 2675; x_wconf 93' lang='lat' dir='ltr'><strong>qui</strong></span> <span class='ocrx_word' id='word_1_983' title='bbox 1404 2640 1558 2667; x_wconf 83' lang='lat' dir='ltr'><strong>transiliunt</strong></span> <span class='ocrx_word' id='word_1_984' title='bbox 1591 2648 1760 2675; x_wconf 70' lang='lat' dir='ltr'><strong>quzecunque</strong></span> 
     </span>
    </p>
   </div>
   <div class='ocr_carea' id='block_1_114' title="bbox 981 2685 1758 2723">
    <p class='ocr_par' dir='ltr' id='par_1_114' title="bbox 981 2685 1758 2723">
     <span class='ocr_line' id='line_1_114' title="bbox 981 2685 1758 2723; baseline -0.006 -9"><span class='ocrx_word' id='word_1_985' title='bbox 981 2688 1138 2723; x_wconf 75' lang='lat' dir='ltr'><strong>praescripta</strong></span> <span class='ocrx_word' id='word_1_986' title='bbox 1151 2691 1225 2720; x_wconf 88' lang='lat' dir='ltr'><strong>sunt,</strong></span> <span class='ocrx_word' id='word_1_987' title='bbox 1242 2694 1273 2713; x_wconf 82' lang='lat' dir='ltr'><strong>ac</strong></span> <span class='ocrx_word' id='word_1_988' title='bbox 1290 2687 1380 2721; x_wconf 87' lang='lat' dir='ltr'><strong>potius</strong></span> <span class='ocrx_word' id='word_1_989' title='bbox 1391 2685 1606 2712; x_wconf 83' lang='lat' dir='ltr'><strong>exsecrationem</strong></span> <span class='ocrx_word' id='word_1_990' title='bbox 1622 2685 1758 2714; x_wconf 63' lang='lat' dir='ltr'><strong>omnibus,</strong></span> 
     </span>
    </p>
   </div>
   <div class='ocr_carea' id='block_1_115' title="bbox 980 2731 1762 2770">
    <p class='ocr_par' dir='ltr' id='par_1_115' title="bbox 980 2731 1762 2770">
     <span class='ocr_line' id='line_1_115' title="bbox 980 2731 1762 2770; baseline -0.006 -8"><span class='ocrx_word' id='word_1_991' title='bbox 980 2736 1134 2770; x_wconf 84' lang='lat' dir='ltr'><strong>quicunque</strong></span> <span class='ocrx_word' id='word_1_992' title='bbox 1149 2742 1202 2761; x_wconf 86' lang='lat' dir='ltr'><strong>non</strong></span> <span class='ocrx_word' id='word_1_993' title='bbox 1219 2734 1329 2761; x_wconf 89' lang='lat' dir='ltr'><strong>omnino</strong></span> <span class='ocrx_word' id='word_1_994' title='bbox 1354 2733 1445 2759; x_wconf 85' lang='lat' dir='ltr'><strong>omnia</strong></span> <span class='ocrx_word' id='word_1_995' title='bbox 1462 2732 1639 2763; x_wconf 84' lang='lat' dir='ltr'><strong>servaverint,</strong></span> <span class='ocrx_word' id='word_1_996' title='bbox 1659 2731 1762 2758; x_wconf 83' lang='lat' dir='ltr'><strong>denun-</strong></span> 
     </span>
    </p>
   </div>
   <div class='ocr_carea' id='block_1_116' title="bbox 979 2778 1762 2813">
    <p class='ocr_par' dir='ltr' id='par_1_116' title="bbox 979 2778 1762 2813">
     <span class='ocr_line' id='line_1_116' title="bbox 979 2778 1762 2813; baseline -0.006 -5"><span class='ocrx_word' id='word_1_997' title='bbox 979 2782 1034 2811; x_wconf 73' lang='lat' dir='ltr'><strong>lict.</strong></span> <span class='ocrx_word' id='word_1_998' title='bbox 1050 2782 1082 2808; x_wconf 91' lang='lat' dir='ltr'><strong>ad</strong></span> <span class='ocrx_word' id='word_1_999' title='bbox 1099 2781 1209 2808; x_wconf 80' lang='lat' dir='ltr'><strong>verbum</strong></span> <span class='ocrx_word' id='word_1_1000' title='bbox 1223 2782 1261 2807; x_wconf 88' lang='lat' dir='ltr'><strong>sic</strong></span> <span class='ocrx_word' id='word_1_1001' title='bbox 1274 2780 1393 2807; x_wconf 78' lang='lat' dir='ltr'><strong>dicenS&#39;:</strong></span> <span class='ocrx_word' id='word_1_1002' title='bbox 1409 2787 1418 2803; x_wconf 81' lang='grc' dir='ltr'><strong>ι</strong></span> <span class='ocrx_word' id='word_1_1003' title='bbox 1438 2778 1620 2806; x_wconf 83' lang='lat' dir='ltr'><strong>Exsecrabilis</strong></span> <span class='ocrx_word' id='word_1_1004' title='bbox 1646 2778 1762 2813; x_wconf 78' lang='lat' dir='ltr'><strong>quicun-</strong></span> 
     </span>
    </p>
   </div>
   <div class='ocr_carea' id='block_1_117' title="bbox 1290 2878 1762 2908">
    <p class='ocr_par' dir='ltr' id='par_1_117' title="bbox 1290 2878 1762 2908">
     <span class='ocr_line' id='line_1_117' title="bbox 1290 2878 1762 2908; baseline -0.006 0"><span class='ocrx_word' id='word_1_1005' title='bbox 1290 2881 1313 2898; x_wconf 88' lang='lat'>&quot;</span> <span class='ocrx_word' id='word_1_1006' title='bbox 1330 2879 1398 2908; x_wconf 81' lang='lat' dir='ltr'><strong>Ibid.</strong></span> <span class='ocrx_word' id='word_1_1007' title='bbox 1417 2879 1480 2907; x_wconf 79' lang='lat'><strong>5-7.</strong></span> <span class='ocrx_word' id='word_1_1008' title='bbox 1535 2879 1559 2896; x_wconf 79' lang='grc'><strong>’⁸</strong></span> <span class='ocrx_word' id='word_1_1009' title='bbox 1577 2878 1644 2907; x_wconf 82' lang='lat' dir='ltr'><strong>Ibid.</strong></span> <span class='ocrx_word' id='word_1_1010' title='bbox 1684 2879 1762 2907; x_wconf 80' lang='lat' dir='ltr'><strong>9-H.</strong></span> 
     </span>
    </p>
   </div>
  </div>
