2053 3218
286 181 322 210 55

603 176 738 207 ιυδιεθιι
757 172 998 204 CESARIENSIS
1013 171 1074 200 OPP

1125 168 1199 197 'ABS
1218 168 1252 196 ll.
1271 161 1306 188 —’—
1324 166 1577 195 APOLOGETICA.

1873 166 1907 194 56

286 247 340 275 que
353 246 409 266 non
419 237 529 266 steterit
543 236 671 265 omnibus
687 243 747 272 qua
761 236 789 263 in
809 235 862 262 hac
886 234 945 269 lege
969 232 1070 267 scripta

1125 229 1175 256 τῶν
1196 226 1411 263 ἁμαρτημάτων,
1425 225 1481 252 ικαὶ
1500 226 1635 261 τιμωρίας
1655 224 1775 261 περιθεὶς
1800 224 1908 258 ἑκάστῳ

287 288 362 317 sunt,
390 289 421 313 ut
451 284 534 312 faciat
560 290 602 311 ea.
624 292 635 309 ι
660 281 850 316 Contemplare
872 278 969 307 deinde
990 285 1073 313 quam

289 338 386 358 omnes
399 330 472 357 vires
484 329 620 356 humanas
634 331 773 362 superent,
792 326 905 360 llerique
933 323 1008 350 nulla
1032 330 1075 350 ra-

291 378 364 405 tione
376 376 492 411 possint,
507 383 569 410 qua
580 375 608 401 in
623 375 682 408 lege
693 373 774 400 ltlosis
791 372 878 407 posita
891 374 966 398 sunt.
981 369 1073 404 Siqui-

289 423 350 450 dem
363 423 408 450 ubi
423 422 548 450 distinxit
560 428 620 455 quae
634 419 788 447 voluntaria
811 422 934 453 peccata,
960 422 1073 451 quaeque

289 468 407 496 difficilia
422 471 487 496 sunt
509 472 535 495 et
551 474 646 502 ptenas
663 465 810 499 unicuique
827 471 922 490 eorum
938 462 1071 496 adjunxit,

290 521 350 548 quae
362 513 479 540 maximo
494 512 627 547 supplicio
643 510 724 545 digna
740 512 815 541 sunt,
836 512 894 535 tum
908 515 973 534 vero
1000 506 1073 541 leges

289 557 378 591 ponit,
392 557 493 592 quibus
507 557 559 583 alia
583 555 703 590 quadam
729 554 836 580 ratione
860 560 908 580 eos
935 552 1000 579 item
1026 551 1073 585 qui

291 603 367 631 ittviti
384 602 566 637 peccaverint,
575 603 730 633 convertat;
757 605 872 633 quarum
899 604 952 633 una
965 596 1073 631 quidem

290 650 331 677 sic
342 657 372 677 se
384 649 484 676 habet:
503 658 513 674 ‹
534 648 563 675 Si
578 649 668 675 anima
681 654 734 674 una
748 645 902 680 peccaverit
923 645 1020 672 nolens
1039 652 1072 671 ex

290 695 392 732 populo
402 699 494 727 terrae,
514 695 579 722 dum
594 694 659 721 facit
680 701 765 721 unum
777 701 810 720 ex
824 692 951 720 omnibus
971 699 1072 727 przece-

290 741 344 775 ptis
360 740 479 772 Domini,
496 740 540 767 vel
554 740 619 767 dum
635 746 691 766 non
705 739 780 769 facit.
797 742 824 766 et
847 741 952 773 peccat,
978 737 1074 773 cogni-

289 790 402 821 tumque
416 786 469 820 ipsi
486 785 568 813 fuerit
582 789 733 820 peccatum,
743 784 816 819 quod
838 784 970 819 peccavit,
993 787 1019 811 et
1033 783 1074 811 of-

290 831 360 858 feret
369 838 468 858 munus
478 837 558 857 suum
572 837 680 865 capram
695 830 850 857 anniculam
861 829 1072 860 immaculatam,

290 875 317 902 id
333 875 428 903 oil'eret
443 883 493 910 pro
507 879 620 910 peccato
636 882 685 902 suo
704 874 776 909 quod
804 874 936 909 peccavit.
963 874 991 901 in
1015 874 1074 901 loco

1123 273 1177 301 τῶν
1195 272 1326 308 μεγίστης
1348 271 1484 302 κολάσεως
1506 270 1600 303 ἀξίων,
1612 271 1709 306 νόμους
1723 270 1824 306 τίθησι,
1846 269 1907 296 καθ’

1123 319 1170 352 οὓς
1189 319 1273 355 ἑτέρῳ
1287 318 1379 354 τρόπῳ
1393 317 1440 343 καὶ
1455 316 1517 348 τοὺς
1534 316 1668 348 ἀκουσίως
1683 315 1908 351 πλημμελοῦντας

1124 364 1297 399 ἐπιστρέφει·
1316 359 1352 388 ὧν
1369 363 1383 388 ὁ
1401 361 1449 396 μὲν
1464 360 1550 392 οὕτως
1565 360 1621 395 ἔχει
1634 369 1640 374 ·
1662 370 1671 386 ‹
1694 361 1755 387 Ἐὰν
1770 360 1842 395 ψυχὴ
1859 360 1908 395 μία

1124 410 1234 445 ἁμάρτῃ
1249 409 1381 439 ἀκουσίως
1395 409 1427 434 ἐκ
1441 407 1487 433 τοῦ
1505 406 1569 433 λαοῦ
1584 407 1632 441 τῆς
1645 405 1707 441 γῆς,
1729 407 1757 432 ἐν
1772 406 1810 441 τῷ
1827 406 1907 440 ποιῆ-

1125 464 1168 482 σαι
1198 455 1262 490 μίαν
1287 453 1340 480 ἀπὸ
1366 453 1459 480 πασῶν
1484 452 1537 478 τῶν
1563 451 1676 478 ἐντολῶν
1693 452 1806 486 Κυρίου,
1831 452 1847 487 ἢ
1876 453 1907 478 οὐ

1124 500 1309 535 ποιηϐήσεται,
1328 499 1374 525 καὶ
1393 498 1585 533 πλημμελήσῃ,
1604 498 1651 523 καὶ
1672 497 1779 533 γνωσθῇ
1803 497 1877 533 αὐτῷ
1890 499 1907 533 ή

1124 545 1245 581 ἁμαρτία
1261 545 1294 580 ἦν
1306 545 1436 579 ἥμαρτεν,
1448 543 1494 569 καὶ
1504 537 1571 569 οἴσει
1586 543 1670 578 δῶρον
1681 542 1761 568 αὑτοῦ
1774 542 1906 577 χίμαιραν

1124 592 1154 625 ἐξ
1177 592 1262 626 αἰγῶν
1278 591 1402 627 ἄμωμον,
1418 590 1529 625 θήλειαν
1543 589 1608 616 οἴσει
1624 590 1686 624 περὶ
1700 589 1749 624 τῆς
1769 589 1907 625 ἁμαρτίας

1124 639 1205 666 αὑτοῦ
1224 637 1257 674 ἦς
1272 639 1405 674 ἥμαρτεν,
1421 639 1449 664 ὲν
1465 638 1503 673 τῷ
1517 637 1591 672 τόπῳ
1610 634 1639 663 οὗ
1654 637 1785 671 σφάζουσι
1800 637 1834 662 τὰ
1849 636 1916 663 ὁλο-,

1124 684 1301 720 καυτώματα,
1314 685 1360 711 καὶ
1374 683 1486 720 λήψεται
1504 684 1518 709 ὁ
1535 684 1624 719 ἱερεὺς
1635 682 1688 708 ἀπὸ
1700 682 1744 709 τοῦ
1757 682 1882 717 αἵματος.
1895 693 1904 707 ι

1125 731 1176 757 Καὶ
1188 731 1238 767 ὅρα
1255 740 1287 765 γε
1303 730 1340 761 ὡς
1353 731 1399 757 καὶ
1413 729 1530 756 ἐνταῦθα
1549 729 1593 755 τὸν
1611 728 1762 755 πταίσαντα
1783 736 1809 754 τι
1832 727 1910 764 παρά
1953 723 1957 727 ”

1125 776 1236 811 γνώμην
1253 777 1281 803 ὲν
1294 776 1333 811 τῷ
1351 776 1426 811 τόπῳ
1449 776 1503 802 δεῖν
1517 776 1650 810 ἀπαντᾷν,
1667 771 1696 800 οὗ
1725 773 1855 808 σφάζουσι
1873 773 1908 799 τὰ

1114 815 1345 856 ’ὁλοκαυτώματω
1365 818 1448 853 οὗτος
1472 821 1500 847 δὲ
1519 817 1563 856 ἦν,
1581 817 1611 847 οὗ
1631 820 1673 846 διὰ
1699 820 1832 846 πλείστων
1855 819 1906 854 ἥδη

1126 866 1256 902 πρότερον
1273 866 1404 902 ἐμνήσθη,
1425 866 1519 900 λέγων·
1540 874 1549 890 ‹
1572 866 1619 892 Ὃν
1643 865 1676 891 ἂν
1696 865 1837 899 ἐκλέξηται
1852 864 1910 890 Κύ-

291 920 338 947 ubi
352 924 473 947 mactant
489 919 635 952 sacrificia,
655 923 683 947 et
697 919 812 954 accipiet
825 920 954 947 sacerdos
970 919 1003 946 de
1011 927 1074 946 san-

1127 923 1182 949 ριος
1197 915 1210 940 ὁ
1226 914 1290 945 Θεός
1314 922 1369 939 σου.
1395 923 1404 939 ι
1428 913 1513 939 Τοῦτο
1536 912 1559 938 δ’
1579 912 1620 938 ὅτι
1644 912 1681 947 μὴ
1705 911 1815 938 δυνατὸν
1838 911 1908 946 πρὸς

290 966 372 1000 guine
388 966 420 992 ³⁸.
433 975 441 992 )
450 966 483 993 Et
492 972 558 993 sane
566 965 708 992 considera
718 965 944 1000 quemadmodum
955 964 998 991 hic
1008 972 1076 999 quo-

291 1020 345 1047 que
360 1019 421 1039 eum
433 1011 481 1046 qui
496 1011 654 1046 imprudens
663 1011 825 1045 peccaverit,
844 1010 877 1037 ad
896 1011 984 1037 locum
1001 1010 1076 1036 veni-

291 1066 321 1085 re
335 1061 468 1092 oporteat.
489 1058 536 1084 ubi
553 1060 672 1084 mactant
702 1057 845 1084 sacrificia.
866 1055 892 1083 ls
907 1059 996 1084 autem
1021 1060 1074 1088 est,

290 1103 324 1131 de
337 1110 392 1138 quo
406 1102 499 1129 multis
517 1102 607 1129 verbis
620 1101 782 1136 jampridem
813 1101 936 1128 meminit
959 1101 1051 1128 dicens
1067 1109 1073 1126 :

293 1159 302 1175 ε
319 1149 513 1184 Quemcunque
537 1149 649 1183 elegerit
674 1147 806 1174 Dominus
832 1147 903 1175 Deus
927 1151 991 1175 tuus
1014 1148 1045 1174 ’⁸.
1064 1157 1073 1172 ι

289 1193 368 1230 Quod
390 1195 498 1230 quidem
524 1203 586 1222 cttm
613 1194 647 1221 ab
668 1195 807 1228 omnibus,
829 1195 984 1229 quicunque
1012 1198 1076 1222 sunt

290 1242 318 1268 in
335 1245 408 1268 terra
432 1240 589 1268 hominibus
606 1241 686 1275 plane
710 1240 778 1268 effici
807 1249 861 1267 non
889 1248 985 1275 posse,
1018 1240 1076 1275 ipse

290 1295 399 1322 quoque
431 1291 525 1314 auctor
552 1287 618 1322 legis
645 1287 763 1320 videret;
792 1292 849 1314 tum
875 1287 1018 1321 perspicue
1039 1286 1077 1313 si-

291 1332 428 1368 gnificavit
458 1332 541 1367 legem
573 1332 705 1359 inducens
733 1341 786 1360 non
817 1332 921 1359 inﬁnite
946 1332 1076 1358 adversus

291 1386 398 1410 omnes,
416 1377 463 1405 sed
477 1378 609 1412 adjiciens
621 1388 628 1406 :
639 1377 668 1405 Si
685 1378 775 1405 anima
789 1378 942 1412 peccaverit
969 1377 1074 1408 nolens,

291 1431 323 1450 ex
342 1423 441 1458 populo
464 1427 543 1450 terra:
556 1423 589 1450 ³ο.
610 1433 618 1449 ι
644 1423 763 1450 Alteram
791 1431 853 1450 vero
881 1423 964 1458 legem
987 1422 1073 1458 ponit.

290 1477 352 1504 quze
368 1470 408 1496 sic
423 1469 524 1496 habet:
541 1479 550 1495 ι
572 1469 688 1505 ἀρυοιί
705 1470 726 1496 si
742 1469 833 1496 anima
853 1470 970 1496 audierit
981 1477 1075 1497 vocem

289 1514 480 1549 jttriajurandi,
508 1519 590 1549 atque
609 1515 652 1541 ltic
667 1515 745 1542 testis
766 1519 813 1541 aut
824 1515 920 1541 viderit
940 1519 987 1541 aut
1008 1523 1075 1542 con.

291 1561 365 1588 scius
381 1561 478 1594 fuerit;
503 1561 527 1588 si
554 1569 607 1588 non
627 1561 797 1593 indicaverit,
825 1565 964 1596 peccatum
985 1561 1074 1588 susci-

1125 958 1319 986 ἁπάντωντῶν
1344 958 1390 984 ἐπὶ
1412 958 1463 992 γῆς
1488 957 1638 993 ἀνθρώπων
1658 956 1836 987 ἐκτελεῖσθαι,
1862 957 1909 982 καὶ

1126 1005 1205 1037 αὐτὸς
1220 1006 1234 1031 ὀ
1250 1005 1398 1040 νομοθέτης
1423 1002 1544 1035 συνιδὼν,
1567 1002 1687 1038 ἀκριϐῶς
1710 1003 1908 1038 ὲττισημήνατο,

1125 1051 1175 1077 οὐκ
1190 1051 1323 1086 ἀορίστως
1346 1049 1416 1076 κατά
1433 1049 1540 1075 πάντων
1563 1047 1727 1084 προαγαγὼν
1747 1047 1792 1074 τὸν
1815 1048 1908 1083 νόμον,

1125 1097 1183 1124 ἀλλ’
1203 1096 1332 1123 ἐπειπών·
1355 1105 1363 1121 (
1377 1095 1437 1122 Ἐὰν
1452 1094 1524 1130 ψυχὴ
1538 1094 1647 1130 ἁμάρτῃ
1660 1093 1793 1125 ἀκουσίως
1808 1093 1839 1118 ἐκ
1861 1093 1910 1119 τοῦ

1125 1143 1189 1170 λαοῦ
1206 1144 1255 1178 τῆς
1271 1143 1333 1178 γῆς.
1354 1153 1362 1168 ι
1382 1143 1437 1169 Καὶ
1452 1142 1576 1177 δεύτερον
1594 1141 1622 1167 δὲ
1639 1141 1719 1176 νόμον
1734 1140 1849 1176 τίθησιν,
1864 1140 1911 1166 οὖ-

1125 1199 1178 1222 τως
1192 1190 1303 1225 ἔχοντα·
1323 1200 1331 1215 ε
1353 1189 1415 1215 Ἐὰν
1425 1189 1452 1215 δὲ
1463 1188 1534 1224 ψυχὴ
1544 1188 1648 1224 ἀκούσῃ
1661 1187 1750 1222 φωνὴν
1765 1186 1909 1221 ὀρκισμοῦ,

1126 1237 1172 1262 καὶ
1197 1233 1272 1267 οὗτος
1299 1235 1434 1271 μάρτυςῆ
1455 1235 1585 1270 ἑώρακεν,
1652 1234 1780 1264 σύνοιδεν,
1806 1233 1853 1259 ἐὰν
1872 1233 1910 1268 μὴ

1126 1282 1288 1318 ἀπαγγείλῃ,
1304 1282 1418 1317 λήψεται
1430 1282 1480 1315 τὴν
1494 1280 1641 1315 ἁμαρτίαν.
1657 1289 1666 1305 ι
1679 1280 1711 1306 Τί
1724 1277 1769 1306 οὖν
1786 1279 1837 1314 χρὴ
1848 1278 1911 1304 τοῦ-

1126 1337 1171 1354 τον
1196 1330 1292 1360 ποιεῖν,
1307 1328 1364 1354 ἀλλ’
1380 1328 1396 1363 ἦ
1412 1327 1527 1354 λαϐόντα
1549 1327 1617 1362 μετὰ
1637 1327 1730 1361 χεῖρας
1747 1325 1776 1350 τὸ
1801 1325 1910 1359 ἱερεῖον,

1128 1374 1251 1401 σπεύδειν
1268 1376 1313 1401 ἐπὶ
1326 1374 1360 1400 τά
1377 1373 1528 1410 καθάρσια;
1546 1373 1600 1399 Ποῦ
1615 1373 1705 1403 πάλιν,
1725 1371 1780 1397 ἀλλ’
1796 1370 1812 1405 ἦ
1830 1372 1857 1395 ὲν
1871 1369 1910 1404 τῷ

1125 1421 1209 1456 τόπῳ,
1226 1417 1256 1447 οὗ
1282 1419 1412 1454 σφάζουσι
1432 1419 1467 1445 τὰ
1487 1419 1717 1453 ὁλοκαυτώματα;
1744 1417 1799 1443 Καὶ
1820 1415 1910 1451 τρίτον

1128 1466 1222 1492 πάλιν·
1244 1475 1252 1491 ι
1280 1466 1359 1500 Ψυχὴ
1373 1486 1380 1496 ,
1412 1465 1512 1500 φησὶν,
1543 1465 1603 1500 ἥτις
1627 1465 1659 1491 ἂν
1682 1463 1782 1498 ἅψηται
1809 1461 1909 1493 παντὸς

1126 1510 1285 1546 πράγματος
1298 1510 1461 1545 ἀκαθάρτου,
1484 1510 1500 1545 ἢ
1520 1510 1572 1536 τῶν
1588 1509 1754 1544 Ονησιμαίων
1774 1508 1827 1533 τῶν
1843 1516 1910 1542 κτη-

1126 1557 1178 1583 νῶν
1192 1556 1243 1583 τῶν
1259 1556 1429 1591 ἀκαθάρτων,
1450 1557 1496 1582 καὶ
1511 1556 1579 1591 λάϐῃ
1594 1556 1640 1582 ἀπ’
1657 1555 1748 1587 αὑτοῦ,
1767 1555 1813 1580 καὶ
1831 1554 1911 1584 αὐτὸς

290 1607 390 1641 plet".
413 1616 422 1632 ›
438 1606 574 1640 Quidnam
590 1607 671 1642 igitur
685 1607 757 1633 aliud
783 1607 855 1633 hunc
883 1606 972 1633 facere
998 1614 1074 1641 opor-

1129 1603 1287 1638 μεμίανται,
1306 1603 1352 1628 καὶ
1373 1601 1554 1637 πλημμελήσῃ
1613 1601 1713 1635 ἅψηται
1739 1598 1910 1633 ἀκαθαρσίας

290 1657 356 1684 teat.
372 1661 452 1688 quam
469 1657 576 1686 sumpta
594 1653 622 1679 in
639 1660 736 1679 ntanus
752 1653 850 1684 hostia,
872 1660 986 1686 propere
999 1652 1075 1679 abire

291 1699 326 1726 ad
341 1699 523 1733 expiandum?
542 1699 586 1725 ιιὺὶ
602 1706 684 1733 porro
711 1698 841 1733 expiabit,
860 1698 910 1726 nisi
923 1699 949 1725 in
963 1698 1022 1725 loco
1048 1699 1075 1725 in

291 1753 345 1780 quo
363 1749 484 1772 mactant
499 1746 652 1772 sacrificia?
668 1746 773 1772 tertiam
787 1753 894 1780 quoque
914 1744 977 1771 dum
1007 1745 1075 1772 scri-

289 1793 340 1823 bit,
358 1801 368 1818 ‹
385 1792 493 1823 Anima,
510 1792 609 1826 inquit,
626 1801 686 1827 quae
701 1792 819 1826 tetigerit
834 1791 941 1825 quidvis
958 1792 1076 1818 immun—

289 1836 364 1866 dum.
381 1837 439 1863 sive
454 1844 514 1870 quae
528 1837 619 1864 occisa
634 1837 734 1864 fuerint
747 1837 780 1863 de
798 1837 943 1871 pecoribus
957 1837 1076 1864 immun-

291 1883 344 1913 dis,
366 1887 394 1909 et
414 1884 561 1918 sumpserit
577 1891 609 1910 ex
625 1892 668 1914 eo,
685 1884 742 1918 ipse
757 1884 876 1918 pollutus
895 1888 948 1915 est,
965 1888 991 1910 et
1013 1891 1076 1918 pec-

290 1928 376 1959 cabit,
390 1930 413 1955 si
434 1929 554 1962 attigerit
578 1928 777 1955 immunditiam
808 1928 927 1955 hominis
948 1936 979 1955 ex
1001 1928 1074 1955 ontni

292 1973 464 2000 immnnditia
482 1974 550 2007 ejus,
581 1981 660 2007 quam
675 1973 737 2007 quis
753 1973 887 2008 attingens
900 1974 981 2008 pollui
996 1974 1074 2006 solet,

292 2023 319 2045 et
329 2019 429 2046 oblitus
444 2018 535 2049 fuerit,
555 2023 581 2045 et
599 2022 691 2052 postea
704 2018 860 2052 cognoverit
889 2023 915 2045 et
946 2026 1072 2052 peccave-

292 2065 328 2092 rit
346 2065 378 2092 ".
395 2075 405 2090 ι
426 2065 495 2099 Ergo
513 2065 576 2099 quid
593 2064 700 2091 tandem
720 2064 792 2090 hunc
805 2065 885 2091 etiam
902 2065 948 2099 qui
965 2065 1000 2092 sit
1014 2065 1074 2099 pol-

293 2110 368 2137 intus
384 2110 472 2137 facere
487 2110 641 2141 conveniet,
656 2110 710 2136 nisi
728 2118 824 2137 rursus
848 2110 881 2137 ad
914 2110 1002 2139 locum
1030 2119 1075 2138 ve-

293 2156 352 2183 nire
364 2159 391 2183 et
405 2155 502 2183 offerre
517 2163 565 2190 pro
582 2159 692 2190 peccato
706 2163 756 2182 suo
779 2157 851 2190 quod
873 2157 1003 2190 peceavit,
1029 2160 1076 2183 aut

292 2209 381 2234 ovem,
397 2206 444 2228 aut
458 2209 566 2236 agnam,
580 2207 627 2228 aut
641 2210 750 2236 capram
769 2202 922 2228 anniculam
937 2202 1006 2228 rite?
1024 2202 1076 2228 Ea-

293 2247 354 2274 dem
375 2255 439 2274 vero
455 2247 497 2274 lex
513 2250 555 2274 est
568 2247 650 2273 etiam
674 2247 707 2274 de
730 2247 819 2273 anima
847 2254 907 2281 qure
932 2246 1074 2280 juraverit,

293 2293 357 2320 dum
372 2293 438 2327 ipsis
462 2293 540 2319 labiis
556 2293 699 2327 distinguit
719 2293 761 2319 vel
785 2293 855 2320 tnale
873 2300 902 2319 se
929 2292 1074 2325 facturam,

293 2338 335 2366 vel
351 2338 430 2370 bene,
446 2338 595 2365 secundum
620 2339 711 2365 omnia
737 2346 905 2373 qumcunque
934 2339 1076 2365 enuntiare

294 2385 362 2411 solet
378 2384 459 2411 homo
469 2391 530 2410 cutn
545 2383 733 2417 jurejurando,
761 2387 787 2410 et
810 2384 911 2410 oblitus
939 2384 1028 2415 fuerit,
1049 2387 1076 2410 et

294 2429 365 2456 idem
380 2433 442 2463 post
456 2429 623 2463 cognoverit,
648 2432 674 2455 et
692 2429 843 2463 peccaverit
868 2436 951 2455 unum
973 2428 1076 2463 aliquid

294 2482 327 2501 ex
351 2474 396 2506 iis,
417 2477 444 2501 et
469 2473 620 2508 prodiderit
651 2478 790 2508 peccaturo
820 2473 893 2507 quod
921 2473 1043 2507 peccavit
1066 2481 1073 2500 :

298 2529 307 2545 ι
327 2521 407 2547 etiam
425 2520 480 2552 ltic,
494 2519 592 2554 inquit,
607 2519 701 2546 eadem
714 2523 821 2554 sumpta
846 2519 944 2550 hostia,
969 2518 1077 2546 festinet

295 2565 328 2591 ad
343 2565 444 2596 locum,
457 2569 483 2592 et
496 2565 585 2591 orabit
599 2571 647 2598 pro
662 2564 721 2598 ipso
744 2563 882 2595 sacerdos,
908 2568 935 2590 et
965 2566 1076 2597 peccato

296 2606 393 2640 ipsius,
411 2612 438 2633 et
449 2608 601 2635 dimittetur
619 2607 643 2634 ei
659 2612 801 2642 peccatum
814 2607 847 2634 ³³.
863 2617 873 2632 ›
891 2606 950 2633 Alia
965 2610 1076 2641 praeter-

295 2659 328 2679 ea
344 2656 386 2679 est
399 2652 441 2678 lux
453 2660 573 2680 seorsum
592 2653 626 2680 ab
643 2654 693 2684 eis.
709 2661 770 2688 qua:
783 2654 911 2687 expositae
926 2658 999 2684 sunt,
1018 2661 1077 2688 qua:

297 2698 324 2725 in
337 2698 407 2724 ltuttc
421 2698 475 2725 (Ere
491 2699 599 2725 modum
615 2699 766 2734 pncscribit
785 2708 791 2725 :
807 2707 815 2723 ι
829 2698 925 2725 Anima
941 2707 999 2733 (tum
1009 2698 1078 2726 obli-

297 2744 377 2770 vione
388 2743 471 2770 oblita
491 2743 581 2776 fuerit,
595 2749 622 2771 et
634 2744 792 2780 imprudens
810 2744 962 2779 peccaverit
991 2745 1017 2771 in
1045 2745 1077 2771 iis

297 2797 357 2824 quae
368 2792 461 2816 sancta
486 2794 550 2816 sunt
574 2790 690 2821 Domini,
706 2790 809 2825 offeret
833 2790 946 2818 Dontino
966 2793 1077 2817 arietem

332 2880 354 2896 ”
374 2879 457 2907 Levit.
479 2889 513 2913 tv,
534 2880 628 2907 2750.
679 2884 701 2899 ’³
720 2882 800 2911 Num.
822 2892 876 2911 xvi.
899 2884 923 2912 Τ.

962 2883 984 2900 ³⁸
1003 2883 1089 2911 Levit.

1126 1648 1279 1684 ἀνῡρώπου,
1297 1648 1350 1674 ἀπὸ
1366 1648 1454 1682 πάσης
1467 1646 1634 1681 ἀκαθαρσίας
1651 1645 1733 1672 αὐτοῦ
1746 1644 1780 1681 ἦς
1793 1645 1825 1671 ἂν
1841 1644 1911 1678 ἀψά-

1128 1703 1205 1729 μενος
1222 1693 1331 1729 μιανθῇ,
1351 1693 1397 1719 καὶ
1414 1693 1506 1719 ἕλαῦεν
1521 1693 1610 1723 αὑτὸν,
1631 1692 1698 1727 μετὰ
1714 1691 1791 1718 τοῦτο
1803 1691 1825 1716 δ’
1841 1691 1911 1724 ἔγνω

1126 1742 1173 1767 καὶ
1194 1740 1388 1776 πλημμελήσῃ.
1411 1750 1420 1765 ι
1450 1740 1482 1765 Τί
1505 1740 1536 1774 δὴ
1558 1737 1604 1766 οὖν
1624 1740 1669 1766 καὶ
1692 1739 1736 1765 τὸν
1765 1738 1910 1773 μιανΟέντσ.

1126 1788 1262 1823 προσῆκον
1279 1787 1312 1823 ἦν
1332 1789 1428 1817 ποιεῖν,
1452 1786 1508 1813 ἀλλ’
1534 1787 1549 1821 ἢ
1568 1787 1697 1821 ἀπαντᾷν,
1717 1786 1796 1812 πάλιν
1818 1787 1846 1811 ἐν
1872 1785 1910 1819 τῷ

1125 1830 1210 1864 τόπῳ,
1225 1831 1271 1857 καὶ
1291 1830 1456 1865 προσφέρειν
1471 1829 1534 1865 περὶ
1555 1829 1603 1863 τῆς
1628 1829 1763 1864 ἁμαρτίας
1780 1827 1860 1855 αὑτοῦ
1877 1825 1910 1863 ἧς

1125 1876 1242 1910 ἥμαρτε,
1255 1875 1320 1911 Οῆλυ
1334 1876 1387 1902 ἀπὸ
1400 1875 1451 1901 τῶν
1463 1875 1614 1911 προϐάτων,
1630 1874 1645 1909 ἣ
1660 1874 1775 1909 ἀμνάδα,
1822 1874 1911 1908 χίμαι-

1127 1930 1175 1957 ραν
1238 1922 1331 1955 αἰγῶν,
1347 1922 1410 1956 περὶ
1427 1921 1580 1956 ἀμαρτίας;
1603 1921 1631 1946 ’0
1647 1920 1668 1945 δ’
1684 1920 1763 1950 αὐτὸς
1781 1917 1814 1954 ἦν
1830 1920 1911 1953 νόμος

1126 1969 1173 1994 καὶ
1184 1969 1230 1994 ἐπὶ
1244 1968 1332 2003 ψυχῆς
1345 1968 1361 2003 ἢ
1377 1967 1408 1994 ἂν
1424 1968 1510 2003 ὀμόσῃ
1524 1966 1714 1993 διαστέλλουσα
1728 1968 1782 1996 τοῖς
1797 1966 1909 2000 χείλεσι,

1127 2014 1317 2049 κακοποιῆσαι,
1338 2014 1354 2048 ἢ
1374 2013 1463 2044 καλῶς
1479 2013 1589 2047 ποιῆσαι
1611 2011 1681 2038 κατά
1698 2011 1785 2037 πάντα
1807 2012 1857 2037 ὅσα
1877 2011 1910 2037 ἂν

1125 2059 1260 2095 διαστείλῃ
1275 2059 1417 2093 ἄνθρωπος
1436 2058 1494 2093 μεῦ*
1510 2058 1657 2093 ὅρκου,κα¹ι
1674 2057 1742 2092 λάϐῃ
1760 2057 1850 2089 αὐτὸν,
1865 2057 1913 2083 καίι

1126 2102 1201 2137 οὗτος
1217 2105 1273 2140 γνῴ
1284 2106 1330 2131 καὶ
1341 2105 1451 2140 ἁμάρτῃ
1463 2104 1490 2130 ἓν
1500 2113 1552 2130 τινι
1564 2104 1676 2134 τούτων,
1690 2104 1736 2130 καὶ
1744 2102 1911 2140 ἐξαγορεύσῃ

1126 2152 1175 2187 τὴν
1201 2150 1338 2186 ἁμαρτίαν
1363 2151 1426 2185 περὶ
1442 2148 1475 2185 ἦς
1494 2150 1611 2184 ἥμαρτε,
1637 2158 1646 2174 ι
1665 2150 1711 2176 καὶ
1736 2147 1811 2179 οὗτος
1834 2148 1910 2183 δῆτα,

1127 2198 1218 2232 φησὶν,
1249 2197 1279 2223 τδ
1301 2196 1367 2223 αὐτὸ
1392 2195 1480 2222 λαϐὼν
1507 2197 1624 2231 ἱερεῖον,
1662 2194 1799 2221 σπευδέτω
1821 2195 1850 2220 ἐν
1874 2193 1913 2228 ’ιῷ

1127 2244 1210 2278 τόπῳ,
1229 2243 1274 2269 καὶ
1291 2242 1441 2274 ὲξιλάοεται
1460 2242 1524 2277 περὶ
1539 2242 1620 2268 αὑτοῦ
1642 2242 1655 2267 ὁ
1680 2241 1767 2277 ἱερεὺς
1784 2241 1847 2275 περὶ
1863 2240 1913 2274 τῆς

1129 2288 1265 2323 ἁμαρτίας
1281 2288 1373 2320 αὐτοῦ,
1391 2288 1437 2314 καὶ
1455 2288 1620 2322 ἀφεθήσεται
1632 2287 1733 2322 αὑτῴἡ
1751 2286 1881 2321 ἁμαρτία.
1901 2296 1909 2310 ι

1129 2335 1183 2361 Καὶ
1196 2335 1273 2365 ἄλλος
1287 2335 1361 2370 παρά
1373 2335 1434 2365 τοὺς
1448 2334 1607 2369 εἰρημένους
1621 2333 1701 2367 νόμος
1716 2330 1767 2358 ὧδέ
1779 2341 1815 2367 πη
1830 2331 1912 2367 διορί-

1129 2381 1179 2412 ζει’
1208 2390 1216 2405 ι
1245 2381 1325 2415 Ψυχὴ
1346 2381 1363 2415 ἢ
1382 2381 1414 2407 ἂν
1435 2380 1503 2415 λάθῃ
1528 2379 1607 2405 αὐτὸν
1631 2378 1711 2415 λήθῃ,
1735 2378 1780 2405 καὶ
1803 2378 1915 2414 ἁμάρτῃ

1129 2426 1263 2457 ἀκουσίως
1279 2426 1333 2453 ἀπὸ
1348 2426 1401 2452 τῶν
1417 2427 1501 2460 ἁγίων
1517 2425 1629 2460 Κυρίου,
1647 2425 1693 2451 καὶ
1709 2424 1817 2450 εἰσοίσει
1837 2424 1913 2460 κριὸν

1129 2471 1179 2506 τῆς
1196 2471 1383 2506 πλημμελείας
1404 2471 1484 2497 αὑτοῦ
1507 2470 1545 2505 τῷ
1568 2470 1677 2505 Κυρίῳ·
1700 2471 1766 2496 οἴσει
1790 2470 1817 2496 δὲ
1833 2470 1914 2496 πάλιν

1129 2516 1204 2552 παρά
1219 2517 1264 2543 τὸν
1289 2517 1429 2552 ἀρχιερέα,
1445 2518 1473 2543 ὲν
1487 2516 1525 2551 τῷ
1546 2516 1620 2551 τόπῳ
1643 2516 1743 2551 δηλαδὴ
1763 2515 1800 2550 τῷ
1815 2516 1914 2547 ἐξειλε-

1128 2562 1230 2597 γμένῳ.
1252 2572 1260 2588 ι
1285 2563 1340 2588 Καὶ
1368 2562 1445 2588 ἕκτον
1468 2561 1496 2587 δὲ
1516 2561 1596 2596 νόμον
1618 2561 1719 2593 τούτοις
1743 2561 1915 2596 προστίῧησι.

1129 2607 1225 2641 λέγων·
1255 2617 1264 2633 ι
1290 2607 1370 2642 Ψυχὴ
1388 2607 1419 2634 ἂν
1443 2608 1563 2644 ἁμάρτῃ,
1589 2609 1635 2634 καὶ
1656 2608 1756 2642 ποιήσῃ
1783 2607 1845 2642 μίαν
1860 2607 1914 2633 ἀπὸ

1132 2653 1226 2680 πασῶν
1239 2653 1293 2679 τῶν
1309 2653 1433 2686 ἐντολῶν,
1451 2649 1487 2679 ὧν
1503 2654 1532 2679 οὐ
1547 2654 1587 2679 δεῖ
1601 2655 1696 2685 ποιεῖν,
1713 2653 1759 2679 καὶ
1772 2654 1822 2678 οὐκ
1833 2652 1914 2686 ἔγνω,

1131 2700 1177 2725 καὶ
1193 2699 1386 2735 πλημμελήσῃ,
1403 2700 1449 2726 καὶ
1463 2699 1531 2734 λάϐῃ
1546 2700 1593 2734 τὴν
1605 2700 1742 2735 ἀμαρτιαν
1758 2700 1851 2732 αὑτοῦ,
1869 2700 1914 2726 καὶ

1131 2746 1198 2772 οἴσει
1217 2745 1297 2772 πάλιν
1314 2745 1389 2780 κριὸν
1402 2745 1441 2780 τῷ
1461 2746 1594 2781 ἀρχιερεῖ,
1610 2746 1657 2771 καὶ
1677 2745 1829 2777 ἐξιλάσετσιι
1850 2746 1914 2781 περὶ

1132 2790 1214 2817 αὑτοῦ
1231 2792 1244 2816 ὁ
1262 2791 1359 2825 ἱερεὺς,
1377 2791 1439 2825 περὶ
1455 2791 1504 2826 τῆς
1517 2792 1629 2825 ἀγνοίας
1642 2791 1723 2818 αὑτοῦ
1740 2786 1772 2826 ἧς
1786 2792 1913 2826 ἠγνόησε.

1112 2883 1213 2924 ινηῖῚ.
1253 2883 1271 2899 ³¹
1294 2882 1379 2911 Levit.
1400 2892 1425 2916 γ,
1448 2884 1471 2910 Ι.
1511 2883 1534 2898 ¹¹
1553 2882 1620 2909 ibid.
1642 2882 1669 2913 2,
1689 2882 1715 2908 5.
1754 2881 1776 2897 ³³
1796 2880 1862 2919 ιι)δά
1887 2883 1914 2911 α.
