2053 3218
154 186 188 214 ’ὁΊ
611 186 942 215 DEMONSTRATIONIS
963 187 1195 217 EVANGELICE
1215 189 1280 217 LIB.
1301 191 1324 219 Ι.
1763 195 1797 222 38

160 245 205 274 καὶ
215 241 290 276 οὗτος
305 245 359 272 οὐκ
376 246 450 283 ᾔδει,
471 248 517 274 καὶ
534 246 698 283 ἀφεθήσεται
714 247 798 283 αὐτῷ.
816 257 824 274 ι
845 248 915 285 Ἤδη
930 248 946 275 δ

1010 255 1060 283 pro
1072 254 1184 284 peccato
1196 257 1247 278 suo
1262 251 1284 266 “
1296 260 1305 284 ;
1327 261 1336 278 ν
1356 251 1451 279 ofleret
1465 255 1557 280 autem
1567 259 1665 281 rursus
1681 253 1715 280 ad
1724 252 1795 282 Pon-

162 292 269 328 ισδομόν
284 300 365 328 φησι·
388 302 398 320 ι
417 293 498 329 Ψυχὴ
513 293 546 321 ἂν
559 294 680 330 ἁμάρτῃ,
696 295 743 321 καὶ
754 293 874 330 παριδὼν
884 303 957 331 παρ-

167 339 206 376 ίδῃ
229 338 277 370 τὰς
300 338 416 370 ἐντολὰς
436 339 550 375 Κυρίου,
579 340 628 366 καὶ
648 339 782 375 ψεύσηται
812 341 881 376 πρὸς
911 341 957 367 τὸν

166 384 275 420 πλησίον
291 384 379 411 αὑτοῦ
394 386 423 411 ὲν
445 385 676 421 παρακαταθήκῃ,
694 386 758 420 περὶ
779 387 923 418 κοινωνίας
939 387 956 422 ἢ

166 431 301 468 ἁρπαγῆς,
323 430 340 465 ἢ
357 430 472 466 ἠδίκησέ
494 440 520 457 τι
537 431 583 457 τὸν
600 431 725 467 πλησίον,
747 431 763 468 ἢ
780 429 858 467 εὗρεν
879 432 956 459 ἀπώ-

164 477 249 510 λειαν,
269 477 316 504 καὶ
332 478 469 514 ψεύσηται
489 479 553 515 περὶ
567 479 663 514 αὐτῆς,
683 479 731 505 καὶ
751 480 838 516 ὀμόσῃ
855 480 956 512 ἀδίκως

166 524 232 560 περὶ
251 523 309 555 ἐνὸς
328 524 383 550 ἀπὸ
407 524 516 551 πάντων
540 521 577 551 ὧν
601 524 650 551 ἐὰν
675 526 778 562 ποιήσῃ
801 525 954 562 ἄνθρωπος,

165 569 236 596 ὥστε
261 570 395 605 ἁμαρτεῖν
420 571 448 597 ἐν
472 570 587 602 τούτοις,
610 570 657 597 καὶ
681 571 764 606 ἡνίκα
787 570 820 598 ἂν
843 572 954 608 ἁμάρτῃ

165 617 212 644 καὶ
241 616 426 653 πλημμελήσῃ
449 617 498 644 καὶ
523 617 615 652 ἀποδῷ
647 617 679 643 τὸ
707 618 843 654 ἅρπαγμα
867 618 881 644 ὃ
906 619 955 654 ἦρ-

163 671 261 696 πασεν,
290 664 308 699 ἢ
340 663 369 690 τὸ
399 663 520 699 ἀδίκημα
553 663 568 690 6
594 664 732 700 ἠδίκησεν,
756 666 839 701 ἢτὴν
855 674 955 702 -παρα-

163 709 331 745 καταθήκην,
353 710 412 745 ἥτις
435 709 570 746 παρετέθη
603 710 687 746 αὐτῷ,
711 711 727 746 ἦ
748 711 795 746 τὴν
817 710 953 738 ἀπώλειαν

161 756 196 792 ἢν
215 753 304 792 εὗρεν,
337 757 390 783 ἀπὸ
409 756 510 788 παντὸς
539 756 701 792 πράγματος
733 754 763 784 οὗ
782 757 872 792 ὤμοσε
891 758 953 794 πιερὶ⁸

161 803 246 829 αὑτοῦ
277 802 394 835 ἀδίκως,
422 802 468 829 καὶ
492 803 614 830 ἀποτίσει
646 802 711 830 αὐτὸ
744 804 775 830 τὸ
807 804 953 838 κεφάλαιον

160 849 209 876 καὶ
231 849 263 876 τὸ
288 849 468 884 ὲπίπεμπτον.
490 858 499 875 ›
518 849 617 885 Ἐχρῆν
636 849 659 875 δ’
681 849 713 876 ἂν
728 849 797 884 μετὰ
812 849 842 876 τὸ
859 849 953 884 ἐξαγο-

160 894 258 931 ρεῦσαι
270 894 300 921 τὸ
323 894 485 931 ἁμάρτημα,
505 894 552 922 καὶ
574 895 643 931 μετὰ
661 895 691 922 τὸ
713 896 850 927 ἀποτῖσαι,
869 896 951 922 σπεύ-

1007 293 1120 327 tificem,
1136 295 1163 322 in
1175 297 1236 324 loco
1248 297 1375 325 videlicet
1389 297 1423 324 de
1436 297 1600 332 quodictum
1614 302 1666 326 est.
1685 298 1794 326 Sextan-

1008 347 1116 375 quoque
1133 341 1219 376 legem
1241 343 1379 378 prioribus
1391 343 1516 378 adjungit
1528 343 1572 371 his
1587 345 1674 372 verbis
1687 354 1694 372 :
1707 353 1717 370 ί
1730 344 1797 371 Ani-

1008 393 1052 412 ma
1068 386 1090 413 si
1108 388 1262 421 peccaverit
1275 392 1302 415 et
1317 388 1412 416 fecerit
1421 389 1553 417 adversus
1566 398 1651 417 unum
1659 397 1692 417 ex
1707 391 1795 417 omni-

1006 431 1058 459 bus
1073 433 1225 467 praeceptis,
1245 434 1348 469 aliquid
1372 442 1478 467 eorum,
1490 443 1550 471 quae
1561 443 1616 463 non
1630 439 1737 472 oportet
1755 435 1796 462 fa-

1005 484 1077 509 cere,
1094 481 1121 505 et
1134 487 1188 506 non
1203 480 1372 515 cognoverit,
1400 485 1426 509 et
1451 481 1608 517 deliquerit,
1634 487 1661 511 et
1681 491 1794 519 accepe-

1005 522 1042 549 rit
1057 528 1197 558 peccatum
1213 533 1305 558 suum,
1321 534 1419 555 rursus
1427 527 1521 556 offeret
1539 527 1664 556 Pontiﬁci
1680 529 1792 556 arietem

1004 574 1032 597 et
1047 571 1137 598 orabit
1153 579 1202 606 pro
1225 572 1284 607 ipso
1312 574 1454 607 sacerdos,
1480 582 1530 610 pro
1555 575 1709 610 ignorantia
1732 576 1793 610 ejus

1004 626 1086 653 quam
1104 619 1250 654 ignoravit,
1266 625 1292 648 et
1305 621 1350 648 hic
1368 622 1426 656 ipse
1441 629 1496 649 non
1514 623 1599 656 novit,
1630 627 1658 651 et
1671 623 1793 651 dimitte—

1004 667 1050 690 tur
1068 664 1093 691 ei
1109 664 1142 692 ³⁵.
1161 674 1170 690 ι
1189 665 1338 701 Septimam
1358 666 1423 694 item
1443 668 1541 696 scribit
1554 668 1639 704 legem
1658 668 1711 696 hoc
1736 676 1792 696 mo-

1003 709 1171 738 donAnima
1186 712 1208 738 si
1224 712 1389 747 peccaverit,
1398 717 1425 740 et
1433 719 1611 742 contemnens
1623 717 1792 749 contempse-

1003 757 1040 784 rit
1054 762 1186 792 praecepta
1203 756 1346 786 Domini'et
1355 760 1468 787 mentita
1483 760 1564 787 fuerit
1588 760 1712 796 proximo
1739 768 1790 788 suo

1003 805 1030 831 in
1046 805 1182 840 deposito,
1196 805 1453 834 communicationis
1467 814 1514 834 aut
1528 807 1630 842 rapina:
1642 815 1735 840 causa,
1746 808 1789 835 vel

1003 851 1104 886 injuria
1119 852 1211 886 aliqua
1225 852 1345 880 atl'eeerit
1360 853 1515 888 proximum
1530 855 1632 887 suum,‘
1644 855 1685 882 vel
1711 855 1788 882 inve-

1002 897 1073 924 nerit
1090 905 1146 924 rem
1166 898 1310 932 perditam,
1326 905 1358 926 ac
1373 898 1406 926 de
1429 906 1461 926 ea
1478 899 1535 934 ipse
1559 899 1671 927 mentita
1695 899 1787 931 fuerit,

157 940 215 968 δεῖν
232 940 324 974 πάλιν,
341 941 431 968 πάντα
447 940 642 976 ὑπερθέμενον,
658 942 698 972 είς
712 941 757 967 τὸν
776 941 856 967 τόπον
875 941 903 968 6v
920 941 946 968 ai

1003 947 1031 970 et
1061 943 1194 978 juraverit
1227 944 1320 979 inique
1348 952 1399 979 pro
1425 952 1479 972 uno
1498 953 1531 973 ex
1561 946 1688 973 omnibus
1715 953 1789 981 quae-

158 986 301 1022 ὲκλέξηται
317 987 419 1022 Κύριος
441 988 456 1013 6
478 987 553 1020 Θεὸς,
577 987 624 1013 καὶ
649 986 812 1022 προσφέρειν
831 995 863 1021 γε
884 987 948 1022 περ).

156 1032 207 1068 τῆς
220 1032 410 1068 πλημμελείας
426 1033 501 1068 κριὸν
513 1033 627 1068 ἄμωμον
637 1041 643 1048 ·
659 1031 706 1058 καὶ
720 1032 873 1064 ὲξιλάσεται
885 1033 948 1068 περ)⁸

157 1079 241 1106 αὐτοῦ
255 1081 270 1106 6
287 1080 375 1116 ἱερεὺς
389 1080 478 1107 ἔναντι
491 1080 605 1116 Κυρίου,
621 1079 667 1106 καὶ
680 1079 848 1115 ἀφηθήσεται
861 1079 944 1114 αὐτῷ.

157 1124 251 1152 Ταῦτα
267 1127 315 1152 καὶ
332 1126 395 1161 περ)⁴
411 1125 495 1152 τῶνδε
518 1127 532 1152 ὁ
556 1125 705 1161 Θαυμάσιος
727 1125 856 1160 Μωῡσῆς,
884 1125 947 1160 περί

156 1180 186 1198 τε
205 1171 262 1203 τῶν
283 1172 417 1204 ἀκουσίως
435 1172 643 1208 ἡμαρτηκότων,
664 1172 711 1198 καί
728 1172 792 1208 περὶ
811 1171 864 1198 τῶν
886 1172 946 1198 κατ’

156 1218 279 1253 ἄγνοιαν,
296 1217 508 1254 ὲξηκριὸώσατο,
530 1218 670 1255 πόρρωθεν
698 1218 751 1244 τῶν
780 1217 850 1245 κατὰ
879 1227 946 1254 προ-

156 1264 262 1300 αίρεσιν
279 1264 530 1300 πλημμελημάτων,
554 1265 597 1299 ἐφ’
611 1262 651 1296 οἷς
677 1265 723 1290 κα¹ι
745 1264 947 1300 ἀπαραιτήτους

154 1311 240 1347 ὁρίζει
263 1311 398 1347 τιμωρίας
418 1311 482 1342 τοὺς
501 1312 617 1343 οἰκείους
638 1311 816 1338 ἀναστέλλων.
836 1311 864 1337 '0
892 1311 946 1346 γὰρ

154 1357 202 1384 ἐπὶ
218 1358 274 1389 τοῖς
291 1356 430 1388 ὰκουσίοις
448 1357 485 1392 μὴ
510 1357 641 1393 πρότερον
655 1357 750 1392 νείμας
772 1357 944 1394 συγγνώμην,

153 1403 171 1438 ἦ
187 1402 366 1438 ἐξαγορεῦσαι
378 1402 409 1429 τὸ
424 1403 583 1438 ἁμάρτημα,
599 1403 716 1429 κᾶπειτα
732 1402 826 1438 ὥσπερ
845 1403 945 1438 μικρὰν

153 1448 289 1485 τιμωρίαν
305 1449 348 1475 διὰ
364 1448 415 1484 τῆς
428 1449 667 1485 προστεταγμένης
687 1449 781 1480 θυσίας
798 1449 945 1485 εἰσπραξά-

155 1503 236 1529 μενος
252 1495 297 1521 τὸν
313 1495 501 1531 ἡμαρτηκότα,
516 1495 559 1521 διὰ
572 1503 601 1521 τε
623 1495 673 1529 τῆς
685 1495 730 1521 ἐπὶ
745 1495 789 1521 τὸν
806 1495 886 1529 ἁγνὸν
899 1495 944 1521 τό-

153 1549 205 1568 πον
220 1541 372 1577 ἀμλλήτου
389 1541 502 1577 πορείας
517 1541 565 1577 τὴν
582 1541 698 1576 σπουδὴν
715 1540 780 1576 ὁμοῦ
797 1541 842 1568 καὶ
858 1541 887 1567 τὸ
902 1541 945 1568 εὖ·

152 1588 235 1620 λαϐὲς
247 1588 382 1620 ἐπιτείνας
393 1587 447 1615 τῶν
463 1589 521 1615 κατ’
539 1588 620 1614 αὐτὸν
637 1587 771 1614 θεοσεϐεῖν
786 1587 944 1625 προῃρημέ-

1002 996 1110 1024 cunque
1140 989 1204 1017 facit
1230 990 1312 1018 homo
1327 1011 1334 1023 ,
1368 995 1395 1018 et
1415 997 1510 1026 peccat
1530 1001 1536 1019 :
1565 995 1592 1018 et
1609 992 1789 1026 quandocun—

1001 1043 1054 1069 que
1079 1037 1233 1070 peccaverit
1259 1045 1290 1064 ae
1317 1037 1473 1072 deliquerit,
1505 1042 1533 1065 et
1555 1039 1708 1066 restituerit
1729 1046 1789 1066 rem

1001 1088 1082 1115 quam
1100 1081 1221 1115 abstulit,
1241 1085 1287 1108 aut
1305 1083 1411 1117 injuria:
1426 1091 1440 1110 a
1454 1091 1484 1110 se
1496 1084 1585 1116 illam,
1612 1084 1787 1118 satisfecerit,

1001 1126 1026 1161 5
1036 1131 1082 1153 aut
1097 1126 1252 1161 depositum
1266 1128 1339 1162 quod
1354 1136 1410 1156 sua:
1425 1129 1673 1157 fideicommissum
1688 1130 1788 1164 fuerat,

1001 1172 1160 1206 reddiderit,
1179 1178 1225 1200 aut
1242 1182 1298 1201 rem
1314 1175 1447 1208 perditam
1463 1183 1544 1210 quam
1558 1176 1670 1208 invenit,
1680 1184 1714 1203 ex
1729 1184 1785 1204 om-

1000 1219 1028 1246 ni
1041 1227 1070 1246 re
1086 1227 1135 1254 pro
1147 1227 1199 1254 qua
1216 1220 1308 1255 inique
1322 1221 1425 1255 juravit
1439 1222 1525 1249 solvet
1550 1222 1638 1256 ipsum
1650 1225 1746 1254 totum,
1760 1226 1788 1250 et

999 1265 1059 1300 ejus
1076 1266 1188 1301 insuper
1201 1267 1324 1302 quintam
1347 1272 1452 1302 partem
1466 1268 1515 1295 ³⁸.)
1525 1268 1657 1296 Cteterum
1676 1273 1786 1304 oporten

999 1310 1046 1338 bat
1072 1316 1216 1346 postquam
1239 1312 1397 1347 prodiderat
1430 1317 1574 1348 peccatum
1598 1321 1630 1342 ac
1656 1315 1785 1348 solverat,

999 1361 1127 1384 omnibus
1144 1358 1260 1393 negotiis
1275 1359 1439 1393 posthabitis
1454 1367 1579 1394 propere,
1605 1361 1680 1388 abire
1697 1361 1731 1388 ad
1744 1361 1785 1389 lo-

999 1409 1072 1434 cum,
1097 1410 1176 1437 quem
1203 1404 1322 1439 elegerat
1342 1403 1476 1432 Dominus
1489 1405 1572 1438 Deus,
1587 1410 1614 1433 et
1626 1407 1723 1434 oderre
1737 1414 1788 1442 pro

999 1448 1099 1475 delicto
1114 1449 1227 1476 arietem
1253 1449 1467 1481 immaculatum.
1490 1456 1516 1478 et
1533 1451 1573 1478 sic
1596 1460 1675 1480 orare
1692 1460 1787 1487 proco

999 1495 1167 1522 sacerdotem
1184 1496 1253 1530 apud
1269 1496 1424 1527 Dominum,
1438 1500 1464 1523 et
1477 1497 1575 1524 dimitti
1589 1498 1624 1526 ei.
1643 1498 1705 1526 Haec
1718 1507 1785 1527 sane

998 1539 1087 1568 Moses
1101 1541 1145 1568 ille
1162 1541 1339 1569 admirandus
1351 1546 1406 1569 tam
1420 1543 1453 1570 de
1469 1543 1502 1570 iis
1515 1543 1562 1578 qui
1581 1544 1658 1571 inviti
1689 1553 1786 1580 pecea-

998 1587 1096 1618 verint,
1113 1595 1192 1622 quain
1206 1588 1239 1614 de
1257 1588 1289 1616 iis
1300 1588 1345 1623 qui
1359 1597 1408 1624 per
1423 1589 1614 1623 ignorantiam,
1629 1591 1783 1626 diligentis-

151 1643 216 1666 νων,
234 1634 292 1666 πῶς
311 1635 370 1670 οὐχὶ
385 1634 440 1661 τῶν
455 1635 586 1666 ἑκουσίως
604 1635 748 1670 δρωμένων
764 1635 831 1661 πολὺ
847 1635 944 1670 πρότε-

997 1634 1066 1660 sitne
1089 1636 1216 1661 tractavit
1236 1643 1358 1663 seorsum
1382 1636 1416 1663 ab
1430 1636 1463 1663 iis
1478 1644 1538 1671 quae
1558 1637 1710 1664 voluntarie
1723 1645 1784 1673 pec-

153 1690 200 1717 ρον
220 1682 327 1716 ἐπίσχοι
351 1681 384 1708 ἂν
409 1682 458 1713 τὰς
482 1682 588 1717 ὀρμάς;
609 1681 641 1708 Τί
661 1681 692 1717 δὴ
708 1679 753 1708 οὖν
773 1682 841 1717 πρὸς
859 1681 944 1708 ταῦτα

153 1728 357 1762 συλλογίζεσθαι
373 1728 453 1763 χρῆν.
471 1727 514 1754 ὅτε
539 1728 582 1763 δὴ,
602 1727 639 1759 ὡς
668 1729 783 1763 εἴρηται,
806 1736 944 1762 συγκεφα-

151 1773 312 1810 λαιούμενος
329 1774 364 1801 τὰ
379 1775 467 1801 πάντα
480 1776 493 1801 6
510 1775 628 1810 Μωϋσῆς
650 1775 822 1810 ἐπισκήπτει,
840 1773 941 1808 λέγων·

154 1830 164 1846 ε
191 1821 407 1856 Ἐπικατάρατος
424 1822 476 1852 πᾶς
495 1821 524 1852 ὃς
545 1821 594 1847 οὐκ
615 1822 728 1856 ἐμμενεῖ
752 1822 780 1847 ἐν
801 1821 867 1847 πᾶσι
888 1822 943 1852 τοῖς

153 1867 389 1903 ἐγγεγραμμένοις
418 1867 463 1894 τοῦ
492 1867 590 1903 νόμου,
615 1866 662 1893 τοῦ
693 1866 803 1901 ποιῆσαι
831 1867 909 1898 add;
931 1876 941 1892 ι

151 1911 224 1949 Ἀρα
236 1913 288 1949 γὰρ
304 1914 367 1945 τοὺς
380 1914 412 1940 ἐκ
425 1913 548 1949 περάτων
560 1913 611 1949 γῆς
624 1913 769 1948 μέλλοντας
783 1913 852 1939 κατὰ
867 1914 943 1939 Maii)-

153 1959 202 1986 σέα
218 1959 364 1991 θεοσεσεῖν,
378 1959 416 1991 ὡς
432 1959 464 1985 ἂν
478 1959 589 1994 φύγοιεν
608 1959 656 1994 μὲι
674 1958 722 1994 τὴν
747 1958 878 1994 κατάραν,
898 1957 944 1984 τύ-

151 2013 224 2041 χοιεν
237 2005 266 2032 δὲ
281 2005 330 2040 τῆς
349 2005 556 2040 ἐπηγγελμένης
576 2005 644 2041 πρὸς
659 2005 704 2031 τὸν
727 2004 851 2040 Ἀϐραὰμ
869 2004 943 2030 εὐλο-

151 2051 222 2085 γίας,
240 2051 327 2078 ταῦτα
351 2051 440 2077 πάντα
461 2051 530 2086 χρῆν
549 2051 689 2086 πράττειν,
714 2051 760 2077 καὶ
784 2050 874 2086 τρίτον
896 2050 942 2076 τοῦ

152 2097 228 2128 ἔτους
241 2096 364 2131 ἀπαντᾷν
379 2096 418 2127 εἰς
435 2096 468 2122 τά
491 2095 678 2131 Ἰεροσόλυμα,
697 2096 743 2122 καὶ
763 2095 812 2126 τὰς
829 2096 861 2121 ἐκ
877 2096 943 2122 πάν-

151 2150 204 2168 των
215 2142 244 2168 δὲ
257 2142 311 2168 τῶν
325 2141 410 2169 ὲθνῶν
426 2141 561 2168 θεοσεόεῖν
574 2141 791 2178 προκεκριμένας
801 2143 940 2175 γυναῖκας,

152 2189 213 2224 ᾶρτι
225 2188 312 2215 τόκων
326 2189 374 2215 καὶ
393 2187 494 2215 ὠδίνων
509 2188 696 2223 παυσαμένοις,
712 2187 845 2222 τοσαύτην
865 2188 941 2214 στέλ-

152 2235 244 2262 λεσθαι
272 2235 394 2270 πορείαν,
423 2233 461 2266 ὡς
488 2234 520 2260 ἂν
549 2233 597 2269 τὴν
625 2233 863 2269 προσ-τεταγμένην
891 2233 942 2260 ὑπὺ

152 2281 289 2313 Μωῦσέως
307 2281 403 2308 θυσίαν
424 2280 466 2316 ἐφ’
489 2281 597 2315 ἑκάστῳ
621 2280 675 2306 τῶν
698 2280 873 2315 γεννωμένων
893 2281 941 2306 ἀν-

996 1686 1103 1713 cantur,
1114 1682 1213 1716 quibus
1225 1682 1305 1708 etiam
1321 1682 1500 1710 inexorabiles
1516 1683 1617 1717 irrogat
1634 1690 1739 1717 poenas.
1754 1686 1785 1710 ut

996 1736 1060 1755 suos
1082 1728 1119 1754 ita
1140 1728 1264 1755 cohibeat
1280 1747 1287 1759 .
1317 1735 1348 1754 ac
1379 1728 1507 1756 refrenet.
1540 1727 1591 1761 Qui
1617 1730 1690 1755 enim
1722 1729 1757 1757 iis
1773 1749 1782 1762 ,

994 1775 1129 1810 quiinvili
1153 1775 1325 1809 peccaverint
1356 1783 1409 1802 non
1436 1775 1512 1810 prius
1540 1776 1645 1802 veniam
1674 1776 1781 1808 tribuit,

995 1828 1076 1855 quam
1095 1825 1234 1855 peceatum
1260 1820 1491 1850 annuntiaverint.
1517 1827 1548 1846 ac
1565 1819 1662 1846 deinde
1686 1820 1712 1846 ei
1734 1820 1782 1855 qui

994 1868 1116 1903 peccavit
1132 1868 1211 1902 quasi
1226 1868 1310 1894 levem
1323 1874 1430 1901 poenam
1448 1874 1497 1900 per
1512 1867 1643 1894 indictum
1658 1866 1723 1893 illud
1737 1874 1783 1894 sa-

995 1914 1126 1941 criiicintu
1143 1914 1253 1948 irrogal,
1268 1918 1293 1940 et
1310 1920 1356 1948 per
1371 1914 1555 1952 accessionem
1574 1913 1634 1940 sine
1654 1920 1729 1940 mora
1747 1912 1781 1941 ad

993 1958 1083 1986 loctttn
1097 1964 1231 1990 sanctum,
1246 1959 1366 1986 studium
1383 1959 1463 1986 sinnn
1479 1965 1504 1985 et
1518 1959 1673 1993 religionem
1686 1967 1780 1986 eorum

994 2005 1120 2036 intendit,
1137 2005 1182 2039 qtti
1198 2014 1227 2032 se
1242 2005 1393 2032 auctorein
1411 2005 1502 2032 divino
1526 2006 1601 2032 cultu
1627 2006 1666 2032 uti
1684 2006 1779 2037 velint,

994 2051 1039 2086 qui
1053 2051 1109 2078 lieri
1128 2055 1217 2086 potest
1236 2056 1263 2077 ut
1286 2058 1341 2077 non
1363 2051 1448 2077 inulto
1466 2051 1540 2085 prius
1561 2051 1593 2078 ab
1608 2051 1713 2086 iisquae
1737 2059 1780 2079 vo-

994 2097 1111 2124 luntarie
1126 2097 1343 2128 committuntur,
1360 2097 1512 2124 cohibuerit
1526 2097 1660 2132 appetitus
1677 2098 1688 2124 ?
1708 2097 1780 2130 Quid

993 2143 1026 2169 ad
1039 2144 1096 2170 base
1113 2143 1390 2178 igitur-argumentari
1406 2147 1524 2177 oportet,
1535 2143 1654 2177 qmuido,
1674 2147 1704 2170 ut
1718 2144 1778 2171 dic-

993 2192 1050 2215 tum
1064 2193 1116 2220 est,
1133 2191 1230 2215 cuncta
1245 2188 1370 2223 redigcns
1384 2187 1410 2214 in
1423 2195 1555 2214 summam
1569 2187 1667 2220 Moses,
1677 2189 1717 2215 sic
1728 2189 1779 2215 im—

994 2234 1144 2268 precatur?
1158 2243 1166 2258 ι
1185 2233 1367 2260 Exsccrabilis
1382 2233 1472 2260 omnis
1491 2234 1646 2268 quicunque
1657 2243 1710 2260 non
1727 2238 1780 2262 ste-

994 2281 1055 2307 terit
1072 2280 1210 2311 omnibus,
1229 2287 1288 2314 quae
1303 2279 1330 2306 in
1347 2279 1404 2314 lege
1434 2279 1534 2314 scripta
1561 2283 1635 2311 sunt,
1652 2284 1681 2306 ut
1698 2280 1778 2308 faciat

153 2328 309 2362 ενέγκαιεν;
329 2327 346 2362 ἤ
368 2328 431 2358 τοὺς
449 2325 638 2361 ἐφαψαμένους
661 2325 756 2361 νεκροῦ
776 2325 910 2361 σώματος,
926 2325 942 2361 ἦ

997 2334 1027 2353 ea
1061 2326 1082 2341 ³⁷
1123 2335 1144 2354 ι.
1167 2325 1237 2360 Ergo
1262 2325 1343 2352 etiam
1366 2325 1393 2352 in
1419 2326 1548 2352 extremis
1573 2330 1652 2353 terrae
1678 2326 1778 2354 ﬁnibus

151 2375 211 2406 τοὺς
224 2374 351 2410 ἐπίορκον
365 2372 555 2408 ὀμωμοκότας,
570 2371 587 2407 ἦ
602 2372 664 2403 τοὺς
674 2371 800 2398 ἀκούσιόν
811 2380 836 2398 τι
850 2371 940 2406 δεδρα-

150 2421 232 2452 κότας
246 2421 277 2446 ἐκ
293 2419 420 2454 περάτων
430 2419 481 2454 γῆς
494 2418 581 2453 ἥκειν,
594 2417 699 2454 τρέχειν
711 2426 740 2443 τε
755 2417 802 2444 καὶ
814 2417 939 2444 σπεύδειν

150 2469 196 2494 ἐπὶ
217 2467 263 2494 τὸν
283 2465 530 2501 νενομοθετημένον
551 2464 732 2499 καθαρισμὸν,
751 2464 789 2495 ὡς
806 2464 838 2491 ἂν
855 2463 938 2498 ἐκφύ-

149 2522 222 2548 γοιεν
246 2513 296 2549 τὴν
313 2513 363 2547 τῆς
381 2511 503 2546 κατάρας
524 2510 689 2545 ὲπίσκηψιν;
714 2509 793 2536 Ἀλλὰ
815 2510 939 2545 συνορᾷς,

148 2559 185 2592 ὡς
199 2559 246 2586 καὶ
260 2559 352 2590 αὺτοῖς
369 2559 425 2590 τοῖς
441 2557 511 2593 ἀμφὶ
528 2557 561 2584 τὰ
584 2556 756 2592 Ἰεροσόλυμα
772 2555 937 2588 κατοικοῦσι,

148 2605 194 2632 καί
211 2606 256 2631 ἐπὶ
266 2604 352 2640 μόνης
358 2604 408 2639 τῆς
424 2603 552 2634 Ἰουδαίας
559 2602 608 2634 τὰς
619 2601 758 2638 διατριϐὰς
769 2600 939 2636 ποιουμένοις

146 2651 162 2676 6
176 2651 246 2677 κατὰ
261 2650 382 2678 Μωῡσὲα
401 2648 457 2684 βίος
470 2648 691 2684 δυσκατόρθωτος
703 2645 747 2683 ἦν’
764 2648 828 2683 μήτι
847 2656 878 2681 γε
893 2647 938 2673 δυ-

147 2697 224 2728 νατὸς
238 2694 423 2723 ἐπιτελεῖσθαι
433 2694 545 2726 καὶτοῖς
558 2694 659 2726 λοιποῖς
670 2693 774 2720 ἔθνεσιν
784 2693 832 2728 (5).
843 2693 938 2720 Ἔνθεν

179 2770 202 2786 ³⁸
221 2769 309 2798 Levii.
325 2777 352 2801 ι’,
377 2768 420 2795 15.
459 2768 482 2784 ³⁵
501 2766 568 2795 Ibid.
590 2766 634 2797 17,
656 2767 699 2795 18.
737 2767 760 2783 ³⁸
779 2766 846 2794 Ibid.
868 2775 905 2798 γι,
927 2767 985 2796 2-7.

177 2827 214 2863 ('5)
232 2827 313 2861 Μήτι
336 2835 370 2862 τε
389 2825 517 2863 ﬁrmauit;
527 2824 726 2863 ἐπιτελεῖσθαι
737 2826 794 2863 καὶέ
803 2825 865 2863 τοῖς
875 2828 935 2853 λοι-

143 2860 209 2896 ,τοῖςέ
223 2860 345 2890 Micam.
361 2870 370 2886 ι
388 2860 492 2888 Nedum
510 2861 564 2888 tale
577 2865 606 2887 ut
618 2865 709 2895 posset
721 2869 735 2887 a
747 2861 860 2896 reliquis
872 2869 936 2895 gen-

143 2895 213 2927 tibus
223 2898 398 2926 observari.»
415 2897 495 2924 vertit
513 2895 645 2926 Donatus.
663 2896 749 2929 male;
768 2895 845 2924 mens
859 2897 932 2923 enim

144 2934 252 2962 Eusebii
267 2937 312 2962 est
328 2932 417 2960 multo
442 2932 532 2960 minus
553 2931 603 2959 hoc
618 2931 727 2959 vivendi
749 2931 902 2960 institutum
918 2939 932 2958 a

992 2372 1155 2404 habitantes,
1177 2372 1200 2399 si
1223 2371 1292 2398 ritus
1311 2370 1443 2399 Mosaicos
1468 2379 1577 2399 servare
1593 2373 1727 2404 volebant,
1748 2376 1778 2399 ut

991 2418 1072 2444 talem
1079 2417 1293 2444 exsecrationem
1303 2418 1429 2448 vitarent,
1439 2418 1657 2452 promissamque
1663 2418 1777 2444 Abi-abs:

991 2464 1208 2492 benedictionem
1238 2464 1448 2499 contingerent,
1479 2464 1534 2490 lucc
1562 2465 1652 2490 omnia
1686 2465 1775 2491 facere

991 2510 1134 2544 oportebat
1150 2510 1161 2536 ?
1176 2517 1208 2537 ac
1227 2513 1268 2537 ter
1283 2510 1397 2544 singulis
1425 2510 1503 2537 annis
1520 2509 1705 2545 Hierosolyma
1729 2518 1775 2544 pe-

992 2560 1049 2583 tere
1063 2556 1075 2582 ?
1091 2564 1123 2583 ex
1136 2557 1208 2583 omni
1226 2560 1355 2591 pneterea
1373 2556 1492 2587 natione,
1513 2564 1573 2590 qlut‘.
1588 2557 1656 2583 tales
1673 2557 1724 2584 sibi
1739 2557 1776 2584 ri-

992 2605 1037 2629 tus
1051 2602 1200 2629 servandos
1216 2602 1420 2637 proposuisset.
1442 2601 1555 2628 feminas
1586 2607 1663 2636 partu
1696 2603 1776 2629 modo

992 2655 1024 2674 ac
1051 2647 1191 2675 doloribus
1209 2648 1312 2675 levatas
1339 2651 1393 2674 tam
1411 2648 1520 2681 longum
1536 2649 1586 2674 iter
1600 2648 1705 2682 ingredi
1721 2668 1728 2679 ,
1747 2652 1776 2674 ut

992 2692 1065 2728 quod
1091 2693 1251 2728 imperasset
1276 2691 1364 2719 Moses
1384 2691 1547 2718 sacrilicium
1561 2711 1568 2724 ,
1586 2699 1636 2726 pro
1661 2691 1776 2726 singulis

1041 2767 1062 2782 ⁸⁷
1082 2766 1161 2794 Deut.
1182 2774 1263 2796 xxvu.
1277 2766 1322 2793 26.

987 2824 1088 2860 Iudaeis
1101 2825 1172 2860 apud
1186 2825 1254 2850 alias
1268 2829 1354 2859 gen/es
1369 2823 1528 2860 degentibus
1544 2822 1666 2858 potuisse
1674 2823 1776 2860 obser—

987 2862 1057 2887 vari.
1074 2858 1228 2894 Legendum
1243 2858 1323 2894 igitur
1334 2860 1362 2885 ὲν
1372 2860 1427 2890 τοῖς
1443 2858 1554 2890 λοιποῖς,
1565 2863 1589 2885 ct
1599 2865 1665 2894 post
1673 2858 1776 2884 ἔθνεσιν

988 2894 1140 2922 addendum
1149 2895 1217 2922 forte
1226 2893 1371 2926 Ίώῑαίοις,
1380 2897 1471 2920 ve'rteu
1484 2895 1607 2928 luniqnc:
1617 2893 1709 2920 nedum
1718 2898 1737 2919 ι.
1746 2901 1774 2920 ιι.

986 2938 1003 2965 ι)
1027 2930 1088 2957 aJn
1101 2931 1154 2958 ’wis
1172 2930 1241 2964 apud
1265 2930 1334 2957 alias
1352 2935 1438 2964 gentes
1464 2929 1613 2964 Αθῃινηιίίηιδ
1631 2928 1772 2956 obseruari.
