2053 3218
277 165 311 192 59
592 165 725 194 EUSEBII
741 164 982 194 CESARIENSIS
1000 164 1076 193 0P9.
1097 164 1187 193 PARS
1206 165 1237 194 Il.
1259 181 1293 187 —
1311 166 1560 195 APOLOGETICA.
1856 173 1892 199 ιο

277 223 426 259 puerperiis
441 223 570 251 offerrent
584 224 596 251 ἰ
610 225 673 251 item
686 224 732 259 qui
746 228 793 251 aut
809 227 944 251 mortuum
953 231 1043 258 corpu:

1105 223 1216 255 εἰκότως
1227 225 1240 250 ό
1258 224 1351 259 Σωτὴρ
1364 225 1410 250 καὶ
1424 225 1524 260 Κύριος
1536 226 1614 261 ἡμῶν
1630 227 1730 262 Ἰησοῦς
1742 229 1757 255 ὸ
1768 228 1830 261 re;
1843 229 1891 255 τοῦ

274 271 439 305 attigissent,
455 274 501 297 aut
517 271 685 305 pejerassent
700 290 708 302 ,
726 274 772 297 aut
789 270 866 296 inviti
888 269 989 304 aliquid
1014 269 1054 297 fe-

273 317 386 347 cissent.
404 324 450 344 eos
468 316 502 343 ab
523 316 653 344 extremis
677 320 757 344 terrae
777 316 875 343 ﬁnibus
906 316 1006 347 venire,
1021 323 1053 343 ac

274 365 452 397 properantes
462 369 606 389 excurrere
626 362 660 389 ad
671 369 730 389 eam
743 369 803 397 qua
819 363 876 396 lege
887 363 992 389 sancita
1008 370 1052 390 es-

274 410 326 437 set,
342 407 538 441 purgationem,
554 410 582 433 ut
600 407 797 435 exsecrationis
817 414 925 442 poenam
951 407 1052 443 eﬂ'uge-

274 452 355 480 rent?
370 451 424 479 Sed
439 452 517 487 plane
538 452 668 487 perspicis
690 457 720 479 ut
734 453 776 480 vel
793 453 850 487 ipsa
865 452 1051 489 Hierosolyma

273 497 453 525 incolentibus
467 518 474 530 ,
498 493 577 532 atque
592 497 620 524 in
639 505 693 525 una
716 496 808 525 Iudaea
830 498 1002 525 versantibus
1019 505 1050 525 ac

272 542 431 578 degentibus
451 543 598 571 Mosaicum
616 543 682 570 illud
696 543 803 571 vivendi
820 543 974 571 institutum
990 552 1049 572 ser-

271 593 336 616 vatu
368 588 474 616 diﬂicile
508 592 602 620 esset,
632 589 731 616 nedum
765 589 819 617 tale
852 594 882 616 ut
911 594 1003 624 posset
1035 597 1050 617 a

272 633 383 668 reliquis
402 633 527 668 gentibus
552 633 701 661 observari.
727 633 842 661 Proinde
869 633 994 662 Salvator
1018 642 1050 662 ac

270 679 401 706 Dominus
421 685 514 707 noster
532 679 612 708 Jesus
632 678 718 707 Filius
744 679 790 707 Dei
810 683 870 715 post
895 680 1010 707 reditum
1033 687 1049 707 a

269 729 355 752 morte
371 725 404 752 ad
416 726 508 757 vitam,
524 725 551 760 6
567 732 629 752 cum
656 724 689 752 ad
706 725 854 759 discipulos
871 732 935 753 suos
963 725 1049 753 dixis-

269 775 309 796 set
325 779 332 797 :
352 779 362 795 ‹
383 770 419 797 Ite
443 777 475 797 ac
491 770 586 797 docete
601 777 695 797 omnes
711 774 804 805 gentes
820 770 852 803 ⁸⁸,
874 780 883 796 ι
911 774 967 797 ιιιιιι
991 778 1047 797 me-

268 816 322 842 rito
334 815 476 849 adjunxit:
505 824 515 840 ι
529 815 658 843 docentes
668 822 716 842 eos
733 822 841 842 servare
854 815 956 847 omnia,
973 822 1047 849 quae-

268 867 374 895 cunque
389 860 502 895 prtecepi
514 860 591 887 vobis
605 860 640 887 ³⁹.
657 869 668 886 ι
690 859 748 887 Non
763 861 834 887 enim
849 867 909 895 qua:
922 860 950 886 in
965 859 1047 887 Mosis

1103 268 1169 296 Θεοῦ
1187 269 1254 305 μετά
1269 270 1319 305 τὴν
1336 271 1367 297 ἐκ
1385 271 1488 307 νεκρῶν
1503 272 1650 300 ἀνάστασιν
1663 275 1719 305 τοῖς
1735 274 1817 301 αὑτοῦ
1835 283 1891 310 μα-

1103 315 1198 350 θηταῖς
1224 315 1323 341 εἰπών·
1351 326 1359 341 ι
1383 317 1562 352 Πορευθέντες
1592 318 1778 354 μαθητεύσατε
1801 320 1890 348 πάντα

1103 361 1136 387 τὰ
1162 360 1235 396 ἔθνη,
1256 371 1264 386 ι
1286 361 1423 396 ἐπιλέγει,
1449 370 1459 386 ι
1475 362 1643 395 διδάσκοντες
1668 365 1767 397 αὐτοὺς
1795 367 1890 402 τηρεῖν

1102 406 1190 432 πάντα
1203 407 1252 432 ὅσα
1270 407 1444 442 ἐνετειλάμην
1459 407 1533 442 ὑμῖν.
1556 418 1564 433 ι
1579 409 1615 435 Οὐ
1633 410 1686 445 γὰρ
1699 411 1734 437 τὰ
1748 411 1889 444 Μωῦσέως

1100 451 1202 487 νόμιμα
1224 452 1357 479 διδάσκειν
1388 454 1475 479 πάντα
1503 453 1536 480 τά
1564 454 1626 490 ἔθνη
1652 456 1886 491 παρεκελεύσατο,

1100 497 1155 524 ἀλλ’
1168 492 1222 524 ὃσσῖ
1233 497 1313 529 αὐτὸς
1329 498 1486 524 ἐνετείλατο.
1499 498 1590 525 Ταῦτα
1614 500 1635 526 δ’
1660 498 1703 536 ἦν,
1726 501 1760 528 τὰ
1781 503 1807 529 ἐι
1830 504 1888 536 τοῖς

1099 542 1272 577 Εὐαγγελίοις
1297 543 1379 570 αὐτοῦ
1407 535 1551 579 φερόμενα.
1576 535 1695 578 Εἰκότως
1716 544 1763 573 οὖν
1789 549 1836 575 καὶ
1860 535 1886 576 οἰ

1099 588 1180 614 αὑτοῦ
1208 588 1325 624 μαθηταὶ
1350 589 1396 616 καὶ
1418 590 1442 615 οἰ
1467 589 1609 617 ἀπόστολοι
1633 592 1662 617 ἐν
1683 593 1716 627 τῇ
1741 593 1805 628 περὶ
1830 593 1885 620 τῶν

1099 632 1182 659 ἐθνῶν
1199 632 1292 667 σκέψει
1312 633 1471 668 ὁμολογοῦσι
1494 634 1531 669 μὴ
1547 634 1675 661 δύνασθαι
1692 635 1725 661 τὰ
1742 636 1886 669 ¹Μωῦσέως

1098 678 1199 713 νόμιμα
1224 680 1280 710 τοῖς
1306 678 1409 705 ἔθνεσιν
1433 679 1610 715 ἐφαρμόζειν·
1638 681 1681 707 ὅτε
1705 682 1772 716 μήτε
1794 682 1885 713 αὐτοῖς

1100 724 1168 758 μήτε
1180 724 1235 754 τοῖς
1248 723 1380 758 πατράσιν
1395 724 1482 750 αὐτῶν
1502 724 1693 760 εὐκατόρθωτα
1707 725 1813 760 γέγονε.
1831 726 1884 753 Λέ-

1098 777 1141 803 γει
1154 769 1175 796 δ’
1192 767 1237 796 οὖν
1255 769 1284 795 ἐν
1307 770 1366 801 ταῖς
1383 770 1514 805 Πράξεσιν
1526 771 1539 796 ό
1556 770 1670 806 Πέτρος·
1686 780 1695 796 ι
1713 771 1769 797 Νῦν
1791 769 1836 798 οὖν
1856 772 1883 798 τί

1098 813 1239 850 πειράζετε
1249 814 1294 840 τὸν
1307 813 1384 847 Θεδν,
1399 814 1531 841 ἐπιθεῖναι
1543 815 1623 849 ζυγὸν
1634 816 1679 842 ἐπὶ
1693 815 1737 842 τὸν
1750 815 1883 852 τράχηλον

1096 860 1154 887 τῶν
1166 859 1304 896 μαθητῶν,
1318 860 1347 886 ὃν
1362 859 1424 887 οὔτε
1445 861 1468 887 οἰ
1489 861 1605 896 πατέρες
1623 861 1702 896 ἡμῶν
1721 861 1781 888 οὗτε
1801 863 1882 897 ἡμεῖς

267 905 373 940 legibus
388 908 460 938 sunt,
475 905 573 934 docere
598 913 692 933 omnes
703 909 796 941 gentes
812 905 962 940 imperabat
975 915 982 933 :
998 905 1043 933 sed

1097 907 1245 942 ἰσχύσαμεν
1268 906 1416 941 βαστάσαις
1450 916 1459 932 ι
1486 907 1604 939 Εἰκότως
1631 907 1659 942 ἃ
1688 907 1734 934 καὶ
1763 906 1843 938 αὐτὸς
1866 907 1882 933 ὁ

267 959 435 987 quaecunque
450 959 508 987 ipse
523 958 694 987 praeceperat.
714 952 776 979 Haec
794 961 875 988 porro
895 956 969 984 sunt,
987 960 1047 987 quae

267 998 295 1025 in
307 998 379 1025 illius
394 998 546 1033 Evangeliis
557 999 738 1027 continentur.
753 998 938 1034 Meritoigitur
952 1004 979 1027 et
991 999 1046 1027 dis-

265 1045 349 1080 cipuli
375 1045 506 1079 ejusdem.
523 1050 551 1073 et
564 1046 690 1081 apostoli,
719 1054 781 1073 cum
807 1046 908 1074 habere
924 1046 1045 1082 gentium

265 1091 397 1118 rationem
417 1091 527 1123 vellent,
546 1092 573 1119 in
588 1092 639 1120 hoc
654 1092 726 1120 inter
740 1100 769 1120 se
784 1096 970 1120 convenerunt
986 1102 992 1120 :
1015 1097 1045 1119 ut

263 1144 324 1172 quae
340 1137 369 1164 in
384 1136 467 1165 Mosis
481 1138 586 1173 legibus
600 1138 783 1170 continentur,
795 1145 964 1173 nequaquam
980 1146 1044 1173 gen-

263 1183 337 1210 tibus
355 1188 465 1218 possent
483 1184 695 1216 accommodari,
718 1184 818 1220 quippe
831 1192 891 1219 quae
907 1192 995 1219 neque
1010 1185 1044 1212 ab

263 1228 342 1263 ipsis,
358 1236 444 1263 neque
454 1236 468 1255 ιι
480 1229 601 1264 patribus
617 1229 738 1264 ipsorum
755 1230 856 1257 servari
872 1230 963 1265 potius
982 1237 1044 1258 con-

263 1277 358 1302 staret.
376 1273 446 1309 Ergo
462 1275 488 1301 in
504 1275 578 1302 Actis
594 1273 690 1302 Detrus
706 1275 845 1310 loquitur:
864 1285 873 1301 ι
890 1275 968 1302 Nunc
978 1283 1043 1308 ergo

262 1321 328 1356 quid
344 1321 453 1348 tentatis
469 1320 564 1353 Deum,
593 1321 734 1356 imponere
752 1323 846 1356 jugum
864 1329 945 1356 super
956 1322 1043 1349 cervi-

263 1374 308 1393 ces
319 1366 525 1401 discipulorum,
545 1366 617 1401 quod
638 1374 727 1402 neque
740 1372 830 1402 patres
843 1366 941 1397 nostri,
954 1373 1042 1401 neque

262 1419 314 1439 nos
328 1416 435 1446 portare
461 1411 599 1446 potuimus
614 1411 636 1427 ‘°
652 1411 664 1438 ἲ
681 1421 690 1438 ›
714 1411 760 1439 sed
774 1411 856 1439 etiam
882 1412 938 1446 ipse
955 1410 1043 1438 Moses

261 1461 371 1492 propter
393 1458 449 1485 haec
465 1457 524 1492 ipsa
539 1465 600 1492 quae
622 1457 752 1489 diximus,
767 1458 864 1484 merito
878 1461 904 1484 et
927 1457 1042 1484 alterum

261 1507 360 1537 praeter
374 1509 402 1529 se
419 1506 605 1529 surrecturum
618 1501 656 1527 ait
673 1500 834 1536 Prophetam
850 1520 857 1531 ,
875 1504 901 1527 et
914 1500 986 1526 hunc
1001 1499 1042 1533 ip-

260 1555 320 1574 sum
347 1547 435 1581 legum
466 1549 603 1573 auctorem
636 1545 755 1572 futurum
780 1545 887 1572 cunctis
916 1544 1041 1579 gentibus

261 1592 378 1623 nuntiat.
391 1591 530 1618 Christum
544 1598 577 1618 eo
590 1590 669 1618 modo
688 1590 856 1625 significans,
874 1593 900 1617 et
909 1589 995 1616 eidem
1010 1593 1039 1615 ut

260 1640 383 1671 pareant,
410 1637 468 1663 suis
497 1636 626 1663 omnibus
652 1636 789 1670 imperat:
820 1643 901 1669 quam
921 1642 976 1661 rem
997 1634 1038 1661 bis

258 1682 344 1709 ferme
358 1682 447 1709 verbis
460 1681 564 1709 divinat
579 1691 585 1708 :
604 1691 613 1706 ι
624 1681 787 1716 Prophetam
803 1681 881 1708 vobis
893 1679 1037 1708 suscitabit

259 1728 388 1756 Dominus
405 1728 474 1755 Deus
487 1736 520 1755 ex
536 1727 668 1754 fratribus
680 1727 778 1754 vestris
798 1731 924 1761 tanquam
938 1733 990 1756 me,
1004 1725 1037 1752 il-

258 1773 313 1801 lum
328 1772 443 1800 audietis
457 1773 482 1799 in
501 1772 627 1800 omnibus
641 1779 701 1806 quae
717 1773 843 1806 loquetur
858 1772 945 1799 vobis.
960 1771 1037 1804 Quae-

257 1825 366 1852 cunque
379 1825 444 1845 vero
460 1817 550 1843 anima
569 1825 622 1844 non
641 1817 756 1844 audierit
774 1816 935 1851 Prophetam
949 1817 1035 1847 illum,

257 1863 392 1891 delebitur
407 1863 441 1890 de
457 1871 554 1898 genere
569 1871 618 1890 suo
630 1863 651 1878 “
667 1873 690 1890 ι.
709 1861 793 1889 Porro
812 1866 900 1890 autem
921 1862 1036 1897 prophe-

258 1915 312 1937 tam
329 1909 401 1936 hunc
423 1909 561 1936 Christum
586 1909 673 1944 ipsum
688 1908 812 1935 videlicet
828 1915 842 1934 a
858 1907 959 1936 Iud-(eis
981 1908 1036 1935 ori-

258 1955 380 1986 undum,
410 1955 473 1981 alibi
500 1954 562 1981 item
591 1954 719 1980 omnibus
747 1953 872 1987 gentibus
888 1954 1036 1988 imperatu-

257 2007 329 2029 rum.
345 1999 467 2026 enuntiat
479 1998 520 2025 bis
534 1997 863 2031 verbisuQuampulcbrm
877 1998 972 2024 domus
983 2003 1035 2025 tua:

256 2045 349 2076 Iacob,
373 2044 489 2072 tentoria
506 2048 562 2077 tua,
579 2043 678 2076 Israel;
692 2047 722 2069 ut
736 2044 822 2071 saltus
849 2044 980 2075 umbrosi,
1006 2048 1035 2071 ut

257 2092 351 2117 hortus
365 2091 444 2125 juxta
470 2090 580 2116 lluvium
594 2109 601 2120 ,
621 2093 652 2115 ut
676 2089 851 2117 tabernacula
864 2110 871 2120 .
888 2098 948 2124 quae
977 2090 1034 2117 ﬁxit

258 2136 397 2164 Dominus.
427 2135 550 2162 Prodibit
576 2135 658 2162 homo
677 2143 710 2162 ex
725 2135 828 2163 semine
854 2135 924 2170 ejus,
939 2140 965 2163 et
983 2136 1034 2162 ιίο-

256 2181 402 2207 ntinabitur
434 2179 559 2215 gentibus
587 2179 736 2211 multis,et
751 2179 895 2206 extolletur
920 2187 1032 2214 regnum

254 2227 314 2261 ejus
327 2227 376 2253 δ’.)
394 2226 464 2259 Quin
480 2226 573 2256 etiam,
594 2233 656 2252 cum
670 2225 811 2252 duodecim
837 2225 948 2253 omnino
962 2225 1032 2260 apud

256 2273 382 2300 Ilebrazos
398 2275 490 2298 essent
504 2271 602 2302 tribus,
617 2279 650 2298 ex
666 2279 717 2306 qua
735 2271 841 2297 illarum
851 2271 972 2298 oriturus
988 2270 1032 2298 hic

255 2317 324 2353 apud
339 2321 433 2351 gentes
453 2317 541 2350 legum
553 2320 664 2347 auctor,
678 2315 724 2350 qui
739 2315 847 2342 canitur
858 2322 873 2341 a
888 2315 1030 2350 propheta,

252 2368 280 2392 et
295 2364 394 2398 quibus
407 2362 573 2397 temporibus
589 2361 696 2389 futurus
710 2366 782 2389 esset
792 2381 799 2392 .
822 2361 894 2396 quod
910 2361 944 2389 de
957 2362 1029 2389 tribu

251 2409 319 2437 Juda
336 2410 472 2439 videlicet.
488 2408 613 2443 quodque
629 2411 704 2439 tunc,
717 2415 777 2435 cum
796 2407 943 2435 defecerint
956 2408 1002 2442 qui
1016 2415 1030 2435 a

252 2453 402 2487 majoribus
417 2453 469 2479 sibi
485 2451 612 2479 traditum
637 2451 756 2479 Iudaica:
775 2453 864 2486 gentis
887 2452 1029 2487 imperium

1095 953 1214 988 Μωῦσῆς
1237 952 1337 979 τούτων
1359 952 1447 979 αὐτῶν
1471 953 1574 986 ἕνεκεν,
1596 953 1686 989 ἕτερον
1706 954 1770 989 παρ’
1786 952 1881 980 ἐαυτὸν

1095 998 1291 1033 ἀναστήσεσθαι
1307 997 1358 1033 ἔφη
1376 998 1528 1034 προφήτην,
1549 998 1596 1025 καὶ
1617 997 1711 1024 τοῦτον
1729 997 1880 1034 νομοθέτην

1095 1041 1201 1068 ἔσεσθαι
1216 1041 1270 1068 τῶν
1286 1041 1370 1068 ἐθνῶν
1386 1041 1737 1076 ἀπάντωνεὺαγγελίζεται,
1752 1041 1797 1068 τὸν
1812 1043 1881 1078 Χρι-

1094 1087 1156 1113 στδν
1171 1087 1362 1122 αἰνιττόμενος,
1383 1086 1456 1122 αὐτῷ
1476 1095 1506 1113 τε
1530 1086 1669 1114 πείθεσθαι
1693 1088 1748 1119 τοῖς
1769 1088 1880 1120 οἰκείοις

1094 1135 1230 1169 παραινεῖ,
1246 1131 1299 1160 ὦδέ
1317 1142 1356 1169 πη
1372 1133 1419 1160 καὶ
1441 1132 1520 1160 τοῦτο
1535 1133 1669 1166 θεσπίζων
1681 1143 1687 1149 ι
1705 1143 1714 1159 ι
1733 1135 1880 1170 Προφήτην

1094 1179 1158 1213 ὑμῖν
1172 1179 1317 1214 ἀναστήσει
1332 1178 1433 1214 Κύριος
1445 1180 1459 1205 ὁ
1471 1179 1536 1211 Θεὸς
1551 1180 1582 1206 ὲκ
1597 1179 1651 1206 τῶν
1666 1179 1787 1214 ἀδελφῶν
1801 1180 1878 1215 ὑμῶν

1093 1223 1130 1254 ὡς
1146 1223 1208 1258 ἐμέ·
1222 1223 1303 1250 αὐτοῦ
1317 1223 1464 1250 ἀκούσεσθε
1476 1224 1546 1250 κατά
1559 1223 1648 1250 πάντα
1658 1224 1707 1251 ὅσα
1724 1224 1756 1251 ἂν
1773 1224 1878 1261 λαλήσῃ

1094 1269 1167 1304 ὑμῖν.
1188 1269 1282 1295 Ἔσται
1297 1268 1335 1301 δέ,
1354 1270 1428 1296 πᾶσα
1443 1268 1525 1304 ψυχὴ,
1539 1269 1598 1304 ἥτις
1614 1269 1646 1296 ἂν
1662 1270 1699 1305 μὴ
1713 1269 1816 1307 ἀκούσῃ
1829 1270 1877 1297 τοῦ

1094 1313 1230 1349 προφήτου
1257 1313 1370 1345 ἐκείνου,
1392 1313 1642 1350 ἐξολοθρευθήσεται
1664 1315 1696 1340 ἐκ
1716 1313 1762 1340 τοῦ
1782 1314 1877 1348 γένους

1093 1357 1187 1392 αὐτῆς.
1210 1367 1219 1383 ι
1240 1358 1294 1384 Καὶ
1309 1358 1400 1385 τοῦτον
1417 1358 1447 1384 δὲ
1466 1359 1511 1386 τὸν
1528 1359 1680 1395 προφήτην,
1697 1359 1815 1395 δηλονότι
1830 1361 1877 1389 τὸν

1092 1402 1218 1437 Χριστὸν,
1232 1403 1261 1436 ἐξ
1281 1403 1413 1430 Ἰουδαίων
1428 1404 1600 1440 προελθόντα,
1612 1405 1719 1431 πάντων
1729 1404 1781 1431 τῶν
1791 1405 1877 1432 ἐθνῶν

1091 1449 1306 1484 κατακρατήσειν
1323 1450 1403 1476 πάλιν
1420 1451 1562 1485 ἀναφωνεῖ,
1587 1450 1672 1485 λέγων
1683 1459 1689 1465 ι
1707 1461 1716 1476 ι
1739 1451 1783 1483 Ὠς
1798 1451 1876 1478 καλοὶ

1091 1495 1114 1520 οἰ
1134 1492 1202 1521 οἶκοί
1219 1503 1275 1526 σου,
1298 1495 1404 1527 Ἰσκὼὸ,
1424 1497 1450 1523 αἱ
1463 1497 1572 1530 ,σκηναί
1597 1505 1654 1529 σου,
1673 1497 1788 1532 Ἰσραὴλ,
1808 1497 1875 1524 ὡσεὶ

1091 1539 1174 1567 νάπαι
1189 1540 1355 1573 σκιάζουσαι,
1369 1542 1415 1568 καὶ
1428 1543 1492 1569 ὼσεί
1505 1542 1666 1577 παράδεισος
1681 1543 1726 1569 ἐπὶ
1741 1543 1872 1578 ποταμὸν,

1089 1585 1127 1617 ὡς
1140 1586 1237 1620 σκηναὶ
1253 1586 1285 1618 ἃς
1299 1586 1394 1622 ἔπηξεν
1406 1587 1514 1623 Κύριος.
1535 1587 1717 1621 Ἐξελεύσεται
1732 1588 1874 1624 ἄνθρωπος

1089 1632 1121 1658 ἐκ
1136 1632 1182 1658 τοῦ
1200 1632 1353 1668 σπέρματος
1366 1634 1457 1665 αὑτοῦ,
1478 1634 1524 1660 καὶ
1547 1634 1684 1669 κυριεύσει
1708 1633 1793 1660 ἐθνῶν
1806 1635 1867 1661 πολ-

1087 1677 1150 1708 λῶν,
1164 1678 1210 1704 καὶ
1223 1678 1393 1713 ὑψωθήσεται
1415 1680 1431 1714 ή
1448 1679 1569 1713 βασιλεία
1587 1679 1679 1706 αὑτοῦ.
1701 1689 1709 1705 ι
1733 1680 1811 1706 Ἀλλά
1825 1680 1874 1706 καὶ

1089 1724 1117 1757 ἐξ
1129 1724 1222 1755 ὁποίας
1233 1724 1326 1759 φυλῆς,
1338 1724 1439 1750 δώδεκα
1452 1724 1505 1751 τῶν
1518 1724 1584 1751 ὅλων
1598 1725 1661 1760 παρ’
1679 1725 1814 1760 Ἑϐραίοις
1827 1726 1874 1752 οὺ-

1088 1770 1151 1802 σῶν,
1162 1771 1202 1796 ὅτι
1216 1770 1246 1807 δὴ
1260 1770 1312 1797 ἀπὸ
1322 1770 1372 1805 τῆς
1391 1770 1475 1796 Ἰούδα
1490 1772 1504 1797 ό
1517 1771 1708 1806 θεσπιζόμενος
1723 1772 1776 1798 τῶν
1787 1771 1871 1798 ἐθνῶν

1087 1815 1234 1850 νομοθέτης
1257 1815 1371 1851 Χριστὸς
1391 1815 1597 1851 προελεύσεται·
1617 1817 1663 1843 καὶ
1686 1816 1755 1843 κατὰ
1778 1816 1871 1847 ποίους

1086 1861 1206 1896 χρόνους,
1219 1861 1259 1887 ὅτι
1276 1861 1342 1896 μετὰ
1358 1861 1406 1897 τὴν
1420 1861 1539 1896 ἔκλειψιν
1553 1862 1605 1888 τῶν
1619 1863 1650 1888 ἐκ
1664 1862 1801 1897 προγόνων
1813 1861 1872 1888 δια-

1085 1907 1164 1943 δοχῆς
1176 1907 1221 1934 τοῦ
1245 1908 1376 1934 Ἰουδαίων
1399 1908 1490 1939 ἔθνους
1507 1907 1653 1944 ἀρξάντων,
1670 1908 1744 1943 δηλοῖ
1762 1909 1849 1943 λέγων
1862 1919 1868 1924 -

1089 1962 1098 1978 ι
1119 1953 1175 1979 Οὐκ
1189 1953 1306 1988 ἐκλείψει
1326 1953 1415 1989 ἄρχων
1439 1953 1468 1985 ἐξ
1485 1953 1577 1984 Ἰούδα,
1595 1953 1642 1979 καὶ
1665 1953 1813 1988 ἡγούμενος
1838 1957 1870 1982 ἐκ

1086 1997 1138 2024 τῶν
1157 1998 1249 2034 μηρῶν
1263 1998 1354 2030 αὐτοῦ,
1372 1998 1422 2029 ἕως
1439 1997 1470 2024 ἂν
1485 1997 1548 2033 ἔλθῃ
1560 1998 1594 2024 τὰ
1606 1998 1770 2033 ἀποκείμενα
1784 2000 1868 2035 αὐτῷ,

1085 2043 1130 2069 καὶ
1147 2043 1226 2074 αὐτὸς
1239 2043 1382 2079 προσδοκία
1398 2042 1490 2069 ἐθνῶν.
1509 2052 1518 2068 )
1533 2043 1601 2070 Ποία
1618 2043 1645 2070 δέ
1662 2043 1807 2079 προσδοκία
1823 2043 1868 2080 ἦν,

1084 2089 1140 2116 ἀλλ’
1157 2090 1172 2125 ἢ
1190 2091 1206 2124 ὴ
1222 2089 1260 2124 τῷ
1279 2089 1400 2124 Ἀὔραάμ
1413 2089 1600 2125 ἐπηγγελμένη
1617 2090 1679 2125 περὶ
1693 2089 1739 2116 τοῦ
1752 2090 1807 2116 δεῖν
1822 2091 1869 2116 εὐ-

1083 2134 1277 2170 λογηθήσεσθαι
1294 2134 1323 2160 ὲν
1338 2133 1411 2169 αὐτῷ
1425 2135 1514 2161 πάντα
1531 2134 1567 2161 τὰ
1591 2135 1654 2170 ἔθνη
1673 2135 1722 2170 τῆς
1735 2136 1800 2172 γῆς;
1816 2136 1870 2163 ne.

1084 2189 1150 2215 φηνε
1164 2179 1305 2215 τοιγαροῦν
1316 2179 1361 2206 καὶ
1371 2180 1450 2212 αὑτὸς
1464 2181 1478 2206 ό
1493 2180 1612 2215 Μωῡσῆς
1623 2181 1743 2216 ἀκριϐῶς
1755 2182 1868 2209 ἐπιστά-

1085 2234 1163 2261 μενος
1172 2225 1219 2261 τὴν
1231 2226 1280 2260 μέν
1295 2225 1362 2261 πρὸς
1375 2226 1456 2252 αὐτοῦ
1470 2226 1640 2260 διαταγεῖσαν
1651 2226 1809 2262 νομοθεσίαν
1820 2227 1866 2259 ἐξ-

1085 2271 1216 2303 ασθενεῖν,
1234 2272 1274 2303 εἰς
1294 2271 1324 2297 τὸ
1341 2272 1422 2298 πᾶσιν
1440 2271 1592 2308 ἐφαρμόσαι
1614 2274 1668 2303 τοῖς
1684 2272 1802 2299 ἔθνεσιν·
1826 2274 1868 2305 εἰς

1084 2317 1255 2353 ἐκπλήρωσιν
1268 2317 1296 2344 δὲ
1306 2317 1359 2344 τῶν
1372 2317 1436 2354 πρὸς
1450 2317 1495 2343 τὸν
1514 2317 1638 2353 ’Λὸραὰμ
1653 2318 1792 2353 χρησμῶν,
1808 2319 1868 2345 ἐτέ-

1086 2372 1131 2398 ρου
1147 2363 1248 2389 δεῖσθαι
1263 2364 1409 2399 προφήτου.
1422 2360 1504 2395 Οὗτος
1518 2363 1545 2389 δὲ
1558 2363 1611 2399 ἄρα
1627 2361 1670 2398 ἦν,
1687 2364 1716 2390 ὃν
1732 2364 1760 2397 ἐξ
1783 2365 1868 2392 Ἰούδα

1081 2409 1165 2444 φυλῆς
1180 2408 1401 2444 προελεύσεσοαι,
1419 2409 1465 2435 καὶ
1481 2408 1584 2435 πολλῶν
1605 2408 1690 2435 ἐθνῶν
1712 2410 1867 2446 κυριεύσειν

1081 2462 1224 2489 προμαρτυ
1229 2453 1340 2489 ρόμενος
1357 2453 1555 2488 εὐηγγελίζετο.

253 2506 344 2529 tenere
367 2500 582 2531 mnsuevisscnt,
601 2499 757 2534 planissime
778 2500 880 2527 indicat
896 2500 938 2527 bis
960 2501 1066 2529 verbis:
1085 2510 1095 2526 ι
1109 2504 1163 2528 n'on
1175 2501 1292 2533 deficiet,
1310 2502 1408 2536 inquit,
1424 2503 1549 2536 princeps
1566 2502 1599 2530 de
1613 2502 1692 2535 Juda,
1705 2511 1793 2539 neque
1807 2505 1862 2532 dux

252 2549 285 2576 de
300 2549 446 2576 femoribus
460 2548 530 2583 ejus,
545 2547 632 2574 donec
647 2547 755 2574 veniant
766 2555 826 2582 qua:
838 2548 956 2582 reposita
986 2552 1050 2575 sunt
1069 2549 1132 2584 ipsi,
1147 2553 1174 2576 et
1189 2549 1246 2584 ipsc
1259 2549 1425 2584 exspectatio
1443 2551 1562 2584 gentium
1579 2549 1620 2576 “2
1643 2560 1652 2576 ι
1673 2551 1719 2578 sed
1741 2558 1865 2586 quaenam

251 2594 308 2620 luec
321 2594 485 2628 exspectatio
498 2597 557 2621 erat
578 2598 675 2629 praeter
689 2601 748 2621 eam
765 2601 825 2628 qua:
841 2593 956 2620 Abrahte
983 2595 1119 2629 quondam
1147 2596 1281 2630 promissa
1307 2594 1395 2622 fuerat
1405 2595 1416 2622 Τ
1426 2595 1498 2630 quod
1517 2595 1642 2623 videlicet
1657 2597 1683 2623 in
1697 2596 1756 2632 ipso
1770 2605 1866 2625 omnes

250 2644 344 2673 gentes
360 2645 438 2667 terrae
453 2645 544 2668 essent
560 2640 759 2668 benedicendae.
777 2639 871 2676 Itaque
890 2647 970 2669 etiam
985 2642 1042 2676 ipse
1067 2642 1154 2669 Moses
1183 2643 1260 2670 visus
1283 2645 1325 2669 est
1356 2642 1455 2677 optime
1486 2643 1560 2670 intell
1572 2651 1635 2671 uere
1655 2643 1776 2671 futurum
1802 2653 1866 2673 esse

249 2686 396 2719 aliquando
413 2706 421 2718 ,
443 2692 473 2713 ut
486 2688 557 2722 leges
574 2688 599 2722 7
615 2696 683 2722 quas
701 2688 758 2723 ipse
773 2692 890 2720 tunsset,
917 2691 1043 2717 omnibus
1060 2690 1187 2725 gentibus
1210 2690 1410 2717 accommodari
1425 2698 1478 2718 non
1489 2695 1608 2725 possent.
1618 2691 1657 2718 Ad
1669 2699 1700 2717 ea
1715 2699 1780 2718 vero
1803 2699 1867 2719 ora-

251 2736 311 2760 cula
331 2734 531 2768 comprobanda
543 2738 570 2762 et
582 2736 751 2763 conﬁcienda
780 2744 840 2771 qua:
865 2736 981 2764 Abraliaz
1009 2737 1116 2764 reddita
1131 2741 1205 2768 sunt,
1223 2737 1309 2764 altero
1334 2745 1402 2773 opus
1427 2746 1489 2766 esse
1514 2738 1656 2772 propheta,
1678 2739 1725 2766 sed
1742 2739 1787 2766 bic
1806 2744 1866 2767 erat

253 2788 331 2813 quem
345 2779 379 2808 de
394 2781 464 2807 tribu
477 2781 547 2809 Juda
563 2783 743 2817 proditurum,
768 2784 915 2820 multisque
933 2786 1060 2820 gentibus
1073 2785 1273 2813 dominaturum
1300 2786 1433 2821 superiori
1463 2786 1619 2813 testimonio
1645 2787 1863 2814 confirmaverat.

287 2836 420 2875 ’ih‘latth.
445 2844 547 2875 xxvm,
570 2838 613 2866 i9.
651 2840 674 2856 ³⁰
701 2840 769 2868 Ibid.
790 2841 835 2868 20.
875 2841 896 2857 ⁸⁸
915 2841 975 2869 Aet.
999 2849 1043 2875 xv,
1066 2842 1116 2875 10,

255 2870 277 2886 ⁸³
296 2870 362 2900 Cen.
379 2880 451 2904 ml,
475 2873 515 2901 l0.

1156 2841 1176 2858 “
1199 2841 1276 2869 Deut.
1298 2850 1376 2876 ιιγιιι,
1399 2843 1449 2877 l5,
1471 2843 1512 2870 19.
1553 2843 1573 2859 ⁸²
1593 2843 1671 2871 Num.
1693 2851 1764 2878 niv,
1788 2845 1814 2877 5,
1837 2845 1859 2873 7.
