2053 3218
172 210 206 238 53
639 207 967 236 DEMONSTRATIONIS
988 207 1218 236 EVA‘NGELIC/E
1237 208 1300 236 LIB.
1323 199 1345 237 l.‘
1765 213 1800 241 5‘

170 268 281 304 γελικῆς
300 268 475 299 διδασκαλίας
492 267 640 303 μαθήματα
657 269 856 304 κηρυττόμενα.
883 269 959 295 Ἀλλὰ

1014 269 1074 296 sitis
1091 269 1158 296 nihil
1177 269 1302 300 inducit,
1318 269 1352 296 ab
1366 269 1522 304 evangelica
1539 275 1629 297 autem
1650 271 1800 299 Salvatoris

169 316 215 342 καὶ
226 315 263 347 ὡς
280 314 362 346 εἰδὼς
375 312 404 341 εὖ
421 314 491 350 μάλα
504 314 534 340 τὸ
550 324 558 339 1
577 314 680 341 κλαίειν
694 314 766 350 μετά
779 314 935 341 κλαιόντων·
950 324 958 340 ι

169 362 214 388 καὶ
229 360 271 392 τὸ,
293 370 302 386 1
323 361 461 396 Μακάριοι
482 361 505 387 oi
530 360 679 392 κλαίοντες,
699 361 739 387 ὅτι
757 360 926 395 γελάσονται,
949 370 959 386 ι

170 408 215 434 καὶ
228 406 277 439 ¹τὸ,
303 416 313 432 ‹
339 407 370 433 Et
383 407 481 441 πάσχει
496 405 524 432 ἓν
543 406 633 441 μέλος,
652 407 808 442 συμπάσχει
826 407 913 433 πάντα
929 406 962 433 τὰ

171 453 250 489 μέλη,
276 462 284 478 ι
308 453 337 479 ἐν
357 454 413 484 τοῖς
431 453 480 487 τῆς
497 452 679 487 εὐαγγελικῆς
690 453 863 484 διδασκαλίας
876 452 962 488 μαθή-

172 506 237 533 μασι
252 498 444 534 περιεχόμενα,
460 498 490 524 τὸ
504 498 572 534 πρὸς
590 499 653 530 τοὺς
666 500 694 525 ἐν
707 498 745 534 τῷ
763 499 812 534 βίῳ
823 498 962 526 ταλαιπω-

174 545 319 580 ρουμένους
343 544 532 580 φιλάνθρωπον
570 545 735 577 ἐπεδείκνυε,
759 545 855 580 λέγων·
892 544 961 580 Ἐγὼ

170 592 199 618 δὲ
220 591 265 618 ἐπὶ
282 591 363 618 παντὶ
381 591 504 627 ἀδυνάτῳ
519 591 647 618 ἔκλαυσα·
668 601 677 617 ι
697 591 828 625 ἐστέναξα
849 592 877 619 δὲ
901 592 962 619 ίδὼν

171 638 253 672 ἄνδρα
277 638 307 663 ὲν
332 638 474 672 ἀνάγκαις.
495 647 504 663 ›
524 636 590 665 Εἶτα
610 638 700 671 πάλιν,
717 638 767 674 τῆς
783 639 962 675 εὐαγγελικῆς

169 684 343 715 διδασκαλίας
356 684 420 716 τοὺς
436 684 570 719 ἀσέμνους
589 685 815 720 ἀπαγορευούσης
829 686 960 720 γέλωτας,

169 729 314 767 προλαϐὼν
331 730 345 755 ὁ
369 730 501 766 μακάριος
514 732 616 764 οὑτοσὶ,
637 733 728 766 φησιν·
755 741 764 757 1
792 732 822 758 Εἰ
838 732 866 758 δὲ
889 733 961 768 ἥμην

168 776 373 812 πεπορευμένος
389 777 457 812 μετὰ
482 777 657 810 γελοιαστῶνσ
674 777 697 804 εἱ
714 777 742 804 δὲ
763 779 809 805 καὶ
829 779 960 805 ἐσπούδα-

168 831 215 848 σεν
229 823 244 848 ὁ
258 823 326 854 ποῦς
339 831 388 858 μου
400 824 440 854 εἰς
449 823 533 855 δόλον,
545 823 664 859 ἓσταμαι
678 824 707 851 δέ
719 825 748 850 ἐν
766 824 839 860 ζυγῷ
854 825 959 860 δικαίῳ,

167 867 222 895 οἶδε
235 868 262 895 δὲ
276 870 290 895 ὁ
303 868 404 904 Κύριος
416 869 464 904 τὴν
479 869 597 896 ἀκακίαν
611 879 672 905 μου.
695 870 803 906 Ἐπειδὴ
815 871 843 897 δὲ
858 872 872 897 ὁ
885 871 960 907 παρὰ

168 916 263 942 Μωσεῖ
275 915 352 949 λόγος
376 915 524 951 νομοθετεῖ,
536 915 632 950 λέγων,
643 925 652 941 1
666 917 702 942 Οὐ
715 916 875 951 μοιχεύσεις,
890 927 898 942 ι
913 917 960 944 θά-

1015 314 1103 341 nostri
1127 314 1253 341 doctrina
1283 322 1337 341 non
1364 314 1502 342 abhorret.
1525 313 1597 341 Dicit
1621 315 1702 350 igitur
1724 315 1800 350 ipse,

1014 359 1060 386 ubi
1078 367 1154 387 suam
1171 359 1258 394 ipsius
1273 359 1356 387 vitam
1371 361 1500 395 exponit,
1526 365 1553 388 et
1577 361 1755 396 arguentibus
1771 368 1802 390 se

1013 406 1109 432 amicis
1125 406 1289 440 respondet:
1308 416 1315 430 1
1332 405 1443 434 Servavi
1459 407 1531 434 enim
1548 407 1655 442 inopem
1670 407 1704 434 de
1717 415 1800 435 manu

1013 451 1153 486 potentis:
1174 456 1201 478 et
1227 451 1348 486 pupillo,
1364 453 1408 479 cui
1436 460 1489 479 non
1515 458 1569 480 eral
1596 453 1715 488 adjutor,
1737 454 1802 480 sub-

1013 497 1084 524 veni.
1099 497 1135 525 Os
1150 501 1240 524 autem
1258 498 1348 525 vidua:
1363 498 1429 525 milii
1446 498 1604 530 benedixit,
1617 505 1644 526 et
1664 499 1800 534 justitiam

1013 543 1165 570 indumenti
1191 543 1252 570 loco
1277 544 1380 578 accepi.
1406 543 1543 571 Adornavi
1573 549 1663 572 autem
1693 552 1735 572 mc
1755 544 1800 580 ju—

1013 587 1100 620 dicio,
1127 589 1205 623 quasi
1222 589 1324 623 duplici
1356 590 1538 624 vestimento;
1565 591 1662 619 oculus
1685 591 1724 618 fui
1748 599 1800 620 ca)-

1013 641 1107 662 corum
1118 654 1125 666 ,
1139 642 1187 669 pes
1203 634 1382 662 claudorum:
1398 643 1448 671 ego
1464 635 1501 662 fui
1517 641 1595 671 pater
1611 637 1721 672 inopum
1739 638 1772 664 ⁸⁸.
1788 648 1798 664 ι

1015 680 1066 715 15
1083 679 1142 715 Ipsa
1165 681 1221 707 haec
1241 681 1322 715 igitur
1344 681 1506 709 documenta
1531 682 1610 717 plane
1623 684 1716 710 eadem
1737 688 1800 711 sunt

1013 734 1073 753 cum
1089 726 1133 759 iis,
1155 735 1215 762 quae
1229 727 1356 755 omnibus
1380 728 1459 755 nobis
1480 736 1529 763 per
1551 729 1736 764 erangelicam
1751 729 1801 757 do-

1012 772 1129 799 ctrinam
1156 773 1227 800 tradi
1247 774 1424 809 nuntiarique
1446 774 1526 801 solita
1547 780 1611 802 sunt
1629 785 1634 802 :
1651 777 1800 811 quinetiam

1011 819 1094 846 veluti
1110 819 1132 848 is
1149 820 1193 855 qui
1211 820 1278 847 bene
1291 820 1356 848 illud
1373 826 1465 849 nosset
1479 832 1484 848 :
1504 831 1512 847 1
1529 821 1605 849 Flere
1628 831 1689 850 cum
1712 823 1801 851 [lenti-

1011 865 1063 892 bus
1074 866 1116 893 ⁶⁶ῑ
1138 876 1147 892 ι
1164 871 1191 894 et
1215 867 1293 898 illud,
1308 877 1318 891 θ
1337 867 1412 895 Beati
1433 869 1480 903 qui
1505 869 1606 904 lugent,
1622 870 1750 905 quoniam
1763 870 1802 898 ri-

1012 910 1153 945 debunt“,
1170 921 1179 938 ι
1198 916 1225 939 ct
1241 912 1306 939 illud
1320 922 1325 939 :
1346 922 1354 938 1
1376 913 1404 940 Si
1421 921 1503 941 unum
1523 915 1672 942 membrum
1688 916 1800 951 patitur,

167 960 246 987 νατόν
259 969 289 987 τε
304 961 375 987 κατὰ
391 961 492 996 μοιχῶν
513 960 718 997 ἐπιψηφίζεταιο
734 961 748 988 ὁ
765 962 792 988 δὲ
810 963 860 998 τῆς
876 963 958 997 εὐαγ-

1011 963 1073 983 cum
1087 965 1119 984 eo
1142 958 1224 985 simul
1241 959 1332 986 omnia
1357 960 1479 987 membra
1503 961 1686 996 patiuntur“.
1706 972 1715 987 ι
1735 963 1801 995 Qua;-

167 1007 279 1042 γελικῆς
305 1007 479 1039 διδασκαλίας
505 1008 550 1034 τὸν
579 1008 659 1043 νόμον
685 1009 836 1041 ἐπιτείνων,
869 1011 960 1046 φησιν’

171 1063 181 1080 1
214 1053 329 1090 Ἑρρέθη
345 1055 403 1084 τοῖς
431 1055 567 1090 ἀρχαίοις·
589 1055 626 1081 Οὐ
658 1056 821 1090 μοιχεύσεις·
853 1055 909 1090 ἐγὼ
933 1057 961 1084 δὲ

167 1099 239 1134 λέγω
254 1101 328 1135 ὑμῖν,
341 1101 408 1136 μηδὲ
418 1100 559 1136 τὴνάρχὴν
573 1101 725 1137 ἐπιθυμεῖν
741 1111 750 1127 ι
761 1102 896 1137 σκέψασθε
911 1112 961 1129 κα-

165 1145 221 1178 λῶς
241 1146 286 1172 τον
312 1147 375 1182 περὶ
396 1145 427 1173 οὗ
448 1147 495 1174 νῦν
517 1149 531 1174 δ
547 1147 634 1182 λόγος,
650 1148 689 1180 ὃς,
707 1149 778 1176 κατὰ
794 1149 824 1175 τὸ
842 1150 960 1185 Χριστοῦ

167 1192 242 1227 βιοὺς
252 1192 427 1226 Εὑαγγέλιον,
442 1193 489 1219 καὶ
502 1192 532 1219 τὺ
549 1194 606 1228 μετ’
623 1193 768 1229 ἐπιθυμίας
784 1194 961 1221 ἀκολαστότε-

167 1247 214 1275 ρον
229 1238 376 1275 ἐμϐλέπειν
393 1239 624 1274 παρεφυλάττετο,
636 1240 678 1274 ἐφ’
691 1237 712 1274 ᾧ
726 1242 772 1267 καὶ
787 1240 958 1276 ἐσεμνύνετο,

165 1286 261 1321 ὶὲγων·
278 1296 287 1312 1
303 1287 335 1313 Et
345 1287 373 1313 δὲ
384 1287 430 1313 καὶ
442 1286 481 1321 τῷ
491 1286 622 1322 ὀφθαλμῷ
636 1287 853 1323 ἐπηκολούθησεν
865 1289 881 1324 ἡ
892 1297 960 1324 καρ-

165 1332 210 1360 δία
229 1342 280 1368 μου
300 1333 410 1367 γυναικὶ
434 1333 530 1368 ἀνδρὸς
551 1333 655 1369 ἐτέρου·
679 1343 687 1359 ›
710 1334 756 1360 καὶ
771 1334 816 1360 τὸν
831 1334 959 1369 λογισμὸν

166 1375 328 1413 ἀποδίδωσιν
342 1376 406 1411 ἐξῆς
421 1377 540 1411 ἐπάγων·
565 1386 574 1402 1
593 1377 685 1413 Θυμὸς
707 1378 761 1414 γὰρ
781 1378 876 1414 ἀνδρὸς
891 1379 959 1405 ἀκα-

165 1422 296 1458 τάσχετος
317 1422 348 1449 τὸ
377 1423 470 1458 μιᾶναι
495 1423 592 1459 ἀνδρὸς
614 1425 741 1458 γυναῖκα·
760 1424 815 1460 πῦρ
831 1425 886 1460 γάρ
902 1425 959 1452 ἐστι

165 1470 310 1504 καιόμενον
325 1469 371 1496 ἐπὶ
388 1470 495 1496 πάντων
515 1469 569 1496 τῶν
592 1470 692 1505 μερῶν·
708 1467 738 1497 οὗ
752 1471 774 1497 δ’
789 1470 821 1497 ἂν
841 1471 957 1508 εἰσέλθῃ,

165 1518 198 1544 ἐκ
214 1516 296 1552 ῥιζῶν
309 1515 459 1543 ἀπώλεσεν.
479 1525 488 1542 ›
512 1516 590 1543 Ἀλλὰ
606 1517 653 1543 καὶ
668 1517 697 1543 τὺ
713 1517 760 1543 τοῦ
775 1517 876 1553 τρόπου
891 1518 959 1545 ἀδω-

167 1563 311 1598 ροδόκητον
326 1562 489 1598 παρίστησιν
503 1558 563 1589 ὦδε·
580 1571 589 1588 1
605 1563 671 1590 Εῑδὲ
685 1564 731 1590 καὶ
740 1565 800 1595 ταῖς
813 1564 890 1599 χερσί
908 1573 958 1600 μου

166 1609 279 1644 ἡψάμην
303 1608 407 1644 δώρων,
435 1608 578 1644 σπείραιμι
597 1609 660 1645 ἄρα,
679 1609 726 1636 καὶ⁸
741 1609 816 1636 ἄλλοι
837 1610 956 1644 φάγοιεν·

165 1655 278 1690 ἀρριζος
292 1655 320 1681 δὲ
333 1655 462 1691 γενοίμην
477 1655 523 1681 ἐπὶ
534 1651 595 1690 γῆς.
611 1665 620 1681 ι
642 1655 735 1687 Ὅπως
745 1655 772 1681 δὲ
791 1656 837 1682 καὶ
853 1657 910 1687 τοῖς
920 1656 959 1682 οξ-

166 1701 250 1736 κείοις
267 1701 460 1736 προσεφέρετο,
485 1701 579 1736 μαθεῖν
596 1701 680 1733 ἐστιν,
702 1701 749 1736 ἀρ’
769 1697 807 1729 ὧν
828 1701 958 1734 διδάσκει,

167 1747 289 1782 gente-w-
307 1757 317 1772 1
338 1747 370 1774 Et
381 1747 410 1773 δὲ
427 1748 473 1774 καὶ
485 1747 618 1781 ἐφαύλισα
629 1747 715 1783 κρίμα
731 1747 896 1783 Θεράποντός
909 1756 959 1782 μου

165 1791 183 1828 ἢ
195 1792 372 1829 θεραπαίνης,
388 1792 554 1828 κρινομένων
564 1792 653 1819 αὐτῶν
668 1793 735 1828 πρὸς
747 1792 805 1828 ἐμέ·
822 1802 831 1818 ι
845 1792 891 1819 καὶ
909 1792 960 1819 πά-

165 1839 207 1871 λιν
215 1838 399 1874 τδνλογισμὸν
410 1839 565 1866 ἀποδίδωσι·
578 1848 586 1864 1
604 1838 635 1865 Τί
646 1838 700 1874 γὰρ
715 1839 828 1874 ποιήσω,
841 1839 887 1865 ἐὰν
897 1839 959 1866 ἔτα-

168 1886 208 1912 σίν
224 1894 274 1921 μου
283 1886 390 1920 ποιῆται
402 1885 416 1911 ὁ
428 1884 508 1917 Θεός;
526 1885 639 1920 πότερον
654 1885 702 1919 οὐχ
713 1885 751 1915 ὡς
763 1884 817 1919 ἐγὼ
827 1885 960 1920 ἐγενόμην

166 1933 195 1958 ὲν
203 1932 297 1968 σαρκὶ,
308 1931 395 1959 οὕτως
401 1931 521 1958 κάκεῖνοι
532 1931 661 1965 γεγόνασι
670 1939 677 1959 ;
689 1930 840 1965 γεγόναμεν
849 1930 877 1957 δὲ
888 1932 916 1956 ἐν
925 1932 958 1966 τῇ

166 1978 235 2013 αὐτῇ
250 1977 349 2012 κοιλίᾳ.
368 1987 377 2002 ι
395 1976 505 2007 Τούτοις
518 1975 649 2010 ἐπιλέγει·
671 1985 680 2000 1
699 1976 794 2010 Χήρας
807 1975 853 2001 τὸν
865 1975 961 2010 ὀφθαλε

168 2024 216 2059 μὸν
230 2024 281 2050 οὐκ
296 2023 419 2058 ἐξέτηξαο
444 2023 469 2048 εἰ
494 2022 522 2049 δέ
539 2023 585 2048 καὶ
606 2022 652 2048 τὸν
670 2021 766 2057 ψωμόν
787 2030 837 2056 μου
859 2020 960 2056 ἔφαγον

167 2070 257 2106 μόνος,
274 2070 320 2096 ml
330 2070 390 2104 οὐχὶ
402 2068 513 2104 ὀρφανῷ
531 2069 669 2104 μετέδωκα
683 2068 712 2101 ἐξ
727 2067 819 2094 αὑτοῦ·
836 2068 860 2094 εἰ
874 2067 902 2094 δὲ
914 2069 960 2094 καὶ

165 2116 235 2143 εἶδον
255 2115 359 2151 γυμνὸν
376 2115 569 2150 ἀπολλύμενον,
594 2114 642 2141 καὶ
666 2114 716 2140 οὐκ
729 2113 861 2149 ἠμφίεσαι.
879 2122 888 2138 ι
905 2113 960 2139 Καὶ

165 2162 247 2189 πᾶλιν
263 2161 367 2194 ὑποϐὰς
382 2161 456 2196 λέγει
469 2170 475 2176 ·
493 2171 502 2186 1
524 2162 556 2187 Et
572 2161 600 2187 δὲ
616 2161 663 2187 καὶ
678 2160 744 2195 λίθῳ
756 2159 895 2186 πολυτελεῖ
910 2160 959 2185 ἐπ-

166 2208 309 2243 εποίθησα·
327 2209 350 2234 εὶ
371 2207 400 2234 δὲ
418 2207 464 2234 καὶ
482 2206 641 2242 ηὐφράνθην
666 2205 763 2232 πολλοῦ
780 2205 895 2232 πλούτου
915 2213 968 2240 μοι.

165 2254 321 2290 γενομένου·
336 2255 361 2280 εί
373 2254 400 2280 δὲ
414 2254 460 2280 καὶ
482 2254 524 2279 ἐπ’
544 2252 737 2288 ἀναριθμήτοις
761 2251 862 2287 ἐθέμην
880 2251 959 2287 χεῖρά

168 2309 228 2336 μου.
247 2310 256 2326 ›
282 2301 339 2326 Καὶ
359 2300 404 2326 τὸν
427 2299 556 2334 λογισμὸν
575 2296 652 2329 αὖθις
670 2297 798 2331 ἐπιλέγει·
820 2306 828 2323 1
852 2297 887 2322 'H
908 2296 958 2330 οὺχ
977 2309 997 2335 η

164 2347 273 2384 ὁρῶμεν
292 2346 370 2382 ἥλιον
383 2345 587 2380 ἐπιφαύσκοντα
601 2344 647 2370 καὶ
662 2343 832 2374 ἐκλείποντα,
850 2342 898 2368 καὶ
918 2350 959 2368 σε-

165 2391 249 2427 λήνην
270 2390 299 2417 δὲ
316 2389 481 2424 φθίνουσαν;
503 2398 511 2414 ι
531 2387 597 2415 Εἶτα
615 2387 695 2415 πάλιν
712 2388 761 2423 τῆς
778 2386 958 2422 εὐαγγελικῆς

165 2437 340 2468 διδασκαλίας
379 2436 515 2471 ῳησάσης,
544 2444 553 2460 1
590 2433 704 2470 Ἐρρέθη
729 2435 786 2465 τοῖς
813 2433 956 2469 ἀρχαίοις·

171 2484 338 2519 ’Δγαπήσεις
349 2482 395 2509 τὸν
408 2481 519 2517 πλησίον
534 2490 591 2513 σου,
606 2480 653 2507 καὶ
667 2480 792 2515 μισήσεις
803 2479 848 2505 τὸν
863 2478 958 2514 ἐχθρόν

165 2539 224 2557 σου.
245 2528 317 2562 Ἐγὼ
338 2528 367 2555 δὲ
392 2527 463 2562 λέγω
487 2529 560 2564 ὑμῖν
591 2527 728 2561 Ἀγαπᾶτε
760 2526 822 2557 τοὺς
846 2524 959 2560 ἐχθροὺς

166 2574 253 2610 ὑμῶν,
274 2584 284 2600 ι
300 2574 432 2609 αὺτοφυεῖ
448 2573 607 2608 διδασκαλίᾳ
619 2571 762 2608 προλαϐὼν
776 2571 791 2596 ὀ
807 2570 957 2605 θαυμάσιος

165 2620 280 2658 τοῦργον
295 2621 464 2656 ἁπεπλήρου.
478 2620 523 2646 Διό
537 2628 628 2655 φησιν·
650 2628 659 2644 1
679 2618 747 2644 Εἰδέ
764 2617 810 2644 καὶ
821 2617 957 2652 ἐπιχαρὴς

166 2667 300 2703 ἐγενόμην
315 2667 361 2694 ἐπὶ
377 2667 503 2702 πτώματι
517 2665 614 2701 ἐχθροῦ
629 2674 690 2701 μου,
708 2664 755 2690 καὶ
771 2662 846 2690 εἶπεν
859 2663 876 2698 ἡ
888 2670 956 2696 καρ-

165 2715 207 2741 δία
221 2723 283 2750 μου,
301 2711 383 2748 Εὖγε,
403 2713 518 2748 ἤκουσεν
535 2712 589 2747 ἄρα
601 2711 631 2737 τὺ
647 2709 694 2742 οὖς
707 2719 757 2746 μου
771 2710 822 2745 τὴν
834 2708 956 2744 κατάραν

167 2769 244 2796 μου.»
259 2761 313 2788 Καὶ
326 2759 471 2793 ἐπιλέγει-ι
485 2757 593 2790 Ἐξωδέ
605 2757 654 2782 οὐκ
666 2755 790 2791 ηὐλίζετο
806 2755 889 2787 ξένος,
902 2753 956 2789 ἡδὲ

165 2807 234 2843 θύρα
248 2816 298 2843 μου
314 2807 396 2833 *παντὶ
409 2805 509 2832 ἐλθόντι
523 2803 654 2838 ἀνέῳκτο,
669 2812 678 2828 ι
697 2803 757 2829 ἐπεὶ
767 2802 803 2837 μὴ
814 2800 953 2836 ἀλλότριος

210 2887 232 2903 ⁸³
260 2886 314 2914 Job
342 2894 427 2917 xm,
456 2884 550 2910 “~16.
589 2883 611 2898 “
644 2881 722 2908 Rom.
746 2889 796 2911 xtl.
829 2881 873 2907 15.
913 2880 935 2895 ⁸⁷

210 2930 286 2942 ine
327 2922 363 2942 εὶς
430 2921 452 2935 7°
471 2919 522 2942 .lnli
561 2926 636 2942 xxxi.
657 2918 684 2942 6.
714 2917 742 2942 7.
793 2916 813 2931 ⁷¹
837 2915 922 2942 Exod.
956 2923 959 2942 Ι

1011 2881 1055 2906 .th.
1079 2888 1106 2911 ν,
1140 2880 1174 2913 5;
1209 2881 1275 2908 Luc.
1297 2889 1336 2913 vt,
1365 2881 1411 2908 2|.

1025 2915 1068 2942 14.
1122 2916 1144 2931 ⁷²
1172 2916 1265 2942 Matth.
1287 2925 1302 2938 ν
1331 2916 1377 2942 27.
1397 2916 1411 2942 ἓ

837 2923 922 2943 ωοιι.
956 2923 1002 2946 ΣΧ,
1025 2923 1068 2942 ‘ll.

814 2951 922 2992 "‘ribid.
942 2950 1034 2978 ιιι-15,

164 2921 214 2948 Joh
235 2930 299 2950 xxx.
327 2922 372 2949 25.
430 2921 452 2935 ⁷⁵
471 2919 522 2946 Job
561 2926 636 2947 xxxi.
657 2918 684 2947 6,
714 2917 742 2943 7.

165 2958 186 2973 ⁷⁸
204 2957 269 2985 Ibid.
289 2957 332 2986 12.
372 2957 395 2972 ⁷⁵
413 2955 478 2982 Ibid.
501 2954 558 2982 7-8.
581 2953 620 2995 ﬂ-"
640 2952 705 2993 Ibid.
726 2953 767 2979 13.

1013 1001 1039 1028 in
1058 1002 1209 1037 disciplina:
1235 1004 1398 1039 evangelica:
1420 1004 1592 1033 documentis
1616 1007 1799 1041 continentur,

1012 1047 1160 1076 humanum
1186 1052 1213 1076 et
1236 1049 1442 1077 misericordem
1468 1059 1531 1086 erga
1554 1052 1668 1079 miseros
1697 1053 1723 1079 in
1746 1054 1800 1080 vita

1012 1094 1133 1121 animum
1152 1094 1350 1122 demonstravit
1370 1095 1485 1124 dicens:
1507 1107 1514 1122 1
1533 1097 1588 1133 Ego
1613 1102 1701 1126 autem
1718 1107 1799 1133 super

1012 1139 1087 1166 omni
1105 1140 1187 1175 inope
1208 1140 1280 1171 ﬂevi.
1300 1145 1328 1168 et
1347 1142 1483 1177 suspiravi
1505 1151 1566 1170 cum
1587 1144 1675 1171 virum
1697 1145 1751 1171 vidi
1773 1145 1801 1171 in

1011 1186 1224 1214 necessitatibus
1236 1187 1269 1214 δ’.
1288 1197 1296 1213 ι
1317 1187 1416 1216 Deinde
1431 1197 1528 1217 rursus
1543 1198 1605 1217 cum
1622 1191 1801 1218 immodestos

1010 1231 1084 1259 risus
1113 1231 1238 1259 doctrina
1267 1234 1420 1268 evangelica
1440 1240 1561 1270 respuat,
1579 1237 1673 1264 beatus
1699 1237 1742 1264 hic
1757 1237 1800 1264 vir

1010 1281 1086 1305 tanto
1104 1282 1166 1306 ante
1183 1280 1362 1314 pronuntiat:
1380 1290 1388 1306 1
1406 1280 1434 1308 Si
1451 1290 1515 1309 vero
1530 1283 1665 1310 ambulavi
1680 1291 1741 1310 cum
1752 1284 1800 1312 de-

1010 1324 1155 1356 risoribus,
1171 1328 1198 1351 et
1215 1325 1237 1352 si
1253 1324 1390 1353 festinavit
1404 1334 1450 1361 pes
1471 1335 1548 1355 meus
1562 1327 1595 1354 ad
1611 1328 1715 1359 dolum,
1732 1336 1800 1356 con<

1011 1369 1067 1397 stiti
1082 1371 1109 1397 in
1126 1374 1228 1398 statera
1245 1370 1330 1406 justa,
1347 1376 1374 1399 et
1390 1373 1466 1400 novit
1484 1373 1616 1402 Dominus
1638 1374 1800 1409 simplicita-

1010 1418 1063 1441 tem
1077 1423 1165 1442 meam
1176 1416 1209 1442 7°.
1230 1425 1239 1442 ι
1258 1416 1391 1449 Quoniam
1410 1425 1475 1444 vero
1491 1417 1573 1446 Mosis
1585 1419 1665 1446 verba
1679 1419 1723 1446 illa
1736 1419 1802 1454 legis

1010 1460 1069 1487 loco
1080 1466 1253 1496 proponunt:
1271 1472 1280 1487 1
1298 1461 1356 1490 Non
1370 1463 1532 1491 adulterium
1545 1465 1699 1493 committes
1709 1465 1758 1497 ⁷³,ι
1774 1469 1802 1493 et

1010 1510 1125 1534 mortem
1144 1511 1238 1534 contra
1256 1509 1395 1537 adulteros
1415 1517 1523 1545 pmnam
1551 1511 1737 1538 constituunt:
1754 1512 1801 1546 qui

1010 1556 1100 1580 autem
1116 1553 1249 1582 doctrinae
1272 1556 1437 1591 evangelica:
1449 1557 1535 1591 legem
1543 1556 1685 1590 describit,
1695 1558 1731 1584 ita
1743 1557 1799 1584 ait:

1014 1607 1023 1624 1
1043 1597 1148 1625 Dictum
1159 1603 1200 1626 est
1213 1599 1333 1634 antiquis
1348 1610 1354 1627 :
1372 1599 1431 1627 Non
1452 1601 1653 1633 mmcliaberis;
1671 1609 1721 1635 ego
1737 1609 1801 1630 vero

1013 1642 1075 1671 dico
1090 1644 1179 1676 vobis,
1201 1653 1235 1672 ne
1252 1645 1286 1673 ab
1310 1646 1387 1673 initio
1411 1646 1520 1681 quidem
1540 1648 1670 1683 cupere"
1687 1656 1693 1673 :
1716 1656 1801 1683 »ευθ-

1014 1695 1118 1719 ctemus
1137 1692 1223 1726 probe
1235 1692 1316 1724 hunc,
1334 1693 1367 1720 de
1383 1701 1437 1728 quo
1453 1700 1542 1720 sermo
1556 1698 1607 1725 est,
1622 1693 1801 1729 quemadmo-

1012 1736 1077 1763 dum
1097 1737 1247 1764 secundum
1263 1737 1366 1766 Christi
1381 1738 1556 1774 Evangelium
1572 1740 1677 1770 vivens.
1688 1748 1723 1767 ne
1739 1748 1801 1767 cum

1012 1782 1162 1817 cupiditate
1186 1783 1313 1811 licentius
1340 1785 1485 1819 aspiceret,
1504 1786 1585 1817 cavit,
1604 1786 1631 1812 in
1646 1793 1701 1820 quo
1718 1786 1802 1813 etiam

1011 1827 1191 1861 gloriabatur,
1210 1827 1306 1856 dicens
1322 1839 1328 1856 :
1344 1838 1352 1854 1
1373 1828 1401 1856 Si
1412 1837 1478 1857 vero
1491 1830 1601 1857 oculum
1619 1835 1743 1858 secutum
1759 1836 1801 1859 est

1011 1881 1059 1901 cor
1074 1882 1162 1901 meum
1180 1875 1207 1902 in
1224 1875 1337 1903 muliere
1347 1875 1463 1906 alterius
1480 1876 1578 1903 viri”:
1599 1887 1607 1902 ι
1626 1882 1654 1904 et
1667 1878 1800 1906 rationem

1012 1920 1134 1956 assignat
1151 1921 1280 1957 deinceps
1304 1921 1455 1958 adjungens
1471 1932 1477 1950 :
1497 1932 1507 1949 1
1526 1922 1640 1951 Animus
1660 1924 1732 1950 enim
1749 1925 1801 1952 viri

1011 1967 1162 1996 dissolutus
1190 1968 1224 1995 ad
1248 1969 1443 2003 inquinandam
1468 1969 1520 1996 viri
1545 1969 1707 2001 mulierem,
1730 1970 1802 2005 ignis

1011 2014 1083 2042 enim
1103 2018 1145 2042 est
1160 2015 1261 2043 ardens
1281 2015 1309 2044 in
1334 2015 1461 2043 omnibus
1490 2015 1615 2050 partibus
1643 2016 1688 2043 ’δι
1718 2017 1801 2052 quod-

1013 2068 1122 2095 cunque
1142 2064 1231 2088 autem
1251 2061 1392 2093 invaserit,
1408 2061 1540 2089 radicitus
1555 2062 1669 2097 perdere
1684 2069 1804 2091 consuev

1011 2107 1064 2139 vit;
1080 2117 1089 2132 ι
1100 2107 1147 2134 sed
1155 2107 1237 2134 etiam
1246 2107 1418 2143 incorruptos
1428 2107 1570 2143 injudieiis
1582 2116 1672 2136 mores
1684 2109 1799 2141 inducit,

1009 2155 1051 2183 sic
1062 2166 1069 2183 :
1082 2166 1091 2182 1
1112 2156 1140 2184 Si
1157 2161 1246 2185 autem
1258 2157 1384 2185 manibus
1399 2158 1466 2184 meis
1481 2157 1556 2191 attigi
1571 2163 1694 2187 munera.
1711 2163 1800 2184 seram

1011 2202 1086 2238 ipse,
1108 2208 1134 2230 et
1156 2203 1201 2230 alii
1221 2202 1416 2234 comedant,et
1434 2203 1494 2230 sine
1516 2203 1602 2238 stirpe
1625 2202 1755 2229 exsistam
1772 2202 1800 2228 in

1011 2251 1083 2274 terra
1096 2247 1130 2274 ⁷⁸.
1148 2257 1157 2273 ι
1170 2247 1312 2280 Quomodo
1323 2252 1414 2275 autem
1427 2255 1457 2275 se
1465 2255 1529 2283 erga
1543 2247 1709 2275 domesticos
1723 2255 1800 2282 gere-

1011 2298 1052 2321 ret
1064 2301 1096 2320 ex
1108 2293 1141 2321 iis
1151 2294 1214 2322 licet
1226 2293 1325 2321 intueri
1337 2301 1397 2328 qua:
1409 2293 1499 2324 docet.
1514 2301 1576 2320 cum
1591 2293 1629 2319 ait
1646 2300 1653 2318 :
1667 2302 1675 2318 1
1693 2291 1721 2319 Si
1733 2300 1800 2319 con-

1009 2339 1106 2374 tempsi
1126 2339 1218 2367 subire
1230 2339 1364 2375 judicium
1380 2346 1442 2366 cum
1466 2347 1544 2367 servo
1567 2346 1639 2370 meo,
1659 2342 1685 2366 et
1703 2337 1800 2365 ancilla

1011 2392 1082 2417 mea,
1099 2392 1161 2412 cum
1177 2385 1362 2420 disceptarent
1373 2384 1518 2412 adversum
1530 2385 1620 2412 me”:
1631 2394 1640 2410 ι
1660 2388 1686 2411 et
1703 2383 1800 2410 deinde

1010 2432 1143 2459 rationem
1159 2432 1299 2467 assignat:
1318 2441 1327 2457 1
1343 2431 1413 2464 Quid
1425 2432 1497 2459 enim
1506 2431 1615 2462 faciam,
1631 2431 1653 2459 si
1665 2430 1799 2465 judicium

1011 2483 1107 2507 contra
1124 2487 1168 2507 me
1184 2479 1337 2506 exercuerit
1349 2478 1439 2506 Deus?
1455 2478 1577 2513 nunquid
1595 2485 1650 2504 non
1668 2478 1800 2512 quemad-

1011 2525 1122 2552 modum
1140 2532 1190 2560 ego
1211 2525 1300 2552 factus
1318 2532 1378 2552 sum
1404 2525 1431 2551 in
1455 2531 1548 2556 carne,
1565 2527 1592 2550 et
1614 2523 1654 2550 sic
1678 2523 1715 2550 illi
1736 2522 1801 2550 facti

1012 2570 1096 2598 sunt?
1112 2569 1174 2597 facti
1194 2578 1276 2605 porro
1298 2578 1393 2598 sumus
1415 2570 1443 2597 in
1463 2569 1559 2597 eodem
1579 2574 1659 2597 utero
1671 2569 1706 2596 ".
1723 2579 1732 2596 ι
1752 2568 1800 2596 His

1010 2616 1134 2651 adiungit
1150 2624 1156 2642 :
1176 2626 1184 2642 1
1204 2613 1299 2644 Vidua;
1319 2616 1428 2644 oculum
1451 2622 1506 2642 non
1520 2615 1672 2649 liquescere
1687 2614 1739 2642 feci
1754 2625 1760 2642 :
1777 2615 1800 2642 si

1010 2665 1100 2690 autem
1112 2666 1138 2690 et
1150 2661 1301 2689 buccellam
1316 2669 1403 2689 meam
1412 2661 1518 2689 comedi
1534 2660 1620 2693 solus,
1629 2665 1656 2688 et
1669 2668 1722 2687 non
1737 2667 1800 2687 cum

1010 2707 1113 2742 pupillo
1127 2707 1346 2735 communicavi:
1361 2711 1388 2734 et
1403 2707 1427 2735 si
1442 2707 1497 2735 vidi
1512 2708 1614 2734 nudum
1630 2710 1799 2741 pereuntem,

1010 2757 1037 2780 et
1052 2761 1106 2780 non
1120 2753 1258 2780 vestiri".
1281 2763 1289 2779 ι
1309 2753 1342 2780 Et
1363 2753 1492 2788 deinceps
1510 2760 1674 2788 progressus
1699 2752 1739 2779 sic
1756 2751 1800 2778 di-
1839 2786 1845 2796 ι

1008 2798 1046 2826 cit
1060 2809 1066 2825 :
1084 2807 1093 2825 1
1114 2798 1143 2826 Si
1158 2807 1223 2827 vero
1239 2803 1266 2827 et
1286 2800 1314 2827 in
1326 2799 1415 2834 lapide
1428 2799 1549 2835 pretioso
1564 2799 1690 2826 ﬁduciam
1704 2797 1799 2838 habui,

1451 2881 1473 2896 “
1492 2879 1502 2906 1
1522 2879 1584 2907 Cor.
1607 2887 1662 2911 xu,
1693 2878 1738 2905 26.
1777 2879 1800 2894 ⁸⁵

1122 2916 1145 2952 ⁷ξ
1172 2916 1265 2952 Matth.
1287 2925 1310 2950 ν,
1331 2916 1377 2950 27,
1397 2916 1451 2952 28..
1497 2915 1529 2950 ⁷³,
1549 2915 1601 2942 Job
1629 2922 1703 2946 iam,
1722 2913 1797 2950 .7—9.

1088 2951 1111 2966 ⁷⁸
1130 2951 1195 2978 ibid.
1218 2951 1307 2979 16-19.
