2053 3218
247 163 284 192 59
568 162 703 191 EL'SEBI‘!
722 163 961 191 CAZSARlENSIS
979 163 1056 192 OPP.
1073 162 1165 191 PARS
1180 162 1212 191 Il.
1233 155 1268 183 4-
1282 161 1532 190 APOLOGE’I'ICA.
1823 164 1859 193 σθ

246 221 314 250 riter
331 220 364 248 ad
388 228 484 249 omnes
508 225 602 256 gentes
620 221 690 249 Novi
714 221 880 249 Testamenti
902 222 1020 249 doctrin:

1078 222 1251 258 προσάγουσα
1263 221 1326 252 τοὺς
1342 219 1501 255 προσιόντας
1514 220 1581 256 αὐτῇ
1594 220 1660 255 βίον.
1675 221 1775 249 Αὐτίκα
1794 222 1862 257 γοῦν

245 266 423 304 perferretur,
441 271 498 293 tum
513 267 639 302 protinus
653 266 778 300 Romani,
793 275 856 294 cum
873 268 968 294 urbem
980 267 1028 295 ob-

245 312 353 341 sidione
374 312 535 344 cinxissent,
550 312 737 348 Hierosolyma
759 313 828 348 ipsa,
851 317 878 340 et
898 312 971 348 quod
990 313 1027 340 ibi

245 362 305 384 erat
321 357 451 391 templum
471 360 638 388 everterunt,
659 357 802 392 solutaque
824 362 866 384 est
882 357 1027 385 confestim

245 403 336 430 omnis
351 402 434 430 Mosis
457 402 627 434 constitutio,
647 406 674 429 et
690 410 860 437 quazcunque
876 403 910 430 de
931 402 1026 430 Vetere

245 447 420 476 Testamento
441 449 630 480 servabantur,
648 449 752 476 sublata
774 453 846 476 sunt.
868 448 1025 476 Exsecratio

245 498 336 521 autem
348 495 380 521 ad
392 495 453 522 illos
469 495 552 528 venit,
569 495 632 530 quia
648 502 710 522 cum
723 502 754 521 ca
766 502 826 529 qua:
839 503 854 521 a
868 494 942 522 Mose
957 503 1026 530 prae-

245 544 325 574 cepta
345 543 409 567 sunt
424 544 522 575 przeter
538 540 623 574 legem
641 540 731 567 facere
745 541 856 573 vellent,
869 541 896 567 in
912 548 971 568 eam
985 542 1025 576 ip—

246 592 304 612 sam
317 586 530 612 exsecrationem
545 586 570 612 vi
582 585 698 620 quadam
710 586 796 613 coacti
813 590 878 614 sunt
894 587 1024 614 recidere.

245 629 267 656 Ε
283 631 422 658 contrario
444 635 533 658 autem
555 632 636 659 simul
653 636 680 664 ct
698 632 792 659 eodem
816 635 938 667 tempore
955 633 1024 668 ejus,

245 683 305 711 quae
320 677 347 703 in
357 676 432 704 Novo
443 677 617 712 perfectoque
629 677 806 705 Testamento
816 679 970 705 continetur
981 679 1027 706 do-

245 722 348 754 ctrinae,
375 727 402 749 et
425 723 508 758 leges,
533 727 560 749 et
578 723 648 750 ritus
668 723 815 751 introducti
841 728 914 752 sunt.
937 723 1026 757 Quare

245 767 343 794 merito
359 767 485 795 Salvator
500 771 527 795 et
541 767 684 800 Dominus,
702 769 734 796 ad
758 777 806 796 eos
825 770 871 804 qui
895 770 1026 804 putabant

243 811 273 839 in
292 813 351 839 sola
371 812 534 846 Jerusalem,
569 818 615 840 aut
639 814 666 841 in
687 815 824 842 montibus
848 815 1024 850 quibusdam,

243 856 303 885 sive
315 859 397 885 certis
409 857 650 894 determinatisque
658 861 723 888 locis
732 861 815 888 Deum
826 861 933 888 adorari
944 868 1025 895 opor-

1077 268 1131 294 τῶν
1144 266 1285 302 μακαρίων
1306 265 1416 292 ἐκείνων
1439 265 1487 292 καὶ
1508 265 1649 300 θεοφιλῶν,
1663 266 1716 297 τῶν
1728 268 1800 303 ἀμερὶ
1813 268 1861 295 τὸν

1083 311 1207 348 ’Δὸραάμ
1217 311 1297 345 λέγω,
1309 311 1359 336 οὐκ
1369 311 1566 346 ἀφωρισμένως
1579 310 1608 337 ἐν
1620 319 1673 338 τινι
1689 311 1764 347 τόπῳ
1776 320 1862 348 προτ-

1076 359 1244 392 κυνούντων,
1272 359 1332 385 οὐδὲ
1358 358 1402 385 διὰ
1424 358 1564 394 συμϐόλων
1585 359 1632 385 καὶ
1649 359 1754 392 τύπων,
1768 359 1826 387 ἀλλ’
1841 357 1860 398 ᾖ

1077 414 1157 440 φησιν
1184 406 1198 431 ὁ
1214 405 1305 440 Σωτὴρ
1330 405 1376 431 καὶ
1395 405 1496 439 Κύριος
1513 404 1601 440 ἡμῶν,
1617 405 1645 430 ἐν
1663 405 1796 440 πνεύματι
1811 407 1859 432 καὶ

1076 451 1200 486 ἀληθείᾳ,
1213 451 1230 485 ἢ
1247 450 1291 476 διὰ
1315 450 1364 485 τῆς
1385 449 1432 476 τοῦ
1457 450 1581 486 Σωτῆρος
1599 450 1677 485 ἡμῶν
1699 451 1859 485 ἐπιςανείας

1076 497 1166 523 ἆπασιι
1175 498 1230 528 τοῖς
1246 497 1349 523 ἔθνεσιν
1366 496 1480 531 ὑπῆρξε,
1495 496 1548 522 τῶν
1564 496 1645 523 πάλαι
1654 498 1797 532 προφητῶν
1810 499 1859 525 καὶ

1075 542 1153 568 τοῦτο
1163 542 1378 578 τεθεωρηκότων.
1387 542 1466 575 Λέγει
1479 542 1500 567 δ’
1515 539 1561 568 οὖν
1573 542 1701 578 ἄντικρυς
1712 544 1839 577 Σοφονίας
1848 552 1855 559 ·
1875 555 1881 574 r,

1079 596 1088 612 α
1100 588 1308 623 Ἐπιςεανήσεται
1319 588 1419 623 Κύριος
1430 589 1473 614 ἐπ’
1491 588 1597 621 αὐτοὺς,
1611 589 1658 615 καὶ
1674 589 1857 625 ἐξολοθρεὺσει

1076 634 1179 665 πάντας
1194 634 1255 666 τοὺς
1267 633 1343 665 θεοὺς
1356 634 1411 660 τῶν
1428 633 1511 660 ἐθνῶν
1528 634 1577 668 τῆς
1597 634 1659 669 γῆς,
1674 636 1721 661 καὶ
1739 644 1858 670 προσκυ-

1075 681 1200 716 νήσουσιν
1217 680 1306 715 αὐτῷ,
1323 680 1435 712 ἕκαστος
1460 680 1492 706 ἐκ
1507 680 1555 706 τοῦ
1569 681 1650 707 τόπου
1675 681 1772 708 αὐτῶν.
1790 690 1801 708 ι
1825 682 1856 708 Ὀ

1075 726 1103 752 δί
1121 727 1262 761 Μαλαχίας
1279 727 1345 762 ὁμοῦ
1369 726 1437 762 πρὸς
1456 727 1518 758 τοὺς
1535 729 1566 753 ὲκ
1583 728 1730 763 περιτομῆς
1747 728 1856 754 ἀποτεί-

1076 781 1158 804 νεται,
1170 772 1216 798 καὶ
1241 773 1304 807 περὶ
1320 772 1374 798 τῶν
1390 772 1473 798 ἐθνῶν
1487 773 1573 799 ταῦτα
1591 775 1786 809 προαναιρωνεῖ,
1804 774 1858 807 φά-

1077 819 1236 845 σκωνοιοὺκ
1247 818 1303 844 ἔστι
1317 827 1366 853 μου
1379 817 1493 853 θέλημα,
1506 818 1581 852 λέγει
1591 818 1692 854 Κύριος
1705 819 1855 854 τλποκῴ·

1076 873 1142 900 τωρ,
1168 865 1215 891 καὶ
1238 864 1332 896 θυσίας
1359 865 1389 890 οὑ
1412 863 1590 899 προσδέξομαι
1617 866 1648 891 ἐκ
1680 864 1733 890 τῶν
1756 864 1855 900 χειρῶν

243 907 312 936 tere,
332 904 373 931 sic
388 904 425 931 ait
440 912 446 930 :
467 913 476 930 ι
499 904 580 932 Venit
598 906 676 937 hora,
702 911 729 934 et
747 914 821 933 nunc
843 912 901 939 est,
917 907 1020 942 quando

1077 910 1162 945 ὑμῶν,
1177 910 1243 936 διότι
1267 911 1314 936 ἀπ’
1335 910 1477 945 ἀνατολῆς,
1509 911 1555 936 καὶ
1577 911 1657 946 μέχρι
1673 911 1802 946 δυσμῶν,
1823 911 1854 936 τὸ

243 948 300 976 veri
314 948 474 977 aduratores
490 949 642 977 adorabunt
658 951 775 983 Patrem,
792 959 878 987 neque
892 952 919 978 in
935 956 1025 980 monte

244 994 314 1026 boc,
333 1003 420 1030 neque
435 997 463 1022 in
478 995 639 1024 Jerusalem.
657 997 775 1032 Spiritus
796 998 868 1024 enim
887 997 968 1030 Deus,
997 1002 1024 1025 ct

243 1040 331 1075 ipsum
347 1041 503 1075 adorantes,
518 1043 545 1069 in
561 1043 659 1078 spiritu
673 1047 700 1070 et
717 1045 831 1072 veritate
841 1049 947 1080 oportet
958 1045 1024 1072 ado-

241 1093 303 1114 rare
311 1087 344 1114 '7.
365 1097 375 1113 θ
389 1086 494 1120 Quibus
512 1090 593 1117 rebus
610 1090 646 1116 ita
661 1090 695 1117 ab
714 1091 760 1118 illo
775 1091 921 1125 praedictis,
935 1092 1023 1119 conti-

240 1137 296 1157 nuo
308 1138 357 1158 nec
367 1131 448 1167 longo
462 1137 522 1167 post
534 1138 664 1169 tempore,
675 1134 868 1171 Hierosolymis
881 1137 1023 1165 obsidione

240 1178 391 1212 oppressis,
406 1183 433 1206 et
449 1180 510 1213 ejus
524 1181 575 1207 loci
601 1181 794 1213 sanctiﬁcatio,
808 1186 835 1209 et
847 1182 880 1209 ad
896 1183 1021 1210 eumdem

240 1230 318 1250 usum
336 1228 522 1252 constructum
541 1227 634 1258 altare,
645 1231 673 1254 et
690 1227 823 1258 adoratio,
836 1236 896 1263 qua:
920 1236 934 1254 a
949 1229 1022 1256 Mose

239 1268 340 1296 tradita
361 1269 459 1302 fuerat,
482 1272 588 1299 sublata
607 1280 754 1308 eversaque
776 1279 849 1301 sunt.
869 1274 1021 1310 Eodemque

239 1318 362 1350 tempore
373 1316 400 1343 in
413 1324 507 1344 omnes
519 1318 644 1346 homines
655 1319 788 1353 patefacta
802 1323 855 1351 est.
873 1324 899 1347 et
911 1321 1022 1348 emicuit

239 1367 282 1393 ea,
300 1368 361 1395 qua:
372 1366 435 1389 ante
456 1362 557 1391 Mosem
574 1364 643 1392 viris
662 1365 765 1392 sanctis
783 1372 798 1391 a
817 1366 949 1402 principio
960 1368 1020 1394 data

239 1405 340 1439 fuerat,
359 1407 445 1442 pictas
467 1412 493 1436 et
516 1410 620 1444 religio,
641 1414 668 1437 ct
691 1419 751 1445 qua:
771 1419 819 1446 per
840 1411 912 1438 illam
932 1413 1020 1439 omni-

238 1451 292 1480 bus
313 1453 439 1488 gentibus
463 1455 596 1489 promissa
621 1455 708 1483 fuerat
730 1457 892 1492 benedictio,
914 1466 974 1493 qua:
1004 1466 1019 1485 a

237 1498 328 1532 primo
344 1506 475 1526 ascensus
488 1500 585 1535 gradu,
600 1505 627 1528 et
639 1509 654 1527 a
673 1502 767 1536 piiinis
785 1502 839 1530 illis
853 1504 1020 1532 adorationis

240 1543 293 1578 19
309 1543 433 1572 Mosaicze
455 1546 606 1580 elementis,
625 1555 684 1578 eos.
711 1548 758 1582 qui
774 1548 806 1575 ad
820 1557 849 1576 se
872 1549 1016 1583 accedunt,
1032 1566 1052 1593 ρ

238 1588 272 1616 ad
290 1590 428 1618 meliorem
441 1591 686 1628 pcrfectioremque
705 1595 787 1621 vitam
808 1595 929 1623 adducit.
963 1595 1018 1622 Ita-

237 1642 291 1670 que
303 1635 427 1671 protinus
442 1637 552 1672 quando
568 1639 662 1666 bcatss
686 1640 757 1672 illos,
790 1639 898 1676 Deoque
916 1642 1018 1669 amicos

237 1682 322 1714 viros,
337 1689 384 1710 eos
397 1682 458 1710 dico
470 1684 517 1718 qui
542 1684 696 1712 Abrahamo
721 1687 824 1714 similes
845 1688 1017 1722 exstiterunt,

235 1735 292 1755 non
303 1728 332 1755 in
349 1729 439 1764 aliquo
452 1734 527 1757 certo
546 1730 779 1767 dx-terminatoque
807 1733 866 1760 loco
889 1734 1018 1762 adorasse

234 1778 355 1807 constat,
377 1783 464 1811 neque
486 1777 538 1804 sub
561 1777 624 1805 ullis
655 1777 740 1813 signis
766 1784 812 1806 aut
841 1779 944 1814 ﬁguris,
970 1781 1016 1808 sed

235 1821 373 1855 quomodo
387 1820 512 1849 Salvator
522 1826 615 1851 noster
632 1827 658 1850 et
668 1823 799 1852 Dominus
812 1830 902 1856 uocet,
918 1826 944 1852 in
962 1826 1018 1860 spi-

235 1867 291 1894 ritu
305 1870 334 1894 et
353 1867 478 1899 veritate,
493 1868 586 1895 eadem
602 1869 734 1896 adorandi
748 1870 818 1896 ratio
834 1878 883 1905 per
895 1871 1017 1906 ejusdem

235 1913 387 1941 Salvatoris
398 1914 485 1942 nostri
504 1914 648 1942 adventum
664 1916 791 1944 omnibus
811 1917 935 1951 gentibus
951 1918 1018 1946 insi-

234 1963 320 1987 nuata
336 1963 387 1988 est.
401 1959 478 1993 Quod
491 1960 601 1995 quidem
617 1960 748 1993 futurum,
772 1962 852 1990 etiam
879 1964 1017 1999 prophetae

234 2009 341 2034 veteres
357 2009 433 2034 tanto
446 2010 509 2034 ante
523 2011 715 2041 cognoverant.
734 2007 801 2036 Dicit
832 2009 923 2044 itaque
939 2011 1017 2045 plane

235 2050 390 2086 Sophonias
406 2059 412 2077 :
431 2060 441 2077 ι
457 2052 603 2086 Apparebit
612 2051 742 2081 Dominus
755 2062 836 2089 super
847 2062 904 2087 eos,
917 2059 944 2083 et
956 2063 1018 2090 per-

235 2095 282 2122 det
293 2103 389 2123 omnes
402 2096 468 2124 deos
483 2097 605 2131 gentium
624 2102 713 2131 terrm,
729 2104 756 2127 et
771 2101 924 2128 adorabunt
954 2109 1016 2130 eum

234 2140 424 2176 unusquisque
433 2141 467 2170 de
484 2143 544 2170 loco
557 2151 606 2171 suo
621 2143 653 2171 ⁸⁸.
678 2155 687 2171 ι
705 2145 854 2174 Malacbias
870 2151 959 2174 autem
980 2147 1017 2174 si-

234 2186 304 2218 mul,
319 2191 346 2214 et
355 2188 389 2215 ad
400 2196 448 2218 eos
462 2189 509 2224 qui
532 2197 565 2217 ex
583 2192 792 2219 circumcisione
807 2198 880 2225 sunt,
914 2200 1017 2219 sermo-

181 2223 185 2230 ’
233 2239 296 2261 nem
309 2233 411 2270 dirigit,
420 2239 447 2262 et
459 2223 492 2264 de
501 2237 628 2271 gentibus
641 2238 705 2264 talia
722 2238 842 2271 prmdicit
855 2223 883 2264 εξ
903 2237 962 2265 Non
977 2245 1018 2266 est
1034 2234 1055 2261 Ι)

232 2279 359 2309 voluntas
379 2288 449 2314 mea,
475 2281 539 2309 dicit
566 2282 697 2311 Dominus
725 2284 907 2319 omnipotens,
922 2289 948 2312 et
972 2294 1016 2315 sa-

233 2325 365 2353 criﬁcium
377 2334 431 2354 non
446 2327 594 2362 suscipiam
609 2329 642 2356 de
659 2330 785 2358 manibus
814 2331 923 2363 \‘65ll‘is.
949 2339 1015 2366 quo-

233 2371 307 2399 niam
323 2372 358 2399 ab
371 2376 433 2400 ortu
447 2381 533 2408 usque
547 2374 581 2401 ad
595 2382 722 2402 occasum
738 2384 837 2403 nomen
853 2384 942 2413 meum
956 2378 1014 2413 glo-

232 2418 369 2446 riﬁcatum
395 2422 437 2447 est
465 2419 494 2446 in
523 2420 661 2456 gentibus,
688 2425 715 2448 et
743 2422 769 2448 in
790 2422 863 2449 omni
878 2411 1016 2451 Ilocoﬁin-

232 2471 345 2493 censum
360 2465 472 2493 oll‘ertur
482 2466 586 2494 nomini
599 2474 669 2500 meo,
698 2472 724 2495 et
746 2469 910 2496 sacriﬁcium
934 2477 1014 2496 mun-

233 2510 298 2538 dum
307 2511 339 2538 ⁸⁸.
357 2521 366 2538 ι
383 2511 460 2545 Quod
478 2513 550 2541 enim
567 2513 594 2539 in
606 2513 679 2540 omni
692 2514 751 2540 loco
769 2513 845 2545 dicit.
871 2515 1012 2542 incensum

232 2558 262 2582 et
285 2556 447 2584 sacriﬁcium
471 2559 562 2587 oﬁ‘erri
591 2559 657 2591 Deo,
683 2559 747 2594 quid
769 2560 842 2587 aliud
867 2561 1011 2596 signiﬁcat,

232 2601 287 2629 nisi
305 2611 315 2628 ‹
336 2610 391 2630 non
404 2603 598 2641 Hierosolymis
610 2606 643 2639 '°,
660 2616 668 2631 ι
687 2614 774 2641 neque
796 2606 905 2635 deﬁnite
920 2608 946 2635 in
962 2609 1013 2636 hoc

232 2651 282 2674 aut
296 2647 324 2675 in
336 2648 384 2676 illo
399 2649 458 2677 loco
471 2651 496 2678 id
513 2652 652 2679 futurum?
669 2652 715 2680 sed
733 2653 760 2680 in
772 2654 845 2683 omni
863 2655 971 2689 regione
987 2659 1013 2682 ct

233 2693 262 2721 in
281 2694 408 2723 omnibus
421 2697 558 2730 gentibus.
578 2706 638 2734 qua:
652 2699 760 2734 quidem
776 2703 803 2727 et
822 2700 952 2728 orationis
973 2702 1014 2728 in-

233 2747 345 2767 censum
358 2744 385 2768 et
400 2742 574 2774 sacriﬁcium,
592 2745 664 2779 quod
687 2745 817 2772 mundum
840 2746 943 2773 dictum
959 2751 1011 2779 est,

233 2792 287 2813 non
307 2794 355 2825 per
370 2793 493 2817 cruores.
521 2789 568 2815 sed
593 2797 641 2824 per
672 2791 731 2826 pias
754 2792 885 2823 actiones,
906 2800 1013 2819 summo

266 2832 287 2848 "
302 2831 382 2859 Joan.
403 2840 440 2864 Iv.
456 2834 549 2860 25-25.
583 2834 606 2850 "‘
623 2835 744 2870 Sophon.
764 2846 793 2869 ιι,
813 2839 854 2865 ll.

267 2877 350 2915 (ὅθ’)
367 2879 444 2907 οὐδ’.
459 2879 537 2909 Forte
554 2881 613 2910 οὐκ.
630 2880 706 2909 Ευιτ.

894 2838 1042 2865 “Malacu.
1061 2837 1188 2870 510,“.

1075 956 1160 992 ὃνομά
1187 965 1236 992 μου
1258 955 1410 987 δεδόξασται
1423 957 1451 982 ὲν
1463 958 1519 988 τοῖς
1541 956 1639 989 ἔθνεσι,
1662 958 1707 983 καὶ
1725 958 1754 983 ἐν
1773 958 1854 984 παντὶ

1074 1002 1149 1036 τόπῳ
1162 1002 1286 1037 θυμίαμα
1302 1002 1467 1037 προσάγεται
1479 1002 1516 1037 τῷ
1539 1002 1649 1037 ὀνόματί
1663 1011 1723 1037 μου,
1748 1003 1793 1029 καὶ
1807 1003 1853 1030 θυ-

1075 1049 1119 1076 σὶα
1136 1048 1251 1084 καθαρά.
1273 1058 1282 1073 ι
1305 1048 1340 1074 Τὸ
1355 1048 1410 1084 γὰρ
1422 1049 1450 1074 ἐν
1463 1049 1541 1074 παντὶ
1563 1049 1638 1084 τόπῳ
1663 1048 1786 1084 θυμίαμα
1806 1050 1854 1076 καὶ

1074 1095 1167 1121 θυσίαν
1187 1094 1366 1130 ἀναφέρεσθαι
1391 1094 1459 1129 Θεῷ,
1478 1095 1504 1121 τί
1530 1095 1620 1130 ἕτερον
1640 1095 1811 1130 παρίστησιν,
1834 1095 1851 1131 ἢ

1072 1141 1113 1167 ὅτι
1128 1142 1164 1176 μὴ
1185 1143 1213 1167 ὲν
1240 1141 1443 1176 Ἰεροσολύμοις,
1460 1141 1520 1175 μηδ’
1534 1142 1729 1176 ἀςωρισμένως
1755 1143 1783 1168 ἐν
1800 1141 1854 1177 τῷ-

1072 1187 1101 1213 δε
1126 1186 1165 1221 τῷ
1185 1187 1269 1221 τόπῳ,
1286 1187 1315 1212 ὲν
1343 1187 1417 1222 πάσῃ
1433 1187 1460 1213 δὲ
1487 1187 1572 1222 χώρᾳ,
1600 1188 1645 1214 καὶ
1665 1189 1694 1213 ὲν
1713 1189 1779 1214 πᾶσι
1794 1189 1851 1220 τοῖς

1072 1233 1170 1263 ἔθνεσι.
1184 1233 1308 1268 μέλλουσι
1322 1233 1352 1258 τὸ
1366 1234 1399 1259 δι’
1416 1233 1502 1268 εὐχῶν
1512 1233 1644 1268 θυμίαμα,
1656 1234 1702 1260 καὶ
1711 1234 1759 1269 τὴν
1775 1235 1804 1260 οὐ
1816 1235 1850 1261 δι’

1072 1280 1204 1315 αἱμάτων,
1223 1279 1289 1306 ἀλλὰ
1307 1280 1340 1307 δι’
1359 1280 1444 1315 ἔργων
1464 1279 1582 1306 εὐσεϐῶν
1599 1279 1720 1315 καθαρὰν
1744 1280 1851 1316 ὠνομα-

1073 1325 1172 1360 σμένην
1195 1325 1288 1352 θυσίαν
1313 1325 1352 1360 τῷ
1369 1325 1413 1351 ἐπὶ
1432 1326 1511 1352 πᾶσιν
1532 1326 1677 1361 ἀνατὲρειν
1701 1326 1776 1361 Θεῶ;
1796 1327 1851 1362 Bo;

1071 1370 1098 1396 δὲ
1119 1371 1274 1408 διαρρήδην,
1299 1372 1345 1398 καὶ
1365 1372 1500 1407 κέκραγεν
1527 1373 1540 1398 ό
1568 1372 1690 1404 Ἡσαΐας.
1715 1373 1849 1406 θεσπίζων

1071 1416 1128 1451 ἅμα
1144 1417 1189 1443 καὶ
1201 1417 1300 1450 λέγων·
1319 1427 1328 1442 ε
1349 1418 1444 1443 Ἔσται
1461 1418 1649 1453 θυσιαστήριον
1659 1417 1697 1453 τῷ
1711 1418 1805 1453 Κυρίῳ
1819 1419 1849 1445 ἐν

1070 1462 1146 1498 χώρᾳ
1161 1463 1308 1498 Αἰγύπτου,
1323 1464 1369 1490 καὶ
1391 1463 1509 1497 γνωστὸς
1526 1463 1601 1490 ἔσται
1617 1464 1717 1500 Κύριος
1727 1466 1782 1496 τοῖς
1796 1465 1847 1492 Δί-

1070 1508 1203 1541 γυπτίοις,
1219 1508 1265 1534 καὶ
1292 1509 1434 1535 ἀποστελεῖ
1450 1509 1539 1540 αὐτοῖς
1564 1508 1704 1545 ἄνθρωπον
1721 1509 1750 1541 ὃς
1767 1509 1849 1538 σώσει

1069 1553 1176 1585 αὐτοὺς,
1200 1554 1247 1580 καὶ
1271 1553 1418 1587 γνώσονται
1441 1555 1466 1580 oi
1489 1554 1630 1588 Λξγᾶπτιοι
1642 1555 1688 1581 τὸν
1704 1555 1804 1591 Κύριον
1820 1557 1850 1583 ἐν

1068 1601 1102 1635 τῇ
1116 1599 1206 1636 ἡμέρᾳ
1220 1600 1321 1636 ἐκείνῃ,
1338 1600 1385 1626 καί
1399 1600 1538 1635 ποιήσουσι
1555 1600 1658 1634 θυσίας,
1670 1601 1715 1627 καὶ
1727 1600 1849 1633 εὔξονται

1069 1653 1151 1688 εὐχὰς
1162 1653 1200 1688 τῷ
1221 1653 1324 1688 Κυρίῳ,
1354 1653 1400 1680 καὶ
1423 1652 1600 1680 ἀποδώσουσι.
1615 1653 1660 1679 καὶ
1683 1654 1850 1689 ἐπιστραφή-

1069 1707 1159 1725 σονται
1182 1699 1249 1735 πρὸς
1271 1699 1381 1734 Κύριον,
1408 1700 1456 1726 καὶ
1483 1699 1670 1726 εἰσακοὺσεται
1689 1700 1787 1730 αὐτῶν.
1803 1701 1850 1726 καὶ

1070 1745 1172 1771 ἰάσεται
1203 1745 1310 1776 αὐτούς.
1330 1754 1339 1770 ι
1353 1742 1425 1780 ’Δρά
1446 1753 1485 1770 σοι
1501 1744 1630 1779 δοκοῦμεν
1653 1744 1738 1780 ἀληθῆ
1761 1745 1850 1778 λέγειν

1070 1790 1212 1825 μετάθεσιν
1227 1789 1273 1816 τοῦ
1285 1790 1405 1821 Μωσέως
1417 1790 1508 1825 νόμου,
1538 1789 1635 1824 μᾶλλον
1646 1789 1673 1815 δὲ
1688 1788 1792 1815 παῦλαν
1803 1790 1850 1816 καὶ

1067 1835 1142 1862 λύσιν
1154 1836 1300 1870 φάσκοντες
1316 1835 1360 1862 διὰ
1379 1835 1433 1862 τῶν
1448 1835 1623 1871 προφητικῶν
1645 1835 1739 1870 φωνῶν
1754 1835 1849 1861 θεσπί-

1068 1882 1175 1914 ζεσθαις
1189 1883 1218 1908 ⁷0
1235 1883 1283 1918 μέν
1290 1891 1321 1917 γε
1328 1883 1428 1917 Μωσῆς
1437 1882 1624 1916 θυσιαστήριον
1633 1881 1679 1907 καὶ
1689 1881 1783 1912 θυσίας
1792 1880 1846 1907 οὐδ’

1070 1928 1152 1963 (5"")
1175 1928 1305 1963 ἀλλαχόσε
1314 1928 1364 1963 γῆς
1378 1928 1394 1963 ἢ
1408 1929 1437 1954 ὲν
1447 1928 1514 1963 μόνῃ
1520 1928 1551 1962 τῇ
1560 1927 1684 1962 Ἰουδαίᾳ,
1695 1927 1741 1953 καὶ
1747 1927 1849 1961 ταύτης

1067 1974 1096 1999 ἐν
1108 1975 1157 2009 μιᾷ
1173 1974 1248 2000 πόλει
1260 1973 1444 2008 συστήσασθαι
1459 1973 1597 2008 νομοθετεί
1607 1981 1613 1987 ⁸
1628 1974 1644 2008 ἠ
1657 1973 1684 1999 δὲ
1697 1973 1850 2007 προφητεία

1068 2020 1096 2045 ὲν
1114 2019 1190 2055 χώρᾳ
1217 2020 1298 2054 φησὶν
1321 2019 1457 2053 Αἰγύπτου
1479 2018 1518 2054 τῷ
1544 2019 1638 2054 Κυρίῳ
1660 2019 1848 2054 θυσιαστήριον

1068 2064 1266 2101 ἱδρυθήσεσθαι,
1281 2064 1326 2091 καὶ
1338 2065 1400 2094 τοὺς
1414 2064 1577 2098 Αἰγυπτίους
1589 2065 1686 2096 αὐτοὺς
1702 2065 1741 2100 τῷ
1755 2064 1849 2100 Κυρίῳ

1067 2114 1120 2141 τῶν
1136 2115 1291 2150 προφητῶν,
1307 2114 1362 2140 ἀλλ’
1375 2115 1464 2141 οὐκέτι
1480 2116 1536 2146 τοῖς
1549 2114 1684 2150 πατρῴοις
1699 2115 1769 2146 θεοῖς
1784 2114 1850 2141 καλ-

1066 2164 1200 2201 λιερήσειν
1211 2163 1258 2195 τὰς
1274 2163 1379 2194 θυσίας,
1396 2162 1442 2189 καὶ
1455 2162 1504 2198 τῆς
1518 2161 1678 2196 θεογνωσίας
1694 2162 1724 2187 οὐ
1747 2161 1848 2189 Μωσέα

1068 2210 1162 2240 αἴτιον,
1177 2209 1230 2235 οὐδ’
1243 2209 1334 2244 ἕτερον
1346 2208 1400 2234 τῶν
1410 2207 1556 2243 προφητῶν
1570 2209 1659 2239 αὐτοῖς
1677 2207 1846 2243 γενήσεσθαι,

1068 2255 1135 2281 ἀλλά
1147 2263 1208 2281 τινα
1224 2254 1314 2280 καινὸν
1326 2254 1373 2280 καὶ
1384 2256 1442 2281 νέον
1458 2255 1597 2290 ἄνθρωπον
1612 2253 1702 2280 θεόθεν
1715 2252 1848 2280 ἀπεσταλ-

1069 2305 1158 2340 μένον.
1184 2304 1400 2339 Μετατιθεμένου
1410 2305 1437 2331 δὲ
1452 2304 1498 2330 τοῦ
1516 2304 1705 2340 θυσιαστηρίου
1721 2303 1795 2339 παρά
1812 2303 1847 2330 τὰ

1067 2349 1108 2384 τῷ
1124 2350 1217 2375 Μωσεῖ
1227 2349 1366 2381 δοκοῦντα,
1393 2350 1498 2383 ἀνάγκη
1523 2350 1596 2374 πᾶσα
1609 2350 1654 2374 καὶ
1666 2348 1712 2374 τοῦ
1726 2348 1846 2380 Μωσέως

1067 2397 1148 2431 νόμου
1165 2395 1313 2431 μεταϐολὴν
1323 2395 1457 2429 γενέσθαι.
1468 2393 1533 2421 Εἶτα
1546 2395 1572 2420 δὲ
1583 2395 1691 2426 θύοντες
1705 2393 1846 2428 Αἰγύπτιοι

1066 2441 1104 2476 τῷ
1125 2442 1170 2467 ἐπὶ
1197 2441 1304 2468 πάντων
1327 2441 1402 2476 Θεῷ,
1421 2441 1527 2472 πάντως
1547 2449 1597 2467 που
1621 2441 1668 2466 καὶ
1700 2439 1847 2475 ἱερωσύνης

1061 2487 1266 2522 ἀξιωθήσονται.
1285 2487 1449 2522 Ὶερωμένων
1474 2486 1540 2521 δῆτα
1559 2486 1713 2520 Αἰγυπτίων
1731 2485 1764 2512 τὰ
1783 2486 1847 2522 περὶ

1061 2538 1180 2564 Λευῖτῶν
1196 2539 1242 2564 καὶ
1267 2538 1321 2564 τῶν
1349 2539 1380 2563 ἐκ
1399 2537 1521 2572 διαδοχῆς
1545 2537 1646 2572 Ἀαρὼν
1666 2537 1777 2563 Min-35::
1789 2537 1847 2563 δια-

1060 2588 1222 2623 τεταγμένα,
1231 2588 1318 2622 οὒκὲτῖ
1326 2587 1358 2614 ἂν
1368 2587 1470 2621 γένοιτο
1479 2588 1533 2618 τοῖς
1544 2587 1701 2621 Αἰγυπτίοις
1713 2587 1843 2622 χρήσιμα.

1062 2643 1133 2678 Ὥρα
1152 2642 1183 2676 δὴ
1201 2639 1247 2668 οὖν
1261 2641 1356 2675 καινῆς
1369 2641 1527 2676 νομοθεσίας
1540 2641 1593 2668 δεῖν
1607 2643 1645 2673 είς
1659 2642 1707 2677 τὴν
1724 2640 1778 2668 τῶν
1798 2641 1846 2677 δη-

1064 2688 1199 2723 λουμένων
1224 2687 1360 2713 σύστασιν.
1380 2687 1412 2713 Τί
1426 2687 1454 2713 δὲ
1479 2685 1548 2723 ἆρα;
1572 2688 1630 2723 εἰκῇ
1655 2687 1729 2714 ταῦτ’
1744 2688 1845 2714 ἀναπε-

1064 2739 1202 2774 ςρώνηταις
1217 2738 1233 2773 ἢ
1246 2739 1292 2764 καὶ
1307 2738 1381 2770 τέλος
1399 2739 1575 2775 ἐπενήνεκται
1589 2741 1645 2771 τοῖς
1662 2739 1764 2774 λόγοις;
1777 2740 1845 2768 Σκέ-

1063 2792 1111 2827 ea;
1125 2792 1147 2818 δ’
1159 2789 1203 2818 οὖν
1220 2792 1244 2817 εἰ
1260 2790 1296 2825 μὴ
1311 2791 1439 2826 σήμερον,
1452 2792 1522 2826 λέγω
1534 2791 1564 2827 δὴ
1577 2792 1636 2818 καθ’
1650 2793 1721 2827 129.5;
1733 2792 1843 2826 αὐτοὺς,

1228 2837 1250 2852 ⁰⁰
1264 2836 1345 2866 Joan.
1361 2845 1397 2871 tv,
1413 2838 1458 2866 2|.
