2053 3218
154 193 189 222 61
623 192 950 222 DEMONSTRATIONIS
964 192 1195 222 EVANGELICAE
1215 193 1280 221 LIB.
1300 192 1320 220 Ι.
1746 195 1782 222 62

155 254 305 290 ὀφθαλμοῖς
324 254 364 289 (4)
386 253 498 290 ὁρῶνται
511 252 541 279 οὺ
556 252 635 288 μόνον
651 254 804 288 Αἰγύπτιοι,
816 253 884 281 ἀλλά
899 253 947 280 καὶ⁸

1009 252 1053 280 )eo
1071 257 1162 281 essent
1173 253 1324 281 oblaturae?
1338 252 1444 281 Clamat
1454 251 1457 254 ’
1469 255 1559 281 autem
1584 253 1673 288 palam
1692 256 1719 280 et
1734 260 1779 280 vo-

158 300 210 327 πᾶν
219 299 299 334 γένος
313 298 371 326 τῶν
385 299 447 334 πρὶν
468 297 666 335 εἰδωλολατρίἱΝ
695 298 854 334 ἀνθρώπων,
867 297 914 329 οὓς
927 299 946 333 ή

158 346 312 382 πρόρρησις
329 345 373 372 διὰ
384 344 437 371 τῶν
448 344 603 378 Αἰγυπτίων
618 345 750 381 ᾐνίττετο,
766 344 816 379 τῆς
831 344 881 379 μὲν
897 352 947 370 πο-

158 392 252 419 λυθέου
266 392 316 418 καὶ
325 392 484 427 δαιμονικῆς
498 391 708 428 ἀπηλλαγμένον
725 391 839 426 πλάνης,
855 391 901 416 τὸν
920 391 948 417 δὲ

159 439 212 466 ⁴τῶν
226 438 375 475 προφητῶν
388 437 453 465 Θεὸν
470 437 697 472 ἀνακαλούμενον.
716 437 770 463 Καὶ
787 436 909 472 εὖχονται
920 437 948 463 δὲ

161 486 249 513 οὐκέτι
260 485 367 511 πλείοσι
386 484 501 519 κυρίοις,
526 485 566 510 ἐν).
578 484 605 510 δὲ
621 483 659 518 τῷ
676 483 749 518 μόνῳ
769 483 863 519 Κυρίῳ
879 483 949 509 κατὰ

161 531 192 558 τὸ
221 531 292 566 ἱερὸν
317 530 417 564 λόγιον,
438 529 483 556 καὶ
509 529 596 565 τούτῳ
615 529 807 564 θυσιαστήριον
827 529 948 563 ἀναίμων

163 578 210 605 καὶ
226 576 342 610 λογικῶν
368 575 477 607 θυσιῶν,
494 575 564 602 κατὰ
591 576 624 602 τὰ
647 575 727 602 καινὰ
746 576 881 611 μυστήρια
900 576 949 611 τῆς

162 623 223 653 νέας
240 621 286 648 καὶ
301 621 399 656 καινῆς
410 621 557 656 Διαθήκης,
573 620 634 656 καθ’
647 620 710 655 ὅλης
726 621 775 656 τῆς
799 619 948 655 ἀνθρώπων

161 668 322 703 οἰκουμένης
346 667 537 703 ἀνεγήγερται,
553 668 581 692 ὲν
607 667 674 702 αὐτῇ
694 675 723 693 τε
741 666 880 702 Αἰγύπτῳ,
903 666 950 693 καὶ

161 715 216 745 τοῖς
225 713 328 745 λοιποῖς
342 712 428 740 ἔθνεσι
451 711 495 738 τὸν
521 712 622 747 τρόπον
646 710 860 746 Αἰγυπτιάζουσι
880 712 949 739 κατὰ

162 760 211 795 τὴν
226 758 410 794 δεισιδαίμονα
430 758 533 793 πλάνην
543 766 549 772 “
565 757 612 784 νῦν
635 758 695 784 καθ’
712 758 785 793 ἡμᾶς
800 758 815 793 ἡ
829 757 874 784 τοῦ
897 757 950 783 τῶν

162 807 229 833 ὅλων
240 805 307 833 Θεοῦ
324 805 423 840 γνῶσις
433 804 633 839 διαλάμπουσα,
654 805 703 840 τὴν
719 804 809 831 πίστιν
833 804 951 839 ἀναμφί-

162 852 257 879 λεκτον
278 851 332 879 τῶν
346 850 600 887 προθεσπισθέντων
610 849 846 885 ἐπισφραγίζεται.
860 849 951 876 Ταῦτα

162 899 191 925 δὲ
206 898 294 934 ἔργοις
311 897 505 932 ἐπιτελούμενα
520 896 600 932 ὀρῶν,
615 896 672 922 ἀλλ’
686 896 774 922 οὐκέτ’
787 896 854 930 ἀκοῇ
869 904 951 930 προσ-

161 945 313 980 δοκώμενα,
330 945 375 971 τὸν
395 944 498 980 καιρὸν,
517 943 614 970 ὁπόθεν
634 943 682 979 τὴν
699 944 785 979 ἀρχὴν
805 943 859 971 τῶν
883 952 953 979 πρα-

162 990 275 1026 γμάτων
285 990 404 1026 εἴληχεν,
415 989 468 1016 οὐδ’
478 989 527 1024 (4⁸)
537 988 615 1016 ἀλλον
623 989 795 1024 ἀναζητήσας
801 989 927 1024 εὑρήσεις
935 988 951 1023 ἢ

162 1036 207 1063 τὸν
229 1036 279 1072 τῆς
300 1035 432 1071 σωτηρίου
453 1035 622 1069 ἐπιφανείας.
640 1035 726 1066 Αὐτὸς
746 1035 799 1070 ἄρα
818 1031 896 1066 οὗτος
919 1031 953 1068 ἦν

164 1083 277 1114 ἐκεῖνος,
295 1081 324 1108 ὃν
346 1082 361 1107 ὁ
372 1080 493 1117 χρησμὸς
515 1079 618 1115 ἐδήλου,
634 1080 723 1114 φήσας
734 1078 894 1105 ἀποστελεῖν
909 1077 954 1104 τὸν

163 1128 217 1154 τῶν
242 1128 310 1155 ὅλων
325 1127 403 1159 Θεὸν,
419 1127 466 1154 καὶ
483 1126 584 1162 Κύριον
600 1126 658 1157 τοῖς
674 1125 834 1159 Αἰγυπτίοις
852 1123 955 1159 ἀνθρω-

164 1182 225 1205 πον,
238 1173 268 1205 ὃς
280 1172 362 1199 σώσει
379 1172 487 1204 αὐτούς·
505 1171 534 1198 ὃν
547 1171 593 1198 καὶ
607 1171 641 1197 τὰ
654 1170 776 1202 Μωσέως
802 1169 896 1205 ἐδήλου
912 1169 955 1196 λό-

164 1228 222 1254 για,
235 1219 268 1246 δι’
280 1216 317 1245 ὧν
332 1218 431 1254 ἔφησεν
441 1227 447 1232 ·
469 1227 477 1243 ι
505 1217 691 1251 Ἐξελεύσεται
707 1216 848 1251 ἄνθρωπος
863 1217 894 1242 ὲκ
907 1215 954 1241 τοῦ

166 1265 322 1301 σπέρματος
350 1263 449 1295 αὑτοῦ,
470 1262 517 1299 καὶ
538 1262 676 1298 κυριεύσει
712 1261 796 1288 ἐθνῶν
817 1261 951 1287 πολλῶν-ι

165 1312 195 1338 ἐν
207 1308 249 1342 οἷς
264 1310 353 1337 ἔθνεσι
370 1310 417 1337 καὶ
433 1309 575 1343 Αἰγύπτιοι
598 1307 730 1344 δήπουθεν
751 1307 954 1343 καταριθμοῖντ’

165 1356 208 1384 ἄν.
229 1356 310 1383 Ἀλλὰ
325 1356 389 1391 περὶ
406 1356 455 1391 μὲν
472 1355 572 1381 τούτων
588 1354 692 1390 μακρὸς
710 1353 742 1381 ἂν
753 1354 794 1388 εἴη
807 1353 895 1387 λόγος,
912 1353 954 1378 ἐπ’

165 1402 267 1435 οἰκείας
275 1401 373 1437 σχολῆς
381 1400 565 1436 ὲντελέστερον
573 1399 814 1434 ἀποδοθησόμενος·
826 1398 855 1424 τό
863 1406 893 1432 γε
903 1397 955 1433 μὴν

165 1447 252 1483 παρὸν
267 1442 482 1483 ὲπιτετηρῆσθω,
503 1448 543 1473 ὅτι
561 1446 595 1472 τὰ
609 1445 803 1481 προηγούμενα
827 1443 881 1470 οὐδ’
893 1443 955 1477 (4⁸⁵)

167 1495 263 1522 ἄλλοτε
270 1494 287 1529 ἦ
296 1494 365 1529 μετά
377 1494 426 1529 τὴν
435 1493 595 1527 ἐπιφάνειαν
603 1491 690 1527 Ἰησοῦ
698 1490 822 1525 τοῦΣωτῆ
826 1499 870 1525 ρος
878 1491 894 1525 ἡ
899 1489 956 1524 μῶν

167 1540 328 1577 ἐπληροῦτο.
344 1540 390 1572 Ἐξ
397 1539 500 1566 ἐκείνου
510 1539 563 1575 γάρ
571 1547 611 1565 τοι
620 1539 667 1565 καὶ
678 1539 717 1570 είς
726 1537 805 1573 δεῦρο
814 1536 888 1572 παρὰ
903 1537 957 1567 τοῖς

998 298 1129 326 citeratur
1143 298 1228 327 Isaias
1235 298 1388 326 vaticinans
1399 298 1492 332 simul,
1516 306 1548 326 ac
1563 298 1657 326 dicens
1676 308 1682 326 :
1697 308 1707 324 ι
1725 298 1783 327 Erit

998 344 1083 372 altare
1095 343 1209 373 Domino
1223 344 1250 371 in
1267 348 1337 372 terra
1352 343 1471 379 «Egypti,
1486 348 1513 372 et
1535 347 1717 379 cognoscetur
1731 343 1783 372 Do-

998 390 1088 417 minus
1106 390 1139 416 ab
1155 388 1300 424 Egyptiis,
1316 393 1342 416 et
1354 389 1441 416 millet
1456 390 1495 417 eis
1512 390 1648 416 hominem
1667 390 1714 424 qui
1728 390 1784 416 sal-

998 442 1047 461 vos
1062 434 1142 461 faciet
1156 442 1212 466 eos,
1233 437 1259 461 et
1273 438 1438 469 cognoscent
1461 433 1580 469 [Egyptii
1596 434 1739 461 Dominum
1756 434 1784 460 in

998 481 1042 509 die
1058 481 1113 512 illa,
1130 485 1156 507 et
1170 481 1424 513 lacientsacriﬁcia,
1441 484 1468 508 et
1479 480 1615 507 vovebth
1643 485 1705 507 vota
1734 480 1786 507 Do-

999 529 1083 559 mino,
1096 532 1123 555 et
1140 528 1262 559 reddent,
1280 532 1306 556 et
1319 532 1512 555 convertentur
1526 527 1559 554 ad
1577 527 1734 557 Dominum,
1756 531 1785 554 et;

999 573 1125 601 exaudiet
1139 581 1196 605 eos,
1210 577 1236 601 et
1252 574 1358 601 sanabit
1371 582 1418 602 eos
1432 574 1465 601 “.
1485 583 1493 599 ι
1514 573 1617 608 Ecquid
1630 573 1680 600 tibi
1706 572 1785 600 vide--

1000 628 1061 647 mur
1073 628 1164 647 veram
1171 620 1237 655 legis
1253 619 1320 646 Mosi
1336 620 1542 647 conversionem
1559 619 1670 647 dicere?
1685 627 1718 646 an
1734 627 1784 654 po-

1000 667 1055 694 tius
1071 667 1151 694 ﬁnem
1164 670 1190 694 et
1208 667 1369 695 solutionem
1386 667 1544 700 enuntiare,
1566 670 1593 693 et
1617 666 1784 701 propheticis

1001 714 1114 741 vocibus
1133 714 1274 741 vaticinari
1289 714 1300 740 '1
1318 713 1423 741 Etenim
1434 714 1521 741 Moses
1543 714 1628 740 altare
1638 716 1665 740 et
1681 712 1786 740 sacriﬁ—

1001 760 1043 786 cia
1058 767 1192 795 nusquam
1202 764 1335 787 terrarum
1354 760 1381 786 in
1401 760 1459 786 sola
1485 759 1576 786 Iudaea
1593 764 1619 787 et
1649 760 1675 786 in
1703 760 1785 795 hujus

1002 812 1055 832 una
1067 804 1199 832 duntaxat
1212 805 1322 832 civitate
1336 805 1477 837 constitui,
1497 805 1555 840 lege
1566 813 1581 832 a
1597 813 1625 833 se
1639 806 1727 840 posits
1741 806 1788 841 ju-

1001 851 1065 878 bet:
1082 851 1223 886 prophetia
1239 856 1329 878 autem
1358 852 1384 878 in
1403 855 1476 878 terra
1501 851 1609 886 Egypti
1637 851 1674 877 ait
1701 852 1786 879 altare

1005 897 1116 924 Domino
1132 898 1291 926 struendum
1311 897 1512 933 dieaudumque
1522 905 1593 931 esse,
1604 902 1630 925 et
1645 897 1787 933 [Egyptios

1005 945 1079 979 ipsos
1091 952 1145 971 non
1160 945 1277 979 amplius
1292 944 1345 972 diis
1364 945 1459 979 patriis
1475 952 1531 971 rem
1547 952 1664 975 sacram,
1678 945 1725 972 sed
1736 945 1788 980 ipsi

1004 991 1195 1026 prophetarum
1212 991 1265 1018 Deo
1281 990 1401 1017 facturos
1415 998 1420 1015 :
1437 995 1463 1017 et
1493 990 1565 1025 quod
1593 998 1687 1018 verum
1703 990 1788 1018 Deum

1005 1037 1058 1063 sint
1073 1037 1201 1072 agnitnri,
1226 1044 1280 1063 non
1296 1036 1386 1063 Mosen
1404 1036 1456 1063 illis
1468 1044 1556 1071 neque
1581 1037 1664 1063 alium
1675 1044 1709 1063 ex
1725 1043 1790 1071 pro-

1005 1084 1093 1118 phetis
1109 1084 1263 1118 quempiam
1277 1087 1414 1110 auctorem
1431 1083 1498 1114 l'ore,
1515 1083 1561 1109 sed
1579 1090 1679 1109 novum
1694 1090 1790 1117 quem-

1004 1129 1066 1155 dam
1084 1128 1212 1156 ilivinitus
1228 1128 1342 1156 missum
1357 1128 1505 1155 hominem.
1524 1128 1578 1162 20
1593 1127 1678 1154 Porro
1697 1131 1789 1162 autem

1005 1174 1138 1202 translato
1162 1178 1383 1208 commutatoque
1404 1173 1481 1199 altari
1500 1178 1597 1207 praeter
1622 1172 1706 1200 Mosis
1720 1180 1789 1200 con-

1006 1219 1161 1247 stitutiones
1175 1224 1254 1253 atque
1268 1219 1386 1250 decreta,
1405 1226 1516 1246 necesse
1528 1223 1569 1246 est
1585 1218 1692 1254 penitus
1707 1219 1790 1246 etiam

1005 1265 1073 1299 legis
1089 1264 1171 1292 Mosis
1186 1264 1244 1291 ﬁeri
1261 1264 1447 1291 mutationem.
1462 1263 1540 1296 Quod
1557 1263 1580 1290 si
1600 1271 1707 1291 summo
1735 1263 1791 1290 Deo

1007 1311 1184 1339 sacriﬁcaturi
1201 1315 1264 1337 sunt
1278 1309 1407 1345 Egyptii,
1427 1317 1539 1344 prorsus
1557 1310 1639 1337 etiam
1663 1310 1792 1337 sacerdo-

1006 1358 1037 1384 tii
1053 1365 1151 1384 munus
1167 1361 1229 1383 sunt
1244 1356 1377 1391 adepturi.
1391 1356 1424 1383 At
1440 1355 1574 1391 [Egypliis
1599 1356 1632 1382 ad
1650 1356 1704 1383 tale
1730 1363 1791 1382 mu-

1007 1412 1068 1436 nus,
1082 1403 1229 1437 assumptis
1245 1409 1305 1437 quae
1312 1402 1345 1429 de
1360 1401 1461 1430 Levitis
1471 1406 1498 1429 et
1518 1402 1609 1429 Aaron
1625 1401 1793 1429 successori-

1007 1450 1058 1477 bus
1072 1457 1087 1475 a
1099 1449 1172 1476 Mosc
1189 1452 1252 1477 sunt
1266 1449 1425 1480 constituta,
1442 1449 1508 1476 nulli
1523 1449 1602 1483 plane
1626 1448 1687 1475 usui
1708 1446 1792 1483 Egy-

1009 1495 1072 1530 ptiis
1083 1495 1199 1530 amplius
1220 1503 1280 1522 esse
1300 1502 1378 1529 posse
1402 1494 1575 1529 perspicuum
1603 1497 1657 1520 est:
1672 1492 1793 1527 Tempus

1009 1542 1153 1577 igiturjam
1167 1546 1224 1568 tum
1240 1541 1332 1574 fuerit,
1352 1542 1436 1577 legem
1449 1549 1546 1569 novam
1560 1540 1594 1567 ad
1620 1548 1652 1567 ea
1677 1547 1737 1575 qum
1751 1538 1794 1566 di-

166 1584 382 1619 Δίγυπτίοις,καὶ
391 1584 465 1619 παρὰ
475 1583 700 1619 ΙΙέρςαις,Σύροις
706 1591 735 1609 τε
742 1583 787 1609 καὶ
795 1582 957 1618 Ἀρμενίοις,

1010 1589 1053 1612 cta
1067 1590 1129 1612 sunt
1141 1586 1338 1618 conﬁrmanda,
1354 1593 1455 1620 ponere
1474 1594 1543 1620 opus
1554 1593 1626 1613 esse.
1655 1585 1724 1618 Quid
1742 1584 1793 1620 igi-

167 1632 217 1659 καὶ
227 1631 364 1667 παρὰτοῖς
372 1630 421 1662 τὰς
429 1630 556 1666 ἐσχατιὰς
567 1630 616 1665 τῆς
625 1629 676 1664 γῆς
684 1628 787 1655 οἰκοῦσι
797 1628 957 1664 βαρϐάροις,

167 1679 258 1710 αὐτοῖς
273 1687 303 1705 τε
317 1679 373 1710 τοῖς
391 1678 421 1704 τὸ
439 1678 502 1713 πρὶν
521 1677 743 1712 ἀνημερωτάτοις
766 1676 812 1702 καὶ
831 1675 959 1710 θηριωδε-

169 1725 276 1757 στάτοις
297 1725 402 1755 ἔθνεσι,
425 1724 469 1750 ναὶ
484 1723 536 1759 μὴν
557 1724 603 1749 καὶ
627 1722 702 1758 παρὰ
718 1723 773 1752 τοῖς
791 1721 839 1752 τὰς
862 1721 959 1756 νήσους

168 1771 286 1800 οίκοῦσιν
304 1771 359 1807 (ὅτι
372 1771 404 1807 δὴ
421 1771 466 1796 καὶ
484 1769 586 1796 τούτων
615 1769 715 1803 ήξίωσε
736 1768 874 1803 μνήμηνὴ
894 1776 960 1802 προ-

169 1818 268 1854 φητεία
283 1816 470 1854 ποιήσασθαι),
481 1816 548 1851 αὑτὴ
560 1816 651 1850 εκείνη
663 1816 679 1850 ὴ
693 1815 764 1841 κατά
779 1814 823 1841 τὸν
837 1813 961 1849 Ἀϐραὰμ

170 1866 302 1897 πολιτεία,
318 1865 366 1892 καὶ
380 1866 394 1891 ὀ
408 1864 586 1894 παλαιότατος
603 1863 650 1889 καὶ
663 1862 770 1888 πάντων
782 1860 961 1897 ἀρχαιότατος

169 1913 221 1948 τῆς
234 1911 390 1943 θεοσεϐείας
404 1911 503 1947 τρόπος
523 1909 713 1941 σπουδάζεται.
729 1908 784 1935 Καὶ
804 1908 845 1938 τίς
865 1907 914 1933 οὐκ
930 1906 961 1933 ἂν

172 1957 323 1993 ἐκπλαγείη
344 1957 375 1983 τὸ
395 1955 547 1992 παράδοξον
570 1955 616 1981 τοῦ
636 1954 811 1990 πράγματος,
838 1953 861 1978 εἰ
883 1952 915 1987 δὴ
938 1951 962 1977 οἱ

171 2005 201 2039 ἐξ
216 2005 316 2037 αἰῶνος
331 2003 425 2035 λίθοις,
438 2003 484 2036 καὶ
499 2002 596 2035 ξύλοις,
615 2002 661 2028 καὶ
677 2001 797 2035 δαίμοσι,
814 1998 916 2035 θηρίοις
933 2006 962 2024 τε

173 2050 403 2086 ἀνθρωποὸόροις,
416 2050 463 2076 καὶ
486 2049 610 2084 ἑρπετοῖς
625 2048 747 2078 ἰοϐόλοις,
764 2046 842 2078 ζώοις
854 2054 883 2071 τε
898 2053 965 2070 παν-

173 2097 266 2129 τοίοις,
283 2096 332 2124 καὶ
347 2095 478 2131 εἰδεχθέσι
495 2095 651 2125 κνωδάλοις,
665 2094 731 2129 πυρί
748 2101 777 2118 τε
795 2092 842 2118 καὶ
858 2093 904 2126 γῇ,
918 2091 965 2117 καὶ

173 2144 230 2175 τοῖς
252 2142 300 2169 τοῦ
324 2141 422 2173 παντὸς
444 2141 558 2176 ἀψύχοις
582 2139 724 2174 στοιχείοις
750 2138 799 2174 τὴν
821 2136 965 2170 σεϐάσμιον

175 2192 258 2228 τιμὴν
272 2190 473 2227 περιτιθέντες,
491 2189 535 2215 τὸν
566 2188 677 2223 ὕψιστον
693 2187 769 2216 Θεὸν,
788 2185 833 2211 τὸν
850 2183 965 2219 οὐρανοῦ

175 2239 223 2266 καὶ
240 2238 294 2274 γῆς
317 2230 482 2274 δημιουργὸν
494 2256 501 2267 ,
517 2235 598 2262 αὑτὸν
621 2234 653 2269 δὴ
680 2233 724 2259 τὸν
749 2232 802 2258 τῶν
820 2230 966 2267 προφητῶν

1007 1632 1069 1660 tur?
1084 1636 1185 1659 temere
1201 1632 1257 1659 haec
1274 1633 1414 1659 enuntiata
1430 1632 1513 1659 sunt?
1527 1640 1560 1658 an
1570 1632 1673 1659 exitum
1692 1632 1795 1659 invenit

1009 1678 1116 1705 oratio?
1133 1678 1236 1712 inspice
1248 1678 1330 1713 igitur
1344 1678 1367 1705 si
1380 1686 1434 1705 non
1448 1678 1539 1710 hodie,
1559 1678 1611 1705 hoc
1630 1682 1671 1705 est
1692 1678 1794 1705 nostris

1009 1723 1118 1750 interim
1138 1723 1258 1758 ipsorum
1275 1724 1454 1759 temporibus,
1468 1723 1534 1758 ipsis
1546 1723 1632 1750 oculis
1646 1727 1796 1749 cernuntur

1010 1776 1065 1795 non
1081 1769 1167 1795 solum
1180 1768 1310 1803 tEgyptii,
1324 1776 1419 1795 verum
1433 1769 1514 1795 etiam
1534 1776 1615 1795 omne
1643 1775 1729 1803 genus
1747 1768 1796 1795 ho-

1011 1815 1114 1841 minum
1133 1814 1178 1849 qui
1197 1814 1311 1841 antehac
1322 1814 1477 1841 simulacris
1490 1813 1589 1840 addicti
1603 1817 1690 1844 erant,
1713 1821 1796 1847 quos-

1011 1868 1063 1894 que
1077 1859 1264 1894 Aigyptiorum
1277 1858 1456 1893 appellatione
1473 1858 1631 1893 prophetica
1654 1858 1793 1892 praedictio

1013 1905 1156 1940 signiﬁcat,
1175 1911 1189 1931 a
1202 1905 1348 1931 multorum
1366 1904 1480 1931 deorum
1490 1911 1521 1931 ac
1542 1904 1696 1931 daemonum
1713 1904 1796 1939 impio

1014 1952 1088 1977 cultu
1102 1950 1256 1982 liberatum,
1272 1954 1298 1977 et
1314 1957 1407 1977 verum
1424 1950 1619 1986 prophetarum
1642 1948 1726 1977 Deum
1752 1951 1796 1976 in-

1014 2004 1114 2023 vocans
1130 1999 1155 2022 et
1168 1996 1296 2023 adorans.
1316 1994 1385 2022 Vota
1397 1999 1487 2022 autem
1508 1995 1622 2027 faciunt,
1637 2003 1692 2022 non
1712 1995 1798 2030 pluri—

1014 2042 1065 2069 bus
1084 2041 1200 2076 amplius
1221 2040 1352 2074 dominis,
1370 2041 1415 2069 sed
1433 2041 1479 2067 uni
1498 2042 1547 2068 soli
1563 2041 1687 2073 Domino,
1704 2049 1799 2076 quem-

1015 2087 1159 2114 admodum
1171 2094 1278 2114 sacrum
1290 2087 1415 2122 praedixit
1430 2087 1582 2115 oraculum.
1611 2086 1643 2113 Et
1658 2087 1721 2115 huic
1738 2087 1800 2121 qui-

1016 2132 1076 2159 dem
1095 2133 1179 2159 altare
1193 2133 1395 2159 incruentarum
1409 2136 1435 2159 et
1447 2133 1618 2159 rationalium
1631 2132 1796 2164 hostiarum,

1017 2182 1046 2205 ut
1067 2185 1136 2205 nova
1149 2177 1217 2205 Novi
1239 2178 1404 2205 Testamenti
1430 2179 1559 2214 mysteria
1580 2177 1728 2213 postulant,
1752 2184 1800 2212 per

1018 2228 1103 2251 totum
1118 2227 1253 2251 terrarqu
1264 2224 1357 2251 orbem
1373 2228 1494 2251 erectum
1505 2228 1547 2251 est
1565 2232 1571 2249 :
1588 2227 1685 2251 etcum
1702 2223 1729 2249 in
1755 2222 1801 2249 1E-

177 2268 291 2321 Κύρίον,
307 2268 360 2310 τδηῖ
372 2268 446 2310 Θεδν
460 2280 585 2316 ’Λϐραάμ
604 2268 651 2306 καί
674 2278 727 2305 τῶν
740 2277 834 2304 τούτου
860 2284 957 2311 προπαι

1018 2275 1110 2306 gypto,
1126 2275 1182 2297 tum
1197 2271 1225 2298 in
1240 2270 1352 2305 reliquis
1366 2270 1501 2305 gentibus,
1520 2277 1580 2304 quae
1597 2278 1687 2297 mores
1715 2269 1800 2304 {Egy-

175 2332 274 2367 σπόρων,
293 2328 362 2366 μετά
376 2328 425 2364 τὴν
441 2328 487 2354 τοῦ
501 2326 626 2362 Σωτῆρος
642 2324 719 2360 ήμῶν
736 2322 886 2358 παρουσίαν
899 2322 965 2347 ἀνα-

178 2366 341 2407 καλοῦνται;
358 2374 406 2402 καὶ
420 2374 444 2400 οἱ
461 2372 550 2408 μικρῷ
563 2370 681 2409 πρόσθεν
701 2367 902 2405 μητρογαμὶαις
920 2366 967 2393 καὶ

179 2420 424 2458 θυγατρομιξίαις,
450 2417 673 2453 ἁλληλοφθορίαις
699 2424 729 2442 τε
755 2415 802 2441 καὶ
826 2413 967 2444 παντοίαις

181 2468 347 2505 μιαιφονίαις
361 2465 607 2500 ὲγκαλινδούμενοι,
622 2464 645 2490 οὶ
674 2462 755 2499 μηδέν
776 2470 801 2486 τι
823 2460 967 2494 ἀνημέρων

180 2515 283 2552 θηρίων
300 2514 347 2541 τὸν
376 2513 474 2549 τρόπον
497 2511 684 2546 διαφέροντες,
708 2508 767 2534 νυνὶ
787 2507 831 2533 διὰ
852 2507 900 2541 τῆς
920 2506 966 2533 τοῦ

180 2562 307 2598 Σωτῆρος
321 2560 400 2596 ἡμῶν
414 2559 504 2585 ἐνθέου
524 2558 664 2592 δυνάμεως
683 2554 903 2591 μεταϐληθέντες,
921 2553 968 2579 καὶ

181 2608 275 2644 ὥσπερ
291 2607 322 2640 ὲξ
339 2606 439 2642 ἐτέρων
460 2605 550 2640 ἕτεροι
570 2602 722 2637 γεγονότες,
736 2600 832 2634 λόγους
855 2598 967 2634 ἀρετῆς,

185 2655 229 2683 καὶ
239 2653 418 2690 σωφροσύνης
434 2650 615 2685 παιδεύματα,
640 2648 775 2678 συνιόντες
788 2647 827 2678 είς
846 2645 879 2672 τὰ
894 2645 969 2671 κοινὰ

201 2700 366 2730 .δασκαλεῖα,
387 2697 566 2735 μανθάνουσιν
579 2704 584 2710 ·
600 2695 637 2726 ὡς
652 2695 701 2730 τὴν
719 2692 847 2720 ἀνωτάτω
863 2691 970 2725 φιλοσο-

205 2747 267 2777 ίαν,
293 2745 343 2781 τὴν
369 2744 430 2780 μηδ’
452 2741 598 2778 ὲμϐλέπειν
623 2740 779 2770 ἀκολάστοις
805 2737 968 2772 ὀφθαλμοῖς,

219 2817 243 2833 "
261 2816 314 2843 lsa.
331 2822 389 2847 xIx,
410 2814 510 2847 l9,20.

221 2886 258 2923 (ιι
275 2886 358 2923 Forte
374 2885 437 2923 leg”
453 2883 512 2923 καθ’
527 2883 609 2923 ἠμῖς.
629 2882 718 2913 αὐτοῖς
737 2882 790 2913 τοῖς
803 2880 864 2916 ὸφθ.
883 2887 956 2908 non.

149 2942 174 2955 η.
223 2917 271 2960 (Γ)
290 2920 370 2948 Οὐδ’.
384 2917 463 2947 Forte
477 2917 542 2945 οὐκ(
553 2917 629 2946 Enn.

1018 2317 1135 2352 ptiorum
1149 2316 1509 2351 imitantes,superstitionis
1516 2323 1608 2343 errore
1624 2315 1798 2342 tenebantur:

1019 2363 1069 2389 hac
1083 2362 1141 2397 ipsa
1155 2365 1234 2389 :L-tate
1248 2365 1343 2388 nostra
1359 2361 1480 2396 cognitio
1499 2361 1557 2388 veri
1586 2360 1633 2387 Dei
1664 2360 1800 2391 relucens,

1019 2409 1098 2436 ﬁdem
1115 2409 1148 2435 iis
1172 2416 1232 2443 qua:
1246 2415 1261 2433 a
1277 2407 1416 2442 prophetis
1432 2407 1559 2442 praedicta
1575 2410 1649 2438 sunt,
1666 2406 1803 2432 indubita-

1019 2461 1074 2483 tam
1094 2454 1227 2490 adjungit.
1244 2453 1306 2481 llaec
1324 2458 1414 2481 autem
1431 2462 1491 2481 cum
1508 2454 1597 2488 reipsa
1613 2453 1720 2480 interim
1741 2459 1803 2486 per-

1023 2501 1065 2528 ﬁci
1079 2501 1182 2532 videas,
1200 2507 1248 2526 nec
1278 2500 1403 2535 amplius,
1434 2503 1462 2526 ut
1486 2499 1621 2534 quondam
1651 2498 1739 2525 audita
1756 2506 1804 2525 ex-

1023 2546 1149 2581 spectari,
1165 2546 1187 2573 si
1201 2550 1308 2580 tempus
1327 2553 1432 2580 qumras
1450 2545 1521 2572 unde
1545 2544 1709 2580 principium
1730 2545 1804 2578 ejus-

1022 2593 1095 2621 modi
1110 2601 1153 2620 res
1170 2593 1314 2627 acceperit,
1332 2600 1385 2619 non
1402 2592 1474 2619 aliud
1490 2591 1621 2623 invenies,
1640 2599 1721 2626 quam
1742 2600 1804 2619 cum

1025 2641 1150 2668 Salvator
1166 2643 1259 2668 noster
1272 2639 1392 2665 advenit.
1404 2639 1463 2673 Ipse
1478 2638 1561 2672 igitur
1575 2637 1619 2664 ille
1635 2637 1696 2671 fuit,
1724 2645 1804 2672 quem

1022 2687 1163 2714 oraculum
1178 2685 1360 2721 signiﬁcabat,
1374 2691 1436 2710 cum
1450 2683 1553 2710 diceret
1566 2683 1650 2710 Deum
1666 2688 1693 2710 et
1714 2682 1806 2709 Domi-

1024 2741 1088 2761 num
1101 2733 1232 2765 universi,
1257 2732 1405 2759 missurum
1433 2729 1568 2765 Egyptiis
1595 2729 1731 2757 hominem
1758 2729 1805 2764 qui

1058 2876 1117 2913 (Γ)
1135 2875 1306 2919 01'26'.Forte
1321 2875 1378 2902 οὐκ.
1396 2873 1473 2902 Ιζυιτ.
