2053 3218
249 179 283 207 13

569 179 702 207 EUSEBII
722 177 961 207 CAESARIENSIS
981 177 1058 206 OPP.
1079 176 1170 205 PARS
1190 176 1220 204 11.
1241 192 1275 197 -
1295 176 1545 206 APOLOGE'I‘ICA.

1840 178 1877 207 ιι

248 239 381 267 doctrinis
409 238 552 266 confossos
569 258 576 270 ,
606 244 687 273 atque
717 243 868 274 prostratos
906 238 1032 273 erigeret.

1086 238 1189 268 κεῖται,
1213 237 1322 272 ἀνόμοις
1348 237 1376 263 δὲ
1400 237 1446 264 καὶ
1470 238 1674 268 ἀνυποτάκτοις,
1695 237 1803 264 ἀσεϐέσι
1830 241 1878 267 καὶ

216 305 221 318 ε
251 294 261 312 ι
275 284 361 312 Iustis
374 284 463 316 enim,
482 284 580 317 inquit.
602 284 643 312 lex
663 285 750 319 posita
773 293 827 311 non
846 287 899 315 est.
918 284 964 311 sed
981 284 1035 311 ini-

215 327 220 345 ⁷
247 333 310 367 quis
325 335 352 358 et
371 330 569 366 pervicacibus,
585 334 611 357 et
624 330 725 365 impiis.
742 335 768 358 et
784 331 983 365 peccatoribus,
1007 335 1035 358 et

248 377 344 406 horum
360 376 496 404 similibus
511 376 544 403 δ’.
562 385 570 401 ι
591 375 695 403 Novum
717 382 808 404 autem
834 386 894 409 eos,
916 377 962 412 qui
987 385 1036 412 per

249 423 417 452 Salvatorem
434 428 557 450 nostrum
581 423 625 450 Dei
648 423 779 450 beneficio
795 431 825 450 ac
841 431 953 451 munere
969 431 1034 450 con-

248 470 428 502 surrexerint,
443 470 477 497 ad
496 470 661 504 promissum
678 470 725 497 Dei
741 478 853 505 regnum
871 473 900 497 ut
921 476 984 497 eant
1008 475 1035 496 ct

248 520 407 552 properent.
419 517 498 552 quasi
514 516 684 548 manuducit,
705 520 787 551 atque
800 517 922 548 instruit,
939 524 1034 544 omnes

247 571 324 598 atque
338 563 462 590 homines
476 570 576 590 vocans
595 563 621 589 in
642 571 724 590 unam
749 567 830 598 atque
845 563 967 590 eamdem
984 563 1034 590 bo-

248 617 347 636 norum
372 610 606 636 communitatem.
626 608 682 635 lloc
703 609 785 643 igitur
814 607 918 634 Novum
940 607 1035 635 Tcsta-

248 654 472 689 metitumdcgem
480 662 576 682 novam
586 657 664 682 vocat
672 655 740 681 alius
756 653 896 688 itemzapud
907 653 1034 681 llehrmos

246 700 378 735 propheta
393 699 479 728 Isaias
491 700 587 729 dicens
605 709 611 727 :
629 709 637 725 ι
654 699 721 726 Nam
736 699 770 726 de
794 699 860 726 Sion
879 699 962 726 exibit
981 699 1033 730 lex,

247 748 274 772 et
289 745 401 772 verbum
419 745 527 773 Domini
543 745 577 773 de
593 744 743 773 Jerusalem
772 754 778 771 :
803 749 829 771 ct
845 745 981 779 judicabit
994 746 1036 771 in-

246 798 288 821 ter
312 798 417 828 gentes,
431 797 459 820 οι
475 793 583 820 venient
595 799 690 818 omnes
709 795 813 826 gentes,
835 794 862 817 Ci.
887 798 1036 825 congrega-

247 840 350 867 buntur
364 847 459 866 omnes
480 839 584 874 populi,
601 843 628 866 et
645 839 735 865 dicent
754 847 759 864 :
780 837 885 868 Venite,
903 837 1035 864 ascenda-

247 894 309 913 tnus
323 886 350 913 in
366 890 485 912 montem
497 884 604 911 Domini
615 888 642 911 et
657 885 682 911 in
699 884 809 911 domum
824 883 870 910 Dei
884 883 1008 911 Iacob".
1022 894 1031 910 ›

247 931 302 958 Sed
325 938 385 966 qum
408 930 515 958 tandem
535 931 577 958 lex
595 931 628 958 de
645 930 708 957 Sion
723 931 909 964 proﬁciscens,
926 930 1032 958 diversa

246 977 380 1004 duntaxat
395 977 429 1004 ab
440 985 472 1004 ea
485 985 545 1012 qua:
558 977 584 1004 in
603 981 694 1004 monte
709 976 773 1004 Sina
790 985 838 1011 per
854 977 954 1004 Musctn
970 977 1032 1004 data

246 1027 288 1050 est
316 1023 466 1058 reperietur
487 1032 493 1050 :
514 1023 565 1050 nisi
578 1023 666 1057 ipsum
693 1022 882 1057 Evangelicum
909 1024 1033 1056 verbum,

245 1068 317 1103 quod
332 1075 380 1103 per
387 1067 555 1095 Salvatorem
570 1071 694 1094 nostrum
707 1066 799 1094 Jesum
812 1066 962 1097 Clu-istum,
973 1074 1033 1101 per-

246 1123 299 1149 que
315 1114 436 1148 ejnsdem
454 1114 593 1149 apostolos
608 1113 641 1140 de
659 1113 723 1140 Sion
743 1113 894 1148 profectum
910 1116 1035 1147 cst,pcr-

245 1167 298 1195 que
313 1167 407 1188 omnes
420 1163 515 1195 gentes
530 1158 756 1186 disseminatum?
771 1163 878 1186 constat
903 1159 975 1186 enim
1000 1158 1034 1186 de

247 1205 398 1234 Jerusalem
424 1214 456 1233 ac
471 1206 505 1234 de
522 1213 554 1233 eo
568 1205 614 1240 qui
642 1205 679 1232 illi
703 1204 866 1240 conjunrtus
878 1209 929 1237 est,
942 1209 1035 1231 monte

246 1252 324 1286 Sion,
342 1253 387 1280 ubi
402 1252 529 1280 Salvator
543 1259 575 1280 ac
585 1251 752 1286 Dominuss
765 1255 868 1283 noster,
882 1255 908 1278 et
919 1251 1032 1277 multum

246 1302 372 1326 versatus
382 1302 435 1330 est,
444 1301 471 1325 et
486 1297 634 1332 plurimum
647 1296 778 1323 doctrinae
790 1303 847 1322 sine
860 1295 955 1325 edidit,
967 1294 1034 1321 Novi

246 1343 415 1372 Testamenti
432 1344 518 1378 legem
535 1343 569 1370 ab
591 1343 670 1370 initio
687 1342 839 1378 profectam
863 1341 889 1368 in
919 1346 1034 1368 cunctos

245 1391 370 1418 homines
387 1397 464 1417 suam
486 1391 574 1417 lucem
598 1389 737 1420 effudisse.
768 1397 827 1424 qua:
852 1387 961 1424 quidem
991 1397 1034 1416 res

244 1439 427 1464 consentanea
444 1435 478 1463 iis
493 1435 606 1463 vocibus
625 1435 685 1467 fuit,
701 1434 802 1470 quibus
815 1435 858 1462 ille
871 1434 903 1461 ad
917 1442 982 1462 suos
993 1438 1034 1461 est

245 1490 314 1511 usus
328 1482 489 1517 discipulos,
508 1482 572 1509 dum
586 1482 652 1509 dicit
667 1491 673 1508 :
695 1491 704 1508 ι
721 1482 757 1509 Ite
772 1488 805 1508 ac
821 1481 916 1508 docete
939 1488 1034 1508 omnes

245 1532 350 1566 gentes.
374 1528 504 1556 docentes
524 1536 571 1556 eos
601 1535 712 1556 scrvare
743 1527 834 1555 omnia
864 1535 1034 1562 qumcunque

245 1575 360 1613 praecepi
374 1576 396 1591 “
414 1575 501 1604 vobis.
520 1585 529 1601 ι
548 1574 677 1608 Quantam
695 1581 777 1609 porro
793 1574 849 1601 haec
874 1576 962 1606 erant,
980 1574 1032 1600 nisi

245 1621 313 1648 Novi
327 1620 494 1648 Tcstamenti
511 1619 636 1647 instituta
648 1627 678 1646 ac
690 1619 843 1654 praecepta?
856 1619 965 1654 quando
980 1619 1030 1654 igi-

244 1673 288 1695 tur
305 1668 361 1694 hzec
375 1667 415 1694 sic
430 1674 459 1694 se
477 1666 576 1692 habere
591 1670 730 1693 ostensum
745 1670 798 1698 est,
812 1673 884 1692 nunc
895 1665 949 1700 jam
962 1669 1032 1693 tem-

243 1722 294 1749 pus
312 1713 392 1741 fuerit
408 1712 543 1747 inspicere
556 1713 670 1747 hujusce
689 1711 754 1739 Novi
769 1711 946 1743 Testamenti,
962 1712 1034 1746 ejus-

1051 915 1070 941 1]

1047 1595 1068 1624 C

1086 283 1266 319 ἁμαρτωλοῖς,
1283 284 1329 310 καὶ
1336 285 1392 315 τοῖς
1401 284 1609 320 παραπλησίοις.
1618 294 1626 310 ι
1645 284 1675 310 ’11
1683 284 1710 310 δὲ
1724 285 1802 320 καινὴ
1813 287 1878 318 τοὺς

1085 329 1128 355 διὰ
1142 328 1188 355 τοῦ
1203 329 1328 365 Σωτῆρος
1345 329 1424 365 ἡμῶν
1440 329 1532 365 χάριτι
1565 330 1611 356 καὶ
1632 330 1720 365 δωρεᾷ
1740 330 1806 356 Θεοῦ
1828 331 1876 358 ἀν-

1086 375 1281 410 εγηγερμένοις
1299 375 1344 401 ἐπὶ
1369 376 1399 402 τὸ
1425 376 1542 410 βαδίζειν
1565 376 1612 402 καὶ
1630 376 1753 403 σπεύδειν
1774 378 1813 408 εἰς
1827 377 1877 413 τὴν

1086 421 1294 456 ἐπηγγελμένην
1310 421 1357 448 τοῦ
1374 421 1440 448 Θεοῦ
1458 422 1594 457 βασιλείαν
1618 424 1791 458 χειραγωγεῖ,
1808 423 1876 450 πάν-

1086 475 1134 498 τας
1150 467 1248 502 ἐπίσης
1262 467 1421 503 ἀνθρώπους
1439 469 1479 500 είς
1499 468 1561 503 μίαν
1585 469 1631 495 καὶ
1653 469 1701 503 τὴν
1725 469 1809 505 αὐτὴν
1823 469 1878 497 τῶν

1086 513 1194 546 ἀγαθῶν
1222 513 1366 548 μετουσίαν
1383 513 1601 549 προκαλουμένη.
1624 515 1730 551 Ταύτην
1751 515 1800 550 τὴν
1821 525 1879 543 και-

1086 558 1133 593 νὴν
1153 557 1289 593 Διαθήκην
1306 555 1383 589 αὖθις
1393 557 1473 593 νόμον
1495 559 1621 594 ὀνομάζει
1640 559 1730 586 καινὸν
1752 560 1878 593 Ἡσαΐας,

1086 603 1164 635 ἄλλος
1177 603 1254 630 πάλιν
1273 604 1336 640 παρ’
1359 604 1495 639 Ἑϐραίοις
1511 606 1663 641 προφήτης,
1676 605 1776 640 λέγων·
1796 615 1805 632 ι
1829 607 1877 634 Ἐκ

1086 650 1139 686 γὰρ
1155 651 1224 677 Σιὼν
1248 650 1416 683 ἐξελεύσεται
1442 651 1532 686 νόμος,
1553 652 1600 678 καὶ
1626 652 1704 686 λόγος
1725 653 1826 688 Κυρίου
1847 653 1876 686 ἐξ

1091 696 1279 732 Ἰερουσαλὴμ,
1296 697 1343 723 καὶ
1358 698 1446 733 κρινεῖ
1461 697 1512 724 ἀνὰ
1538 698 1619 731 μέσον
1642 697 1695 724 τῶν
1720 687 1814 730 ἐθνῶν,
1829 699 1878 726 καὶ

1085 742 1179 777 ἥξουσι
1195 744 1283 770 πάντα
1300 744 1334 770 τὰ
1352 743 1426 779 ἔθνη,
1446 744 1492 770 καὶ
1510 744 1722 780 συναχθήσονται
1739 745 1838 777 πάντες
1851 745 1878 773 οε

1087 789 1154 819 λαοὶ,
1171 790 1217 815 καὶ
1234 789 1326 824 ἐροῦσι
1337 798 1343 804 ·
1360 790 1452 822 Δεῦτε,
1477 791 1523 816 καὶ
1537 790 1681 824 ἀναΰῶμεν
1705 791 1744 822 εἰς
1765 791 1796 818 τὸ
1812 791 1876 827 ὄρος

1086 835 1200 869 Κυρίου,
1216 835 1262 862 καὶ
1278 836 1318 867 εἰς
1329 833 1455 862 τὸνοῖκον
1467 835 1513 862 τοῦ
1528 836 1595 863 Θεοῦ
1616 836 1721 864 Ἰακώϐ.
1737 838 1785 869 Τίς
1803 838 1826 864 δ’
1842 838 1879 865 ἂν

1087 881 1129 916 εἴη
1144 882 1157 907 ὁ
1171 882 1202 907 ἐκ
1217 881 1284 908 Σιὼν
1298 882 1489 918 προεληλυθὼς
1502 883 1593 918 νόμος,
1609 883 1702 919 ἕτερος
1715 883 1753 910 ὢν
1766 883 1813 911 τοῦ
1830 885 1878 912 ἐπὶ

1085 926 1134 961 τῆς
1146 926 1249 961 ἐρήμου
1261 927 1305 953 διὰ
1326 928 1447 960 Μωσέως
1463 928 1491 954 ἐν
1505 927 1544 963 τῷ
1557 928 1621 955 Σινὰ
1632 929 1690 964 ὄρει
1703 931 1878 967 νενομοθετη-

1087 971 1178 1005 μένον,
1192 971 1248 997 ἀλλ’
1262 972 1278 1007 ἦ
1292 974 1306 999 ο
1318 973 1502 1007 Εὐαγγελικὸς
1514 973 1602 1008 λόγος,
1613 975 1627 1000 ό
1637 975 1680 1002 διὰ
1694 975 1738 1002 τοῦ
1753 977 1878 1012 Σωτῆρος

1084 1018 1162 1053 ἡμῶν
1179 1019 1264 1054 Ἰησοῦ
1278 1019 1324 1045 τοῦ
1336 1020 1453 1054 Χριστοῦ
1467 1021 1574 1047 καὶτῶν
1584 1021 1738 1049 ἀποστόλων
1751 1022 1833 1049 αὐτοῦ
1845 1024 1878 1050 ἐκ

1084 1065 1133 1100 τῆς
1150 1064 1218 1092 Σιὼν
1236 1066 1437 1101 προεληλυθὼς,
1454 1067 1500 1093 καὶ
1517 1067 1628 1093 διελθὼν
1641 1068 1729 1095 πάντα
1742 1069 1775 1096 τὰ
1792 1068 1854 1103 ἔθνη
1868 1077 1875 1101 ;

1085 1111 1217 1147 πρόδηλον
1227 1112 1281 1148 γὰρ
1290 1112 1327 1144 ὡς
1340 1112 1394 1139 ἀπὸ
1402 1113 1451 1156 τῇς
1469 1113 1656 1149 Ἰερουσαλὴμ,
1670 1114 1717 1140 καὶ
1732 1114 1779 1140 τοῦ
1790 1114 1877 1152 ταύτῃ

1085 1158 1359 1194 προσπαρακειμένου
1381 1158 1450 1185 Σιὼν
1474 1157 1569 1195 ὄρους,
1593 1158 1656 1186 ἔνθα
1680 1159 1728 1191 τὰς
1749 1159 1879 1192 πλείστας

1084 1205 1223 1240 διατριϐάς
1247 1214 1277 1232 τε
1303 1205 1350 1232 καὶ
1375 1205 1548 1238 διδασκαλίας
1568 1206 1581 1232 ὁ
1597 1206 1690 1242 Σωτὴρ
1703 1207 1750 1233 καὶ
1777 1208 1878 1244 Κύριος

1085 1251 1162 1286 ἡμῶν
1178 1252 1320 1286 πεποίητο,
1336 1252 1351 1277 ὁ
1370 1252 1425 1286 τῆς.
1434 1253 1536 1288 Καινῆς
1551 1253 1688 1289 Διαθήκης
1700 1253 1781 1280 αὐτοῦ
1794 1253 1878 1290 ἀρξά-

1087 1307 1166 1333 μενος
1179 1298 1270 1334 νόμος,
1290 1298 1416 1326 κάκεῖθεν
1431 1299 1580 1334 προελθὼν,
1594 1301 1633 1331 είς
1647 1301 1750 1332 πάντας
1763 1300 1878 1336 ἐξέλαμ-

1084 1343 1134 1377 ψεν
1153 1343 1313 1379 ἀνθρώπους
1337 1343 1490 1376 ἀκολούθως
1511 1346 1570 1376 ταῖς
1595 1345 1677 1372 αὐτοῦ
1699 1343 1818 1379 φωναῖς,
1843 1345 1878 1378 ἃς

1086 1389 1153 1424 πρὺς
1164 1389 1226 1420 τοὺς
1241 1389 1323 1415 αὑτοῦ
1339 1389 1462 1425 μαθητὰς
1475 1390 1616 1425 πεποίητο.
1635 1391 1738 1426 φήσας·
1752 1401 1760 1416 ‹
1776 1391 1879 1426 Πορευ-

1085 1435 1176 1466 θέντες
1192 1434 1380 1470 μαθητεύσατε
1398 1436 1485 1462 πάντα
1500 1435 1534 1463 τὰ
1553 1436 1627 1471 ἔθνη,
1640 1436 1809 1468 διδάσκοντες
1826 1436 1878 1463 αὺ-

1084 1481 1146 1512 τοῦς
1160 1483 1252 1516 τηρεῖν
1273 1481 1360 1508 πάντα
1380 1482 1430 1508 ὅσα
1447 1482 1622 1518 ἐνετειλάμην
1646 1484 1719 1519 ὑμῖν.
1738 1493 1746 1509 ι
1767 1483 1833 1510 Τίνα
1848 1483 1876 1510 δὲ

1084 1527 1168 1553 ταῦτα
1179 1525 1223 1563 ἦν,
1239 1527 1295 1554 ἀλλ’
1313 1527 1330 1563 ἢ
1347 1527 1381 1554 τὰ
1394 1528 1443 1562 τῆς
1460 1528 1563 1564 Καινῆς
1577 1529 1714 1565 Διαοὴκης
1728 1529 1877 1566 μαθήματά

1085 1582 1113 1600 τε
1147 1573 1194 1600 καὶ
1220 1573 1410 1609 παιδεύματα;
1431 1574 1540 1610 Ἐπειδὴ
1568 1575 1656 1602 τοίνυν
1684 1575 1759 1602 ταῦθ’
1789 1575 1876 1609 οὕτως

1085 1620 1155 1656 ἔχειν
1167 1620 1363 1654 ἀποδέδεικται,
1377 1621 1434 1657 ὧρα
1448 1621 1494 1648 νῦν
1507 1622 1570 1648 ίδεῖν
1585 1622 1630 1649 τὸν
1643 1623 1742 1658 τρόπον
1751 1624 1799 1659 τῆς
1810 1625 1879 1651 Και-

1086 1667 1134 1701 νῆς
1160 1666 1327 1701 Διαθήκης,”
1343 1667 1389 1693 καὶ
1415 1667 1461 1694 τοῦ
1492 1669 1752 1705 προκεκηρυγμένου
1783 1670 1876 1700 καινοῦ

1087 1711 1207 1746 ᾷτματός
1224 1720 1253 1738 τε
1268 1712 1314 1738 καί
1327 1712 1419 1748 νόμου.

242 1770 295 1798 que
310 1762 381 1797 quod
393 1761 551 1796 prmdictum
567 1760 654 1788 fuerat
667 1761 767 1788 cantici
777 1760 850 1793 novi,
869 1767 1000 1794 novaeque
1012 1760 1078 1796 legis
1094 1760 1225 1787 rationem
1245 1767 1277 1786 ac
1291 1761 1410 1788 modum.

556 1809 670 1837 CAPUT
685 1808 717 1836 ν.

243 1856 372 1891 Quisnam
387 1857 478 1884 modus
490 1855 558 1883 Novi
576 1856 746 1889 Testanteuti,
763 1855 838 1891 cujus
856 1855 979 1884 Christus
993 1859 1031 1881 est

580 1896 681 1919 αηειον.

279 1937 317 1964 Ita
342 1937 451 1972 quidem
477 1942 620 1964 ostensum
644 1937 700 1971 jam
726 1941 778 1967 est,
801 1936 1031 1971 quemadmodum

243 1980 327 2009 Vetus
343 1982 407 2008 illud
429 1981 644 2014 Testamentum,
663 1983 761 2017 lexque
785 1981 902 2014 Mosaica
918 1983 964 2010 uni
981 1982 1030 2010 Ju-

243 2027 327 2055 daicm
346 2028 438 2063 genti,
462 2033 489 2056 et
508 2028 572 2055 huic
595 2029 646 2063 ipsi
668 2028 806 2063 propriam
830 2033 931 2055 terram
955 2029 1029 2056 inco-

244 2074 308 2100 lenti
327 2073 527 2100 accommodari
557 2077 660 2108 posset,
677 2081 708 2100 ac
724 2081 810 2108 neque
831 2074 945 2109 reliquis
967 2082 1033 2110 gen-

242 2120 328 2151 tibus.
356 2128 416 2154 qua:
436 2123 495 2146 toto
513 2124 647 2146 tcrrarum
665 2120 731 2147 orbe
754 2124 922 2153 tenerentur,
944 2129 1033 2155 neque

243 2167 344 2194 alienas
357 2171 444 2193 terras
457 2166 636 2194 incolentibus
647 2163 747 2194 Iudaeis
758 2166 915 2193 conveniret
927 2175 933 2192 :
944 2167 1032 2202 quod-

1350 1809 1545 1837 ΚΕΦᾹΛΛΙΟΝ
1570 1812 1607 1839 Ε’.

1088 1857 1134 1888 Τίς
1157 1856 1173 1881 ό
1196 1855 1247 1882 τοῦ
1276 1855 1404 1889 Χριστοῦ
1432 1856 1487 1890 τῆς
1500 1857 1612 1892 Καινῆς
1634 1858 1781 1894 Διαθήκης
1806 1861 1873 1894 τρό-

1440 1900 1508 1925 nec.

1126 1935 1158 1962 ’11
1190 1935 1238 1970 μὲν
1261 1936 1292 1971 δὴ
1317 1936 1417 1963 παλαιὰ
1432 1937 1552 1972 Διαθήκη
1581 1938 1628 1964 καὶ
1649 1939 1663 1964 ὁ
1685 1939 1728 1966 διὰ
1751 1939 1872 1972 Μωσέως

1086 1982 1166 2017 νόμος
1190 1982 1262 2018 μόνῳ
1275 1982 1313 2017 τῷ
1338 1982 1471 2010 Ἰουδαίων
1493 1983 1574 2015 ἔθνει,
1593 1984 1638 2010 καὶ
1661 1985 1748 2020 τούτῳ
1760 1986 1805 2012 ἐπὶ
1823 1986 1874 2021 τῆς

1084 2028 1186 2059 οἰκείας
1197 2028 1248 2063 γῆς
1263 2028 1390 2060 οἰκοῦντι,
1409 2028 1576 2064 κατάλληλος
1591 2030 1793 2064 ἀποδέδεικται,
1812 2031 1873 2059 οὔτε

1085 2074 1112 2101 δὲ
1127 2075 1182 2105 τοῖς
1196 2073 1297 2105 λοιποῖς
1312 2073 1400 2100 ἔθνεσι
1414 2076 1470 2106 τοῖς
1485 2074 1545 2101 καθ’
1557 2076 1621 2111 ὅλης
1633 2076 1684 2111 τῆς
1698 2078 1872 2114 οἰκουμένης,

1085 2120 1145 2148 οὔτε
1159 2122 1214 2153 τοῖς
1224 2121 1269 2147 ἐπὶ
1281 2122 1331 2156 γῆς
1344 2121 1494 2157 ἀλλοδαπῆς
1504 2122 1705 2158 ἀπῳκισμένοις
1720 2121 1854 2156 Ἰουδαίοις
1864 2133 1871 2141 ·

1085 2166 1130 2192 τὸν
1140 2166 1230 2201 81:17};-
1240 2166 1343 2201 Καινῆς
1352 2166 1489 2202 Διαθήκης
1496 2167 1594 2202 τρόπον
1606 2169 1686 2195 πᾶσιν
1695 2169 1798 2196 ἔθνεσιν
1807 2172 1872 2205 βιωο

243 2220 295 2247 que
311 2211 378 2239 Novi
404 2211 570 2239 Testamenti
592 2212 725 2239 rationem
741 2212 777 2239 ita
799 2216 937 2247 oporteret
953 2212 1030 2239 insti-

1084 2212 1150 2247 φελῆ
1166 2213 1233 2247 χρῆν
1243 2212 1328 2247 δήπου
1341 2214 1517 2248 καταστῆναι,
1531 2213 1569 2245 ὡς
1578 2214 1708 2250 μηδαμῶς
1719 2216 1872 2251 μηδαμόθεν

243 2259 293 2291 tui,
308 2263 338 2286 ut
352 2258 481 2286 omnibus
497 2259 624 2293 gentibus
635 2259 668 2285 ad
685 2259 765 2286 vitam
786 2259 916 2293 prodesse
928 2263 1029 2293 posset.

244 2310 274 2333 ut
288 2314 322 2333 ne
341 2313 455 2340 prorsus
473 2305 528 2332 ullo
548 2304 640 2337 modo,
666 2304 755 2332 ullave
780 2305 892 2337 ratione,
910 2305 956 2340 qui
980 2305 1031 2332 hoc

244 2353 305 2380 vita).
319 2352 473 2379 institutum
491 2350 595 2386 ingredi
615 2351 724 2382 vellent,
746 2351 942 2386 impedirentur
960 2361 965 2378 :
983 2359 1031 2379 ne-

243 2405 296 2434 que
308 2402 355 2425 aut
371 2397 501 2433 regionis,
519 2402 564 2423 aut
580 2398 700 2432 generis,
717 2401 764 2424 aut
778 2397 841 2429 loci,
858 2402 904 2425 aut
919 2398 1031 2425 alterius

242 2445 394 2480 cujuspiam
419 2445 458 2472 rei
486 2444 598 2470 omnino
628 2451 730 2476 causa,
758 2448 869 2479 possent
893 2445 1028 2472 excusari.

242 2492 316 2520 Talis
333 2499 414 2527 porro
430 2496 457 2518 et
481 2491 535 2521 lex.
546 2494 572 2517 ct
588 2490 642 2516 vita
669 2491 747 2525 plane.
763 2491 866 2518 exstitit
882 2499 923 2523 ea,
940 2500 1000 2526 qnzc
1015 2500 1029 2519 a

244 2538 384 2565 Salvatore
416 2541 511 2564 nostro
533 2535 597 2563 Jesu
628 2536 739 2563 Christo
765 2537 888 2564 instituta
905 2542 957 2570 est,
976 2545 1030 2572 qua

242 2583 332 2618 prisca
349 2584 404 2614 illa,
422 2588 447 2610 et
469 2584 528 2618 ipso
547 2583 619 2610 lllose
643 2583 782 2618 antiquior
807 2583 976 2611 instauratur
988 2591 1030 2610 re-

243 2630 318 2665 ligio.
335 2629 368 2656 ad
381 2630 459 2664 cujus
476 2637 599 2656 normam
612 2634 639 2656 et
659 2629 806 2659 Abraham,
823 2633 849 2656 et
866 2629 926 2663 ejus
941 2629 1028 2664 majo-

243 2685 287 2705 res
313 2676 413 2704 vitisse
442 2676 520 2703 facile
543 2676 778 2704 demonstrantur.
806 2675 883 2708 Quod
912 2676 934 2703 si
961 2676 1029 2703 velis

241 2722 459 2750 Christianorum
481 2721 588 2749 \‘ivcudi
610 2723 754 2753 rationem,
775 2726 856 2756 atque
871 2729 930 2748 eam
948 2729 1028 2756 quam

241 2768 368 2796 Christus
384 2775 430 2802 per
444 2774 537 2794 omnes
547 2773 639 2802 gentes
657 2766 845 2796 disseminnvit
857 2767 1027 2802 religionem,

241 2823 302 2841 cum
318 2823 350 2841 eo
363 2817 389 2841 et
406 2813 543 2848 religionis
556 2814 705 2847 ctjustitia:
716 2813 843 2842 instituto
858 2821 1027 2848 comparare,

239 2866 266 2888 et
287 2860 463 2892 contendere,
481 2868 535 2894 quo
552 2866 577 2888 et
590 2860 724 2888 Abraham
741 2865 767 2888 et
792 2859 908 2887 Abrahae
924 2859 1028 2887 similes

277 2921 300 2937 δ’
320 2920 331 2948 1
350 2919 420 2948 Tim.
445 2929 462 2952 ι,
485 2920 510 2947 9.
552 2921 574 2937 "
594 2919 644 2948 lsa.
668 2928 696 2955 η,
719 2920 776 2947 5-4.

1083 2258 1312 2293 παραποδίζεσθαι
1328 2259 1390 2290 τοὺς
1409 2259 1478 2286 κατὰ
1495 2260 1588 2287 τοῦτον
1603 2261 1790 2288 πολιτεύεσθαι
1807 2262 1872 2297 μέλ-

1082 2305 1186 2337 λοντας,
1206 2306 1267 2340 μήτ’
1280 2305 1334 2331 ἀπὸ
1353 2305 1454 2341 χώρας,
1471 2306 1534 2341 μήτ’
1549 2306 1603 2333 ἀπὸ
1624 2306 1728 2341 γένους,
1746 2308 1873 2343 μήτ*άπδ

1081 2351 1175 2384 τόπου,
1187 2351 1255 2386 μήτε
1272 2350 1303 2377 ἐκ
1320 2359 1391 2383 τινος
1407 2352 1501 2387 ἐτέρου
1521 2352 1551 2378 τὸ
1567 2351 1684 2380 σύνολον.
1701 2353 1826 2386 Τοιοῦτος
1843 2354 1872 2382 δὲ

1082 2397 1201 2432 πέφηνεν
1213 2398 1227 2423 ὁ
1236 2397 1303 2433 πρὸς
1317 2397 1363 2424 τοῦ
1375 2397 1499 2433 Σωτῆρος
1509 2398 1587 2434 ἡμῶν
1604 2399 1689 2434 Ἰησοῦ
1703 2400 1820 2436 Χριστοῦ
1829 2409 1873 2428 νεα

1081 2444 1210 2479 νομοθετη
1215 2444 1294 2478 μένος
1308 2445 1389 2479 νόμος
1406 2453 1434 2471 τε
1443 2445 1489 2471 καὶ
1502 2444 1568 2480 βίος,
1577 2445 1626 2480 τὴν
1636 2446 1816 2483 παλαιοτάτην
1825 2448 1871 2475 καὶ

1082 2491 1269 2527 πρεσϐυτέραν
1298 2491 1420 2522 Μωσέως
1435 2491 1575 2518 εὐσέϐειαν
1587 2492 1791 2528 ἀνανεούμενος,
1808 2494 1870 2520 καθ’

1081 2536 1113 2571 ἣν
1127 2537 1140 2562 ὁ
1161 2536 1287 2572 θεοφιλὴς
1309 2537 1448 2572 Ἀϐραὰμ,
1471 2537 1518 2564 καὶ
1530 2538 1555 2563 οἱ
1577 2537 1670 2566 τούτου
1697 2539 1869 2575 προπάτορες

1081 2581 1231 2608 δείκνυνται
1245 2582 1477 2617 πεπολιτευμένοι.
1494 2584 1524 2609 El
1536 2583 1600 2617 γοῦν
1614 2583 1769 2619 ἐθελήσειας
1781 2583 1825 2610 τόν
1839 2593 1870 2611 τι

1081 2621 1342 2663 Χριστιανῶνᾞίον,
1365 2630 1411 2655 καὶ
1431 2629 1480 2665 τὴν
1499 2629 1552 2656 ὑπὸ
1577 2629 1623 2656 τοῦ
1644 2629 1761 2665 Χριστοῦ
1786 2630 1869 2656 πᾶσιν

1081 2672 1169 2698 ἔθνεσι
1195 2672 1436 2709 καταϐεϐλημένην
1455 2673 1613 2700 θεοσέϐειαν
1634 2673 1808 2705 συνεξετάσαι
1829 2674 1869 2709 τῷ

1080 2718 1174 2753 τρόπῳ
1187 2719 1240 2745 τῶν
1254 2719 1324 2754 ἀμᾳὶ
1346 2719 1391 2745 τὸν
1408 2720 1531 2755 Ἀϐραὰμ
1553 2720 1595 2746 ἐπ’
1611 2719 1736 2755 εὐσεϐείᾳ
1757 2720 1803 2746 καὶ
1826 2719 1870 2746 δι⁴

1081 2764 1210 2801 καιοσύνῃ
1225 2766 1488 2801 μεμαρτυρημένων,
1506 2766 1553 2792 ἕνα
1567 2766 1612 2792 καὶ
1630 2765 1676 2791 τὸν
1689 2765 1770 2791 αὐτὸν
1786 2765 1868 2801 stipi]-

1082 2819 1147 2842 σεις.
1167 2811 1282 2837 Ἑκεῖνοί
1300 2820 1328 2838 τε
1340 2812 1404 2848 γὰρ,
1422 2812 1471 2848 τῆς
1490 2811 1622 2838 πολυοέου
1638 2810 1740 2846 πλάνης
1756 2811 1868 2846 ἀποχω-

1082 2859 1222 2894 ρήσαντες,
1235 2859 1281 2887 καὶ
1297 2859 1345 2895 τὴν
1361 2859 1424 2896 περὶ
1443 2859 1476 2887 τὰ
1496 2859 1640 2894 ἀγάλματα
1659 2857 1868 2893 δεισιδαιμονίαν

817 2920 837 2935 ³³
860 2919 953 2946 Matth.
975 2925 1071 2951 uri”.
1094 2917 1136 2952 l9,
1157 2919 1200 2946 ‘20.
