2053 3218
158 164 199 213 λιες
532 156 537 167 ’
591 182 917 212 ΒΕΜΟΝΒΤΚΑΤΙΟΝΙΞ
935 182 948 211 ι

1000 182 1164 211 .NGELICIE
1184 183 1248 211 LIB.
1269 182 1290 211 Ῑ.
1749 179 1785 212 ια

162 241 394 278 ὰτωστραφὲντες,
411 240 615 277 ὑπερκύψαντες
632 242 659 268 δὲ
680 243 727 268 καὶ
741 242 789 277 τὴν
808 225 948 277 ἐρωμένην

1002 250 1066 269 usos
1084 241 1182 268 divinre
1206 240 1475 275 litterchricdicant,
1496 240 1574 268 facile
1598 249 1682 268 unum
1706 246 1787 277 atque

162 288 268 316 ἃπασαν
283 286 385 319 κτίσιν,
404 287 450 313 καὶ
467 286 530 322 μήθ’
546 286 631 321 ἦλιον,
652 287 719 321 μήτε
736 286 858 321 σελήνην,
880 286 947 321 μήτε

161 343 186 361 τι
207 333 262 360 τῶν
285 332 378 368 μερῶν
403 331 448 358 τοῦ
473 331 573 362 παντὸς
593 331 815 366 θεοτέοιήσαντες,
836 331 877 364 ἐφ’
901 330 948 356 ἕνα

160 380 206 407 τδν
217 378 444 410 ἁνωτάτωθεὺνι
457 377 538 404 αὑτὸν
547 376 578 412 δὴ
589 376 634 402 τὸν
649 375 758 411 ὕψιστον
772 376 819 403 τοῦ
835 376 948 412 οὐρανοῦ

161 426 208 453 καὶ
221 425 272 460 γῆς
291 423 467 460 δημιουργὸν,
479 424 592 454 ἑαυτοὺς
616 423 767 457 ἀνήγαγον·
783 422 797 448 ὂ
818 422 864 448 καὶ
888 431 949 448 συν-

164 472 267 507 ίστησιν
287 469 368 502 αὐτὸς
389 471 404 496 ό
422 469 525 504 Μωσῆς
559 470 587 495 ὲν
609 469 667 499 ταῖς
687 468 735 503 τῆς
758 468 949 503 ἀρχαιολογίας

163 516 301 553 ἱστορίαις,
315 515 361 543 τὸν
382 514 506 550 Ἀίὶραὰμ
526 514 691 550 ἀναγράφων
705 514 851 548 φάσκοντα·
867 523 876 538 ι
893 514 949 540 Ἐκ-

162 563 230 591 τενῶ
243 563 291 598 τὴν
306 562 385 598 χεῖρά
403 571 453 597 μου
469 561 536 597 πρὸς
548 556 592 588 τὸν
604 561 669 587 θεὸν
684 560 803 595 ὕψιστον,
817 560 846 592 ὃς
859 560 947 586 ἔκτισε

162 610 208 637 ’τὸν
225 604 338 645 οὐρανὸν
360 608 407 635 καὶ
425 608 473 643 τὴν
489 608 556 642 γῆν·
570 617 578 633 ι
601 607 647 634 καὶ
665 607 716 642 πρό
730 608 766 641 γε’
783 606 877 633 τούτου
894 607 950 632 εἰσ-

163 655 236 690 άγων
251 651 297 681 τὸν
316 654 490 689 Μελχισεδὲκ,
508 654 537 680 ὃν
559 653 590 689 δή
615 662 695 688 φησιν
719 654 792 689 ἱερέα
809 654 947 688 γεγονέναι

162 702 209 729 τοῦ
226 701 291 728 Θεοῦ
304 701 352 727 τοῦ
370 700 481 735 ὑψίστου
492 720 499 731 ,
520 701 564 726 τὸν
582 700 707 736 ’Λεραὰμ
730 697 780 727 ὦδέ
798 709 855 731 πως
875 700 949 726 εὐλο-

161 746 261 782 γοῦντα
270 753 276 761 ·
292 756 301 771 ε
318 744 505 781 Εὐλογημένος
522 745 646 781 Ἀϐραὰμ
658 746 696 780 τῷ
707 746 766 780 Θεῷ
780 746 819 781 τῷ
833 747 946 783 ὑψίστῳ,

161 792 191 824 ὃς
210 791 300 818 ἔκτισε
315 791 359 818 τὸν
374 792 486 827 οὐρανὸν
509 792 556 818 καὶ
579 792 627 827 τὴν
641 792 701 827 γῆν.
722 802 730 817 ι
758 792 853 828 Εὖροις
872 793 894 819 δ’
916 793 948 820 ἂν

161 838 209 865 καὶ
221 837 265 864 τὸν
284 836 379 872 Ἑνὼχ,
397 838 499 863 καὶτὸν
514 836 575 863 Νῶε
584 837 776 869 δικαιωῦἑντας
792 839 838 864 καὶ
853 839 948 875 εὐαρε-

162 884 314 920 στήσαντας
326 883 364 918 τῷ
382 883 442 918 Θεῷ
456 883 527 910 κατὰ
541 882 585 910 τὸν
601 884 680 910 αὑτὸν
697 884 734 919 τῷ
754 884 877 920 Ἀὂρσιὰμ
888 885 948 921 τρό-

999 286 1070 314 idem
1094 294 1238 321 agnosces.
1256 286 1460 320 Siquidcmilli
1475 294 1490 313 a
1506 287 1652 314 multorum
1674 287 1787 315 deorum

999 333 1084 364 cultu,
1100 336 1180 367 atque
1197 339 1289 359 errore
1304 331 1470 364 recedentes.
1482 337 1509 360 et
1525 333 1560 360 ab
1571 341 1613 364 ea,
1629 341 1690 368 qua:
1703 334 1788 361 simu-

999 378 1080 405 lacris
1104 378 1211 405 addicta
1231 382 1299 408 erat.
1324 378 1518 413 superstitione
1542 383 1695 406 avertentes
1716 380 1789 415 seip-

999 432 1045 451 sos
1062 423 1111 458 (2),
1131 424 1230 451 mentis
1258 424 1352 452 oculos
1370 432 1452 459 supra
1470 432 1578 452 onmem
1594 445 1601 457 ,
1620 432 1789 460 quaecunque

999 470 1086 496 oculis
1110 469 1184 497 cerni
1213 470 1309 504 possit,
1335 474 1459 496 naturam
1485 470 1656 498 sustulerunt
1676 480 1682 498 :
1700 479 1788 506 neque

999 523 1064 543 vero
1081 516 1118 543 illi
1134 520 1181 543 aut
1195 517 1290 549 solent,
1304 520 1349 542 aut
1360 516 1462 548 lunam,
1477 521 1523 544 aut
1536 517 1615 543 aliam
1631 518 1787 552 quampiam

1000 561 1119 588 universi
1143 566 1246 596 partem
1263 570 1311 597 pro
1330 561 1384 589 Deo
1407 570 1525 596 unquam
1542 563 1670 590 coluere:
1690 563 1738 590 sed
1753 563 1787 590 ad

1001 615 1083 634 unum
1098 616 1265 642 supremum.
1283 608 1371 643 ipsum
1390 609 1483 643 utique
1507 609 1670 636 altissimum
1686 609 1749 636 caali
1760 615 1788 637 et

999 657 1078 682 terrae
1090 654 1226 690 opiﬁcem,
1243 655 1295 690 10
1306 655 1411 689 seipsos
1421 655 1542 683 attollere
1554 664 1608 683 non
1617 656 1786 685 dubitarunt.

1000 702 1086 733 Quam
1099 709 1165 728 sane
1177 709 1233 729 rem
1247 702 1305 736 ipse
1317 704 1398 729 etiam
1407 701 1494 729 Moses
1508 702 1534 728 in
1548 702 1606 729 suis
1616 702 1788 737 antiquitatis

1000 746 1120 774 historiis
1135 748 1317 777 commendat.
1336 748 1399 774 dum
1417 747 1503 782 ipsth
1524 747 1660 775 Abraham
1682 749 1721 776 sic
1746 749 1789 777 in-

999 791 1074 819 ducit
1086 793 1220 820 (licentem
1232 803 1238 819 :
1252 803 1260 818 ι
1274 792 1422 821 Extendam
1438 800 1547 820 manum
1560 802 1646 821 meam
1657 794 1690 821 ad
1703 795 1790 824 Deum

1000 838 1171 869 altissimum,
1182 840 1226 873 qui
1238 839 1359 866 condidit
1370 840 1469 866 coelum
1477 847 1509 866 ac
1520 844 1620 867 terram
1630 840 1653 855 “
1668 851 1677 866 ι
1689 849 1695 867 2
1706 842 1788 868 dum-

1000 890 1052 917 que
1067 887 1130 909 ante
1147 883 1230 913 hunc.
1252 881 1444 916 Melchisedec,
1461 892 1542 918 quem
1563 884 1600 911 ait
1618 886 1788 913 sacerdotem

163 938 221 957 πον.
241 926 320 956 Ἀλλὰ
335 930 382 957 καὶ
397 930 411 956 ὀ
429 930 499 962 Ἰὼϐ,
516 930 657 966 ἅνθρωπος
666 931 782 963 δίκαιος,
806 931 930 967 ἀληθινὸς
940 953 947 964 ,

1000 927 1047 955 Dei
1067 928 1192 957 altissimi
1213 929 1308 960 fuisse,
1324 930 1375 964 ipsi
1394 929 1511 957 Abrahte
1533 930 1575 958 his
1593 930 1678 957 ferme
1697 931 1788 958 verbis

161 974 314 1010 ἄμεμπτος,
325 975 464 1011 ϐεοσεῦὴς,
474 975 640 1011 ἀπεχόμενος
653 975 706 1001 ἀπὸ
719 976 818 1008 παντὸς
830 985 897 1013 πονη
903 977 948 1012 ροῦ

163 1020 334 1057 πράγματος,
358 1022 411 1057 πρὸ
420 1022 474 1048 τῶν
482 1022 603 1054 Μωσέως
613 1022 715 1059 χρόνων
728 1023 947 1059 μεμαρτύρηται·

161 1067 189 1099 ὃς
205 1067 238 1104 δὴ
262 1067 309 1094 καὶ
323 1069 418 1104 πεῖραν
426 1067 475 1103 τῆς
489 1068 527 1100 είς
536 1067 581 1094 τὸν
591 1067 643 1094 τῶν
658 1068 724 1095 ὅλων
730 1069 795 1096 Θεὸν
811 1070 949 1102 εὐσεϐείας

161 1113 194 1140 δι’
209 1106 310 1149 ἀθρόας
328 1113 376 1149 τῆς
395 1113 448 1140 τῶν
471 1114 646 1149 ὑπαρχόντων
662 1115 796 1150 ἀποϐολῆς
814 1116 948 1151 ὑποσχὼν,

162 1158 434 1194 μέγιπονθεύσεϐοὖς
456 1158 606 1194 ὑπόδειγμα
629 1160 728 1196 τρόπου
747 1160 794 1187 καὶ
816 1163 872 1193 τοῖς
891 1162 949 1196 μετ’

126 1199 130 1205 ’
162 1203 241 1230 aiat-sv
252 1203 425 1235 ἀπολέλοιπε,
438 1203 482 1230 τὸν
495 1203 637 1238 φιλόσοφον
655 1205 758 1231 ἐκεῖνον
775 1206 949 1241 ἐπιψωνήσας

161 1250 256 1285 λόγον·
273 1259 283 1276 ε
301 1249 406 1286 Γυμνὸς
430 1249 539 1286 ἐξῆλθον
568 1251 600 1276 ἐκ
630 1250 731 1283 κοιλίας
754 1252 856 1287 μητρός
880 1260 948 1287 μου,

161 1291 262 1332 γυμνὸς
274 1297 321 1323 καὶ
334 1295 529 1331 ἀπελεύσομαι.
548 1295 576 1322 'O
587 1295 690 1333 Κύριος
703 1296 811 1329 ἔδωκεν,
823 1298 837 1323 6
848 1297 949 1333 Κύριος

161 1341 304 1378 ἀφείλετο·
318 1342 356 1375 ὡς
373 1342 413 1378 τῷ
429 1343 524 1378 Κυρίῳ
547 1342 634 1375 ἔδοξεν
646 1363 652 1375 ,
670 1342 740 1369 οὕτω
758 1343 805 1370 καὶ
827 1343 946 1377 ἐγένετο·

161 1389 204 1426 εἴη
215 1386 246 1416 τὸ
260 1389 346 1425 ὄνομα
360 1390 462 1425 Κυρίου
476 1389 667 1426 εὐλογημένον.
679 1401 687 1416 ι
699 1390 754 1417 Καὶ
764 1390 809 1416 τὸν
822 1390 949 1417 ἁπάντων

160 1435 263 1473 Κύριον
282 1435 379 1468 σέϐων,
397 1435 497 1468 ταύτας
520 1435 595 1471 ἠφίει
607 1436 656 1467 τὰς
671 1435 763 1470 φωνὰς
774 1455 781 1467 ,
799 1435 831 1468 ἃς
846 1435 948 1472 προῖὼν

160 1482 265 1514 όαῦτδς
279 1482 413 1517 διασαφεῖ,
430 1482 463 1509 δι’
476 1479 513 1509 ὧν
531 1490 614 1518 φησι·
630 1492 638 1508 ι
655 1481 735 1516 σοςὺς
750 1482 804 1518 γάρ
821 1484 878 1509 ἐστι
890 1483 949 1509 δια·-

160 1527 230 1564 vote,
241 1529 368 1565 κραταιός
379 1537 408 1555 τε
425 1528 471 1556 κα)⁸
488 1529 584 1565 μέγας,
595 1529 609 1554 ὁ
626 1528 704 1554 σείων
716 1528 765 1563 τὴν
782 1528 826 1554 ὑπ’
836 1529 949 1564 οὐρανὸν

160 1575 194 1602 ὲκ
207 1574 355 1610 θεμελίων,
369 1576 394 1601 οἱ
406 1572 434 1602 δὲ
447 1574 537 1601 στῦλοι
549 1574 633 1609 αὐτῆς
647 1574 801 1601 σαλεύονται
810 1583 816 1589 ·
837 1575 851 1600 ὁ
862 1574 948 1609 λέγων

161 1618 199 1655 τῷ
218 1619 295 1655 ἡλίῳ.
313 1620 359 1647 καὶ
372 1620 421 1646 οὐκ
434 1618 584 1651 ἀνατέλλει,
608 1619 678 1646 κατὰ
690 1619 717 1646 δὲ
736 1619 843 1654 ἄστρων
862 1628 946 1646 κατα-

161 1665 317 1702 σιρριιγίιῖζει⁸
335 1667 350 1692 ὁ
366 1665 484 1698 τανύσας
497 1666 542 1692 τὸν
553 1665 665 1701 οὐρανὸν
680 1664 768 1700 μόνος.
785 1675 793 1690 ι
815 1666 846 1691 Εἰ
858 1665 889 1701 δὴ
902 1664 948 1692 οὖν

159 1711 255 1738 τοῦτον
271 1711 352 1738 αὺτὸν
385 1711 488 1738 ἐκεῖνον
506 1709 550 1737 τὸν
572 1711 673 1742 πάλαι,
689 1712 736 1738 καὶ
756 1711 808 1746 πρὸ
829 1710 948 1744 Μωσέως

161 1756 291 1791 θεοεριλῶν
307 1757 383 1790 Θεὸν,
401 1757 514 1792 ἔναγχος
533 1757 598 1783 πᾶσι
618 1759 673 1788 τοῖς
686 1757 790 1783 ἔθνεσιν
803 1758 816 1783 ὁ
830 1757 947 1793 Χριστοῦ

160 1802 238 1838 λόγος
261 1803 361 1839 ὁμοίως
388 1803 503 1834 ἐκείνοις
533 1802 612 1837 μόνον
643 1802 765 1829 εὐσεϐεῖν
792 1802 946 1835 διετάξατο,

161 1848 280 1885 τέὲφηνεν
296 1849 370 1881 ὅπως
390 1848 513 1875 κοινωνοὶ
527 1848 699 1884 γεγενήμεθα
715 1848 763 1884 τῆς
782 1849 842 1883 ἴσης
860 1848 948 1875 αὐτῶν

110 1914 113 1915 ν
161 1895 272 1922 ἐκείνων
288 1895 444 1927 εὐσεϐείας·
469 1895 518 1930 τῆς
534 1895 562 1921 δὲ
586 1894 726 1926 εὐσεϐείας
756 1895 947 1930 μετασχόντες,

159 1941 258 1978 δῆλον,
276 1942 314 1974 ὼς
331 1942 377 1968 καὶ
400 1941 449 1977 τῆς
470 1941 594 1975 εὐλογίας
623 1941 842 1977 μεταληψόμεθα.
871 1942 949 1969 Ἀλλὰ

161 1989 208 2015 καὶ
223 1988 269 2015 τὺν
287 1987 333 2015 τοῦ
350 1987 418 2014 Θεοῦ
442 1987 538 2022 Λόγον,
553 1987 581 2014 ὃν
597 1987 628 2023 δὴ
644 1987 761 2024 Χριστὸν
782 1989 847 2024 ἡμῖν
866 1997 949 2024 προσ-

160 2032 302 2069 αγορεύειν
313 2033 400 2068 φίλον,
415 2032 514 2068 ὁμοίως
530 2034 596 2068 ἡμῖν
606 2034 726 2060 κάκεῖνοι
742 2034 851 2067 γνόντες
865 2035 950 2069 ἐμαρ-

159 2079 331 2116 τυρήθησαν
344 2079 401 2114 οἶγε
416 2080 462 2106 καὶ
479 2079 544 2106 πολὺ
558 2079 740 2115 διαφερόντως
754 2080 802 2115 τῆς
813 2080 950 2116 ἐμφανοῦς

161 2124 245 2153 αὐτοῦ
260 2126 410 2162 παρουσίας
430 2134 459 2153 τε
471 2127 518 2153 καὶ
531 2126 688 2160 θεοφανείας
706 2126 869 2163 ἠξιώθησαν.
885 2128 948 2154 Ἑπ-

162 2171 278 2199 beoqu
307 2171 382 2206 γοῦν,
400 2171 438 2204 ὡς
454 2172 534 2199 πάλιν
551 2170 632 2204 αὐτὸς
650 2174 664 2199 ὁ
680 2173 782 2208 Μωσῆς
796 2174 841 2199 τὸν
851 2174 950 2209 ἐπιφα-

162 2214 241 2245 νέντα
259 2218 315 2250 τοῖς
343 2215 496 2253 θεοφιλέσι,
519 2218 566 2245 καὶ
590 2217 718 2249 πολλάκις
744 2220 951 2254 χρηματίσαντα

1000 974 1220 1003 benedicentem:
1234 985 1243 1000 ι
1256 975 1418 1004 Benedictus
1427 976 1564 1003 Abraham
1575 977 1629 1004 Deo
1641 977 1787 1009 altissime,

1000 1021 1045 1054 qui
1061 1020 1182 1049 condidit
1193 1021 1291 1047 coelum
1301 1025 1327 1048 et
1343 1025 1442 1048 terram
1461 1021 1494 1048 ⁸³.
1521 1031 1530 1046 ι
1550 1021 1673 1049 Invenies
1696 1027 1788 1050 autem

1000 1070 1026 1093 et
1042 1065 1135 1093 Enoch
1162 1070 1189 1094 et
1208 1067 1265 1094 Noe
1286 1068 1379 1095 eadem
1398 1068 1502 1095 ratione
1525 1076 1578 1103 qua
1600 1068 1747 1100 Abraham.
1762 1073 1790 1097 et

1000 1113 1121 1140 evasisse
1139 1113 1240 1148 justus,
1259 1118 1286 1140 et
1304 1113 1358 1141 Deo
1377 1114 1522 1149 placuisse.
1539 1115 1610 1148 Quin
1626 1115 1708 1142 ctiam
1723 1114 1788 1149 Job.

1002 1157 1043 1184 vir
1058 1162 1085 1185 et
1107 1158 1208 1192 justus,
1227 1163 1253 1186 et
1269 1167 1359 1191 verus,
1375 1163 1402 1187 et
1425 1159 1609 1195 inculpabilis,
1625 1164 1652 1188 et
1665 1161 1699 1188 ab
1713 1161 1789 1189 omni

1000 1202 1071 1229 mala
1088 1210 1116 1230 re
1132 1203 1283 1234 abstinens,
1307 1208 1369 1232 ante
1386 1204 1469 1232 MOsis
1491 1209 1598 1233 attatem
1622 1206 1788 1239 celebratur.

1000 1250 1046 1284 qui
1062 1258 1123 1278 cum
1144 1251 1253 1286 pietatis
1277 1260 1341 1286 erga
1372 1251 1457 1279 Deum
1481 1253 1600 1280 universi
1619 1253 1717 1287 gratia,
1741 1260 1790 1288 per

1000 1297 1121 1324 omnium
1145 1297 1280 1324 bonorum
1300 1297 1418 1324 subitam
1439 1297 1639 1332 ademptionem
1663 1303 1791 1339 vexatus,

999 1345 1159 1368 constanter
1170 1342 1261 1368 Omnia
1277 1341 1450 1373 sustinuerit,
1468 1342 1616 1368 maximum
1643 1349 1712 1369 vera:
1728 1343 1791 1370 reli-

1000 1387 1089 1422 gionis
1112 1387 1268 1422 exemplum
1297 1388 1370 1414 omni
1397 1394 1452 1415 suae
1481 1388 1634 1422 posteritati
1658 1389 1788 1424 reliquit,

999 1434 1099 1468 quippe
1121 1433 1168 1468 qui
1187 1441 1249 1460 vere
1269 1432 1488 1468 pltilosoplticum
1507 1434 1573 1461 illud
1595 1434 1707 1461 verbum
1723 1435 1788 1463 olim

1000 1479 1206 1507 acclamaverit:
1224 1489 1232 1505 ι
1252 1479 1346 1506 Nudus
1361 1486 1488 1514 egressus
1501 1487 1560 1507 sunt
1579 1480 1612 1507 de
1623 1485 1717 1508 ventre
1729 1488 1788 1508 ma-

1000 1526 1049 1553 tris
1063 1533 1138 1558 ntem,
1155 1530 1181 1552 et
1198 1525 1288 1553 nudus
1301 1526 1391 1553 abibo.
1410 1525 1541 1554 Dominus
1556 1527 1641 1558 dedit,
1659 1526 1788 1555 Dominus

1001 1571 1130 1598 abstulit:
1144 1572 1215 1599 sicut
1238 1572 1352 1599 Domino
1370 1573 1481 1608 placuit,
1499 1572 1535 1599 ita
1556 1572 1657 1600 factum
1673 1577 1716 1601 est
1733 1575 1790 1601 :sit

1000 1627 1100 1646 nomen
1118 1618 1224 1646 Domini
1240 1619 1412 1646 benedictum
1425 1619 1458 1646 ³⁵.
1475 1629 1484 1645 ι
1503 1619 1573 1647 idem
1588 1628 1652 1647 vero
1665 1628 1790 1647 commu-

1000 1672 1060 1692 nem
1076 1665 1198 1692 omnium
1213 1664 1294 1691 Deum
1310 1665 1414 1699 colens,
1427 1673 1507 1693 voces
1523 1666 1604 1693 e:iam
1625 1666 1686 1692 illas
1702 1666 1788 1699 pietas

1001 1711 1036 1736 tis
1061 1710 1163 1742 emisit,
1181 1718 1249 1745 quas
1275 1711 1333 1746 ipse
1347 1711 1454 1746 longius
1474 1720 1636 1747 progressus
1650 1713 1786 1747 explanat,

1001 1756 1064 1783 dum
1081 1757 1138 1784 ait:
1161 1766 1169 1783 ι
1192 1757 1306 1792 Sapiens
1327 1758 1399 1785 enim
1427 1763 1468 1785 est
1487 1763 1586 1789 mente,
1610 1759 1743 1794 fortisque
1760 1764 1789 1788 et

1000 1810 1125 1837 magnus,
1141 1803 1188 1837 qui
1206 1804 1326 1831 concutit
1344 1810 1444 1831 terram
1459 1812 1474 1831 a
1490 1805 1683 1837 fundamentis,
1700 1810 1727 1834 et
1740 1815 1788 1834 co-

1000 1846 1102 1874 lumnae
1119 1847 1179 1881 ejus
1203 1848 1418 1875 contremiscunt
1434 1857 1440 1874 :
1455 1849 1502 1884 qui
1520 1850 1584 1877 dicit
1601 1851 1663 1883 soli,
1679 1855 1706 1879 et
1729 1860 1786 1880 non

1001 1892 1098 1924 oritur,
1115 1895 1142 1928 et
1155 1892 1248 1919 stellas
1263 1894 1338 1927 quasi
1357 1896 1435 1929 signo
1451 1895 1584 1929 impresso
1602 1896 1702 1924 claudit
1718 1908 1723 1925 :
1741 1899 1788 1933 qui

1001 1939 1099 1965 uelum
1117 1939 1237 1966 extendit
1254 1939 1328 1966 solus
1345 1940 1377 1965 ⁵⁵.
1399 1950 1408 1965 )
1426 1940 1453 1967 Si
1473 1941 1554 1975 igitur
1564 1942 1688 1970 eumdem
1710 1944 1787 1971 illum

1001 1992 1080 2019 quem
1097 1985 1190 2019 prisci,
1213 1993 1245 2012 ac
1267 1986 1327 2021 ipso
1345 1986 1418 2014 Mose
1444 1987 1624 2022 antiquiores,
1644 1988 1689 2016 Dei
1706 1991 1788 2017 amici

1001 2031 1052 2058 viri
1070 2031 1214 2058 coluerunt
1229 2032 1326 2065 Deum,
1346 2041 1433 2068 nuper
1454 2034 1547 2061 itidem
1564 2038 1593 2061 ut
1619 2035 1672 2063 illis
1697 2036 1787 2063 solutn

1002 2077 1045 2111 pie
1061 2077 1207 2104 colendum
1221 2085 1293 2109 esse,
1315 2077 1418 2106 Christi
1437 2078 1562 2106 doctrina
1581 2080 1708 2114 gentibus
1726 2081 1789 2107 uni-

1001 2123 1089 2150 versis
1103 2123 1310 2156 demonstravit,
1333 2124 1403 2151 haud
1424 2125 1535 2152 dubium
1554 2131 1606 2158 est,
1624 2126 1690 2161 quin
1715 2126 1789 2161 ejus-

1002 2168 1064 2195 dem
1080 2177 1141 2196 cum
1157 2169 1211 2197 illis
1231 2170 1317 2196 divini
1331 2171 1422 2198 cultus
1434 2170 1498 2197 facti
1514 2172 1599 2199 simus
1616 2173 1764 2208 participes
1779 2181 1787 2200 :

1002 2222 1174 2242 communem
1187 2223 1268 2250 porro
1285 2215 1415 2243 habentes
1432 2217 1601 2252 religionem,
1616 2219 1787 2246 com‘munem

162 2263 254 2296 αὐτοῖς
274 2262 308 2290 τὰ
326 2261 559 2299 ἀναγεγραμμένα
578 2263 653 2297 ποτὲ,
678 2263 726 2298 μὲν
747 2263 811 2291 Θεὸν
834 2265 880 2290 καὶ
892 2265 948 2291 Κύ-

1003 2268 1111 2295 quoque
1131 2261 1349 2288 benedictionem
1377 2262 1523 2290 sortituros
1543 2270 1616 2295 esse,
1634 2264 1723 2298 palam
1736 2268 1789 2291 est.

165 2317 231 2346 ρων,
246 2309 313 2336 ποτὲ
335 2308 364 2336 δὲ
386 2309 433 2336 καὶ
454 2309 568 2344 ἄγγελον
592 2309 660 2336 Θεοῦ
682 2310 880 2346 ὴροσαγορεύει
893 2311 947 2346 (5)·

163 2351 229 2387 Θεὸς
242 2354 301 2390 ’μὲν
321 2354 368 2382 καὶ
385 2354 488 2390 Κύριος
501 2353 555 2380 τῶν
570 2354 700 2388 θεοφιλῶν
724 2355 828 2390 ἀνδρῶν
850 2355 948 2391 ἀνηγο-

163 2400 312 2436 ρευμένος,
346 2400 478 2435 Ἀγγελος
512 2400 540 2426 δὲ
574 2399 621 2426 τοῦ
664 2400 801 2426 ἀνωτάτου
829 2400 945 2436 Πατρός.

161 2447 242 2483 Λέγει
258 2447 281 2474 δ’
299 2445 345 2475 οὖν
362 2448 453 2478 αὐτοῖς
478 2447 600 2482 ῥήμασι·
629 2456 638 2471 ι
665 2447 720 2473 Kal.
741 2447 875 2483 ἐπορεύθη
898 2449 949 2474 Ία-

161 2492 218 2519 κὼῦ
233 2493 275 2525 εἰς
290 2487 395 2529 Χαρὰν,
420 2492 466 2519 καὶ
485 2492 625 2528 ἀπήντησε
646 2492 731 2526 τόπῳ,
751 2492 798 2518 καὶ
814 2491 947 2527 ἐκοιμήθη

160 2538 234 2565 ἐκεῖ·
249 2538 295 2565 ἔδυ
308 2537 363 2574 γὰρ
376 2538 390 2564 ὁ
403 2537 478 2572 ἥλιος
487 2545 493 2551 ·
509 2536 556 2562 καὶ
570 2536 664 2563 ἔλαϐεν
680 2536 733 2563 ἀπὸ
745 2537 798 2562 τῶν
810 2536 890 2563 λίθων
902 2536 950 2563 τοῦ

159 2584 254 2616 τόσων,
269 2584 317 2612 καὶ
330 2584 427 2619 ἔθηκεν
437 2583 505 2619 πρὸς
518 2582 640 2617 κεφαλῆς
653 2574 746 2614 αὐτοῦ,
758 2584 804 2609 καὶ
818 2583 950 2618 ἐκοιμήθη

160 2630 190 2657 ἓν
205 2629 245 2665 *ᾦ
257 2631 334 2666 τόπῳ
348 2629 456 2665 ἐκείνῳ,
472 2630 519 2656 καὶ
542 2629 707 2665 ὲνυπνιάσθη
719 2638 725 2644 ·
747 2629 793 2655 καὶ
818 2629 871 2655 ίδοὺ
895 2627 952 2655 κλί-

1002 2305 1054 2332 Scd
1070 2314 1119 2334 nec
1131 2307 1222 2334 minus
1238 2307 1285 2334 Dei
1299 2306 1429 2340 Verbum,
1443 2316 1522 2343 queui
1538 2308 1676 2335 Christum
1694 2309 1788 2344 appel-

1001 2351 1057 2379 lare
1076 2360 1126 2380 nos
1142 2353 1346 2386 consuevimus,
1368 2354 1422 2381 illis
1433 2354 1571 2390 cognitum
1596 2354 1681 2382 fuisse
1706 2362 1788 2389 quam

1000 2398 1090 2430 nobis,
1101 2406 1240 2426 sacrarum
1249 2399 1401 2426 litterarum
1414 2400 1570 2427 testimonio
1578 2405 1718 2427 ostensum
1726 2405 1785 2426 est:

1000 2443 1100 2478 quippe
1115 2444 1161 2478 qui
1181 2444 1261 2479 longe
1281 2444 1459 2472 excellentius
1476 2444 1509 2471 ad
1529 2444 1602 2472 illius
1619 2449 1645 2471 et
1669 2443 1787 2470 manife-

1002 2492 1072 2517 stum
1088 2489 1244 2521 adventum,
1259 2493 1286 2517 et
1296 2490 1416 2517 divinam
1424 2490 1596 2525 praesentiam
1609 2489 1788 2521 «:ernendam,

1002 2535 1093 2562 idonei
1111 2535 1195 2562 habiti
1211 2539 1285 2563 sunt.
1301 2535 1370 2562 Audi
1392 2535 1483 2571 igitur,
1498 2539 1528 2562 ut
1544 2543 1640 2562 rursus
1656 2535 1714 2570 ipse
1731 2533 1790 2562 Mo-

1003 2589 1058 2613 ses,
1070 2590 1131 2609 eum
1147 2582 1194 2617 qui
1209 2582 1305 2609 amicis
1319 2582 1366 2609 Dei
1382 2583 1501 2617 seipsum
1514 2581 1674 2615 ostenderit,
1687 2582 1790 2617 quique

1004 2628 1101 2656 iisdem
1123 2628 1234 2656 oracula
1254 2629 1371 2664 publicis
1393 2629 1578 2657 monumentis
1599 2629 1788 2656 commendata

197 2709 220 2725 "
239 2708 307 2736 Gen.
327 2715 383 2741 xxv,
404 2708 449 2736 22.
487 2708 510 2725 ⁸³
530 2702 599 2735 Ibid.
629 2707 673 2735 19.
712 2707 735 2724 ⁸⁸
748 2707 800 2735 Job
819 2715 839 2740 ι,
860 2707 906 2734 2|.
945 2708 948 2723 ‘

1000 2706 1038 2735 ’ob
1059 2716 1097 2743 ix,
1116 2706 1176 2737 3-8.

195 2786 235 2823 (‘2)
249 2787 355 2815 Forsan
374 2787 402 2814 in
421 2786 545 2823 eamdem
569 2793 631 2813 cum
647 2786 793 2823 Clemente.
818 2784 946 2823 Iustino,

160 2821 368 2858 Chrysostomo.
389 2822 553 2858 sententiam
574 2821 699 2858 concedit
715 2826 820 2858 auctor,
832 2821 883 2858 qui
897 2821 949 2847 ista

159 2856 224 2885 oliui
241 2858 385 2887 suti'ecisse
403 2857 551 2884 credebant
566 2857 599 2883 ad
623 2857 748 2887 salutem.
773 2856 877 2884 Christi
903 2863 947 2883 co-

161 2894 291 2927 gnitione,
303 2894 351 2929 qui
364 2892 486 2920 nondum
496 2892 662 2929 advenerat,
675 2892 786 2929 minime
806 2891 948 2929 requisita.

197 2929 233 2965 (5)
248 2926 321 2958 Post'
330 2928 528 2965 προσαγορεύει
551 2927 608 2954 ha:c
629 2934 679 2954 ms.
701 2926 778 2953 addit
797 2935 803 2953 ι
825 2926 951 2960 ἄντικρυς

1000 2786 1132 2824 περιστὰς
1151 2788 1193 2824 ότι
1206 2788 1244 2824 μὴ
1258 2789 1272 2814 ό
1294 2788 1341 2814 ἐπὶ
1352 2787 1471 2824 ,παντων
1482 2787 1546 2819 θεὸς
1562 2782 1638 2824 οὖτος
1659 2784 1788 2824 ἦνλὰλλᾴ

1002 2821 1133 2859 δεύτερος
1151 2821 1216 2859 Θεὸς
1233 2821 1283 2859 μὲν
1310 2822 1367 2850 καί.
1392 2823 1528 2859 interpres
1544 2823 1650 2859 videtur
1671 2821 1786 2859 :aliquid

1002 2856 1135 2892 ejusmodi
1156 2858 1184 2884 in
1198 2856 1255 2887 suis
1269 2858 1411 2887 codicibus
1425 2856 1572 2886 invenisse.
1585 2857 1724 2884 Arianiut
1737 2861 1786 2882 sui

1004 2891 1057 2920 tem
1075 2891 1215 2921 Eusebius.
