2053 3218
263 188 299 217 Π
559 169 565 178 1
583 188 717 217 EUSEBII
735 188 978 218 CESARIENSIS
1003 188 1078 217 OPP.
1099 188 1190 218 PARS
1261 205 1295 211 —
1315 189 1566 219 APOLOGE'I’ICA.
1850 191 1887 220 ιε

262 248 425 282 reddiderit,
448 249 530 276 modo
554 249 650 281 Deum,
676 258 708 277 ac
727 250 882 283 Dominum,
904 251 986 277 modo
1002 251 1048 278 Dei

1104 251 1157 286 μαξ
1176 251 1358 286 ἐστηριγμένη
1375 251 1403 277 ἐν
1416 252 1449 286 τῇ
1473 252 1520 286 γῇ,
1536 249 1570 287 ἦς
1586 251 1602 286 ἡ
1626 250 1730 286 κεφαλὴ
1754 252 1892 285 ἀφικνεῖτο

264 295 390 330 angelum
414 296 529 330 appellet
550 305 556 322 :
579 297 618 323 sic
637 296 753 330 quidem
781 297 861 331 plane
888 297 1048 329 declarans,

265 349 319 368 non
340 341 412 369 hunc
428 341 512 370 fuisse
538 342 626 379 ipsum
646 342 766 375 Patrem,
788 342 836 370 sed
859 343 919 377 ejus
941 342 1049 376 Filium,

265 387 312 423 qui
339 387 409 415 idem
438 393 464 416 et
487 387 558 416 Deus
588 396 620 416 ac
649 389 780 417 Dominus
807 389 957 417 amicorum
987 389 1048 422 Dei,

265 437 291 459 et
327 433 447 468 supremi
486 433 576 462 Patris
611 434 731 469 Angelus
770 435 823 462 dici
859 435 1048 463 consueverit.

267 479 317 514 ιι
334 479 403 507 Dicit
415 480 498 516 igitur
515 480 558 508 his
570 480 626 508 fere
642 481 732 509 verbis
747 491 753 510 ε
773 491 782 507 ι
803 481 835 509 Ει
848 482 986 517 profectus
1005 486 1051 510 est

263 524 349 552 Jacob
362 526 388 552 in
401 525 521 558 Charau,
533 526 662 562 venitque
675 527 702 554 in
719 527 820 560 locum,
836 533 863 555 et
883 528 1011 555 dormivit
1023 529 1050 556 in

264 577 297 597 eo
312 579 318 597 :
334 570 472 598 occiderat
487 571 558 599 enim
575 572 632 604 sol,
649 576 675 607 et
691 573 796 608 accepit
813 573 918 609 lapides
932 574 966 601 de
978 575 1048 607 loco,

263 620 290 642 ct
306 616 449 651 supposuit
461 617 543 652 capiti
561 624 627 649 suo,
649 622 677 644 ct
695 617 821 645 dormivit
836 619 863 645 iu
879 619 939 645 loco
955 619 1011 652 illo,
1024 624 1051 647 et

263 662 409 689 somniavit
422 672 428 690 :
445 668 472 691 et
486 671 550 691 ecce
565 665 638 692 scala
657 664 708 691 lixa
720 665 806 695 humi.
823 665 901 699 cujus
915 670 997 701 caput
1009 670 1050 693 at-

262 707 383 742 tingebat
404 708 515 741 ctelum,
529 714 556 737 et
579 710 666 746 angeli
683 709 730 737 Dei
747 711 930 738 ascendebant
953 719 985 739 ac
1004 711 1051 739 de-

261 754 429 783 scendebant
448 763 497 791 per
518 756 603 789 illam,
617 761 645 784 et
663 757 794 786 Dominus
809 758 919 786 innixus
933 762 990 786 erat
1005 759 1028 786 ei
1042 779 1049 792 ,

259 804 288 829 et
301 800 371 829 dixit
386 811 392 829 :
409 802 465 838 Ego
477 802 607 831 Dominus
623 802 694 831 Deus
708 804 844 832 Abraham
860 805 944 840 patris
958 805 1008 836 tui,
1023 809 1050 832 et

261 847 334 876 Deus
349 849 433 881 Isaac,
457 850 512 877 noli
531 850 647 883 limere,
673 855 776 879 terram
803 851 874 879 hanc
901 852 928 879 in
951 859 1003 887 qua
1021 857 1049 879 tu

261 893 383 926 dormis,
414 895 463 922 tibi
490 895 560 923 dabo
585 899 612 924 et
639 896 736 924 semini
766 902 831 925 tuo:
848 898 941 925 cterit
956 905 1048 925 semen

260 945 350 973 tuum,
363 945 393 968 ut
407 949 489 969 arena
503 947 583 970 terra:
597 943 630 971 ".
651 952 661 969 δ
677 942 781 976 Quibus
806 944 935 980 deinceps
951 945 1048 980 adjun-

261 986 320 1020 git:
341 995 350 1011 ι
372 985 404 1013 Et
422 987 540 1014 surrexit
555 986 640 1015 Jacob
656 995 745 1019 mane,
759 991 786 1015 et
803 989 904 1023 accepi!
920 989 1048 1023 lapidem,

261 1038 342 1067 quem
358 1037 538 1068 supposuerat
555 1033 635 1068 capiti
651 1040 712 1065 suo,
730 1037 757 1061 ct
775 1034 861 1061 erexit
878 1034 952 1061 illum
971 1034 998 1061 in
1016 1034 1050 1061 ti-

260 1079 391 1106 tulum".
406 1088 415 1104 ›
431 1079 559 1107 Oratione
574 1078 671 1108 deinde
681 1087 852 1115 progressus,
863 1079 936 1107 hunc
949 1081 1048 1115 ipsum.

260 1123 307 1159 qui
324 1123 360 1151 illi
378 1131 407 1152 se
419 1125 585 1158 ostenderat,
601 1124 685 1153 Deum
701 1132 732 1152 ac
751 1125 911 1157 Dominum,
929 1125 977 1153 Dei
1000 1134 1049 1152 an-

259 1170 350 1206 gelum
376 1172 510 1199 nominat.
535 1171 670 1207 Loquitur
684 1180 748 1209 ergo
775 1171 872 1206 Jacoh;
900 1182 910 1198 ι
938 1177 966 1200 et
981 1173 1050 1201 dixit

259 1217 326 1245 mihi
341 1217 461 1253 Angelus
488 1217 536 1246 Dei
554 1218 582 1245 in
607 1219 728 1247 somnis:
746 1218 852 1247 Iacob:
877 1218 932 1254 Ego
960 1224 1049 1248 autem

260 1263 328 1295 dixi,
343 1263 414 1297 Quid
430 1267 474 1292 est
489 1264 531 1290 "1'
550 1273 559 1290 ι
578 1264 616 1291 Ac
645 1264 774 1299 deinceps
790 1275 796 1292 :
818 1274 827 1290 ι
851 1264 912 1292 Υἱῶ
924 1285 930 1296 ,
949 1265 1048 1300 inquit,

261 1310 352 1338 omnia
369 1317 539 1346 quaecunque
555 1309 617 1337 fecit
632 1310 735 1338 Laban.
759 1310 815 1346 Ego
828 1319 888 1338 sum
909 1311 988 1343 Deus,
1003 1313 1050 1347 qui

261 1355 338 1384 visus
350 1363 410 1384 sum
422 1356 470 1383 tibi
487 1356 589 1395 inloco
599 1355 658 1386 Dei.
668 1356 713 1383 ubi
729 1358 831 1384 unxisti
846 1357 911 1385 mihi
922 1358 1049 1393 lapidem,

259 1407 408 1437 votumque
426 1402 522 1429 vovisti
547 1403 579 1428 ".
600 1412 609 1428 ι
631 1401 680 1430 Hic
697 1411 763 1431 sane
787 1403 875 1435 idem,
896 1405 942 1439 qui
968 1405 1049 1432 etiam

259 1448 375 1477 Abrahae
389 1449 464 1476 visus
479 1453 530 1480 est,
549 1448 621 1477 Deus
635 1456 667 1476 ac
685 1449 815 1477 Dominus
832 1450 1050 1486 appellatur,qui

259 1503 308 1530 per
326 1495 466 1531 mysteria,
483 1495 619 1523 hominem
635 1495 681 1523 Dei
696 1496 824 1529 amicum,
841 1496 884 1524 sui
905 1497 990 1532 patris
1004 1497 1050 1532 jus

259 1544 287 1569 et
302 1545 465 1582 potestatem
477 1540 573 1574 docet,
597 1549 628 1569 ac
644 1541 773 1570 nonnulla
789 1542 896 1570 interim
913 1544 991 1578 quasi
1017 1543 1051 1571 de

1103 299 1142 329 είς
1159 298 1204 324 τὸν
1218 298 1341 333 οὐρανὸν,
1360 298 1407 324 καὶ
1423 298 1446 323 οἱ
1461 298 1570 332 ἄγγελοι
1592 297 1639 324 τοῦ
1656 297 1723 324 Θεοῦ
1749 298 1891 324 ἀνέϐαινον

1103 345 1149 371 καὶ
1165 344 1323 371 κατέϐαινον
1341 344 1383 370 ἐπ’
1397 344 1491 380 αὑτήν.
1511 344 1539 370 '0
1555 344 1583 370 δὲ
1597 344 1698 379 Κύριος
1710 345 1892 380 ὲπεστήρικτο

1103 390 1145 417 ἐπ’
1167 390 1261 425 αὐτῆς,
1277 390 1324 416 καὶ
1340 387 1414 416 εἶπεν
1425 399 1431 405 ·
1453 389 1523 424 Ἐγὼ
1535 390 1636 426 Κύριος
1654 391 1668 416 ὁ
1680 390 1746 422 Θεὸς
1769 385 1892 425 ’Ᾰϐραὰμ

1103 435 1148 462 τοῦ
1165 436 1266 472 πατρός
1281 444 1338 468 σου,
1360 436 1406 462 καὶ
1428 436 1442 462 ὁ
1464 436 1529 468 Θεὸς
1552 437 1643 463 Ἰσαάκ
1657 446 1663 452 ·
1692 438 1729 473 μὴ
1755 437 1848 471 φοϐοῦ,
1875 439 1891 473 ἡ

1102 482 1137 516 γῆ
1168 482 1209 516 ἐφ’
1224 479 1257 517 ἧς
1273 482 1305 508 σὺ
1318 481 1456 514 καθεύδεις
1473 482 1516 508 ἐπ’
1537 483 1632 518 αὐτῆς,
1653 484 1693 509 σοὶ
1712 482 1789 509 δώσω
1807 482 1891 519 αὐτὴν

1103 528 1150 554 καὶ
1162 528 1200 563 τῷ
1217 528 1353 564 σπέρματί
1371 537 1432 554 σου·
1446 529 1492 555 καὶ
1510 528 1586 555 ἔσται
1599 529 1628 555 τὸ
1648 529 1757 565 σπέρμα
1785 538 1831 555 σου
1853 529 1891 561 ὡς

1101 577 1117 611 ἡ
1137 575 1227 611 ἄμμος
1240 575 1288 610 τῆς
1301 575 1353 610 γῆς
1366 584 1372 590 -
1392 584 1400 600 ι
1414 572 1454 606 οἷς
1472 575 1535 610 ἑξῆς
1550 575 1670 609 ἐπιλέγει
1683 584 1690 590 '
1708 584 1716 600 ‹
1733 575 1780 602 καὶ
1792 574 1890 610 ἀνέστη

1109 620 1204 648 Ἰακὼϐ
1226 621 1257 647 τὸ
1281 621 1363 656 πρωῒ,
1387 621 1433 647 καὶ
1455 620 1533 647 ἕλαῦε
1557 620 1602 646 τὸν
1621 620 1694 646 λίθον
1717 620 1745 646 ὃν
1770 620 1891 656 ὑπέθηκε

1103 667 1170 703 πρὸς
1186 666 1307 702 κεφαλῆς
1330 666 1423 697 αὐτοῦ,
1440 666 1486 692 καὶ
1510 664 1622 700 ἔστησεν
1649 665 1729 691 αὑτὸν
1753 665 1862 701 στήλην.
1878 676 1888 692 ο

1102 711 1167 740 Εἶτα
1193 712 1264 748 πρωῒ
1289 712 1369 739 αὐτὸν
1392 712 1423 746 δὴ
1451 711 1543 738 τοῦτον
1566 711 1611 737 τὸν
1631 711 1795 745 ἐπιφανέντα
1817 711 1892 747 αὐτῷ

1102 758 1167 785 Θεὸν
1181 758 1228 785 καὶ
1253 758 1363 793 Κύριον,
1378 757 1492 792 ἄγγελον
1506 757 1632 792 ὀνομάζει
1650 757 1727 784 Θεοῦ.
1747 757 1815 793 Φησὶ
1826 758 1891 791 γοῦν

1101 806 1115 832 ὁ
1136 805 1249 831 Ὶακώϐ“
1268 814 1278 830 ‹
1299 805 1351 831 Καὶ
1367 803 1427 831 εἷπὲ
1451 813 1494 840 μοι
1510 805 1524 830 ὁ
1539 804 1652 838 ἄγγελος
1674 803 1720 830 τοῦ
1749 804 1816 830 Θεοῦ
1831 804 1890 830 καθ’

1102 850 1198 877 ὕπνον·
1223 850 1329 877 Ἰακώϐ.
1350 850 1420 884 Ἐγὼ
1436 848 1534 876 δὲλεῖττα
1547 858 1553 864 ·
1570 849 1601 875 Τί
1618 850 1709 879 ὲστιν;
1724 859 1732 874 ›
1749 849 1804 876 Καὶ
1817 849 1890 884 ἑξῆς,

1105 906 1113 921 ι
1135 896 1268 932 Ἑώρακα,
1286 897 1364 931 gnat,
1385 896 1473 922 πάντα
1484 896 1533 922 ὅσα
1551 895 1642 922 Λάϐαν
1664 896 1736 922 ποιεῖ
1752 904 1802 921 σοι.
1820 894 1892 929 Ἐγώ

1102 943 1159 978 εἰμι
1171 944 1185 969 ὁ
1197 943 1262 974 Θεὸς
1273 944 1286 969 ὁ
1297 943 1388 978 ὀφθείς
1403 951 1443 969 σοι
1453 943 1480 968 ὲν
1497 943 1572 978 τόπῳ
1587 942 1667 974 Θεοῦ,
1679 940 1709 969 οὗ
1721 942 1832 978 ἥλειψάς
1847 951 1890 977 μοι

1102 990 1160 1015 ἐκεῖ
1177 989 1286 1024 στήλην,
1301 990 1348 1016 καὶ
1366 989 1440 1024 ηὔξω
1457 998 1500 1025 μοι
1524 990 1582 1015 ἐκεῖ
1596 989 1689 1024 εὐχήν.
1706 999 1713 1014 ι
1737 990 1765 1014 Ὀ
1776 989 1797 1015 δ’
1810 989 1891 1019 αὐτὸς

1101 1031 1188 1066 οὗτος,
1209 1035 1256 1062 καὶ
1272 1035 1312 1070 τῷ
1334 1035 1458 1070 Ἀϐραὰμ
1479 1035 1659 1071 παραφανεὶς,
1678 1034 1743 1066 Θεὸς
1766 1035 1812 1061 καὶ
1835 1034 1892 1061 Κύ-

1103 1091 1158 1117 ριος
1175 1082 1364 1118 ἀνηγόρευται,
1385 1082 1572 1118 μυσταγωγῶν
1585 1082 1629 1108 τὸν
1645 1082 1754 1117 θεοφιλῆ
1768 1082 1814 1113 τὰς
1827 1082 1892 1116 περὶ

1101 1128 1147 1155 τοῦ
1165 1128 1267 1163 πατρος
1282 1128 1434 1160 αὐθεντίας,
1447 1128 1493 1155 καί
1505 1137 1566 1155 τινα
1580 1129 1618 1160 ὡς
1637 1129 1700 1164 περὶ
1717 1129 1809 1164 ἐτέρου
1823 1128 1890 1154 Θεοῦ

1100 1175 1243 1206 διδάσκων,
1261 1175 1279 1202 ἃ.
1297 1175 1344 1201 καὶ
1367 1175 1437 1202 κατὰ
1459 1174 1553 1210 καιρὸν
1576 1174 1789 1210 ἐπισκεψόμεθα.
1812 1174 1892 1200 Ἀλλὰ
1924 1194 1927 1197 .

1102 1223 1148 1248 καὶ
1162 1222 1200 1257 τῷ
1219 1221 1277 1248 Ἰὼϐ
1290 1221 1383 1248 οὐδένα
1397 1222 1413 1258 ἢ
1430 1221 1524 1248 τοῦτον
1540 1219 1609 1247 εἶναι
1624 1221 1669 1247 τὸν
1682 1221 1893 1257 χρηματίσαντσ.

1103 1267 1172 1303 μετὰ
1186 1268 1234 1303 τὴν
1258 1267 1382 1303 αὐτάρκη
1396 1267 1603 1303 διαγυμνασίαν,
1617 1268 1648 1294 οὺ
1670 1267 1778 1303 θεμιτὸν
1794 1268 1890 1294 εἰπεῖν.

1102 1314 1237 1350 Πρότερον
1252 1314 1301 1349 μὲν
1318 1314 1371 1350 γὰρ
1388 1314 1431 1340 διὰ
1446 1314 1576 1346 λαίλαπος
1590 1315 1636 1341 καὶ
1650 1314 1738 1348 νεφῶν
1749 1314 1892 1349 ἐπιφανεὶς

1102 1360 1188 1396 αὐτῷ,
1202 1361 1246 1387 τὸν
1269 1360 1336 1387 ὅλων
1351 1361 1416 1386 Θεὸν
1433 1361 1527 1387 ἑαυτὸν
1548 1361 1611 1387 ὄντα
1627 1361 1747 1396 παρίστη
1759 1369 1767 1376 ·
1786 1360 1891 1395 προῖὼν

1101 1406 1128 1433 δὲ
1151 1407 1215 1441 ἑξῆς
1236 1406 1331 1432 ἑαυτὸν
1355 1406 1531 1437 ἐπιδείκνυσι,
1554 1406 1624 1433 ὥστε
1644 1406 1726 1440 φάναι
1743 1406 1787 1432 τὸν
1809 1405 1869 1432 Ἰὼϐ
1883 1414 1889 1420 ⁸

1104 1462 1113 1477 ι
1134 1453 1265 1478 ’Ἄκουσον
1282 1452 1310 1478 δέ
1322 1461 1382 1487 μου,
1398 1452 1495 1488 Κύριε,
1513 1453 1556 1479 ἵνα
1571 1452 1648 1487 κάγὼ
1660 1452 1777 1488 λαλήσω.
1796 1452 1892 1487 ’Λκοὴν

1103 1499 1151 1534 μὲν
1164 1498 1255 1534 φωνῆς
1271 1498 1369 1533 ἤκουόν
1384 1507 1430 1525 σου
1446 1500 1476 1525 τὸ
1494 1499 1634 1534 πρότερον,
1649 1500 1706 1525 νυνὶ
1722 1500 1750 1526 δὲ
1764 1500 1778 1525 ὁ
1793 1499 1893 1534 ὀφθαλ-

1104 1545 1153 1580 μός
1169 1553 1220 1580 μου
1237 1543 1342 1579 ἐώρακέ
1361 1553 1399 1571 σε.
1417 1554 1425 1570 ι
1441 1545 1471 1571 Εί
1489 1545 1516 1571 δὲ
1534 1545 1570 1580 μὴ
1585 1543 1640 1571 οἷόν
1655 1554 1684 1571 τε
1703 1545 1748 1571 τὸν
1764 1545 1893 1572 ἐπέκεινα

260 1588 314 1615 alio
327 1588 444 1623 quodam
461 1587 623 1624 refert,qu:e
639 1596 705 1617 sane
720 1597 770 1618 nos
785 1597 836 1617 suo
850 1589 912 1616 loco
923 1589 1048 1618 conside-

1102 1591 1177 1623 Θεὸν,
1199 1591 1244 1617 τὸν
1268 1591 1384 1627 ἀόρατον
1399 1590 1446 1617 καὶ
1467 1591 1622 1626 ἀγέννητον,
1648 1591 1694 1617 καὶ
1719 1590 1893 1626 παμϐασιλέα

259 1633 393 1662 rabimus.
422 1633 493 1668 Quin
516 1635 597 1662 etiam
617 1643 697 1668 eum,
724 1635 770 1670 qui
797 1639 854 1662 tum
870 1636 979 1663 demum
997 1636 1049 1671 ipsi

259 1679 321 1713 Iob,
337 1684 398 1716 post
424 1680 492 1708 satis
516 1680 623 1715 longam
642 1682 867 1709 exercitationem
891 1683 1047 1717 respondit,

259 1726 342 1754 alium
358 1730 457 1762 prteter
469 1727 542 1755 hunc
557 1727 650 1756 dicere
661 1728 748 1757 nefas.
762 1728 829 1756 Nam
845 1730 892 1764 qui
909 1733 999 1760 antea,
1016 1729 1049 1757 de

259 1773 379 1805 turbine,
393 1778 420 1801 et
442 1773 562 1803 nubibus
585 1773 624 1800 illi
646 1781 676 1801 se
693 1773 865 1805 ostenderat,
884 1774 968 1801 Deum
987 1775 1049 1801 uni-

258 1818 331 1847 versi
345 1827 374 1847 se
395 1826 456 1847 esse
477 1818 624 1847 indicabat.
653 1818 740 1847 Porro
757 1823 847 1847 autem
866 1827 1027 1854 progressus
1039 1839 1047 1851 ,

259 1866 295 1893 ita
311 1866 430 1902 seipsum
447 1866 549 1901 pra‘het
569 1866 726 1900 videndum,
741 1871 770 1893 ut
796 1866 854 1901 ipse
868 1865 920 1893 Job
935 1871 991 1893 tum
1007 1866 1049 1892 di-

259 1917 304 1939 cat
319 1922 326 1940 :
347 1923 356 1939 ι
379 1912 449 1941 Audi
465 1921 518 1946 me,
535 1913 660 1945 Domine,
675 1918 706 1940 ut
721 1914 802 1940 etiam
810 1921 859 1948 ego
875 1913 980 1948 loquar.
998 1911 1049 1939 So-

258 1959 348 1986 nitum
362 1959 472 1994 quidem
490 1960 565 1987 vocis
586 1963 640 1987 tute
656 1959 747 1987 audivi
763 1959 849 1994 prius,
867 1967 940 1986 nunc
957 1964 1047 1987 autem

259 2004 356 2033 oculus
371 2012 448 2033 meus
463 2005 530 2032 vidit
558 2009 585 2033 te
598 2005 631 2033 “.
661 2015 670 2031 ι
689 2004 768 2039 Quod
791 2005 814 2034 si
839 2005 895 2033 ﬁeri
916 2013 969 2033 non
1000 2014 1048 2041 ρο-

258 2055 323 2084 test,
340 2055 370 2078 ut
387 2051 537 2080 altissimus
561 2051 633 2080 Deus
654 2052 798 2080 invisibilis
815 2056 842 2079 ct
858 2052 1005 2087 ingenitus.
1022 2057 1049 2080 et

258 2105 308 2126 rex
322 2098 444 2126 universi
458 2106 473 2126 a
489 2099 597 2126 mortali
615 2103 713 2126 natura
735 2103 864 2127 cernatur
875 2119 882 2131 ,
911 2099 972 2134 quis
988 2103 1049 2126 tan—

259 2143 320 2172 dem
333 2144 389 2178 hic,
410 2145 456 2180 qui
470 2145 510 2173 sic
527 2145 603 2173 visus
618 2149 670 2178 est,
688 2146 757 2174 alius
770 2145 851 2173 fuerit
863 2166 871 2178 ,
890 2151 987 2181 praeter
1000 2145 1047 2173 Dei

259 2189 390 2223 Verbum,
407 2189 479 2225 quod
497 2190 617 2226 seipsum
635 2189 668 2217 ad
692 2195 799 2225 tempus
815 2190 850 2217 de
863 2190 973 2226 propria
989 2197 1047 2216 ma-

259 2235 402 2271 gnitudine
417 2235 568 2268 demiserit,
586 2239 616 2263 ut
629 2236 693 2263 alibi
707 2244 816 2272 quoque
832 2236 978 2264 dicendum
989 2236 1046 2263 est!

258 2281 392 2309 Caeterum
407 2281 472 2316 quid
493 2281 570 2317 plura
592 2281 625 2309 de
640 2281 734 2309 eadem
757 2289 786 2310 re
808 2281 835 2309 in
861 2281 933 2308 hunc
958 2281 1047 2308 locum

258 2333 406 2362 congerere
418 2334 488 2362 opus
500 2331 552 2358 est,
564 2334 625 2354 cum
641 2327 737 2354 harum
760 2334 850 2354 rerum
865 2326 1051 2354 conﬁrmatio-

258 2379 309 2400 nes
325 2380 340 2400 e
355 2373 442 2401 sacris
456 2372 534 2400 libris
549 2369 672 2408 acci'pcrc
687 2372 758 2400 haud
772 2372 880 2400 dillicile
905 2373 962 2400 sit?
976 2372 1049 2406 Quas

259 2414 354 2453 uthue
369 2418 452 2446 etiam
475 2425 526 2446 nos
551 2418 577 2446 in
593 2419 706 2446 materia
729 2419 868 2454 proposita
892 2426 942 2454 per
964 2419 1049 2446 otium

259 2464 400 2493 collecturi
428 2472 544 2497 sumus,
575 2469 605 2493 ut
634 2465 810 2494 ostendamus
835 2466 939 2493 nullum
967 2466 1050 2492 alium

260 2510 346 2538 fuisse
360 2511 414 2540 nisi
429 2511 475 2539 Dei
486 2510 619 2546 Verbum,
633 2513 679 2548 qui
695 2512 730 2540 ab
751 2512 870 2548 antiquis
886 2511 932 2539 Dei
951 2512 1047 2539 amicis

262 2555 387 2589 patribus
401 2561 444 2584 εει
457 2556 544 2584 visus.
558 2556 651 2593 Itaque
663 2561 724 2598 pqst
747 2565 837 2584 rerum
853 2557 975 2584 omnium
988 2557 1047 2591 opi-

261 2600 321 2627 ﬁcis
336 2608 445 2634 nomen,
464 2602 516 2638 12
532 2602 613 2630 ctiam
631 2611 662 2630 ea
678 2610 739 2638 qua:
754 2603 786 2630 ad
799 2602 938 2630 Christuni
963 2602 1049 2636 perti-

260 2651 337 2679 nent,
349 2655 424 2683 mque
436 2650 526 2682 nobis,
539 2654 620 2686 atque
643 2649 697 2677 illis
707 2670 714 2682 ,
735 2649 928 2684 communique
941 2649 1048 2675 ratione

261 2693 370 2729 prodita
389 2699 463 2722 sunt.
491 2695 576 2728 Quam
592 2696 628 2725 ob
642 2705 698 2725 rem
720 2697 839 2724 christos
867 2703 975 2731 quoque
1001 2703 1049 2722 eos

1101 1637 1155 1664 τῶν
1170 1637 1250 1669 ὅλων,
1264 1637 1347 1673 θνητῇ
1367 1638 1448 1672 φάναι
1471 1637 1631 1674 θεωρεῖσθαι
1649 1638 1738 1672 φύσει,
1761 1637 1803 1669 τίς
1825 1637 1858 1664 ἂν
1879 1638 1893 1663 ὁ

1100 1684 1263 1720 δηλούμενος
1285 1684 1327 1719 εἴη
1343 1684 1412 1719 πλὴν
1429 1684 1476 1710 τοῦ
1494 1685 1560 1720 πρὸς
1584 1684 1662 1719 ἡμῶν
1684 1683 1756 1710 κατὰ
1778 1683 1823 1710 τὸν
1841 1692 1893 1710 πα-

1100 1732 1166 1766 τέρα
1203 1731 1446 1767 κυριολογουμένου
1477 1731 1545 1757 Θεοῦ
1571 1732 1677 1765 Λόγου;
1709 1731 1763 1756 Καὶ
1790 1731 1816 1757 τί
1852 1730 1893 1757 δεῖ

1102 1777 1211 1804 πλείονα
1233 1779 1296 1814 περὶ
1318 1778 1412 1804 τούτου
1431 1779 1602 1812 συναγαγεῖν,
1619 1777 1706 1812 παρὸν
1730 1777 1762 1802 ἐκ
1777 1775 1831 1802 τῶν
1853 1776 1891 1801 ἱεο

1102 1824 1157 1859 ρῶν
1175 1823 1272 1859 βίϐλων
1296 1824 1345 1856 τὰς
1367 1824 1469 1851 τούτων
1490 1824 1633 1855 συστάσεις
1654 1823 1820 1858 λαμϐάνειν;
1843 1822 1892 1854 “At;

1101 1871 1148 1897 καὶ
1165 1870 1240 1897 αὐτοὶ
1260 1870 1330 1897 κατὰ
1345 1870 1393 1906 τὴν
1417 1871 1599 1906 προκειμένην
1616 1869 1742 1896 ὑπόθεσιν
1765 1868 1811 1895 ἐπὶ
1829 1877 1892 1904 σχο-

1100 1916 1149 1952 λῆς
1161 1917 1356 1952 ἀναλεξάμεθα,
1373 1919 1412 1949 εἰς
1427 1917 1563 1949 ἀπόδειξιν
1578 1916 1624 1942 τοῦ
1640 1916 1706 1951 μηδὲ
1719 1915 1797 1942 ἄλλον
1813 1915 1829 1950 ἢ
1846 1915 1893 1941 τὸν

1099 1962 1146 1989 τοῦ
1158 1963 1225 1989 Θεοῦ
1238 1964 1323 1998 Λόγον
1337 1961 1404 1990 εἶναι
1421 1964 1466 1990 τὸν
1478 1964 1534 1994 τοῖς
1549 1962 1683 1997 θεολςιλέσι
1704 1961 1892 1997 προπάτορσιν

1100 2009 1263 2044 ἑωραμένον.
1283 2008 1388 2036 θῦκοῦν
1402 2009 1471 2044 μετὰ
1485 2009 1534 2044 τὴν
1555 2009 1618 2044 περὶ
1631 2007 1677 2034 τοῦ
1693 2008 1746 2034 τῶν
1762 2008 1828 2034 ὂλων
1844 2007 1893 2042 δη·-

1102 2055 1232 2091 μιουργοῢ
1248 2055 1382 2091 διάληψιν,
1405 2056 1452 2082 καὶ
1464 2056 1498 2082 τὰ
1515 2055 1577 2091 περὶ
1594 2054 1639 2081 τοῦ
1658 2054 1776 2090 Χριστοῦ
1795 2053 1892 2086 κοινῶς

1099 2103 1165 2136 ἡμῖν
1180 2111 1210 2128 τε
1227 2102 1361 2134 κάκείνοις
1375 2102 1563 2138 παραδέδοται.
1582 2100 1677 2127 Ἔνθεν
1692 2101 1739 2127 καὶ
1757 2099 1892 2135 Χριστοὺς

1100 2147 1198 2179 αὐτοὺς
1223 2147 1255 2183 δὴ
1293 2147 1415 2178 ἐκείνους
1438 2148 1500 2178 τοὺς
1524 2146 1577 2182 πρὸ
1600 2145 1721 2176 Μωσέως
1747 2144 1890 2178 θεοφιλεῖς,

1099 2192 1241 2228 ὡσπεροῦν
1271 2193 1345 2228 ἡμᾶς
1365 2193 1555 2228 Χριστιανοὺς,
1581 2191 1671 2227 εὕροις
1701 2190 1733 2216 ἂν
1754 2189 1891 2224 κεκλημέ-

1099 2247 1172 2270 νους,
1188 2238 1242 2265 Καὶ
1257 2238 1335 2265 τοῦτο
1355 2238 1383 2265 δὲ
1405 2238 1567 2269 ἐπάκουσον,
1587 2237 1624 2268 ὥς
1642 2244 1707 2270 φησι
1722 2235 1785 2270 περὶ
1801 2234 1892 2261 αὐτῶν

1100 2284 1128 2311 ὲν
1140 2284 1263 2319 Ψαλμοῖς
1277 2284 1305 2310 τὸ
1317 2283 1406 2318 λόγιον
1420 2292 1425 2298 ⁸
1444 2293 1452 2309 ι
1476 2283 1519 2309 Ἐν
1534 2282 1572 2318 τῷ
1589 2280 1656 2308 εἶναι
1671 2281 1767 2311 αὐτοὺς
1780 2280 1891 2316 ἀριθμῷ

1102 2330 1221 2366 βραχεῖς,
1239 2329 1392 2364 ὀλιγοστοὺς
1405 2329 1451 2356 καὶ
1465 2328 1613 2363 παροίκους
1626 2328 1654 2353 ὲν
1666 2327 1744 2361 αὐτῇ,
1759 2326 1805 2352 καὶ
1821 2325 1891 2359 διῆλ‹

1102 2373 1148 2400 θον
1163 2373 1192 2406 ἐξ
1215 2373 1307 2405 ἔθνους
1321 2374 1360 2404 εἰς
1382 2373 1467 2404 ἔθνος,
1486 2373 1533 2398 καὶ
1560 2372 1591 2397 ἐκ
1609 2370 1745 2405 βασιλείας
1770 2371 1809 2401 είς
1826 2370 1890 2397 λαὺν

1101 2419 1203 2454 ἕτερον,
1222 2419 1271 2445 οὐκ
1286 2418 1390 2453 ἀφῆκεν
1406 2418 1548 2453 ἄνθρωπον
1571 2416 1697 2450 ἀδικῆσαι
1714 2416 1822 2448 αὐτοὺς,
1842 2416 1890 2443 καὶ

1102 2464 1212 2500 ἧλεγξεν
1234 2464 1304 2499 ὑπὲρ
1320 2463 1409 2491 αὐτῶν
1433 2463 1561 2498 βασιλεῖς,
1576 2462 1662 2496 λέγων
1675 2471 1681 2476 ·
1703 2462 1747 2498 Μὴ
1771 2462 1888 2489 ἅπτεσθε

1101 2510 1154 2536 τῶν
1168 2510 1292 2545 Χριστῶν
1307 2518 1368 2545 μου,
1384 2510 1430 2535 καὶ
1443 2510 1471 2534 ἐν
1487 2510 1543 2540 τοῖς
1556 2510 1706 2544 προφήταις
1725 2518 1773 2544 μου
1792 2509 1828 2544 μὴ
1842 2518 1890 2535 πο-

1101 2556 1257 2592 ειηρεὺεσθε.
1284 2566 1293 2581 ι
1317 2554 1408 2581 Ταῦτα
1422 2554 1476 2590 γὰρ
1496 2554 1541 2580 ἐπὶ
1555 2555 1601 2581 τοῦ
1624 2555 1757 2591 Ἀϐραὰμ,
1781 2554 1888 2581 καὶτοῦ

1106 2602 1206 2634 Ἰσαὰκ,
1219 2603 1266 2630 καὶ
1281 2602 1325 2628 τοῦ
1343 2602 1440 2628 Ἰακύιὸ
1454 2602 1624 2638 ἁνειρῆσθαι,
1638 2604 1655 2637 ἡ
1665 2603 1738 2629 πᾶσα
1752 2601 1889 2636 σύμφασις

1101 2647 1148 2674 τοῦ
1165 2648 1243 2682 λόγου
1258 2648 1430 2683 παρίστησιν.
1449 2649 1528 2674 Ὥστε
1552 2649 1598 2675 καὶ
1623 2649 1672 2683 τῆς
1697 2647 1743 2674 τοῦ
1769 2647 1889 2683 Χριστοῦ

1100 2694 1284 2730 προσηγορίας
1294 2695 1361 2729 ἡμῖν
1375 2695 1475 2730 ὁμοίως
1491 2695 1658 2722 ἐκοινώνουν.

262 2741 338 2776 ipsos
359 2742 405 2777 qui
435 2747 498 2770 ante
523 2743 624 2772 Mosem
651 2745 732 2771 amici
757 2744 958 2778 familiaresque
992 2742 1039 2770 Dei
1065 2742 1185 2774 fuerunt,
1215 2742 1285 2769 sicut
1298 2750 1346 2769 nos
1369 2742 1550 2774 Christianos,
1573 2743 1722 2778 appellatos
1747 2742 1886 2772 invenies,

262 2791 310 2819 sed
327 2792 402 2826 audi,
420 2800 522 2828 quaeso,
538 2793 602 2829 quid
617 2793 651 2821 de
675 2794 729 2821 illis
743 2793 884 2822 oraculum
899 2792 927 2819 in
940 2790 1057 2819 Psalmis
1071 2790 1141 2817 dicat
1155 2799 1161 2817 :
1183 2798 1192 2815 ι
1212 2791 1280 2818 Cum
1307 2797 1397 2818 essent
1425 2799 1539 2818 numero
1563 2791 1668 2823 breves,
1684 2789 1840 2825 paucissimi
1861 2792 1888 2815 et

262 2840 359 2869 Incolae
377 2840 402 2868 in
419 2848 462 2874 ea,
475 2846 502 2868 et
519 2840 686 2868 transierunt
702 2839 735 2866 de
750 2843 829 2875 gente
850 2838 878 2864 in
892 2840 1010 2873 gentem,
1025 2839 1052 2862 ct
1069 2835 1102 2863 de
1126 2843 1209 2870 regno
1233 2836 1260 2862 in
1291 2837 1418 2871 populum
1437 2837 1550 2864 alterum
1561 2855 1569 2868 ,
1592 2843 1647 2862 non
1673 2834 1777 2861 dimisit
1801 2833 1888 2861 homi-

298 2932 322 2949 “
342 2932 408 2961 Gen.
432 2939 529 2966 ιιι-ιιι,
552 2931 646 2960 ιο-ιι.
687 2931 709 2947 ³⁷
732 2930 798 2958 Ibid.
821 2929 864 2957 IS.
883 2929 926 2971 _'°
946 2928 1002 2957 Gen
1033 2937 1048 2956 ι

1110 2949 1117 2963 ,
1140 2930 1181 2957 Η.
1221 2932 1242 2948 ⁵³
1264 2931 1329 2959 Ibid.
1354 2931 1398 2964 I2,
1413 2930 1453 2957 I5.
1493 2929 1515 2945 ⁰⁰
1531 2927 1582 2956 Joh
1613 2935 1678 2960 XLII,
1697 2926 1724 2958 4,
1746 2926 1773 2954 ε.
