2053 3218
278 190 310 219 Ill

596 191 731 220 EUSEBll
747 191 990 220 Cz'ESARIENSlS
1009 192 1084 220 OPP.
1101 192 1190 219 PARS
1205 191 1236 220 ll.
1255 208 1290 213 -—
1303 191 1560 221 APOLOGETICAJ

1860 189 1898 222 '59

277 250 357 284 gibus
375 249 462 284 posita
478 252 539 276 sunt
558 248 625 281 Dei,
640 253 704 277 ante
720 248 802 276 Mosis
817 249 1040 277 constitutionem

1112 250 1184 285 ματά
1198 259 1259 285 μου,
1276 251 1323 277 καὶ
1335 251 1369 277 τὰ
1390 251 1494 286 νόμιμά
1518 259 1580 286 μου.
1606 260 1615 276 ι
1632 248 1687 278 Ἦν
1702 251 1757 287 γὰρ
1777 252 1824 278 καὶ
1845 252 1899 287 πρὸ

278 295 436 323 servaverit.
452 294 523 321 Dicit
538 295 620 330 igitur
637 295 671 322 ad
686 295 771 325 Isaac,
788 295 810 322 is
826 294 871 329 qui
887 295 997 322 oracula
1015 295 1061 321 illa

275 341 407 369 reddebat
424 340 495 368 Deus
510 350 516 367 :
533 350 542 366 ι
558 340 590 367 Et
611 341 681 368 dabo
702 340 797 367 semini
819 344 866 366 tuo
880 348 989 368 omnem
1005 344 1061 368 ter—

274 394 334 415 ram
355 387 444 419 hanc,
460 391 486 414 et
502 387 698 414 benedicentur
719 387 746 414 in
770 387 879 424 semine
893 390 940 413 tuo
964 394 1060 414 omnes

273 437 370 470 gentes
394 436 482 465 terrae,
506 440 540 460 eo
564 432 636 467 quod
662 431 794 459 obcdierit
818 431 955 459 Abraham
983 437 1060 467 pater

274 482 339 506 tuus
355 478 415 505 voci
434 485 514 510 meai,
532 481 558 505 et
573 476 734 504 custodierit
747 480 881 512 praecepta
894 481 919 503 et
931 477 1059 504 mandata

273 531 350 556 mea,
366 527 393 550 et
406 523 581 550 caeremonias
592 530 678 554 meas,
691 526 717 550 et
730 530 790 557 qua:
805 523 832 549 in
848 522 954 557 legibus
969 523 1058 558 posita

273 574 338 600 sunt
350 570 382 597 θ’.
398 569 500 598 )Erant
517 569 588 597 enim
604 569 685 596 etiam
701 573 764 596 ante
779 568 861 597 Mosis
880 569 965 604 legem
981 577 1058 598 man-

273 616 336 644 data
351 615 398 644 Dei
414 617 466 642 alia
480 619 506 644 et
521 615 705 646 etcremoniae,
721 623 775 642 non
791 615 890 642 similia
915 615 949 642 iis
969 623 1029 651 qua!
1042 623 1057 643 a

271 662 348 690 Mose
364 662 464 689 tradita
479 665 554 693 sunt,
573 662 700 696 legesque
713 661 783 692 aliae,
799 668 831 687 ac
849 665 984 696 praecepta
1002 661 1056 688 Do—

270 709 356 741 mini,
375 716 422 743 per
437 715 497 742 qua:
512 707 551 734 illi
564 707 699 742 justitiam
713 706 802 741 adepti
821 711 894 734 sunt.
911 705 997 733 Porro
1012 714 1058 733 au-

268 759 323 782 tem
339 754 411 789 quod
427 761 481 780 non
497 753 591 780 eadem
607 756 700 780 essent
713 760 775 779 cum
794 752 827 779 iis
838 772 844 783 ,
861 759 921 786 quae
936 759 984 786 per
999 751 1056 778 Mo-

269 808 329 829 setn
353 800 381 827 in
405 800 510 835 legibus
525 799 615 834 posita
630 802 710 831 sunt,
728 798 817 826 Moses
836 798 894 833 ipse
911 798 1055 834 perspicue

270 846 460 877 demonstrat,
477 845 522 873 ubi
538 845 576 872 ait
599 845 632 872 ad
656 846 785 880 populum
801 855 806 872 :
823 854 832 870 ι
848 846 937 878 Audi,
956 845 1053 876 Israel,

266 893 480 928 justilicationes
491 913 498 924 ,
514 897 541 919 et
554 892 656 927 judicia
667 912 675 924 ,
694 899 865 927 quaacunque
887 900 936 927 ego
957 892 1055 927 loquor

268 938 296 966 in
314 938 427 965 auribus
441 938 542 965 vestris
561 937 587 964 in
602 937 646 965 die
659 937 721 968 hac,
737 940 764 964 et
777 936 891 964 discetis
903 945 945 969 ca,
959 941 986 964 et
1000 946 1055 965 scr-

268 985 383 1017 vabitis,
402 988 433 1010 ut
448 992 480 1011 ca
496 983 615 1011 faciatis.
637 983 768 1010 Dominus
785 982 857 1010 Deus
881 987 969 1011 Vester
991 991 1055 1011 cons

268 1030 338 1057 didit
352 1030 430 1057 vobis
447 1030 473 1056 in
491 1029 598 1057 Choreb
613 1033 816 1062 testamentum,
835 1030 994 1065 neutiquam
1009 1038 1054 1065 pa-

265 1076 355 1103 tribus
371 1076 471 1103 vestris
485 1075 608 1103 condidit
625 1075 757 1103 Dominns
773 1079 967 1103 testamentum
983 1077 1051 1108 hoc,

267 1121 320 1158 14
335 1122 382 1149 sed
399 1122 478 1150 vobis
491 1122 524 1150 ⁵³.
542 1131 552 1148 ›
565 1121 599 1148 Et
614 1130 680 1150 sane
700 1126 792 1157 specta
806 1143 813 1154 ,
835 1127 864 1149 ut
885 1123 964 1157 plane
986 1123 1052 1150 dicit

264 1167 471 1195 Testamentum
485 1167 538 1195 hoc
550 1187 557 1199 ,
573 1171 717 1202 propterea
736 1168 807 1203 quod
826 1175 879 1195 non
898 1168 968 1195 idem
985 1169 1051 1195 illud

264 1215 389 1250 patribus
416 1222 510 1242 eorum
537 1215 690 1242 constituit.
715 1215 794 1249 Quod
813 1217 836 1245 si
854 1216 978 1244 absolute
996 1224 1050 1243 non

263 1261 358 1289 datum
375 1269 436 1289 esse
451 1261 574 1296 patribus
588 1269 682 1289 eorum
704 1266 895 1289 testamentum
916 1263 1048 1294 dixisset,

263 1308 291 1334 in
309 1308 480 1336 mendacium
499 1315 564 1335 sane
577 1308 615 1335 iiii
629 1308 772 1336 recidisset
783 1309 882 1335 oratio.
899 1308 996 1336 Datum
1008 1314 1050 1337 est

262 1354 347 1389 igitur
361 1353 478 1381 Abrahae
494 1358 688 1383 testamentum
700 1375 707 1386 ,
722 1355 816 1382 datum
830 1360 872 1383 est
885 1356 964 1383 etiam
982 1355 1048 1389 Noe,

262 1401 335 1429 sicut
355 1408 433 1428 sacra
457 1404 594 1428 testantur
619 1402 741 1428 oracula.
764 1401 852 1437 Atque
868 1403 971 1431 idcirco
987 1412 1047 1431 cum

262 1447 438 1481 adjunctione
452 1447 520 1475 dixit
543 1447 644 1481 Moses,
661 1456 716 1476 non
734 1448 786 1476 hoc
806 1449 899 1476 dattun
920 1458 982 1478 esse
1001 1459 1050 1486 pa.

260 1492 350 1519 tribus
363 1500 473 1524 eorutn,
488 1493 528 1520 sic
541 1499 606 1520 sane
617 1493 732 1520 alterum
746 1493 902 1528 signiﬁcans
917 1501 1049 1530 pnestan-

261 1538 317 1572 tius
334 1543 415 1573 atque
429 1538 617 1571 excellentius,
635 1546 683 1574 per
699 1539 771 1574 quod
787 1540 884 1572 amici,
902 1541 1047 1576 dilectique

1075 928 1093 955 Β

1111 295 1157 322 τοῦ
1177 295 1298 327 Μωσέως
1321 296 1403 331 νόμου
1426 296 1625 331 προστάγματα
1654 296 1722 323 Θεοῦ
1743 297 1835 332 ἕτερα,
1850 298 1898 324 καὶ

1111 341 1292 377 δικαιώματα,
1327 342 1376 377 οὐχ
1396 343 1476 377 ὃμοια
1493 344 1549 374 τοῖς
1571 342 1646 378 παρὰ
1666 343 1771 375 Μωσεῖ,
1794 343 1899 378 νόμιμά

1111 397 1139 415 τε
1162 388 1229 415 ἄλλα
1252 389 1298 415 καὶ
1317 389 1421 415 ἐντολαὶ
1436 388 1564 424 Χριστοῦ,
1579 389 1612 416 δι’
1628 386 1664 415 ὧν
1687 388 1895 424 ὲδικαιώθησαν.

1112 434 1173 459 Ὅτι
1187 433 1208 459 δ’
1222 433 1252 460 οὺ
1269 433 1303 460 τὰ
1322 433 1393 460 αὐτὰ
1420 431 1454 469 ἦν
1472 435 1528 466 τοῖς
1551 434 1594 461 διὰ
1611 434 1732 466 Μωσέως
1752 435 1898 471 νομοθετη-

1110 479 1188 512 θεῖσι,
1219 479 1311 514 σαφῶς
1333 481 1347 506 ὁ
1374 480 1476 516 Μωσῆς
1502 479 1676 516 παρίστησιν.
1698 482 1726 507 ἐν
1751 478 1791 514 οἷς
1815 490 1896 516 φησιν

1109 526 1176 561 πρὸς
1188 526 1232 552 τὸν
1240 526 1318 552 λαόν·
1331 536 1340 552 ι
1361 526 1471 559 Ἀκουε,
1489 527 1648 562 Ἰσραὴλ,τὰ
1663 527 1834 563 δικαιώματα
1849 528 1896 555 καὶ

1108 571 1142 598 τὰ
1156 572 1286 607 κρίματα,
1301 572 1351 598 ὅσα
1369 572 1424 607 ἐγὼ
1439 572 1512 600 λαλῶ
1531 574 1559 599 ὲν
1574 574 1709 605 τοῖς-ὠσὶν
1727 574 1803 610 ὑμῶν
1820 575 1848 600 ὲν
1861 576 1894 610 τῇ

1107 617 1198 652 ἡμέρᾳ
1213 617 1307 653 ταύτῃ,
1329 618 1376 644 καὶ
1399 617 1552 653 μαθήσεσθε
1575 619 1653 650 αὐτὰ,
1675 619 1722 646 καὶ
1745 618 1894 654 φυλάξεσθε

1109 664 1194 691 ποιεῖν
1209 663 1288 690 αὑτά.
1304 663 1407 700 Κύριος
1423 665 1437 690 ὁ
1448 664 1513 696 Θεὸς
1527 664 1604 700 ὑμῶν
1621 664 1723 691 διέθετο
1740 666 1807 700 πρὸς
1821 666 1896 700 ὑμᾶς

1108 710 1136 735 ἐν
1152 709 1252 745 Χωρὴϐ
1280 710 1416 746 Διαθὴκην
1427 719 1433 725 ·
1450 711 1509 745 οὐχὶ
1524 712 1580 742 τοῖς
1604 711 1739 745 πατράσιν
1763 712 1839 746 ὑμῶν
1855 712 1896 738 δι-

1107 754 1183 780 έθετο
1194 754 1294 790 Κύριος
1301 755 1349 791 τὴν
1358 755 1494 791 Διαθήκην
1505 755 1615 791 ταύτην,
1627 755 1694 782 ἀλλὰ
1707 756 1774 791 πρὸς
1787 756 1868 790 ὑμᾶς.
1882 765 1891 781 ι

1106 802 1161 828 Καὶ
1173 802 1222 838 δρα
1238 810 1269 836 γε
1283 803 1356 833 ὅπως
1379 802 1500 838 ἀκριϐῶς
1524 811 1589 838 φησι
1604 802 1652 838 τὴν
1671 802 1808 838 Διαθήκην
1829 804 1895 830 ταύ-

1106 856 1165 883 την,
1182 848 1243 874 ἐπεὶ
1259 848 1295 883 μὴ
1311 848 1359 883 τὴν
1374 849 1459 883 αὐτὴν
1481 850 1537 880 τοῖς
1551 849 1686 884 πατράσιν
1707 849 1796 876 αὐτῶν
1809 849 1894 876 διετέ-

1108 894 1189 921 θειτο.
1207 895 1238 921 Εἰ
1254 895 1275 921 δ’
1288 892 1333 921 οὖν
1348 894 1486 926 ἁπολύτως
1503 895 1539 931 μὴ
1554 895 1676 923 δεδόσθαι
1689 897 1744 927 τοῖς
1758 896 1893 932 πατράσιν

1106 939 1195 966 αὐτῶν
1206 940 1342 976 Διαθήκην
1354 941 1470 975 εἰρήκει,
1484 941 1585 976 ψευδὴς
1602 942 1633 968 ἂν
1647 939 1681 976 ἦν
1692 943 1706 968 ὁ
1719 942 1796 975 λόγος
1807 942 1892 977 αὐτῷ.

1105 986 1213 1015 assem
1226 986 1290 1021 γοῦν
1305 986 1342 1021 τῷ
1365 986 1488 1022 ’Λεραᾶμ
1510 987 1636 1022 διαθήκη,
1650 987 1697 1013 καὶ
1711 987 1749 1023 τῷ
1765 987 1836 1019 Νῶε,
1854 987 1893 1020 ὡς

1103 1031 1138 1058 τὰ
1156 1031 1216 1067 ἱερὰ
1235 1033 1368 1067 μαρτυρεῖ
1380 1031 1466 1065 λόγια.
1486 1031 1535 1058 Διὰ
1547 1031 1627 1058 τοῦτο
1650 1032 1718 1067 μετὰ
1732 1031 1891 1068 προσθήκης

1103 1077 1116 1102 ὁ
1141 1076 1242 1111 Μωσῆς
1259 1077 1289 1102 οὐ
1318 1076 1420 1111 ταύτην
1447 1077 1514 1111 φησὶ
1538 1076 1658 1104 δεδόσθαι
1679 1078 1735 1109 τοῖς
1756 1077 1892 1113 πατράσιν

1102 1122 1202 1154 αὐτῶν,
1218 1122 1311 1158 ἑτέραν
1327 1123 1509 1158 αἰνιττόμενος
1530 1123 1579 1157 τὴν
1601 1124 1716 1158 κρείττω
1733 1124 1778 1150 καὶ
1798 1124 1891 1158 διαφέ-

1104 1177 1212 1204 ρουσαν,
1233 1169 1266 1195 δι’
1280 1167 1313 1205 ἦς
1334 1170 1381 1197 καὶ
1405 1169 1538 1204 θεοφιλεῖς
1558 1170 1761 1205 ἁπεφάνϐησαν.
1786 1170 1891 1197 Αὐτίκα

1101 1215 1139 1250 τῷ
1160 1215 1283 1251 Ἀϐραὰμ
1295 1215 1338 1242 διὰ
1350 1216 1399 1250 τῆς
1417 1217 1456 1248 είς
1471 1216 1516 1242 τὸν
1531 1216 1584 1242 τῶν
1599 1216 1666 1243 ὅλων
1683 1216 1748 1243 Θεὸν
1772 1216 1891 1248 πίστεως

1100 1261 1134 1287 τὰ
1146 1262 1196 1296 τῆς
1209 1261 1379 1295 δικαιοσύνης
1391 1261 1596 1297 κατωρθῶσθαι,
1621 1262 1828 1297 μεμαρτύρηται
1843 1262 1889 1288 ὑπ’

1100 1307 1181 1334 αὐτοῦ
1199 1308 1318 1339 Μωσέως
1335 1307 1460 1341 λέγοντος
1481 1316 1487 1323 ·
1506 1318 1515 1333 ‹
1540 1308 1700 1334 Ἐπίστειισε
1714 1307 1742 1334 δὲ
1764 1307 1890 1344 Ἀΰραὰμ

1099 1355 1138 1390 τῷ
1157 1354 1225 1389 Θεῷ,
1243 1355 1289 1381 καὶ
1304 1353 1429 1389 ἐλογίσθη
1450 1353 1523 1389 αὐτῷ
1540 1354 1579 1385 εἰς
1598 1353 1782 1389 δικαιοσύνην.
1802 1363 1811 1379 ι
1829 1354 1889 1381 Ὅτι

1099 1399 1126 1427 δὲ
1145 1400 1213 1436 μετὰ
1227 1400 1275 1435 τὴν
1294 1401 1343 1436 τῆς
1361 1400 1534 1435 δικαιοσύνης
1556 1399 1733 1436 κατόρθωσιν,
1749 1400 1795 1426 καὶ
1821 1399 1889 1435 μετὰ

1098 1448 1147 1484 τὴν
1159 1448 1205 1473 ὑπ’
1220 1448 1344 1482 εὐσεϐείᾳ
1361 1447 1512 1483 μαρτυρίαν
1525 1446 1555 1473 τὸ
1567 1447 1616 1482 τῆς
1631 1446 1781 1482 περιτομῆς
1793 1446 1888 1481 εἴληφε

1100 1495 1221 1529 σημεῖον,
1239 1494 1285 1520 καὶ
1307 1493 1389 1528 μηδὲν
1404 1493 1472 1529 πρὸς
1494 1493 1635 1524 εὐσεϐείας
1657 1493 1796 1520 δικαίωσιν
1813 1492 1888 1527 αξιτῷ

1098 1540 1171 1567 τουτὶ
1194 1539 1380 1571 συνεϐάλλετο,
1399 1539 1491 1578 σαφῶς
1510 1540 1524 1566 ὁ
1543 1539 1620 1573 λόγος
1637 1539 1810 1574 παρίστησιν.
1831 1538 1887 1565 Εὖ-

260 1584 317 1615 Deo
334 1584 435 1619 agniti,
448 1585 569 1620 dictique
585 1590 658 1613 sunt.
672 1585 741 1613 Nam
758 1587 883 1622 protinus
897 1587 947 1622 ipsi
962 1588 1047 1615 Abra-

1101 1595 1157 1622 ροις
1170 1586 1192 1612 δ’
1207 1585 1240 1613 ἂν
1259 1586 1360 1613 καὶτὸν
1382 1585 1480 1621 Ἰωσὴφ
1496 1586 1549 1622 πρὸ
1561 1586 1615 1613 τῶν
1631 1586 1753 1618 Μωσέως
1781 1586 1887 1622 χρόνων

259 1632 318 1663 hae,
334 1639 367 1659 eo
383 1631 457 1668 quod
474 1639 580 1659 summo
597 1632 652 1660 Deo
668 1633 812 1661 crediderit
828 1634 905 1669 plene
921 1642 1047 1662 servasse

257 1677 409 1714 justitiam,
424 1678 576 1706 exltihitutn
592 1683 635 1714 est
649 1679 836 1707 testimonium
852 1680 885 1706 ab
901 1680 962 1715 ipso
975 1680 1047 1709 Mose

259 1724 299 1752 sic
313 1724 419 1751 dicente
432 1734 437 1751 :
454 1733 463 1750 ι
478 1724 601 1753 Credidit
614 1725 750 1752 Abraham
768 1725 833 1757 Deo,
847 1730 874 1752 et
891 1730 1045 1760 rcputatnm

257 1773 300 1797 est
315 1769 354 1796 illi
367 1769 400 1797 ad
410 1769 548 1802 justitiam
565 1770 598 1798 ⁵⁸.
615 1780 625 1797 ι
639 1769 717 1804 Quod
734 1775 825 1798 autem
841 1775 901 1805 post
919 1771 990 1797 illam
1001 1771 1046 1807 jn-

259 1815 342 1842 stitia:
359 1816 467 1850 plenam
484 1816 720 1848 observationem.
737 1821 762 1844 ct
778 1822 839 1852 post
855 1817 892 1844 illi
909 1817 1045 1844 redditum

259 1861 293 1888 de
309 1862 409 1895 pietate
425 1862 612 1889 testimonium
624 1883 631 1895 ,
648 1863 737 1898 ipsum
761 1864 982 1892 circumcisionis
1006 1865 1045 1891 si-

262 1915 346 1942 gnum
363 1909 516 1942 acceperit,
533 1913 559 1936 et
577 1910 646 1936 nillil
660 1910 712 1937 ltoc
727 1910 803 1936 illum
822 1911 855 1937 ad
873 1911 999 1945 pietatem
1013 1919 1045 1939 ac

259 1953 395 1988 justitiam
411 1956 629 1989 consequendam
642 1956 790 1990 adjuverit,
806 1957 947 1991 perspicue
963 1958 1043 1984 verba

260 1999 319 2034 ipsa
334 2000 532 2028 demonstrant.
547 2001 670 2028 Invenies
684 2009 764 2036 porro
775 2003 855 2028 ctiam
866 2002 965 2038 Joseph
981 2010 1044 2031 ante

259 2044 344 2072 lllosis
360 2050 480 2080 tempora
497 2046 524 2072 in
540 2046 622 2080 regiis
637 2047 740 2073 mdihus
760 2046 966 2082 lEgypllOl‘Uttt,
984 2049 1043 2076 sine

257 2090 434 2118 Iudaicarum
452 2092 675 2120 Observationum
699 2093 883 2120 Sollicitudine
906 2094 1042 2122 incuriose

257 2141 408 2164 versatum.
427 2137 587 2169 Postremo,
602 2139 624 2165 si
643 2138 702 2170 vis,
726 2144 802 2173 potes
823 2139 911 2173 ipsum
934 2148 1043 2175 quoque

257 2190 395 2210 summum
420 2182 575 2210 Judworum
600 2184 780 2219 legislatorem
798 2183 916 2214 Most-in,
933 2191 948 2210 a
966 2189 1041 2211 tene-

255 2228 322 2256 riori
337 2229 427 2256 adhuc
441 2234 519 2257 artate
535 2229 605 2264 apud
621 2229 693 2264 regis
708 2229 829 2265 :‘Egyptii
847 2230 929 2256 ﬁliam
943 2230 1043 2264 tlrgcn—

1098 1634 1126 1659 ἐν
1141 1634 1197 1664 τοῖς
1219 1633 1375 1666 Αἰγυπτίων
1392 1633 1536 1667 βασιλείοις
1560 1632 1809 1668 ἁπαραφυλάκτως,
1828 1632 1886 1660 ἀλλ’

1096 1679 1146 1706 οὐκ
1163 1679 1316 1710 Ἰουδαϊκῶς
1333 1679 1458 1714 ἀχθέντα.
1476 1679 1507 1705 Et
1523 1672 1551 1704 δὲ
1572 1679 1668 1710 θέλεις,
1683 1680 1729 1705 καὶ
1743 1679 1788 1706 τὸν
1806 1687 1888 1716 κορυ-

1097 1727 1174 1760 φαῖον
1185 1725 1266 1752 αὑτὸν
1281 1726 1328 1752 καὶ
1339 1725 1487 1761 νομοθέτην
1498 1725 1544 1751 τοῦ
1561 1725 1696 1751 Ἰουδαίων
1722 1725 1814 1757 ἔθνους
1824 1725 1887 1752 Mco-

1097 1771 1156 1803 σέα,
1172 1770 1268 1805 γνοίης
1279 1770 1311 1796 ἂν
1327 1770 1398 1802 ἐξέτι
1413 1762 1511 1805 νηπίας
1527 1769 1635 1804 ἡλικίας
1644 1769 1720 1805 παρὰ
1733 1771 1765 1805 τῇ
1778 1769 1824 1796 τοῦ
1836 1769 1885 1796 Al-

1095 1816 1209 1851 γυπτίου
1225 1815 1355 1851 βασιλέως
1370 1815 1485 1851 θυγατρὶ
1501 1815 1549 1848 τὰς
1569 1815 1712 1850 διατριϐὰς
1731 1816 1884 1851 πεποιημέ-

1096 1871 1150 1894 νον,
1164 1862 1267 1898 τροφῆς
1280 1871 1310 1888 τε
1327 1862 1376 1897 τῆς
1390 1861 1539 1895 Αίγυτιτίας
1553 1861 1772 1896 ἀπαρατηρήτως
1793 1869 1885 1896 μετει-

1095 1908 1204 1943 maca.
1221 1908 1253 1934 Τί
1278 1908 1318 1934 δεῖ
1338 1908 1425 1942 λέγειν
1449 1907 1494 1934 τὸν
1518 1907 1716 1943 τρισμακάριον
1746 1906 1815 1938 Ἰὼϐ,
1838 1907 1884 1933 τὸν

1095 1955 1182 1990 ἀληθῆ
1198 1954 1340 1989 ἄνθρωπον
1354 1955 1468 1985 ἐκεῖνον,
1484 1953 1529 1980 τὸν
1544 1953 1698 1988 ἄμεμπτον,
1712 1953 1758 1979 τὸν
1769 1953 1883 1986 δίκαιον,

1093 2001 1138 2027 τὸν
1161 2000 1274 2035 θεοσεϐῆ
1287 2009 1294 2032 ;
1310 2001 1359 2035 τῆς
1374 2001 1413 2031 εἰς
1436 1999 1520 2034 ἄκρον
1541 1998 1681 2031 εὐσεϐείας
1697 1998 1769 2034 αὐτῷ
1785 1999 1831 2025 καὶ
1845 1998 1885 2025 δια

1094 2048 1275 2082 καιοπραγίας
1293 2047 1333 2082 τίς
1350 2045 1404 2082 ἄρα
1435 2046 1508 2072 αἰτία
1520 2044 1570 2081 ἦν;
1603 2046 1699 2082 μήτιγε
1716 2044 1749 2072 τὰ
1763 2044 1884 2078 Μωσέως

1095 2091 1330 2127 παραγγέλματα;
1348 2090 1489 2126 Οὐδαμῶς.
1518 2090 1597 2117 Ἀλλὰ
1616 2090 1755 2117 Σαϐϐάτου
1778 2090 1882 2125 ἡμέρας

1093 2137 1254 2172 ἐπιτήρησις
1269 2134 1313 2171 ἦν,
1331 2136 1347 2172 ἦ
1363 2145 1434 2168 τινος
1455 2136 1537 2172 ἄλλης
1566 2135 1714 2170 Ἰουδαϊκῆς
1741 2134 1883 2170 ἐθελοθρη-

1094 2183 1187 2214 σκείας
1213 2182 1339 2218 φυλακῆς
1367 2183 1468 2214 πόθεν,
1494 2182 1671 2218 πρεσϐυτέρῳ
1696 2183 1752 2213 τοῖς
1776 2181 1882 2216 χρόνοις

1093 2229 1223 2261 Μωσέως,
1241 2230 1288 2255 καὶ
1313 2229 1362 2265 τῆς
1380 2230 1438 2255 κατ’
1456 2229 1536 2256 αὐτὸν
1552 2227 1710 2263 νομοθεσίας
1726 2228 1881 2263 γενομένῳ;

256 2280 310 2302 tem
328 2283 494 2311 agnoscere,
510 2277 558 2311 qui
581 2277 690 2311 quidem
715 2276 844 2311 Egyptio
867 2277 947 2312 plane
966 2285 1040 2304 more

1100 2275 1128 2300 Ὀ
1140 2274 1189 2310 μὲν
1205 2274 1258 2311 γὰρ
1269 2275 1370 2310 Μωσῆς
1396 2275 1510 2309 ἕϐδομος
1523 2275 1553 2306 ἐξ
1574 2273 1698 2308 ’Λϐραὰμ
1717 2273 1883 2308 γενεαλογεῖ-

254 2321 358 2356 absque
369 2320 490 2349 Judaicis
506 2322 744 2349 observationibus
772 2322 843 2357 apud
862 2323 984 2349 eamdem
1007 2322 1043 2350 sit

1099 2330 1147 2353 ται,
1165 2322 1254 2348 οὑτοσὶ.
1273 2321 1302 2347 δὲ
1319 2321 1452 2356 πέμπτος,
1469 2321 1528 2347 δυσὶ
1548 2319 1693 2355 προτέραις
1718 2319 1763 2345 τὸν
1778 2319 1881 2346 Μωσέα

254 2368 398 2395 educatus.
417 2367 470 2395 Sed
486 2368 616 2400 quidnam
631 2368 664 2395 de
679 2368 839 2395 beatissimo
853 2367 920 2400 Job,
936 2367 969 2395 de
983 2368 1040 2400 illo,

253 2415 364 2450 inquam
376 2436 383 2447 ,
399 2422 463 2442 vero
480 2415 590 2441 homine
600 2434 608 2446 ,
623 2415 668 2441 illo
684 2414 859 2449 inculpabili,
875 2414 950 2449 justo
961 2434 968 2446 ,
983 2416 1039 2450 pio,

253 2460 395 2488 dicemus?
416 2460 482 2493 Quae
495 2460 603 2487 tandem
618 2459 691 2486 illius
710 2467 823 2486 summa:
842 2459 950 2494 pictatis
964 2459 1041 2494 etju-

253 2507 336 2534 stitia:
358 2515 441 2534 causa
465 2506 595 2534 exstitit?
610 2506 732 2540 nunquid
749 2510 882 2540 praet-pta
901 2505 1040 2534 Mosaica‘!

255 2554 376 2580 minime.
391 2553 460 2580 Num
476 2553 529 2580 diei
545 2552 656 2579 Sabbati
668 2573 675 2585 ,
691 2557 737 2578 aut
755 2552 867 2579 alterius
884 2551 1038 2586 cujuspiam

253 2598 359 2626 Judaici
375 2599 444 2627 ritus
457 2599 635 2626 observatio?
646 2598 716 2625 unde
730 2599 766 2626 illi
781 2599 846 2630 hoc,
861 2599 907 2634 qui
923 2602 949 2625 et
960 2601 1039 2625 aztate

255 2644 344 2680 ipsum
357 2644 457 2671 Mosem
471 2645 618 2676 antecedit,
629 2648 657 2672 et
668 2648 731 2671 ante
742 2643 815 2678 leges
830 2644 864 2670 ab
875 2644 921 2670 illo
936 2643 1039 2678 positas

253 2697 295 2718 est
312 2691 414 2718 natus?
436 2689 543 2718 Etenim
563 2690 654 2719 Moses
674 2690 807 2726 septimus
832 2693 990 2717 numeratur
1006 2689 1040 2716 ab

254 2737 407 2770 Abraham,
431 2737 476 2764 hic
501 2742 590 2764 autem
619 2737 747 2772 quintus,
769 2741 799 2763 ut
823 2737 862 2764 sic
885 2735 959 2763 Mose
981 2736 1039 2769 ipso

253 2784 390 2819 antiquior
404 2783 510 2811 duabus
528 2784 681 2811 inveniatur
694 2783 830 2810 :ctatibus.
848 2782 1039 2816 Contemplare

252 2831 334 2867 igitur
348 2830 463 2866 hujusce
480 2831 581 2863 vitam,
598 2839 658 2866 qua:
679 2830 712 2858 de
734 2830 838 2865 legibus
862 2836 876 2855 a
899 2829 972 2855 Mose
990 2835 1038 2862 po-

1094 2369 1199 2401 γενεαῖς
1219 2367 1355 2402 προάγων.
1373 2366 1428 2393 Θὲα
1442 2366 1464 2393 δ’
1487 2363 1532 2391 οὖν
1557 2364 1603 2390 καὶ
1628 2363 1724 2390 τούτου
1742 2364 1787 2390 τὸν
1812 2364 1878 2399 βίον,

1096 2413 1218 2444 Μωσέως
1246 2413 1295 2448 μὲν
1309 2413 1358 2447 τῆς
1375 2411 1533 2447 νομοθεσίας
1549 2410 1625 2437 οὐδὲν
1638 2410 1816 2445 ἐπαγόμενον,
1831 2411 1880 2446 τῆς

1093 2458 1121 2484 δὲ
1136 2458 1182 2484 τοῦ
1198 2457 1322 2492 Σωτῆρος
1335 2456 1412 2491 ἡμῶν
1437 2455 1615 2490 εὐαγγελικῆς
1635 2455 1806 2488 διδασκαλίας
1830 2456 1881 2484 οὐκ

1094 2504 1242 2540 ἀλλότριον.
1262 2504 1341 2537 Λέγει
1359 2502 1381 2528 δ’
1407 2499 1452 2528 οὖν
1474 2501 1563 2533 αὐτὸς,
1584 2502 1629 2528 τὸν
1653 2502 1749 2528 ἑαυτοῦ
1773 2501 1879 2534 διεξιὼν

1093 2550 1159 2584 βίον,
1175 2551 1203 2576 ὲν
1220 2551 1253 2585 τῇ
1270 2549 1338 2585 πρὸς
1352 2549 1414 2579 τοὺς
1428 2547 1552 2584 ἑταίρους
1566 2548 1708 2584 ἀπολογίᾳ·
1729 2559 1737 2574 ι
1757 2549 1880 2576 Διέσωσα

1092 2596 1146 2633 γὰρ
1168 2596 1272 2630 πτωχὸν
1296 2596 1328 2621 ἐκ
1342 2594 1432 2630 χειρὸς
1445 2594 1584 2627 δυνάστου,
1602 2596 1649 2622 καὶ
1661 2595 1780 2631 ὀρφανῷ,
1793 2591 1814 2629 ᾧ
1829 2595 1879 2621 οὐκ

1092 2641 1125 2679 ἦν
1156 2642 1261 2678 βοηθὸς,
1287 2640 1433 2676 ἐϐοήθησα.
1457 2641 1547 2676 Στόμα
1573 2641 1601 2667 δὲ
1626 2641 1713 2677 χήρας
1742 2649 1776 2675 με
1802 2640 1878 2666 εὐλό-

1093 2697 1180 2724 γησε,
1210 2686 1382 2722 δικαιοσύνην
1415 2686 1443 2713 δὲ
1473 2686 1646 2713 ὲνεδεδύκειν.
1684 2685 1877 2721 Ὴμφιεσάμην

1093 2734 1120 2760 δὲ
1148 2733 1235 2768 κρίμα
1263 2733 1307 2759 ἴσα
1338 2732 1472 2764 διπλοΐδι.
1497 2732 1633 2768 ὀφθαλμὸς
1660 2732 1734 2768 ήμην
1759 2730 1877 2765 τυφλῶν,

1094 2780 1161 2811 ποῦς
1193 2779 1222 2806 δὲ
1251 2779 1355 2813 χωλῶν·
1386 2779 1441 2814 ἐγὼ
1459 2780 1531 2816 ήμην
1563 2778 1655 2814 πατὴρ
1684 2777 1831 2805 ἀδυνάτων.
1863 2785 1875 2803 ›

1092 2825 1164 2852 Αὐτὰ
1179 2825 1210 2861 δὴ
1225 2826 1319 2858 ταῦτα,
1332 2826 1458 2862 ἄντικρυς
1468 2825 1500 2852 τὰ
1517 2826 1596 2852 πᾶσιν
1609 2826 1673 2861 ἡμῖν
1685 2824 1729 2851 διὰ
1737 2823 1785 2860 τῆς
1794 2822 1875 2858 εὐστ-

287 2920 309 2939 “
329 2919 395 2948 Gen.
415 2927 490 2953 xxvi,
510 2920 568 2948 5-5.
589 2921 630 2959 ,⁸³
651 2919 718 2949 Deut
752 2929 778 2955 v,
801 2919 856 2947 1-5.
896 2920 918 2935 δλ
935 2919 1000 2947 Gen.
1023 2925 1073 2952 xv,
1094 2917 1120 2946 6.
