2053 3218
164 209 199 237 53
637 206 965 235 Damonsrnartoxts
985 206 1215 235 sumsum
1234 207 1298 235 LIB.
1321 198 1342 236 ιζ
1763 212 1797 240 ει

162 267 275 302 γελικῆς
295 267 473 299 διδασκαλίας
490 267 638 303 μαθήματα
655 268 853 304 κηρυττόμενα.
880 268 957 294 Ἀλλὰ

1011 268 1071 296 sitis
1088 268 1156 295 nihil
1174 268 1299 300 inducit,
1315 268 1350 295 ab
1363 268 1519 303 evangelica
1537 275 1627 297 autem
1648 270 1797 298 Salvatoris

162 314 208 341 καὶ
219 313 258 345 ὡς
274 313 358 345 εἰδὼς
371 312 400 340 εὖ
417 313 489 349 μάλα
502 313 532 340 τὸ
548 323 556 338 ι
574 313 677 340 κλαίειν
692 313 763 349 μετὰ
776 313 933 340 κλαιόντων·
947 323 956 339 ι

162 360 208 387 καὶ
222 359 265 391 τὸ,
288 369 297 385 ε
318 360 459 395 Μακάριοι
480 360 503 386 οἱ
528 359 676 392 κλαίοντες,
697 360 737 386 ὅτι
755 359 924 394 γελάσονται.
947 369 956 385 ι

164 406 210 433 καὶ
223 404 272 438 ¹τὺ,
299 415 308 431 ‹
335 406 366 431 Et
380 406 478 440 πάσχει
494 405 521 431 ἓν
541 405 630 440 μέλος,
650 406 805 441 συμπάσχει
823 406 911 432 πάντα
926 405 960 432 τὰ

167 452 245 488 μέλη,
271 461 280 476 ι
304 452 333 477 ἐν
353 453 410 483 τοῖς
428 451 478 487 τῆς
494 451 676 487 εὑαγγελικῆς
688 452 860 483 διδασκαλίας
873 451 960 488 μαθή-

169 505 233 532 μασι
247 498 442 533 περιεχόμενα,
458 497 488 524 τὺ
501 497 570 533 πρὸς
588 498 651 529 τοὺς
664 499 692 524 ἐν
704 498 743 534 τῷ
761 498 810 533 βίῳ
820 498 959 524 ταλαιπω-

171 543 316 580 ρουμένους
340 543 530 579 φιλάνθρωπον
567 544 733 576 ἐπεδείκνυε,
756 544 852 579 λέγων’
890 544 959 578 Ἐγὼ

168 590 196 617 δὲ
217 591 262 617 ἐπὶ⁵
279 591 361 617 παντὶ
378 590 502 626 ἀδυνάτῳ
517 590 645 618 ἔκλαυσα·
665 601 674 616 ι
695 590 825 624 ἐστέναξα
847 591 875 618 δὲ
898 591 959 618 ἰδὼν

167 637 250 671 ἄνδρα
275 637 304 663 ἐν
329 637 472 671 ἀνάγκαις.
493 646 502 662 ι
521 635 588 664 Εἶτα
607 638 698 670 πάλιν,
714 637 764 672 τῆς
780 638 959 674 εὐαγγελικῆς

166 683 340 714 διδασκαλίας
353 683 417 715 τοὺς
434 683 567 718 ἁσέμνους
586 684 813 720 ἀπαγορευούσης
827 685 958 719 γέλωτας,

166 728 312 766 πῳλαὸὼν
328 729 342 755 ὁ
366 729 498 765 μακάριος
511 731 614 762 οὐτοσὶ,
635 732 725 766 φησιν·
753 741 761 756 ‹
789 731 820 757 Εἰ
836 731 864 758 δὲ
886 732 959 767 ἥμην

165 775 371 811 πεπορευμένος
386 775 455 811 μετὰ
479 775 654 810 Telamo-143w
671 777 695 803 εί
711 777 740 804 δὲ
760 778 807 804 καὶ
826 778 957 804 ἐσπούδα-

166 829 213 847 σεν
227 822 242 847 ὁ
256 822 323 853 ποῦς
336 831 385 857 μου
397 823 437 853 εἰς
447 822 530 854 δόλον,
543 823 661 858 ἓσταμαι
676 823 704 850 δὲ
717 824 745 850 ἐν
763 823 837 859 ζυγῷ
852 824 956 860 δικαίῳ,

164 866 220 894 οἶδε
233 867 260 894 δὲ
274 869 288 894 ὁ
300 867 402 903 Κύριος
413 868 462 903 τὴν
477 868 594 896 ἀκακίαν
609 878 669 904 μου,
693 870 800 905 Ἐπειδὴ
813 870 841 896 δὲ
856 871 869 896 ὁ
882 870 958 906 παρᾶ

165 915 261 941 Μωσεῖ
274 914 350 948 λόγος
374 914 522 949 νομοθετεῖ,
534 915 630 949 λέγων,
641 924 649 940 ε
663 916 700 942 Οὐ
712 915 873 951 μοιχεύσεις,
888 926 896 941 ι
911 916 957 943 θά-

1013 313 1100 340 nostri
1125 313 1250 340 doctrina
1280 321 1335 340 non
1361 313 1500 341 abhorret.
1523 313 1594 340 Dicit
1618 315 1700 349 igitur
1722 314 1797 350 ipse,

1012 358 1058 385 ubi
1075 366 1152 386 suam
1169 359 1255 392 ipsius
1271 359 1353 386 vitam
1369 360 1497 395 exponit,
1523 364 1550 387 et
1575 361 1752 396 arguentibus
1768 367 1799 389 se

1011 405 1106 432 amicis
1123 405 1286 439 respondet:
1305 415 1313 429 ‹
1329 405 1441 433 Servavi
1457 407 1528 434 enim
1546 407 1653 441 inopem
1667 406 1701 434 de
1714 414 1797 434 manu

1011 450 1151 485 potentis:
1172 455 1199 477 et
1225 450 1345 485 pupillo,
1362 452 1405 478 cui
1433 459 1486 478 non
1512 457 1567 479 erat
1593 452 1712 487 adjutor,
1734 453 1798 480 sub-

1010 496 1082 523 veni.
1097 496 1133 524 Os
1148 500 1238 523 autem
1256 497 1345 524 vidua:
1361 497 1426 524 mihi
1443 498 1580 525 benedixit
1594 518 1601 530 ,
1615 504 1641 526 et
1662 498 1797 533 justitiam

1011 542 1163 570 indumenti
1189 542 1249 569 loco
1275 543 1378 578 accepi.
1404 542 1541 570 Adornavi
1570 549 1661 570 autem
1690 552 1732 572 me
1752 543 1798 579 ju-
1834 551 1835 554 ‘

1010 587 1097 620 dicio,
1124 588 1202 623 quasi
1220 588 1322 622 duplici
1354 589 1535 623 vestimento;
1562 590 1659 618 oculus
1683 590 1721 618 fui
1746 598 1798 619 ca:-

1010 641 1104 660 corum
1115 653 1122 665 ,
1137 641 1184 668 pes
1201 633 1360 661 claudorum
1374 643 1379 661 :
1396 642 1446 670 ego
1462 633 1499 661 fui
1515 639 1592 670 pater
1608 636 1718 671 inopum
1737 638 1769 663 ⁵⁵.
1785 647 1795 664 ι

1012 679 1063 714 15
1081 678 1139 714 Ipsa
1162 680 1219 706 tneo
1238 680 1320 714 igitur
1341 680 1504 708 documenta
1529 681 1607 716 plane
1621 683 1713 709 eadem
1735 687 1797 710 sunt

1010 733 1071 752 cum
1086 725 1130 758 iis,
1152 734 1212 761 quze
1226 726 1354 754 omnibus
1378 727 1456 754 nobis
1478 735 1527 762 per
1548 728 1733 763 evangelicam
1749 728 1798 756 d0-

1010 771 1126 798 ctrinam
1153 772 1225 799 tradi
1245 773 1422 808 nuntiarique
1443 774 1523 800 solita
1545 779 1609 802 sunt
1626 784 1632 801 :
1649 776 1797 810 quinetiam

1009 818 1091 845 veluti
1107 819 1129 847 is
1146 819 1191 854 qui
1209 819 1276 846 bene
1289 819 1353 846 illud
1371 825 1482 848 nosset:
1501 830 1510 846 (
1526 820 1602 849 Flere
1625 830 1686 849 eum
1710 822 1799 850 ﬂenti-

1008 864 1060 892 bus
1071 865 1113 892 “:
1136 875 1145 891 ›
1162 869 1188 893 et
1212 866 1290 897 illud,
1306 876 1315 890 ι
1335 866 1409 894 Beati
1431 868 1477 902 qui
1502 868 1603 903 lugent,
1620 870 1748 904 quoniam
1760 869 1799 897 ri-

1009 909 1150 944 debunt",
1167 921 1176 937 ι
1196 915 1223 938 ct
1239 911 1323 938 illud:
1343 921 1352 937 ι
1374 911 1400 939 Si
1418 921 1501 940 unum
1521 914 1669 941 membrum
1686 915 1797 949 patitur,

164 960 243 986 νατόν
258 969 288 986 τε
302 960 373 986 κατὰ
389 959 490 995 μοιχῶν
511 959 715 996 ἐπιψηφίζεται’
732 961 746 987 ὁ
762 961 790 987 δὲ
808 962 857 997 τῆς
874 963 956 996 εὐαγ-

1009 963 1070 982 cum
1084 964 1116 983 eo
1140 957 1221 984 simul
1238 958 1330 985 omnia
1354 959 1476 986 membra
1500 961 1683 994 patiuntur“.
1704 971 1712 986 ι
1732 961 1798 994 Qua.-

164 1005 277 1041 γελικῆς
303 1006 477 1038 διδασκαλίας
503 1007 548 1033 τὸν
576 1007 657 1043 νόμον
684 1008 834 1040 ἐπιτείνων,
867 1009 957 1045 φησίν·

169 1062 178 1079 ι
211 1052 326 1089 Ὲρῤέθη
343 1055 400 1083 τοῖς
429 1054 565 1089 ἀρχαίοις·
587 1054 624 1080 Οὐ
656 1055 818 1089 μοιχεύσεις·
851 1055 906 1090 ἐγὼ
930 1056 958 1082 δὲ

164 1098 237 1133 λέγω
251 1099 326 1134 ὑμῖν,
339 1099 405 1135 μηδὲ
416 1099 463 1135 τὴν
470 1100 557 1135 ἀρχὴν
571 1100 723 1136 ἐπιθυμεῖν⁸
739 1110 747 1126 ι
759 1101 894 1135 σκέψασθε
909 1111 958 1128 κα-

163 1145 220 1177 λῶς
239 1146 284 1172 τὸν
310 1147 373 1181 περὶ
393 1144 424 1172 οὗ
445 1145 492 1172 νῦν
515 1147 529 1173 ὁ
545 1147 632 1181 λόγος,
647 1147 687 1179 ὃς,
705 1147 776 1174 κατὰ
791 1148 821 1174 τὸ
840 1149 957 1184 Χριστοῦ

165 1191 240 1226 βιοὺς
250 1191 424 1225 Εὑαγγέλιον,
440 1192 486 1218 καὶ
499 1191 530 1218 τὸ
546 1192 604 1227 μετ’
620 1192 765 1227 ἐπιθυμίας
782 1193 959 1220 ἀκολαστότε-

165 1246 212 1274 ρον
227 1237 373 1274 ἐμϐλέπειν
391 1239 621 1273 παρεφυλάττετο,
634 1239 675 1273 ἐφ’
688 1236 709 1273 ᾧ
724 1241 770 1266 καὶ
785 1239 955 1275 ἐσεμνύνετο,

163 1285 259 1320 λέγων·
276 1295 285 1311 ι
301 1286 332 1312 Et
342 1286 370 1312 δὲ
381 1286 428 1312 καὶ
439 1285 478 1321 τῷ
489 1285 620 1321 ὀφθαλμῷ
634 1286 851 1322 ἐπηκολούθησεν
863 1288 879 1322 ἠ
890 1296 957 1323 καρ-

163 1331 208 1359 δία
227 1341 278 1367 μου
298 1332 408 1366 γυναικὶ
431 1332 528 1368 ἀνδρὸς
549 1332 653 1368 ἐτέρου·
676 1342 685 1358 )
708 1333 814 1359 καὶτὸν
829 1333 957 1368 λογισμὸν

164 1375 325 1412 ἀποδίδωσιν
339 1375 404 1410 ἑξῆς
418 1375 538 1410 ἐπάγων·
563 1385 571 1401 ι
590 1376 682 1412 Θυμδς
705 1376 759 1412 γὰρ
778 1377 873 1413 ἀνδρὸς
889 1378 957 1404 ἀκα-

163 1421 294 1456 τάσχετος
315 1421 345 1448 τὸ
375 1422 467 1457 μιᾶναι
494 1423 589 1458 ἀνδρὸς
612 1425 739 1457 γυναῖκα⁸
757 1423 813 1459 πῦρ
829 1423 884 1459 γάρ
900 1424 957 1451 ἐστι

163 1469 307 1503 καιόμενον
322 1469 368 1495 ἐπὶ
385 1469 493 1496 πάντων
513 1469 566 1495 τῶν
589 1469 689 1504 μερῶν·
705 1466 736 1496 οὗ
749 1470 772 1496 δ’
786 1469 818 1496 ἂν
838 1470 955 1507 εἰσέλθῃ,

163 1517 196 1543 ὲκ
212 1516 294 1551 ῥιζῶν
307 1515 457 1542 ἀπώλεσεν.
477 1524 486 1541 ι
509 1515 588 1542 Ἀλλὰ
604 1516 651 1542 καὶ⁸
665 1516 695 1542 τὸ
711 1516 757 1543 τοῦ
772 1516 874 1552 τρόπου
889 1517 957 1544 ἀδω-

165 1562 308 1597 ροδόκητον
323 1562 486 1598 παρίστησιν
500 1557 561 1589 ὧδε*
577 1571 587 1587 ί
602 1562 668 1589 Είδὲ
682 1563 728 1589 καὶ
737 1564 797 1594 ταῖς
811 1563 888 1598 χερσί
905 1572 956 1599 μου

164 1608 277 1643 ἡψάμην
300 1608 405 1644 δώρων,
432 1608 576 1643 σπείραιμι
594 1607 657 1644 ἄρα,
676 1608 724 1635 καὶ
739 1608 813 1635 ἄλλοι
834 1608 954 1643 φάγοιεν-

1010 1001 1037 1028 in
1055 1000 1206 1037 disciplina:
1232 1003 1395 1038 evangelica)
1417 1003 1590 1032 documentis
1613 1006 1797 1040 continentur,

1009 1045 1158 1075 humamun
1183 1051 1211 1075 et
1233 1049 1439 1076 misericordem
1465 1057 1528 1086 erga
1551 1051 1666 1078 miseros
1694 1051 1720 1078 in
1743 1053 1798 1079 vita

1010 1093 1131 1120 animum
1149 1093 1347 1121 demonstravit
1367 1094 1461 1123 dicens
1477 1106 1482 1123 :
1504 1106 1512 1121 ι
1530 1096 1585 1132 Ego
1610 1101 1699 1124 autem
1716 1106 1797 1132 super

1009 1139 1083 1165 omni
1103 1139 1184 1174 inope
1206 1139 1277 1171 ﬂevi,
1298 1144 1325 1167 et
1345 1141 1481 1176 suspiravi
1502 1149 1564 1169 eum
1585 1143 1672 1170 virum
1694 1144 1749 1170 vidi
1770 1144 1798 1170 in

1009 1185 1221 1213 necessitatibus
1233 1186 1266 1213 ⁸ο.
1285 1196 1293 1212 ι
1313 1186 1413 1216 Deinde
1428 1196 1525 1216 rursus
1541 1197 1603 1216 eum
1619 1190 1798 1218 immodestos

1008 1231 1081 1258 risus
1110 1230 1235 1258 doctrina
1264 1233 1418 1267 evangelica
1437 1239 1559 1270 respuat,
1576 1235 1671 1263 beatus
1696 1236 1740 1263 hic
1755 1237 1797 1264 vir

1008 1280 1084 1304 tanto
1101 1280 1164 1305 ante
1180 1279 1359 1312 pronuntiat:
1377 1289 1386 1305 ‹
1403 1279 1431 1307 Si
1447 1289 1512 1308 vero
1527 1282 1662 1309 ambulavi
1677 1290 1738 1310 cum
1750 1283 1798 1311 de-

1008 1323 1152 1355 risoribus,
1168 1327 1195 1350 et
1212 1324 1234 1350 si
1250 1323 1388 1352 festinavit
1401 1333 1447 1360 pes
1469 1334 1546 1354 meus
1559 1327 1593 1354 ad
1609 1327 1712 1358 dolum.
1730 1335 1798 1356 con-

1007 1368 1064 1395 stiti
1080 1369 1106 1396 in
1124 1373 1225 1397 statera
1243 1369 1328 1405 justa,
1344 1375 1371 1398 et
1387 1373 1463 1399 novit
1481 1372 1613 1401 Dominus
1635 1374 1798 1408 simplicita-

1007 1417 1060 1440 tem
1075 1422 1162 1441 meam
1173 1415 1206 1442 ⁷ο.
1227 1425 1236 1441 ι
1255 1415 1388 1448 Quoniam
1407 1424 1472 1444 vero
1488 1417 1571 1445 Mosis
1583 1418 1663 1446 verba
1677 1418 1721 1445 illa
1733 1418 1799 1454 legis

1008 1459 1067 1486 loco
1077 1466 1250 1495 proponunt:
1269 1471 1277 1486 ι
1295 1461 1354 1489 Non
1368 1462 1529 1491 adulterium
1543 1464 1756 1497 cummittef‘,»
1772 1469 1799 1492 et

1007 1509 1122 1533 mortem
1141 1510 1235 1534 contra
1254 1508 1392 1536 adulteros
1412 1517 1520 1544 pmnam
1548 1510 1735 1537 constituunt:
1751 1511 1798 1546 qui

1008 1555 1097 1579 autem
1114 1552 1246 1581 doctrinae
1269 1555 1434 1590 evangelica:
1446 1556 1532 1590 legem
1541 1555 1682 1590 describit,
1692 1557 1729 1583 ita
1740 1557 1796 1583 ait:

1011 1606 1021 1623 ι
1041 1595 1145 1624 Dictum
1157 1601 1198 1625 est
1210 1598 1330 1634 antiquis
1345 1609 1351 1626 :
1369 1598 1429 1626 Non
1450 1600 1651 1633 mmcliaberis;
1669 1608 1718 1634 ego
1734 1608 1798 1628 vero

289 1634 318 1680 δέ
331 1634 460 1689 γενοίμην
475 1634 521 1680 ἐπὶ
640 1634 732 1686 ’ὁπως
741 1634 770 1681 δὲ
788 1634 956 1686 καὶιτοῖςνοξ-

1011 1641 1073 1670 dico
1088 1643 1176 1675 vobis,
1198 1652 1232 1671 ne
1249 1644 1284 1672 ab
1307 1645 1385 1672 initio
1408 1645 1517 1680 quidem
1537 1648 1667 1682 cupere"
1684 1655 1690 1673 :
1713 1657 1722 1673 ι
1737 1655 1798 1682 spe-

163 1700 248 1735 κείοις
264 1700 458 1735 προσεφέρετο,
483 1700 576 1736 μαθεῖν
593 1700 677 1732 ἔστιν,
699 1700 746 1734 ἀφ’
766 1697 804 1728 ὧν
825 1700 956 1733 διδάσκει,

164 1747 285 1781 φάσκων·
305 1756 315 1772 ι
336 1747 367 1773 Εί
379 1746 407 1773 δὲ
424 1747 471 1773 καὶ
483 1746 616 1781 ἐφαύλισα
626 1746 713 1782 κρίμα
728 1746 894 1782 θεράποντάς
907 1755 956 1781 μου

163 1791 181 1827 ἥ
193 1791 369 1828 θεραπαίνης,
385 1791 551 1827 κρινομένων
562 1791 650 1818 αὐτῶν
665 1792 732 1827 πρὸς
745 1792 803 1827 ἐμέ·
819 1801 828 1817 ι
843 1791 889 1818 καὶ
906 1791 958 1818 πά-

163 1838 204 1870 λιν
213 1838 259 1866 τὸν
267 1838 396 1874 λογισμὸν
408 1837 563 1864 ἀποδίδωσι·
575 1847 584 1863 ‹
601 1837 633 1864 Τί
643 1837 697 1872 γὰρ
713 1838 825 1873 ποιήσω,
838 1838 884 1864 ἐὰν
894 1838 957 1865 ἔτα-

165 1885 206 1911 σίν
222 1893 272 1920 μου
280 1885 387 1919 ποιῆται
400 1885 414 1910 ὁ
425 1883 505 1916 Θεός;
523 1884 636 1919 πότερον
652 1884 699 1918 οὐχ
709 1883 747 1914 ὡς
760 1883 814 1918 ἐγὼ
825 1884 957 1919 ἐγενόμην

164 1932 193 1957 ἐν
201 1931 294 1966 σαρκὶ,
306 1929 392 1958 οὕτως
399 1930 519 1957 κάκεῖνοι
530 1929 659 1964 γεγόνασι
668 1937 674 1958 :
686 1929 837 1964 γεγόναμεν
846 1929 874 1956 δὲ
885 1930 913 1956 ἐν
922 1931 956 1965 τῇ

163 1977 232 2012 αὐτῇ
248 1976 346 2011 κοιλίᾳ.
366 1985 374 2001 ι
392 1975 503 2006 Τούτοις
516 1974 646 2009 ἐπιλέγει·
668 1984 677 1999 ι
696 1975 792 2009 Χήρας
805 1974 850 2000 τὸν
863 1974 958 2009 ὀφθαλ-

165 2023 214 2058 μὸν
228 2023 278 2049 οὐκ
293 2022 416 2057 ἐξέτηξα·
442 2022 466 2047 εἰ
491 2021 520 2047 δὲ
536 2022 582 2047 καὶ
603 2021 649 2047 τὸν
667 2020 762 2056 ψωμόν
784 2028 835 2055 μου
857 2020 957 2054 ἐιραγον

165 2069 255 2105 μόνος,
271 2069 317 2095 καλ¹
327 2069 387 2104 οὐχὶ
399 2067 510 2104 ὀρφανῷ
529 2067 667 2103 μετέδωκα
680 2067 710 2100 ἐξ
724 2067 816 2094 αὑτοῦ·
834 2068 858 2093 εἰ
872 2066 899 2093 δὲ
911 2067 957 2093 καὶ

163 2114 233 2142 εἶδον
253 2114 356 2150 γυμνὸν
373 2114 566 2149 ἀπολλύμενον,
591 2113 639 2140 καὶ
664 2114 713 2139 οὐκ
727 2112 858 2148 ἠμφίεσαι.
877 2121 886 2137 ι
902 2112 957 2138 Καὶ

163 2161 245 2188 πάλιν
261 2161 364 2193 ὑποϐὰς
379 2161 454 2195 λέγει
467 2169 500 2186 ’.ς
521 2161 553 2186 Et
569 2160 597 2186 δὲ
613 2160 660 2186 καὶ
676 2159 741 2194 λίθῳ
753 2157 893 2185 πολυτελεῖ
907 2159 956 2184 ἐπ-

164 2207 306 2242 εποίθησα·
324 2208 347 2233 εί
369 2207 397 2233 δὲ
416 2207 462 2233 καὶ
479 2205 638 2241 ηὐφράνθην
663 2204 760 2231 πολλοῦ
778 2204 892 2231 πλούτου
912 2212 966 2239 μοι.

163 2253 318 2288 γενομένου·
334 2254 357 2280 εἰ
370 2253 398 2280 δὲ
411 2253 457 2279 καὶ
479 2253 521 2278 ἐπ’
541 2251 734 2287 ἀναριθμήτοις
758 2250 859 2286 ἐθέμην
877 2250 957 2286 χεῖρά

166 2309 226 2335 μου.
245 2310 254 2325 ν
280 2300 336 2325 Καὶ
357 2299 401 2326 τὸν
425 2298 554 2333 λογισμὸν
572 2295 650 2328 αὖθις
667 2296 796 2330 ἐπιλέγω
817 2305 826 2322 ι
849 2296 884 2321 Ἦ
905 2296 955 2330 οὐχ
974 2308 994 2334 ο

162 2346 271 2383 ὁρῶμεν
289 2345 366 2381 ¹ἣλιον
380 2344 584 2379 ἐπιφαύσκοντα
598 2343 644 2369 καὶ
659 2342 829 2374 ἐκλείποντα,
848 2341 895 2367 καὶ
915 2350 956 2367 σε-

163 2390 246 2426 λήνην
268 2389 296 2416 δὲ
314 2389 478 2424 φθίνουσαν;
501 2398 509 2413 ι
528 2385 594 2414 Εἶτα
611 2386 693 2414 πάλιν
709 2387 758 2422 τῆς
776 2385 955 2421 εὐαγγελικῆς

163 2436 338 2467 διδασκαλίας
375 2435 512 2470 φησάσης,
541 2443 551 2460 ε
587 2433 701 2469 Ἐρρέθη
726 2434 783 2464 τοῖς
811 2432 954 2468 ἀρχαίοις·

169 2483 336 2518 ’Δγαπήσεις
346 2481 392 2508 τὸν
405 2481 517 2516 πλησίον
531 2489 588 2512 σου,
603 2480 651 2506 καὶ
665 2479 790 2514 μισήσεις
800 2478 845 2504 τὸν
860 2477 956 2513 ἐχθρόν

164 2538 221 2556 σου.
243 2527 315 2562 Ἐγὼ
334 2528 364 2554 δέ
389 2527 460 2562 λέγω
485 2528 557 2563 ὑμῖν·
588 2527 725 2560 Ἀγαπᾶτε
757 2525 819 2556 τοὺς
843 2523 956 2559 ἐχθροὺς

164 2573 251 2610 ὑμῶν,
271 2583 280 2599 ι
297 2573 429 2608 αὐτοφυεί
446 2572 604 2608 διδασκαλίᾳ
616 2570 759 2608 προλαϐὼν
774 2570 788 2596 ὁ
805 2569 954 2605 θαυμάσιος

163 2619 277 2657 τοῦργον
292 2620 462 2655 ἀπεπλήρου.
475 2619 521 2645 Διό
535 2627 626 2654 φησιν’
647 2628 655 2644 ε
676 2618 707 2644 Εἰ
717 2617 744 2643 δὲ
761 2617 808 2643 καὶ
819 2616 954 2652 ἐπιχαρὴς

164 2667 296 2703 ἐγενόμην
311 2667 358 2693 ἐπὶ
373 2666 500 2700 πτώματι
514 2664 611 2700 ἐχθροῦ
626 2673 686 2700 μου,
705 2663 752 2690 καὶ
768 2661 843 2690 εἶπεν
857 2663 873 2697 ὴ
885 2670 953 2696 καρ-

163 2714 205 2740 δία
218 2722 279 2749 μου,
297 2710 380 2747 Εὖγε,
400 2713 516 2748 ἤκουσεν
532 2711 586 2746 ἄρα
598 2710 628 2736 τὸ
645 2708 690 2741 οὖς
705 2718 754 2745 μου
768 2709 818 2744 τὴν
831 2707 953 2743 κατάραν

165 2768 241 2795 μου.»
256 2760 309 2787 Καὶ
322 2758 468 2792 ἐπιλέγει-ι
482 2756 591 2789 Ἔξωδὲ
603 2756 651 2781 οὐκ
664 2754 788 2790 ηὐλίζετο
803 2754 886 2787 ξένος,
899 2753 953 2788 ἠδὲ

163 2806 229 2843 Οὖρα
244 2815 294 2842 μου
310 2805 393 2833 παντὶ
406 2804 506 2831 ἐλθόντι
521 2803 651 2837 ἀνέῳκτο,
667 2811 676 2828 ›
694 2802 754 2828 ἐπεὶ
764 2801 800 2836 μὴ
812 2800 951 2834 ἀλλότριος

205 2887 227 2902 ⁸³
256 2885 310 2914 Job
338 2893 424 2916 nix,
453 2883 547 2910 11-16.
587 2881 609 2896 ⁶⁶
641 2880 720 2908 Rom.
743 2888 793 2911 xu,
826 2879 871 2906 15.
910 2879 932 2894 ⁸⁷

205 2930 281 2941 tua
322 2921 359 2941 9,3:
428 2919 449 2934 ἰο
469 2917 519 2941 .lnh
558 2925 633 2941 uxr.
654 2916 681 2941 ὓ.
711 2916 739 2941 7.
790 2916 810 2931 ⁷¹
834 2914 919 2941 Exod.
953 2923 957 2940 1

1008 2879 1053 2906 .th.
1077 2887 1103 2911 ν,
1137 2880 1171 2913 5;

1023 2915 1065 2941 14.
1120 2915 1171 2941 ⁷⁵,

834 2922 919 2942 ιιιοιι.
953 2923 1000 2945 XX,
1023 2922 1065 2942 14.

811 2950 919 2991 arma.
939 2950 1031 2977 ιιι-15.

161 2920 208 2948 Joh
230 2930 295 2950 nx.
322 2921 369 2948 25.
428 2919 449 2934 "°
469 2917 519 2945 Joh
558 2925 633 2945 xxxt.
654 2916 681 2947 ὓ,
711 2916 739 2942 7.

161 2957 182 2972 τι
199 2957 263 2985 Ibid.
284 2956 328 2986 te.
369 2955 393 2996 7f
410 2953 475 2981 Ibid.
498 2953 556 2981 7-8.
578 2952 617 2994 ..τι
637 2951 702 2993 Ibid.
724 2951 764 2979 ιδ.

1011 1694 1115 1719 ctemus
1135 1691 1220 1725 probe
1232 1691 1313 1723 hunc,
1331 1691 1364 1719 de
1380 1700 1435 1727 quo
1449 1700 1540 1720 sermo
1554 1697 1605 1725 est,
1619 1693 1798 1728 quemadmo-

1009 1735 1074 1762 dum
1095 1736 1244 1763 secundum
1260 1737 1363 1765 Christi
1379 1737 1553 1773 Evangelium
1570 1739 1674 1770 vivens.
1685 1747 1720 1766 ne
1736 1747 1798 1767 cum

1009 1781 1159 1816 cupiditate
1183 1782 1310 1810 licentius
1338 1785 1482 1818 aspiceret,
1501 1785 1582 1816 cavit,
1601 1785 1628 1811 in
1644 1792 1698 1820 quo
1716 1785 1799 1812 etiam

1009 1827 1189 1860 gloriabatur,
1208 1827 1304 1855 dicens
1320 1838 1325 1854 :
1342 1837 1350 1853 ι
1370 1828 1399 1855 Si
1409 1837 1476 1856 vero
1489 1830 1599 1856 oculum
1617 1834 1740 1857 secutum
1756 1835 1799 1859 est

1008 1880 1056 1900 cor
1071 1881 1160 1900 meum
1177 1873 1204 1901 in
1221 1874 1334 1902 muliere
1344 1875 1460 1905 alterius
1478 1876 1576 1903 viri”:
1596 1886 1605 1902 ι
1624 1881 1651 1904 et
1665 1877 1797 1905 rationem

1009 1919 1131 1954 assignat
1149 1919 1278 1956 deinceps
1301 1920 1453 1957 adjungens
1469 1931 1475 1949 ι
1495 1931 1504 1948 ‹
1523 1922 1638 1950 Animus
1658 1923 1729 1949 enim
1747 1924 1798 1951 viri

1008 1966 1159 1995 dissolutus
1187 1967 1221 1994 ad
1246 1967 1441 2002 inquinandam
1466 1968 1518 1995 viri
1543 1969 1705 2000 mulierem,
1727 1969 1799 2004 ignis

1008 2013 1080 2041 enim
1101 2017 1143 2041 est
1158 2014 1258 2041 ardens
1279 2015 1307 2043 in
1332 2014 1458 2042 omnibus
1487 2015 1612 2049 partibus
1641 2015 1686 2042 ’δι
1715 2016 1799 2050 quod-

1010 2067 1119 2094 cunque
1139 2063 1229 2087 autem
1249 2060 1389 2092 invaserit,
1405 2060 1538 2088 radicitus
1553 2061 1666 2096 perdere
1682 2068 1802 2090 consued

1009 2107 1062 2139 vit;
1077 2116 1086 2132 ι
1098 2105 1144 2133 sed
1153 2106 1234 2133 etiam
1243 2106 1416 2142 incorruptos
1425 2106 1568 2142 injudieiis
1580 2115 1669 2136 mores
1682 2108 1796 2141 inducit,

1007 2155 1048 2182 sic
1060 2165 1066 2183 :
1080 2165 1088 2181 ι
1109 2155 1138 2183 Si
1154 2160 1243 2184 autem
1256 2156 1381 2184 manibus
1397 2156 1463 2184 meis
1478 2156 1553 2190 attigi
1569 2162 1692 2186 munera,
1708 2162 1797 2182 seram

1008 2202 1083 2237 ipse.
1105 2207 1131 2230 et
1153 2203 1199 2230 alii
1219 2201 1414 2233 eomedant,et
1432 2202 1492 2230 sine
1513 2202 1600 2236 stirpe
1622 2201 1753 2228 exsistam
1770 2201 1798 2227 in

1008 2250 1081 2273 terra
1093 2246 1127 2273 ⁷⁸.
1145 2257 1154 2272 ι
1168 2246 1310 2280 Quomodo
1321 2251 1412 2274 autem
1424 2254 1453 2274 se
1463 2254 1526 2282 erga
1541 2246 1706 2273 domesticos
1720 2254 1798 2281 gere-

1008 2297 1049 2320 ret
1061 2300 1092 2320 ex
1105 2293 1138 2320 iis
1149 2293 1211 2321 licet
1223 2293 1322 2320 intueri
1334 2300 1394 2327 qua:
1407 2292 1496 2323 docet,
1511 2299 1573 2319 cum
1588 2292 1626 2318 ait
1643 2299 1650 2317 :
1664 2300 1673 2317 ι
1691 2290 1718 2318 Si
1730 2298 1797 2318 con-

1007 2339 1103 2374 tempsi
1123 2339 1215 2366 subire
1227 2339 1361 2374 judicium
1378 2345 1440 2365 cum
1463 2345 1541 2366 servo
1564 2345 1636 2368 meo.
1655 2341 1682 2365 et
1700 2337 1798 2365 ancilla

1009 2391 1080 2416 mea,
1097 2391 1158 2412 cum
1174 2384 1359 2419 disceptarent
1371 2384 1515 2411 adversum
1527 2384 1617 2411 me":
1629 2393 1638 2409 ›
1657 2387 1683 2410 et
1700 2382 1798 2410 deinde

1008 2431 1141 2458 rationem
1156 2431 1296 2466 assignat:
1315 2440 1325 2456 ι
1341 2431 1410 2464 Quid
1422 2431 1494 2458 enim
1503 2430 1612 2462 faciam,
1629 2430 1650 2457 si
1662 2429 1796 2464 judicium

1008 2482 1104 2505 contra
1121 2486 1165 2506 me
1181 2478 1334 2506 exercuerit
1346 2477 1436 2505 Deus?
1452 2477 1574 2512 nunquid
1592 2484 1648 2504 non
1665 2477 1798 2511 quemad-

1009 2524 1119 2551 modum
1137 2531 1187 2559 ego
1209 2524 1298 2551 factus
1315 2531 1376 2552 sum
1401 2524 1428 2550 in
1452 2530 1544 2555 carne,
1562 2525 1589 2550 et
1611 2522 1651 2549 sic
1675 2522 1713 2549 illi
1733 2521 1798 2549 t‘a‘eti

1009 2569 1093 2597 sunt?
1108 2569 1172 2596 facti
1191 2577 1273 2604 porro
1296 2577 1390 2597 sumus
1412 2569 1440 2596 in
1460 2568 1556 2596 eodem
1577 2573 1656 2596 utero
1669 2568 1703 2596 ".
1720 2577 1729 2595 ι
1749 2567 1798 2596 His

1007 2615 1131 2650 adiungit
1147 2623 1154 2641 :
1173 2625 1182 2641 ι
1202 2613 1296 2643 Vidua;
1317 2615 1426 2643 oculum
1448 2622 1502 2641 non
1518 2614 1669 2649 liquescere
1685 2613 1736 2642 feci
1751 2624 1757 2641 :
1774 2614 1798 2642 si

1007 2665 1097 2689 autem
1109 2665 1135 2689 et
1148 2661 1298 2688 buccellam
1314 2668 1400 2688 meam
1409 2660 1516 2688 comedi
1531 2660 1617 2693 solus,
1626 2664 1654 2687 et
1666 2667 1720 2687 non
1734 2666 1798 2686 cum

1007 2706 1110 2741 pupillo
1125 2706 1344 2734 communicavi:
1358 2710 1385 2734 et
1401 2706 1424 2734 si
1439 2706 1494 2734 vidi
1510 2707 1611 2733 nudum
1626 2709 1796 2741 pereuntem.

1007 2756 1034 2779 et
1050 2760 1103 2780 non
1117 2753 1256 2780 vestivi".
1279 2763 1287 2778 ι
1306 2752 1340 2779 Et
1360 2752 1490 2788 deinceps
1507 2759 1671 2788 progressus
1696 2751 1736 2779 sic
1753 2750 1796 2777 di-
1836 2786 1842 2796 ι

1005 2797 1063 2825 cit:
1081 2806 1091 2824 ‹
1111 2797 1140 2825 Si
1156 2806 1220 2826 vero
1236 2803 1263 2826 et
1284 2799 1311 2826 in
1323 2799 1412 2834 lapide
1426 2798 1546 2834 pretioso
1562 2798 1687 2825 ﬁduciam
1701 2796 1797 2837 habui,

1448 2880 1470 2895 ⁸⁸
1489 2878 1500 2906 Ι
1519 2879 1581 2906 Cor.
1604 2887 1659 2910 xu,
1690 2877 1735 2904 26.
1775 2878 1797 2894 "

1206 2880 1272 2907 Luc.
1294 2889 1333 2913 vr,
1362 2880 1408 2906 2|.

1494 2915 1526 2948 "_
1546 2914 1598 2942 Job
1626 2922 1700 2945 iam,
1720 2912 1795 2949 _7—9.

1120 2915 1143 2951 ’ξ
1169 2915 1262 2942 Matth.
1284 2925 1307 2950 ν,
1329 2915 1375 2949 27,
1395 2915 1448 2951 28..

1086 2950 1108 2966 ⁷⁸
1128 2950 1192 2977 ibid.
1216 2951 1305 2978 16—19.
