2053 3218
257 192 291 221 59
577 191 711 220 EL'SEBH
731 191 970 219 (IxESARlENSlS
987 191 1064 220 OPP.
1082 189 1173 219 PARS
1190 190 1221 218 ll.
1242 206 1276 210 —
1291 188 1540 216 APOLOGE’I'ICA.
1830 189 1866 218 60

255 250 323 278 riter
340 249 373 277 ad
398 257 492 277 omnes
517 254 610 285 gentes
630 249 699 278 Novi
723 249 889 277 Testamenti
911 249 1031 277 doctrina

1088 249 1259 285 προσάγουσα
1273 248 1335 278 τοὺς
1351 246 1509 282 προσιόντας
1523 247 1589 282 αὐτῇ
1603 247 1668 281 βίον.
1683 246 1783 274 Λύτίκα
1802 247 1868 282 γοῦν

255 295 432 333 perferretur,
451 300 507 322 tum
522 296 648 330 protinus
663 295 787 327 Romani,
802 303 864 322 cum
883 296 976 322 urbem
989 295 1037 322 ob-

255 341 362 370 sidione
384 341 544 372 cinxissent,
560 341 746 376 Hierosolyma
768 341 837 376 ipsa,
861 345 887 368 et
907 340 980 375 quod
1000 340 1036 367 ili

255 391 314 414 erat
331 386 460 420 templum
480 389 647 417 everterunt,
669 385 811 420 solutaque
833 390 875 412 est
892 385 1035 412 Confestim

254 431 344 459 omnis
361 431 443 458 Mosis
466 431 636 463 constitutio,
657 434 683 458 et
700 438 869 465 quaecunque
885 431 919 458 de
940 429 1036 458 Vetere

255 476 429 505 Testamento
451 478 639 508 servabantur,
657 478 762 504 sublata
783 481 856 504 sunt.
877 476 1034 504 Exsecratio

255 527 345 550 autem
357 524 389 550 ad
402 524 463 550 illos
479 524 561 557 venit,
579 523 641 558 quia
658 531 719 550 cum
733 530 763 549 ea
776 530 836 557 qua:
849 530 863 549 a
878 522 951 550 Mose
966 530 1035 557 pra:-

256 573 334 603 cepta
355 573 418 595 sunt
434 573 531 603 przeter
548 569 632 603 legem
651 568 740 595 facere
755 569 865 601 vellent,
879 569 905 595 in
922 576 980 595 eam
994 569 1035 603 ip.

256 621 313 640 sam
327 615 539 641 exsecrationem
555 615 580 640 vi
592 613 708 649 quadam
720 614 805 641 coacti
823 618 888 642 sunt
904 614 1034 642 recidere.

255 659 277 686 Ε
293 660 432 686 contrario
454 664 543 687 autem
565 660 647 687 simul
663 664 690 687 ct
708 660 802 687 eodem
826 663 947 695 tempore
965 661 1034 695 ejus,

255 713 314 740 qua:
330 706 357 732 in
368 705 442 732 Novo
453 705 627 740 perfectoque
640 705 815 733 Testamento
827 706 981 732 continetur
991 706 1038 733 do-

256 751 358 783 ctrinm,
385 757 412 778 et
435 752 517 786 leges,
543 756 570 778 ct
589 751 658 778 ritus
678 751 825 778 introducti
851 755 924 780 sunt.
947 751 1036 784 Quare

254 796 353 822 merito
369 795 494 823 Salvator
510 800 537 823 et
552 796 694 828 Dominus,
712 797 744 824 ad
768 805 816 824 eos
835 797 882 832 qui
905 797 1036 832 putabant

254 841 283 868 in
303 842 361 868 sola
381 841 544 874 Jerusalem,
579 846 626 869 aut
650 843 676 869 in
697 843 834 870 montibus
858 843 1034 877 quibusdam,

254 886 313 914 sive
325 887 408 914 certis
419 887 660 922 determinatisque
668 889 734 916 locis
742 888 825 916 Deum
837 889 943 915 adorari
955 896 1036 922 opor-

1086 295 1139 321 τῶν
1153 293 1294 329 μακαρίων
1315 291 1425 319 ἐκείνων
1448 292 1495 318 καὶ
1517 291 1656 326 θεοφιλῶν,
1672 291 1724 323 τῶν
1737 293 1807 328 ἀμψὶ
1821 293 1868 320 τὸν

1093 338 1216 375 ’Δὸραὰμ
1226 338 1305 372 λέγω,
1319 337 1368 363 οὐκ
1379 337 1574 372 ἀφωρισμένως
1588 336 1616 362 ἕν
1629 345 1681 364 τινι
1698 337 1773 372 τόπῳ
1784 346 1869 373 προσ-

1086 386 1252 419 κυνούντων,
1281 385 1341 412 οὐδὲ
1368 385 1411 411 διὰ
1434 385 1572 420 συμϐόλων
1594 385 1640 411 καὶ
1658 385 1762 417 τύπων,
1776 385 1834 412 ἀλλ’

1087 441 1167 467 φησιν
1193 433 1207 458 ὁ
1223 432 1314 467 Σωτὴρ
1339 431 1385 457 καὶ
1405 431 1505 466 Κύριος
1521 430 1610 466 ἡμῶν,
1626 431 1654 456 ὲν
1672 431 1805 466 πνεύματι
1820 431 1868 457 καὶ

1085 478 1209 513 ἀληθεία,
1223 477 1240 513 ἢ
1256 477 1301 503 διὰ
1324 477 1374 511 τῆς
1395 476 1441 503 τοῦ
1467 476 1590 511 Σωτῆρος
1608 475 1686 511 ἡμῶν
1707 476 1868 511 ἐπιφανείας

1086 523 1176 551 ἃπασι-
1185 525 1239 554 τοῖς
1255 523 1358 550 ἔθνεσιν
1376 522 1490 558 ὑπῆρξε,
1504 522 1558 548 τῶν
1573 522 1654 549 πάλαι
1662 523 1806 558 προφητῶν
1819 523 1868 550 καὶ

1085 569 1163 596 τοῦτο
1173 569 1388 605 τεθεωρηκότων.
1396 569 1475 602 Λέγει
1489 567 1510 594 δ’
1524 565 1570 594 οὖν
1582 567 1710 604 ἄντικρυς
1721 569 1848 603 Σοφονίας
1857 577 1864 584 ·
1885 581 1889 597 2

1088 624 1098 640 ι
1110 615 1318 650 Ἐπιφανήσεται
1329 615 1429 650 Κύριος
1440 615 1483 640 ἐπ’
1500 614 1607 646 αὐτοὺς,
1620 615 1667 640 καὶ
1683 614 1866 650 ἐξολοθρεύσει

1086 661 1188 692 πάντας
1203 661 1265 693 τοὺς
1277 660 1353 692 θεοὺς
1366 660 1421 686 τῶν
1438 659 1521 686 ἐθνῶν
1538 660 1586 694 τῆς
1606 660 1668 694 γῆς,
1684 661 1730 686 καὶ
1749 669 1867 696 προσκυ-

1086 708 1210 743 νήσουσιν
1227 707 1315 742 αὐτῷ,
1333 707 1445 738 ἕκαστος
1470 706 1502 732 ἐκ
1517 706 1564 732 τοῦ
1579 706 1660 732 τόπου
1684 706 1782 734 αὐτῶν.
1799 715 1810 733 ι
1835 707 1865 733 '0

1085 753 1113 779 δὶ
1132 753 1272 788 Μαλαχίας
1289 753 1355 788 ὁμοῦ
1379 753 1446 789 πρὸς
1466 753 1527 784 τοὺς
1545 754 1575 779 ἐκ
1593 753 1740 788 περιτομῆς
1757 753 1865 779 ἀποτεί-

1086 808 1168 831 νεται,
1180 799 1226 825 καὶ
1250 799 1314 834 περὶ
1330 798 1383 824 τῶν
1400 798 1482 825 ἐθνῶν
1497 798 1582 825 ταῦτα
1601 800 1795 834 προαναφωνεῖ,
1814 799 1867 832 φά-

1087 845 1246 872 σκωνιίοὺκ
1257 845 1313 870 ἔστι
1327 853 1376 880 μου
1389 844 1503 879 θέλημα,
1515 844 1591 878 λέγει
1601 843 1701 879 Κύριος
1715 844 1865 879 παντοκρά-

1086 900 1152 926 τωρ,
1179 892 1225 918 καὶ
1249 891 1342 922 θυσίας
1369 891 1399 916 οὐ
1423 889 1600 925 προσδέξομαι
1627 891 1658 916 ὲκ
1690 890 1743 916 τῶν
1767 889 1864 925 χειρῶν

253 936 322 964 tere,
343 933 382 960 sic
399 933 435 959 ait
451 941 457 958 :
477 942 486 958 ι
510 932 590 960 Venit
609 934 686 965 liora,
713 939 739 962 et
758 942 831 961 nunc
853 939 911 966 est,
927 934 1031 969 quando

1087 937 1172 972 ὑμῶν,
1188 937 1254 963 διότι
1278 937 1325 963 ἀπ’
1345 936 1487 971 ἀνατολῆς,
1519 937 1565 962 καὶ
1587 936 1667 971 μέχρι
1683 936 1812 970 δυσμῶν,
1833 935 1864 961 τὸ

254 977 310 1005 veri
325 977 484 1005 adoratores
501 978 653 1006 adorabunt
668 979 786 1011 Patrem.
803 987 889 1014 neque
903 979 930 1006 in
945 983 1036 1007 monte

255 1024 325 1054 boc,
344 1032 430 1059 neque
446 1025 474 1051 in
489 1024 649 1053 Jerusalem.
668 1024 785 1060 Spiritus
807 1026 878 1052 enim
898 1024 979 1057 Deus,
1008 1029 1035 1052 et

254 1069 342 1104 ipsum
358 1070 513 1103 adorantes,
529 1071 556 1097 in
572 1071 670 1106 spiritu
684 1075 711 1098 et
728 1072 841 1100 veritate
851 1077 958 1107 oportet
969 1072 1034 1099 ado-

251 1123 313 1142 rare
322 1116 355 1143 ⁸⁷.
377 1126 385 1142 ι
400 1115 505 1148 Quibus
523 1118 604 1146 rebus
621 1118 657 1144 ita
672 1118 706 1145 ab
725 1119 771 1146 illo
786 1118 932 1153 praedictis,
946 1119 1034 1146 conti-

251 1166 307 1186 nuo
320 1167 368 1186 nec
379 1160 458 1196 longo
473 1165 533 1196 post
545 1166 675 1198 tempore,
687 1162 879 1199 Hierosolymis
892 1164 1033 1192 obsidione

251 1207 402 1241 oppressis,
417 1211 444 1234 et
461 1208 521 1242 ejus
536 1209 586 1235 loci
612 1209 805 1241 sanctiﬁcatio,
819 1213 846 1237 ct
858 1210 890 1237 ad
908 1211 1032 1238 eumdem

251 1259 328 1279 usum
347 1257 533 1281 constructum
552 1255 645 1287 altare,
657 1259 684 1282 et
701 1255 834 1286 adoratio,
847 1263 907 1290 qua:
931 1264 945 1282 ιι
960 1256 1033 1284 Mose

251 1297 351 1325 tradita
373 1298 470 1331 fuerat,
493 1300 600 1327 sublata
618 1308 766 1336 eversaque
787 1306 860 1328 sunt.
880 1301 1032 1337 Eodemque

250 1347 373 1380 tempore
385 1346 412 1372 in
424 1353 518 1373 omnes
531 1346 655 1374 homines
666 1347 800 1381 patefacta
813 1351 866 1378 est,
883 1351 911 1374 et
922 1349 1033 1375 emicuit

250 1396 294 1422 ea,
311 1397 372 1425 qum
384 1395 446 1418 ante
468 1391 568 1419 Moscm
586 1392 654 1420 viris
674 1393 776 1420 sanctis
795 1400 809 1419 a
828 1394 960 1429 principio
972 1394 1031 1420 data

251 1434 351 1468 fuerat,
370 1436 456 1471 pictas
478 1441 505 1464 et
528 1438 631 1472 religio,
653 1442 680 1465 ct
703 1447 762 1473 qum
783 1447 831 1473 per
852 1439 924 1465 illam
944 1441 1032 1466 omni-

250 1480 303 1508 bus
325 1482 451 1517 gentibus
475 1483 608 1517 promissa
633 1484 720 1511 fuel-at
742 1484 904 1519 benedictio,
926 1494 986 1520 qua:
1015 1494 1031 1512 a

250 1527 340 1561 primo
356 1535 487 1555 ascensus
500 1528 597 1563 gradu,
612 1533 639 1556 ct
651 1537 666 1556 a
685 1529 779 1564 [nimis
797 1530 851 1557 illis
865 1531 1031 1558 adorationis

252 1573 305 1608 19
322 1573 445 1601 Mosaicte
468 1574 618 1608 elementis,
638 1583 696 1606 eos,
724 1576 770 1610 qui
786 1576 818 1602 ad
832 1584 861 1603 se
884 1577 1028 1610 accedunt,

250 1618 284 1645 ad
303 1619 440 1646 meliorem
454 1619 698 1656 perfectiorcmqnc
718 1623 800 1649 vitam
821 1622 941 1650 adducit.
975 1623 1030 1649 Ita-

249 1672 303 1699 que
316 1665 439 1700 protinus
454 1666 564 1701 quando
580 1667 674 1694 beatas
699 1667 770 1699 illos,
803 1667 910 1703 Dcoque
928 1669 1031 1696 amicos

249 1711 334 1742 viros,
350 1719 397 1739 eos
409 1711 470 1739 dico
483 1712 529 1747 qui
554 1712 708 1740 Abrahamo
735 1714 836 1742 similes
857 1715 1030 1749 chtiterunt,

248 1764 304 1784 non
317 1757 345 1784 in
361 1758 452 1793 aliquo
465 1762 540 1785 certo
559 1758 792 1794 dcterminatoque
820 1761 879 1788 loco
901 1761 1031 1789 adorasse

247 1807 368 1835 constat,
390 1812 477 1839 neque
499 1805 551 1832 sub
574 1805 637 1833 ullis
667 1805 753 1840 signis
779 1810 825 1834 aut
854 1806 957 1841 ﬁguris,
983 1807 1029 1834 sed

248 1850 386 1884 quomodo
401 1849 524 1878 Salvalor
535 1854 628 1879 noster
645 1855 671 1878 et
681 1851 812 1879 Dominus
826 1857 915 1884 uocet,
931 1853 957 1878 in
975 1853 1031 1887 spi-

247 1897 304 1923 ritu
319 1899 346 1923 et
365 1896 490 1928 veritate,
506 1897 599 1924 eadem
615 1897 747 1924 adorandi
761 1898 831 1924 ratio
848 1906 896 1933 per
908 1898 1030 1933 ejusdem

248 1942 400 1970 Salvatoris
411 1943 498 1970 nostri
517 1943 661 1970 adventum
677 1943 804 1971 omnibus
824 1945 948 1979 gentibus
965 1945 1031 1972 insi-

248 1992 333 2016 nuata
349 1993 400 2016 est.
415 1988 491 2021 Quod
504 1988 613 2023 quidem
630 1989 761 2020 futurum,
785 1989 865 2017 etiam
892 1991 1031 2026 propheta:

247 2038 354 2063 veteres
371 2039 446 2062 tanto
460 2039 522 2062 ante
536 2040 727 2070 cognoverant.
747 2035 814 2064 Dicit
846 2036 936 2072 itaque
952 2038 1030 2072 plane

249 2079 403 2115 Sophonias
419 2088 425 2105 :
445 2089 454 2106 ι
470 2081 617 2115 Apparebit
626 2080 755 2109 Dominus
769 2089 850 2117 super
861 2089 918 2114 eos,
931 2086 957 2109 et
970 2090 1031 2117 pcr-

248 2124 295 2152 det
307 2132 402 2152 omnes
416 2125 481 2152 deos
496 2126 618 2160 gentium
637 2131 727 2159 terrm,
743 2132 769 2155 et
785 2128 938 2155 adorabunt
968 2136 1029 2157 eum

247 2170 437 2205 unusquisque
447 2171 480 2198 de
499 2172 558 2199 loco
571 2179 620 2199 suo
635 2172 667 2199 ⁸⁸.
692 2183 701 2199 ι
719 2173 868 2201 Malachias
883 2179 973 2201 autem
994 2174 1031 2200 si-

247 2215 317 2247 mul,
333 2221 359 2243 et
370 2217 402 2244 ad
414 2225 461 2246 eos
476 2218 522 2252 qui
546 2226 579 2245 ex
597 2220 806 2246 circumcisione
822 2225 894 2252 sunt,
928 2227 1031 2247 sermo-

247 2269 310 2290 nem
323 2263 424 2298 dirigit,
434 2265 505 2292 etde
516 2265 642 2300 gentibus
655 2266 718 2292 talia
736 2266 856 2299 praedicit
869 2275 876 2292 :
888 2274 897 2290 ι
917 2265 975 2292 Non
991 2271 1032 2293 est

246 2309 373 2337 voluntas
393 2317 463 2343 mea,
489 2310 553 2337 dicit
581 2310 711 2338 Dominus
739 2312 921 2347 omnipotens,
936 2316 962 2340 et
986 2321 1030 2342 sa-

247 2355 380 2382 criﬁcium
391 2363 444 2382 non
461 2357 607 2391 suscipiam
623 2357 656 2384 dc
673 2358 799 2386 manibus
828 2359 937 2390 vestris,
963 2367 1030 2394 quo-

247 2401 321 2428 niam
338 2402 372 2428 ab
386 2405 448 2428 ortu
461 2410 547 2437 usque
562 2403 595 2429 ad
609 2411 736 2430 occasum
753 2411 851 2431 nomen
867 2412 956 2440 meum
971 2406 1029 2440 glo-

247 2447 383 2475 riﬁcatum
410 2452 450 2475 cst
480 2448 508 2475 in
538 2449 675 2483 gentibus,
702 2453 729 2476 et
757 2450 783 2476 in
805 2450 878 2477 omni
892 2439 1031 2478 'locoiin-

247 2501 360 2522 censum
375 2494 486 2522 oll‘ertur
497 2495 600 2522 nomini
614 2504 683 2528 meo,
712 2500 738 2523 et
761 2497 924 2524 sacrificium
949 2504 1028 2524 mun-

248 2540 312 2567 dum
322 2541 354 2567 ".
372 2550 381 2566 ι
398 2541 475 2574 Quod
493 2542 564 2569 enim
582 2542 608 2568 in
621 2542 694 2568 omni
707 2542 766 2568 loco
783 2542 860 2573 dicit.
886 2543 1026 2570 incensum

247 2588 276 2612 et
300 2585 462 2613 sacriﬁcium
486 2587 577 2615 oﬁ‘erri
607 2587 671 2619 Deo,
697 2588 761 2622 quid
784 2588 856 2615 aliud
882 2589 1026 2624 signiﬁcat,

247 2631 301 2658 nisi
320 2640 329 2657 ι
350 2639 405 2658 non
419 2632 613 2669 Hierosolymis
625 2634 658 2667 ⁸ο,
675 2644 683 2659 ι
702 2642 788 2669 neque
811 2635 920 2663 deﬁnite
935 2635 962 2662 in
977 2635 1028 2663 boc

247 2681 296 2704 aut
311 2677 338 2704 in
352 2678 398 2705 illo
414 2679 473 2705 loco
487 2680 511 2706 id
528 2680 667 2707 futurum?
684 2681 730 2708 sed
748 2681 775 2707 in
788 2682 860 2710 omni
878 2682 986 2716 regione
1002 2685 1029 2708 ct

248 2723 277 2751 in
296 2724 422 2752 omnibus
436 2726 573 2759 gentibus.
593 2734 653 2762 qua:
668 2727 775 2762 quidem
791 2731 818 2755 et
837 2727 968 2755 orationis
988 2728 1029 2754 in-

248 2775 359 2796 censum
373 2773 399 2797 et
415 2771 589 2802 sacriﬁcium,
607 2773 679 2807 quod
703 2773 833 2800 mundum
856 2773 958 2800 dictum
975 2777 1027 2804 est.

248 2822 302 2842 non
323 2823 369 2849 per
385 2823 508 2846 cru0roo.
536 2817 583 2844 sed
608 2826 656 2852 per
689 2819 747 2853 pias
771 2819 901 2850 actiones,
922 2826 1029 2845 summo

281 2862 301 2876 ⁸⁷
317 2861 396 2888 Joan.
418 2869 455 2893 Iv.
471 2863 564 2889 i534.
598 2863 620 2879 δ’·
638 2863 760 2898 Sophon.
780 2873 809 2896 ιι,
830 2865 870 2891 Η.

282 2907 365 2944 (3"")
381 2909 458 2936 οὐδ’.
474 2909 552 2938 Forte
569 2910 628 2939 οὐκ.
645 2909 722 2938 Ean.

910 2866 930 2880 "
944 2864 1058 2891 Malacll.
1077 2871 1095 2895 t,
1113 2862 1204 2895 ωλι.

1086 983 1171 1018 ὁνομά
1198 991 1246 1018 μου
1269 981 1420 1014 δεδόξασται
1433 983 1461 1008 ὲν
1474 984 1529 1014 τοῖς
1551 982 1649 1014 ἔθνεσι,
1672 983 1718 1008 καὶ
1735 983 1764 1008 ὲν
1783 983 1864 1009 παντὶ

1085 1029 1160 1063 τόπῳ
1173 1029 1297 1063 θυμίαμα
1313 1028 1477 1063 προσάγεται
1489 1028 1527 1062 τῷ
1549 1028 1659 1062 ὀνόματί
1674 1036 1734 1063 μου,
1759 1028 1803 1054 καί
1817 1028 1864 1054 θυ-

1086 1077 1130 1103 σία
1147 1075 1262 1111 καθαρά.
1283 1085 1292 1100 ι
1315 1075 1351 1101 Τὸ
1366 1075 1420 1110 γὰρ
1433 1075 1460 1100 ἐν
1474 1075 1552 1100 παντὶ
1574 1074 1648 1109 τόπῳ
1674 1074 1796 1109 θυμίαμα
1817 1075 1864 1101 καὶ

1085 1121 1178 1148 θυσίαν
1197 1121 1377 1156 ἀναφέρεσθαι
1402 1120 1470 1155 Θεῷ,
1488 1120 1514 1146 τί
1541 1120 1631 1155 ἕτερον
1651 1120 1822 1156 παρίστησιν,
1845 1121 1862 1156 ἢ

1083 1168 1123 1194 ὅτι
1139 1168 1175 1203 μὴ
1196 1169 1224 1194 ἐν
1251 1167 1454 1202 Ἱεροσολύμοις,
1471 1167 1530 1202 μηδ’
1545 1167 1740 1201 ἀσωρισμένως
1766 1168 1794 1193 ἐν
1811 1166 1865 1202 τῷ·

1083 1214 1111 1239 δε
1137 1213 1176 1248 τῷ
1197 1213 1280 1248 τόπῳ,
1297 1213 1326 1238 ὲν
1354 1213 1428 1248 πάσῃ
1444 1212 1471 1239 δὲ
1498 1212 1582 1248 χώρᾳ,
1611 1214 1656 1239 καὶ
1677 1214 1705 1238 ὲν
1723 1214 1790 1239 πᾶσι
1805 1214 1862 1245 τοῖς

1083 1260 1181 1290 ἔθνεσι,
1196 1259 1319 1295 μέλλουσι
1333 1259 1364 1285 τὸ
1377 1259 1410 1285 δι’
1427 1259 1513 1293 εὐχῶν
1523 1259 1655 1294 θυμίαμα,
1667 1259 1713 1285 καὶ
1723 1258 1770 1294 τὴν
1785 1260 1815 1285 οὐ
1828 1259 1861 1286 δι’

1083 1307 1215 1341 αἱμάτων,
1234 1306 1301 1332 ἀλλὰ
1319 1306 1352 1333 δι’
1370 1306 1455 1340 ἔργων
1475 1304 1593 1331 εὐσεϐῶν
1610 1305 1731 1340 καθαρὰν
1755 1305 1862 1340 ὠνομα-

1084 1351 1184 1387 σμένην
1206 1351 1299 1378 θυσίαν
1325 1351 1364 1386 τῷ
1381 1351 1425 1377 ἐπὶ
1443 1352 1522 1377 πᾶσιν
1544 1351 1688 1386 ἀναφέρειν
1713 1351 1787 1386 Θεῷς
1807 1352 1862 1387 Βοᾷ

1082 1397 1110 1423 δὲ
1131 1397 1286 1434 διαρρήδην,
1311 1398 1356 1424 καὶ
1377 1398 1511 1433 κέκραγεν
1538 1399 1552 1424 ὁ
1579 1397 1702 1429 Ἡσαΐας,
1727 1398 1860 1430 θεσπίζων

1083 1443 1139 1478 ἅμα
1155 1444 1201 1470 καὶ
1213 1443 1312 1477 λέγων·
1331 1453 1339 1468 ι
1361 1444 1456 1469 Ἐσται
1473 1443 1660 1478 θυσιαστήριον
1671 1443 1709 1478 τῷ
1723 1443 1816 1478 Κυρίῳ
1831 1444 1860 1470 ἐν

1082 1488 1158 1525 χώρᾳ
1173 1489 1319 1524 Αἰγύπτου,
1335 1490 1381 1516 καὶ
1403 1489 1520 1523 γνωστὸς
1538 1489 1612 1516 ἔσται
1629 1490 1728 1525 Κύριος
1739 1491 1794 1521 τοῖς
1808 1490 1858 1516 Al-

1081 1534 1215 1568 γυπτίοις,
1231 1534 1277 1561 καὶ
1304 1535 1446 1561 ἀποστελεῖ
1462 1535 1551 1566 αὐτοῖς
1576 1534 1715 1570 ἄνθρωπον
1733 1535 1762 1566 ὃς
1779 1534 1860 1562 σώσει

1081 1580 1188 1611 αὐτοὺς,
1213 1581 1258 1606 καὶ
1282 1579 1430 1614 γνώσονται
1453 1581 1477 1606 οί
1501 1580 1641 1614 Αἰγύπτιοι
1654 1580 1699 1606 τὸν
1716 1580 1816 1616 Κύριον
1832 1582 1861 1608 ὲν

1080 1628 1114 1662 τῇ
1128 1626 1219 1662 ἡμέρᾳ
1232 1627 1332 1662 ἐκείνῃ,
1351 1626 1397 1652 καὶ
1411 1626 1550 1661 ποιήσουσι
1568 1625 1670 1659 θυσίας,
1682 1626 1727 1652 καὶ
1739 1625 1860 1658 εὔξονται

1081 1679 1163 1715 εὐχὰς
1174 1679 1212 1714 τῷ
1234 1679 1337 1714 Κυρίῳ,
1366 1679 1412 1705 καὶ
1435 1678 1612 1705 ἀποδώσουσι.
1627 1678 1672 1705 καὶ
1695 1679 1861 1713 ἐπιστραφή-

1081 1734 1172 1752 σονται
1195 1726 1261 1762 πρὸς
1283 1725 1394 1761 Κύριον,
1421 1725 1468 1751 καὶ
1495 1725 1682 1751 είσακούσεται
1702 1725 1800 1755 αὐτῶν,
1815 1725 1862 1751 καὶ

1083 1772 1185 1798 ἰάσεται
1216 1771 1322 1802 αὐτούς.
1343 1781 1351 1796 ι
1366 1769 1438 1806 7Δρά
1458 1779 1498 1796 σοι
1514 1770 1643 1805 δοκοῦμεν
1666 1769 1750 1804 ἀληθῆ
1773 1769 1861 1803 λέγειν

1083 1816 1225 1852 μετάθεσιν
1240 1816 1286 1842 τοῦ
1298 1816 1417 1847 Μωσέως
1430 1815 1521 1850 νόμου,
1551 1815 1648 1850 μᾶλλον
1659 1814 1686 1840 δὲ
1701 1813 1804 1840 παῦλαν
1815 1815 1861 1840 καὶ¹

1081 1862 1155 1888 λύσιν
1167 1862 1313 1897 φάσκοντες
1329 1861 1373 1888 διὰ
1392 1861 1445 1887 τῶν
1461 1861 1634 1896 προφητικῶν
1657 1861 1752 1895 φωνῶν
1767 1859 1861 1886 θεσπί-

1081 1909 1188 1941 ζεσθαι;
1202 1909 1232 1934 ’0
1249 1909 1296 1944 μέν
1303 1917 1334 1943 γε
1341 1909 1441 1943 Μωσῆς
1450 1907 1637 1942 θυσιαστήριον
1646 1907 1692 1932 καὶ
1701 1906 1795 1937 θυσίας
1805 1905 1858 1932 οὐδ’

1084 1955 1165 1989 (5⁸⁵³⁸)
1188 1954 1318 1989 ἀλλαχόσε
1327 1954 1377 1989 γῆς
1391 1954 1407 1988 ἣ
1421 1955 1449 1980 ἐν
1460 1953 1564 1988 μύνῃτῇ
1573 1952 1696 1987 Ἰουδαίᾳ,
1707 1952 1753 1978 καὶ
1760 1951 1861 1986 ταύτης

1081 2001 1109 2026 ἐν
1121 2001 1170 2036 μιᾷ
1187 2000 1260 2026 πόλει
1274 1999 1457 2034 συστήσασθαι
1471 1999 1625 2033 νομοθετεῖ·
1641 1999 1657 2033 ἡ
1670 1998 1697 2024 δὲ
1710 1997 1862 2032 προφητεία

1081 2047 1110 2072 ὲν
1128 2045 1204 2082 χώρα,
1230 2046 1311 2080 φησὶν
1334 2045 1470 2078 Αίγύπτου
1492 2043 1530 2079 τῷ
1556 2044 1650 2079 Κυρίῳ
1673 2044 1861 2079 θυσιαστήριον

1082 2090 1279 2127 ίδρυθήσεσθαι,
1294 2090 1340 2117 καὶ
1351 2091 1413 2119 τοὺς
1427 2090 1590 2124 Αἰγυπτίους
1602 2090 1700 2121 αὐτοὺς
1715 2090 1754 2124 τῷ
1768 2089 1862 2124 Κυρίῳ

1080 2141 1134 2168 τῶν
1150 2141 1304 2177 προφητῶν,
1320 2140 1376 2166 ἀλλ’
1388 2140 1477 2167 οὐκέτι
1493 2141 1549 2171 τοῖς
1562 2139 1697 2175 πατρῴοις
1712 2140 1782 2171 θεοῖς
1797 2139 1862 2166 καλ-

1080 2191 1213 2227 λιερήσειν
1225 2189 1272 2220 τὰς
1288 2189 1392 2220 θυσίας,
1409 2188 1455 2214 καὶ
1469 2187 1518 2224 τῆς
1532 2187 1692 2222 θεογνωσίας
1707 2187 1737 2212 οὐ
1761 2186 1862 2213 Μωσέα

1082 2236 1176 2266 αἴτιον,
1191 2235 1244 2262 οὐδ’
1257 2235 1348 2270 ἕτερον
1360 2234 1413 2261 τῶν
1424 2233 1569 2269 προφητῶν
1583 2234 1673 2263 αὐτοῖς
1690 2231 1860 2267 γενήσεσθαι,

1082 2281 1149 2308 ἀλλά
1162 2289 1222 2308 τινα
1238 2281 1327 2307 καινὸν
1340 2281 1386 2307 καὶ
1397 2282 1456 2307 νὲον
1471 2280 1610 2315 ἄνθρωπον
1625 2278 1715 2303 θεόθεν
1728 2277 1861 2303 ἀπεσταλ-

1083 2331 1172 2366 μένον.
1198 2330 1414 2366 Μετατιθεμὲνου
1423 2330 1451 2356 δὲ
1466 2329 1511 2356 τοῦ
1529 2328 1718 2362 θυσιαστηρίου
1735 2326 1808 2362 παρὰ
1825 2327 1860 2353 τὰ

1081 2375 1123 2410 τῷ
1138 2377 1231 2402 Μωσεῖ
1241 2375 1380 2407 δοκοῦντα,
1407 2374 1512 2408 ἀνάγκη
1536 2374 1609 2398 πᾶσα
1622 2373 1667 2398 καὶ
1679 2371 1725 2398 τοῦ
1738 2371 1859 2404 Μωσέως

1081 2423 1163 2457 νόμου
1180 2421 1327 2456 μεταϐολὴν
1337 2420 1471 2455 γενέσθαι.
1482 2418 1547 2445 Εἶτα
1559 2418 1586 2444 δὲ
1596 2418 1705 2449 θύοντες
1719 2417 1859 2451 Αἰγύπτιοι

1081 2468 1119 2503 τῷ
1140 2468 1184 2494 ἐπὶ
1211 2467 1319 2494 πάντων
1341 2466 1416 2501 Θεῷ,
1436 2465 1541 2495 πάντως
1561 2472 1610 2490 που
1635 2464 1681 2490 κα)⁴
1713 2463 1861 2499 ἱερωσύνης

1076 2513 1281 2548 ἀξιωθήσονται,
1299 2511 1463 2547 Ὶερωμένων
1488 2510 1554 2544 δῆτα
1573 2510 1726 2544 Αἰγυπτίων
1745 2510 1777 2536 τὰ
1796 2510 1860 2545 περὶ

1076 2564 1194 2590 Λευῖτῶν
1211 2564 1257 2590 καὶ
1282 2563 1336 2589 τῶν
1364 2563 1395 2588 ὲκ
1414 2561 1536 2596 διαδοχῆς
1560 2560 1660 2596 Ἀαρὼν
1680 2562 1790 2587 Morbi
1803 2561 1859 2587 δια-

1075 2614 1237 2648 τεταγμένα,
1246 2613 1333 2646 οὐκὲτῖ
1341 2612 1372 2639 ἂν
1382 2612 1485 2645 γένοιτο
1493 2613 1547 2642 τοῖς
1558 2611 1715 2645 Αἰγυπτίοις
1727 2611 1856 2646 χρήσιμα.

1077 2669 1148 2703 Ὥρα
1167 2667 1198 2702 δὴ
1216 2665 1262 2693 οὖν
1276 2665 1371 2699 καινῆς
1384 2665 1542 2700 νομοθεσίας
1554 2666 1608 2692 δεῖν
1621 2667 1659 2697 είς
1674 2666 1721 2701 τὴν
1739 2664 1792 2691 τῶν
1812 2665 1859 2701 δη-

1079 2713 1214 2748 λουμένων
1239 2711 1375 2737 σύστασιν.
1395 2711 1427 2737 Τί
1441 2711 1468 2738 δὲ
1494 2710 1563 2747 ἆρα;
1586 2713 1644 2746 εἰκῇ
1669 2711 1743 2738 ταῦτ’
1758 2712 1859 2738 ἀναπε-

1080 2764 1217 2799 ῳώνηται;
1233 2763 1307 2797 ἦκα).
1322 2762 1397 2795 τέλος
1414 2764 1590 2799 ἐπενήνεκται
1604 2765 1659 2795 τοῖς
1676 2763 1778 2797 λόγοις;
1791 2764 1858 2791 Σκέ-

1078 2817 1126 2852 ψαι
1141 2817 1163 2843 δ’
1174 2814 1219 2843 οὖν
1236 2816 1260 2842 εί
1275 2815 1311 2850 μὴ
1327 2816 1454 2851 σήμερον.
1468 2817 1538 2851 λέγω
1549 2816 1579 2852 δὴ
1592 2817 1650 2843 καθ’
1665 2817 1736 2851 ἡμᾶς
1748 2816 1856 2850 αὐτοὺς,

1243 2862 1266 2878 ⁰⁰
1280 2861 1361 2892 Joan,
1377 2871 1413 2896 Iv,
1429 2863 1474 2890 2|.
