2053 3218
164 194 199 224 Μ
627 192 955 223 DEMONSTRATIONIS
968 193 1198 223 EVANGELICA‘Z
1219 194 1284 222 LIB.
1304 193 1324 222 Ι.
1750 197 1786 224 62

164 255 309 291 ὀφθαλμοῖς
327 254 365 289 (4)
388 254 502 290 ὁρῶνται
515 253 545 280 οὗ
560 253 639 289 μόνον
655 255 808 289 Αἰγύπτιοι,
819 254 888 281 ἀλλὰ
902 254 951 281 καὶ

1012 253 1057 282 )eo
1074 258 1166 282 essent
1177 253 1328 282 oblatum?
1342 253 1460 283 Clamat
1473 257 1563 282 autem
1587 254 1677 290 palam
1695 258 1723 281 et
1737 262 1787 281 vo-

165 301 217 328 πᾶν
227 300 303 335 γένος
316 298 372 326 τῶν
387 299 450 335 πρὶν
472 298 671 336 εἰδωλολατριῖΝ
698 298 858 335 ἀνθρώπων,
871 298 917 330 οὒς
931 299 950 334 ή

163 347 316 383 πρόρρησις
332 345 376 372 διὰ
386 345 440 372 τῶν
451 345 607 378 Αἰγυπτίων
622 346 753 381 ᾐνίττετο,
771 345 820 380 τῆς
836 345 884 380 μὲν
901 353 950 371 πο-

163 393 258 419 λυθέου
272 392 320 418 καὶ
328 392 488 427 δαιμονικῆς
502 392 711 428 ἀπηλλαγμένον
729 392 843 427 πλάνης,
859 392 905 418 τὸν
923 392 951 418 δὲ

163 439 217 466 τῶν
231 438 377 475 προφητῶν
391 438 457 465 Θεὸν
474 438 700 473 ἀνακαλούμενον.
720 438 774 464 Καὶ
791 437 912 473 εὖχονται
924 438 952 464 δὲ

164 486 254 514 οὐκέτι
265 485 370 511 πλείοσι
389 485 505 520 κυρίοις,
530 485 570 511 ἐνὶ
582 485 609 511 δὲ
625 484 663 520 τῷ
680 484 753 519 μόνῳ
772 484 867 520 Κυρίῳ
882 484 953 510 κατὰ

165 531 196 559 τδ
226 532 296 566 ἱερὸν
320 530 420 565 λόγιον,
441 530 487 557 καὶ
513 530 600 566 τούτῳ
619 530 810 565 θυσιαστήριον
831 530 952 564 ἀναίμων

166 579 214 606 καὶ
230 576 345 611 λογικῶν
372 576 481 608 θυσιῶν,
498 576 568 603 κατὰ
595 577 628 603 τὰ
651 576 730 603 καινὰ
750 577 885 612 μυστήρια
903 577 952 612 τῆς

165 623 228 654 νέας
244 622 290 649 καὶ
305 622 403 657 καινῆς
414 621 561 657 Διαθήκης,
577 620 637 647 καθ’
651 621 714 656 ὅλης
730 622 779 656 τῆς
803 620 952 657 ἀνθρώπων

165 668 326 704 οἰκουμένης
350 668 541 703 ἀνεγήγερται,
557 668 584 693 ὲν
610 667 678 702 αὐτῇ
697 676 727 694 τε
744 667 884 703 Αἰγύπτῳ,
907 667 953 694 καὶ

164 715 220 746 τοῖς
229 713 331 745 λοιποῖς
346 713 432 740 ἔθνεσι
454 712 499 739 τὸν
525 712 626 748 τρόπον
649 711 863 747 Αἰγυπτιάζουσι
883 713 953 740 κατὰ

165 760 215 796 τὴν
230 759 414 794 δεισιδαίμονα
434 758 537 793 πλάνην
547 767 553 773 ·
569 758 616 785 νῦν
639 758 699 785 καθ’
716 759 789 794 ἡμᾶς
804 759 819 794 ἠ
832 758 878 785 τοῦ
900 758 953 784 τῶν

165 807 232 834 ὅλων
244 806 311 834 Θεοῦ
328 805 427 840 γνῶσις
437 805 636 840 διαλάμπουσα,
658 805 707 841 τὴν
722 806 813 832 πίστιν
837 804 955 840 ἀναμφί-

165 853 261 880 λεκτον
282 851 336 879 τῶν
350 851 604 888 προθεσπισθὲντων
614 850 850 887 ἐπισφραγίζεται.
864 850 955 876 Ταῦτα

165 899 195 925 δὲ
209 899 298 934 ἔργοις
315 897 509 933 ἐπιτελούμενα
524 897 603 933 ὁρῶν,
619 897 676 923 ἀλλ’
689 896 778 923 οὐκέτ’
790 897 858 931 ἁκοῇ
872 905 955 931 προσ-

165 945 316 981 δοκώμενα,
333 945 378 972 τὸν
399 945 501 980 καιρὸν,
521 944 618 971 ὁπόθεν
637 944 686 980 τὴν
702 945 789 980 ἀρχὴν
808 944 862 972 τῶν
886 953 956 980 πρα-

165 991 278 1026 γμάτων
289 990 408 1026 εἴληχεν,
418 990 472 1017 οὐδ’
482 990 531 1025 (4⁵)
541 989 618 1017 ἄλλον
627 990 798 1025 ἀναζητήσας
805 990 931 1025 εὑρήσεις
938 989 955 1024 ἢ

166 1037 210 1063 τὸν
233 1037 283 1072 τῆς
303 1036 436 1072 σωτηρίου
457 1036 626 1070 ἐπιφανείας.
644 1036 729 1066 Αὐτὸς
749 1036 802 1070 ἄρα
821 1032 899 1066 οὗτος
923 1032 956 1069 ἦν

167 1083 281 1114 ἐκεῖνος,
299 1082 328 1108 ὃν
350 1082 364 1108 ὁ
375 1080 496 1117 χρησμὸς
518 1080 622 1116 ἐδήλου,
638 1080 726 1115 φήσας
737 1079 897 1106 ἀποστελεῖν
912 1078 957 1105 τὸν

166 1129 221 1155 τῶν
246 1128 314 1155 ὅλων
329 1128 406 1159 Θεὸν,
423 1128 469 1154 καὶ
486 1127 587 1162 Κύριον
604 1127 662 1158 τοῖς
677 1125 836 1160 Αἰγυπτίοις
855 1124 958 1160 ἄνθρω-

168 1182 229 1206 πον,
242 1174 271 1205 ὃς
284 1172 365 1200 σώσει
383 1172 490 1204 αὐτούς·
508 1172 537 1198 ὃν
550 1171 597 1198 καὶ
610 1171 644 1198 τὰ
658 1171 779 1202 Μωσέως
805 1170 899 1206 ἐδήλου
916 1170 958 1197 λό-

167 1229 226 1254 για,
238 1219 272 1246 δι’
284 1216 321 1246 ὧν
334 1219 434 1255 ἔφησεν
444 1227 451 1233 ’
471 1228 480 1244 ι
509 1217 694 1251 Ἐξελεύσεται
711 1216 851 1252 ἅνθρωπος
866 1218 897 1242 ὲκ
911 1215 957 1242 τοῦ

169 1265 325 1302 σπέρματος
353 1263 452 1296 αὑτοῦ,
473 1263 520 1299 ml
542 1263 679 1298 κυριεύσει
715 1262 799 1288 ἐθνῶν
820 1261 955 1287 πολλῶν-ι

168 1313 198 1339 ἐν
211 1309 252 1342 οἷς
268 1311 356 1337 ἔθνεσι
373 1311 420 1337 καὶ
436 1309 578 1343 Αἰγύπτιοι
602 1308 733 1345 δήπουθεν
754 1307 957 1343 καταριθμοῐντ’

168 1357 212 1385 ἄν.
233 1357 313 1384 Ἀλλὰ
328 1356 392 1392 περὶ
409 1356 458 1391 μὲν
475 1355 576 1381 τούτων
591 1354 695 1390 μακρὸς
713 1354 745 1382 ἂν
756 1354 797 1389 εἴη
810 1354 898 1388 λόγος,
915 1354 957 1380 ἐπ’

168 1403 271 1436 οἰκείας
279 1402 376 1437 σχολῆς
384 1401 518 1428 ἐντελέστε
523 1409 568 1436 ρον
576 1400 726 1435 ἁποδοθησό
731 1407 818 1434 μενος·
829 1399 858 1425 τό
866 1407 897 1432 γε
906 1398 958 1434 μὴν

168 1448 256 1483 πειρον
271 1443 486 1484 ὲπιτετηρήσθω,
506 1448 546 1474 ὃτι
563 1447 598 1473 τὰ
612 1445 806 1482 προηγούμενα
830 1444 884 1470 οὐδ’
897 1444 958 1478 (4")

170 1494 290 1530 ἄλλοτεῆ
299 1494 369 1530 μετὰ
380 1494 429 1530 τὴν
438 1494 598 1528 ἐπιφάνειαν
606 1491 693 1528 Ἰησοῦ
702 1490 825 1526 τοῦΣωτῆ
829 1499 873 1526 ρος
881 1490 959 1526 ἡμῶν

170 1541 331 1577 ἐπληροῦτο.
347 1540 393 1573 Ἐξ
401 1540 503 1567 ἐκείνου
513 1540 566 1575 γάρ
574 1548 614 1566 τοι
623 1539 670 1566 καὶ
681 1540 721 1570 εἰς
729 1538 808 1573 δεῦρο
817 1537 891 1572 παρὰ
905 1538 960 1568 τοῖς

1002 299 1133 327 cil'eratur
1147 300 1232 329 Isaias
1239 300 1392 327 vaticinans
1403 300 1496 333 simul,
1519 307 1552 327 ae
1566 299 1661 328 dicens
1679 310 1686 327 :
1701 310 1710 326 ι
1728 299 1787 328 Erit

1002 345 1087 373 altare
1100 345 1212 374 Domino
1227 346 1254 372 in
1271 350 1341 373 terra
1356 345 1475 380 {Egypth
1490 350 1517 373 et
1539 349 1720 380 cognoscetur
1735 345 1786 372 Do-

1002 391 1092 418 minus
1110 390 1143 417 ab
1158 390 1304 425 Egyptiis,
1320 394 1346 418 et
1358 391 1445 417 mittet
1460 391 1500 418 eis
1516 391 1652 418 hominem
1671 391 1718 426 qui
1732 391 1788 418 sal-

1002 443 1050 463 vos
1066 435 1146 463 faciet
1160 443 1216 467 eos,
1237 439 1263 462 et
1277 439 1441 470 cognoscent
1464 434 1584 470 Aigyptii
1600 435 1743 462 Dominum
1760 435 1787 462 in

1002 482 1045 510 die
1062 482 1116 514 illa,
1134 486 1160 509 et
1174 482 1273 510 facient
1283 482 1428 514 sacriﬁcia,
1445 486 1471 509 et
1484 482 1620 509 vovebunt
1647 486 1709 509 vota
1737 481 1789 509 Do-

1003 530 1087 560 mino.
1100 534 1127 557 et
1143 529 1266 561 reddent,
1283 533 1310 557 et
1323 534 1516 557 convertentur
1530 529 1562 556 ad
1581 529 1737 559 Dominum,
1760 532 1788 556 et

1003 574 1129 602 exaudiet
1143 582 1200 606 eos,
1214 579 1240 602 et
1255 575 1362 602 sanabit
1374 583 1421 603 eos
1436 575 1469 602 9‘.
1488 585 1497 601 ι
1517 574 1621 609 Ecquid
1633 575 1684 601 tibi
1709 574 1788 602 vide--

1003 629 1064 648 mur
1077 621 1241 656 veramlegis
1257 621 1324 648 Mosi
1339 622 1546 649 conversionem
1563 620 1674 648 dicere?
1688 628 1722 647 an
1737 628 1788 655 po-

1004 668 1058 695 tius
1075 667 1155 695 ﬁnem
1167 672 1193 695 et
1212 668 1373 696 solutionem
1389 669 1548 702 enuntiare,
1570 672 1596 695 et
1620 668 1788 703 propheticis

1004 715 1118 742 vocibus
1137 715 1278 742 vaticinari
1292 715 1304 742 ’ἰ
1322 714 1427 742 Etenim
1437 715 1524 742 Moses
1547 715 1631 742 altare
1642 718 1668 741 et
1684 713 1790 742 sacriﬁ-

1004 761 1047 787 cia
1062 768 1196 796 nusquam
1206 765 1339 788 terrarum
1357 761 1384 787 in
1405 761 1462 788 sola
1488 760 1580 788 Iudaea
1596 765 1622 788 et
1652 761 1678 788 in
1707 762 1789 797 hujus

1005 814 1059 833 una
1070 806 1203 833 duntaxat
1216 806 1325 833 civitate
1339 806 1481 839 constitui,
1500 806 1558 841 lege
1569 815 1584 833 a
1600 815 1629 834 se
1643 807 1731 842 posita
1744 807 1791 842 ju-

1004 852 1069 880 bet:
1086 852 1227 887 prophetia
1243 858 1333 879 autem
1361 853 1388 879 in
1407 856 1479 879 terra
1504 852 1613 888 Egypti
1640 853 1677 879 ait
1705 853 1789 881 altare

1008 898 1120 926 Domino
1135 899 1295 927 struendum
1315 898 1515 934 dicaudumque
1525 907 1596 932 esse,
1607 903 1633 927 et
1648 899 1790 934 Aigyptios

1009 946 1082 980 ipsos
1094 954 1148 973 non
1163 946 1280 980 amplius
1296 945 1349 973 diis
1366 946 1463 981 patriis
1479 954 1534 973 rem
1550 953 1667 978 sacram.
1681 947 1727 973 sed
1739 946 1791 981 ipsi

1007 992 1199 1027 prophetarum
1214 992 1269 1019 Deo
1285 991 1424 1018 facturos:
1440 996 1467 1018 et
1496 992 1568 1026 quod
1596 999 1690 1019 verum
1707 992 1791 1019 Deum

1009 1038 1061 1064 sint
1077 1038 1204 1073 aguituri,
1230 1046 1284 1065 non
1299 1037 1390 1065 Mosen
1407 1038 1459 1065 illis
1471 1045 1559 1073 neque
1584 1038 1667 1064 alium
1679 1045 1711 1065 ex
1727 1045 1793 1072 pro-

1008 1085 1097 1119 phetis
1113 1085 1266 1119 quempiam
1280 1087 1417 1111 auctorem
1434 1084 1500 1114 l'ore.
1518 1084 1565 1111 sed
1583 1091 1683 1110 novum
1697 1091 1793 1118 quem-

1008 1130 1069 1156 dam
1087 1130 1216 1157 divinitus
1232 1129 1345 1157 missum
1361 1129 1508 1156 hominem.
1527 1129 1581 1163 20
1596 1128 1681 1156 Porro
1700 1132 1792 1163 autem

1009 1175 1141 1202 translato
1166 1179 1386 1209 commutatoque
1407 1174 1484 1201 altari
1503 1180 1600 1208 praeter
1625 1173 1709 1202 Mosis
1723 1181 1793 1202 con-

1009 1220 1165 1248 stitutiones
1178 1225 1257 1255 atque
1271 1220 1389 1251 decreta,
1408 1227 1519 1247 necesse
1531 1224 1572 1248 cst
1588 1220 1695 1255 penitus
1710 1221 1793 1248 etiam

1008 1266 1076 1300 legis
1092 1265 1174 1293 Mosis
1189 1265 1247 1292 ﬁeri
1265 1266 1449 1292 mutationem.
1465 1265 1542 1298 Quod
1560 1265 1583 1292 si
1603 1272 1710 1292 summo
1738 1265 1794 1292 Deo

1010 1312 1188 1340 sacriﬁcaturi
1204 1316 1268 1338 sunt
1281 1311 1410 1346 AEgyptii,
1430 1319 1542 1345 prorsus
1560 1311 1642 1338 etiam
1665 1311 1795 1339 sacerdo-

1009 1359 1040 1385 tii
1056 1366 1154 1385 munus
1169 1362 1232 1384 sunt
1247 1357 1380 1392 adepturi.
1394 1358 1427 1384 At
1443 1357 1577 1393 Egypliis
1602 1357 1634 1384 ad
1653 1358 1706 1384 tale
1733 1365 1794 1383 mu-

1010 1412 1071 1437 nus,
1085 1404 1232 1438 assumptis
1248 1403 1349 1438 quaede
1363 1403 1464 1431 Levitis
1474 1408 1501 1430 et
1521 1403 1613 1430 Aaron
1628 1402 1796 1431 suceessori-

1010 1451 1062 1478 bus
1075 1458 1090 1476 a
1102 1450 1175 1476 Mosc
1192 1453 1255 1478 sunt
1269 1450 1428 1482 constituta,
1445 1450 1511 1477 nulli
1526 1450 1605 1485 plane
1629 1449 1690 1476 usui
1711 1448 1795 1484 Egy-

1012 1496 1075 1530 ptiis
1087 1495 1203 1530 amplius
1223 1503 1284 1523 esse
1303 1503 1382 1530 posse
1405 1495 1578 1530 perspicuum
1606 1499 1659 1522 est;
1675 1493 1796 1529 Tempus

1013 1542 1156 1578 igitur-jam:
1171 1546 1227 1569 tum
1243 1542 1335 1574 fuerit,
1355 1543 1439 1578 legem
1452 1550 1549 1570 novam
1563 1542 1597 1568 ad
1623 1549 1655 1569 ea
1680 1549 1740 1576 qua:
1754 1540 1797 1568 di-

168 1585 385 1620 Δίγυπτίοις,κα“ι
394 1585 468 1620 παρὰ
477 1583 703 1620 ῐΙέρταις,Σύροις
709 1592 738 1610 τε
745 1584 791 1610 καὶ
798 1583 959 1619 Ἀρμενίοις,

1013 1590 1056 1612 cta
1069 1590 1132 1613 sunt
1144 1586 1340 1619 conﬁrmanda,
1358 1595 1458 1621 ponere
1477 1595 1546 1621 opus
1557 1595 1629 1614 esse.
1658 1586 1727 1620 Quid
1745 1585 1796 1622 igi-

170 1632 220 1660 καὶ
230 1631 367 1668 παρὰτοῖς
374 1630 424 1662 τὰς
432 1630 559 1666 ἐσχατιὰς
570 1630 619 1665 τῆς
627 1629 679 1665 γῆς
687 1628 790 1656 οἰκοῦσι
800 1629 960 1664 βαρϐάροις,

170 1680 262 1711 αὐτοῖς
276 1687 306 1705 τε
320 1679 376 1710 τοῖς
395 1678 424 1705 τὸ
441 1679 505 1714 πρὶν
524 1677 746 1713 ἀνημερωτάτοις
769 1676 815 1702 καὶ
834 1675 962 1711 θηριωδε-

171 1725 279 1758 στάτοις
301 1725 406 1756 ἔθνεσι,
428 1724 472 1751 ναὶ
487 1723 539 1759 μὴν
559 1724 606 1750 καὶ
630 1723 705 1759 παρὰ
721 1723 777 1753 τοῖς
793 1722 842 1753 τὰς
865 1722 962 1757 νήσους

170 1772 289 1801 οξκοῦσιν
307 1771 362 1808 (ὃτι
375 1771 407 1807 δὴ
423 1772 469 1797 καὶ
486 1770 589 1796 τούτων
617 1769 718 1804 ἠξίωσε
739 1770 848 1804 μνήμην
861 1769 878 1803 ὴ
897 1776 963 1804 προ-

172 1819 272 1854 φητεία
287 1817 472 1854 ποιήσασθαι),
483 1817 551 1852 αὑτὴ
563 1817 653 1851 ἐκείνη
665 1817 682 1851 ἡ
696 1815 767 1841 κατὰ
782 1815 826 1841 τὸν
840 1814 963 1851 Ἀϐραὰμ

173 1866 306 1898 πολιτεία,
321 1866 368 1893 καὶ
383 1866 397 1891 ὁ
411 1865 589 1895 παλαιότατος
606 1863 653 1889 καὶ
666 1862 773 1889 πάντων
785 1861 963 1898 ἀρχαιότατος

172 1913 224 1948 τῆς
237 1912 393 1944 θεοσεϐείας
407 1912 506 1948 τρόπος
526 1909 716 1942 σπουδάζεται.
731 1909 787 1935 Καὶ
807 1908 848 1939 τίς
868 1908 917 1934 οὐκ
932 1907 964 1933 ἂν

175 1958 326 1993 ἐκπλαγείη
347 1958 378 1984 τὸ
398 1956 549 1993 παράδοξον
572 1955 618 1982 τοῦ
639 1955 814 1991 πράγματος,
840 1954 864 1979 εἰ
886 1953 917 1988 δὴ
940 1952 965 1978 οἱ

174 2005 205 2039 ἐξ
219 2005 319 2037 αἰῶνος
334 2004 428 2036 λίθοις,
440 2004 487 2037 καὶ
502 2003 598 2035 ξύλοις,
617 2002 664 2028 καὶ
680 2001 799 2036 δαίμοσι,
816 1999 920 2035 θηρίοις
936 2007 965 2024 τε

176 2051 406 2087 ἀνθρωποωροις,
419 2050 465 2077 καὶ
489 2050 612 2085 ἑρπετοῖς
628 2048 750 2079 ἱοῦόλοις,
767 2047 845 2079 ζώοις
856 2054 886 2072 τε
901 2054 967 2071 παν-

175 2098 269 2130 τοίοις,
286 2097 335 2124 καὶ
350 2096 480 2132 εἰδεχοὲσι
498 2095 653 2126 κνωδάλοις,
668 2094 733 2130 πυρί
750 2102 779 2119 τε
798 2093 844 2119 καὶ
861 2093 906 2127 γῇ,
921 2091 967 2118 καὶ

176 2145 233 2176 τοῖς
255 2142 302 2170 τοῦ
327 2143 425 2173 παντὸς
447 2141 560 2176 ἀψύχοις
584 2140 726 2175 στοιχείοις
753 2139 801 2174 τὴν
824 2137 968 2172 σεϐάσμιον

178 2192 261 2228 τιμὴν
275 2191 475 2228 περιτιθέντες,
493 2189 537 2216 τὸν
568 2188 679 2224 ὕψιστον
696 2188 772 2217 Θεὸν,
791 2186 835 2212 τὸν
853 2184 967 2220 ούρανοῦ

178 2239 227 2266 καὶ
243 2239 296 2274 γῆς
320 2230 484 2274 δημιουργὸν
497 2256 504 2268 ,
520 2235 600 2262 αὐτόν
623 2235 655 2270 δὴ
682 2234 727 2260 τὸν
751 2232 804 2259 τῶν
822 2230 969 2268 προφητῶν

1010 1633 1072 1660 tur?
1086 1636 1188 1660 temere
1204 1633 1260 1659 haec
1277 1634 1416 1660 enuntiata
1433 1633 1516 1660 sunt?
1529 1633 1676 1660 ancxitum
1694 1633 1798 1661 invenit

1011 1679 1119 1706 oratio?
1136 1679 1239 1713 inspice
1251 1679 1333 1714 igitur
1347 1679 1370 1706 si
1383 1687 1437 1706 non
1451 1679 1542 1711 hodie,
1562 1679 1613 1706 hoc
1633 1683 1674 1706 est
1695 1679 1798 1707 nostris

1012 1724 1121 1751 interim
1140 1724 1260 1759 ipsorum
1278 1725 1457 1760 temporibus,
1471 1725 1537 1759 ipsis
1549 1725 1636 1751 oculis
1649 1728 1799 1751 cernuntur

1013 1777 1067 1797 non
1084 1770 1170 1796 solum
1182 1769 1313 1804 Aigyplii,
1327 1777 1422 1796 verum
1436 1770 1517 1796 etiam
1537 1777 1618 1796 omne
1646 1777 1732 1804 genus
1750 1770 1799 1796 ho-

1014 1816 1116 1842 minum
1136 1815 1181 1850 qui
1199 1816 1314 1842 antehac
1325 1815 1481 1842 simulacris
1493 1814 1593 1841 addicti
1606 1819 1693 1846 erant,
1716 1822 1799 1848 quos-

1014 1869 1066 1895 que
1080 1860 1267 1895 1E5yptiorum
1280 1859 1459 1895 appellatione
1476 1860 1634 1894 prophetica
1656 1860 1796 1894 priedictio

1016 1906 1159 1941 signiﬁcat,
1177 1913 1192 1932 a
1205 1906 1351 1932 multorum
1369 1905 1483 1932 deorum
1493 1912 1524 1932 ac
1545 1905 1699 1932 dzemonum
1716 1905 1799 1940 impio

1017 1953 1091 1978 cultu
1105 1952 1259 1983 liberatum,
1275 1955 1301 1978 et
1317 1958 1410 1978 verum
1427 1951 1622 1987 prophetarum
1645 1949 1729 1978 Deum
1755 1953 1799 1977 in-

1017 2004 1116 2024 vocans
1132 2001 1158 2023 et
1171 1997 1299 2024 adorans.
1319 1995 1388 2023 Vota
1399 2000 1490 2024 autem
1510 1996 1625 2028 faciunt,
1639 2004 1695 2023 non
1715 1996 1800 2031 pluri-

1017 2043 1068 2070 bus
1086 2042 1203 2077 amplius
1224 2041 1354 2075 dominis,
1372 2043 1418 2070 sed
1436 2043 1481 2069 uni
1500 2043 1549 2070 soli
1566 2042 1690 2074 Domino,
1706 2050 1802 2078 quem-

1018 2088 1162 2114 admodum
1174 2095 1281 2115 sacrum
1292 2088 1417 2123 praedixit
1433 2089 1585 2116 oraculum.
1614 2087 1646 2114 Et
1660 2088 1723 2115 huic
1741 2087 1802 2122 qui-

1018 2133 1078 2160 dem
1098 2133 1181 2160 altare
1196 2134 1398 2160 iucruentarum
1412 2137 1438 2161 et
1449 2134 1621 2160 rationalium
1634 2133 1799 2165 hostiarum,

1019 2182 1049 2206 ut
1069 2186 1138 2206 nova
1152 2178 1220 2205 Novi
1241 2179 1407 2206 Testamcuti
1433 2180 1561 2215 mysteria
1582 2178 1730 2215 postulant,
1755 2185 1803 2213 per

1021 2229 1105 2252 totum
1121 2228 1255 2251 terrarum
1266 2225 1359 2252 orbem
1375 2229 1496 2252 erectum
1508 2229 1549 2252 est
1567 2233 1573 2250 :
1590 2228 1687 2252 etcum
1705 2224 1732 2251 in
1757 2223 1804 2250 1E-

180 2269 293 2321 Κύριον,
309 2269 363 2310 τδιῖ
374 2269 448 2310 Geo-vr
463 2281 588 2317 ’Λῧραὰμ
607 2269 653 2307 και
676 2279 729 2305 τῶν
743 2278 836 2305 τούτου
863 2285 959 2312 προπα-

1020 2275 1112 2307 gypto,
1128 2276 1185 2298 tum
1200 2272 1227 2299 in
1243 2271 1355 2306 reliquis
1368 2272 1504 2306 gentibus,
1522 2279 1582 2305 quae
1599 2279 1689 2298 mores
1717 2270 1803 2305 [Egy-

178 2332 278 2367 τόρων,
296 2329 364 2366 μετὰ
378 2329 428 2364 τὴν
444 2328 490 2354 τοῦ
503 2327 628 2362 Σωτῆρος
645 2325 722 2361 ήμῶν
738 2323 888 2359 παρουσίαν
902 2322 968 2348 ἁνα-

181 2376 344 2408 καλοῦνται;
362 2375 409 2402 καὶ
422 2374 446 2401 οἱ
464 2373 552 2408 μικρῷ
565 2371 683 2409 πρόσθεν
703 2368 904 2405 μητρογαμίαις
922 2367 969 2394 καὶ

182 2420 426 2458 θυγατρομιξίαις,
453 2417 675 2454 ἁλληλοφθορίαις
702 2425 731 2442 τε
758 2415 804 2442 καὶ
828 2414 970 2445 παντοίαις

185 2468 350 2505 μιαιφονίας
364 2465 609 2501 ὲγκαλινδούμενοι,
624 2464 648 2491 οἱ
676 2462 758 2499 μηδέν
778 2471 804 2487 τι
825 2460 970 2495 ἀνημέρων

183 2515 286 2553 θηρίων
302 2515 349 2542 τὸν
378 2514 476 2549 τρόπον
499 2512 687 2547 διαφέροντες,
711 2508 769 2535 νυνὶ
790 2507 833 2533 διὰ
854 2507 903 2542 τῆς
922 2507 969 2533 τοῦ

183 2562 310 2598 Σῡτῆρος
323 2560 403 2596 ἡμῶν
417 2559 507 2586 ἐνθέου
527 2559 666 2593 δυνάμεως
685 2554 906 2591 μεταϐληθέντες,
923 2554 970 2580 καὶ

184 2608 278 2644 ὥσπερ
294 2607 325 2640 ἐξ
341 2607 442 2642 ἑτέρων
463 2605 552 2640 ἕτεροι
572 2603 724 2638 γεγονότες,
738 2601 834 2635 λόγους
857 2599 969 2634 ἀρετῆς,

187 2655 232 2683 καὶ
243 2653 421 2690 σωφροσύνης
437 2651 617 2686 παιδεύματα,
642 2649 777 2679 συνιόντες
790 2648 829 2678 είς
848 2646 882 2673 τὰ
896 2646 971 2672 κοινὰ

205 2701 369 2730 .δασκαλεῖα,
389 2697 568 2735 μανθάνουσιν
581 2705 587 2711 ·
602 2695 640 2727 ὡς
654 2695 704 2731 τὴν
721 2693 850 2721 ἀνωτάτω
865 2692 972 2726 φιλοσο-

208 2747 269 2778 ίαν,
296 2745 345 2781 τὴν
371 2744 433 2780 μηδ’
455 2742 600 2778 ἐμϐλέπειν
625 2740 781 2770 ἀκολάστοις
807 2737 971 2773 ὀφθαλμοῖς,

222 2817 246 2833 τ’·
263 2816 317 2843 lxa.
333 2823 392 2848 xu,
412 2814 512 2847 19,20.

224 2886 361 2924 (“forte
376 2885 440 2924 leg”
456 2883 514 2924 καθ’
529 2883 611 2924 ἡμᾶς,
631 2883 720 2914 αὐτοῖς
740 2883 793 2914 τοῖς
805 2880 866 2916 ὁφθ.
886 2888 959 2909 non.

151 2941 176 2957 ρ.
225 2918 273 2960 (Γ)
292 2920 372 2948 Οὐδ’.
387 2918 465 2948 Forte
479 2918 544 2946 οὐκ(
555 2918 631 2946 Enn.

1020 2318 1137 2353 ptiorum
1151 2317 1511 2352 imitantes,superstitionis
1518 2325 1610 2344 errore
1627 2317 1802 2344 tenebantur:

1021 2364 1071 2390 hac
1085 2363 1143 2398 ipsa
1158 2366 1237 2390 rotate
1251 2366 1345 2389 nostra
1361 2362 1482 2397 cognitio
1501 2362 1560 2390 veri
1588 2362 1635 2389 Dei
1666 2362 1803 2393 relucens,

1021 2409 1100 2437 ﬁdem
1117 2410 1150 2437 iis
1175 2417 1234 2444 qua:
1249 2416 1263 2434 a
1280 2409 1419 2443 prophetis
1434 2408 1562 2443 praedicta
1577 2412 1651 2439 sunt,
1668 2407 1806 2434 indubita-

1021 2462 1077 2484 tam
1097 2455 1229 2491 adjungit.
1246 2454 1309 2482 Hatc
1326 2459 1416 2482 autem
1433 2463 1494 2482 cum
1510 2456 1600 2489 reipsa
1616 2454 1722 2481 interim
1743 2461 1806 2488 per-

1025 2502 1067 2529 ﬁci
1082 2502 1184 2533 videas,
1201 2508 1251 2528 uec
1280 2502 1405 2536 amplius,
1436 2505 1464 2528 ut
1488 2500 1623 2536 quondam
1653 2499 1741 2527 audita
1758 2507 1806 2526 ex-

1025 2547 1151 2582 spectari,
1167 2547 1189 2574 si
1203 2551 1310 2582 tempus
1329 2555 1434 2582 quzeras
1452 2546 1524 2573 unde
1548 2546 1711 2581 principium
1732 2547 1806 2580 ejus-

1025 2595 1097 2622 modi
1112 2602 1155 2622 res
1172 2594 1316 2629 acceperit,
1334 2602 1387 2620 non
1404 2594 1476 2620 aliud
1492 2592 1623 2625 invenies,
1642 2601 1723 2627 quam
1744 2601 1806 2620 cum

1027 2642 1152 2669 Salvator
1168 2645 1261 2669 noster
1274 2640 1394 2667 advenit.
1406 2640 1466 2674 Ipse
1481 2639 1563 2674 igitur
1577 2638 1621 2666 ille
1637 2638 1698 2673 fuit,
1726 2647 1805 2673 quem

1025 2688 1165 2715 oraculum
1181 2685 1362 2722 signiﬁcabat,
1377 2693 1438 2712 cum
1452 2685 1555 2712 diceret
1568 2684 1652 2711 Deum
1668 2690 1695 2711 et
1716 2683 1807 2711 Domi-

1026 2742 1091 2762 num
1104 2734 1234 2766 universi,
1259 2733 1407 2760 missurum
1436 2731 1570 2767 Egyptiis
1597 2730 1733 2759 hominem
1760 2730 1806 2766 qui

1060 2877 1119 2914 (4“)
1137 2876 1213 2905 οὐδ’.
1227 2876 1308 2919 Forte
1323 2876 1380 2903 οὐκ.
1398 2874 1474 2903 Eun‘.
