2053 3218
173 183 209 211 65
631 167 956 208 ῡῐελιοκετιιςιτῖοδέιε

1014 180 1206 208 'ANGELISJZ
1229 181 1292 208 LIB.
1313 181 1334 208 1.
1766 176 1800 203 66

175 240 358 274 ἑπιόοώμενος
386 239 486 274 νόμον,
514 239 563 274 ὅρα
586 239 611 264 τί
641 248 736 274 φησιν·
756 237 790 265 Ὦ
818 239 960 275 ἄνθρωπε,

1014 239 1099 273 ipsum
1113 239 1165 273 22
1181 239 1302 272 adjungit
1316 245 1358 268 ea,
1371 237 1470 272 quibus
1481 239 1591 273 planum
1606 238 1697 271 l'aciat,
1708 232 1802 274 (ιιιοά-

173 287 220 314 aut
236 285 348 321 σύμπαν
372 286 403 312 τὺ
427 285 529 320 θνητῶν
548 285 643 319 γένος,
671 285 685 310 ὁ
711 285 760 320 μὲν
776 285 808 320 δὴ
837 285 961 316 Μωσέως

173 334 274 369 νόμος,
311 333 359 368 ἀφ’
387 332 445 363 ἑνὸς
480 332 573 365 γένους
607 330 756 366 ἀνθρώπιον
789 331 960 366 ἀρξάμενος,

175 380 281 415 πρῶτον
308 378 436 406 ἁπάντων
463 378 493 404 τὺ
526 377 658 404 Ἰουδαίων
692 376 789 411 γένος,
817 377 866 410 τῆς
893 376 962 412 πρὸς

174 427 236 457 τοὺς
259 425 393 459 θεοφιλεῖς
416 423 589 460 προπάτορας
612 423 700 449 αὐτῶν
722 422 886 457 ἐπαγγελίας
905 423 962 450 ἕνε-

175 481 232 502 κεν,
247 471 293 498 ἐπὶ
312 470 360 506 τὴν
377 470 423 496 τοῦ
445 470 503 501 ἐνὸς
523 469 590 495 Θεοῦ
610 468 710 502 γνῶσιν
733 469 897 501 ἀνεκαλεῖτο,
913 470 962 504 τῆς

176 517 277 551 πικρᾶς
299 515 353 541 τῶν
381 515 513 549 δαιμόνων
540 513 660 544 δουλείας
685 514 748 545 τοὺς
779 513 962 545 ὑπακούοντας

178 562 356 590 ἀπαλλάττων
367 570 373 575 ·
390 561 444 595 ἐγὼ
458 560 485 586 δὲ
502 560 583 586 πᾶσιν
596 559 758 594 ἀνθρώποις,
773 560 819 586 καὶ
834 561 888 591 τοῖς
901 559 961 586 καθ’

177 609 239 644 ὅλης
255 609 303 643 τῆς
323 606 484 641 οἰκουμένης
498 605 585 631 ἔθνεσι
597 605 646 640 τὴν
665 605 901 640 ὲπαναϐεϐηκυῖαν
916 604 961 631 τοῦ

176 654 244 681 Θεοῦ
260 653 359 688 γνῶσιν
379 652 425 679 καὶ
447 651 585 678 εὐσέϐειαν
600 650 802 686 προαγγέλλων,
818 652 886 677 κατὰ
901 651 962 682 τοὺς

177 699 248 734 ἀμφὶ
269 699 314 724 τὸν
338 697 471 733 Ἄϐραὰμ,
488 696 612 727 καὶτοὺς
636 695 674 721 ἔτι
699 695 892 730 παλαιοτέρους
911 694 962 730 πρὸ

178 744 300 775 Μωσέως
319 743 422 778 χρόνων
441 741 513 777 βιοῦν
531 741 664 776 παραινῶ,
687 741 715 767 ὲν
746 738 787 772 οἷς
803 739 831 773 ἐξ
850 740 962 766 ἀλλοδα-

175 790 236 817 πῶν
251 789 333 816 ἐθνῶν
349 789 457 820 πλείους
475 789 517 814 ἐπ’
536 787 660 822 εὐσεϐείᾳ
679 786 890 822 μνημονεύονται
907 786 963 812 δια-

174 835 341 871 λάμψαντες.
359 835 414 861 Καὶ
431 834 527 860 πάλιν·
546 834 574 859 Ὁ
593 834 641 868 μὲν
667 833 787 864 Μωσέως
804 833 894 867 νόμος,
915 833 957 867 ἐφ’

174 881 224 910 ἕνα
243 882 303 908 τινα
325 881 374 915 τῆς
387 881 437 915 γῆς
460 880 650 915 ἀφωρισμένον
666 879 747 906 τόπον
763 879 825 911 τοὺς
842 879 962 905 εὐσεϐεῖν

175 927 382 964 προῃρημένους
409 926 532 952 σπεύδειν
557 924 723 960 πανταχόθεν
746 924 960 960 παρεκελεύετο·

173 973 230 1008 ἐγὼ
242 973 270 999 δὲ
285 974 341 1004 τοῖς
353 973 435 998 πᾶσιν
456 971 487 997 ἂν
504 972 544 1002 εἰς
557 971 605 1005 τὴν
625 969 789 1006 ἐλευθερίαν,
805 970 854 996 ούκ
868 971 895 996 ὲν
909 979 963 1004 γω-

174 1020 218 1056 νίᾳ
234 1020 294 1055 γῆς,
315 1019 369 1046 οὐδ’
389 1019 419 1044 ἐν
439 1018 540 1054 ὄρεσιν,
563 1018 579 1053 ἦ
601 1026 655 1043 τισι
674 1017 870 1052 χειροποιήτοις
891 1018 963 1048 ναοῖς

174 1065 265 1102 ζητεῖν
279 1066 325 1092 τὸν
341 1066 387 1091 ἐπὶ
400 1065 506 1091 πάντων
530 1064 606 1096 Θεὸν,
627 1063 731 1090 οἴκοθεν
748 1063 777 1090 δὲ
792 1063 905 1090 ἕκαστον
921 1063 963 1089 σέ-

174 1112 232 1138 ϐειν
251 1112 333 1138 αὐτὸν
345 1112 391 1138 καὶ
410 1112 571 1146 προσκυνεῖν
594 1110 723 1138 παιδεύω,
740 1111 795 1136 Καὶ
815 1110 912 1137 πάλιν·
934 1111 962 1136 ὐ

176 1158 226 1193 μὲν
242 1157 356 1188 παλαιὸς
379 1157 460 1191 νόμος
477 1156 581 1188 θυσίαις
601 1158 660 1187 ταῖς
677 1155 720 1182 διὰ
736 1155 812 1187 ζώων
835 1157 961 1190 σφαγαῖς,

173 1203 322 1230 λιϐανωτοῦ
339 1212 367 1229 τε
389 1203 435 1229 καὶ
456 1202 550 1237 πυρὸς,
564 1202 609 1228 καί
629 1210 709 1228 τινων
726 1201 811 1228 ἄλλων
825 1202 963 1237 ὁμοιοτρό-

173 1254 233 1273 πων
240 1246 291 1273 ’τοῦ
305 1245 429 1281 σώματος
443 1245 591 1281 καθαρμῶν
606 1245 765 1281 θρησκεύειν
778 1246 823 1272 τὸν
839 1246 883 1272 ἐπὶ
897 1247 963 1273 πάν-

172 1301 228 1319 των
245 1292 310 1318 Θεὸν
328 1291 524 1328 παρεκελεύετο
537 1300 543 1305 ·
565 1290 620 1324 ἐγὼ
639 1291 666 1317 δὲ
687 1291 720 1318 τὰ
739 1291 827 1326 ψυχῆς
849 1281 963 1327 παραέι-

172 1338 236 1370 δοὺς
258 1338 338 1374 ὄργια
355 1337 457 1372 διανοίᾳ
480 1336 660 1372 καθαρωτάτη
677 1337 724 1362 καὶ
748 1336 785 1371 νῷ
800 1337 914 1371 διαυγεῖ,
935 1338 962 1363 ἐν

176 1383 338 1419 σωφροσύνῃ
360 1383 407 1409 καὶ
421 1382 459 1417 τῷ
477 1383 536 1408 κατ’
556 1382 657 1418 ἀρετὴν
674 1381 732 1417 βίῳ,
747 1382 862 1415 δόγμασι
875 1391 903 1408 τε
917 1382 963 1417 ὁρ-

172 1429 231 1461 θοῖς
243 1430 289 1456 καὶ
305 1428 428 1455 εὐσεϐέσι
439 1428 469 1454 τὸ
485 1428 555 1454 θεῖον
573 1427 710 1462 γεραίρειν
723 1428 893 1463 προστάττοι.
909 1428 963 1453 Καὶ

173 1477 274 1504 πάλιν·
290 1476 391 1511 Μωσῆς
412 1475 460 1510 μὲν
479 1475 552 1501 ὠσὰν
568 1475 718 1509 μιαιφόνοις
733 1472 792 1500 οὖσι
819 1475 876 1505 τοῖς
902 1473 962 1500 τότε

177 1523 214 1558 μὴ
228 1522 351 1557 φονεύειν
367 1522 486 1557 παρῄνει
499 1530 504 1535 ·
519 1520 574 1552 ἐγὼ
590 1521 617 1547 δὲ
637 1522 693 1552 τοῖς
709 1522 736 1547 ὲν
752 1520 838 1555 τούτῳ
851 1528 964 1555 προπαι-

1013 293 1075 312 nam
1088 285 1170 312 Vetus
1185 285 1251 312 illud
1266 285 1364 312 dixerit
1388 292 1449 312 esse
1464 295 1470 312 :
1493 285 1536 312 cui
1559 285 1669 319 quidem
1693 284 1800 312 novum‘

1013 332 1080 359 nihil
1092 331 1180 359 simile
1188 331 1345 358 habiturum
1363 331 1494 364 ostendit,
1509 331 1555 358 ubi
1569 331 1655 358 dicit:
1675 331 1797 358 Coudam

1014 378 1217 405 Testamentum
1230 377 1344 409 Novum,
1361 385 1415 405 non
1433 378 1584 405 secundum
1592 377 1797 404 Testamentum

1013 423 1085 460 quod
1109 423 1219 450 condidi
1234 423 1356 458 patribus
1371 424 1398 450 in
1410 423 1464 455 die,
1484 431 1546 450 cum
1562 431 1613 458 ego
1631 422 1799 457 apprehendi

1013 471 1075 498 illos
1086 478 1179 502 manu,
1193 474 1223 497 ut
1235 470 1378 497 educerem
1396 476 1443 496 eos
1466 469 1499 497 de
1524 473 1599 497 terra
1612 468 1766 504 Egypti".
1787 478 1796 494 ι

1013 516 1107 552 Itaque
1121 524 1182 543 cum
1196 516 1346 543 secundum
1362 515 1414 542 hoc
1425 515 1501 546 dicit.
1519 515 1670 542 secundum
1687 514 1712 541 id
1726 514 1798 549 quod

1013 563 1080 598 legis
1105 563 1165 589 loco
1177 570 1191 589 a
1207 561 1279 590 Mose
1295 562 1412 597 positum
1429 565 1481 593 est,
1499 561 1633 596 intelligit.
1651 561 1706 588 Hoc
1725 561 1799 588 enim

1013 608 1079 636 illud
1096 612 1148 640 est,
1176 607 1249 643 quod
1269 607 1387 639 Iudaeis,
1412 615 1467 642 quo
1497 611 1618 642 tempore
1633 607 1667 635 de
1682 607 1799 642 Egypto

1014 654 1117 690 egressi
1133 658 1207 686 sunt,
1235 654 1363 680 traditum
1377 657 1429 681 est.
1449 653 1532 681 Visus
1550 654 1634 688 igitur
1660 657 1733 680 esset
1745 653 1799 680 No-

1012 709 1075 728 vum
1091 701 1295 728 sztamentum
1312 699 1494 731 introducere,
1513 706 1641 734 tanquam
1659 699 1718 733 ejus
1727 699 1798 726 ritus

1013 749 1190 780 contrarium,
1206 755 1284 782 quem
1301 748 1386 774 sancti
1401 748 1437 774 illi
1453 746 1568 773 Abrahae
1583 746 1686 773 similes
1703 745 1754 772 viri
1769 746 1798 772 in

1013 794 1105 822 divino
1122 794 1195 821 cultu
1225 793 1419 828 sequebantur,
1434 793 1487 820 nisi
1514 792 1593 827 plane
1616 791 1682 826 ipsis
1706 790 1799 818 verbis

1014 841 1205 876 signiﬁcasset,
1233 840 1277 867 ubi
1301 840 1387 867 dixit:
1407 849 1416 865 ι
1436 839 1493 865 Non
1520 837 1669 865 secundum
1701 836 1798 863 Testa-

1013 892 1133 914 mentum
1149 886 1220 922 quod
1235 885 1343 913 condidi
1357 885 1479 920 patrihus
1490 892 1595 915 eorum,
1610 891 1664 918 quo
1678 887 1800 917 tempore

1015 932 1095 959 eduxi
1110 939 1157 959 eos
1167 932 1201 958 de
1215 935 1288 957 terra
1305 930 1413 966 [Egypli
1429 930 1481 957 θ’).
1494 928 1564 963 Ergo
1581 935 1634 954 non
1648 927 1800 954 secundum

1014 978 1079 1005 illud
1105 979 1175 1012 quod
1202 977 1267 1012 legis
1294 977 1355 1004 loro
1373 984 1388 1002 a
1408 975 1482 1002 Mose
1511 975 1630 1010 positum
1654 979 1717 1006 est,
1736 979 1800 1001 cum

1013 1024 1114 1059 egressi
1144 1026 1217 1055 sunt,
1241 1026 1266 1049 et
1284 1029 1344 1048 eum
1363 1022 1389 1048 in
1404 1021 1512 1048 deserto
1539 1013 1727 1048 morabantur,
1743 1017 1800 1044 No-

1014 1079 1077 1098 vum
1094 1071 1144 1098 hoc
1161 1070 1281 1096 futurum
1308 1068 1459 1103 respondit,
1485 1066 1532 1095 sed
1555 1066 1706 1094 secundum
1732 1064 1800 1092 illud

1014 1116 1149 1147 videlicet,
1162 1115 1233 1150 quod
1253 1114 1347 1148 primis
1359 1113 1528 1147 temporibus
1544 1112 1571 1138 in
1589 1111 1645 1137 vita
1660 1110 1733 1137 civili
1747 1117 1799 1136 se-

1015 1167 1129 1194 ctantes,
1144 1162 1189 1196 qui
1201 1165 1263 1188 ante
1280 1160 1381 1187 Mosem
1402 1158 1562 1189 ﬂoruerunt,
1579 1162 1709 1191 tanquam
1723 1156 1741 1183 ii
1753 1155 1800 1190 qui

1015 1210 1092 1244 plene
1110 1202 1196 1235 olficio
1226 1215 1274 1234 suo
1290 1206 1375 1233 functi
1398 1208 1506 1236 essent,
1536 1202 1705 1238 eomprnbati
1724 1207 1798 1229 sunt.

1015 1254 1087 1286 Quas
1102 1253 1210 1288 quidem
1229 1253 1264 1279 ob
1280 1260 1337 1282 res,
1353 1251 1408 1285 jam
1423 1256 1452 1277 tu
1471 1250 1550 1284 plane
1565 1249 1708 1276 conlidens
1722 1251 1800 1282 post-

1014 1301 1075 1332 bac,
1090 1308 1151 1327 eum
1179 1300 1327 1326 sententias
1342 1302 1369 1324 et
1384 1296 1521 1332 proposita
1538 1303 1644 1326 eorum,
1669 1294 1715 1329 qui
1729 1294 1800 1321 divi-

1014 1355 1078 1374 num
1095 1347 1211 1380 aliquem
1229 1346 1331 1371 cultum
1346 1343 1516 1379 proﬁtentur,
1542 1349 1596 1368 non
1612 1341 1638 1380 in
1654 1341 1735 1372 duos,
1751 1340 1800 1367 sed

1014 1394 1040 1420 iu
1062 1397 1117 1420 tres
1137 1392 1262 1419 diviseris
1279 1390 1400 1420 ordines,
1417 1396 1501 1416 unum
1517 1395 1611 1415 eorum
1623 1378 1669 1422 qui
1685 1393 1801 1421 prorsus

1014 1439 1169 1466 simulacris
1191 1437 1302 1468 addicti,
1330 1437 1357 1463 in
1380 1435 1528 1462 multorum
1543 1433 1656 1461 deorum
1679 1440 1799 1460 errorem

1014 1485 1174 1512 deciderunt
1191 1492 1197 1510 :
1213 1483 1326 1509 alterum
1355 1489 1461 1511 eorum,
1475 1480 1521 1515 qui
1538 1480 1571 1506 de
1587 1477 1799 1505 circumcisione

1014 1539 1062 1565 ραι·
1078 1529 1178 1556 Mosem
1190 1529 1216 1555 in
1232 1528 1349 1562 primum
1359 1524 1586 1561 pietatisgradum
1598 1523 1798 1551 ascenderunt:

172 1567 368 1603 δατωγηθεῖσι,
386 1567 433 1594 καὶ
444 1568 493 1602 τὴν
506 1566 617 1602 πρώτην
634 1566 741 1601 ἐντολὴν
759 1565 961 1601 κατωρθωκόσι,

1014 1578 1124 1604 tertium
1141 1583 1234 1603 eorum
1247 1595 1253 1606 ,
1271 1576 1316 1609 qui
1336 1580 1491 1607 supremum
1518 1572 1607 1598 locum
1627 1579 1676 1606 per
1697 1570 1800 1597 doctri-

176 1615 314 1651 νομοθετῶ
328 1615 377 1650 τὴν
390 1613 569 1648 τελειοτέραν,
588 1613 647 1648 μηδ’
661 1613 743 1647 ὀργῆς
761 1611 898 1647 ἐνέχεσθαι
911 1611 964 1637 πά-

176 1662 217 1688 θει
229 1661 414 1697 προστάττων.
429 1659 483 1686 Καὶ
511 1657 604 1690 αὖθις·
627 1659 655 1685 '0
671 1659 718 1693 μὲν
732 1658 833 1693 Μωσῆς
851 1659 963 1693 μοιχοῖς,

174 1707 222 1733 καὶ
234 1707 393 1737 ἀκολάστοις
409 1705 560 1732 διετάττετο
573 1705 603 1730 τὸ
617 1704 653 1739 μὴ
668 1703 813 1738 μοιχεύειν,
833 1704 899 1738 μηδὲ
915 1704 965 1738 ἀρ-

175 1753 347 1784 σενοκοιτεῖν,
367 1751 433 1787 μηδὲ
454 1750 503 1782 τὰς
524 1749 599 1785 παρὰ
626 1749 705 1784 φύσιν
730 1748 826 1784 ἡδονὰς
846 1747 962 1779 διώλειν,

176 1797 290 1824 θάνατον
305 1797 354 1832 τὴν
374 1796 508 1831 τιμωρίαν
530 1796 585 1825 τοῖς
607 1793 819 1830 παραϐαίνουσιν
836 1793 962 1826 ἐπαγωνε

174 1843 231 1878 ἐγὼ
244 1843 272 1870 δὲ
289 1842 350 1878 μηδ’
368 1841 512 1876 ἐμϐλέπειν
530 1841 644 1874 γυναῖκα
663 1840 720 1875 μετ’
736 1839 878 1874 ἐπιθυμίας
901 1839 965 1865 ἁκο-

175 1888 273 1915 λάστου
294 1889 356 1919 τοὺς
379 1888 461 1922 ἐμοὺς
483 1886 612 1922 βούλομαι
637 1885 769 1921 μαθητάς.
793 1885 847 1912 Καὶ
864 1886 943 1912 πάλιν
956 1894 962 1900 ν

182 1935 211 1960 '0
227 1934 275 1969 μὲν
298 1933 398 1967 ἔλεγεν·
419 1942 428 1958 ‹
442 1932 498 1958 Οὐκ
515 1932 699 1968 ἐπιορκήσεις,
716 1930 864 1962 ἀποδώσεις
878 1932 905 1958 δὲ
927 1931 965 1966 τῷ

175 1980 234 2015 Θεῷ
244 1980 307 2011 τοὺς
325 1979 422 2014 ὅρκους
438 1987 493 2004 σου·
515 1977 569 2012 ἐγὼ
583 1978 611 2004 δὲ
635 1977 706 2011 λέγω
719 1977 792 2011 ὑμῖν,
814 1977 850 2011 μὴ
869 1977 964 2012 ὀμόσαι

175 2026 254 2058 ὅλως,
269 2026 325 2053 ἀλλ’
339 2025 414 2051 ἔσται
433 2025 447 2051 ὁ
459 2024 535 2058 λόγος
547 2023 623 2058 ὑμῶν
639 2023 692 2055 ναὶ,
704 2022 746 2049 ναί
757 2031 763 2037 ·
777 2021 820 2053 οὒ,
835 2022 864 2048 οὗ
878 2031 884 2037 ·
894 2022 924 2048 τὸ
937 2023 966 2049 δὲ

175 2072 306 2108 περισσὸν
320 2071 420 2098 τούτων
437 2071 468 2096 ὲκ
482 2069 528 2096 τοῦ
550 2068 667 2104 πονηροῦ
687 2069 753 2095 ἐστι.
772 2078 781 2094 ι
795 2068 850 2095 Καὶ
865 2068 944 2094 πάλιν
957 2077 962 2083 ·

181 2119 211 2146 '0
234 2118 284 2154 μὲν
307 2118 369 2149 τοὺς
391 2115 549 2147 ἀδικοῦντας
566 2114 719 2150 ἀμύνασθαι
743 2114 790 2141 καὶ
813 2114 965 2140 ἁνταδικεῖν

176 2162 384 2199 παρεκελεύετο,
392 2161 487 2196 λέγων’
495 2170 504 2186 (
525 2159 678 2195 Ὀφθαλμὸν
686 2159 746 2186 ἀντὶ
758 2158 906 2194 ὀφθαλμοῦ,
919 2159 966 2185 καὶ

176 2210 271 2237 ὀδόντα
288 2209 348 2236 ἀντὶ
383 2208 505 2239 ὀδόντοςθ
529 2206 584 2241 ἐγὼ
598 2207 625 2233 δὲ
644 2206 714 2240 λέγω
728 2206 802 2240 ὑμῖν,
822 2205 858 2240 μὴ
890 2205 964 2232 ἀντι-

178 2257 274 2292 στῆναι
298 2255 335 2290 τῷ
358 2253 479 2290 πονηρῷ,
501 2253 558 2280 ἀλλ’
573 2253 648 2283 ὅστις
667 2260 695 2278 σε
714 2251 821 2287 ραπίσει
846 2251 892 2277 ἐπὶ
917 2250 964 2286 τὴν
981 2248 1002 2275 Ι)

177 2302 267 2336 δεξιὰν
292 2301 405 2335 σιαγόνα
422 2309 479 2331 σου,
501 2299 615 2334 στρέψον
636 2297 708 2332 αὐτῷ
729 2298 774 2324 καὶ
796 2297 844 2332 τὴν
864 2297 965 2332 ἄλλην·

178 2347 226 2374 καὶ
238 2346 278 2382 τῷ
291 2345 394 2372 θέλοντί
409 2353 448 2371 σοι
465 2344 603 2380 κριθῆναι,
615 2344 662 2370 καὶ
680 2343 724 2369 τὸν
745 2341 846 2378 χιτῶνά
860 2351 905 2369 σου
918 2342 966 2368 λαο

178 2394 244 2425 σεῖν,
261 2393 328 2427 ἄφες
340 2391 415 2426 αὖτῷ
431 2391 478 2417 καὶ
490 2391 519 2417 τὸ
535 2390 667 2426 ἱμάτιον.)
683 2388 736 2414 Καὶ
750 2388 830 2414 πάλιν
841 2396 847 2402 ·
869 2388 897 2412 ’0
917 2387 965 2421 μὲν

179 2440 293 2475 παρῄνει
319 2439 364 2466 τὸν
397 2438 445 2472 μὲν
475 2437 550 2471 φίλον
577 2435 695 2470 ἀγαπᾷν,
728 2435 816 2468 μισεῖν
847 2433 874 2460 δὲ
903 2433 965 2463 τοὺς

177 2485 308 2522 ἐχθρούς·
331 2483 386 2518 ἐγὼ
399 2483 428 2510 δὲ
449 2482 508 2509 καθ’
526 2481 677 2517 ὑπερϐολὴν
700 2479 902 2515 ῳιλανθρωπίας
920 2479 964 2506 καὶ

178 2531 362 2566 ἀνεξικακίας,
380 2530 490 2564 ἀγαπᾷν
515 2529 578 2559 τοὺς
598 2527 711 2562 ἐχθροὺς
730 2526 795 2561 ὑμῖν
820 2525 966 2561 νομοθετῶ,

178 2579 224 2606 καὶ
239 2575 439 2613 προσεύχεσθαι
459 2574 527 2610 ὑπὲρ
549 2573 603 2599 τῶν
619 2572 779 2601 διωκόντων,
796 2571 870 2601 ὅπως
888 2569 968 2604 γένη-

180 2623 225 2650 σθε
239 2623 292 2649 υἱοὶ
307 2622 355 2648 τοῦ
370 2620 478 2656 Πατρὸς
489 2619 565 2654 ὑμῶν
581 2618 627 2644 τοῦ
644 2619 671 2644 ἐν
686 2618 820 2652 οὐρανοῖς,
836 2617 909 2647 ὅστις
923 2616 967 2642 τὸν

177 2670 252 2705 ἥλιον
270 2668 412 2696 ἀνατέλλει
431 2667 477 2692 ἐπί
493 2664 626 2700 πονηροὺς
637 2664 684 2691 καὶ
701 2663 828 2697 ἀγαθοὺς,
843 2663 890 2688 καὶ
908 2661 968 2697 βρέ-

179 2724 219 2749 χει
249 2715 294 2740 ἐπὶ
316 2713 438 2744 δικαίους
461 2711 507 2738 καὶ
523 2710 640 2741 ὣίκους.
666 2709 720 2735 Καὶ
740 2709 785 2735 ἐπὶ
797 2708 917 2739 τούτοις·
937 2709 965 2734 ’0

181 2760 226 2794 μὲν
242 2760 309 2794 πρὸς
328 2758 378 2794 τὴν
398 2757 453 2784 τῶν
477 2756 582 2782 πολλῶν
606 2755 735 2790 σκληρίαν
754 2753 897 2789 ἡρμόζετο,
919 2753 964 2779 καὶ

179 2807 231 2838 τοῖς
246 2805 382 2841 ὲμπαθέσι
403 2802 559 2838 κατάλληλα
580 2801 741 2832 διετάττετο,
765 2799 962 2835 ἐξηλλαγμένον

211 2898 232 2914 "
247 2897 348 2925 Jerem.
367 2904 443 2924 xxxi.
460 2895 504 2925 51,
518 2894 561 2922 5‘2.
601 2893 624 2909 νυ
636 2891 674 2918 ibi
686 2891 702 2917 ‘.
720 2891 763 2919 52.

1014 1631 1076 1651 nam
1099 1621 1282 1657 evangelicam
1309 1620 1459 1647 obtinuere.
1478 1618 1509 1644 Et
1530 1618 1601 1644 hunc
1625 1616 1746 1652 quidem,
1775 1616 1799 1643 si

1015 1669 1132 1696 medium
1155 1668 1270 1694 duorum
1299 1663 1486 1693 constitueris,
1511 1670 1544 1689 ne
1561 1665 1656 1697 putato
1683 1661 1800 1696 amplius

1014 1722 1071 1746 eos,
1088 1714 1133 1748 qui
1151 1721 1165 1739 a
1180 1712 1280 1739 Judzeis
1295 1709 1446 1740 discedant,
1468 1709 1495 1734 in
1508 1708 1618 1734 Graecos
1640 1707 1709 1734 ritus
1725 1715 1802 1742 opor-

1014 1766 1073 1788 tere
1088 1761 1142 1786 ullo
1154 1760 1233 1786 modo
1253 1757 1384 1788 recidere,
1401 1764 1489 1790 neque
1500 1756 1545 1790 qui
1562 1763 1577 1781 a
1593 1754 1694 1780 Grazcis
1711 1753 1800 1779 abdu-

1014 1811 1122 1839 cantur,
1146 1806 1254 1832 Judzees
1285 1804 1341 1831 ﬁeri
1363 1801 1536 1832 necessario,
1555 1800 1601 1828 sed
1617 1799 1663 1826 ubi
1689 1798 1801 1825 tertium

1015 1853 1164 1888 acceperis,
1179 1857 1206 1879 et
1219 1851 1309 1877 medio
1326 1850 1388 1876 loco
1418 1847 1605 1877 constitueris,
1636 1845 1801 1871 eminentem

1015 1906 1152 1934 supraque
1168 1898 1239 1925 alios
1250 1899 1402 1924 exstantem
1418 1894 1557 1924 invenies,
1576 1895 1603 1919 et
1622 1890 1701 1926 quasi
1718 1897 1802 1924 super

1016 1946 1166 1975 celsissimo
1182 1942 1298 1979 quadarn
1315 1942 1425 1977 specula
1451 1940 1595 1968 sublimem
1625 1937 1800 1966 collocatum,

1015 1993 1136 2027 reliquos
1152 1991 1221 2018 duos
1237 1989 1351 2016 inferius
1368 1987 1496 2022 utrinque
1519 1985 1669 2019 despicere.
1703 1981 1803 2016 Ellugit

1015 2040 1087 2066 enim
1099 2042 1125 2065 et
1138 2036 1293 2063 Graecorum
1309 2033 1429 2068 impiam,
1446 2036 1527 2066 atque
1539 2029 1678 2057 erroribus
1695 2027 1802 2062 plenam

1016 2083 1239 2118 superstitionem
1257 2100 1265 2113 ,
1289 2079 1492 2112 dissoliitasque
1524 2075 1732 2105 fornicationes.
1756 2076 1801 2100 at-

1016 2137 1068 2164 que
1083 2128 1240 2156 insolentias
1253 2136 1260 2153 ι
1284 2129 1311 2153 et
1325 2124 1480 2152 Iudaeorum
1503 2121 1608 2153 itidem,
1626 2127 1686 2155 qure
1699 2127 1714 2146 a
1728 2119 1802 2146 Mosa

1017 2174 1136 2210 perfecta
1152 2177 1203 2205 est,
1228 2171 1415 2206 imperfectam
1431 2175 1456 2196 et
1476 2167 1555 2202 quasi
1577 2166 1698 2201 parvulis
1720 2170 1802 2198 atque

1018 2221 1134 2249 infirmis
1145 2218 1375 2246 accommodatam
1392 2214 1605 2243 observantiam.
1619 2211 1802 2238 Domestieam

1018 2276 1109 2304 porro,
1126 2272 1207 2302 atque
1218 2265 1252 2292 ab
1266 2264 1344 2291 initio
1356 2262 1492 2298 propriam
1509 2268 1562 2288 non
1584 2260 1672 2286 solum
1685 2257 1799 2296 ~ludatis,

1016 2303 1064 2344 sed
1074 2319 1101 2342 et
1116 2313 1228 2345 Graecis,
1243 2316 1269 2338 et
1284 2309 1420 2340 barbaris,
1447 2311 1473 2335 et
1486 2313 1655 2341 quacunque
1669 2304 1720 2331 sub
1745 2303 1803 2329 sole

1015 2365 1091 2392 sunt,
1110 2359 1236 2395 gentibus
1262 2357 1413 2384 inclamans
1433 2354 1528 2388 legem,
1546 2351 1608 2379 vide
1627 2349 1692 2385 quid
1706 2349 1798 2376 dicat:

1016 2407 1038 2435 Ο
1065 2407 1157 2438 homo,
1186 2409 1213 2432 et
1243 2404 1399 2431 universum
1431 2399 1585 2426 mortalium
1625 2402 1721 2431 genus,
1747 2393 1801 2428 23

1016 2453 1099 2480 Musis
1122 2451 1230 2486 quidem
1266 2450 1308 2476 lex
1339 2447 1372 2474 ab
1391 2454 1444 2473 uno
1465 2451 1563 2480 genere
1593 2441 1732 2469 hominum
1759 2440 1802 2466 iu—

1016 2498 1131 2532 cupiens,
1147 2495 1268 2522 omnium
1292 2493 1409 2528 primum
1434 2490 1588 2519 Iudaeorum
1611 2494 1707 2522 genus,
1728 2484 1801 2511 illius

1018 2542 1207 2577 promissionis
1236 2541 1332 2575 gratia,
1349 2546 1409 2573 quae
1437 2537 1470 2563 ad
1493 2535 1552 2570 pios
1573 2533 1674 2566 Deique
1697 2530 1802 2556 amicos

1017 2590 1136 2624 ipsorum
1154 2591 1259 2622 patres,
1277 2586 1346 2612 facta
1373 2589 1424 2614 est,
1442 2582 1475 2608 ad
1495 2581 1576 2607 unius
1597 2578 1643 2605 Dei
1666 2575 1802 2611 cognitio-

1016 2619 1077 2662 uein
1101 2619 1257 2667 cultumque
1279 2630 1404 2659 vocabat,
1427 2631 1456 2654 ut
1480 2626 1552 2652 dicto
1580 2622 1738 2652 audientes,
1768 2619 1803 2646 ab

1017 2680 1179 2708 intolerabili
1195 2666 1347 2705 daemonum
1361 2671 1505 2710 tyrannide
1524 2670 1660 2697 liberaret.
1678 2666 1732 2701 Ego
1753 2673 1803 2692 au-

1019 2734 1071 2756 tem
1098 2728 1224 2755 omnibus
1245 2723 1412 2754 hominibus,
1429 2725 1456 2748 et
1470 2727 1529 2755 qua:
1545 2717 1646 2751 ubique
1668 2719 1802 2741 terrarum

1019 2777 1092 2805 sunt,
1109 2773 1234 2808 gentibus
1264 2769 1408 2799 sublimius
1432 2768 1590 2802 provectam
1610 2761 1657 2788 Dei
1675 2758 1803 2795 cognitio
