  <div class='ocr_page' id='page_1' title='image "/cluster/home/n/w/nwhite01/storage/ocr_20150623/22/njp.32101077772497/051.png"; bbox 0 0 2053 3218; ppageno 0'>
   <div class='ocr_carea' id='block_1_1' title="bbox 284 171 1908 208">
    <p class='ocr_par' dir='ltr' id='par_1_1' title="bbox 284 171 1908 208">
     <span class='ocr_line' id='line_1_1' title="bbox 284 171 1908 208; baseline -0.004 0"><span class='ocrx_word' id='word_1_1' title='bbox 284 171 324 208; x_wconf 63' lang='grc' dir='ltr'>σῖ</span> <span class='ocrx_word' id='word_1_2' title='bbox 602 179 736 207; x_wconf 85' lang='lat' dir='ltr'><strong>EUSEBlI</strong></span> <span class='ocrx_word' id='word_1_3' title='bbox 755 178 994 207; x_wconf 63' lang='lat' dir='ltr'><strong>CzESABIENSlS</strong></span> <span class='ocrx_word' id='word_1_4' title='bbox 1013 177 1087 205; x_wconf 82' lang='lat' dir='ltr'><strong>OPP.</strong></span> <span class='ocrx_word' id='word_1_5' title='bbox 1109 175 1197 204; x_wconf 68' lang='lat' dir='ltr'><strong>PARS</strong></span> <span class='ocrx_word' id='word_1_6' title='bbox 1216 175 1248 203; x_wconf 88' lang='grc'><strong>11.</strong></span> <span class='ocrx_word' id='word_1_7' title='bbox 1269 191 1302 195; x_wconf 94' lang='grc'><strong>-</strong></span> <span class='ocrx_word' id='word_1_8' title='bbox 1326 172 1577 204; x_wconf 68' lang='lat' dir='ltr'><strong>APOLOGEUCA.</strong></span> <span class='ocrx_word' id='word_1_9' title='bbox 1872 173 1908 202; x_wconf 70' lang='grc'><strong>66</strong></span> 
     </span>
    </p>
   </div>
   <div class='ocr_carea' id='block_1_2' title="bbox 284 231 1066 271">
    <p class='ocr_par' dir='ltr' id='par_1_2' title="bbox 284 236 1066 271">
     <span class='ocr_line' id='line_1_2' title="bbox 284 236 1066 271; baseline -0.005 -7"><span class='ocrx_word' id='word_1_10' title='bbox 284 244 356 268; x_wconf 73' lang='lat' dir='ltr'><strong>nem,</strong></span> <span class='ocrx_word' id='word_1_11' title='bbox 370 238 398 263; x_wconf 80' lang='lat' dir='ltr'><strong>et</strong></span> <span class='ocrx_word' id='word_1_12' title='bbox 417 236 544 270; x_wconf 72' lang='lat' dir='ltr'><strong>pietatem</strong></span> <span class='ocrx_word' id='word_1_13' title='bbox 562 241 722 270; x_wconf 74' lang='lat' dir='ltr'><strong>apportans,</strong></span> <span class='ocrx_word' id='word_1_14' title='bbox 740 241 771 263; x_wconf 91' lang='lat' dir='ltr'><strong>ut</strong></span> <span class='ocrx_word' id='word_1_15' title='bbox 787 237 819 263; x_wconf 89' lang='lat' dir='ltr'><strong>ad</strong></span> <span class='ocrx_word' id='word_1_16' title='bbox 833 236 953 271; x_wconf 84' lang='lat' dir='ltr'><strong>regulam</strong></span> <span class='ocrx_word' id='word_1_17' title='bbox 965 242 1066 266; x_wconf 82' lang='lat' dir='ltr'><strong>eorum,</strong></span> 
     </span>
    </p>
   </div>
   <div class='ocr_carea' id='block_1_3' title="bbox 1117 231 1907 271">
    <p class='ocr_par' dir='ltr' id='par_1_3' title="bbox 1123 231 1907 267">
     <span class='ocr_line' id='line_1_3' title="bbox 1123 231 1907 267; baseline -0.001 -8"><span class='ocrx_word' id='word_1_18' title='bbox 1123 232 1169 259; x_wconf 69' lang='grc' dir='ltr'><strong>καὶ</strong></span> <span class='ocrx_word' id='word_1_19' title='bbox 1185 231 1371 266; x_wconf 70' lang='grc' dir='ltr'>ὑποϐεϐηκότα</span> <span class='ocrx_word' id='word_1_20' title='bbox 1394 231 1470 266; x_wconf 77' lang='grc' dir='ltr'>παρὰ</span> <span class='ocrx_word' id='word_1_21' title='bbox 1489 231 1534 258; x_wconf 83' lang='grc' dir='ltr'>τὸν</span> <span class='ocrx_word' id='word_1_22' title='bbox 1551 232 1664 258; x_wconf 81' lang='grc' dir='ltr'>παλαιον</span> <span class='ocrx_word' id='word_1_23' title='bbox 1677 231 1776 267; x_wconf 71' lang='grc' dir='ltr'>τρόπον</span> <span class='ocrx_word' id='word_1_24' title='bbox 1791 231 1907 266; x_wconf 53' lang='lat' dir='ltr'><strong>sagas:-</strong></span> 
     </span>
    </p>
   </div>
   <div class='ocr_carea' id='block_1_4' title="bbox 284 278 1069 316">
    <p class='ocr_par' dir='ltr' id='par_1_4' title="bbox 284 278 1069 316">
     <span class='ocr_line' id='line_1_4' title="bbox 284 278 1069 316; baseline -0.004 -9"><span class='ocrx_word' id='word_1_25' title='bbox 284 281 330 316; x_wconf 84' lang='lat' dir='ltr'><strong>qui</strong></span> <span class='ocrx_word' id='word_1_26' title='bbox 345 288 407 307; x_wconf 90' lang='lat' dir='ltr'><strong>cum</strong></span> <span class='ocrx_word' id='word_1_27' title='bbox 420 280 555 307; x_wconf 80' lang='lat' dir='ltr'><strong>Abraham</strong></span> <span class='ocrx_word' id='word_1_28' title='bbox 571 280 706 312; x_wconf 85' lang='lat' dir='ltr'><strong>vixerunt,</strong></span> <span class='ocrx_word' id='word_1_29' title='bbox 720 281 819 315; x_wconf 82' lang='lat' dir='ltr'><strong>quique</strong></span> <span class='ocrx_word' id='word_1_30' title='bbox 834 283 896 306; x_wconf 92' lang='lat' dir='ltr'><strong>ante</strong></span> <span class='ocrx_word' id='word_1_31' title='bbox 910 278 992 306; x_wconf 81' lang='lat' dir='ltr'><strong>Mosis</strong></span> <span class='ocrx_word' id='word_1_32' title='bbox 1004 282 1069 305; x_wconf 66' lang='lat' dir='ltr'><strong>asta-</strong></span> 
     </span>
    </p>
   </div>
   <div class='ocr_carea' id='block_1_5' title="bbox 285 324 1068 361">
    <p class='ocr_par' dir='ltr' id='par_1_5' title="bbox 285 324 1068 361">
     <span class='ocr_line' id='line_1_5' title="bbox 285 324 1068 361; baseline -0.001 -8"><span class='ocrx_word' id='word_1_33' title='bbox 285 331 337 353; x_wconf 90' lang='lat' dir='ltr'><strong>tem</strong></span> <span class='ocrx_word' id='word_1_34' title='bbox 360 326 498 361; x_wconf 78' lang='lat' dir='ltr'><strong>degentes,</strong></span> <span class='ocrx_word' id='word_1_35' title='bbox 523 325 582 360; x_wconf 91' lang='lat' dir='ltr'><strong>ipso</strong></span> <span class='ocrx_word' id='word_1_36' title='bbox 608 333 715 361; x_wconf 88' lang='lat' dir='ltr'><strong>quoque</strong></span> <span class='ocrx_word' id='word_1_37' title='bbox 727 325 880 353; x_wconf 79' lang='lat' dir='ltr'><strong>Abrahamo</strong></span> <span class='ocrx_word' id='word_1_38' title='bbox 902 324 1068 359; x_wconf 75' lang='lat' dir='ltr'><strong>antiquiores</strong></span> 
     </span>
    </p>
   </div>
   <div class='ocr_carea' id='block_1_6' title="bbox 283 370 1068 405">
    <p class='ocr_par' dir='ltr' id='par_1_6' title="bbox 283 370 1068 405">
     <span class='ocr_line' id='line_1_6' title="bbox 283 370 1068 405; baseline -0.004 -6"><span class='ocrx_word' id='word_1_39' title='bbox 283 373 422 402; x_wconf 66' lang='lat' dir='ltr'><strong>exstitere,</strong></span> <span class='ocrx_word' id='word_1_40' title='bbox 436 371 497 398; x_wconf 73' lang='lat' dir='ltr'><strong>vitae</strong></span> <span class='ocrx_word' id='word_1_41' title='bbox 514 379 570 398; x_wconf 80' lang='lat' dir='ltr'><strong>sua:</strong></span> <span class='ocrx_word' id='word_1_42' title='bbox 586 371 762 398; x_wconf 85' lang='lat' dir='ltr'><strong>moderentur</strong></span> <span class='ocrx_word' id='word_1_43' title='bbox 771 370 911 402; x_wconf 74' lang='lat' dir='ltr'><strong>adhortor,</strong></span> <span class='ocrx_word' id='word_1_44' title='bbox 929 371 955 397; x_wconf 92' lang='lat' dir='ltr'><strong>in</strong></span> <span class='ocrx_word' id='word_1_45' title='bbox 969 370 1068 405; x_wconf 83' lang='lat' dir='ltr'><strong>quibus</strong></span> 
     </span>
    </p>
   </div>
   <div class='ocr_carea' id='block_1_7' title="bbox 283 415 1069 452">
    <p class='ocr_par' dir='ltr' id='par_1_7' title="bbox 283 415 1069 452">
     <span class='ocr_line' id='line_1_7' title="bbox 283 415 1069 452; baseline -0.003 -7"><span class='ocrx_word' id='word_1_46' title='bbox 283 418 318 445; x_wconf 84' lang='lat' dir='ltr'><strong>ab</strong></span> <span class='ocrx_word' id='word_1_47' title='bbox 333 418 452 445; x_wconf 83' lang='lat' dir='ltr'><strong>externis</strong></span> <span class='ocrx_word' id='word_1_48' title='bbox 473 417 599 452; x_wconf 83' lang='lat' dir='ltr'><strong>gentibus</strong></span> <span class='ocrx_word' id='word_1_49' title='bbox 614 415 739 451; x_wconf 78' lang='lat' dir='ltr'><strong>profecti,</strong></span> <span class='ocrx_word' id='word_1_50' title='bbox 758 416 804 451; x_wconf 88' lang='lat' dir='ltr'><strong>qui</strong></span> <span class='ocrx_word' id='word_1_51' title='bbox 819 415 853 442; x_wconf 91' lang='lat' dir='ltr'><strong>de</strong></span> <span class='ocrx_word' id='word_1_52' title='bbox 868 416 948 442; x_wconf 86' lang='lat' dir='ltr'><strong>laude</strong></span> <span class='ocrx_word' id='word_1_53' title='bbox 961 415 1069 450; x_wconf 86' lang='lat' dir='ltr'><strong>pietatis</strong></span> 
     </span>
    </p>
   </div>
   <div class='ocr_carea' id='block_1_8' title="bbox 283 460 1068 498">
    <p class='ocr_par' dir='ltr' id='par_1_8' title="bbox 283 460 1068 498">
     <span class='ocr_line' id='line_1_8' title="bbox 283 460 1068 498; baseline -0.005 -8"><span class='ocrx_word' id='word_1_54' title='bbox 283 464 397 497; x_wconf 76' lang='lat' dir='ltr'><strong>gloriam</strong></span> <span class='ocrx_word' id='word_1_55' title='bbox 413 463 502 498; x_wconf 79' lang='lat' dir='ltr'><strong>adepti</strong></span> <span class='ocrx_word' id='word_1_56' title='bbox 511 465 584 493; x_wconf 85' lang='lat' dir='ltr'><strong>sunt.</strong></span> <span class='ocrx_word' id='word_1_57' title='bbox 595 461 686 496; x_wconf 83' lang='lat' dir='ltr'><strong>plures</strong></span> <span class='ocrx_word' id='word_1_58' title='bbox 697 464 893 488; x_wconf 79' lang='lat' dir='ltr'><strong>memorantur.</strong></span> <span class='ocrx_word' id='word_1_59' title='bbox 909 460 941 486; x_wconf 81' lang='lat' dir='ltr'><strong>Et</strong></span> <span class='ocrx_word' id='word_1_60' title='bbox 952 467 1047 487; x_wconf 87' lang='lat' dir='ltr'><strong>rursus</strong></span> <span class='ocrx_word' id='word_1_61' title='bbox 1061 469 1068 487; x_wconf 87' lang='lat'><strong>:</strong></span> 
     </span>
    </p>
   </div>
   <div class='ocr_carea' id='block_1_9' title="bbox 283 505 1070 542">
    <p class='ocr_par' dir='ltr' id='par_1_9' title="bbox 283 505 1070 542">
     <span class='ocr_line' id='line_1_9' title="bbox 283 505 1070 542; baseline -0.004 -7"><span class='ocrx_word' id='word_1_62' title='bbox 283 507 367 535; x_wconf 78' lang='lat' dir='ltr'><strong>Mosis</strong></span> <span class='ocrx_word' id='word_1_63' title='bbox 382 508 491 542; x_wconf 86' lang='lat' dir='ltr'><strong>quidem</strong></span> <span class='ocrx_word' id='word_1_64' title='bbox 516 507 569 538; x_wconf 95' lang='lat' dir='ltr'><strong>lex,</strong></span> <span class='ocrx_word' id='word_1_65' title='bbox 591 507 619 534; x_wconf 91' lang='lat' dir='ltr'><strong>in</strong></span> <span class='ocrx_word' id='word_1_66' title='bbox 639 514 723 534; x_wconf 90' lang='lat' dir='ltr'><strong>unum</strong></span> <span class='ocrx_word' id='word_1_67' title='bbox 745 511 823 534; x_wconf 80' lang='lat' dir='ltr'><strong>terra:</strong></span> <span class='ocrx_word' id='word_1_68' title='bbox 836 511 940 533; x_wconf 88' lang='lat' dir='ltr'><strong>certum</strong></span> <span class='ocrx_word' id='word_1_69' title='bbox 957 513 989 533; x_wconf 84' lang='lat' dir='ltr'><strong>ac</strong></span> <span class='ocrx_word' id='word_1_70' title='bbox 1003 505 1070 532; x_wconf 85' lang='lat' dir='ltr'><strong>deii-</strong></span> 
     </span>
    </p>
   </div>
   <div class='ocr_carea' id='block_1_10' title="bbox 282 551 1069 588">
    <p class='ocr_par' dir='ltr' id='par_1_10' title="bbox 282 551 1069 588">
     <span class='ocr_line' id='line_1_10' title="bbox 282 551 1069 588; baseline -0.005 -7"><span class='ocrx_word' id='word_1_71' title='bbox 282 554 369 581; x_wconf 84' lang='lat' dir='ltr'><strong>nitum</strong></span> <span class='ocrx_word' id='word_1_72' title='bbox 391 554 490 584; x_wconf 92' lang='lat' dir='ltr'><strong>locum,</strong></span> <span class='ocrx_word' id='word_1_73' title='bbox 505 561 551 580; x_wconf 92' lang='lat' dir='ltr'><strong>eos</strong></span> <span class='ocrx_word' id='word_1_74' title='bbox 576 553 622 587; x_wconf 93' lang='lat' dir='ltr'><strong>qui</strong></span> <span class='ocrx_word' id='word_1_75' title='bbox 645 552 784 588; x_wconf 80' lang='lat' dir='ltr'><strong>religionis</strong></span> <span class='ocrx_word' id='word_1_76' title='bbox 807 551 975 587; x_wconf 89' lang='lat' dir='ltr'><strong>propositum</strong></span> <span class='ocrx_word' id='word_1_77' title='bbox 994 558 1069 578; x_wconf 90' lang='lat' dir='ltr'><strong>com-</strong></span> 
     </span>
    </p>
   </div>
   <div class='ocr_carea' id='block_1_11' title="bbox 283 597 1066 635">
    <p class='ocr_par' dir='ltr' id='par_1_11' title="bbox 283 597 1066 635">
     <span class='ocr_line' id='line_1_11' title="bbox 283 597 1066 635; baseline -0.003 -8"><span class='ocrx_word' id='word_1_78' title='bbox 283 600 354 635; x_wconf 83' lang='lat' dir='ltr'><strong>plexi</strong></span> <span class='ocrx_word' id='word_1_79' title='bbox 365 604 465 631; x_wconf 85' lang='lat' dir='ltr'><strong>essent,</strong></span> <span class='ocrx_word' id='word_1_80' title='bbox 477 607 509 626; x_wconf 84' lang='lat' dir='ltr'><strong>ex</strong></span> <span class='ocrx_word' id='word_1_81' title='bbox 521 599 582 626; x_wconf 89' lang='lat' dir='ltr'><strong>aliis</strong></span> <span class='ocrx_word' id='word_1_82' title='bbox 598 598 727 626; x_wconf 90' lang='lat' dir='ltr'><strong>omnibus</strong></span> <span class='ocrx_word' id='word_1_83' title='bbox 743 599 810 625; x_wconf 85' lang='lat' dir='ltr'><strong>locis</strong></span> <span class='ocrx_word' id='word_1_84' title='bbox 824 597 1066 633; x_wconf 86' lang='lat' dir='ltr'><strong>currerejubebat:</strong></span> 
     </span>
    </p>
   </div>
   <div class='ocr_carea' id='block_1_12' title="bbox 280 643 1066 680">
    <p class='ocr_par' dir='ltr' id='par_1_12' title="bbox 280 643 1066 680">
     <span class='ocr_line' id='line_1_12' title="bbox 280 643 1066 680; baseline -0.003 -8"><span class='ocrx_word' id='word_1_85' title='bbox 280 652 331 680; x_wconf 85' lang='lat' dir='ltr'><strong>ego</strong></span> <span class='ocrx_word' id='word_1_86' title='bbox 361 649 452 671; x_wconf 86' lang='lat' dir='ltr'><strong>autem</strong></span> <span class='ocrx_word' id='word_1_87' title='bbox 473 645 625 672; x_wconf 88' lang='lat' dir='ltr'><strong>condonata</strong></span> <span class='ocrx_word' id='word_1_88' title='bbox 650 645 777 671; x_wconf 89' lang='lat' dir='ltr'><strong>omnibus</strong></span> <span class='ocrx_word' id='word_1_89' title='bbox 802 644 937 676; x_wconf 83' lang='lat' dir='ltr'><strong>libertate,</strong></span> <span class='ocrx_word' id='word_1_90' title='bbox 959 651 1013 671; x_wconf 88' lang='lat' dir='ltr'><strong>non</strong></span> <span class='ocrx_word' id='word_1_91' title='bbox 1040 643 1066 670; x_wconf 89' lang='lat' dir='ltr'><strong>in</strong></span> 
     </span>
    </p>
   </div>
   <div class='ocr_carea' id='block_1_13' title="bbox 280 689 1069 725">
    <p class='ocr_par' dir='ltr' id='par_1_13' title="bbox 280 689 1069 725">
     <span class='ocr_line' id='line_1_13' title="bbox 280 689 1069 725; baseline 0 -9"><span class='ocrx_word' id='word_1_92' title='bbox 280 689 398 725; x_wconf 89' lang='lat' dir='ltr'><strong>quodam</strong></span> <span class='ocrx_word' id='word_1_93' title='bbox 414 695 491 717; x_wconf 71' lang='lat' dir='ltr'><strong>terra:</strong></span> <span class='ocrx_word' id='word_1_94' title='bbox 506 689 614 724; x_wconf 81' lang='lat' dir='ltr'><strong>angulo,</strong></span> <span class='ocrx_word' id='word_1_95' title='bbox 631 697 719 724; x_wconf 90' lang='lat' dir='ltr'><strong>neque</strong></span> <span class='ocrx_word' id='word_1_96' title='bbox 734 689 761 716; x_wconf 92' lang='lat' dir='ltr'><strong>in</strong></span> <span class='ocrx_word' id='word_1_97' title='bbox 776 689 925 722; x_wconf 81' lang='lat' dir='ltr'><strong>montibus,</strong></span> <span class='ocrx_word' id='word_1_98' title='bbox 942 693 988 716; x_wconf 86' lang='lat' dir='ltr'><strong>aut</strong></span> <span class='ocrx_word' id='word_1_99' title='bbox 1008 689 1069 724; x_wconf 92' lang='lat' dir='ltr'><strong>qui-</strong></span> 
     </span>
    </p>
   </div>
   <div class='ocr_carea' id='block_1_14' title="bbox 280 735 1067 771">
    <p class='ocr_par' dir='ltr' id='par_1_14' title="bbox 280 735 1067 771">
     <span class='ocr_line' id='line_1_14' title="bbox 280 735 1067 771; baseline 0 -8"><span class='ocrx_word' id='word_1_100' title='bbox 280 735 395 763; x_wconf 88' lang='lat' dir='ltr'><strong>busdam</strong></span> <span class='ocrx_word' id='word_1_101' title='bbox 422 739 504 762; x_wconf 89' lang='lat' dir='ltr'><strong>manu</strong></span> <span class='ocrx_word' id='word_1_102' title='bbox 528 735 606 763; x_wconf 89' lang='lat' dir='ltr'><strong>factis</strong></span> <span class='ocrx_word' id='word_1_103' title='bbox 625 735 745 771; x_wconf 83' lang='lat' dir='ltr'><strong>templis,</strong></span> <span class='ocrx_word' id='word_1_104' title='bbox 766 735 850 763; x_wconf 86' lang='lat' dir='ltr'><strong>Deum</strong></span> <span class='ocrx_word' id='word_1_105' title='bbox 873 744 1004 771; x_wconf 72' lang='lat' dir='ltr'><strong>quaerere,</strong></span> <span class='ocrx_word' id='word_1_106' title='bbox 1020 736 1067 763; x_wconf 91' lang='lat' dir='ltr'><strong>sed</strong></span> 
     </span>
    </p>
   </div>
   <div class='ocr_carea' id='block_1_15' title="bbox 279 781 1068 816">
    <p class='ocr_par' dir='ltr' id='par_1_15' title="bbox 279 781 1068 816">
     <span class='ocr_line' id='line_1_15' title="bbox 279 781 1068 816; baseline -0.001 -7"><span class='ocrx_word' id='word_1_107' title='bbox 279 782 353 810; x_wconf 91' lang='lat' dir='ltr'><strong>domi</strong></span> <span class='ocrx_word' id='word_1_108' title='bbox 363 789 419 809; x_wconf 75' lang='lat' dir='ltr'><strong>sua:</strong></span> <span class='ocrx_word' id='word_1_109' title='bbox 428 789 648 816; x_wconf 89' lang='lat' dir='ltr'><strong>unumquemque</strong></span> <span class='ocrx_word' id='word_1_110' title='bbox 658 781 732 807; x_wconf 90' lang='lat' dir='ltr'><strong>illum</strong></span> <span class='ocrx_word' id='word_1_111' title='bbox 749 781 838 808; x_wconf 87' lang='lat' dir='ltr'><strong>colere</strong></span> <span class='ocrx_word' id='word_1_112' title='bbox 854 786 935 816; x_wconf 87' lang='lat' dir='ltr'><strong>atque</strong></span> <span class='ocrx_word' id='word_1_113' title='bbox 952 781 1068 809; x_wconf 89' lang='lat' dir='ltr'><strong>adorare</strong></span> 
     </span>
    </p>
   </div>
   <div class='ocr_carea' id='block_1_16' title="bbox 279 826 1067 863">
    <p class='ocr_par' dir='ltr' id='par_1_16' title="bbox 279 826 1067 863">
     <span class='ocr_line' id='line_1_16' title="bbox 279 826 1067 863; baseline 0 -8"><span class='ocrx_word' id='word_1_114' title='bbox 279 828 418 863; x_wconf 67' lang='lat' dir='ltr'><strong>praecipio.</strong></span> <span class='ocrx_word' id='word_1_115' title='bbox 442 826 475 853; x_wconf 83' lang='lat' dir='ltr'><strong>Et</strong></span> <span class='ocrx_word' id='word_1_116' title='bbox 495 835 592 854; x_wconf 83' lang='lat' dir='ltr'><strong>rursus</strong></span> <span class='ocrx_word' id='word_1_117' title='bbox 606 836 612 853; x_wconf 87' lang='lat'>:</span> <span class='ocrx_word' id='word_1_118' title='bbox 626 826 711 854; x_wconf 84' lang='lat' dir='ltr'><strong>Vetus</strong></span> <span class='ocrx_word' id='word_1_119' title='bbox 722 827 830 862; x_wconf 83' lang='lat' dir='ltr'><strong>quidem</strong></span> <span class='ocrx_word' id='word_1_120' title='bbox 850 827 905 860; x_wconf 87' lang='lat' dir='ltr'><strong>lex,</strong></span> <span class='ocrx_word' id='word_1_121' title='bbox 925 828 1067 856; x_wconf 82' lang='lat' dir='ltr'><strong>sacriﬁciis</strong></span> 
     </span>
    </p>
   </div>
   <div class='ocr_carea' id='block_1_17' title="bbox 279 871 1066 908">
    <p class='ocr_par' dir='ltr' id='par_1_17' title="bbox 279 871 1066 908">
     <span class='ocr_line' id='line_1_17' title="bbox 279 871 1066 908; baseline -0.001 -7"><span class='ocrx_word' id='word_1_122' title='bbox 279 878 308 901; x_wconf 89' lang='lat' dir='ltr'><strong>et</strong></span> <span class='ocrx_word' id='word_1_123' title='bbox 332 873 489 900; x_wconf 78' lang='lat' dir='ltr'><strong>animalium</strong></span> <span class='ocrx_word' id='word_1_124' title='bbox 516 871 646 905; x_wconf 64' lang='lat' dir='ltr'><strong>caedibus,</strong></span> <span class='ocrx_word' id='word_1_125' title='bbox 665 872 799 908; x_wconf 88' lang='lat' dir='ltr'><strong>tbureque</strong></span> <span class='ocrx_word' id='word_1_126' title='bbox 821 877 847 900; x_wconf 89' lang='lat' dir='ltr'><strong>ct</strong></span> <span class='ocrx_word' id='word_1_127' title='bbox 869 874 940 908; x_wconf 82' lang='lat' dir='ltr'><strong>igne,</strong></span> <span class='ocrx_word' id='word_1_128' title='bbox 958 877 984 901; x_wconf 88' lang='lat' dir='ltr'><strong>et</strong></span> <span class='ocrx_word' id='word_1_129' title='bbox 1007 873 1066 900; x_wconf 89' lang='lat' dir='ltr'><strong>aliis</strong></span> 
     </span>
    </p>
   </div>
   <div class='ocr_carea' id='block_1_18' title="bbox 1119 276 1909 313">
    <p class='ocr_par' dir='ltr' id='par_1_18' title="bbox 1119 276 1909 313">
     <span class='ocr_line' id='line_1_18' title="bbox 1119 276 1909 313; baseline 0 -10"><span class='ocrx_word' id='word_1_130' title='bbox 1119 278 1180 309; x_wconf 77' lang='grc' dir='ltr'>δοὺς</span> <span class='ocrx_word' id='word_1_131' title='bbox 1202 277 1342 309; x_wconf 76' lang='grc' dir='ltr'>εὐσεϐείας</span> <span class='ocrx_word' id='word_1_132' title='bbox 1354 286 1360 291; x_wconf 93' lang='grc'><strong>·</strong></span> <span class='ocrx_word' id='word_1_133' title='bbox 1378 276 1433 312; x_wconf 74' lang='grc' dir='ltr'><strong>ἐγὼ</strong></span> <span class='ocrx_word' id='word_1_134' title='bbox 1450 277 1478 303; x_wconf 80' lang='grc' dir='ltr'><strong>δὲ</strong></span> <span class='ocrx_word' id='word_1_135' title='bbox 1499 277 1545 303; x_wconf 69' lang='grc' dir='ltr'><strong>ἐπὶ</strong></span> <span class='ocrx_word' id='word_1_136' title='bbox 1560 278 1605 304; x_wconf 81' lang='grc' dir='ltr'>τὸν</span> <span class='ocrx_word' id='word_1_137' title='bbox 1621 277 1758 313; x_wconf 76' lang='grc' dir='ltr'><strong>πρόπαλαι</strong></span> <span class='ocrx_word' id='word_1_138' title='bbox 1778 276 1909 312; x_wconf 71' lang='grc' dir='ltr'>θεοφιλῶν</span> 
     </span>
    </p>
   </div>
   <div class='ocr_carea' id='block_1_19' title="bbox 1119 323 1910 359">
    <p class='ocr_par' dir='ltr' id='par_1_19' title="bbox 1119 323 1910 359">
     <span class='ocr_line' id='line_1_19' title="bbox 1119 323 1910 359; baseline 0 -9"><span class='ocrx_word' id='word_1_139' title='bbox 1119 323 1223 359; x_wconf 80' lang='grc' dir='ltr'>ἀνδρῶν</span> <span class='ocrx_word' id='word_1_140' title='bbox 1249 323 1345 359; x_wconf 71' lang='grc' dir='ltr'>εὐσεϐῆ</span> <span class='ocrx_word' id='word_1_141' title='bbox 1363 324 1410 350; x_wconf 82' lang='grc' dir='ltr'><strong>καὶ</strong></span> <span class='ocrx_word' id='word_1_142' title='bbox 1430 323 1540 359; x_wconf 70' lang='grc' dir='ltr'>θεοφιλῆ</span> <span class='ocrx_word' id='word_1_143' title='bbox 1563 323 1618 359; x_wconf 87' lang='grc' dir='ltr'>βίον</span> <span class='ocrx_word' id='word_1_144' title='bbox 1636 323 1822 358; x_wconf 78' lang='grc' dir='ltr'>ἀνακαλοῦμαι</span> <span class='ocrx_word' id='word_1_145' title='bbox 1845 323 1910 354; x_wconf 82' lang='grc' dir='ltr'>τοὺς</span> 
     </span>
    </p>
   </div>
   <div class='ocr_carea' id='block_1_20' title="bbox 1119 368 1909 404">
    <p class='ocr_par' dir='ltr' id='par_1_20' title="bbox 1119 368 1909 404">
     <span class='ocr_line' id='line_1_20' title="bbox 1119 368 1909 404; baseline 0 -9"><span class='ocrx_word' id='word_1_146' title='bbox 1119 370 1232 401; x_wconf 71' lang='grc' dir='ltr'>πάντας.</span> <span class='ocrx_word' id='word_1_147' title='bbox 1251 369 1306 395; x_wconf 77' lang='grc' dir='ltr'><strong>Καὶ</strong></span> <span class='ocrx_word' id='word_1_148' title='bbox 1329 369 1370 403; x_wconf 72' lang='grc' dir='ltr'><strong>ἐφ’</strong></span> <span class='ocrx_word' id='word_1_149' title='bbox 1388 369 1488 396; x_wconf 75' lang='grc' dir='ltr'>ἅπασιν</span> <span class='ocrx_word' id='word_1_150' title='bbox 1501 377 1507 384; x_wconf 70' lang='grc'><strong>⁸</strong></span> <span class='ocrx_word' id='word_1_151' title='bbox 1527 371 1540 396; x_wconf 84' lang='grc' dir='ltr'><strong>ὀ</strong></span> <span class='ocrx_word' id='word_1_152' title='bbox 1567 370 1616 404; x_wconf 85' lang='grc' dir='ltr'>μὲν</span> <span class='ocrx_word' id='word_1_153' title='bbox 1636 369 1688 404; x_wconf 83' lang='grc' dir='ltr'>γῆν</span> <span class='ocrx_word' id='word_1_154' title='bbox 1705 369 1820 404; x_wconf 74' lang='grc' dir='ltr'>ῥέουσαν</span> <span class='ocrx_word' id='word_1_155' title='bbox 1837 368 1909 403; x_wconf 86' lang='grc' dir='ltr'>γάλα</span> 
     </span>
    </p>
   </div>
   <div class='ocr_carea' id='block_1_21' title="bbox 1119 412 1909 450">
    <p class='ocr_par' dir='ltr' id='par_1_21' title="bbox 1119 412 1909 450">
     <span class='ocr_line' id='line_1_21' title="bbox 1119 412 1909 450; baseline -0.003 -8"><span class='ocrx_word' id='word_1_156' title='bbox 1119 415 1166 442; x_wconf 69' lang='grc' dir='ltr'>καὶ</span> <span class='ocrx_word' id='word_1_157' title='bbox 1181 415 1249 450; x_wconf 79' lang='grc' dir='ltr'>μέλι,</span> <span class='ocrx_word' id='word_1_158' title='bbox 1261 412 1305 441; x_wconf 75' lang='grc' dir='ltr'>οἷα</span> <span class='ocrx_word' id='word_1_159' title='bbox 1319 414 1629 450; x_wconf 76' lang='grc' dir='ltr'>νηπίοις,,ὲπηγγέλλετο</span> <span class='ocrx_word' id='word_1_160' title='bbox 1638 423 1644 429; x_wconf 88' lang='grc'>·</span> <span class='ocrx_word' id='word_1_161' title='bbox 1659 415 1714 448; x_wconf 75' lang='grc' dir='ltr'><strong>ἐγὼ</strong></span> <span class='ocrx_word' id='word_1_162' title='bbox 1728 414 1755 440; x_wconf 81' lang='grc' dir='ltr'><strong>δὲ</strong></span> <span class='ocrx_word' id='word_1_163' title='bbox 1770 414 1909 449; x_wconf 84' lang='grc' dir='ltr'>βασιλειαν</span> 
     </span>
    </p>
   </div>
   <div class='ocr_carea' id='block_1_22' title="bbox 1119 460 1908 497">
    <p class='ocr_par' dir='ltr' id='par_1_22' title="bbox 1119 460 1908 497">
     <span class='ocr_line' id='line_1_22' title="bbox 1119 460 1908 497; baseline 0 -10"><span class='ocrx_word' id='word_1_164' title='bbox 1119 461 1240 497; x_wconf 80' lang='grc' dir='ltr'>οὐρανῶν</span> <span class='ocrx_word' id='word_1_165' title='bbox 1253 461 1308 492; x_wconf 81' lang='grc' dir='ltr'>τοῖς</span> <span class='ocrx_word' id='word_1_166' title='bbox 1330 460 1396 491; x_wconf 80' lang='grc' dir='ltr'>οἵοις</span> <span class='ocrx_word' id='word_1_167' title='bbox 1418 469 1447 487; x_wconf 87' lang='grc' dir='ltr'><strong>τε</strong></span> <span class='ocrx_word' id='word_1_168' title='bbox 1472 462 1570 496; x_wconf 82' lang='grc' dir='ltr'>χωρεῖν</span> <span class='ocrx_word' id='word_1_169' title='bbox 1591 460 1721 496; x_wconf 77' lang='grc' dir='ltr'>προξενῶ.</span> <span class='ocrx_word' id='word_1_170' title='bbox 1743 461 1835 487; x_wconf 76' lang='grc' dir='ltr'>Ταῦτα</span> <span class='ocrx_word' id='word_1_171' title='bbox 1860 460 1908 487; x_wconf 77' lang='grc' dir='ltr'><strong>καὶ</strong></span> 
     </span>
    </p>
   </div>
   <div class='ocr_carea' id='block_1_23' title="bbox 1119 499 1908 542">
    <p class='ocr_par' dir='ltr' id='par_1_23' title="bbox 1119 499 1908 542">
     <span class='ocr_line' id='line_1_23' title="bbox 1119 499 1908 542; baseline 0 -10"><span class='ocrx_word' id='word_1_172' title='bbox 1119 506 1153 532; x_wconf 73' lang='grc' dir='ltr'><strong>τὰ</strong></span> <span class='ocrx_word' id='word_1_173' title='bbox 1175 505 1296 536; x_wconf 70' lang='grc' dir='ltr'>τοιαῦτα.</span> <span class='ocrx_word' id='word_1_174' title='bbox 1318 506 1332 531; x_wconf 82' lang='grc' dir='ltr'>ὁ</span> <span class='ocrx_word' id='word_1_175' title='bbox 1354 505 1403 540; x_wconf 84' lang='grc' dir='ltr'>τῆς</span> <span class='ocrx_word' id='word_1_176' title='bbox 1417 499 1519 540; x_wconf 75' lang='grc' dir='ltr'>καινῆς</span> <span class='ocrx_word' id='word_1_177' title='bbox 1539 505 1674 540; x_wconf 80' lang='grc' dir='ltr'>Διαοήκης</span> <span class='ocrx_word' id='word_1_178' title='bbox 1691 505 1769 540; x_wconf 83' lang='grc' dir='ltr'>λόγος</span> <span class='ocrx_word' id='word_1_179' title='bbox 1792 505 1835 532; x_wconf 66' lang='grc' dir='ltr'><strong>διὰ</strong></span> <span class='ocrx_word' id='word_1_180' title='bbox 1859 506 1908 542; x_wconf 79' lang='grc' dir='ltr'>τῆς</span> 
     </span>
    </p>
   </div>
   <div class='ocr_carea' id='block_1_24' title="bbox 1121 552 1906 588">
    <p class='ocr_par' dir='ltr' id='par_1_24' title="bbox 1121 552 1906 588">
     <span class='ocr_line' id='line_1_24' title="bbox 1121 552 1906 588; baseline 0.003 -10"><span class='ocrx_word' id='word_1_181' title='bbox 1121 552 1239 588; x_wconf 77' lang='grc' dir='ltr'><strong>Χριστοῦ</strong></span> <span class='ocrx_word' id='word_1_182' title='bbox 1261 552 1434 584; x_wconf 73' lang='grc' dir='ltr'><strong>διδασκαλίας</strong></span> <span class='ocrx_word' id='word_1_183' title='bbox 1459 553 1524 578; x_wconf 77' lang='grc' dir='ltr'>πᾶσι</span> <span class='ocrx_word' id='word_1_184' title='bbox 1546 552 1709 588; x_wconf 78' lang='grc' dir='ltr'><strong>κατήγγειλε</strong></span> <span class='ocrx_word' id='word_1_185' title='bbox 1731 554 1786 584; x_wconf 85' lang='grc' dir='ltr'>τοῖς</span> <span class='ocrx_word' id='word_1_186' title='bbox 1808 552 1906 580; x_wconf 79' lang='grc' dir='ltr'>ἔθνεσι.</span> 
     </span>
    </p>
   </div>
   <div class='ocr_carea' id='block_1_25' title="bbox 1119 595 1908 634">
    <p class='ocr_par' dir='ltr' id='par_1_25' title="bbox 1119 595 1908 634">
     <span class='ocr_line' id='line_1_25' title="bbox 1119 595 1908 634; baseline 0 -10"><span class='ocrx_word' id='word_1_187' title='bbox 1119 598 1174 624; x_wconf 75' lang='grc' dir='ltr'><strong>Καὶ</strong></span> <span class='ocrx_word' id='word_1_188' title='bbox 1187 598 1271 624; x_wconf 77' lang='grc' dir='ltr'>ταῦτα.</span> <span class='ocrx_word' id='word_1_189' title='bbox 1283 595 1327 633; x_wconf 78' lang='grc' dir='ltr'><strong>ἦν,</strong></span> <span class='ocrx_word' id='word_1_190' title='bbox 1346 598 1363 624; x_wconf 79' lang='grc' dir='ltr'>ει</span> <span class='ocrx_word' id='word_1_191' title='bbox 1378 600 1434 630; x_wconf 79' lang='grc' dir='ltr'>τοῖς</span> <span class='ocrx_word' id='word_1_192' title='bbox 1454 597 1536 625; x_wconf 79' lang='grc' dir='ltr'>αὑτοῦ</span> <span class='ocrx_word' id='word_1_193' title='bbox 1553 598 1685 634; x_wconf 75' lang='grc' dir='ltr'><strong>μαθηταῖς</strong></span> <span class='ocrx_word' id='word_1_194' title='bbox 1702 599 1716 624; x_wconf 81' lang='grc' dir='ltr'>ὁ</span> <span class='ocrx_word' id='word_1_195' title='bbox 1729 598 1845 633; x_wconf 73' lang='grc' dir='ltr'>Χριστὸς</span> <span class='ocrx_word' id='word_1_196' title='bbox 1860 597 1908 625; x_wconf 84' lang='grc' dir='ltr'><strong>τοῦ</strong></span> 
     </span>
    </p>
   </div>
   <div class='ocr_carea' id='block_1_26' title="bbox 1119 644 1908 681">
    <p class='ocr_par' dir='ltr' id='par_1_26' title="bbox 1119 644 1908 681">
     <span class='ocr_line' id='line_1_26' title="bbox 1119 644 1908 681; baseline 0.001 -11"><span class='ocrx_word' id='word_1_197' title='bbox 1119 644 1186 670; x_wconf 78' lang='grc' dir='ltr'>Θεοῦ</span> <span class='ocrx_word' id='word_1_198' title='bbox 1208 645 1274 671; x_wconf 78' lang='grc' dir='ltr'>πᾶσι</span> <span class='ocrx_word' id='word_1_199' title='bbox 1298 646 1353 676; x_wconf 79' lang='grc' dir='ltr'>τοῖς</span> <span class='ocrx_word' id='word_1_200' title='bbox 1376 644 1464 671; x_wconf 75' lang='grc' dir='ltr'>ἔθνεσι</span> <span class='ocrx_word' id='word_1_201' title='bbox 1490 645 1683 678; x_wconf 75' lang='grc' dir='ltr'><strong>καταγγέλλειν</strong></span> <span class='ocrx_word' id='word_1_202' title='bbox 1706 645 1832 680; x_wconf 81' lang='grc' dir='ltr'><strong>παρῄνει,</strong></span> <span class='ocrx_word' id='word_1_203' title='bbox 1854 646 1908 681; x_wconf 77' lang='grc' dir='ltr'><strong>φή-</strong></span> 
     </span>
    </p>
   </div>
   <div class='ocr_carea' id='block_1_27' title="bbox 1119 690 1901 727">
    <p class='ocr_par' dir='ltr' id='par_1_27' title="bbox 1119 690 1901 727">
     <span class='ocr_line' id='line_1_27' title="bbox 1119 690 1901 727; baseline -0.001 -10"><span class='ocrx_word' id='word_1_204' title='bbox 1119 699 1186 722; x_wconf 78' lang='grc' dir='ltr'>σας·</span> <span class='ocrx_word' id='word_1_205' title='bbox 1213 700 1222 716; x_wconf 73' lang='lat' dir='ltr'><strong>t</strong></span> <span class='ocrx_word' id='word_1_206' title='bbox 1246 690 1427 726; x_wconf 79' lang='grc' dir='ltr'><strong>Πορευθέντες</strong></span> <span class='ocrx_word' id='word_1_207' title='bbox 1451 690 1638 726; x_wconf 73' lang='grc' dir='ltr'><strong>μαθητεύσατε</strong></span> <span class='ocrx_word' id='word_1_208' title='bbox 1661 691 1750 717; x_wconf 78' lang='grc' dir='ltr'>πάντα</span> <span class='ocrx_word' id='word_1_209' title='bbox 1775 690 1808 716; x_wconf 76' lang='grc' dir='ltr'>τὰ</span> <span class='ocrx_word' id='word_1_210' title='bbox 1824 690 1901 727; x_wconf 74' lang='grc' dir='ltr'>ἔθνη,</span> 
     </span>
    </p>
   </div>
   <div class='ocr_carea' id='block_1_28' title="bbox 1118 738 1908 775">
    <p class='ocr_par' dir='ltr' id='par_1_28' title="bbox 1118 738 1908 775">
     <span class='ocr_line' id='line_1_28' title="bbox 1118 738 1908 775; baseline 0.001 -10"><span class='ocrx_word' id='word_1_211' title='bbox 1118 738 1287 771; x_wconf 73' lang='grc' dir='ltr'><strong>διδάσκοντες</strong></span> <span class='ocrx_word' id='word_1_212' title='bbox 1309 740 1407 770; x_wconf 70' lang='grc' dir='ltr'>αὐτοὺς</span> <span class='ocrx_word' id='word_1_213' title='bbox 1428 741 1521 775; x_wconf 78' lang='grc' dir='ltr'>τηρεῖν</span> <span class='ocrx_word' id='word_1_214' title='bbox 1547 739 1634 766; x_wconf 82' lang='grc' dir='ltr'>πάντα</span> <span class='ocrx_word' id='word_1_215' title='bbox 1658 740 1707 766; x_wconf 75' lang='grc' dir='ltr'>ὅσα</span> <span class='ocrx_word' id='word_1_216' title='bbox 1730 739 1908 775; x_wconf 80' lang='grc' dir='ltr'><strong>ἐνετειλάμην</strong></span> 
     </span>
    </p>
   </div>
   <div class='ocr_carea' id='block_1_29' title="bbox 1119 783 1908 820">
    <p class='ocr_par' dir='ltr' id='par_1_29' title="bbox 1119 783 1908 820">
     <span class='ocr_line' id='line_1_29' title="bbox 1119 783 1908 820; baseline 0.003 -11"><span class='ocrx_word' id='word_1_217' title='bbox 1119 783 1183 818; x_wconf 83' lang='grc' dir='ltr'>ὑμῖν</span> <span class='ocrx_word' id='word_1_218' title='bbox 1195 792 1202 798; x_wconf 72' lang='grc' dir='ltr'><strong>ο</strong></span> <span class='ocrx_word' id='word_1_219' title='bbox 1219 793 1228 809; x_wconf 75' lang='grc' dir='ltr'><strong><em>ι</em></strong></span> <span class='ocrx_word' id='word_1_220' title='bbox 1243 784 1260 810; x_wconf 85' lang='grc' dir='ltr'>δι</span> <span class='ocrx_word' id='word_1_221' title='bbox 1275 784 1320 810; x_wconf 74' lang='grc' dir='ltr'><strong>καὶ</strong></span> <span class='ocrx_word' id='word_1_222' title='bbox 1333 785 1414 810; x_wconf 80' lang='grc' dir='ltr'>πᾶσιν</span> <span class='ocrx_word' id='word_1_223' title='bbox 1426 784 1589 820; x_wconf 82' lang='grc' dir='ltr'>ἀνθρώποις,</span> <span class='ocrx_word' id='word_1_224' title='bbox 1606 784 1717 820; x_wconf 81' lang='grc' dir='ltr'>Ἕλλησί</span> <span class='ocrx_word' id='word_1_225' title='bbox 1731 793 1759 811; x_wconf 84' lang='grc' dir='ltr'><strong>τε</strong></span> <span class='ocrx_word' id='word_1_226' title='bbox 1773 785 1820 811; x_wconf 65' lang='grc' dir='ltr'>καὶ</span> <span class='ocrx_word' id='word_1_227' title='bbox 1842 784 1908 820; x_wconf 83' lang='grc' dir='ltr'>βαρ-</span> 
     </span>
    </p>
   </div>
   <div class='ocr_carea' id='block_1_30' title="bbox 1118 828 1907 864">
    <p class='ocr_par' dir='ltr' id='par_1_30' title="bbox 1118 828 1907 864">
     <span class='ocr_line' id='line_1_30' title="bbox 1118 828 1907 864; baseline 0.003 -10"><span class='ocrx_word' id='word_1_228' title='bbox 1118 828 1212 864; x_wconf 76' lang='grc' dir='ltr'>ϐάροις</span> <span class='ocrx_word' id='word_1_229' title='bbox 1226 829 1368 863; x_wconf 76' lang='grc' dir='ltr'>φυλάττειν</span> <span class='ocrx_word' id='word_1_230' title='bbox 1378 829 1550 864; x_wconf 79' lang='grc' dir='ltr'>παραδιδοὺς,</span> <span class='ocrx_word' id='word_1_231' title='bbox 1565 829 1670 864; x_wconf 68' lang='grc' dir='ltr'>σαφῶς,</span> <span class='ocrx_word' id='word_1_232' title='bbox 1685 830 1710 856; x_wconf 84' lang='grc' dir='ltr'><strong>τί</strong></span> <span class='ocrx_word' id='word_1_233' title='bbox 1725 829 1789 856; x_wconf 84' lang='grc' dir='ltr'>ποτέ</span> <span class='ocrx_word' id='word_1_234' title='bbox 1805 830 1879 856; x_wconf 80' lang='grc' dir='ltr'>ἐστιν</span> <span class='ocrx_word' id='word_1_235' title='bbox 1892 831 1907 856; x_wconf 84' lang='grc' dir='ltr'><em>ὁ</em></span> 
     </span>
    </p>
   </div>
   <div class='ocr_carea' id='block_1_31' title="bbox 1118 874 1907 911">
    <p class='ocr_par' dir='ltr' id='par_1_31' title="bbox 1118 874 1907 911">
     <span class='ocr_line' id='line_1_31' title="bbox 1118 874 1907 911; baseline 0.003 -11"><span class='ocrx_word' id='word_1_236' title='bbox 1118 874 1341 910; x_wconf 82' lang='grc' dir='ltr'>Χριστιανισμὺς,</span> <span class='ocrx_word' id='word_1_237' title='bbox 1357 874 1480 911; x_wconf 76' lang='grc' dir='ltr'>ἐξέφηνε,</span> <span class='ocrx_word' id='word_1_238' title='bbox 1494 875 1563 907; x_wconf 86' lang='grc' dir='ltr'>τίνες</span> <span class='ocrx_word' id='word_1_239' title='bbox 1580 875 1701 911; x_wconf 80' lang='grc' dir='ltr'><strong>θ’ήμεῖς,</strong></span> <span class='ocrx_word' id='word_1_240' title='bbox 1718 877 1765 902; x_wconf 71' lang='grc' dir='ltr'><strong>καὶ</strong></span> <span class='ocrx_word' id='word_1_241' title='bbox 1782 877 1872 907; x_wconf 73' lang='grc' dir='ltr'>ὁποῖος</span> <span class='ocrx_word' id='word_1_242' title='bbox 1891 876 1907 902; x_wconf 83' lang='grc' dir='ltr'><strong>ὀ</strong></span> 
     </span>
    </p>
   </div>
   <div class='ocr_carea' id='block_1_32' title="bbox 278 917 1066 957">
    <p class='ocr_par' dir='ltr' id='par_1_32' title="bbox 278 917 1065 954">
     <span class='ocr_line' id='line_1_32' title="bbox 278 917 1065 954; baseline 0.003 -10"><span class='ocrx_word' id='word_1_243' title='bbox 278 917 442 953; x_wconf 87' lang='lat' dir='ltr'><strong>quibusdam</strong></span> <span class='ocrx_word' id='word_1_244' title='bbox 458 917 579 951; x_wconf 85' lang='lat' dir='ltr'><strong>ejusdem</strong></span> <span class='ocrx_word' id='word_1_245' title='bbox 597 917 704 952; x_wconf 82' lang='lat' dir='ltr'><strong>generis</strong></span> <span class='ocrx_word' id='word_1_246' title='bbox 713 918 922 953; x_wconf 79' lang='lat' dir='ltr'><strong>purgationibus</strong></span> <span class='ocrx_word' id='word_1_247' title='bbox 933 919 1065 954; x_wconf 84' lang='lat' dir='ltr'><strong>corporis,</strong></span> 
     </span>
    </p>
   </div>
   <div class='ocr_carea' id='block_1_33' title="bbox 1117 917 1906 957">
    <p class='ocr_par' dir='ltr' id='par_1_33' title="bbox 1118 920 1906 957">
     <span class='ocr_line' id='line_1_33' title="bbox 1118 920 1906 957; baseline 0.001 -10"><span class='ocrx_word' id='word_1_248' title='bbox 1118 920 1171 947; x_wconf 83' lang='grc' dir='ltr'>τῶν</span> <span class='ocrx_word' id='word_1_249' title='bbox 1191 921 1301 947; x_wconf 79' lang='grc' dir='ltr'>τοιῶνδε</span> <span class='ocrx_word' id='word_1_250' title='bbox 1322 921 1407 955; x_wconf 81' lang='grc' dir='ltr'>λόγων</span> <span class='ocrx_word' id='word_1_251' title='bbox 1427 930 1455 948; x_wconf 81' lang='grc' dir='ltr'><strong>τε</strong></span> <span class='ocrx_word' id='word_1_252' title='bbox 1478 921 1524 948; x_wconf 79' lang='grc' dir='ltr'><strong>καὶ</strong></span> <span class='ocrx_word' id='word_1_253' title='bbox 1547 921 1716 957; x_wconf 72' lang='grc' dir='ltr'><strong>μαθημάτων</strong></span> <span class='ocrx_word' id='word_1_254' title='bbox 1738 922 1906 955; x_wconf 82' lang='grc' dir='ltr'>διδάσκαλος,</span> 
     </span>
    </p>
   </div>
   <div class='ocr_carea' id='block_1_34' title="bbox 278 964 1065 1002">
    <p class='ocr_par' dir='ltr' id='par_1_34' title="bbox 278 964 1065 1002">
     <span class='ocr_line' id='line_1_34' title="bbox 278 964 1065 1002; baseline 0.001 -9"><span class='ocrx_word' id='word_1_255' title='bbox 278 973 416 993; x_wconf 78' lang='lat' dir='ltr'><strong>summum</strong></span> <span class='ocrx_word' id='word_1_256' title='bbox 433 964 517 992; x_wconf 89' lang='lat' dir='ltr'><strong>Deum</strong></span> <span class='ocrx_word' id='word_1_257' title='bbox 532 964 622 992; x_wconf 89' lang='lat' dir='ltr'><strong>colere</strong></span> <span class='ocrx_word' id='word_1_258' title='bbox 643 965 804 992; x_wconf 81' lang='lat' dir='ltr'><strong>hortabatur</strong></span> <span class='ocrx_word' id='word_1_259' title='bbox 821 975 826 993; x_wconf 91' lang='lat'>:</span> <span class='ocrx_word' id='word_1_260' title='bbox 843 974 893 1002; x_wconf 77' lang='lat' dir='ltr'><strong>ego</strong></span> <span class='ocrx_word' id='word_1_261' title='bbox 914 971 1003 994; x_wconf 88' lang='lat' dir='ltr'><strong>autem</strong></span> <span class='ocrx_word' id='word_1_262' title='bbox 1020 975 1065 994; x_wconf 90' lang='lat' dir='ltr'><strong>sa-</strong></span> 
     </span>
    </p>
   </div>
   <div class='ocr_carea' id='block_1_35' title="bbox 279 1011 1066 1048">
    <p class='ocr_par' dir='ltr' id='par_1_35' title="bbox 279 1011 1066 1048">
     <span class='ocr_line' id='line_1_35' title="bbox 279 1011 1066 1048; baseline 0.004 -10"><span class='ocrx_word' id='word_1_263' title='bbox 279 1020 326 1039; x_wconf 88' lang='lat' dir='ltr'><strong>cra</strong></span> <span class='ocrx_word' id='word_1_264' title='bbox 352 1012 449 1039; x_wconf 66' lang='lat' dir='ltr'><strong>anima:</strong></span> <span class='ocrx_word' id='word_1_265' title='bbox 470 1011 590 1044; x_wconf 90' lang='lat' dir='ltr'><strong>tradens,</strong></span> <span class='ocrx_word' id='word_1_266' title='bbox 622 1017 712 1040; x_wconf 89' lang='lat' dir='ltr'><strong>mente</strong></span> <span class='ocrx_word' id='word_1_267' title='bbox 739 1013 895 1047; x_wconf 85' lang='lat' dir='ltr'><strong>purissima,</strong></span> <span class='ocrx_word' id='word_1_268' title='bbox 921 1013 1066 1048; x_wconf 88' lang='lat' dir='ltr'><strong>animoque</strong></span> 
     </span>
    </p>
   </div>
   <div class='ocr_carea' id='block_1_36' title="bbox 278 1057 1064 1094">
    <p class='ocr_par' dir='ltr' id='par_1_36' title="bbox 278 1057 1064 1094">
     <span class='ocr_line' id='line_1_36' title="bbox 278 1057 1064 1094; baseline 0.003 -8"><span class='ocrx_word' id='word_1_269' title='bbox 278 1058 453 1091; x_wconf 85' lang='lat' dir='ltr'><strong>nitidissimo,</strong></span> <span class='ocrx_word' id='word_1_270' title='bbox 474 1065 535 1085; x_wconf 91' lang='lat' dir='ltr'><strong>cum</strong></span> <span class='ocrx_word' id='word_1_271' title='bbox 557 1057 690 1085; x_wconf 87' lang='lat' dir='ltr'><strong>modestia</strong></span> <span class='ocrx_word' id='word_1_272' title='bbox 715 1059 901 1094; x_wconf 84' lang='lat' dir='ltr'><strong>virtutumque</strong></span> <span class='ocrx_word' id='word_1_273' title='bbox 921 1060 1064 1088; x_wconf 79' lang='lat' dir='ltr'><strong>sectatrice</strong></span> 
     </span>
    </p>
   </div>
   <div class='ocr_carea' id='block_1_37' title="bbox 277 1103 1065 1140">
    <p class='ocr_par' dir='ltr' id='par_1_37' title="bbox 277 1103 1065 1140">
     <span class='ocr_line' id='line_1_37' title="bbox 277 1103 1065 1140; baseline 0.003 -10"><span class='ocrx_word' id='word_1_274' title='bbox 277 1105 343 1136; x_wconf 84' lang='lat' dir='ltr'><strong>vita,</strong></span> <span class='ocrx_word' id='word_1_275' title='bbox 359 1105 496 1138; x_wconf 83' lang='lat' dir='ltr'><strong>rectisque</strong></span> <span class='ocrx_word' id='word_1_276' title='bbox 512 1103 667 1135; x_wconf 88' lang='lat' dir='ltr'><strong>sententiis,</strong></span> <span class='ocrx_word' id='word_1_277' title='bbox 678 1107 705 1131; x_wconf 86' lang='lat' dir='ltr'><strong>et</strong></span> <span class='ocrx_word' id='word_1_278' title='bbox 718 1103 846 1138; x_wconf 78' lang='lat' dir='ltr'><strong>pietatem</strong></span> <span class='ocrx_word' id='word_1_279' title='bbox 861 1112 916 1140; x_wconf 73' lang='lat' dir='ltr'><strong>prae</strong></span> <span class='ocrx_word' id='word_1_280' title='bbox 931 1113 960 1132; x_wconf 88' lang='lat' dir='ltr'><strong>se</strong></span> <span class='ocrx_word' id='word_1_281' title='bbox 977 1104 1065 1132; x_wconf 84' lang='lat' dir='ltr'><strong>feren-</strong></span> 
     </span>
    </p>
   </div>
   <div class='ocr_carea' id='block_1_38' title="bbox 277 1148 1063 1184">
    <p class='ocr_par' dir='ltr' id='par_1_38' title="bbox 277 1148 1063 1184">
     <span class='ocr_line' id='line_1_38' title="bbox 277 1148 1063 1184; baseline 0.001 -8"><span class='ocrx_word' id='word_1_282' title='bbox 277 1149 361 1181; x_wconf 76' lang='lat' dir='ltr'><strong>t-i‘bus,</strong></span> <span class='ocrx_word' id='word_1_283' title='bbox 369 1149 537 1176; x_wconf 84' lang='lat' dir='ltr'><strong>divinitatem</strong></span> <span class='ocrx_word' id='word_1_284' title='bbox 545 1149 670 1176; x_wconf 86' lang='lat' dir='ltr'><strong>venerari</strong></span> <span class='ocrx_word' id='word_1_285' title='bbox 685 1149 797 1184; x_wconf 89' lang='lat' dir='ltr'><strong>impero.</strong></span> <span class='ocrx_word' id='word_1_286' title='bbox 806 1148 839 1175; x_wconf 79' lang='lat' dir='ltr'><strong>Et</strong></span> <span class='ocrx_word' id='word_1_287' title='bbox 849 1157 945 1176; x_wconf 89' lang='lat' dir='ltr'><strong>rursus</strong></span> <span class='ocrx_word' id='word_1_288' title='bbox 956 1159 961 1176; x_wconf 87' lang='lat'>:</span> <span class='ocrx_word' id='word_1_289' title='bbox 975 1149 1063 1177; x_wconf 83' lang='lat' dir='ltr'><strong>Moses</strong></span> 
     </span>
    </p>
   </div>
   <div class='ocr_carea' id='block_1_39' title="bbox 277 1195 1063 1231">
    <p class='ocr_par' dir='ltr' id='par_1_39' title="bbox 277 1195 1063 1231">
     <span class='ocr_line' id='line_1_39' title="bbox 277 1195 1063 1231; baseline 0.001 -9"><span class='ocrx_word' id='word_1_290' title='bbox 277 1195 386 1230; x_wconf 70' lang='lat' dir='ltr'><strong>quidem</strong></span> <span class='ocrx_word' id='word_1_291' title='bbox 400 1196 509 1223; x_wconf 91' lang='lat' dir='ltr'><strong>illorum</strong></span> <span class='ocrx_word' id='word_1_292' title='bbox 529 1199 682 1230; x_wconf 83' lang='lat' dir='ltr'><strong>temporum</strong></span> <span class='ocrx_word' id='word_1_293' title='bbox 697 1195 864 1226; x_wconf 89' lang='lat' dir='ltr'><strong>hominibus,</strong></span> <span class='ocrx_word' id='word_1_294' title='bbox 880 1196 958 1230; x_wconf 90' lang='lat' dir='ltr'><strong>quasi</strong></span> <span class='ocrx_word' id='word_1_295' title='bbox 973 1196 1006 1224; x_wconf 92' lang='lat' dir='ltr'><strong>iis</strong></span> <span class='ocrx_word' id='word_1_296' title='bbox 1016 1197 1063 1231; x_wconf 91' lang='lat' dir='ltr'><strong>qui</strong></span> 
     </span>
    </p>
   </div>
   <div class='ocr_carea' id='block_1_40' title="bbox 276 1241 1064 1277">
    <p class='ocr_par' dir='ltr' id='par_1_40' title="bbox 276 1241 1064 1277">
     <span class='ocr_line' id='line_1_40' title="bbox 276 1241 1064 1277; baseline 0.001 -9"><span class='ocrx_word' id='word_1_297' title='bbox 276 1241 543 1277; x_wconf 84' lang='lat' dir='ltr'><strong>caedibusinquinari</strong></span> <span class='ocrx_word' id='word_1_298' title='bbox 555 1241 627 1268; x_wconf 84' lang='lat' dir='ltr'><strong>soliti</strong></span> <span class='ocrx_word' id='word_1_299' title='bbox 639 1245 803 1273; x_wconf 84' lang='lat' dir='ltr'><strong>essent,non</strong></span> <span class='ocrx_word' id='word_1_300' title='bbox 816 1241 941 1269; x_wconf 87' lang='lat' dir='ltr'><strong>occidere</strong></span> <span class='ocrx_word' id='word_1_301' title='bbox 950 1241 1064 1277; x_wconf 86' lang='lat' dir='ltr'><strong>impera-</strong></span> 
     </span>
    </p>
   </div>
   <div class='ocr_carea' id='block_1_41' title="bbox 277 1286 1064 1322">
    <p class='ocr_par' dir='ltr' id='par_1_41' title="bbox 277 1286 1064 1322">
     <span class='ocr_line' id='line_1_41' title="bbox 277 1286 1064 1322; baseline 0.001 -9"><span class='ocrx_word' id='word_1_302' title='bbox 277 1287 400 1322; x_wconf 77' lang='lat' dir='ltr'><strong>batzego</strong></span> <span class='ocrx_word' id='word_1_303' title='bbox 414 1292 504 1314; x_wconf 89' lang='lat' dir='ltr'><strong>autem</strong></span> <span class='ocrx_word' id='word_1_304' title='bbox 526 1287 569 1319; x_wconf 89' lang='lat' dir='ltr'><strong>iis,</strong></span> <span class='ocrx_word' id='word_1_305' title='bbox 591 1287 637 1322; x_wconf 92' lang='lat' dir='ltr'><strong>qui</strong></span> <span class='ocrx_word' id='word_1_306' title='bbox 652 1286 704 1313; x_wconf 88' lang='lat' dir='ltr'><strong>hoc</strong></span> <span class='ocrx_word' id='word_1_307' title='bbox 720 1287 809 1321; x_wconf 89' lang='lat' dir='ltr'><strong>ipsum</strong></span> <span class='ocrx_word' id='word_1_308' title='bbox 824 1291 903 1314; x_wconf 83' lang='lat' dir='ltr'><strong>antea</strong></span> <span class='ocrx_word' id='word_1_309' title='bbox 916 1286 1064 1314; x_wconf 88' lang='lat' dir='ltr'><strong>didicerint</strong></span> 
     </span>
    </p>
   </div>
   <div class='ocr_carea' id='block_1_42' title="bbox 276 1332 1066 1369">
    <p class='ocr_par' dir='ltr' id='par_1_42' title="bbox 276 1332 1066 1369">
     <span class='ocr_line' id='line_1_42' title="bbox 276 1332 1066 1369; baseline -0.001 -8"><span class='ocrx_word' id='word_1_310' title='bbox 276 1337 305 1362; x_wconf 86' lang='lat' dir='ltr'><strong>et</strong></span> <span class='ocrx_word' id='word_1_311' title='bbox 311 1335 397 1369; x_wconf 87' lang='lat' dir='ltr'><strong>primo</strong></span> <span class='ocrx_word' id='word_1_312' title='bbox 404 1333 441 1360; x_wconf 90' lang='lat' dir='ltr'><strong>illi</strong></span> <span class='ocrx_word' id='word_1_313' title='bbox 450 1337 582 1368; x_wconf 61' lang='lat' dir='ltr'><strong>praecepto</strong></span> <span class='ocrx_word' id='word_1_314' title='bbox 589 1332 784 1365; x_wconf 88' lang='lat' dir='ltr'><strong>satisfecerint,</strong></span> <span class='ocrx_word' id='word_1_315' title='bbox 793 1333 907 1360; x_wconf 82' lang='lat' dir='ltr'><strong>alterum</strong></span> <span class='ocrx_word' id='word_1_316' title='bbox 915 1333 1066 1368; x_wconf 89' lang='lat' dir='ltr'><strong>perfectius</strong></span> 
     </span>
    </p>
   </div>
   <div class='ocr_carea' id='block_1_43' title="bbox 277 1377 1067 1414">
    <p class='ocr_par' dir='ltr' id='par_1_43' title="bbox 277 1377 1067 1414">
     <span class='ocr_line' id='line_1_43' title="bbox 277 1377 1067 1414; baseline -0.001 -8"><span class='ocrx_word' id='word_1_317' title='bbox 277 1378 403 1414; x_wconf 86' lang='lat' dir='ltr'><strong>impono,</strong></span> <span class='ocrx_word' id='word_1_318' title='bbox 420 1383 500 1413; x_wconf 85' lang='lat' dir='ltr'><strong>atque</strong></span> <span class='ocrx_word' id='word_1_319' title='bbox 514 1382 544 1405; x_wconf 89' lang='lat' dir='ltr'><strong>ut</strong></span> <span class='ocrx_word' id='word_1_320' title='bbox 558 1385 592 1405; x_wconf 89' lang='lat' dir='ltr'><strong>ne</strong></span> <span class='ocrx_word' id='word_1_321' title='bbox 607 1377 654 1404; x_wconf 74' lang='lat' dir='ltr'><strong>ira:</strong></span> <span class='ocrx_word' id='word_1_322' title='bbox 670 1377 778 1412; x_wconf 87' lang='lat' dir='ltr'><strong>quidem</strong></span> <span class='ocrx_word' id='word_1_323' title='bbox 791 1379 996 1413; x_wconf 84' lang='lat' dir='ltr'><strong>perturbatione</strong></span> <span class='ocrx_word' id='word_1_324' title='bbox 1009 1379 1067 1406; x_wconf 88' lang='lat' dir='ltr'><strong>vin-</strong></span> 
     </span>
    </p>
   </div>
   <div class='ocr_carea' id='block_1_44' title="bbox 276 1423 1066 1459">
    <p class='ocr_par' dir='ltr' id='par_1_44' title="bbox 276 1423 1066 1459">
     <span class='ocr_line' id='line_1_44' title="bbox 276 1423 1066 1459; baseline 0 -8"><span class='ocrx_word' id='word_1_325' title='bbox 276 1429 385 1455; x_wconf 82' lang='lat' dir='ltr'><strong>cantur,</strong></span> <span class='ocrx_word' id='word_1_326' title='bbox 395 1424 532 1459; x_wconf 71' lang='lat' dir='ltr'><strong>prmeipio.</strong></span> <span class='ocrx_word' id='word_1_327' title='bbox 542 1424 572 1451; x_wconf 81' lang='lat' dir='ltr'><strong>Et</strong></span> <span class='ocrx_word' id='word_1_328' title='bbox 581 1431 695 1452; x_wconf 88' lang='lat' dir='ltr'><strong>rursus:</strong></span> <span class='ocrx_word' id='word_1_329' title='bbox 714 1423 802 1452; x_wconf 85' lang='lat' dir='ltr'><strong>Moses</strong></span> <span class='ocrx_word' id='word_1_330' title='bbox 811 1424 919 1459; x_wconf 89' lang='lat' dir='ltr'><strong>quidem</strong></span> <span class='ocrx_word' id='word_1_331' title='bbox 936 1425 1066 1452; x_wconf 88' lang='lat' dir='ltr'><strong>adulteris</strong></span> 
     </span>
    </p>
   </div>
   <div class='ocr_carea' id='block_1_45' title="bbox 276 1469 1065 1505">
    <p class='ocr_par' dir='ltr' id='par_1_45' title="bbox 276 1469 1065 1505">
     <span class='ocr_line' id='line_1_45' title="bbox 276 1469 1065 1505; baseline 0 -8"><span class='ocrx_word' id='word_1_332' title='bbox 276 1470 470 1505; x_wconf 86' lang='lat' dir='ltr'><strong>dissolutisque</strong></span> <span class='ocrx_word' id='word_1_333' title='bbox 486 1469 643 1497; x_wconf 89' lang='lat' dir='ltr'><strong>hominibus</strong></span> <span class='ocrx_word' id='word_1_334' title='bbox 652 1469 737 1504; x_wconf 82' lang='lat' dir='ltr'><strong>legem</strong></span> <span class='ocrx_word' id='word_1_335' title='bbox 747 1469 838 1505; x_wconf 86' lang='lat' dir='ltr'><strong>posuit</strong></span> <span class='ocrx_word' id='word_1_336' title='bbox 851 1478 907 1498; x_wconf 91' lang='lat' dir='ltr'><strong>non</strong></span> <span class='ocrx_word' id='word_1_337' title='bbox 919 1470 1065 1503; x_wconf 75' lang='lat' dir='ltr'><strong>moechari,</strong></span> 
     </span>
    </p>
   </div>
   <div class='ocr_carea' id='block_1_46' title="bbox 276 1516 1065 1551">
    <p class='ocr_par' dir='ltr' id='par_1_46' title="bbox 276 1516 1065 1551">
     <span class='ocr_line' id='line_1_46' title="bbox 276 1516 1065 1551; baseline 0 -8"><span class='ocrx_word' id='word_1_338' title='bbox 276 1517 398 1543; x_wconf 90' lang='lat' dir='ltr'><strong>maribus</strong></span> <span class='ocrx_word' id='word_1_339' title='bbox 421 1524 476 1543; x_wconf 87' lang='lat' dir='ltr'><strong>non</strong></span> <span class='ocrx_word' id='word_1_340' title='bbox 500 1516 622 1548; x_wconf 85' lang='lat' dir='ltr'><strong>misceri,</strong></span> <span class='ocrx_word' id='word_1_341' title='bbox 642 1516 796 1551; x_wconf 82' lang='lat' dir='ltr'><strong>voluptates</strong></span> <span class='ocrx_word' id='word_1_342' title='bbox 826 1521 924 1551; x_wconf 75' lang='lat' dir='ltr'><strong>przeter</strong></span> <span class='ocrx_word' id='word_1_343' title='bbox 937 1520 1065 1544; x_wconf 88' lang='lat' dir='ltr'><strong>naturam</strong></span> 
     </span>
    </p>
   </div>
   <div class='ocr_carea' id='block_1_47' title="bbox 275 1561 1065 1598">
    <p class='ocr_par' dir='ltr' id='par_1_47' title="bbox 275 1561 1065 1598">
     <span class='ocr_line' id='line_1_47' title="bbox 275 1561 1065 1598; baseline 0.001 -9"><span class='ocrx_word' id='word_1_344' title='bbox 275 1570 332 1589; x_wconf 88' lang='lat' dir='ltr'><strong>non</strong></span> <span class='ocrx_word' id='word_1_345' title='bbox 359 1562 469 1594; x_wconf 87' lang='lat' dir='ltr'><strong>sectari,</strong></span> <span class='ocrx_word' id='word_1_346' title='bbox 498 1566 525 1589; x_wconf 88' lang='lat' dir='ltr'><strong>et</strong></span> <span class='ocrx_word' id='word_1_347' title='bbox 551 1561 715 1596; x_wconf 81' lang='lat' dir='ltr'><strong>supplicium</strong></span> <span class='ocrx_word' id='word_1_348' title='bbox 744 1562 841 1590; x_wconf 87' lang='lat' dir='ltr'><strong>mortis</strong></span> <span class='ocrx_word' id='word_1_349' title='bbox 864 1562 909 1592; x_wconf 88' lang='lat' dir='ltr'><strong>iis,</strong></span> <span class='ocrx_word' id='word_1_350' title='bbox 934 1562 981 1598; x_wconf 91' lang='lat' dir='ltr'><strong>qui</strong></span> <span class='ocrx_word' id='word_1_351' title='bbox 1010 1570 1065 1590; x_wconf 85' lang='lat' dir='ltr'><strong>non</strong></span> 
     </span>
    </p>
   </div>
   <div class='ocr_carea' id='block_1_48' title="bbox 1117 966 1906 1004">
    <p class='ocr_par' dir='ltr' id='par_1_48' title="bbox 1117 966 1906 1004">
     <span class='ocr_line' id='line_1_48' title="bbox 1117 966 1906 1004; baseline 0.004 -12"><span class='ocrx_word' id='word_1_352' title='bbox 1117 967 1198 998; x_wconf 69' lang='grc' dir='ltr'>αὐτὸς</span> <span class='ocrx_word' id='word_1_353' title='bbox 1213 967 1226 992; x_wconf 84' lang='grc' dir='ltr'>ὁ</span> <span class='ocrx_word' id='word_1_354' title='bbox 1244 966 1337 1002; x_wconf 77' lang='grc' dir='ltr'>Σωτὴρ</span> <span class='ocrx_word' id='word_1_355' title='bbox 1351 968 1397 993; x_wconf 67' lang='grc' dir='ltr'><strong>καὶ</strong></span> <span class='ocrx_word' id='word_1_356' title='bbox 1419 967 1520 1003; x_wconf 86' lang='grc' dir='ltr'>Κύριος</span> <span class='ocrx_word' id='word_1_357' title='bbox 1535 968 1612 1003; x_wconf 85' lang='grc' dir='ltr'>ἡμῶν</span> <span class='ocrx_word' id='word_1_358' title='bbox 1636 968 1738 1004; x_wconf 82' lang='grc' dir='ltr'>Ἰησοῦς</span> <span class='ocrx_word' id='word_1_359' title='bbox 1760 970 1774 995; x_wconf 85' lang='grc' dir='ltr'>ὁ</span> <span class='ocrx_word' id='word_1_360' title='bbox 1789 969 1906 1004; x_wconf 77' lang='grc' dir='ltr'>Χριστὸς</span> 
     </span>
    </p>
   </div>
   <div class='ocr_carea' id='block_1_49' title="bbox 1115 1011 1904 1051">
    <p class='ocr_par' dir='ltr' id='par_1_49' title="bbox 1115 1011 1904 1051">
     <span class='ocr_line' id='line_1_49' title="bbox 1115 1011 1904 1051; baseline 0.005 -13"><span class='ocrx_word' id='word_1_361' title='bbox 1115 1011 1162 1038; x_wconf 70' lang='grc' dir='ltr'>τοῦ</span> <span class='ocrx_word' id='word_1_362' title='bbox 1183 1012 1261 1043; x_wconf 82' lang='grc' dir='ltr'>Θεοῦ,</span> <span class='ocrx_word' id='word_1_363' title='bbox 1273 1015 1286 1039; x_wconf 83' lang='grc' dir='ltr'>ὁ</span> <span class='ocrx_word' id='word_1_364' title='bbox 1301 1012 1349 1048; x_wconf 74' lang='grc' dir='ltr'>τὴν</span> <span class='ocrx_word' id='word_1_365' title='bbox 1364 1012 1458 1048; x_wconf 81' lang='grc' dir='ltr'>καινὴν</span> <span class='ocrx_word' id='word_1_366' title='bbox 1478 1013 1579 1049; x_wconf 80' lang='grc' dir='ltr'>ταύτην</span> <span class='ocrx_word' id='word_1_367' title='bbox 1595 1015 1641 1041; x_wconf 81' lang='grc' dir='ltr'><strong>καὶ</strong></span> <span class='ocrx_word' id='word_1_368' title='bbox 1661 1015 1813 1051; x_wconf 80' lang='grc' dir='ltr'>πανάρετον</span> <span class='ocrx_word' id='word_1_369' title='bbox 1829 1016 1904 1042; x_wconf 80' lang='grc' dir='ltr'>πολι-</span> 
     </span>
    </p>
   </div>
   <div class='ocr_carea' id='block_1_50' title="bbox 1116 1058 1906 1096">
    <p class='ocr_par' dir='ltr' id='par_1_50' title="bbox 1116 1058 1906 1096">
     <span class='ocr_line' id='line_1_50' title="bbox 1116 1058 1906 1096; baseline 0.008 -13"><span class='ocrx_word' id='word_1_370' title='bbox 1116 1058 1191 1084; x_wconf 77' lang='grc' dir='ltr'>τείαν</span> <span class='ocrx_word' id='word_1_371' title='bbox 1203 1058 1264 1084; x_wconf 78' lang='grc' dir='ltr'>καθ’</span> <span class='ocrx_word' id='word_1_372' title='bbox 1276 1058 1336 1085; x_wconf 85' lang='grc' dir='ltr'>ὂλου</span> <span class='ocrx_word' id='word_1_373' title='bbox 1349 1059 1396 1085; x_wconf 77' lang='grc' dir='ltr'>τοῦ</span> <span class='ocrx_word' id='word_1_374' title='bbox 1410 1060 1512 1095; x_wconf 80' lang='grc' dir='ltr'>κόσμου</span> <span class='ocrx_word' id='word_1_375' title='bbox 1531 1061 1750 1096; x_wconf 81' lang='grc' dir='ltr'>συστησάμενος·</span> <span class='ocrx_word' id='word_1_376' title='bbox 1767 1062 1836 1089; x_wconf 80' lang='grc' dir='ltr'>ὣστε</span> <span class='ocrx_word' id='word_1_377' title='bbox 1851 1071 1906 1089; x_wconf 87' lang='grc' dir='ltr'>τοι-</span> 
     </span>
    </p>
   </div>
   <div class='ocr_carea' id='block_1_51' title="bbox 1116 1104 1904 1143">
    <p class='ocr_par' dir='ltr' id='par_1_51' title="bbox 1116 1104 1904 1143">
     <span class='ocr_line' id='line_1_51' title="bbox 1116 1104 1904 1143; baseline 0.006 -13"><span class='ocrx_word' id='word_1_378' title='bbox 1116 1104 1186 1130; x_wconf 81' lang='grc' dir='ltr'>αῦτα</span> <span class='ocrx_word' id='word_1_379' title='bbox 1204 1104 1360 1139; x_wconf 80' lang='grc' dir='ltr'>μανθάνειν,</span> <span class='ocrx_word' id='word_1_380' title='bbox 1385 1106 1430 1132; x_wconf 78' lang='grc' dir='ltr'>καὶ</span> <span class='ocrx_word' id='word_1_381' title='bbox 1452 1106 1604 1141; x_wconf 67' lang='grc' dir='ltr'>φιλοσοφεῖν</span> <span class='ocrx_word' id='word_1_382' title='bbox 1631 1107 1668 1143; x_wconf 87' lang='grc' dir='ltr'>μὴ</span> <span class='ocrx_word' id='word_1_383' title='bbox 1693 1107 1772 1142; x_wconf 84' lang='grc' dir='ltr'>μόνον</span> <span class='ocrx_word' id='word_1_384' title='bbox 1794 1108 1904 1143; x_wconf 77' lang='grc' dir='ltr'>ἄνδρας.</span> 
     </span>
    </p>
   </div>
   <div class='ocr_carea' id='block_1_52' title="bbox 1117 1149 1906 1189">
    <p class='ocr_par' dir='ltr' id='par_1_52' title="bbox 1117 1149 1906 1189">
     <span class='ocr_line' id='line_1_52' title="bbox 1117 1149 1906 1189; baseline 0.005 -13"><span class='ocrx_word' id='word_1_385' title='bbox 1117 1149 1183 1176; x_wconf 82' lang='grc' dir='ltr'>ἀλλὰ</span> <span class='ocrx_word' id='word_1_386' title='bbox 1207 1151 1253 1176; x_wconf 73' lang='grc' dir='ltr'>καὶ</span> <span class='ocrx_word' id='word_1_387' title='bbox 1276 1152 1417 1184; x_wconf 82' lang='grc' dir='ltr'>γυναῖκας,</span> <span class='ocrx_word' id='word_1_388' title='bbox 1436 1152 1580 1185; x_wconf 80' lang='grc' dir='ltr'>πλουσίους</span> <span class='ocrx_word' id='word_1_389' title='bbox 1600 1161 1630 1179; x_wconf 85' lang='grc' dir='ltr'><strong>τε</strong></span> <span class='ocrx_word' id='word_1_390' title='bbox 1648 1154 1694 1179; x_wconf 77' lang='grc' dir='ltr'>καὶ</span> <span class='ocrx_word' id='word_1_391' title='bbox 1715 1154 1843 1189; x_wconf 82' lang='grc' dir='ltr'>πένητας,</span> <span class='ocrx_word' id='word_1_392' title='bbox 1858 1155 1906 1180; x_wconf 77' lang='grc' dir='ltr'><strong>καὶ</strong></span> 
     </span>
    </p>
   </div>
   <div class='ocr_carea' id='block_1_53' title="bbox 1116 1195 1907 1234">
    <p class='ocr_par' dir='ltr' id='par_1_53' title="bbox 1116 1195 1907 1234">
     <span class='ocr_line' id='line_1_53' title="bbox 1116 1195 1907 1234; baseline 0.006 -13"><span class='ocrx_word' id='word_1_393' title='bbox 1116 1195 1225 1227; x_wconf 86' lang='grc' dir='ltr'>δούλους</span> <span class='ocrx_word' id='word_1_394' title='bbox 1237 1196 1295 1231; x_wconf 73' lang='grc' dir='ltr'>ἅμα</span> <span class='ocrx_word' id='word_1_395' title='bbox 1319 1197 1473 1229; x_wconf 77' lang='grc' dir='ltr'>δεσπόταις.</span> <span class='ocrx_word' id='word_1_396' title='bbox 1489 1199 1542 1224; x_wconf 77' lang='grc' dir='ltr'><strong>Καὶ</strong></span> <span class='ocrx_word' id='word_1_397' title='bbox 1561 1199 1614 1234; x_wconf 82' lang='grc' dir='ltr'>μὴν</span> <span class='ocrx_word' id='word_1_398' title='bbox 1629 1200 1643 1225; x_wconf 82' lang='grc' dir='ltr'>ὁ</span> <span class='ocrx_word' id='word_1_399' title='bbox 1661 1199 1711 1233; x_wconf 80' lang='grc' dir='ltr'>τῆς</span> <span class='ocrx_word' id='word_1_400' title='bbox 1732 1200 1827 1234; x_wconf 82' lang='grc' dir='ltr'>καινῆς</span> <span class='ocrx_word' id='word_1_401' title='bbox 1840 1199 1907 1226; x_wconf 75' lang='grc' dir='ltr'>ταύ-</span> 
     </span>
    </p>
   </div>
   <div class='ocr_carea' id='block_1_54' title="bbox 1116 1241 1906 1277">
    <p class='ocr_par' dir='ltr' id='par_1_54' title="bbox 1116 1241 1906 1277">
     <span class='ocr_line' id='line_1_54' title="bbox 1116 1241 1906 1277; baseline 0.005 -10"><span class='ocrx_word' id='word_1_402' title='bbox 1116 1249 1165 1276; x_wconf 76' lang='grc' dir='ltr'><strong>της</strong></span> <span class='ocrx_word' id='word_1_403' title='bbox 1182 1241 1342 1276; x_wconf 78' lang='grc' dir='ltr'>νομοθεσίας</span> <span class='ocrx_word' id='word_1_404' title='bbox 1355 1243 1535 1277; x_wconf 77' lang='grc' dir='ltr'>είσαγωγεὺς,</span> <span class='ocrx_word' id='word_1_405' title='bbox 1553 1244 1587 1270; x_wconf 79' lang='grc' dir='ltr'>τὰ</span> <span class='ocrx_word' id='word_1_406' title='bbox 1602 1245 1690 1271; x_wconf 82' lang='grc' dir='ltr'>πάντα</span> <span class='ocrx_word' id='word_1_407' title='bbox 1703 1244 1773 1271; x_wconf 73' lang='grc' dir='ltr'><strong>κατὰ</strong></span> <span class='ocrx_word' id='word_1_408' title='bbox 1787 1245 1832 1271; x_wconf 79' lang='grc' dir='ltr'>τὸν</span> <span class='ocrx_word' id='word_1_409' title='bbox 1845 1245 1906 1271; x_wconf 84' lang='grc' dir='ltr'><strong>Μω-</strong></span> 
     </span>
    </p>
   </div>
   <div class='ocr_carea' id='block_1_55' title="bbox 1118 1287 1906 1325">
    <p class='ocr_par' dir='ltr' id='par_1_55' title="bbox 1118 1287 1906 1325">
     <span class='ocr_line' id='line_1_55' title="bbox 1118 1287 1906 1325; baseline 0.008 -13"><span class='ocrx_word' id='word_1_410' title='bbox 1118 1287 1188 1318; x_wconf 78' lang='grc' dir='ltr'>σέως</span> <span class='ocrx_word' id='word_1_411' title='bbox 1211 1287 1292 1322; x_wconf 87' lang='grc' dir='ltr'>νόμον</span> <span class='ocrx_word' id='word_1_412' title='bbox 1317 1288 1442 1323; x_wconf 72' lang='grc' dir='ltr'>εἰσῆκται</span> <span class='ocrx_word' id='word_1_413' title='bbox 1462 1289 1707 1325; x_wconf 79' lang='grc' dir='ltr'>πεπολιτευμένος·</span> <span class='ocrx_word' id='word_1_414' title='bbox 1730 1290 1744 1316; x_wconf 83' lang='grc' dir='ltr'><strong>ὃ</strong></span> <span class='ocrx_word' id='word_1_415' title='bbox 1769 1291 1815 1317; x_wconf 83' lang='grc' dir='ltr'><strong>καὶ</strong></span> <span class='ocrx_word' id='word_1_416' title='bbox 1839 1289 1906 1318; x_wconf 73' lang='grc' dir='ltr'>αὐτὸ</span> 
     </span>
    </p>
   </div>
   <div class='ocr_carea' id='block_1_56' title="bbox 1117 1331 1905 1372">
    <p class='ocr_par' dir='ltr' id='par_1_56' title="bbox 1117 1331 1905 1372">
     <span class='ocr_line' id='line_1_56' title="bbox 1117 1331 1905 1372; baseline 0.006 -14"><span class='ocrx_word' id='word_1_417' title='bbox 1117 1331 1265 1368; x_wconf 70' lang='grc' dir='ltr'>θαυμάζειν</span> <span class='ocrx_word' id='word_1_418' title='bbox 1281 1332 1364 1365; x_wconf 76' lang='grc' dir='ltr'>ἄξιον,</span> <span class='ocrx_word' id='word_1_419' title='bbox 1386 1334 1426 1360; x_wconf 82' lang='grc' dir='ltr'>ὅτι</span> <span class='ocrx_word' id='word_1_420' title='bbox 1449 1334 1492 1370; x_wconf 83' lang='grc' dir='ltr'><strong>δὴ,</strong></span> <span class='ocrx_word' id='word_1_421' title='bbox 1515 1334 1578 1367; x_wconf 83' lang='grc' dir='ltr'>νέας</span> <span class='ocrx_word' id='word_1_422' title='bbox 1601 1335 1736 1368; x_wconf 82' lang='grc' dir='ltr'>πολιτείας</span> <span class='ocrx_word' id='word_1_423' title='bbox 1758 1335 1905 1372; x_wconf 83' lang='grc' dir='ltr'>νομοθέτης</span> 
     </span>
    </p>
   </div>
   <div class='ocr_carea' id='block_1_57' title="bbox 1118 1378 1905 1416">
    <p class='ocr_par' dir='ltr' id='par_1_57' title="bbox 1118 1378 1905 1416">
     <span class='ocr_line' id='line_1_57' title="bbox 1118 1378 1905 1416; baseline 0.006 -12"><span class='ocrx_word' id='word_1_424' title='bbox 1118 1378 1221 1414; x_wconf 84' lang='grc' dir='ltr'>μέλλων</span> <span class='ocrx_word' id='word_1_425' title='bbox 1242 1379 1461 1414; x_wconf 78' lang='grc' dir='ltr'>καταστήσεσθαι</span> <span class='ocrx_word' id='word_1_426' title='bbox 1480 1380 1530 1416; x_wconf 78' lang='grc' dir='ltr'>τῆς</span> <span class='ocrx_word' id='word_1_427' title='bbox 1546 1381 1616 1408; x_wconf 84' lang='grc' dir='ltr'>κατὰ</span> <span class='ocrx_word' id='word_1_428' title='bbox 1637 1382 1667 1408; x_wconf 85' lang='grc' dir='ltr'>τὸ</span> <span class='ocrx_word' id='word_1_429' title='bbox 1684 1382 1840 1416; x_wconf 80' lang='grc' dir='ltr'>εὐαγγέλιον</span> <span class='ocrx_word' id='word_1_430' title='bbox 1855 1383 1905 1409; x_wconf 81' lang='grc' dir='ltr'><strong>αὺ-</strong></span> 
     </span>
    </p>
   </div>
   <div class='ocr_carea' id='block_1_58' title="bbox 1116 1424 1905 1464">
    <p class='ocr_par' dir='ltr' id='par_1_58' title="bbox 1116 1424 1905 1464">
     <span class='ocr_line' id='line_1_58' title="bbox 1116 1424 1905 1464; baseline 0.008 -14"><span class='ocrx_word' id='word_1_431' title='bbox 1116 1424 1162 1450; x_wconf 81' lang='grc' dir='ltr'>τοῦ</span> <span class='ocrx_word' id='word_1_432' title='bbox 1173 1425 1289 1464; x_wconf 39' lang='grc' dir='ltr'>,Καινῆς</span> <span class='ocrx_word' id='word_1_433' title='bbox 1303 1426 1448 1462; x_wconf 84' lang='grc' dir='ltr'>Διαθήκης,</span> <span class='ocrx_word' id='word_1_434' title='bbox 1465 1427 1514 1462; x_wconf 82' lang='grc' dir='ltr'><strong>οὐχ</strong></span> <span class='ocrx_word' id='word_1_435' title='bbox 1530 1428 1567 1460; x_wconf 84' lang='grc' dir='ltr'>ὡς</span> <span class='ocrx_word' id='word_1_436' title='bbox 1583 1429 1666 1464; x_wconf 77' lang='grc' dir='ltr'>ἐχθρὰ</span> <span class='ocrx_word' id='word_1_437' title='bbox 1682 1429 1729 1456; x_wconf 78' lang='grc' dir='ltr'>καὶ</span> <span class='ocrx_word' id='word_1_438' title='bbox 1746 1429 1854 1456; x_wconf 78' lang='grc' dir='ltr'>ἐναντία</span> <span class='ocrx_word' id='word_1_439' title='bbox 1870 1430 1905 1457; x_wconf 71' lang='grc' dir='ltr'>τὰ</span> 
     </span>
    </p>
   </div>
   <div class='ocr_carea' id='block_1_59' title="bbox 1116 1470 1906 1511">
    <p class='ocr_par' dir='ltr' id='par_1_59' title="bbox 1116 1470 1906 1511">
     <span class='ocr_line' id='line_1_59' title="bbox 1116 1470 1906 1511; baseline 0.009 -15"><span class='ocrx_word' id='word_1_440' title='bbox 1116 1470 1236 1503; x_wconf 81' lang='grc' dir='ltr'>Μωσέως</span> <span class='ocrx_word' id='word_1_441' title='bbox 1253 1473 1439 1508; x_wconf 81' lang='grc' dir='ltr'>παρῃτήσατο.</span> <span class='ocrx_word' id='word_1_442' title='bbox 1455 1470 1492 1500; x_wconf 89' lang='grc' dir='ltr'>Ἦ</span> <span class='ocrx_word' id='word_1_443' title='bbox 1513 1473 1567 1510; x_wconf 80' lang='grc' dir='ltr'><strong>γὰρ</strong></span> <span class='ocrx_word' id='word_1_444' title='bbox 1588 1474 1621 1501; x_wconf 84' lang='grc' dir='ltr'>ἂν</span> <span class='ocrx_word' id='word_1_445' title='bbox 1637 1475 1766 1511; x_wconf 81' lang='grc' dir='ltr'>ἐνομίσθη</span> <span class='ocrx_word' id='word_1_446' title='bbox 1799 1475 1834 1502; x_wconf 81' lang='grc' dir='ltr'><strong>τὰ</strong></span> <span class='ocrx_word' id='word_1_447' title='bbox 1857 1485 1906 1503; x_wconf 86' lang='grc' dir='ltr'><strong>πο-</strong></span> 
     </span>
    </p>
   </div>
   <div class='ocr_carea' id='block_1_60' title="bbox 1117 1515 1906 1558">
    <p class='ocr_par' dir='ltr' id='par_1_60' title="bbox 1117 1515 1906 1558">
     <span class='ocr_line' id='line_1_60' title="bbox 1117 1515 1906 1558; baseline 0.01 -16"><span class='ocrx_word' id='word_1_448' title='bbox 1117 1515 1198 1551; x_wconf 85' lang='grc' dir='ltr'>λέμια</span> <span class='ocrx_word' id='word_1_449' title='bbox 1213 1517 1307 1543; x_wconf 85' lang='grc' dir='ltr'>Μωσεῐ</span> <span class='ocrx_word' id='word_1_450' title='bbox 1328 1518 1526 1552; x_wconf 81' lang='grc' dir='ltr'>διατάττεσοαι,</span> <span class='ocrx_word' id='word_1_451' title='bbox 1550 1519 1621 1547; x_wconf 68' lang='grc' dir='ltr'>οὕτω</span> <span class='ocrx_word' id='word_1_452' title='bbox 1651 1530 1681 1547; x_wconf 87' lang='grc' dir='ltr'><strong>τε</strong></span> <span class='ocrx_word' id='word_1_453' title='bbox 1701 1521 1733 1548; x_wconf 86' lang='grc' dir='ltr'><strong>ἂν</strong></span> <span class='ocrx_word' id='word_1_454' title='bbox 1755 1522 1801 1549; x_wconf 79' lang='grc' dir='ltr'><strong>καὶ</strong></span> <span class='ocrx_word' id='word_1_455' title='bbox 1833 1531 1906 1558; x_wconf 82' lang='grc' dir='ltr'>παρ-</span> 
     </span>
    </p>
   </div>
   <div class='ocr_carea' id='block_1_61' title="bbox 1117 1562 1905 1605">
    <p class='ocr_par' dir='ltr' id='par_1_61' title="bbox 1117 1562 1905 1605">
     <span class='ocr_line' id='line_1_61' title="bbox 1117 1562 1905 1605; baseline 0.01 -16"><span class='ocrx_word' id='word_1_456' title='bbox 1117 1562 1180 1598; x_wconf 76' lang='grc' dir='ltr'>έσχε</span> <span class='ocrx_word' id='word_1_457' title='bbox 1207 1563 1255 1599; x_wconf 81' lang='grc' dir='ltr'>τῆς</span> <span class='ocrx_word' id='word_1_458' title='bbox 1283 1564 1351 1591; x_wconf 76' lang='grc' dir='ltr'>κατὰ</span> <span class='ocrx_word' id='word_1_459' title='bbox 1373 1566 1497 1597; x_wconf 79' lang='grc' dir='ltr'>Μωσέως</span> <span class='ocrx_word' id='word_1_460' title='bbox 1522 1567 1568 1593; x_wconf 74' lang='grc' dir='ltr'>καὶ</span> <span class='ocrx_word' id='word_1_461' title='bbox 1593 1567 1647 1594; x_wconf 80' lang='grc' dir='ltr'>τῶν</span> <span class='ocrx_word' id='word_1_462' title='bbox 1675 1569 1821 1605; x_wconf 81' lang='grc' dir='ltr'>προφητῶν</span> <span class='ocrx_word' id='word_1_463' title='bbox 1848 1571 1905 1602; x_wconf 71' lang='grc' dir='ltr'>τοῖς</span> 
     </span>
    </p>
   </div>
   <div class='ocr_carea' id='block_1_62' title="bbox 275 1596 1066 1650">
    <p class='ocr_par' dir='ltr' id='par_1_62' title="bbox 275 1596 1065 1644">
     <span class='ocr_line' id='line_1_62' title="bbox 275 1596 1065 1644; baseline 0 -8"><span class='ocrx_word' id='word_1_464' title='bbox 275 1609 526 1644; x_wconf 86' lang='lat' dir='ltr'><strong>obtemperassent,</strong></span> <span class='ocrx_word' id='word_1_465' title='bbox 545 1608 668 1643; x_wconf 81' lang='lat' dir='ltr'><strong>adjuuxit</strong></span> <span class='ocrx_word' id='word_1_466' title='bbox 682 1617 688 1634; x_wconf 87' lang='lat'>:</span> <span class='ocrx_word' id='word_1_467' title='bbox 705 1615 755 1643; x_wconf 74' lang='lat' dir='ltr'><strong>ego</strong></span> <span class='ocrx_word' id='word_1_468' title='bbox 772 1613 862 1636; x_wconf 78' lang='lat' dir='ltr'><strong>autem</strong></span> <span class='ocrx_word' id='word_1_469' title='bbox 887 1596 963 1636; x_wconf 76' lang='lat' dir='ltr'><strong>meos</strong></span> <span class='ocrx_word' id='word_1_470' title='bbox 980 1608 1065 1637; x_wconf 91' lang='lat' dir='ltr'><strong>disci-</strong></span> 
     </span>
    </p>
   </div>
   <div class='ocr_carea' id='block_1_63' title="bbox 1117 1596 1903 1650">
    <p class='ocr_par' dir='ltr' id='par_1_63' title="bbox 1118 1596 1903 1650">
     <span class='ocr_line' id='line_1_63' title="bbox 1118 1596 1903 1650; baseline 0.01 -15"><span class='ocrx_word' id='word_1_471' title='bbox 1118 1596 1207 1640; x_wconf 24' lang='grc' dir='ltr'>ἀθγέοις</span> <span class='ocrx_word' id='word_1_472' title='bbox 1233 1596 1410 1645; x_wconf 64' lang='grc' dir='ltr'>ἀὶρεσιώταις</span> <span class='ocrx_word' id='word_1_473' title='bbox 1434 1596 1561 1647; x_wconf 75' lang='grc' dir='ltr'>πλείστης</span> <span class='ocrx_word' id='word_1_474' title='bbox 1584 1596 1741 1650; x_wconf 63' lang='grc' dir='ltr'>δυσφημίας</span> <span class='ocrx_word' id='word_1_475' title='bbox 1761 1596 1903 1648; x_wconf 48' lang='grc' dir='ltr'><strong>¹ὑπόθεσινῐ</strong></span> 
     </span>
    </p>
   </div>
   <div class='ocr_carea' id='block_1_64' title="bbox 275 1653 1065 1691">
    <p class='ocr_par' dir='ltr' id='par_1_64' title="bbox 275 1653 1065 1691">
     <span class='ocr_line' id='line_1_64' title="bbox 275 1653 1065 1691; baseline -0.001 -9"><span class='ocrx_word' id='word_1_476' title='bbox 275 1656 354 1691; x_wconf 90' lang='lat' dir='ltr'><strong>pulos</strong></span> <span class='ocrx_word' id='word_1_477' title='bbox 376 1656 437 1683; x_wconf 90' lang='lat' dir='ltr'><strong>volo</strong></span> <span class='ocrx_word' id='word_1_478' title='bbox 463 1662 496 1682; x_wconf 82' lang='lat' dir='ltr'><strong>ne</strong></span> <span class='ocrx_word' id='word_1_479' title='bbox 521 1653 620 1681; x_wconf 88' lang='lat' dir='ltr'><strong>intueri</strong></span> <span class='ocrx_word' id='word_1_480' title='bbox 642 1653 750 1688; x_wconf 90' lang='lat' dir='ltr'><strong>quidem</strong></span> <span class='ocrx_word' id='word_1_481' title='bbox 772 1655 913 1682; x_wconf 87' lang='lat' dir='ltr'><strong>mulierem</strong></span> <span class='ocrx_word' id='word_1_482' title='bbox 937 1662 999 1681; x_wconf 90' lang='lat' dir='ltr'><strong>cum</strong></span> <span class='ocrx_word' id='word_1_483' title='bbox 1018 1662 1065 1689; x_wconf 88' lang='lat' dir='ltr'><strong>pe-</strong></span> 
     </span>
    </p>
   </div>
   <div class='ocr_carea' id='block_1_65' title="bbox 278 1698 1063 1735">
    <p class='ocr_par' dir='ltr' id='par_1_65' title="bbox 278 1698 1063 1735">
     <span class='ocr_line' id='line_1_65' title="bbox 278 1698 1063 1735; baseline -0.003 -8"><span class='ocrx_word' id='word_1_484' title='bbox 278 1700 377 1727; x_wconf 86' lang='lat' dir='ltr'><strong>tulanti</strong></span> <span class='ocrx_word' id='word_1_485' title='bbox 403 1699 560 1735; x_wconf 87' lang='lat' dir='ltr'><strong>cupiditate.</strong></span> <span class='ocrx_word' id='word_1_486' title='bbox 585 1698 618 1725; x_wconf 87' lang='lat' dir='ltr'><strong>Et</strong></span> <span class='ocrx_word' id='word_1_487' title='bbox 634 1706 732 1726; x_wconf 87' lang='lat' dir='ltr'><strong>rursus</strong></span> <span class='ocrx_word' id='word_1_488' title='bbox 749 1708 754 1725; x_wconf 90' lang='lat'>:</span> <span class='ocrx_word' id='word_1_489' title='bbox 778 1698 824 1726; x_wconf 88' lang='lat' dir='ltr'><strong>llle</strong></span> <span class='ocrx_word' id='word_1_490' title='bbox 844 1699 953 1734; x_wconf 90' lang='lat' dir='ltr'><strong>quidem</strong></span> <span class='ocrx_word' id='word_1_491' title='bbox 974 1698 1063 1726; x_wconf 80' lang='lat' dir='ltr'><strong>dixit:</strong></span> 
     </span>
    </p>
   </div>
   <div class='ocr_carea' id='block_1_66' title="bbox 277 1744 1064 1781">
    <p class='ocr_par' dir='ltr' id='par_1_66' title="bbox 277 1744 1064 1781">
     <span class='ocr_line' id='line_1_66' title="bbox 277 1744 1064 1781; baseline -0.003 -8"><span class='ocrx_word' id='word_1_492' title='bbox 277 1756 288 1773; x_wconf 72' lang='grc' dir='ltr'><strong><em>ι</em></strong></span> <span class='ocrx_word' id='word_1_493' title='bbox 308 1746 366 1774; x_wconf 85' lang='lat' dir='ltr'><strong>Non</strong></span> <span class='ocrx_word' id='word_1_494' title='bbox 382 1745 526 1781; x_wconf 87' lang='lat' dir='ltr'><strong>pejerabis,</strong></span> <span class='ocrx_word' id='word_1_495' title='bbox 543 1745 591 1773; x_wconf 88' lang='lat' dir='ltr'><strong>sed</strong></span> <span class='ocrx_word' id='word_1_496' title='bbox 606 1745 705 1773; x_wconf 90' lang='lat' dir='ltr'><strong>reddes</strong></span> <span class='ocrx_word' id='word_1_497' title='bbox 722 1744 777 1772; x_wconf 87' lang='lat' dir='ltr'><strong>Deo</strong></span> <span class='ocrx_word' id='word_1_498' title='bbox 793 1752 854 1780; x_wconf 76' lang='lat' dir='ltr'><strong>qua:</strong></span> <span class='ocrx_word' id='word_1_499' title='bbox 869 1744 978 1779; x_wconf 87' lang='lat' dir='ltr'><strong>juratus</strong></span> <span class='ocrx_word' id='word_1_500' title='bbox 1004 1744 1064 1772; x_wconf 86' lang='lat' dir='ltr'><strong>lue-</strong></span> 
     </span>
    </p>
   </div>
   <div class='ocr_carea' id='block_1_67' title="bbox 273 1791 1062 1828">
    <p class='ocr_par' dir='ltr' id='par_1_67' title="bbox 273 1791 1062 1828">
     <span class='ocr_line' id='line_1_67' title="bbox 273 1791 1062 1828; baseline -0.004 -7"><span class='ocrx_word' id='word_1_501' title='bbox 273 1793 313 1821; x_wconf 81' lang='lat' dir='ltr'><strong>ris</strong></span> <span class='ocrx_word' id='word_1_502' title='bbox 335 1801 343 1821; x_wconf 93' lang='lat'><strong>:</strong></span> <span class='ocrx_word' id='word_1_503' title='bbox 367 1801 417 1828; x_wconf 80' lang='lat' dir='ltr'><strong>ego</strong></span> <span class='ocrx_word' id='word_1_504' title='bbox 431 1796 521 1820; x_wconf 88' lang='lat' dir='ltr'><strong>autem</strong></span> <span class='ocrx_word' id='word_1_505' title='bbox 535 1792 598 1820; x_wconf 91' lang='lat' dir='ltr'><strong>dico</strong></span> <span class='ocrx_word' id='word_1_506' title='bbox 613 1791 701 1823; x_wconf 88' lang='lat' dir='ltr'><strong>vobis,</strong></span> <span class='ocrx_word' id='word_1_507' title='bbox 729 1798 780 1819; x_wconf 87' lang='lat' dir='ltr'><strong>non</strong></span> <span class='ocrx_word' id='word_1_508' title='bbox 809 1791 904 1826; x_wconf 85' lang='lat' dir='ltr'><strong>jurare</strong></span> <span class='ocrx_word' id='word_1_509' title='bbox 937 1791 1062 1823; x_wconf 88' lang='lat' dir='ltr'><strong>omnino,</strong></span> 
     </span>
    </p>
   </div>
   <div class='ocr_carea' id='block_1_68' title="bbox 1119 1655 1905 1695">
    <p class='ocr_par' dir='ltr' id='par_1_68' title="bbox 1119 1655 1905 1695">
     <span class='ocr_line' id='line_1_68' title="bbox 1119 1655 1905 1695; baseline 0.015 -16"><span class='ocrx_word' id='word_1_510' title='bbox 1119 1655 1174 1685; x_wconf 80' lang='grc' dir='ltr'>τοῖς</span> <span class='ocrx_word' id='word_1_511' title='bbox 1199 1663 1227 1680; x_wconf 82' lang='grc' dir='ltr'><strong>τε</strong></span> <span class='ocrx_word' id='word_1_512' title='bbox 1249 1656 1284 1681; x_wconf 79' lang='grc' dir='ltr'>ἐκ</span> <span class='ocrx_word' id='word_1_513' title='bbox 1309 1656 1458 1692; x_wconf 82' lang='grc' dir='ltr'>περιτομῆς</span> <span class='ocrx_word' id='word_1_514' title='bbox 1474 1657 1583 1692; x_wconf 73' lang='grc' dir='ltr'>εὔλογον</span> <span class='ocrx_word' id='word_1_515' title='bbox 1607 1660 1656 1695; x_wconf 85' lang='grc' dir='ltr'>τῆς</span> <span class='ocrx_word' id='word_1_516' title='bbox 1679 1662 1738 1688; x_wconf 78' lang='grc' dir='ltr'>κατ’</span> <span class='ocrx_word' id='word_1_517' title='bbox 1754 1663 1835 1689; x_wconf 79' lang='grc' dir='ltr'>αὑτοῦ</span> <span class='ocrx_word' id='word_1_518' title='bbox 1858 1673 1905 1691; x_wconf 88' lang='grc' dir='ltr'>συ-</span> 
     </span>
    </p>
   </div>
   <div class='ocr_carea' id='block_1_69' title="bbox 1119 1700 1904 1744">
    <p class='ocr_par' dir='ltr' id='par_1_69' title="bbox 1119 1700 1904 1744">
     <span class='ocr_line' id='line_1_69' title="bbox 1119 1700 1904 1744; baseline 0.014 -19"><span class='ocrx_word' id='word_1_519' title='bbox 1119 1700 1217 1735; x_wconf 76' lang='grc' dir='ltr'>σκευῆς</span> <span class='ocrx_word' id='word_1_520' title='bbox 1230 1700 1328 1733; x_wconf 72' lang='grc' dir='ltr'>αἰτίαν,</span> <span class='ocrx_word' id='word_1_521' title='bbox 1343 1701 1368 1728; x_wconf 81' lang='grc' dir='ltr'>οἳ</span> <span class='ocrx_word' id='word_1_522' title='bbox 1383 1701 1424 1738; x_wconf 82' lang='grc' dir='ltr'><strong>δὴ,</strong></span> <span class='ocrx_word' id='word_1_523' title='bbox 1438 1702 1476 1734; x_wconf 84' lang='grc' dir='ltr'><strong>ὡς</strong></span> <span class='ocrx_word' id='word_1_524' title='bbox 1490 1704 1635 1742; x_wconf 78' lang='grc' dir='ltr'>παραϐάτῃ</span> <span class='ocrx_word' id='word_1_525' title='bbox 1650 1707 1696 1732; x_wconf 76' lang='grc' dir='ltr'><strong>καὶ</strong></span> <span class='ocrx_word' id='word_1_526' title='bbox 1707 1707 1845 1744; x_wconf 78' lang='grc' dir='ltr'>ἁποστάτῂ</span> <span class='ocrx_word' id='word_1_527' title='bbox 1856 1708 1904 1736; x_wconf 74' lang='grc' dir='ltr'><strong>τσῦ</strong></span> 
     </span>
    </p>
   </div>
   <div class='ocr_carea' id='block_1_70' title="bbox 1118 1746 1905 1790">
    <p class='ocr_par' dir='ltr' id='par_1_70' title="bbox 1118 1746 1905 1790">
     <span class='ocr_line' id='line_1_70' title="bbox 1118 1746 1905 1790; baseline 0.017 -19"><span class='ocrx_word' id='word_1_528' title='bbox 1118 1746 1211 1781; x_wconf 83' lang='grc' dir='ltr'>νόμου,</span> <span class='ocrx_word' id='word_1_529' title='bbox 1235 1746 1284 1782; x_wconf 81' lang='grc' dir='ltr'><strong>τὴν</strong></span> <span class='ocrx_word' id='word_1_530' title='bbox 1295 1747 1363 1783; x_wconf 80' lang='grc' dir='ltr'>πρὸς</span> <span class='ocrx_word' id='word_1_531' title='bbox 1377 1747 1489 1776; x_wconf 80' lang='grc' dir='ltr'>Θάνατον</span> <span class='ocrx_word' id='word_1_532' title='bbox 1497 1751 1641 1788; x_wconf 75' lang='grc' dir='ltr'>ἐπιϐουλὴν</span> <span class='ocrx_word' id='word_1_533' title='bbox 1656 1754 1730 1790; x_wconf 78' lang='grc' dir='ltr'>αὐτῷ</span> <span class='ocrx_word' id='word_1_534' title='bbox 1743 1756 1905 1784; x_wconf 71' lang='grc' dir='ltr'>συνεσκευά-</span> 
     </span>
    </p>
   </div>
   <div class='ocr_carea' id='block_1_71' title="bbox 1120 1800 1210 1818">
    <p class='ocr_par' dir='ltr' id='par_1_71' title="bbox 1120 1800 1210 1818">
     <span class='ocr_line' id='line_1_71' title="bbox 1120 1800 1210 1818; baseline 0 0"><span class='ocrx_word' id='word_1_535' title='bbox 1120 1800 1210 1818; x_wconf 79' lang='grc' dir='ltr'>σαντο.</span> 
     </span>
    </p>
   </div>
   <div class='ocr_carea' id='block_1_72' title="bbox 273 1838 1904 1877">
    <p class='ocr_par' dir='ltr' id='par_1_72' title="bbox 273 1838 1904 1877">
     <span class='ocr_line' id='line_1_72' title="bbox 273 1838 1904 1877; baseline 0.002 -9"><span class='ocrx_word' id='word_1_536' title='bbox 273 1840 322 1868; x_wconf 82' lang='lat' dir='ltr'><strong>sed</strong></span> <span class='ocrx_word' id='word_1_537' title='bbox 341 1841 394 1867; x_wconf 85' lang='lat' dir='ltr'><strong>erit</strong></span> <span class='ocrx_word' id='word_1_538' title='bbox 413 1845 502 1867; x_wconf 69' lang='lat' dir='ltr'><strong>szrmo</strong></span> <span class='ocrx_word' id='word_1_539' title='bbox 523 1844 613 1866; x_wconf 84' lang='lat' dir='ltr'><strong>vester</strong></span> <span class='ocrx_word' id='word_1_540' title='bbox 633 1847 640 1865; x_wconf 89' lang='lat'>:</span> <span class='ocrx_word' id='word_1_541' title='bbox 661 1841 713 1870; x_wconf 88' lang='lat' dir='ltr'><strong>est,</strong></span> <span class='ocrx_word' id='word_1_542' title='bbox 740 1841 782 1866; x_wconf 88' lang='lat' dir='ltr'><strong>est</strong></span> <span class='ocrx_word' id='word_1_543' title='bbox 797 1847 803 1865; x_wconf 88' lang='lat'>:</span> <span class='ocrx_word' id='word_1_544' title='bbox 817 1845 883 1871; x_wconf 93' lang='lat' dir='ltr'><strong>non,</strong></span> <span class='ocrx_word' id='word_1_545' title='bbox 908 1845 963 1864; x_wconf 91' lang='lat' dir='ltr'><strong>non</strong></span> <span class='ocrx_word' id='word_1_546' title='bbox 976 1845 982 1864; x_wconf 88' lang='lat'><strong>:</strong></span> <span class='ocrx_word' id='word_1_547' title='bbox 997 1838 1069 1872; x_wconf 89' lang='lat' dir='ltr'><strong>quod</strong></span> <span class='ocrx_word' id='word_1_548' title='bbox 1088 1842 1177 1866; x_wconf 87' lang='lat' dir='ltr'><strong>autem</strong></span> <span class='ocrx_word' id='word_1_549' title='bbox 1199 1839 1242 1867; x_wconf 90' lang='lat' dir='ltr'><strong>his</strong></span> <span class='ocrx_word' id='word_1_550' title='bbox 1259 1839 1442 1869; x_wconf 86' lang='lat' dir='ltr'><strong>abundantius</strong></span> <span class='ocrx_word' id='word_1_551' title='bbox 1464 1846 1516 1875; x_wconf 86' lang='lat' dir='ltr'><strong>est,</strong></span> <span class='ocrx_word' id='word_1_552' title='bbox 1541 1851 1556 1871; x_wconf 90' lang='lat' dir='ltr'><strong>a</strong></span> <span class='ocrx_word' id='word_1_553' title='bbox 1573 1845 1643 1873; x_wconf 87' lang='lat' dir='ltr'><strong>malo</strong></span> <span class='ocrx_word' id='word_1_554' title='bbox 1658 1852 1700 1874; x_wconf 86' lang='lat' dir='ltr'><strong>est</strong></span> <span class='ocrx_word' id='word_1_555' title='bbox 1714 1847 1746 1874; x_wconf 73' lang='grc'><strong>³³⁵.</strong></span> <span class='ocrx_word' id='word_1_556' title='bbox 1766 1856 1776 1874; x_wconf 67' lang='grc' dir='ltr'><strong>ο</strong></span> <span class='ocrx_word' id='word_1_557' title='bbox 1799 1847 1830 1875; x_wconf 84' lang='lat' dir='ltr'><strong>Et</strong></span> <span class='ocrx_word' id='word_1_558' title='bbox 1841 1857 1904 1877; x_wconf 84' lang='grc' dir='ltr'><strong>ι-ιιιι-</strong></span> 
     </span>
    </p>
   </div>
   <div class='ocr_carea' id='block_1_73' title="bbox 274 1884 1902 1925">
    <p class='ocr_par' dir='ltr' id='par_1_73' title="bbox 274 1884 1902 1925">
     <span class='ocr_line' id='line_1_73' title="bbox 274 1884 1902 1925; baseline 0.006 -11"><span class='ocrx_word' id='word_1_559' title='bbox 274 1894 322 1914; x_wconf 86' lang='lat' dir='ltr'><strong>sus</strong></span> <span class='ocrx_word' id='word_1_560' title='bbox 339 1896 346 1914; x_wconf 89' lang='lat'><strong>:</strong></span> <span class='ocrx_word' id='word_1_561' title='bbox 363 1886 409 1913; x_wconf 89' lang='lat' dir='ltr'><strong>Ille</strong></span> <span class='ocrx_word' id='word_1_562' title='bbox 435 1886 545 1921; x_wconf 87' lang='lat' dir='ltr'><strong>quidem</strong></span> <span class='ocrx_word' id='word_1_563' title='bbox 568 1885 684 1920; x_wconf 89' lang='lat' dir='ltr'><strong>injurias</strong></span> <span class='ocrx_word' id='word_1_564' title='bbox 708 1885 825 1917; x_wconf 77' lang='lat' dir='ltr'><strong>ulcisci,</strong></span> <span class='ocrx_word' id='word_1_565' title='bbox 853 1888 880 1912; x_wconf 82' lang='lat' dir='ltr'><strong>et</strong></span> <span class='ocrx_word' id='word_1_566' title='bbox 914 1884 1093 1913; x_wconf 78' lang='lat' dir='ltr'><strong>inferentibus</strong></span> <span class='ocrx_word' id='word_1_567' title='bbox 1119 1886 1228 1913; x_wconf 88' lang='lat' dir='ltr'><strong>easdem</strong></span> <span class='ocrx_word' id='word_1_568' title='bbox 1253 1887 1355 1916; x_wconf 84' lang='lat' dir='ltr'><strong>referre</strong></span> <span class='ocrx_word' id='word_1_569' title='bbox 1385 1890 1547 1918; x_wconf 78' lang='lat' dir='ltr'><strong>hortabatur</strong></span> <span class='ocrx_word' id='word_1_570' title='bbox 1564 1911 1570 1922; x_wconf 88' lang='lat'><strong>,</strong></span> <span class='ocrx_word' id='word_1_571' title='bbox 1596 1892 1690 1921; x_wconf 84' lang='lat' dir='ltr'><strong>dicens</strong></span> <span class='ocrx_word' id='word_1_572' title='bbox 1717 1904 1724 1921; x_wconf 88' lang='lat'><strong><em>:</em></strong></span> <span class='ocrx_word' id='word_1_573' title='bbox 1757 1904 1767 1921; x_wconf 76' lang='lat'><strong>1</strong></span> <span class='ocrx_word' id='word_1_574' title='bbox 1788 1895 1902 1925; x_wconf 89' lang='lat' dir='ltr'><strong>Oculum</strong></span> 
     </span>
    </p>
   </div>
   <div class='ocr_carea' id='block_1_74' title="bbox 272 1932 1903 1978">
    <p class='ocr_par' dir='ltr' id='par_1_74' title="bbox 272 1932 1903 1978">
     <span class='ocr_line' id='line_1_74' title="bbox 272 1932 1903 1978; baseline 0.007 -16"><span class='ocrx_word' id='word_1_575' title='bbox 272 1942 324 1969; x_wconf 74' lang='lat' dir='ltr'><strong>pro</strong></span> <span class='ocrx_word' id='word_1_576' title='bbox 336 1935 425 1967; x_wconf 84' lang='lat' dir='ltr'><strong>oculo,</strong></span> <span class='ocrx_word' id='word_1_577' title='bbox 436 1938 463 1960; x_wconf 82' lang='lat' dir='ltr'><strong>et</strong></span> <span class='ocrx_word' id='word_1_578' title='bbox 481 1933 587 1961; x_wconf 87' lang='lat' dir='ltr'><strong>dentem</strong></span> <span class='ocrx_word' id='word_1_579' title='bbox 601 1941 650 1968; x_wconf 89' lang='lat' dir='ltr'><strong>pro</strong></span> <span class='ocrx_word' id='word_1_580' title='bbox 659 1934 756 1961; x_wconf 87' lang='lat' dir='ltr'><strong>dente:</strong></span> <span class='ocrx_word' id='word_1_581' title='bbox 783 1932 836 1968; x_wconf 65' lang='grc'><strong>24.</strong></span> <span class='ocrx_word' id='word_1_582' title='bbox 845 1940 894 1968; x_wconf 82' lang='lat' dir='ltr'><strong>ego</strong></span> <span class='ocrx_word' id='word_1_583' title='bbox 903 1936 991 1960; x_wconf 88' lang='lat' dir='ltr'><strong>autem</strong></span> <span class='ocrx_word' id='word_1_584' title='bbox 1003 1933 1064 1960; x_wconf 87' lang='lat' dir='ltr'><strong>dico</strong></span> <span class='ocrx_word' id='word_1_585' title='bbox 1084 1933 1171 1966; x_wconf 84' lang='lat' dir='ltr'><strong>vobis,</strong></span> <span class='ocrx_word' id='word_1_586' title='bbox 1202 1942 1255 1962; x_wconf 91' lang='lat' dir='ltr'><strong>non</strong></span> <span class='ocrx_word' id='word_1_587' title='bbox 1286 1936 1415 1965; x_wconf 79' lang='lat' dir='ltr'><strong>resistere</strong></span> <span class='ocrx_word' id='word_1_588' title='bbox 1446 1938 1527 1971; x_wconf 86' lang='lat' dir='ltr'><strong>malo,</strong></span> <span class='ocrx_word' id='word_1_589' title='bbox 1546 1941 1593 1967; x_wconf 86' lang='lat' dir='ltr'><strong>sed</strong></span> <span class='ocrx_word' id='word_1_590' title='bbox 1609 1941 1630 1968; x_wconf 95' lang='lat' dir='ltr'><strong>si</strong></span> <span class='ocrx_word' id='word_1_591' title='bbox 1647 1942 1707 1976; x_wconf 89' lang='lat' dir='ltr'><strong>quis</strong></span> <span class='ocrx_word' id='word_1_592' title='bbox 1719 1946 1746 1970; x_wconf 85' lang='lat' dir='ltr'><strong>te</strong></span> <span class='ocrx_word' id='word_1_593' title='bbox 1759 1951 1903 1978; x_wconf 85' lang='lat' dir='ltr'><strong>percusse-</strong></span> 
     </span>
    </p>
   </div>
   <div class='ocr_carea' id='block_1_75' title="bbox 275 1978 1899 2023">
    <p class='ocr_par' dir='ltr' id='par_1_75' title="bbox 275 1978 1899 2023">
     <span class='ocr_line' id='line_1_75' title="bbox 275 1978 1899 2023; baseline 0.007 -17"><span class='ocrx_word' id='word_1_594' title='bbox 275 1980 311 2007; x_wconf 86' lang='lat' dir='ltr'><strong>rit</strong></span> <span class='ocrx_word' id='word_1_595' title='bbox 325 1980 352 2006; x_wconf 95' lang='lat' dir='ltr'><strong>in</strong></span> <span class='ocrx_word' id='word_1_596' title='bbox 367 1980 505 2007; x_wconf 79' lang='lat' dir='ltr'><strong>dexteram</strong></span> <span class='ocrx_word' id='word_1_597' title='bbox 523 1978 660 2006; x_wconf 87' lang='lat' dir='ltr'><strong>maxillam</strong></span> <span class='ocrx_word' id='word_1_598' title='bbox 673 1982 758 2010; x_wconf 85' lang='lat' dir='ltr'><strong>tuam,</strong></span> <span class='ocrx_word' id='word_1_599' title='bbox 774 1979 925 2006; x_wconf 85' lang='lat' dir='ltr'><strong>convertito</strong></span> <span class='ocrx_word' id='word_1_600' title='bbox 935 1979 968 2006; x_wconf 87' lang='lat' dir='ltr'><strong>ad</strong></span> <span class='ocrx_word' id='word_1_601' title='bbox 980 1979 1056 2006; x_wconf 92' lang='lat' dir='ltr'><strong>illum</strong></span> <span class='ocrx_word' id='word_1_602' title='bbox 1076 1983 1103 2007; x_wconf 92' lang='lat' dir='ltr'><strong>et</strong></span> <span class='ocrx_word' id='word_1_603' title='bbox 1118 1980 1229 2007; x_wconf 85' lang='lat' dir='ltr'><strong>alteram</strong></span> <span class='ocrx_word' id='word_1_604' title='bbox 1244 1989 1251 2008; x_wconf 92' lang='lat'><strong>:</strong></span> <span class='ocrx_word' id='word_1_605' title='bbox 1266 1985 1293 2008; x_wconf 87' lang='lat' dir='ltr'><strong>et</strong></span> <span class='ocrx_word' id='word_1_606' title='bbox 1317 1982 1363 2016; x_wconf 85' lang='lat' dir='ltr'><strong>qui</strong></span> <span class='ocrx_word' id='word_1_607' title='bbox 1391 1983 1455 2010; x_wconf 87' lang='lat' dir='ltr'><strong>velit</strong></span> <span class='ocrx_word' id='word_1_608' title='bbox 1475 1988 1563 2012; x_wconf 89' lang='lat' dir='ltr'><strong>tecum</strong></span> <span class='ocrx_word' id='word_1_609' title='bbox 1595 1986 1697 2021; x_wconf 80' lang='lat' dir='ltr'><strong>judicio</strong></span> <span class='ocrx_word' id='word_1_610' title='bbox 1722 1991 1899 2023; x_wconf 86' lang='lat' dir='ltr'><strong>contendere,</strong></span> 
     </span>
    </p>
   </div>
   <div class='ocr_carea' id='block_1_76' title="bbox 273 2025 1900 2071">
    <p class='ocr_par' dir='ltr' id='par_1_76' title="bbox 273 2025 1900 2071">
     <span class='ocr_line' id='line_1_76' title="bbox 273 2025 1900 2071; baseline 0.006 -16"><span class='ocrx_word' id='word_1_611' title='bbox 273 2032 302 2055; x_wconf 88' lang='lat' dir='ltr'><strong>et</strong></span> <span class='ocrx_word' id='word_1_612' title='bbox 319 2028 438 2055; x_wconf 89' lang='lat' dir='ltr'><strong>tunicam</strong></span> <span class='ocrx_word' id='word_1_613' title='bbox 459 2031 533 2054; x_wconf 89' lang='lat' dir='ltr'><strong>tuam</strong></span> <span class='ocrx_word' id='word_1_614' title='bbox 554 2026 658 2058; x_wconf 89' lang='lat' dir='ltr'><strong>tollere,</strong></span> <span class='ocrx_word' id='word_1_615' title='bbox 684 2025 788 2053; x_wconf 86' lang='lat' dir='ltr'><strong>dimitte</strong></span> <span class='ocrx_word' id='word_1_616' title='bbox 816 2026 839 2053; x_wconf 90' lang='lat' dir='ltr'><strong>ci</strong></span> <span class='ocrx_word' id='word_1_617' title='bbox 856 2029 882 2053; x_wconf 83' lang='lat' dir='ltr'><strong>et</strong></span> <span class='ocrx_word' id='word_1_618' title='bbox 901 2026 1011 2060; x_wconf 84' lang='lat' dir='ltr'><strong>pallium</strong></span> <span class='ocrx_word' id='word_1_619' title='bbox 1024 2026 1044 2042; x_wconf 84' lang='grc'>⁹⁷</span> <span class='ocrx_word' id='word_1_620' title='bbox 1068 2036 1077 2052; x_wconf 78' lang='grc' dir='ltr'><strong><em>ι</em></strong></span> <span class='ocrx_word' id='word_1_621' title='bbox 1101 2026 1133 2054; x_wconf 87' lang='grc' dir='ltr'><strong>Ει</strong></span> <span class='ocrx_word' id='word_1_622' title='bbox 1156 2034 1254 2054; x_wconf 88' lang='lat' dir='ltr'><strong>rursus</strong></span> <span class='ocrx_word' id='word_1_623' title='bbox 1271 2036 1277 2054; x_wconf 83' lang='lat'>:</span> <span class='ocrx_word' id='word_1_624' title='bbox 1294 2027 1341 2056; x_wconf 91' lang='lat' dir='ltr'><strong>llle</strong></span> <span class='ocrx_word' id='word_1_625' title='bbox 1362 2029 1472 2064; x_wconf 88' lang='lat' dir='ltr'><strong>quidem</strong></span> <span class='ocrx_word' id='word_1_626' title='bbox 1500 2030 1614 2059; x_wconf 86' lang='lat' dir='ltr'><strong>docebat</strong></span> <span class='ocrx_word' id='word_1_627' title='bbox 1633 2034 1750 2061; x_wconf 87' lang='lat' dir='ltr'><strong>amicum</strong></span> <span class='ocrx_word' id='word_1_628' title='bbox 1776 2036 1900 2071; x_wconf 79' lang='lat' dir='ltr'><strong>diligere,</strong></span> 
     </span>
    </p>
   </div>
   <div class='ocr_carea' id='block_1_77' title="bbox 273 2073 1901 2110">
    <p class='ocr_par' dir='ltr' id='par_1_77' title="bbox 273 2073 1901 2110">
     <span class='ocr_line' id='line_1_77' title="bbox 273 2073 1901 2110; baseline 0.004 -7"><span class='ocrx_word' id='word_1_629' title='bbox 273 2079 301 2103; x_wconf 76' lang='lat' dir='ltr'><strong>et</strong></span> <span class='ocrx_word' id='word_1_630' title='bbox 312 2075 437 2102; x_wconf 88' lang='lat' dir='ltr'><strong>inimicos</strong></span> <span class='ocrx_word' id='word_1_631' title='bbox 449 2073 578 2101; x_wconf 84' lang='lat' dir='ltr'><strong>insectari</strong></span> <span class='ocrx_word' id='word_1_632' title='bbox 595 2073 680 2101; x_wconf 84' lang='lat' dir='ltr'><strong>odio:</strong></span> <span class='ocrx_word' id='word_1_633' title='bbox 711 2080 761 2108; x_wconf 87' lang='lat' dir='ltr'><strong>ego</strong></span> <span class='ocrx_word' id='word_1_634' title='bbox 790 2076 879 2099; x_wconf 88' lang='lat' dir='ltr'><strong>autem</strong></span> <span class='ocrx_word' id='word_1_635' title='bbox 909 2080 942 2100; x_wconf 84' lang='lat' dir='ltr'><strong>ex</strong></span> <span class='ocrx_word' id='word_1_636' title='bbox 969 2073 1135 2101; x_wconf 87' lang='lat' dir='ltr'><strong>abundantia</strong></span> <span class='ocrx_word' id='word_1_637' title='bbox 1163 2074 1340 2104; x_wconf 86' lang='lat' dir='ltr'><strong>humanitatis</strong></span> <span class='ocrx_word' id='word_1_638' title='bbox 1358 2080 1385 2103; x_wconf 90' lang='lat' dir='ltr'><strong>ct</strong></span> <span class='ocrx_word' id='word_1_639' title='bbox 1407 2077 1565 2110; x_wconf 56' lang='lat' dir='ltr'><strong>clementiae,</strong></span> <span class='ocrx_word' id='word_1_640' title='bbox 1594 2083 1623 2106; x_wconf 91' lang='lat' dir='ltr'><strong>ut</strong></span> <span class='ocrx_word' id='word_1_641' title='bbox 1646 2079 1773 2108; x_wconf 88' lang='lat' dir='ltr'><strong>inimicos</strong></span> <span class='ocrx_word' id='word_1_642' title='bbox 1793 2087 1901 2110; x_wconf 85' lang='lat' dir='ltr'><strong>vestros</strong></span> 
     </span>
    </p>
   </div>
   <div class='ocr_carea' id='block_1_78' title="bbox 274 2120 1900 2163">
    <p class='ocr_par' dir='ltr' id='par_1_78' title="bbox 274 2120 1900 2163">
     <span class='ocr_line' id='line_1_78' title="bbox 274 2120 1900 2163; baseline 0.004 -13"><span class='ocrx_word' id='word_1_643' title='bbox 274 2123 404 2158; x_wconf 79' lang='lat' dir='ltr'><strong>diligatis,</strong></span> <span class='ocrx_word' id='word_1_644' title='bbox 422 2126 448 2150; x_wconf 91' lang='lat' dir='ltr'><strong>et</strong></span> <span class='ocrx_word' id='word_1_645' title='bbox 465 2130 514 2158; x_wconf 89' lang='lat' dir='ltr'><strong>pro</strong></span> <span class='ocrx_word' id='word_1_646' title='bbox 535 2120 761 2157; x_wconf 83' lang='lat' dir='ltr'><strong>persequentibus</strong></span> <span class='ocrx_word' id='word_1_647' title='bbox 782 2128 830 2148; x_wconf 90' lang='lat' dir='ltr'><strong>vos</strong></span> <span class='ocrx_word' id='word_1_648' title='bbox 855 2121 950 2153; x_wconf 87' lang='lat' dir='ltr'><strong>oretis,</strong></span> <span class='ocrx_word' id='word_1_649' title='bbox 974 2121 1059 2156; x_wconf 76' lang='lat' dir='ltr'><strong>legem</strong></span> <span class='ocrx_word' id='word_1_650' title='bbox 1078 2121 1156 2149; x_wconf 91' lang='lat' dir='ltr'><strong>vobis</strong></span> <span class='ocrx_word' id='word_1_651' title='bbox 1170 2129 1252 2157; x_wconf 86' lang='lat' dir='ltr'><strong>pono,</strong></span> <span class='ocrx_word' id='word_1_652' title='bbox 1271 2131 1280 2148; x_wconf 74' lang='grc' dir='ltr'><strong>ι</strong></span> <span class='ocrx_word' id='word_1_653' title='bbox 1299 2127 1329 2150; x_wconf 88' lang='lat' dir='ltr'><strong>ut</strong></span> <span class='ocrx_word' id='word_1_654' title='bbox 1345 2123 1405 2152; x_wconf 90' lang='lat' dir='ltr'><strong>sitis</strong></span> <span class='ocrx_word' id='word_1_655' title='bbox 1421 2124 1468 2151; x_wconf 80' lang='lat' dir='ltr'><strong>filii</strong></span> <span class='ocrx_word' id='word_1_656' title='bbox 1481 2123 1571 2153; x_wconf 88' lang='lat' dir='ltr'><strong>Patris</strong></span> <span class='ocrx_word' id='word_1_657' title='bbox 1594 2127 1688 2159; x_wconf 76' lang='lat' dir='ltr'><strong>vostri,</strong></span> <span class='ocrx_word' id='word_1_658' title='bbox 1711 2128 1758 2163; x_wconf 90' lang='lat' dir='ltr'><strong>qui</strong></span> <span class='ocrx_word' id='word_1_659' title='bbox 1776 2128 1803 2156; x_wconf 94' lang='lat' dir='ltr'><strong>in</strong></span> <span class='ocrx_word' id='word_1_660' title='bbox 1822 2130 1900 2156; x_wconf 69' lang='lat' dir='ltr'><strong>caelis</strong></span> 
     </span>
    </p>
   </div>
   <div class='ocr_carea' id='block_1_79' title="bbox 273 2168 1901 2206">
    <p class='ocr_par' dir='ltr' id='par_1_79' title="bbox 273 2168 1901 2206">
     <span class='ocr_line' id='line_1_79' title="bbox 273 2168 1901 2206; baseline 0.003 -8"><span class='ocrx_word' id='word_1_661' title='bbox 273 2170 380 2204; x_wconf 85' lang='lat' dir='ltr'><strong>est,qui</strong></span> <span class='ocrx_word' id='word_1_662' title='bbox 393 2169 475 2197; x_wconf 88' lang='lat' dir='ltr'><strong>solem</strong></span> <span class='ocrx_word' id='word_1_663' title='bbox 485 2176 565 2196; x_wconf 88' lang='lat' dir='ltr'><strong>suum</strong></span> <span class='ocrx_word' id='word_1_664' title='bbox 579 2168 644 2195; x_wconf 87' lang='lat' dir='ltr'><strong>oriri</strong></span> <span class='ocrx_word' id='word_1_665' title='bbox 658 2168 722 2195; x_wconf 80' lang='lat' dir='ltr'><strong>facit</strong></span> <span class='ocrx_word' id='word_1_666' title='bbox 733 2175 813 2203; x_wconf 89' lang='lat' dir='ltr'><strong>super</strong></span> <span class='ocrx_word' id='word_1_667' title='bbox 824 2168 910 2196; x_wconf 89' lang='lat' dir='ltr'><strong>bonos</strong></span> <span class='ocrx_word' id='word_1_668' title='bbox 921 2171 948 2195; x_wconf 91' lang='lat' dir='ltr'><strong>ct</strong></span> <span class='ocrx_word' id='word_1_669' title='bbox 972 2168 1068 2201; x_wconf 81' lang='lat' dir='ltr'><strong>malos,</strong></span> <span class='ocrx_word' id='word_1_670' title='bbox 1086 2173 1113 2196; x_wconf 89' lang='lat' dir='ltr'><strong>et</strong></span> <span class='ocrx_word' id='word_1_671' title='bbox 1130 2169 1196 2203; x_wconf 86' lang='lat' dir='ltr'><strong>pluit</strong></span> <span class='ocrx_word' id='word_1_672' title='bbox 1211 2177 1291 2203; x_wconf 88' lang='lat' dir='ltr'><strong>super</strong></span> <span class='ocrx_word' id='word_1_673' title='bbox 1303 2169 1393 2204; x_wconf 79' lang='lat' dir='ltr'><strong>justos</strong></span> <span class='ocrx_word' id='word_1_674' title='bbox 1418 2172 1445 2198; x_wconf 90' lang='lat' dir='ltr'><strong>et</strong></span> <span class='ocrx_word' id='word_1_675' title='bbox 1469 2170 1586 2206; x_wconf 90' lang='lat' dir='ltr'><strong>injustos</strong></span> <span class='ocrx_word' id='word_1_676' title='bbox 1598 2172 1631 2200; x_wconf 79' lang='grc'><strong>⁸⁸.</strong></span> <span class='ocrx_word' id='word_1_677' title='bbox 1651 2181 1661 2199; x_wconf 77' lang='grc' dir='ltr'><strong>ι</strong></span> <span class='ocrx_word' id='word_1_678' title='bbox 1681 2173 1720 2200; x_wconf 83' lang='lat' dir='ltr'><strong>Ad</strong></span> <span class='ocrx_word' id='word_1_679' title='bbox 1744 2174 1800 2202; x_wconf 76' lang='lat' dir='ltr'><strong>hzec</strong></span> <span class='ocrx_word' id='word_1_680' title='bbox 1825 2184 1831 2202; x_wconf 94' lang='lat'>:</span> <span class='ocrx_word' id='word_1_681' title='bbox 1853 2176 1901 2204; x_wconf 87' lang='lat' dir='ltr'><strong>Ille</strong></span> 
     </span>
    </p>
   </div>
   <div class='ocr_carea' id='block_1_80' title="bbox 273 2215 1900 2258">
    <p class='ocr_par' dir='ltr' id='par_1_80' title="bbox 273 2215 1900 2258">
     <span class='ocr_line' id='line_1_80' title="bbox 273 2215 1900 2258; baseline 0.005 -15"><span class='ocrx_word' id='word_1_682' title='bbox 273 2216 382 2252; x_wconf 84' lang='lat' dir='ltr'><strong>quidem</strong></span> <span class='ocrx_word' id='word_1_683' title='bbox 398 2224 426 2243; x_wconf 84' lang='lat' dir='ltr'><strong>se</strong></span> <span class='ocrx_word' id='word_1_684' title='bbox 442 2215 475 2243; x_wconf 88' lang='lat' dir='ltr'><strong>ad</strong></span> <span class='ocrx_word' id='word_1_685' title='bbox 492 2216 638 2243; x_wconf 89' lang='lat' dir='ltr'><strong>multorum</strong></span> <span class='ocrx_word' id='word_1_686' title='bbox 666 2215 792 2242; x_wconf 82' lang='lat' dir='ltr'><strong>duritiam</strong></span> <span class='ocrx_word' id='word_1_687' title='bbox 821 2215 1052 2248; x_wconf 84' lang='lat' dir='ltr'><strong>accommodabat,</strong></span> <span class='ocrx_word' id='word_1_688' title='bbox 1073 2219 1099 2243; x_wconf 90' lang='lat' dir='ltr'><strong>et</strong></span> <span class='ocrx_word' id='word_1_689' title='bbox 1123 2217 1156 2244; x_wconf 90' lang='lat' dir='ltr'><strong>iis</strong></span> <span class='ocrx_word' id='word_1_690' title='bbox 1179 2220 1252 2252; x_wconf 85' lang='lat' dir='ltr'><strong>apta,</strong></span> <span class='ocrx_word' id='word_1_691' title='bbox 1271 2217 1315 2252; x_wconf 89' lang='lat' dir='ltr'><strong>qui</strong></span> <span class='ocrx_word' id='word_1_692' title='bbox 1333 2219 1583 2252; x_wconf 88' lang='lat' dir='ltr'><strong>perturbationibus</strong></span> <span class='ocrx_word' id='word_1_693' title='bbox 1609 2221 1680 2256; x_wconf 88' lang='lat' dir='ltr'><strong>pleni</strong></span> <span class='ocrx_word' id='word_1_694' title='bbox 1700 2226 1802 2255; x_wconf 84' lang='lat' dir='ltr'><strong>essent,</strong></span> <span class='ocrx_word' id='word_1_695' title='bbox 1830 2231 1900 2258; x_wconf 76' lang='lat' dir='ltr'><strong>pra:-</strong></span> 
     </span>
    </p>
   </div>
   <div class='ocr_carea' id='block_1_81' title="bbox 273 2261 1900 2304">
    <p class='ocr_par' dir='ltr' id='par_1_81' title="bbox 273 2261 1900 2304">
     <span class='ocr_line' id='line_1_81' title="bbox 273 2261 1900 2304; baseline 0.002 -12"><span class='ocrx_word' id='word_1_696' title='bbox 273 2264 402 2300; x_wconf 88' lang='lat' dir='ltr'><strong>cipiebat,</strong></span> <span class='ocrx_word' id='word_1_697' title='bbox 428 2268 509 2299; x_wconf 89' lang='lat' dir='ltr'><strong>atque</strong></span> <span class='ocrx_word' id='word_1_698' title='bbox 531 2264 702 2291; x_wconf 88' lang='lat' dir='ltr'><strong>immutatum</strong></span> <span class='ocrx_word' id='word_1_699' title='bbox 716 2263 860 2298; x_wconf 80' lang='lat' dir='ltr'><strong>quemdam</strong></span> <span class='ocrx_word' id='word_1_700' title='bbox 877 2271 892 2290; x_wconf 89' lang='lat' dir='ltr'><strong>a</strong></span> <span class='ocrx_word' id='word_1_701' title='bbox 917 2267 1008 2290; x_wconf 82' lang='lat' dir='ltr'><strong>vetere</strong></span> <span class='ocrx_word' id='word_1_702' title='bbox 1022 2263 1077 2296; x_wconf 90' lang='lat' dir='ltr'><strong>illo,</strong></span> <span class='ocrx_word' id='word_1_703' title='bbox 1099 2264 1309 2299; x_wconf 87' lang='lat' dir='ltr'><strong>iuferioremque</strong></span> <span class='ocrx_word' id='word_1_704' title='bbox 1322 2261 1463 2300; x_wconf 77' lang='lat' dir='ltr'><strong>religionis</strong></span> <span class='ocrx_word' id='word_1_705' title='bbox 1479 2267 1588 2294; x_wconf 90' lang='lat' dir='ltr'><strong>modum</strong></span> <span class='ocrx_word' id='word_1_706' title='bbox 1607 2268 1751 2296; x_wconf 87' lang='lat' dir='ltr'><strong>tradebat:</strong></span> <span class='ocrx_word' id='word_1_707' title='bbox 1777 2277 1827 2304; x_wconf 80' lang='lat' dir='ltr'><strong>ego</strong></span> <span class='ocrx_word' id='word_1_708' title='bbox 1849 2278 1900 2297; x_wconf 92' lang='lat' dir='ltr'><strong>au-</strong></span> 
     </span>
    </p>
   </div>
   <div class='ocr_carea' id='block_1_82' title="bbox 273 2310 1901 2347">
    <p class='ocr_par' dir='ltr' id='par_1_82' title="bbox 273 2310 1901 2347">
     <span class='ocr_line' id='line_1_82' title="bbox 273 2310 1901 2347; baseline 0.002 -9"><span class='ocrx_word' id='word_1_709' title='bbox 273 2315 329 2338; x_wconf 80' lang='lat' dir='ltr'><strong>tem</strong></span> <span class='ocrx_word' id='word_1_710' title='bbox 349 2311 381 2338; x_wconf 90' lang='lat' dir='ltr'><strong>ad</strong></span> <span class='ocrx_word' id='word_1_711' title='bbox 398 2311 481 2346; x_wconf 87' lang='lat' dir='ltr'><strong>piam,</strong></span> <span class='ocrx_word' id='word_1_712' title='bbox 515 2311 726 2346; x_wconf 78' lang='lat' dir='ltr'><strong>religiosamquc</strong></span> <span class='ocrx_word' id='word_1_713' title='bbox 748 2311 830 2337; x_wconf 91' lang='lat' dir='ltr'><strong>vitam</strong></span> <span class='ocrx_word' id='word_1_714' title='bbox 860 2318 966 2342; x_wconf 85' lang='lat' dir='ltr'><strong>eorum,</strong></span> <span class='ocrx_word' id='word_1_715' title='bbox 993 2310 1038 2345; x_wconf 89' lang='lat' dir='ltr'><strong>qui</strong></span> <span class='ocrx_word' id='word_1_716' title='bbox 1055 2311 1150 2345; x_wconf 83' lang='lat' dir='ltr'><strong>priscis</strong></span> <span class='ocrx_word' id='word_1_717' title='bbox 1173 2311 1226 2338; x_wconf 88' lang='lat' dir='ltr'><strong>illis</strong></span> <span class='ocrx_word' id='word_1_718' title='bbox 1248 2312 1414 2346; x_wconf 86' lang='lat' dir='ltr'><strong>temporibus</strong></span> <span class='ocrx_word' id='word_1_719' title='bbox 1439 2317 1532 2340; x_wconf 86' lang='lat' dir='ltr'><strong>sancte</strong></span> <span class='ocrx_word' id='word_1_720' title='bbox 1553 2313 1688 2347; x_wconf 86' lang='lat' dir='ltr'><strong>vixerunt,</strong></span> <span class='ocrx_word' id='word_1_721' title='bbox 1713 2322 1811 2342; x_wconf 79' lang='lat' dir='ltr'><strong>revoco</strong></span> <span class='ocrx_word' id='word_1_722' title='bbox 1839 2317 1901 2343; x_wconf 88' lang='lat' dir='ltr'><strong>uni-</strong></span> 
     </span>
    </p>
   </div>
   <div class='ocr_carea' id='block_1_83' title="bbox 272 2358 1898 2397">
    <p class='ocr_par' dir='ltr' id='par_1_83' title="bbox 272 2358 1898 2397">
     <span class='ocr_line' id='line_1_83' title="bbox 272 2358 1898 2397; baseline 0.002 -9"><span class='ocrx_word' id='word_1_723' title='bbox 272 2367 377 2388; x_wconf 74' lang='lat' dir='ltr'><strong>versos.</strong></span> <span class='ocrx_word' id='word_1_724' title='bbox 393 2359 524 2394; x_wconf 87' lang='lat' dir='ltr'><strong>Denique,</strong></span> <span class='ocrx_word' id='word_1_725' title='bbox 538 2359 583 2386; x_wconf 90' lang='lat' dir='ltr'><strong>ille</strong></span> <span class='ocrx_word' id='word_1_726' title='bbox 597 2359 705 2394; x_wconf 89' lang='lat' dir='ltr'><strong>quidem</strong></span> <span class='ocrx_word' id='word_1_727' title='bbox 724 2362 823 2386; x_wconf 89' lang='lat' dir='ltr'><strong>terram</strong></span> <span class='ocrx_word' id='word_1_728' title='bbox 835 2358 963 2386; x_wconf 85' lang='lat' dir='ltr'><strong>ﬂuentem</strong></span> <span class='ocrx_word' id='word_1_729' title='bbox 979 2359 1021 2386; x_wconf 89' lang='lat' dir='ltr'><strong>lac</strong></span> <span class='ocrx_word' id='word_1_730' title='bbox 1045 2363 1072 2386; x_wconf 85' lang='lat' dir='ltr'><strong>et</strong></span> <span class='ocrx_word' id='word_1_731' title='bbox 1091 2360 1155 2392; x_wconf 92' lang='lat' dir='ltr'><strong>mel,</strong></span> <span class='ocrx_word' id='word_1_732' title='bbox 1181 2359 1258 2395; x_wconf 89' lang='lat' dir='ltr'><strong>quasi</strong></span> <span class='ocrx_word' id='word_1_733' title='bbox 1286 2361 1406 2395; x_wconf 84' lang='lat' dir='ltr'><strong>parvulis</strong></span> <span class='ocrx_word' id='word_1_734' title='bbox 1434 2362 1608 2395; x_wconf 85' lang='lat' dir='ltr'><strong>promittebat</strong></span> <span class='ocrx_word' id='word_1_735' title='bbox 1631 2370 1637 2389; x_wconf 90' lang='lat'>:</span> <span class='ocrx_word' id='word_1_736' title='bbox 1668 2369 1718 2397; x_wconf 92' lang='lat' dir='ltr'><strong>ego</strong></span> <span class='ocrx_word' id='word_1_737' title='bbox 1745 2367 1835 2390; x_wconf 85' lang='lat' dir='ltr'><strong>autem</strong></span> <span class='ocrx_word' id='word_1_738' title='bbox 1864 2364 1898 2392; x_wconf 94' lang='lat' dir='ltr'><strong>iis</strong></span> 
     </span>
    </p>
   </div>
   <div class='ocr_carea' id='block_1_84' title="bbox 273 2406 1897 2443">
    <p class='ocr_par' dir='ltr' id='par_1_84' title="bbox 273 2406 1897 2443">
     <span class='ocr_line' id='line_1_84' title="bbox 273 2406 1897 2443; baseline 0.003 -9"><span class='ocrx_word' id='word_1_739' title='bbox 273 2407 319 2443; x_wconf 92' lang='lat' dir='ltr'><strong>qui</strong></span> <span class='ocrx_word' id='word_1_740' title='bbox 334 2415 432 2442; x_wconf 88' lang='lat' dir='ltr'><strong>capere</strong></span> <span class='ocrx_word' id='word_1_741' title='bbox 447 2407 562 2443; x_wconf 90' lang='lat' dir='ltr'><strong>possint,</strong></span> <span class='ocrx_word' id='word_1_742' title='bbox 579 2414 692 2442; x_wconf 78' lang='lat' dir='ltr'><strong>regnum</strong></span> <span class='ocrx_word' id='word_1_743' title='bbox 714 2408 825 2435; x_wconf 74' lang='lat' dir='ltr'><strong>cmleste</strong></span> <span class='ocrx_word' id='word_1_744' title='bbox 850 2406 977 2434; x_wconf 83' lang='lat' dir='ltr'><strong>concilio.</strong></span> <span class='ocrx_word' id='word_1_745' title='bbox 991 2406 1055 2434; x_wconf 71' lang='lat' dir='ltr'><strong>llaec</strong></span> <span class='ocrx_word' id='word_1_746' title='bbox 1074 2412 1156 2442; x_wconf 85' lang='lat' dir='ltr'><strong>atque</strong></span> <span class='ocrx_word' id='word_1_747' title='bbox 1177 2407 1309 2442; x_wconf 83' lang='lat' dir='ltr'><strong>ejusmodi</strong></span> <span class='ocrx_word' id='word_1_748' title='bbox 1326 2408 1388 2440; x_wconf 86' lang='lat' dir='ltr'><strong>alia,</strong></span> <span class='ocrx_word' id='word_1_749' title='bbox 1417 2407 1484 2435; x_wconf 85' lang='lat' dir='ltr'><strong>Novi</strong></span> <span class='ocrx_word' id='word_1_750' title='bbox 1504 2408 1671 2436; x_wconf 74' lang='lat' dir='ltr'><strong>Testamenti</strong></span> <span class='ocrx_word' id='word_1_751' title='bbox 1688 2410 1766 2443; x_wconf 83' lang='lat' dir='ltr'><strong>ratio,</strong></span> <span class='ocrx_word' id='word_1_752' title='bbox 1782 2411 1897 2439; x_wconf 87' lang='lat' dir='ltr'><strong>docente</strong></span> 
     </span>
    </p>
   </div>
   <div class='ocr_carea' id='block_1_85' title="bbox 272 2446 1898 2490">
    <p class='ocr_par' dir='ltr' id='par_1_85' title="bbox 272 2446 1898 2490">
     <span class='ocr_line' id='line_1_85' title="bbox 272 2446 1898 2490; baseline 0.002 -8"><span class='ocrx_word' id='word_1_753' title='bbox 272 2455 393 2487; x_wconf 86' lang='lat' dir='ltr'><strong>Christo,</strong></span> <span class='ocrx_word' id='word_1_754' title='bbox 411 2454 538 2482; x_wconf 88' lang='lat' dir='ltr'><strong>omnibus</strong></span> <span class='ocrx_word' id='word_1_755' title='bbox 560 2455 686 2490; x_wconf 79' lang='lat' dir='ltr'><strong>gentibus</strong></span> <span class='ocrx_word' id='word_1_756' title='bbox 711 2455 855 2481; x_wconf 81' lang='lat' dir='ltr'><strong>nuntiavit.</strong></span> <span class='ocrx_word' id='word_1_757' title='bbox 874 2454 907 2480; x_wconf 86' lang='lat' dir='ltr'><strong>Et</strong></span> <span class='ocrx_word' id='word_1_758' title='bbox 926 2454 982 2481; x_wconf 59' lang='lat' dir='ltr'><strong>hac</strong></span> <span class='ocrx_word' id='word_1_759' title='bbox 998 2453 1057 2488; x_wconf 89' lang='lat' dir='ltr'><strong>ipsa</strong></span> <span class='ocrx_word' id='word_1_760' title='bbox 1077 2457 1150 2486; x_wconf 88' lang='lat' dir='ltr'><strong>sunt,</strong></span> <span class='ocrx_word' id='word_1_761' title='bbox 1177 2446 1236 2489; x_wconf 64' lang='lat' dir='ltr'><strong>qua:</strong></span> <span class='ocrx_word' id='word_1_762' title='bbox 1265 2462 1330 2482; x_wconf 90' lang='lat' dir='ltr'><strong>suos</strong></span> <span class='ocrx_word' id='word_1_763' title='bbox 1355 2455 1504 2489; x_wconf 86' lang='lat' dir='ltr'><strong>discipulos</strong></span> <span class='ocrx_word' id='word_1_764' title='bbox 1522 2455 1646 2482; x_wconf 81' lang='lat' dir='ltr'><strong>Christus</strong></span> <span class='ocrx_word' id='word_1_765' title='bbox 1668 2455 1723 2489; x_wconf 86' lang='lat' dir='ltr'><strong>Dei,</strong></span> <span class='ocrx_word' id='word_1_766' title='bbox 1751 2460 1781 2483; x_wconf 89' lang='lat' dir='ltr'><strong>ut</strong></span> <span class='ocrx_word' id='word_1_767' title='bbox 1806 2458 1898 2485; x_wconf 68' lang='lat' dir='ltr'><strong>omni~</strong></span> 
     </span>
    </p>
   </div>
   <div class='ocr_carea' id='block_1_86' title="bbox 272 2501 1895 2542">
    <p class='ocr_par' dir='ltr' id='par_1_86' title="bbox 272 2501 1895 2542">
     <span class='ocr_line' id='line_1_86' title="bbox 272 2501 1895 2542; baseline 0.003 -14"><span class='ocrx_word' id='word_1_768' title='bbox 272 2501 325 2529; x_wconf 80' lang='lat' dir='ltr'><strong>bus</strong></span> <span class='ocrx_word' id='word_1_769' title='bbox 339 2502 463 2536; x_wconf 78' lang='lat' dir='ltr'><strong>gentibus</strong></span> <span class='ocrx_word' id='word_1_770' title='bbox 477 2503 644 2534; x_wconf 84' lang='lat' dir='ltr'><strong>nuntiarent,</strong></span> <span class='ocrx_word' id='word_1_771' title='bbox 660 2502 819 2529; x_wconf 85' lang='lat' dir='ltr'><strong>hortabatur</strong></span> <span class='ocrx_word' id='word_1_772' title='bbox 843 2502 937 2529; x_wconf 88' lang='lat' dir='ltr'><strong>dicens</strong></span> <span class='ocrx_word' id='word_1_773' title='bbox 964 2511 970 2528; x_wconf 92' lang='lat'><strong><em>:</em></strong></span> <span class='ocrx_word' id='word_1_774' title='bbox 996 2510 1005 2526; x_wconf 76' lang='grc' dir='ltr'><strong>ι</strong></span> <span class='ocrx_word' id='word_1_775' title='bbox 1035 2501 1138 2529; x_wconf 79' lang='lat' dir='ltr'><strong>Euutes</strong></span> <span class='ocrx_word' id='word_1_776' title='bbox 1165 2502 1337 2542; x_wconf 83' lang='lat' dir='ltr'><strong>disciplinam</strong></span> <span class='ocrx_word' id='word_1_777' title='bbox 1364 2505 1481 2530; x_wconf 82' lang='lat' dir='ltr'><strong>vestram</strong></span> <span class='ocrx_word' id='word_1_778' title='bbox 1501 2502 1599 2530; x_wconf 88' lang='lat' dir='ltr'><strong>tradite</strong></span> <span class='ocrx_word' id='word_1_779' title='bbox 1619 2504 1745 2532; x_wconf 90' lang='lat' dir='ltr'><strong>omnibus</strong></span> <span class='ocrx_word' id='word_1_780' title='bbox 1757 2505 1895 2540; x_wconf 77' lang='lat' dir='ltr'><strong>gentibus,</strong></span> 
     </span>
    </p>
   </div>
   <div class='ocr_carea' id='block_1_87' title="bbox 273 2547 1895 2583">
    <p class='ocr_par' dir='ltr' id='par_1_87' title="bbox 273 2547 1895 2583">
     <span class='ocr_line' id='line_1_87' title="bbox 273 2547 1895 2583; baseline 0.003 -9"><span class='ocrx_word' id='word_1_781' title='bbox 273 2547 404 2575; x_wconf 81' lang='lat' dir='ltr'><strong>docentes</strong></span> <span class='ocrx_word' id='word_1_782' title='bbox 429 2555 476 2575; x_wconf 69' lang='lat' dir='ltr'><strong>eas</strong></span> <span class='ocrx_word' id='word_1_783' title='bbox 499 2556 608 2576; x_wconf 82' lang='lat' dir='ltr'><strong>servare</strong></span> <span class='ocrx_word' id='word_1_784' title='bbox 628 2548 735 2580; x_wconf 85' lang='lat' dir='ltr'><strong>omnia,</strong></span> <span class='ocrx_word' id='word_1_785' title='bbox 759 2556 927 2583; x_wconf 81' lang='lat' dir='ltr'><strong>quaecunque</strong></span> <span class='ocrx_word' id='word_1_786' title='bbox 949 2548 1064 2583; x_wconf 76' lang='lat' dir='ltr'><strong>praecepi</strong></span> <span class='ocrx_word' id='word_1_787' title='bbox 1085 2548 1160 2575; x_wconf 82' lang='lat' dir='ltr'><strong>vobis</strong></span> <span class='ocrx_word' id='word_1_788' title='bbox 1185 2549 1218 2574; x_wconf 69' lang='lat'><strong>&#39;9.</strong></span> <span class='ocrx_word' id='word_1_789' title='bbox 1239 2558 1248 2574; x_wconf 71' lang='grc' dir='ltr'><strong>ι</strong></span> <span class='ocrx_word' id='word_1_790' title='bbox 1266 2548 1331 2581; x_wconf 69' lang='lat' dir='ltr'><strong>Qum</strong></span> <span class='ocrx_word' id='word_1_791' title='bbox 1344 2549 1425 2575; x_wconf 80' lang='lat' dir='ltr'><strong>etiam</strong></span> <span class='ocrx_word' id='word_1_792' title='bbox 1440 2549 1546 2578; x_wconf 83' lang='lat' dir='ltr'><strong>cunctis</strong></span> <span class='ocrx_word' id='word_1_793' title='bbox 1562 2549 1728 2583; x_wconf 85' lang='lat' dir='ltr'><strong>hominibus,</strong></span> <span class='ocrx_word' id='word_1_794' title='bbox 1749 2555 1802 2578; x_wconf 85' lang='lat' dir='ltr'><strong>tam</strong></span> <span class='ocrx_word' id='word_1_795' title='bbox 1829 2551 1895 2579; x_wconf 81' lang='lat' dir='ltr'><strong>bar-</strong></span> 
     </span>
    </p>
   </div>
   <div class='ocr_carea' id='block_1_88' title="bbox 273 2593 1893 2642">
    <p class='ocr_par' dir='ltr' id='par_1_88' title="bbox 273 2593 1893 2642">
     <span class='ocr_line' id='line_1_88' title="bbox 273 2593 1893 2642; baseline 0.002 -22"><span class='ocrx_word' id='word_1_796' title='bbox 273 2593 348 2620; x_wconf 85' lang='lat' dir='ltr'><strong>baris</strong></span> <span class='ocrx_word' id='word_1_797' title='bbox 369 2602 447 2628; x_wconf 85' lang='lat' dir='ltr'><strong>quam</strong></span> <span class='ocrx_word' id='word_1_798' title='bbox 464 2594 565 2622; x_wconf 79' lang='lat' dir='ltr'><strong>Graecis</strong></span> <span class='ocrx_word' id='word_1_799' title='bbox 579 2603 641 2622; x_wconf 91' lang='lat' dir='ltr'><strong>cum</strong></span> <span class='ocrx_word' id='word_1_800' title='bbox 664 2595 833 2623; x_wconf 86' lang='lat' dir='ltr'><strong>observanda</strong></span> <span class='ocrx_word' id='word_1_801' title='bbox 853 2595 980 2626; x_wconf 84' lang='lat' dir='ltr'><strong>traderet,</strong></span> <span class='ocrx_word' id='word_1_802' title='bbox 1003 2595 1082 2642; x_wconf 50' lang='lat' dir='ltr'><strong>plane</strong></span> <span class='ocrx_word' id='word_1_803' title='bbox 1106 2594 1236 2628; x_wconf 87' lang='lat' dir='ltr'><strong>quidnam</strong></span> <span class='ocrx_word' id='word_1_804' title='bbox 1257 2594 1293 2621; x_wconf 85' lang='lat' dir='ltr'><strong>sit</strong></span> <span class='ocrx_word' id='word_1_805' title='bbox 1314 2594 1541 2622; x_wconf 72' lang='lat' dir='ltr'><strong>Christianismus</strong></span> <span class='ocrx_word' id='word_1_806' title='bbox 1569 2597 1696 2629; x_wconf 83' lang='lat' dir='ltr'><strong>ostendit,</strong></span> <span class='ocrx_word' id='word_1_807' title='bbox 1726 2603 1750 2624; x_wconf 93' lang='lat' dir='ltr'><strong>ct</strong></span> <span class='ocrx_word' id='word_1_808' title='bbox 1782 2597 1893 2633; x_wconf 83' lang='lat' dir='ltr'><strong>quinam</strong></span> 
     </span>
    </p>
   </div>
   <div class='ocr_carea' id='block_1_89' title="bbox 274 2640 1893 2679">
    <p class='ocr_par' dir='ltr' id='par_1_89' title="bbox 274 2640 1893 2679">
     <span class='ocr_line' id='line_1_89' title="bbox 274 2640 1893 2679; baseline 0.002 -11"><span class='ocrx_word' id='word_1_809' title='bbox 274 2642 360 2668; x_wconf 82' lang='lat' dir='ltr'><strong>simus</strong></span> <span class='ocrx_word' id='word_1_810' title='bbox 380 2649 440 2673; x_wconf 86' lang='lat' dir='ltr'><strong>nos,</strong></span> <span class='ocrx_word' id='word_1_811' title='bbox 461 2647 486 2668; x_wconf 89' lang='lat' dir='ltr'><strong>et</strong></span> <span class='ocrx_word' id='word_1_812' title='bbox 506 2643 658 2677; x_wconf 89' lang='lat' dir='ltr'><strong>cujusmodi</strong></span> <span class='ocrx_word' id='word_1_813' title='bbox 684 2643 777 2670; x_wconf 87' lang='lat' dir='ltr'><strong>talium</strong></span> <span class='ocrx_word' id='word_1_814' title='bbox 803 2649 958 2670; x_wconf 88' lang='lat' dir='ltr'><strong>sermonum</strong></span> <span class='ocrx_word' id='word_1_815' title='bbox 988 2640 1023 2668; x_wconf 72' lang='lat' dir='ltr'><strong>ac</strong></span> <span class='ocrx_word' id='word_1_816' title='bbox 1047 2640 1251 2675; x_wconf 83' lang='lat' dir='ltr'><strong>disciplinarum</strong></span> <span class='ocrx_word' id='word_1_817' title='bbox 1276 2642 1415 2676; x_wconf 86' lang='lat' dir='ltr'><strong>magister,</strong></span> <span class='ocrx_word' id='word_1_818' title='bbox 1447 2650 1503 2677; x_wconf 84' lang='lat' dir='ltr'><strong>ipse</strong></span> <span class='ocrx_word' id='word_1_819' title='bbox 1523 2644 1617 2679; x_wconf 86' lang='lat' dir='ltr'><strong>utique</strong></span> <span class='ocrx_word' id='word_1_820' title='bbox 1636 2645 1762 2672; x_wconf 77' lang='lat' dir='ltr'><strong>Salvator</strong></span> <span class='ocrx_word' id='word_1_821' title='bbox 1789 2649 1816 2673; x_wconf 90' lang='lat' dir='ltr'><strong>et</strong></span> <span class='ocrx_word' id='word_1_822' title='bbox 1840 2646 1893 2672; x_wconf 88' lang='lat' dir='ltr'><strong>Do-</strong></span> 
     </span>
    </p>
   </div>
   <div class='ocr_carea' id='block_1_90' title="bbox 274 2686 1891 2727">
    <p class='ocr_par' dir='ltr' id='par_1_90' title="bbox 274 2686 1891 2727">
     <span class='ocr_line' id='line_1_90' title="bbox 274 2686 1891 2727; baseline 0.003 -13"><span class='ocrx_word' id='word_1_823' title='bbox 274 2686 365 2714; x_wconf 88' lang='lat' dir='ltr'><strong>minus</strong></span> <span class='ocrx_word' id='word_1_824' title='bbox 383 2690 475 2714; x_wconf 83' lang='lat' dir='ltr'><strong>uoster</strong></span> <span class='ocrx_word' id='word_1_825' title='bbox 504 2687 592 2721; x_wconf 81' lang='lat' dir='ltr'><strong>Jesus,</strong></span> <span class='ocrx_word' id='word_1_826' title='bbox 613 2690 659 2724; x_wconf 94' lang='lat' dir='ltr'><strong>qui</strong></span> <span class='ocrx_word' id='word_1_827' title='bbox 682 2688 807 2716; x_wconf 79' lang='lat' dir='ltr'><strong>Christus</strong></span> <span class='ocrx_word' id='word_1_828' title='bbox 835 2693 877 2716; x_wconf 85' lang='lat' dir='ltr'><strong>est</strong></span> <span class='ocrx_word' id='word_1_829' title='bbox 906 2688 962 2720; x_wconf 84' lang='lat' dir='ltr'><strong>Dei,</strong></span> <span class='ocrx_word' id='word_1_830' title='bbox 987 2687 1033 2723; x_wconf 91' lang='lat' dir='ltr'><strong>qui</strong></span> <span class='ocrx_word' id='word_1_831' title='bbox 1056 2695 1153 2714; x_wconf 90' lang='lat' dir='ltr'><strong>novam</strong></span> <span class='ocrx_word' id='word_1_832' title='bbox 1180 2688 1249 2714; x_wconf 88' lang='lat' dir='ltr'><strong>banc</strong></span> <span class='ocrx_word' id='word_1_833' title='bbox 1262 2692 1289 2715; x_wconf 90' lang='lat' dir='ltr'><strong>et</strong></span> <span class='ocrx_word' id='word_1_834' title='bbox 1304 2695 1398 2715; x_wconf 89' lang='lat' dir='ltr'><strong>omnes</strong></span> <span class='ocrx_word' id='word_1_835' title='bbox 1409 2690 1558 2724; x_wconf 67' lang='lat' dir='ltr'><strong>amplexatur</strong></span> <span class='ocrx_word' id='word_1_836' title='bbox 1573 2691 1686 2718; x_wconf 80' lang='lat' dir='ltr'><strong>virtutes</strong></span> <span class='ocrx_word' id='word_1_837' title='bbox 1697 2692 1891 2727; x_wconf 85' lang='lat' dir='ltr'><strong>rempublicam</strong></span> 
     </span>
    </p>
   </div>
   <div class='ocr_carea' id='block_1_91' title="bbox 274 2733 1891 2771">
    <p class='ocr_par' dir='ltr' id='par_1_91' title="bbox 274 2733 1891 2771">
     <span class='ocr_line' id='line_1_91' title="bbox 274 2733 1891 2771; baseline 0.004 -12"><span class='ocrx_word' id='word_1_838' title='bbox 274 2733 302 2760; x_wconf 92' lang='lat' dir='ltr'><strong>in</strong></span> <span class='ocrx_word' id='word_1_839' title='bbox 327 2737 383 2760; x_wconf 84' lang='lat' dir='ltr'><strong>toto</strong></span> <span class='ocrx_word' id='word_1_840' title='bbox 404 2733 470 2760; x_wconf 90' lang='lat' dir='ltr'><strong>orbe</strong></span> <span class='ocrx_word' id='word_1_841' title='bbox 496 2735 645 2767; x_wconf 82' lang='lat' dir='ltr'><strong>constituit,</strong></span> <span class='ocrx_word' id='word_1_842' title='bbox 662 2735 729 2762; x_wconf 84' lang='lat' dir='ltr'><strong>adeo</strong></span> <span class='ocrx_word' id='word_1_843' title='bbox 750 2734 869 2769; x_wconf 87' lang='lat' dir='ltr'><strong>quidem,</strong></span> <span class='ocrx_word' id='word_1_844' title='bbox 885 2738 915 2761; x_wconf 87' lang='lat' dir='ltr'><strong>ut</strong></span> <span class='ocrx_word' id='word_1_845' title='bbox 931 2734 995 2761; x_wconf 88' lang='lat' dir='ltr'><strong>talia</strong></span> <span class='ocrx_word' id='word_1_846' title='bbox 1021 2733 1137 2766; x_wconf 84' lang='lat' dir='ltr'><strong>discere,</strong></span> <span class='ocrx_word' id='word_1_847' title='bbox 1153 2733 1403 2769; x_wconf 84' lang='lat' dir='ltr'><strong>philosopharique,</strong></span> <span class='ocrx_word' id='word_1_848' title='bbox 1436 2739 1490 2761; x_wconf 92' lang='lat' dir='ltr'><strong>tam</strong></span> <span class='ocrx_word' id='word_1_849' title='bbox 1507 2735 1613 2763; x_wconf 72' lang='lat' dir='ltr'><strong>femina:</strong></span> <span class='ocrx_word' id='word_1_850' title='bbox 1640 2745 1720 2771; x_wconf 88' lang='lat' dir='ltr'><strong>quam</strong></span> <span class='ocrx_word' id='word_1_851' title='bbox 1747 2738 1809 2770; x_wconf 91' lang='lat' dir='ltr'><strong>viri,</strong></span> <span class='ocrx_word' id='word_1_852' title='bbox 1835 2742 1891 2766; x_wconf 85' lang='lat' dir='ltr'><strong>tam</strong></span> 
     </span>
    </p>
   </div>
   <div class='ocr_carea' id='block_1_92' title="bbox 274 2778 1889 2819">
    <p class='ocr_par' dir='ltr' id='par_1_92' title="bbox 274 2778 1889 2819">
     <span class='ocr_line' id='line_1_92' title="bbox 274 2778 1889 2819; baseline 0.003 -13"><span class='ocrx_word' id='word_1_853' title='bbox 274 2786 406 2815; x_wconf 87' lang='lat' dir='ltr'><strong>pauperes</strong></span> <span class='ocrx_word' id='word_1_854' title='bbox 428 2787 508 2814; x_wconf 90' lang='lat' dir='ltr'><strong>quam</strong></span> <span class='ocrx_word' id='word_1_855' title='bbox 531 2780 640 2813; x_wconf 78' lang='lat' dir='ltr'><strong>divites,</strong></span> <span class='ocrx_word' id='word_1_856' title='bbox 667 2784 720 2808; x_wconf 94' lang='lat' dir='ltr'><strong>tam</strong></span> <span class='ocrx_word' id='word_1_857' title='bbox 748 2780 820 2808; x_wconf 88' lang='lat' dir='ltr'><strong>servi</strong></span> <span class='ocrx_word' id='word_1_858' title='bbox 841 2787 921 2815; x_wconf 86' lang='lat' dir='ltr'><strong>quam</strong></span> <span class='ocrx_word' id='word_1_859' title='bbox 951 2781 1055 2808; x_wconf 89' lang='lat' dir='ltr'><strong>domini</strong></span> <span class='ocrx_word' id='word_1_860' title='bbox 1077 2780 1192 2816; x_wconf 87' lang='lat' dir='ltr'><strong>possint.</strong></span> <span class='ocrx_word' id='word_1_861' title='bbox 1213 2778 1246 2805; x_wconf 80' lang='lat' dir='ltr'><strong>Et</strong></span> <span class='ocrx_word' id='word_1_862' title='bbox 1266 2784 1356 2807; x_wconf 89' lang='lat' dir='ltr'><strong>tamen</strong></span> <span class='ocrx_word' id='word_1_863' title='bbox 1379 2788 1456 2808; x_wconf 71' lang='lat' dir='ltr'><strong>nova:</strong></span> <span class='ocrx_word' id='word_1_864' title='bbox 1481 2781 1595 2816; x_wconf 88' lang='lat' dir='ltr'><strong>hujusce</strong></span> <span class='ocrx_word' id='word_1_865' title='bbox 1614 2783 1680 2818; x_wconf 80' lang='lat' dir='ltr'><strong>legis</strong></span> <span class='ocrx_word' id='word_1_866' title='bbox 1708 2783 1889 2819; x_wconf 80' lang='lat' dir='ltr'><strong>iutroductor,</strong></span> 
     </span>
    </p>
   </div>
   <div class='ocr_carea' id='block_1_93' title="bbox 251 2870 1066 2911">
    <p class='ocr_par' dir='ltr' id='par_1_93' title="bbox 251 2870 1066 2911">
     <span class='ocr_line' id='line_1_93' title="bbox 251 2870 1066 2911; baseline -0.001 -13"><span class='ocrx_word' id='word_1_867' title='bbox 251 2895 254 2898; x_wconf 73' lang='lat'><em>.</em></span> <span class='ocrx_word' id='word_1_868' title='bbox 308 2871 332 2887; x_wconf 81' lang='lat'>&quot;</span> <span class='ocrx_word' id='word_1_869' title='bbox 344 2870 532 2911; x_wconf 20' lang='lat' dir='ltr'><strong>Enxodxxxhﬁ</strong></span> <span class='ocrx_word' id='word_1_870' title='bbox 550 2870 640 2911; x_wconf 28' lang='lat' dir='ltr'><strong>Levi_t&#39;.‘</strong></span> <span class='ocrx_word' id='word_1_871' title='bbox 651 2879 705 2911; x_wconf 60' lang='lat' dir='ltr'><strong>xix,</strong></span> <span class='ocrx_word' id='word_1_872' title='bbox 719 2871 761 2911; x_wconf 57' lang='grc' dir='ltr'><strong>ιξξ</strong></span> <span class='ocrx_word' id='word_1_873' title='bbox 778 2871 858 2911; x_wconf 37' lang='grc' dir='ltr'><strong>Ῐξρειῑπ</strong></span> <span class='ocrx_word' id='word_1_874' title='bbox 873 2879 900 2904; x_wconf 83' lang='lat' dir='ltr'><strong>v,</strong></span> <span class='ocrx_word' id='word_1_875' title='bbox 915 2871 966 2911; x_wconf 70' lang='lat' dir='ltr'><strong>il_:_</strong></span> <span class='ocrx_word' id='word_1_876' title='bbox 981 2871 1066 2911; x_wconf 53' lang='lat' dir='ltr'><strong>Matth</strong></span> 
     </span>
    </p>
   </div>
   <div class='ocr_carea' id='block_1_94' title="bbox 1117 2870 1886 2911">
    <p class='ocr_par' dir='ltr' id='par_1_94' title="bbox 1127 2871 1886 2911">
     <span class='ocr_line' id='line_1_94' title="bbox 1127 2871 1886 2911; baseline 0.012 -15"><span class='ocrx_word' id='word_1_877' title='bbox 1127 2871 1224 2911; x_wconf 78' lang='lat'><strong>_55—57.</strong></span> <span class='ocrx_word' id='word_1_878' title='bbox 1256 2872 1277 2887; x_wconf 81' lang='lat'>“</span> <span class='ocrx_word' id='word_1_879' title='bbox 1293 2871 1379 2911; x_wconf 57' lang='lat' dir='ltr'><strong>Exod.</strong></span> <span class='ocrx_word' id='word_1_880' title='bbox 1398 2873 1519 2910; x_wconf 52' lang='lat'><strong>“1,25;</strong></span> <span class='ocrx_word' id='word_1_881' title='bbox 1547 2874 1631 2902; x_wconf 84' lang='lat' dir='ltr'><strong>Levit.</strong></span> <span class='ocrx_word' id='word_1_882' title='bbox 1649 2883 1728 2908; x_wconf 78' lang='lat' dir='ltr'><strong>xxiv,</strong></span> <span class='ocrx_word' id='word_1_883' title='bbox 1745 2875 1794 2911; x_wconf 57' lang='lat'><strong>90;</strong></span> <span class='ocrx_word' id='word_1_884' title='bbox 1809 2877 1886 2906; x_wconf 74' lang='lat' dir='ltr'><strong>Deut.</strong></span> 
     </span>
    </p>
   </div>
   <div class='ocr_carea' id='block_1_95' title="bbox 295 2905 1066 2940">
    <p class='ocr_par' dir='ltr' id='par_1_95' title="bbox 295 2905 1066 2940">
     <span class='ocr_line' id='line_1_95' title="bbox 295 2905 1066 2940; baseline 0 -6"><span class='ocrx_word' id='word_1_885' title='bbox 295 2915 331 2940; x_wconf 42' lang='lat' dir='ltr'><strong>ix,</strong></span> <span class='ocrx_word' id='word_1_886' title='bbox 358 2908 411 2940; x_wconf 76' lang='lat'><strong>2!;</strong></span> <span class='ocrx_word' id='word_1_887' title='bbox 434 2906 527 2934; x_wconf 75' lang='lat' dir='ltr'><strong>Matth.</strong></span> <span class='ocrx_word' id='word_1_888' title='bbox 559 2915 584 2940; x_wconf 84' lang='lat' dir='ltr'><strong>v,</strong></span> <span class='ocrx_word' id='word_1_889' title='bbox 608 2907 701 2933; x_wconf 57' lang='lat' dir='ltr'><strong>E2840.</strong></span> <span class='ocrx_word' id='word_1_890' title='bbox 740 2907 762 2922; x_wconf 85' lang='lat'>&quot;</span> <span class='ocrx_word' id='word_1_891' title='bbox 778 2906 872 2934; x_wconf 82' lang='lat' dir='ltr'><strong>Matth.</strong></span> <span class='ocrx_word' id='word_1_892' title='bbox 888 2915 913 2939; x_wconf 86' lang='lat' dir='ltr'><strong>v,</strong></span> <span class='ocrx_word' id='word_1_893' title='bbox 932 2907 976 2934; x_wconf 76' lang='grc'><strong>45.</strong></span> <span class='ocrx_word' id='word_1_894' title='bbox 1015 2907 1037 2922; x_wconf 78' lang='grc'>⁰⁰</span> <span class='ocrx_word' id='word_1_895' title='bbox 1058 2905 1066 2933; x_wconf 81' lang='grc'><strong>1</strong></span> 
     </span>
    </p>
   </div>
   <div class='ocr_carea' id='block_1_96' title="bbox 1117 2905 1377 2940">
    <p class='ocr_par' dir='ltr' id='par_1_96' title="bbox 1117 2906 1377 2937">
     <span class='ocr_line' id='line_1_96' title="bbox 1117 2906 1377 2937; baseline 0.004 -4"><span class='ocrx_word' id='word_1_896' title='bbox 1117 2906 1152 2933; x_wconf 85' lang='grc' dir='ltr'><strong>[Ιι.</strong></span> <span class='ocrx_word' id='word_1_897' title='bbox 1171 2914 1268 2937; x_wconf 71' lang='lat' dir='ltr'><strong>xxrtti,</strong></span> <span class='ocrx_word' id='word_1_898' title='bbox 1290 2907 1377 2936; x_wconf 66' lang='grc'><strong>19-20.</strong></span> 
     </span>
    </p>
   </div>
  </div>
