2053 3218
165 185 199 211 ῦ9
631 189 959 218 DEMONSTRATIONIS
981 190 1210 219 EVANCELICJE
1231 192 1298 220 LIB.
1321 193 1339 220 Ι.
1765 198 1799 227 76

165 253 293 282 tanquam
313 248 339 276 is
361 249 409 284 qui
435 249 460 276 in
481 249 552 276 omni
569 249 622 276 rita
639 251 725 285 legem
750 250 833 278 Mosis
862 251 1021 282 servaverit,
1050 251 1224 280 introductus
1251 256 1294 281 est
1323 254 1422 290 :quod
1453 262 1519 283 sane
1550 255 1638 291 ipsum
1669 258 1799 290 admirari

163 303 252 331 operte
262 297 385 331 pretium
397 298 502 332 cst,qui
516 296 640 324 videlicet
653 297 710 325 ﬁeri
724 298 822 334 possit,
838 303 866 325 ut
879 307 954 326 nova:
974 300 1088 328 rationis
1103 304 1130 328 ct
1151 301 1217 335 legis
1235 304 1331 328 auctor
1352 301 1471 335 futurus,
1495 302 1562 330 Novi
1586 304 1679 339 utique
1708 305 1800 334 Testa-

162 343 244 369 menti
262 350 312 378 per
324 343 513 380 Evangelium,
527 352 582 372 nou
594 349 723 381 tanquam
738 346 847 374 initnica
857 352 887 385 _et
911 348 1048 374 contraria
1067 356 1109 381 ea,
1135 357 1196 383 quae
1219 356 1233 376 a
1252 349 1326 378 Mose
1346 351 1445 378 tradita
1467 355 1543 385 sunt,
1564 354 1731 381 recusaverit.
1767 353 1798 383 Si

161 388 233 416 enim
253 389 307 417 hoc
324 390 445 423 fecisset,
462 392 518 427 ipse
541 392 662 420 vicissim
683 390 750 420 Mosi
778 382 892 422 adversa
919 395 1091 422 existimatus
1116 399 1189 423 esset
1211 397 1368 432 praecipere,
1398 405 1432 424 ex
1462 406 1516 433 quo
1543 400 1633 434 impiis
1652 401 1796 435 impiarum

161 441 301 464 sectarum
323 439 480 466 auctoribus
504 443 600 466 contra
625 439 725 468 Mosem
748 445 774 468 et
801 441 958 477 prophetas,
983 443 1191 470 obtrectationis
1210 443 1264 478 25
1297 448 1324 471 et
1346 445 1542 473 maledicentia:
1566 447 1709 481 plurimam
1728 454 1796 482 pras-

161 481 267 510 buisset
283 486 438 517 materiam,
466 485 501 513 iis
527 489 618 513 autem
642 486 689 521 qui
707 495 740 515 ex
763 488 974 516 circumcisione
1005 493 1068 516 sunt
1091 490 1305 524 conspirationis
1329 495 1423 518 contra
1446 500 1474 519 se
1493 492 1596 526 justam
1621 497 1648 521 et
1669 481 1796 528 probabi-

162 528 216 556 lem
231 537 353 563 causam,
367 532 414 566 qui
431 531 522 567 utique
541 532 577 565 ei,
594 534 672 568 quasi
683 535 731 569 qui
746 540 841 563 contra
865 534 951 571 legem
971 535 1082 569 faceret,
1103 540 1185 572 atque
1204 536 1238 564 ab
1265 545 1296 564 ea
1314 537 1452 571 deﬁceret,
1476 539 1590 568 insidias
1611 540 1645 567 ad
1673 540 1793 568 infcrcn~

161 577 224 605 dam
239 584 333 604 necent
347 581 572 606 construxerunt.

426 639 538 666 ΚΕΦᾹΛ
543 640 624 666 ᾹΙΟΝ
649 641 685 668 Ζ¹.

159 683 394 720 ΠὼςόΧριστρς,
410 687 445 711 τὰ
461 686 540 718 παρὰ
552 686 655 713 Μωσεῖ
672 686 816 720 πρότερον
833 685 950 713 ἐκτελέ-

193 727 263 757 οςας,
283 718 390 753 καινῆς
404 720 453 746 καί
468 721 539 754 νέας
554 718 736 757 εἰσαγωγὲὺς
755 718 883 755 κατέστη
899 730 950 748 :to—

192 755 303 787 λιτείας
310 774 317 780 .

190 811 260 838 Νυνὶ
279 811 307 838 δὲ
327 812 416 839 πάντα
437 813 505 839 κατὰ
520 813 564 839 τὸν
595 813 716 845 Μωσέως
737 814 818 849 νόμον
836 813 948 840 πεπολι-

155 858 297 893 τευμένος,
314 859 370 890 τοῖς
387 859 545 891 ἀποστόλοις
558 859 640 886 αὐτοῦ
669 859 800 895 κέχρηταί
815 860 947 892 διακόνοις

155 904 206 939 τῆς
220 904 318 940 καινῆς
331 905 414 931 αὑτοῦ
430 905 598 941 νομοθεσίας·
617 906 684 941 ὁμοῦ
698 906 747 942 μὲν
762 907 809 933 καὶ
823 907 857 933 τὰ
883 908 947 934 Μω-

155 949 226 980 σέως
236 949 286 976 οὐκ
299 949 435 985 ἀλλότρια,
450 951 504 976 οὐδ’
515 951 601 986 ἐχθρὰ
609 951 660 986 τῆς
676 952 778 984 οἰκείας
791 952 946 986 θεοσεϐείας

155 995 279 1031 ἡγεῖσθαι
294 996 349 1023 δεῖν
363 996 479 1030 διδάξας·
497 997 564 1033 ὁμοῦ
575 997 603 1024 δὲ
617 999 662 1024 καὶ
677 998 818 1034 αὐθέντης,
835 1000 946 1026 καὶείσ-

153 1042 259 1077 ηγητὴς
279 1042 341 1074 νέας
363 1043 409 1070 καὶ
433 1044 565 1079 σωτηρίου
584 1045 665 1071 πᾶσιν
687 1044 840 1080 ἀνθρώποις
860 1054 944 1072 κατα-

154 1089 219 1120 στὰς
232 1089 402 1124 νομοθεσίας
411 1091 448 1121 ὡς
460 1090 591 1126 μηδαμῶς
602 1091 642 1122 είς
653 1091 687 1117 τὰ
711 1092 804 1117 Μωσεῖ
815 1091 943 1118 δοκοῦντα

152 1135 346 1171 παρανομῆσαι
362 1136 453 1168 αὑτὸν,
468 1136 543 1168 τέλος
559 1137 580 1163 δ’
596 1137 710 1168 ἐκείνοις
725 1137 858 1164 ἐπιθεῖναι
876 1138 943 1173 πρό-

151 1190 239 1217 τερον,
254 1182 302 1208 καὶ
318 1182 464 1218 πληρωτὴν
475 1182 564 1210 αὐτῶν
577 1184 713 1218 γενέσθαι,
728 1185 774 1211 καὶ
781 1184 866 1216 οὕτως
878 1185 941 1220 περὶ

150 1226 198 1261 τὴν
211 1227 356 1254 αὑθεντίαν
371 1227 418 1254 τοῦ
449 1228 519 1254 κατὰ
540 1229 570 1256 τὸ
592 1229 756 1264 Εὑαγγέλιον
776 1230 857 1265 νόμου
872 1239 942 1266 παρ-

149 1273 320 1308 εληλυθέναι.
332 1274 388 1301 Καὶ
400 1274 643 1303 τοῦτονὰκουστέον
657 1276 737 1303 αὑτοῦ
752 1277 875 1311 λέγοντος
895 1277 939 1303 τὸν

149 1320 261 1356 τρόπον’
280 1329 290 1346 ‹
305 1321 363 1347 Οὺκ
377 1319 459 1357 ἦλθον
470 1321 619 1349 καταλῦσαι
629 1322 674 1349 τὸν
688 1323 779 1358 νόμον,
791 1322 859 1349 ἀλλὰ
871 1323 939 1358 πλη-

1300 638 1414 667 CAPUT
1430 639 1486 667 VII.

1002 687 1140 720 Quomodo
1151 684 1284 716 Christus,
1298 691 1436 719 postquam
1453 694 1484 712 ea
1499 695 1557 721 qua!
1573 696 1589 714 α
1600 687 1674 715 Mone
1691 691 1791 718 tradita

1036 727 1109 760 sunt,
1129 721 1203 755 plene
1215 721 1370 760 observavit,
1396 729 1469 747 νισι-ιε
1492 724 1602 750 rationis
1621 730 1645 751 et
1665 724 1730 760 legis
1749 727 1791 754 in-

1036 756 1172 783 troductor
1187 756 1300 782 exstitit.

1034 812 1111 840 Nunc
1126 817 1217 839 autem
1229 816 1373 847 postquam
1390 813 1417 840 iu
1435 814 1510 840 oumi
1530 815 1585 841 vita
1603 814 1686 843 Mosis
1701 815 1789 851 legem

998 859 1198 894 comprobavit,
1214 859 1347 894 apostolis
1361 860 1420 887 suis
1438 868 1506 887 usus
1517 864 1559 887 est
1578 868 1654 889 nova:
1677 870 1733 890 suae
1748 863 1788 891 le-

996 905 1040 940 gis
1058 905 1240 937 administris,
1260 905 1287 932 in
1306 905 1356 932 hoc
1379 905 1423 933 ille
1443 906 1554 941 quidem
1585 908 1667 935 simul
1686 908 1790 938 docens

996 958 1027 977 ca
1044 958 1105 986 qua:
1125 959 1140 978 ιι
1156 950 1230 978 Mose
1246 950 1345 978 tradita
1367 957 1441 984 sunt,
1470 960 1519 979 nec
1549 960 1563 979 a
1589 960 1638 980 sua
1658 955 1789 990 religione

996 997 1182 1029 abhorrentia,
1192 1005 1243 1024 nec
1258 997 1345 1024 eidem
1359 997 1468 1024 inimica
1478 998 1634 1027 existimare
1649 1005 1787 1035 opm'terc,

995 1046 1022 1068 et
1037 1043 1119 1070 simul
1140 1048 1279 1070 auctorem
1307 1051 1336 1070 se
1365 1047 1447 1079 atque
1476 1044 1692 1074 introductorem
1709 1055 1788 1074 nova:

994 1094 1021 1116 ct
1035 1089 1142 1117 cunctis
1156 1090 1313 1118 hominibus
1335 1092 1465 1118 salutaris
1490 1092 1568 1127 legis,
1587 1094 1761 1122 constituens
1776 1105 1783 1122 :

994 1140 1024 1163 ut
1039 1136 1112 1164 nullo
1130 1141 1209 1172 pacto
1227 1137 1280 1164 dici
1295 1138 1531 1173 possitquidpiam
1558 1138 1634 1166 illum
1654 1139 1787 1169 adversus

993 1181 1077 1210 Musis
1094 1182 1167 1217 leges
1182 1187 1228 1209 aut
1242 1183 1353 1210 decreta
1369 1183 1484 1211 fecisse:
1499 1184 1565 1219 quin
1592 1185 1683 1220 potius
1702 1185 1784 1214 linem

993 1228 1047 1255 illis
1056 1228 1312 1263 priusimposuisse,
1323 1229 1471 1264 eademque
1479 1229 1598 1265 perfecte
1610 1232 1784 1265 observasse,

991 1278 1018 1302 et
1031 1274 1072 1302 sic
1087 1274 1121 1301 ad
1144 1275 1345 1303 institutionem
1362 1277 1525 1311 evangelicae
1545 1276 1612 1312 legis
1627 1278 1781 1306 transiisse.

993 1313 1025 1346 Et
1040 1320 1086 1355 qui
1105 1321 1214 1348 modum
1228 1321 1337 1357 quidem
1355 1321 1428 1349 hunc
1452 1323 1486 1349 ab
1517 1322 1578 1358 ipso
1607 1323 1783 1352 observatum

150 1365 247 1401 ρῶσαι.
264 1375 273 1392 ι
286 1366 318 1392 Et
334 1366 383 1402 μὲν
398 1367 452 1402 γὰρ
467 1367 628 1402 παραὸάτης
659 1367 704 1394 τοῦ
721 1368 842 1399 Μωσέως
858 1368 933 1403 νόμοι

992 1367 1076 1398 dicat,
1096 1375 1150 1394 non
1165 1368 1235 1394 alius
1256 1367 1409 1395 audiendus
1432 1373 1474 1395 est
1501 1376 1582 1403 quam
1613 1368 1683 1403 ipse.
1697 1378 1706 1394 ι
1723 1369 1782 1397 Non

149 1411 277 1447 κατέστη,
293 1412 346 1438 κᾶν
362 1412 478 1446 εὐλόγως
493 1411 621 1448 ἐνομίσθη
642 1411 714 1438 λύειν
729 1412 808 1439 αὑτὸν
823 1413 869 1439 καὶ
884 1422 937 1440 πα-

149 1460 286 1494 ρανομεῖν·
301 1458 402 1493 φαῦλος
415 1459 443 1485 δέ
456 1467 498 1490 τις
510 1459 557 1485 καὶ
569 1459 725 1494 παράνομος
738 1459 877 1493 πεφυκὼς,
888 1459 937 1487 οὒκ

147 1503 180 1529 ἂν
201 1503 348 1540 ἐπιστεύθη
372 1504 452 1535 αὐτὸς
470 1501 539 1531 εἶναι
561 1505 576 1531 ὁ
597 1505 720 1541 Χριστός.
750 1504 830 1532 Λύων
852 1505 880 1532 δὲ
903 1505 938 1533 τὰ

146 1550 279 1582 Μωσέως,
299 1551 359 1582 πῶς
389 1550 422 1578 ἂν
441 1551 570 1586 ἐνομίσθη
585 1551 664 1583 αὐτὸς
686 1552 829 1587 ὑπάρχειν,
850 1553 864 1578 ὁ
884 1553 936 1579 ὑπὸ

146 1596 267 1628 Μωσέως
275 1596 324 1622 καὶ
339 1595 392 1623 τῶν
410 1596 553 1632 προφητῶν
562 1597 780 1632 κατηγγελμένος
789 1606 796 1630 ;
806 1598 864 1630 πῶς
873 1598 894 1624 δ’
903 1598 936 1626 ἂν

146 1642 224 1677 ἔηεν
241 1643 271 1669 τὸ
283 1643 438 1676 ἀξιόπιστον
450 1643 546 1678 καινῆς
562 1643 733 1679 νομοθεσίας;
749 1644 821 1677 ἔδοξε
836 1645 890 1680 γὰρ
903 1645 935 1672 ἂν

145 1689 255 1721 εἰκότως
278 1690 329 1725 τῆς
345 1689 516 1726 παρανομίας
535 1690 614 1726 χάριν
633 1691 679 1717 ἐπὶ
696 1690 745 1726 τὴν
761 1692 934 1727 καινοτομίαν

143 1736 312 1772 ἐληλυθέναι,
329 1737 438 1770 φεύγων
452 1736 501 1772 τὴν
518 1737 564 1764 ἐπὶ
578 1738 638 1769 ταῖς
652 1737 834 1773 παρανομίαις
846 1747 932 1773 τιμω-

145 1782 215 1818 ρίαν.
231 1782 289 1809 Νῦν
299 1782 329 1808 δὲ
342 1782 426 1818 μηδὲν
442 1782 574 1818 μηδαμῶς
587 1783 641 1810 τῶν
653 1783 682 1809 ὲν
695 1783 734 1818 τῷ
750 1783 825 1818 νόμῳ
838 1783 931 1815 λύσας,

144 1828 291 1864 πληρωτὴς
313 1829 336 1855 δ’
350 1828 439 1855 αὐτῶν
459 1828 619 1864 γενόμενος,
640 1829 686 1856 καὶ
704 1829 823 1861 τέλειος,
845 1829 882 1860 ὡς
900 1829 933 1855 ἄν

141 1875 271 1906 τιςείποι,
283 1875 352 1902 κατὰ
360 1875 470 1907 Μωσέα,
485 1876 544 1903 ἐπεὶ
559 1875 657 1911 μηκέτι
667 1876 722 1906 τοῖς
736 1875 836 1907 λοιποῖς
845 1875 932 1902 ἔθνεσι

141 1921 251 1948 δυνατὸν
264 1919 298 1957 ἦν
307 1921 472 1957 ἐφαρμόζειν
483 1921 517 1948 τὰ
530 1921 603 1957 παρὰ
614 1920 706 1947 Μωσεῖ
720 1921 821 1956 νόμιμα
830 1921 872 1948 διὰ
883 1922 932 1954 τὰς

143 1967 362 2003 προδηλωθείσας
381 1968 470 1999 αίτίας
487 1967 568 2003 (χρῆν
593 1967 621 1993 δὲ
638 1967 723 2002 δήπου
743 1967 932 2004 φιλανθρωπίᾳ

142 2015 188 2041 τοῦ
209 2014 368 2050 παναγάθου
391 2014 445 2041 τῶν
466 2015 533 2041 ὅλων
555 2014 621 2041 Θεοῦ
646 2013 750 2046 πάντας
773 2013 931 2049 ἀνθρώπους

143 2062 274 2097 σωθῆναι,
290 2062 338 2089 καὶ
353 2063 391 2093 είς
410 2062 555 2096 ἐπίγνωσιν
567 2061 696 2098 ἀληθείας
708 2060 817 2096 ἐλθεῖν),
836 2060 870 2087 τὰ
882 2069 932 2088 κα-
947 2053 967 2081 C

141 2108 261 2144 τάλληλα
273 2109 320 2135 καὶ
336 2108 453 2144 ἁρμόδια
474 2109 530 2139 τοῖς
546 2109 628 2134 πᾶσιν
652 2107 845 2143 ἐνομοθέτησεν
857 2116 863 2122 ·
882 2107 932 2134 οὐκ

140 2155 173 2182 ἂν
184 2155 322 2191 φθονήσας
335 2155 382 2182 καὶ
409 2154 445 2181 τὰ
457 2154 580 2186 Μωσέως
595 2153 638 2181 διὰ
651 2153 706 2180 τῶν
718 2153 873 2180 ἀποστόλων
882 2153 930 2180 αὑ-

139 2202 186 2229 τοῦ
203 2203 286 2229 πᾶσιν
299 2201 453 2237 ἀνθρώποις
469 2200 658 2235 καταγγεῖλαι,
676 2200 700 2227 εί
713 2199 749 2236 μὴ
760 2200 790 2226 τὺ
802 2200 930 2227 ἀδύνατον

139 2249 265 2284 ἐμποδὼν
279 2247 323 2285 ἦν,
339 2249 377 2280 ὡς
391 2247 509 2275 διδάσκει
522 2247 608 2281 λέγων
625 2246 792 2278 Ἀπόστολος·
805 2255 814 2272 ι
829 2247 865 2272 Τὸ
875 2246 929 2282 γὰρ

138 2295 268 2322 ἀδύνατον
283 2295 330 2321 τοῦ
344 2294 437 2330 νόμου,
454 2294 483 2320 ἐν
495 2290 518 2327 ᾧ
533 2292 649 2328 ἠσθένει,
666 2292 681 2318 ὁ
694 2292 759 2324 Θεὸς
774 2292 817 2318 τὸν
832 2291 927 2318 ἑαυτοῦ

139 2341 202 2368 Υἰὺν
213 2341 324 2376 πέμψας
336 2342 365 2367 ἐν
376 2339 528 2376 ὁμοιώματι
541 2339 640 2375 σαρκὸς
651 2337 797 2374 ἁμαρτίας,
810 2347 819 2363 ›
833 2338 880 2365 καὶ
893 2338 927 2365 τὰ

137 2387 209 2423 ις-ἧς.
233 2386 376 2414 Ἀδύνατον
394 2386 421 2413 δὲ
441 2387 508 2413 πᾶσι
523 2386 608 2421 δήπου
624 2386 679 2417 τοῖς
693 2385 796 2411 ἔθνεσιν
811 2385 926 2420 ὑπάρχει

136 2434 196 2469 τρὶς
220 2433 268 2461 τοῦ
286 2434 362 2466 ἔτους
379 2433 502 2468 ἁπαντᾷν
527 2433 566 2464 είς
594 2431 765 2466 Ἰεροσόλυμα
788 2431 859 2457 κατὰ
881 2431 926 2457 τὸν

138 2481 260 2512 Μωσέως
271 2480 362 2516 νόμον,
376 2479 423 2506 καὶ
444 2479 498 2506 ἀπὺ
510 2478 564 2504 τῶν
574 2478 699 2513 περάτων
707 2477 755 2511 τῆς
766 2477 926 2512 οἰκουμένης

136 2527 183 2562 τὴν
198 2527 253 2553 ἀπὸ
267 2526 362 2562 λέχους
377 2526 494 2560 γυναῖκα
512 2525 646 2556 σπεύδειν,
662 2523 755 2550 αὐτόοι
771 2523 805 2549 τὰ
822 2523 925 2559 καθάρ-

137 2581 180 2600 σια
195 2573 414 2608 ἁποθησομένην·
433 2572 478 2598 καὶ
495 2571 562 2598 ἄλλα
577 2571 670 2607 μυρία,
688 2570 706 2597 ἃ
723 2570 769 2596 καὶ
785 2569 872 2604 ἑαυτῷ
884 2578 924 2601 τις

136 2620 182 2646 ἐπὶ
192 2619 290 2655 σχολῆς
305 2618 464 2651 ἀναλέξαιτο
478 2617 520 2645 ἄν.
543 2617 649 2652 Ἐπειδὴ
661 2617 750 2643 τοίνυν
764 2616 848 2643 ταῦτα
864 2615 923 2642 οὐδὲ

138 2666 310 2702 βουλομένοις
328 2665 427 2693 δυνατὰ
443 2663 477 2701 ἦν
500 2666 556 2695 τοῖς
572 2664 774 2700 ἀπῳκισμένοις
786 2663 835 2697 τῆς
857 2663 921 2690 Ἰου-

135 2711 212 2744 δαίας
235 2712 323 2739 ἔθνεσι
349 2711 502 2747 φυλάττειν,
523 2710 634 2742 εἰκότως
660 2709 741 2745 μηδὲν
765 2708 866 2735 τούτων
887 2708 920 2735 δι’

136 2758 229 2786 ἑαυτοῦ
246 2758 330 2790 λύσας
344 2759 358 2784 ὀ
372 2757 466 2792 Σωτὴρ
487 2756 535 2783 καὶ
555 2754 656 2791 Κύριος
670 2755 757 2790 ἡμῶν,
775 2753 920 2791 πληρωτὴς

135 2800 162 2834 δέ
175 2808 320 2843 γενόμενος
336 2806 390 2833 τῶν
403 2807 430 2832 ὲν
447 2805 485 2841 τῷ
502 2804 587 2840 νόμῳ,
606 2804 652 2830 καὶ
665 2804 754 2830 πίστιν
772 2803 920 2840 παρασχὼν

137 2856 187 2887 τοῖς
199 2854 312 2891 δρῶσιν,
327 2854 365 2885 ὡς
378 2853 430 2889 ἄρα
447 2852 526 2883 αὐτὸς
544 2853 616 2878 ἐστιν
627 2852 641 2877 ὁ
653 2850 768 2886 Χριστὸς
782 2850 828 2877 τοῦ
841 2850 919 2884 Θεοῦ,

193 2933 292 2961 llatth.
310 2941 337 2966 v,
358 2928 401 2959 t7.
421 2933 430 2948 '
447 2931 524 2960 Rom.
552 2938 618 2964 vtu,
645 2931 671 2958 5.

992 1414 1065 1446 veni,
1080 1414 1181 1449 inquit,
1200 1413 1325 1441 scindere
1341 1414 1438 1449 legem,
1452 1413 1499 1441 sed
1515 1414 1652 1448 complere
1674 1415 1692 1442 '.
1711 1424 1721 1441 ›
1739 1415 1784 1443 Et-

991 1459 1065 1487 enim
1082 1460 1105 1487 si
1119 1464 1292 1495 contemptor
1305 1459 1388 1488 Mosis
1403 1460 1469 1495 legis
1482 1461 1644 1494 exstitisset,
1655 1461 1781 1496 quamvis

991 1504 1065 1532 illam
1082 1505 1253 1533 existimatus
1269 1510 1342 1533 esset
1359 1506 1537 1541 probabiliter
1559 1507 1695 1540 scindere,
1711 1515 1779 1535 cono

991 1555 1087 1586 traque
1103 1559 1163 1579 eain
1181 1551 1270 1580 facere
1286 1561 1292 1579 :
1311 1552 1462 1587 improbam
1477 1557 1568 1580 tamen
1584 1553 1741 1588 quamdam,
1752 1559 1779 1581 et

990 1605 1005 1624 a
1021 1598 1127 1634 legibus
1144 1598 1260 1625 alienam
1278 1603 1403 1626 naturain
1418 1607 1473 1634 pra:
1487 1606 1516 1626 se
1536 1599 1638 1631 ferens,
1652 1600 1779 1629 Christus

989 1650 1050 1670 esse
1068 1643 1189 1671 creditus
1211 1651 1266 1671 non
1285 1652 1367 1672 esset.
1394 1643 1480 1671 Porro
1503 1649 1592 1671 autem
1619 1645 1778 1674 rescindens

989 1695 1020 1716 ea
1033 1697 1093 1724 qua:
1105 1696 1120 1716 a
1138 1689 1213 1717 Mose
1229 1689 1318 1724 posita
1331 1693 1405 1722 sunt,
1421 1689 1558 1725 quomodo
1572 1691 1706 1724 potuisset
1720 1691 1778 1718 cxi-

988 1735 1093 1763 stimari
1113 1736 1136 1762 is
1151 1743 1223 1768 esse,
1243 1743 1322 1770 quem
1338 1736 1460 1763 futurum
1484 1736 1571 1764 Moses
1597 1740 1622 1763 ct
1639 1737 1778 1771 propheta:

986 1782 1180 1809 nuntiassent?
1192 1782 1330 1817 quotnodo
1349 1786 1439 1809 autem
1456 1783 1534 1810 novis
1547 1783 1652 1817 legibus
1671 1791 1775 1818 ponen-

987 1828 1030 1856 dis
1043 1828 1232 1855 auctoritatem
1247 1828 1405 1856 habuisset?
1424 1829 1523 1856 merito
1542 1829 1615 1856 enim
1631 1829 1714 1856 videri
1726 1837 1775 1864 pec

987 1875 1094 1907 luisset,
1111 1873 1273 1910 derogandze
1289 1874 1356 1909 tegis
1372 1875 1471 1910 gratia,
1490 1875 1523 1902 ad
1540 1875 1714 1902 novationem
1729 1883 1776 1904 re-

986 1929 1048 1949 rum
1072 1921 1190 1955 venisse,
1215 1925 1245 1948 ut
1275 1921 1449 1953 delictorum,
1475 1928 1535 1956 qua:
1562 1923 1658 1948 contra
1686 1921 1773 1956 legem

986 1968 1184 2001 commisisset,
1218 1968 1381 2002 supplicium
1408 1967 1545 1995 evaderet.
1576 1967 1654 1995 Nunc
1681 1972 1772 1995 autem

986 2014 1054 2042 nihil
1069 2014 1102 2042 de
1117 2014 1175 2049 lege
1190 2014 1301 2041 omnino
1316 2013 1462 2048 derogans,
1480 2017 1506 2040 et
1526 2013 1606 2048 plene
1623 2021 1683 2048 quae
1701 2014 1728 2040 in
1740 2021 1772 2040 ea

985 2061 1160 2088 continentur
1179 2068 1302 2092 servans,
1324 2063 1416 2094 atque,
1433 2063 1462 2086 ut
1478 2059 1518 2086 sic
1529 2059 1629 2091 dicam,
1647 2058 1680 2085 ad
1692 2066 1772 2095 regu-

984 2108 1038 2135 lam
1055 2107 1138 2135 Mosis
1161 2106 1310 2142 perfectus,
1334 2110 1479 2141 postquam
1498 2113 1552 2132 non
1580 2105 1698 2140 amplius
1713 2104 1770 2132 ﬁeri

984 2157 1100 2189 poterat,
1118 2157 1147 2180 ut
1163 2161 1194 2181 ea
1212 2160 1273 2188 qua:
1285 2157 1349 2180 sunt
1364 2152 1390 2179 in
1407 2152 1463 2187 lege
1490 2151 1572 2179 Mosis
1594 2152 1708 2186 reliquis
1723 2159 1770 2178 ac-

983 2200 1223 2228 commodarentur
1237 2199 1375 2235 gentibus,
1395 2201 1505 2233 propter
1519 2205 1567 2225 eas
1588 2205 1688 2225 causas
1708 2205 1768 2233 quae

982 2249 1062 2277 dicta:
1070 2248 1126 2283 jam
1136 2250 1210 2278 sunt,
1221 2246 1258 2282 (et
1268 2245 1409 2281 oportebat
1420 2245 1547 2272 nimirum
1558 2244 1679 2272 bonitate
1693 2252 1770 2272 sum-

981 2295 1018 2322 mi
1036 2294 1083 2322 Dei
1098 2301 1192 2322 omnes
1209 2293 1333 2320 homines
1347 2292 1437 2320 salvos
1459 2291 1516 2318 ﬁeri
1534 2296 1561 2318 et
1583 2290 1616 2318 ad
1633 2291 1768 2326 cognitio-

981 2349 1042 2369 nem
1056 2341 1180 2368 veritatls
1191 2340 1296 2374 venire)
1313 2346 1374 2374 qum
1390 2339 1518 2366 omnibus
1533 2342 1596 2374 apta
1613 2345 1766 2365 accommo-

980 2388 1098 2422 dataque
1112 2390 1216 2418 essent,
1230 2387 1335 2421 legibus
1363 2386 1421 2414 suis
1449 2385 1584 2419 sancivit;
1604 2393 1636 2413 ac
1669 2393 1702 2413 ne
1720 2385 1766 2413 illa

979 2434 1089 2469 quidem
1104 2441 1164 2468 qua:
1181 2441 1194 2459 a
1213 2432 1285 2460 lllosc
1303 2436 1436 2466 prtecepta
1453 2435 1527 2462 sunt,
1545 2439 1610 2459 suos
1626 2431 1766 2466 apostolos

979 2480 1140 2509 denuntiare
1157 2479 1264 2506 cunctis
1276 2479 1330 2514 26
1340 2478 1497 2506 hominibus
1513 2477 1707 2512 prohibuisset,
1720 2478 1764 2505 ni-

978 2527 1001 2554 si
1019 2533 1050 2554 ca
1066 2533 1110 2553 res
1124 2525 1317 2560 impedimento
1333 2523 1439 2555 fuisset,
1470 2523 1542 2558 quod
1561 2523 1606 2549 illa
1633 2522 1692 2550 ﬁeri
1707 2531 1762 2550 non

977 2575 1100 2607 possent,
1114 2570 1343 2606 quemadmodum
1357 2569 1504 2604 Apostolus
1519 2568 1608 2600 docet,
1625 2562 1672 2596 ubi
1701 2569 1738 2596 ait
1751 2575 1762 2596 :

980 2628 988 2642 ι
1008 2616 1075 2644 Nam
1092 2616 1164 2652 quod
1181 2615 1349 2651 impossibile
1362 2618 1421 2642 erat
1433 2614 1496 2649 legi,
1512 2614 1540 2641 in
1560 2621 1614 2649 quo
1639 2613 1762 2641 infirma-

976 2664 1067 2697 batur,
1084 2663 1154 2692 Deus
1172 2662 1270 2690 Filium
1296 2669 1375 2689 suurn
1389 2661 1500 2689 mittens
1512 2661 1540 2688 in
1555 2660 1760 2688 similitudinem

976 2711 1068 2739 carnis
1096 2710 1234 2746 peccati’,
1255 2718 1263 2734 ι
1284 2712 1311 2736 et
1334 2711 1442 2735 caetera.
1472 2706 1642 2742 lmpossibile
1668 2710 1758 2734 autem

974 2761 1033 2786 erat
1047 2757 1187 2789 nimirum,
1201 2761 1230 2783 ut
1248 2763 1343 2783 omnes
1366 2759 1459 2789 gentes
1487 2757 1529 2780 ter
1549 2752 1665 2787 singulis
1678 2752 1760 2780 annis

973 2813 1006 2832 ex
1021 2805 1078 2839 lege
1096 2803 1179 2830 Mosis
1194 2802 1382 2837 Hierosolyma
1395 2800 1581 2830 convenirent,
1610 2803 1637 2826 et
1660 2799 1759 2826 mulier

973 2847 1061 2878 levata
1079 2852 1157 2885 partu
1170 2849 1204 2876 ab
1220 2847 1349 2877 extremis
1360 2851 1439 2875 terra:
1454 2846 1555 2875 tinibus
1571 2845 1636 2873 illuc
1659 2853 1758 2882 propc-
