2053 3218
140 156 173 184 π.
595 156 921 186 DEMONSTBATIONIS
940 156 1169 185 EVANGELICE
1189 156 1254 185 LIB.
1275 157 1296 184 l.
1724 162 1757 189 ’Ν

139 205 218 232 πᾶσιν
234 204 324 231 ἔθνεσι
355 205 573 241 κατηγγελμένου
599 206 648 241 τῆς
662 206 767 241 Καινῆς
786 206 916 242 Διαθήκης

972 209 1000 234 et
1023 206 1137 233 veritate
1162 204 1246 233 Deum
1274 205 1385 232 colere’
1404 214 1411 232 :
1432 214 1440 230 ι
1459 209 1486 232 et
1511 206 1563 232 alia
1584 214 1758 243 quacunque

138 250 228 285 νόμου,
242 250 281 282 ὡς
297 251 368 286 ὁμοῦ
390 251 470 287 νόμον
484 252 530 278 καὶ
546 252 634 287 ἀρχῆς
647 253 732 278 αῐτιον
753 252 921 286 καταστῆναι

137 296 189 323 τῶν
207 295 280 323 δυεῖν
303 297 468 328 ὑποθέσεων,
497 297 661 333 Ἰουδαῖσμοῦ
687 297 758 332 λέγω
782 297 830 324 καὶ
855 298 921 332 Χρι-

137 342 307 379 στιανισμοῦ.
327 345 360 370 Ὃ
375 344 421 370 καὶ
437 343 501 370 αὐτὸ
517 343 666 379 Θαυμάζειν
679 344 763 377 ἀξιον,
782 344 831 380 τὴν
846 343 920 371 θείαν

116 418 119 427 ἴ
136 389 287 425 πρόρρησιν
301 386 353 417 ὧδέ
372 399 429 422 πως
443 390 631 424 ἀναφανοῦσαν
642 399 649 405 ·
671 400 680 416 ι
705 391 769 417 Ἰδοὺ
783 390 876 426 τίθημι
891 392 919 416 ἐν

135 434 204 462 Σιὼν
226 436 301 462 λίθον
323 436 459 468 ἐκλεκτὸν,
475 437 679 472 ἀκρογωνιαῐον,
703 437 825 472 ἔντιμον·
844 437 889 462 καὶ
905 437 919 462 ὁ

135 481 270 508 πιστεύων
284 482 326 513 εἰς
339 482 418 509 αὐτὸν
431 483 462 508 οὐ
477 483 745 518 καταισχυνθήσεται.
765 493 775 509 ›
789 484 836 515 Τίς
850 484 872 510 δ’
888 483 920 509 ἃν

135 529 179 565 εἴη
199 530 402 565 ἀκρογωνιαῖος,
424 530 440 565 ἢ
467 528 543 562 οὗτος
564 532 578 557 ὁ
596 531 648 563 ζῶν
671 532 717 558 καὶ
741 531 920 566 πολυτίμητος

136 573 209 606 λίθος
235 574 297 610 μίαν
313 575 345 602 ὲκ
368 575 439 602 δυεῖν
459 576 615 611 οἰκώομῶν,
639 577 859 611 ὑποστησάμενος
877 577 919 602 διὰ

137 620 187 654 τῆς
211 620 292 646 αὐτοῦ
317 620 503 653 διδασκαλίας;
519 622 568 657 τὴν
590 622 642 657 γὰρ
663 622 801 654 Μωῦσέως
826 623 920 657 μέχρις

136 666 217 693 αὑτοῦ
232 668 433 703 παραταθεῖσαν
448 669 559 703 στήσας,
578 670 609 694 ἐκ
625 669 738 704 θατέρου
758 669 855 703 μέρους
873 670 920 703 τὴν

137 712 272 746 ἡμετέραν
288 713 435 748 ὲπισυνῆψε
452 714 500 749 τὴν
518 714 588 740 κατὰ
610 714 640 740 τὸ
665 714 828 748 Εὐαγγέλιον
847 716 920 741 οἰκο-

135 756 229 792 δομήν.
249 757 328 784 Ὅθεν
357 758 468 790 εἰκότως
481 759 674 795 ἀκρογωνιαῖος
683 759 847 794 ὠνόμασται.
867 761 919 786 Καὶ

135 806 162 830 ὲν
178 804 303 840 Ψαλμοῖς
319 805 347 832 δὲ
363 805 468 841 εἴρηται
480 814 486 820 ⁸
509 815 517 830 ι
536 805 615 832 Λίθον
634 805 663 831 ὃν
676 806 878 840 ἀπεδοκίμασαν
895 806 920 831 οἱ

135 849 343 884 οἰκοδομοῦντες,
352 848 427 881 οὗτος
435 850 547 885 ἐγενήθη
556 851 595 885 εἰς
603 850 721 884 κεφαλὴν
729 851 837 883 γωνίαις⁴
847 850 920 885 παρὰ

970 252 1014 279 his
1030 252 1129 280 similia
1137 251 1165 278 in
1181 252 1255 278 illius
1265 251 1388 279 doctrina
1400 251 1536 283 feruntur,
1557 252 1756 287 sapientissimi

971 298 1050 333 plane
1064 298 1183 329 fuerunt,
1195 301 1223 324 et
1235 297 1428 332 perfectissimi
1445 298 1533 333 legum
1548 299 1680 326 auctoris.
1696 308 1706 324 ι
1718 298 1756 326 Ex

970 351 1025 378 quo
1039 342 1140 370 factum
1147 346 1199 375 est,
1207 346 1236 370 ut
1250 342 1392 370 audientes
1414 347 1615 378 stupescerent,
1633 353 1642 370 ι
1658 352 1757 380 quem-

971 388 1115 415 admodum
1142 388 1281 423 Scriptura
1298 388 1388 416 divina
1404 394 1598 416 commemorat
1622 390 1644 423 ';
1662 399 1672 416 ι
1694 398 1756 425 pro-

971 438 1062 469 pterca
1078 434 1151 469 quod
1174 434 1288 461 docebat
1306 442 1354 462 eos
1376 439 1502 470 tanquam
1519 440 1679 470 potestatem
1708 436 1756 462 ha-

971 479 1048 511 bens,
1059 483 1085 506 et
1102 486 1156 506 non
1173 483 1202 505 ut
1216 478 1318 506 Scriba»
1336 479 1442 506 illorum
1458 483 1485 506 et
1506 479 1646 507 Pharisaei.
1665 490 1674 507 ι
1696 479 1753 507 Hoc

971 524 1054 559 igitur
1071 525 1134 552 item
1157 525 1301 559 complevit
1323 525 1473 555 oraculum.
1491 526 1563 560 quod
1584 525 1666 554 Musis
1689 534 1752 561 pro-

971 570 1069 605 phetia:
1084 570 1176 597 deerat
1191 579 1197 596 :
1215 570 1308 597 eadem
1335 578 1416 605 porro
1440 570 1545 598 ratione
1569 575 1665 598 extera
1683 573 1744 599 item

973 616 1256 650 prophetiarum,qu-.e
1280 616 1313 643 de
1333 617 1392 650 ipso
1408 621 1433 643 et
1462 617 1580 650 gentium
1611 618 1750 644 vocatione

971 662 1070 695 scripta
1084 665 1147 689 sunt
1160 661 1297 688 vaticinia.
1321 661 1435 688 Constat
1454 670 1518 695 ergo
1540 663 1615 689 illum
1632 666 1751 698 comple-

970 708 1041 734 \‘isse
1051 712 1078 734 et
1095 708 1179 742 legem
1196 711 1221 734 et
1234 707 1387 742 prophetas,
1405 708 1512 742 quando
1527 715 1558 735 ea
1573 717 1632 742 qum
1644 709 1676 735 de
1693 710 1751 743 ipso

970 752 1098 787 przedicta
1111 757 1174 779 sunt
1186 753 1230 786 ,ad
1241 754 1341 780 exitum
1352 753 1487 787 perduxit,
1496 757 1522 780 ct
1535 755 1650 788 priorem
1665 755 1749 789 legem

970 806 1057 832 usque
1071 799 1104 826 ad
1122 799 1240 833 seipsum
1254 804 1326 826 stare
1336 800 1429 833 jussit,
1441 800 1496 826 dux
1512 807 1576 826 vero
1583 805 1609 826 et
1625 801 1750 835 princeps

970 844 1081 871 alterius
1108 845 1175 879 legis
1197 846 1310 876 exstitit,
1329 853 1389 880 qua:
1419 846 1445 872 in
1474 845 1548 872 Novo
1577 845 1751 873 Testamento

135 895 236 931 Κυρίου
249 895 357 929 ἐγένετο
369 895 448 932 αὕτη,
458 896 504 922 καὶ
516 896 572 922 ἔστι
583 895 724 931 θαυμαστὴ
734 898 762 922 ὲν
772 896 916 931 ὀφθαλμοῖς

968 892 1074 918 cunctis
1099 891 1225 926 gentibus
1249 891 1407 918 denuntiata
1439 896 1490 925 est,
1519 897 1549 919 ut
1580 893 1661 919 simul
1686 893 1751 927 legis

135 940 220 976 ἡμῶν.
237 950 247 967 ι
267 941 350 968 Ἔνθα
364 942 457 976 σαφῶς
470 942 500 968 τὸ
513 942 601 976 λόγιον
618 942 664 968 καὶ
680 943 728 977 τὴν
743 944 773 968 ἐκ
789 943 834 969 τοῦ
855 944 919 969 Ἰου-

134 987 214 1014 δαίων
233 987 325 1019 ἔθνους
341 988 484 1024 ὲπιδουλὴν
497 989 529 1023 ἢν
547 988 678 1015 πέπονθεν
690 990 704 1015 ό
717 989 918 1024 θεσπιζόμενος.

135 1034 312 1070 διεσάφησεν·
336 1035 584 1070 ἀποδοκιμασθῆναι
609 1035 656 1068 μὲν
683 1036 762 1062 αὐτὸν
780 1036 845 1071 προς
867 1036 919 1061 τῶν

135 1079 178 1105 τὸν
193 1079 308 1106 παλαιὸν
323 1081 412 1115 τοῖχον
424 1080 634 1115 οίκοδομούντων
644 1081 829 1116 γραμματέων
841 1080 919 1106 τινῶν

134 1124 180 1151 καὶ
193 1125 358 1160 Φαρισαίων,
373 1126 522 1161 ἀρχιερέων
543 1135 572 1152 τε
588 1127 634 1153 καὶ
654 1127 762 1153 πάντων
779 1127 831 1152 τῶν
846 1126 920 1161 παρὰ

140 1171 276 1202 Ἰουδαίοις
292 1171 428 1207 ἀρχόντων
450 1172 593 1206 φανέντων·
610 1172 677 1207 πλὴν
698 1172 766 1198 ἀλλὰ
791 1172 858 1206 μετὰ
870 1172 919 1207 τὴν

133 1216 164 1248 ἑξ
177 1216 287 1244 ἐκείνων
304 1217 413 1253 ἀτιμίαν
428 1217 474 1244 καὶ
486 1217 621 1253 ἀποϐολὴν
632 1217 762 1243 θεσπίσαν
779 1217 857 1242 αὐτὸν
874 1225 919 1250 γε-

133 1261 262 1298 νήσεσθαι
281 1264 322 1295 εἰς
348 1263 466 1298 κεφαλὴν
481 1263 580 1297 γωνίας
604 1262 723 1298 ἀρχηγὸν
751 1263 919 1289 καταστάντα

132 1309 183 1343 τῆς
208 1309 314 1343 Καινῆς
327 1308 473 1345 Διαθήκης,
499 1307 650 1339 ἀκολούθως
663 1309 722 1339 ταῖς
736 1307 919 1338 ἀποδοθείσαις

132 1353 267 1390 θεωρίαις.
285 1355 342 1381 Οὐκ
368 1353 425 1386 οὖν,
444 1355 608 1386 ἀποστάντες
632 1355 710 1389 ἡμεῖς
731 1353 916 1388 Ἑλληνισμοῦ,

132 1400 182 1427 οὐκ
196 1401 243 1427 ὲπὶ
259 1401 420 1436 Ἰουδαῖσμδν
429 1400 691 1435 καταπεπώκαμεν,
705 1400 774 1428 οὐδὲ.
792 1399 918 1434 ἀποδεχό-

134 1454 208 1480 μενοι
224 1446 269 1473 τὸν
289 1447 426 1478 Μωῡσέως
444 1438 534 1482 νόμον,
554 1447 600 1474 καὶ
616 1447 677 1478 τοὺς
700 1446 832 1481 Ἐϐραίων
852 1454 918 1481 προ-

134 1493 234 1528 φήτας.
261 1494 297 1529 μὴ
320 1493 439 1529 βιοῦντες
453 1493 481 1520 δὲ
510 1493 672 1525 ’1ουδαῖκῶς,
694 1493 761 1519 ἀλλά
787 1493 855 1520 κατὰ
868 1493 917 1528 τὴν

133 1539 188 1574 πρὸ
201 1539 338 1571 Μωΰσέως
347 1538 401 1565 τῶν
411 1538 539 1572 θεοφιλῶν
550 1538 652 1573 ἀνδρῶν
662 1538 807 1569 πολιτείαν,
817 1538 916 1565 πταίοι-

135 1592 184 1619 μιν
190 1584 235 1612 ἂν.
243 1585 301 1611 Κάν
308 1584 393 1620 τούτῳ
398 1584 451 1620 γὰρ
457 1585 522 1611 Μωῡ
526 1584 573 1611 σέα
580 1585 694 1616 καὶτοὺς
702 1585 759 1619 μετ’
765 1584 845 1611 αὑτὸν
854 1593 917 1620 προ-

131 1630 220 1665 φήτας
229 1629 408 1666 ἀληθεύοντας
420 1630 625 1665 ἀποδείκνυμεν,
641 1630 685 1656 τὸν
696 1631 740 1657 ὑπ’
753 1629 840 1656 αὐτῶν
851 1638 916 1665 προ-

131 1676 334 1711 κεκηρυγμένον
350 1675 465 1711 Χριστὸν
480 1676 680 1711 ἀποδεχόμενοι,
695 1676 742 1702 καὶ
753 1676 846 1702 τούτου
859 1678 915 1707 τοῖς

132 1720 223 1755 νόμοις
236 1720 399 1756 πειθόμενοι,
415 1722 474 1748 κατ’
491 1721 563 1756 ἴχνος
575 1729 603 1747 τε
625 1721 674 1756 τῆς
688 1721 768 1748 αὑτοῦ
791 1721 916 1748 διδασκα-

131 1765 191 1798 λίας
207 1765 308 1800 βαίνειν
324 1766 357 1792 δι’
372 1766 456 1802 εὐχῆς
480 1766 624 1801 τιθέμενοι,
643 1766 716 1801 αὐτῷ
737 1767 848 1792 Μωῦσεῖ
865 1767 915 1793 κάν

131 1810 220 1846 εοὺτῳ
231 1811 266 1837 τὰ
280 1811 344 1846 φίλα
364 1811 514 1842 ποιοῦντες·
534 1811 573 1843 ὃς,
592 1811 739 1846 προειπὼν,
763 1813 802 1838 ὅτι
818 1821 826 1836 ι
852 1820 916 1847 τερο-

132 1855 220 1891 ᾳῆτην
234 1856 380 1892 ἀναστήσει
390 1857 489 1891 Κύριος
502 1858 516 1883 ὁ
526 1857 590 1888 Θεὸς
606 1857 696 1891 ὅμοιον
709 1856 791 1891 αὐτῷ,
803 1867 811 1881 ι
827 1857 916 1883 ἐπιλέ-

131 1911 193 1937 τει⁶
211 1913 222 1929 ι
239 1904 316 1931 Πᾶσα
339 1904 368 1931 δὲ
381 1904 463 1940 ψυχὴ,
487 1905 547 1939 ἥτις
562 1904 599 1939 μὴ
625 1903 767 1930 ἀκούσεται
787 1903 833 1929 τοῦ
850 1912 916 1938 προ-

130 1949 218 1984 φήτου
244 1950 366 1982 ἐκείνου,
398 1949 649 1985 ὲξολοθρευθήσεται
680 1951 711 1976 ὲκ
743 1949 789 1976 τοῦ
823 1950 916 1984 γένους

132 1995 226 2027 afﬁnis.
247 2006 256 2020 ι
274 1996 378 2022 Αὐτίκα
407 1995 536 2027 Ἰουδαῖοι,
570 1995 606 2031 μὴ
631 1994 844 2031 παραδεξάμενοι
871 1995 915 2022 τὸν

130 2042 284 2077 προφήτην,
302 2041 363 2077 μηδ’
382 2041 582 2073 ὑπακούσαντες
603 2041 684 2068 αὑτοῦ
698 2043 754 2070 τοῖς
771 2041 858 2074 ἁγίοις
871 2041 914 2067 λό-

130 2090 201 2122 για,
217 2088 329 2124 ἔσχατον
340 2088 487 2124 ὑπέμειναν
503 2088 621 2123 ὄλεθρον,
636 2087 769 2114 ἀκόλουθα
785 2089 816 2123 τῇ
830 2089 913 2124 προρ-

132 2136 210 2170 ρήσει
227 2135 398 2166 πεπονθότες.
417 2134 484 2161 Οὔτε
501 2134 554 2170 γὰρ
574 2134 618 2160 τὸν
635 2133 751 2169 Χριστοῦ
768 2134 848 2169 νόμον
866 2135 914 2169 τῆς

131 2179 237 2214 Καινῆς
247 2179 382 2215 Διαθήκης
391 2179 575 2212 κατεδέξαντο,
587 2179 648 2205 οὔτε
660 2179 693 2206 τὰ
702 2180 767 2205 Μωῡ
772 2179 838 2210 σέως
847 2188 915 2214 παρ-

973 936 1194 971 principatusque
1219 941 1315 963 auctor
1338 937 1453 964 duorum
1472 938 1685 972 propositorum,
1701 937 1751 964 Ju-

969 980 1066 1008 daismi
1085 982 1208 1009 videlicet
1223 982 1479 1018 Christianisniiquc
1492 983 1582 1011 fuerit.
1595 984 1672 1017 Quod
1689 985 1753 1018 qui-

970 1027 1030 1054 dem
1039 1028 1130 1062 ipsum
1148 1028 1277 1055 admirari
1300 1036 1388 1063 opera:
1410 1030 1524 1063 pretium
1537 1034 1589 1062 est,
1605 1036 1634 1056 ut
1648 1030 1749 1057 divini-

970 1078 1014 1101 tus
1030 1074 1189 1109 praedictum
1218 1075 1263 1102 sit.
1285 1084 1294 1100 ι
1315 1074 1395 1107 Ecce,
1409 1075 1506 1109 inquit,
1526 1083 1599 1110 pono
1626 1076 1654 1102 in
1685 1076 1748 1103 Sion

969 1119 1086 1155 lapidem
1113 1120 1240 1152 electum,
1259 1121 1427 1155 angularem,
1457 1121 1617 1154 pretiosum,
1648 1127 1675 1148 ct
1704 1123 1749 1156 qui

969 1165 1055 1193 credit
1069 1167 1097 1193 in
1123 1174 1185 1193 eum
1202 1174 1256 1194 non
1282 1166 1464 1194 confundetur
1479 1167 1500 1194 ’.
1517 1177 1526 1192 ι
1545 1167 1579 1193 At
1593 1168 1664 1194 enim
1680 1168 1742 1202 quis

969 1212 1076 1239 tandem
1094 1212 1174 1239 fuerit
1192 1213 1339 1247 angularis,
1364 1213 1416 1240 nisi
1437 1213 1482 1239 hic
1507 1214 1584 1241 vivus
1608 1219 1633 1239 et
1651 1215 1750 1248 pretio-

969 1257 1104 1288 sissimus,
1121 1258 1167 1292 qui
1189 1265 1220 1284 ex
1249 1259 1354 1285 duabus
1370 1259 1518 1286 structuris
1539 1266 1618 1285 unam
1651 1260 1748 1286 lactant

969 1310 1016 1330 sua
1034 1302 1157 1329 doctrina
1186 1304 1395 1330 sustinetf'dum
1420 1304 1491 1331 enim
1516 1304 1672 1336 Mosaicam,
1690 1313 1749 1340 quae

969 1355 1056 1382 usque
1071 1348 1104 1374 all
1122 1348 1210 1383 ipsum
1229 1353 1353 1383 protenta
1368 1354 1418 1380 est,
1431 1354 1503 1376 stare
1516 1350 1602 1384 jubet,
1614 1358 1647 1377 ex
1660 1350 1743 1377 altera

969 1399 1044 1427 parte
1062 1398 1184 1421 nostram
1207 1403 1253 1429 per
1271 1394 1445 1429 Evangelium
1472 1395 1605 1429 adjunxit.
1635 1395 1673 1422 Ex
1695 1403 1749 1430 quo

968 1440 1106 1475 angularis
1117 1441 1214 1467 merito
1228 1440 1319 1467 dictus
1334 1445 1393 1474 est;
1410 1441 1456 1468 scd
1478 1442 1505 1468 in
1517 1441 1633 1469 Psalmis
1642 1449 1749 1477 quoque

969 1486 1092 1521 legitur:
1117 1496 1126 1512 ι
1152 1486 1279 1522 Lapidem
1307 1496 1386 1522 quem
1419 1489 1632 1523 reprobaverunt
1663 1489 1747 1516 aedifi-

968 1538 1071 1564 cantes,
1088 1532 1132 1567 hic
1153 1533 1240 1560 factus
1253 1537 1294 1561 est
1312 1534 1339 1560 in
1353 1539 1434 1569 caput
1459 1535 1550 1569 anguli
1568 1544 1575 1561 z
1596 1543 1610 1561 a
1632 1534 1748 1562 Domino

967 1579 1068 1606 factum
1093 1584 1135 1606 est
1160 1579 1242 1611 istud,
1268 1583 1295 1607 et
1316 1583 1358 1607 est
1383 1581 1506 1608 mirabile
1535 1581 1562 1608 in
1585 1581 1671 1608 oculis
1696 1589 1748 1608 no-

966 1626 1031 1653 stris
1050 1626 1082 1653 '°.
1100 1635 1110 1651 ι
1122 1626 1177 1660 28
1189 1625 1266 1658 Quod
1289 1626 1397 1661 quidem
1422 1627 1562 1653 oraculum
1574 1627 1652 1662 plane
1666 1627 1748 1654 etiam

966 1670 1108 1702 indicavit,
1123 1679 1192 1706 quas
1207 1679 1222 1698 a
1244 1670 1345 1698 Iudaeis
1359 1671 1483 1705 insidias,
1498 1672 1531 1700 de
1551 1680 1605 1707 quo
1617 1673 1748 1699 vaticina-

967 1721 1020 1748 tur,
1038 1724 1136 1751 passus
1149 1720 1191 1744 est
1210 1727 1216 1744 :
1236 1718 1345 1752 quando
1365 1717 1441 1744 illum
1458 1725 1473 1744 a
1492 1717 1595 1745 Scribis
1612 1723 1639 1745 et
1651 1717 1748 1745 Phari-

966 1763 1037 1795 saeis,
1055 1767 1080 1790 et
1095 1764 1265 1791 sacerdotum
1280 1762 1460 1797 principibus,
1472 1767 1497 1790 et
1506 1763 1632 1790 omnibus
1641 1762 1748 1790 Iudaeo-

966 1817 1026 1837 rum
1043 1809 1256 1843 magistratibus,
1270 1808 1316 1842 qui
1330 1811 1446 1835 veterem
1460 1809 1588 1843 parietem
1605 1813 1748 1836 construe-

966 1857 1041 1888 bant,
1059 1855 1228 1890 rcpudiatmn
1242 1854 1337 1887 fuisse,
1351 1854 1492 1881 divinavit.
1504 1854 1555 1881 Sed
1567 1858 1658 1882 tamen
1672 1859 1747 1889 post-

965 1908 1046 1935 quam
1062 1899 1160 1926 abillis
1173 1902 1343 1933 contemptus
1363 1899 1398 1925 sit
1415 1902 1442 1925 et
1460 1899 1582 1933 abjcctus
1593 1918 1600 1930 ,
1622 1898 1744 1926 futurum

966 1946 1041 1973 illum
1054 1946 1080 1972 in
1096 1948 1176 1979 caput
1191 1944 1293 1979 anguli,
1308 1948 1335 1972 et
1349 1944 1444 1971 ducem
1458 1944 1662 1980 principemque
1678 1944 1745 1972 Novi

966 1990 1130 2017 Testamenti
1147 1990 1366 2017 constituendum
1382 1998 1435 2016 non
1456 1990 1550 2022 tacuit,
1564 1996 1744 2019 consentanea

966 2035 1000 2063 iis
1015 2035 1165 2070 proferens,
1181 2043 1241 2069 qua:
1255 2044 1270 2062 a
1297 2035 1375 2063 nobis
1406 2037 1532 2070 superius
1561 2036 1745 2064 demonstrata

966 2087 1039 2109 sunt.
1060 2081 1115 2108 Nos
1135 2082 1216 2117 igitur
1232 2082 1354 2115 quamvis
1370 2089 1385 2108 a
1407 2081 1501 2109 erco
1524 2083 1578 2109 ritu
1597 2083 1744 2110 recesseri—

966 2135 1035 2156 mus.
1053 2135 1107 2154 non
1131 2127 1276 2154 recidimus
1294 2127 1321 2153 in
1341 2126 1495 2159 Judaicum,
1511 2135 1598 2162 neque
1614 2127 1746 2162 delinqui-

966 2180 1037 2205 mus,
1054 2173 1115 2199 licet
1138 2172 1221 2200 Mosis
1249 2173 1333 2208 legem
1349 2178 1376 2200 et
1402 2172 1577 2200 Hebrmorum
1600 2173 1745 2208 prophetas

129 2224 290 2260 ἀγγέλματα
312 2223 374 2259 δίχα
395 2224 564 2260 παρανομίας
587 2223 636 2250 οἷοί
659 2225 682 2249 τ’
698 2223 730 2250 ἂν
747 2221 800 2249 εἷεν
816 2224 914 2258 φυλάσ-

967 2219 1161 2254 acceperimus,
1185 2227 1240 2246 non
1261 2218 1373 2246 Judaice
1385 2222 1486 2251 autem,
1510 2218 1556 2246 sed
1582 2218 1616 2245 ad
1642 2226 1744 2246 morem

132 2279 190 2298 σειν
200 2278 210 2286 ’
221 2269 263 2296 διὸ
282 2271 328 2296 καὶ
342 2271 376 2305 τῇ
394 2270 513 2301 Μωσέως
532 2269 727 2304 ὑποϐέϐληνται
744 2269 860 2305 κατάρᾳ,
876 2269 915 2304 τῷ

131 2316 199 2352 μηδὲ
216 2315 329 2343 δυνατὸν
348 2315 438 2347 αὐτοῖς
453 2314 521 2342 εἶναι
537 2315 570 2341 τὰ
591 2314 666 2350 παρὰ
687 2316 796 2341 Μωῡσεί
808 2324 916 2350 νενομο-

129 2362 266 2398 θετημένα
278 2362 423 2392 συντελεῖν,
435 2363 638 2396 περιῃρημένης
651 2360 741 2387 αὐτῶν
751 2360 800 2395 τῆς
815 2370 914 2396 μητρο-

129 2409 244 2440 πσλεως.
259 2407 307 2435 καὶ
319 2407 566 2443 ἀποκεκλεισμένης
580 2408 628 2442 τῆς
650 2407 728 2442 μόνον
744 2407 836 2433 αὐτόθι
849 2416 913 2441 συγ-

129 2454 324 2490 κεχωρημένης
350 2453 529 2480 ἐπιτελεῖσθαι
558 2454 723 2489 Μωῡσαῖκῆς
755 2453 908 2489 Θρησκείας.

134 2497 230 2534 Ἦμεῖς
242 2498 282 2530 δι,
310 2497 356 2525 τὸν
371 2498 423 2525 ὑπὸ
443 2498 564 2529 Μωσέως
586 2498 631 2524 καὶ
648 2497 702 2524 τῶν
727 2497 826 2523 λοιπῶν
845 2506 910 2533 προ-

131 2545 222 2580 φητῶν
236 2543 454 2580 κατηγγελμένον
470 2543 671 2579 ἀποδεξάμενοι,
686 2543 732 2570 καὶ
751 2543 836 2578 τούτῳ
851 2544 909 2569 πεί-

130 2590 222 2618 θεσθαι
230 2590 265 2618 δι’
281 2590 362 2625 εὐχῆς
377 2589 538 2624 ποιούμενοι,
554 2589 693 2625 πληρωταὶ
710 2588 742 2615 ἂν
756 2589 849 2624 εἴημεν
863 2589 910 2624 τῆς

130 2634 267 2666 nimbata;
296 2633 497 2670 παραγγελίας,
522 2633 554 2660 δι’
580 2632 613 2669 ἧς
644 2633 757 2668 ἔφησεν·
790 2642 799 2658 ι
825 2633 910 2659 Αὑτοῦ

130 2679 384 2707 ἀιοὺσεσθσ·¹πᾶσα
406 2680 433 2706 δὲ
446 2679 529 2715 ψυχὴ,
553 2680 612 2714 ἥτις
633 2679 666 2706 ἂν
682 2680 718 2715 μὴ
742 2679 844 2715 ἀκούσῃ
864 2678 910 2705 τοῦ

131 2727 268 2762 προφήτου
287 2726 404 2758 ἑκείνου,
427 2724 678 2759 ὲξολοθρευθήσεται
699 2726 730 2750 ὲκ
755 2724 801 2750 τοῦ
818 2724 911 2757 γένους

131 2771 222 2807 αὐτῆς.
239 2781 250 2798 ι
265 2771 335 2799 Τίνα
346 2771 376 2798 δὲ
385 2771 522 2802 διετάξατο
533 2771 547 2796 ὁ
559 2771 706 2805 προφήτης,
719 2767 755 2797 ὧν
767 2770 911 2797 ἐπακούειν

165 2831 174 2847 ⁷
190 2830 268 2859 ιΙοιιι.
281 2838 320 2863 ιν,
340 2830 386 2858 25.

136 2873 210 2899 mn,
227 2867 272 2894 l9.

251 2914 393 2945 ΡΑι-ιοι..
410 2911 467 2942 Gn.
491 2912 592 2943 XXII.

966 2270 1046 2300 atque
1062 2265 1214 2292 institutum
1238 2270 1395 2292 sanctorum
1420 2265 1467 2300 qui
1491 2269 1554 2291 ante
1568 2264 1668 2291 Mosem
1686 2264 1745 2291 fue-

965 2315 1028 2338 runt
1054 2312 1184 2342 virorum,
1206 2312 1339 2338 vivamus.
1360 2311 1388 2337 In
1405 2311 1455 2338 hoc
1468 2311 1540 2337 enim
1558 2316 1584 2337 et
1602 2309 1702 2337 Mosem
1719 2315 1745 2336 et

965 2358 1109 2392 prophetas
1119 2365 1195 2385 veros
1212 2357 1296 2384 fuisse
1310 2361 1385 2384 vates
1400 2357 1579 2386 ostendimus.
1589 2364 1651 2382 cum
1669 2355 1743 2382 illum

964 2403 1100 2430 Christum
1113 2404 1277 2438 accepimus,
1295 2408 1322 2431 et
1337 2404 1410 2430 illius
1426 2403 1531 2438 legibus
1547 2402 1743 2434 auscultamus,

964 2452 991 2475 et
1005 2456 1052 2483 per
1064 2449 1175 2484 vestigia
1189 2449 1320 2476 doctrina:
1330 2449 1450 2484 ejusdem
1467 2448 1590 2475 incedere
1605 2447 1687 2474 etiam
1701 2454 1746 2472 vo—

964 2495 999 2522 tis
1007 2496 1167 2530 expetimus,
1180 2502 1258 2530 quem
1275 2495 1313 2522 illi
1327 2499 1470 2522 venturum
1483 2494 1678 2529 praedixerunt.
1691 2492 1744 2520 Eo-

964 2539 1024 2566 dem
1040 2540 1132 2574 utique
1151 2540 1290 2575 proposito
1311 2540 1362 2574 ipsi
1383 2547 1491 2574 quoque
1513 2538 1578 2565 Mosi
1607 2546 1663 2565 rem
1682 2546 1744 2573 gra-

964 2590 1018 2612 tam
1057 2585 1186 2613 facientes
1203 2596 1209 2613 :
1226 2586 1272 2620 qui
1298 2593 1360 2612 cum
1390 2585 1553 2619 prmdixerit,
1584 2585 1741 2619 prophetam

961 2640 976 2658 a
994 2631 1106 2658 Domino
1120 2631 1174 2659 Deo
1182 2635 1276 2659 nostro
1289 2631 1340 2659 sibi
1359 2632 1473 2657 similem
1488 2631 1686 2661 suscitandum,
1700 2630 1746 2656 ad-

960 2678 1050 2713 jungit
1066 2688 1072 2704 :
1090 2687 1098 2703 ι
1113 2677 1208 2705 Omnis
1226 2685 1291 2704 vero
1308 2677 1397 2703 anima
1418 2684 1477 2711 qua:
1497 2684 1551 2703 non
1573 2676 1663 2703 audiet
1677 2683 1756 2711 pro-.

962 2724 1068 2758 phelam
1085 2723 1170 2754 illum,
1187 2723 1319 2750 delebilur
1335 2730 1365 2749 ex
1388 2730 1486 2757 genere
1507 2722 1598 2749 suo“.
1620 2731 1628 2746 ι
1647 2721 1741 2748 Conti—

963 2776 1016 2795 nuo
1031 2769 1101 2795 enim
1122 2767 1218 2799 Judaei,
1235 2772 1378 2802 postquam
1405 2767 1478 2794 illum
1507 2760 1664 2801 prophetam
1687 2772 1742 2792 non

423 2829 433 2845 '
448 2828 542 2856 Matth.
558 2836 605 2861 vn,
617 2828 709 2861 28,29.
730 2852 740 2865 __
762 2830 771 2845 ’
786 2829 837 2858 lsa.
851 2835 946 2860 xxvi”,
964 2828 1012 2861 l6;
1043 2827 1049 2853 Ι
1067 2827 1138 2855 Pelr.
1151 2835 1180 2858 ιι,
1194 2828 1219 2853 6.
1275 2828 1294 2842 ¹⁰
1306 2826 1377 2853 ῘδςιιιΔ
1396 2834 1478 2857 cxvii,
1493 2825 1585 2856 22,23.
1626 2825 1644 2839 ¹¹
1663 2823 1739 2851 Deut.

1622 2907 1641 2935 3
