2053 3218
280 125 313 153 75
609 125 740 153 EUSEBH
760 126 996 154 CIESARIENSlS
1012 126 1088 154 OPP.

1108 125 1197 152 PARS
1215 125 1248 153 ll.
1269 141 1303 146 —
1322 125 1568 154 APOLOGETICA.
1861 127 1896 156 76

279 187 451 219 acceperunt,
468 191 518 211 nec
536 185 640 211 sanctis
655 185 728 213 illius
743 186 832 213 verbis
846 191 1003 221 paruerunt,
1013 193 1058 213 ex-

1112 184 1208 219 χρεὼν,
1227 184 1316 220 μικρῷ
1337 184 1453 220 πρόσθεν
1469 185 1635 220 ἀκηκόαμεν,
1657 184 1690 212 τὰ
1706 186 1831 221 πάνσοφα
1848 186 1896 213 καλ

277 236 392 258 tremum
404 230 574 263 pertulerunt
586 229 724 257 interitum
739 240 746 258 :
759 231 804 265 qui
821 231 930 265 quidem
949 231 1056 257 illorum

275 283 358 303 casus
372 275 406 303 iis
420 275 549 307 oraculis,
562 284 622 311 quae
631 277 664 304 de
675 277 728 304 illis
743 277 814 304 edita
828 281 900 309 sunt,
915 281 1058 305 consenta-

277 329 345 348 neus
370 321 478 355 accidit.
510 320 576 348 Nam
603 330 652 349 nec
678 321 779 349 Christi
806 323 891 358 legem
911 331 971 357 qua
983 323 1057 351 Novo

277 367 452 394 Testamento
473 368 638 399 continetur,
657 373 848 402 susceperunt,
861 377 950 404 neque
971 370 1057 398 Mosis

277 418 409 449 praecepta
416 414 474 441 sine
485 414 551 450 legis
559 418 714 449 contemptu
725 423 832 443 servare
846 421 970 449 possunt.
980 416 1056 449 Quo-

276 458 350 486 circa
365 459 392 486 in
418 459 504 493 ipsius
521 458 602 485 Mosis
625 459 837 486 exsecrationem
852 459 950 494 relapsi
970 463 1034 487 sunt
1049 469 1056 486 :

277 504 387 539 quando
404 505 459 531 ﬁeri
479 504 552 531 nullo
578 504 657 531 modo
678 507 766 538 potest
777 509 806 531 ut
820 513 879 539 quae
909 505 937 532 in
953 505 1058 540 legibus

276 551 350 578 illius
366 554 431 578 sunt
460 551 557 586 posita,
579 550 729 585 perﬁciant,
749 551 849 585 quippe
861 559 922 578 cum
938 557 965 578 et
986 551 1059 586 ipso-

277 606 336 625 rum
353 597 509 632 metropolis
525 597 632 624 sublata
648 598 698 628 sit,
713 600 740 624 et
759 596 878 624 Mosaica
901 598 995 632 religio
1009 606 1057 625 ex-

1111 231 1203 266 ἐντελῆ
1220 231 1266 256 καὶ
1280 230 1392 265 οὐράνια
1407 231 1630 266 παραγγέλματα
1640 230 1657 257 ἃ
1669 231 1700 266 δὴ
1711 232 1759 257 οὐκ
1773 233 1801 258 ὲν
1816 231 1897 264 πλαξὶ

1109 277 1222 308 λιθίναις
1233 278 1343 303 Μωῡσεῖ
1351 277 1555 312 παραπλησίως,
1567 277 1627 303 οὐδέ
1634 286 1664 311 γε
1674 277 1767 312 μέλανι
1777 278 1825 304 καὶ
1833 279 1898 313 χάρ-

1109 332 1169 355 ταις
1183 323 1282 358 ⁴ἢξίωσε
1303 323 1482 358 παραθέσθαι,
1501 324 1602 358 ψυχαῖς
1620 323 1648 350 δὲ
1666 324 1894 359 κεκαθαρμέναις,

1109 369 1156 395 καὶ
1170 369 1264 404 νοερὰν
1279 369 1371 395 οὐσίαν
1384 368 1564 403 κεκτημέναις
1579 369 1633 395 τῶν
1648 369 1730 395 αὑτοῦ
1743 369 1875 404 φοιτητῶν
1885 378 1892 384 ·

1110 415 1138 440 ἐν
1150 412 1194 446 αἷς
1211 415 1352 449 ἐγγράψας
1366 415 1429 445 τοὺς
1453 415 1502 449 τῆς
1518 415 1621 450 Καινῆς
1635 415 1771 450 Διαθὴκης
1785 415 1894 450 νόμους,

1111 458 1200 495 ἔργοις
1217 460 1375 496 ἀπεπλήρου
1389 461 1437 495 τὴν
1451 461 1572 495 φήσασαν
1584 461 1627 487 διὰ
1647 461 1776 497 Ἰερεμίου
1789 470 1896 497 προφη-

1110 505 1200 532 τείαν’
1219 515 1228 532 ι
1247 506 1414 541 Διαθήσομαι
1428 507 1562 542 Διαθήκην
1584 508 1696 542 Καινὴν,
1712 507 1740 533 οὺ
1759 507 1826 533 κατὰ
1845 506 1895 542 τὴν

1112 551 1249 586 Διαθήκην
1274 552 1306 587 ἣν
1333 552 1460 587 διεθέμην
1487 554 1541 583 τοῖς
1563 553 1695 587 πατράσιν
1725 552 1830 579 αὐτῶν
1854 553 1895 579 ὅτι

1109 597 1177 633 αὕτη
1194 599 1210 632 ἡ
1229 598 1351 637 ᾼιαθήκη
1365 599 1397 633 ῆν
1411 599 1570 634 διαθήσομαι
1584 597 1621 633 τῷ
1641 598 1708 632 οἴκῳ
1724 598 1840 634 Ἰσραὴλ,
1856 598 1896 625 δι-

275 645 362 675 clusa,
377 651 437 679 quze
462 643 517 670 illic
537 642 624 670 solum
643 642 735 677 perﬁci
761 642 970 670 concedebatur.
1001 643 1056 671 Nos

1108 643 1168 674 δοὺς
1178 642 1276 678 νόμους
1283 652 1332 678 μου
1340 645 1379 675 εις
1386 644 1502 671 διάνοιαν
1510 644 1607 675 αὐτῶν,
1620 644 1665 670 καὶ
1675 644 1719 669 ἐπὶ
1728 643 1775 678 τὴν
1781 643 1894 678 καρδίαν

276 695 364 715 autem
384 689 430 722 qui
456 688 532 714 illum
549 688 731 721 suscepimus,
747 695 826 722 quem
844 687 933 714 Moses
951 692 978 715 et
995 687 1056 714 reli-

1108 689 1197 716 αὐτῶν
1216 689 1313 725 γράψω
1335 690 1443 722 αὐτοὺς,
1468 691 1516 717 καὶ
1529 691 1624 726 ἔσομαι
1643 691 1731 717 αὐτῶν
1753 690 1829 722 Θεὸς,
1845 689 1895 716 καὶ

276 735 321 769 qui
341 734 478 769 propheta:
503 733 708 763 nuntiaverunt,
726 737 753 760 et
767 733 790 759 ei
806 741 901 767 parere
913 733 992 760 etiam
1011 741 1055 760 vo-

1109 735 1186 761 αὒτοὶ
1200 736 1306 762 ἔσονταί
1320 745 1370 771 μου
1387 736 1459 768 λαός.
1477 746 1486 763 ι

275 782 312 808 tis
334 781 507 816 expetimus:
526 779 644 806 edictum
669 779 752 806 Mosis
776 779 956 814 complevisse
969 780 1134 815 invenimur,
1153 789 1206 816 quo
1226 782 1326 814 edixit,
1347 783 1422 809 illum
1438 782 1601 810 audiendum
1632 789 1703 813 esse,
1727 787 1892 816 omnemque

275 829 392 855 animam
403 835 462 862 quae
494 827 569 853 illum
590 834 643 853 non
663 826 779 859 audiret,
797 826 938 854 delendam
964 835 1024 855 esse
1041 828 1074 856 de
1094 837 1191 864 genere
1210 837 1270 858 suo.
1290 829 1356 863 Quae
1379 835 1470 857 autem
1485 831 1551 863 sint,
1564 837 1624 864 quae
1639 829 1770 864 propheta
1789 828 1834 855 ille
1849 828 1893 855 in-

276 873 405 904 stituerit,
423 873 522 907 quibus
551 872 660 899 obedire
685 879 797 899 necesse
824 872 868 903 sit.
886 872 967 907 paulo
996 879 1057 901 ante
1075 876 1240 909 audivimus,
1274 876 1348 903 onmi
1364 876 1488 903 videlicet
1517 875 1649 910 sapientia
1664 874 1773 905 referta,
1790 876 1815 900 et
1829 879 1892 908 per-

276 920 534 952 fecta,-etcmlcstia
559 919 731 946 documenta.
756 919 821 952 Quae
836 921 944 954 quidem
964 929 1052 956 neque
1071 922 1171 951 tabulis
1197 923 1320 958 lapideis,
1333 927 1362 950 ut
1373 922 1471 954 Moses,
1496 930 1584 957 neque
1593 924 1778 948 atramentoet
1788 919 1892 946 chartis

277 967 459 995 commendari
477 967 570 999 voluit,
586 968 639 1002 29
650 967 696 994 sed
708 967 829 1002 purgatis
844 967 943 996 animis
959 977 1081 1002 suorum,
1091 975 1117 998 et
1130 972 1321 1006 intelligentem
1337 977 1462 998 naturam
1479 969 1662 998 obtinentibus
1676 977 1683 996 :
1700 969 1726 995 in
1740 967 1839 1002 quibus
1850 966 1890 993 leo

276 1024 323 1051 ges
349 1015 416 1043 Novi
439 1015 603 1042 Testamenli
619 1015 786 1048 describens,
818 1015 910 1051 reipsa
932 1017 1079 1052 complevit
1097 1017 1221 1046 Ieremia
1243 1018 1412 1054 prophetiam
1449 1025 1509 1052 quae
1531 1017 1589 1044 ait:
1608 1025 1618 1042 ι
1637 1016 1778 1044 lnstituam
1792 1014 1891 1042 Teste-

277 1067 398 1091 mentum
414 1061 530 1094 Novum,
548 1070 601 1088 non
615 1061 701 1088 instar
715 1061 881 1089 Testamenti
913 1062 984 1097 quod
1005 1063 1083 1098 posui
1103 1064 1225 1099 patribus
1240 1072 1334 1092 eorum
1351 1074 1358 1092 :
1373 1065 1500 1099 quoniam
1515 1063 1567 1090 hoc
1583 1062 1798 1094 Testamentum,
1815 1060 1890 1095 quod

275 1119 373 1147 ponam
388 1110 479 1137 domui
492 1109 583 1142 Israel,
595 1109 662 1136 dans
676 1109 749 1144 leges
763 1117 837 1137 meas
854 1110 881 1137 iu
895 1111 1051 1138 interiorem
1070 1119 1180 1140 sensum
1195 1119 1301 1145 eorum,
1316 1117 1342 1140 et
1363 1112 1390 1139 in
1423 1111 1505 1140 corde
1535 1118 1629 1138 eorum
1651 1110 1768 1138 scribam
1785 1116 1843 1140 eas,
1861 1109 1892 1136 et

274 1166 322 1186 ero
338 1159 445 1185 illorum
460 1157 542 1189 Deus,
554 1161 581 1184 et
593 1157 645 1192 ipsi
662 1161 743 1184 erunt
766 1157 833 1184 mihi
858 1159 975 1193 populus
986 1160 1019 1186 ".
1044 1169 1053 1185 ι

568 1215 681 1243 CAPUT
697 1214 765 1242 VH].

1370 1213 1565 1241 ΚΕΦΑΛΑΙΟΝ
1585 1213 1625 1239 H’.

278 1264 354 1296 Quod
367 1273 424 1298 quae
439 1263 669 1291 Christianismum
690 1262 810 1298 amplexa
825 1266 863 1290 est
877 1263 940 1294 vita,
953 1263 980 1290 in
991 1263 1057 1290 duas

1114 1262 1160 1295 Ὠς
1180 1263 1222 1294 εἰς
1241 1256 1295 1287 δῦο
1317 1260 1444 1298 τρόπρυς
1459 1260 1475 1285 ό
1492 1257 1565 1298 καίει
1584 1257 1637 1283 τὸν
1656 1257 1890 1290 Χριστιανισμὸν

533 1298 628 1331 species
643 1297 726 1323 divisa
739 1302 788 1325 est.

312 1345 444 1372 Caeterum
462 1344 506 1371 ille
519 1343 628 1379 quidem
647 1343 674 1370 in
698 1343 800 1371 tabulis
818 1344 986 1377 inanimatis,
1013 1344 1057 1372 hic

277 1395 367 1417 autem
390 1391 416 1416 in
444 1390 580 1417 mentibus
603 1390 658 1416 vita
683 1389 821 1424 praeditis,
840 1389 958 1425 perfecta
988 1389 1057 1418 Novi

277 1435 444 1464 Testamenti
459 1435 621 1462 documenta
638 1434 783 1470 descripsit
810 1445 816 1462 :
843 1435 902 1469 ejus
925 1443 989 1463 V‘H‘O
1014 1435 1056 1464 di-

279 1482 376 1517 scipuli
403 1481 435 1507 ad
451 1479 571 1514 Magistri
595 1480 636 1507 sui
670 1484 784 1513 nutum,
817 1481 928 1508 auribus
957 1481 1056 1510 multo-

276 1535 337 1554 rum
362 1526 512 1554 doctrinam
532 1533 607 1552 suam
639 1526 894 1559 accommodantes,
919 1535 1056 1562 quaecum-

277 1582 329 1609 que
343 1573 450 1608 quidem
478 1571 560 1598 veluti
586 1571 656 1598 ultra
691 1571 812 1598 habitum
838 1573 1010 1607 progressis,
1039 1581 1055 1600 α

276 1619 398 1656 perfecto
412 1620 531 1654 ipsorum
551 1617 679 1652 Magistro
695 1620 828 1653 praecepta
842 1617 958 1650 fuerant,
973 1626 1004 1645 ea
1022 1619 1055 1646 iis

275 1667 322 1702 qui
337 1673 432 1701 capere
446 1667 580 1700 poterant,
597 1662 766 1690 tradiderunt
781 1672 787 1690 :
802 1671 978 1698 quacumque
992 1671 1055 1691 vero

275 1711 460 1740 iisconvenire
467 1709 678 1740 arbitrabantur,
688 1708 734 1744 qui
743 1709 848 1736 animas
857 1709 944 1736 adhuc
954 1709 1056 1736 aﬂ‘ecti-

275 1759 325 1785 bus
349 1756 482 1784 obnoxias
505 1758 641 1791 gererent,
661 1753 865 1788 curationisque
882 1753 1054 1788 indigentes:

275 1811 307 1830 ea
319 1803 369 1838 ipsi
388 1803 421 1828 ad
436 1800 648 1828 imbecillitatem
664 1799 810 1825 multorum
827 1806 856 1826 se
874 1799 1055 1831 demittentes,

275 1849 373 1884 partim
382 1848 490 1877 litteris,
498 1847 594 1881 partim
604 1846 663 1873 sine
674 1845 779 1877 litteris,
789 1845 932 1880 quasijure
940 1845 1056 1879 quodam

278 1903 331 1922 non
347 1895 449 1928 scripto
464 1891 606 1924 servanda,
620 1891 854 1918 commendarunt.
869 1891 1003 1923 Quocirca
1029 1891 1056 1917 in

277 1940 399 1966 Ecclesia
414 1938 459 1965 Dei
473 1938 527 1965 duo
543 1938 624 1964 etiam
637 1936 744 1964 vivendi
760 1935 831 1962 modi
844 1936 959 1963 instituti
973 1939 1054 1964 sunt:
1070 1931 1091 1959 C

277 1985 345 2012 alter
359 1983 467 2018 quidem
484 1988 607 2010 naturam
624 1985 757 2013 nostram,
777 1985 804 2007 et
817 1989 988 2009 communem
1007 1982 1055 2008 ho-

275 2031 378 2058 mimun
390 2029 451 2057 vita:
467 2029 599 2056 rationem
612 2028 757 2060 excedens,
776 2035 831 2054 non
862 2028 981 2062 nuptias,
1000 2036 1055 2055 non

275 2077 408 2107 sobolem,
430 2083 485 2102 non
519 2075 714 2107 substantiam,
730 2082 785 2101 non
801 2082 882 2109 opum
900 2074 1055 2102 facultatem

275 2123 429 2158 requirens,
449 2125 523 2148 totus
541 2125 631 2148 autem
643 2128 755 2155 prorsus
772 2128 787 2147 a
807 2121 942 2148 cotnmuni
953 2126 979 2147 et
990 2128 1056 2147 con-

276 2174 353 2198 sueta
369 2173 528 2196 cunctorum
545 2167 686 2194 hominum
712 2167 768 2194 vita
783 2167 943 2199 abhorrens,
962 2170 988 2194 et
1003 2166 1054 2193 soli

276 2215 369 2242 divino
383 2213 479 2245 cultui,
494 2222 526 2241 ex
540 2216 672 2241 immenso
690 2220 779 2240 rerum
795 2212 945 2240 cmlestium
965 2219 1056 2239 amore

276 2261 402 2288 addictus
421 2271 427 2288 :
445 2261 492 2296 qui
507 2260 579 2287 hunc
594 2259 703 2286 modum
716 2258 832 2293 amplexi
846 2262 919 2289 sunt,
936 2258 1056 2293 quasiab

275 2312 326 2336 hac
342 2308 516 2336 mortalivita
536 2306 662 2341 sejuncti,
678 2306 822 2340 ipsumque
844 2305 976 2332 duntaxat
1000 2312 1057 2332 cor-

276 2365 327 2392 pus
342 2356 368 2383 in
382 2359 454 2382 terra
471 2357 606 2389 gerentes,
624 2352 788 2387 cogitatione
802 2359 866 2379 vero
874 2355 954 2386 atque
965 2351 1056 2378 animo

274 2405 302 2432 in
314 2404 372 2439 ipso
385 2403 454 2430 omlo
468 2403 595 2437 degentes
605 2421 612 2433 ,
639 2401 717 2436 quasi
737 2400 847 2435 quidam
861 2400 976 2431 caelites,
993 2399 1057 2426 reli-

275 2458 389 2484 quorum
414 2449 554 2476 hominum
575 2448 659 2475 vitam
691 2447 865 2482 despiciunt:
885 2446 985 2480 quippe
1010 2445 1056 2480 qui

274 2502 324 2529 pro
339 2494 466 2521 universo
480 2500 589 2528 genere,
602 2498 729 2527 supremo
741 2491 862 2518 omnium
875 2490 930 2518 Deo
957 2490 1055 2517 sacrati

275 2540 342 2572 sint,
359 2540 439 2574 idque
453 2547 506 2566 non
524 2539 606 2565 boum
630 2538 841 2564 mactationibus
854 2557 861 2569 ,
885 2544 940 2563 non
955 2535 1056 2563 cruori-

275 2585 337 2616 bus,
354 2592 407 2611 non
430 2583 618 2615 libationibus,
636 2587 683 2610 aut
708 2583 803 2610 nidore
819 2582 886 2614 ullo,
908 2588 996 2616 neque
1013 2580 1055 2607 fu-

276 2637 331 2661 mo,
347 2634 394 2656 aut
412 2630 481 2664 ignis
495 2630 681 2660 devoratioue,
703 2629 944 2662 consumptioneve
959 2633 1055 2661 corpo-

277 2682 348 2706 rum,
360 2674 407 2702 sed
425 2676 507 2702 rectis
524 2684 593 2703 verm
615 2676 722 2708 pietatis
734 2674 888 2706 sententiis,
905 2676 932 2700 et
949 2671 1055 2707 purgati
1076 2699 1083 2701 _

275 2720 359 2748 animi
373 2719 525 2750 aﬂ‘ectione.
537 2720 570 2747 ad
585 2721 642 2747 haec
663 2720 791 2755 operibus
817 2727 926 2755 quoque
944 2727 976 2746 ac
995 2726 1055 2746 ver-

274 2766 328 2796 bis,
347 2774 407 2800 quae
422 2775 436 2791 ιι
449 2766 549 2793 virtute
563 2767 782 2801 proﬁciscantur,
800 2766 900 2801 quibus
917 2765 998 2794 rebus
1015 2763 1055 2792 di-

310 2844 334 2859 "
346 2842 444 2872 Jercm.
465 2852 538 2877 uxt,
556 2844 648 2871 51-ὅὸ.

1170 1318 1176 1325 .
1211 1293 1214 1294 ν
1384 1294 1518 1328 διῄρηται
1528 1293 1609 1325 βίος.

1148 1342 1216 1368 Ἀλλ’
1235 1343 1249 1368 ὁ
1273 1341 1320 1376 μὲν
1335 1342 1364 1367 ὲν
1383 1340 1479 1371 πλαξὶν
1499 1338 1620 1374 ἀψύχοις,
1641 1338 1655 1363 ὁ
1670 1337 1693 1363 δ’
1711 1338 1739 1364 ἐν
1760 1338 1889 1371 διανοίαις

1107 1389 1207 1422 ζώει-αις
1221 1388 1256 1415 τὰ
1278 1387 1367 1414 τέλεια
1386 1388 1434 1420 τῆς
1451 1385 1555 1419 Καινῆς
1576 1384 1711 1419 Διαθήκης
1733 1385 1888 1420 παραγγέλ-

1114 1442 1184 1469 ματα
1203 1432 1367 1468 ἐνέγραψεν·
1393 1432 1418 1458 οἱ
1444 1431 1471 1458 δέ
1487 1440 1519 1466 γε
1540 1431 1621 1458 αὑτοῦ
1647 1431 1766 1466 μαθηταὶ
1784 1429 1822 1464 τῷ
1840 1428 1888 1456 τοῦ

1111 1478 1270 1506 διδασκάλου
1292 1477 1405 1512 νεύματι
1427 1477 1590 1512 κατάλληλον
1620 1479 1681 1508 ταῖς
1706 1475 1760 1502 τῶν
1784 1475 1889 1501 πολλῶν

1113 1524 1208 1555 ἀκοαῖς
1231 1523 1384 1558 ποιούμενοι
1408 1522 1456 1558 τὴν
1483 1522 1668 1554 διδασκαλίαν,
1693 1522 1742 1548 ὅσα
1769 1521 1817 1556 μὲν
1840 1521 1888 1547 ἆτε

1114 1570 1164 1606 τὴν
1185 1569 1241 1602 ἓξιν
1257 1569 1429 1604 διαὸεόηκόσι
1451 1568 1519 1604 πρὸς
1538 1568 1583 1594 τοῦ
1608 1567 1709 1594 τελείου
1732 1566 1891 1593 διδασκάλου

1107 1617 1290 1654 παρήγγελτο,
1305 1615 1391 1643 ταῦτα
1406 1615 1462 1645 τοῖς
1474 1614 1539 1644 οἵοις
1553 1621 1582 1639 τε
1594 1613 1691 1647 χωρεῖν
1704 1610 1888 1646 παρεδίδοσαν·

1107 1663 1157 1690 ὅσα
1174 1663 1202 1689 δὲ
1223 1663 1278 1692 τοῖς
1300 1660 1339 1687 ἔτι
1357 1659 1405 1691 τὰς
1423 1658 1511 1694 ψυχὰς
1525 1658 1669 1693 ὲμπαθὲσι,
1681 1657 1728 1683 καὶ
1744 1655 1891 1692 θεραπείας

1107 1709 1241 1744 δεομένοις
1263 1706 1426 1742 ἐφαρμόζειν
1450 1704 1647 1739 ὑπελάμϐανον,
1662 1703 1748 1729 ταῦτα
1774 1710 1889 1736 συγκατ-

1110 1755 1194 1786 ιόντες
1210 1755 1242 1789 τῇ
1259 1753 1312 1779 τῶν
1332 1752 1460 1779 πλειόνων
1478 1750 1614 1785 ἀσθενείᾳ,
1630 1749 1664 1776 τὰ
1680 1749 1728 1784 μὲν
1742 1748 1786 1775 διὰ
1800 1757 1891 1784 γραμ-

1110 1801 1212 1836 μάτων,
1233 1800 1266 1826 τὰ
1281 1799 1310 1825 δὲ
1328 1799 1360 1824 δι’
1381 1797 1511 1832 ἀγράφων
1527 1795 1634 1831 θεσμῶν
1647 1795 1787 1829 φυλάττειν
1803 1802 1890 1830 παρε-

1108 1850 1228 1876 δίδοσαν·
1246 1850 1315 1876 ὥστε
1344 1848 1393 1883 ἤδη
1420 1847 1466 1873 καὶ
1484 1847 1516 1881 τῇ
1531 1844 1647 1880 Χριστοῦ
1675 1843 1820 1879 Ἐκκλησία
1843 1842 1890 1869 δύο

1110 1894 1173 1930 βίων
1185 1893 1410 1929 νενομοθετῆσθαι
1421 1892 1535 1928 τρόπους
1544 1899 1551 1906 ⁸
1566 1891 1612 1917 τὸν
1627 1891 1675 1926 μὲν
1687 1889 1823 1925 ὑπερφυῆ,
1840 1888 1889 1915 καὶ

1107 1941 1157 1976 τῆς
1177 1941 1270 1975 κοινῆς
1291 1940 1338 1966 καὶ
1355 1938 1526 1973 ἀνθρωπίνης
1549 1937 1684 1968 πολιτείας
1704 1936 1840 1964 ἐπέκεινα.
1857 1934 1889 1960 οὐ

1106 1987 1220 2022 γάμους,
1237 1987 1268 2012 οὐ
1282 1984 1460 2016 παιδοποιίας,
1475 1984 1534 2010 οὐδὲ
1542 1983 1645 2017 κτῆσιν,
1659 1982 1719 2009 οὐδὲ
1733 1981 1890 2015 περιουσίας

1107 2033 1222 2068 ὓπαρξιν
1243 2031 1467 2068 παραδεχόμενον,
1485 2030 1544 2056 ὅλον
1564 2029 1592 2055 δὲ
1609 2029 1641 2055 δι’
1661 2028 1721 2055 ὅλου
1737 2028 1784 2063 τῆς
1797 2028 1889 2063 κοινῆς

1106 2080 1152 2106 καὶ
1169 2079 1298 2114 συνήθους
1314 2077 1439 2104 ἁπάντων
1452 2075 1600 2111 ἀνθρώπων
1616 2075 1725 2110 ἀγωγῆς
1747 2074 1889 2109 παρηλλα-

1106 2125 1214 2160 γμένον,
1231 2125 1278 2151 καὶ
1297 2123 1365 2158 μόνῃ
1379 2123 1412 2157 τῇ
1428 2122 1475 2148 τοῦ
1488 2121 1553 2148 Θεοῦ
1567 2121 1699 2156 θεραπείᾳ
1719 2128 1890 2155 προσῳκειω-

1107 2170 1186 2206 μένον
1201 2169 1261 2196 καθ’
1285 2167 1435 2204 ὑπερϐολὴν
1460 2167 1558 2203 ἔρωτος
1570 2167 1709 2202 οὐρανίου·
1729 2167 1753 2192 οι
1767 2165 1800 2200 δὴ
1814 2165 1889 2191 τόνδε

1108 2216 1246 2251 μετιόντες
1257 2215 1300 2242 τὸν
1318 2215 1425 2250 τρόπον,
1437 2213 1490 2240 τῶν
1506 2212 1608 2248 θνητῶν
1629 2212 1684 2246 βίον
1701 2211 1825 2238 τεθνάναι
1847 2211 1890 2237 δο-

1106 2261 1225 2293 κοῦντες,
1244 2262 1290 2288 καὶ
1304 2261 1369 2287 αὐτὸ
1386 2260 1464 2296 μόνον
1474 2260 1504 2286 τὸ
1525 2258 1603 2294 σῶμα
1621 2257 1747 2293 φέροντες
1762 2257 1808 2282 ἐπὶ
1826 2256 1891 2292 γῆς,

1107 2308 1259 2344 φρονήματι
1275 2307 1303 2333 δὲ
1319 2307 1368 2342 τὴν
1383 2306 1470 2341 ψυχὴν
1478 2306 1516 2336 είς
1530 2303 1643 2339 οὐρανὸν
1654 2302 1888 2338 μετενηνεγμένα,

1106 2352 1149 2381 οἷά
1171 2362 1244 2384 τινες
1263 2353 1337 2385 θεοὶ,
1355 2353 1400 2379 τὸν
1419 2351 1474 2378 τῶν
1499 2349 1649 2385 ἀνθρώπων
1676 2347 1794 2383 ἐφορῶσι
1820 2347 1888 2383 βίον,

1106 2400 1175 2435 ὑπὲρ
1204 2399 1250 2425 τοῦ
1279 2398 1378 2429 παντὸς
1393 2397 1487 2432 γένους
1500 2394 1640 2430 ἱερωμένοι
1656 2392 1694 2428 τῷ
1712 2393 1758 2419 ἐπὶ
1780 2393 1890 2420 πάντων

1105 2445 1174 2480 Θεῷ,
1191 2445 1221 2471 οὐ
1238 2444 1391 2480 βουθυσίαις
1415 2442 1461 2469 καὶ
1483 2441 1604 2475 αἴμασιν,
1627 2439 1686 2465 οὐδὲ
1705 2438 1829 2470 σπονδαῖς
1841 2438 1889 2464 καὶ

1105 2491 1238 2522 κνίσσαις,
1262 2490 1316 2516 οὐδ’
1332 2487 1364 2516 αὖ
1379 2488 1474 2522 καπνῷ
1486 2486 1533 2514 καὶ
1552 2485 1637 2521 πυρὸς
1662 2483 1825 2519 ὰποὸρώσει.
1841 2483 1890 2510 καὶ

1107 2539 1239 2573 σωμάτων
1266 2535 1387 2571 φθοραῖς,
1401 2533 1515 2568 δόγμασι
1530 2532 1557 2558 δὲ
1575 2531 1663 2567 ὀρθοῖς
1681 2529 1796 2565 ἀληθοῦς
1810 2529 1888 2554 εὐσε-

1106 2584 1192 2616 ϐείας,
1206 2582 1294 2618 ψυχῆς
1302 2590 1331 2607 τε
1345 2579 1462 2607 διαθέσει
1478 2577 1694 2613 κεκαθαρμένης,
1711 2575 1758 2602 καὶ
1775 2574 1888 2609 προσέτι

1108 2631 1164 2661 τοῖς
1187 2630 1246 2656 κατ’
1268 2627 1366 2663 ἀρετὴν
1387 2626 1475 2662 ἔργοις
1489 2633 1518 2651 τε
1536 2625 1582 2651 καὶ
1596 2623 1685 2657 λόγοις
1695 2630 1702 2638 ⁸
1718 2620 1758 2652 οἷς
1770 2620 1800 2646 τὸ
1810 2620 1887 2646 Θείον

1109 2673 1298 2707 ἐξιλεούμενοι,
1312 2671 1361 2707 τὴν
1382 2671 1451 2706 ὑπὲρ
1476 2670 1549 2705 σφῶν
1568 2668 1655 2695 αὐτῶν
1668 2666 1780 2694 καὶτῶν
1797 2665 1887 2700 σφίσιν

1108 2711 1250 2753 ὁμογενῶν
1269 2715 1444 2743 ἀποτελοῦσιν
1471 2714 1632 2750 ἱερουργίαν.
1653 2711 1759 2739 Τοιόσόε
1780 2711 1826 2746 μὲν
1841 2708 1888 2736 οὖν

1109 2763 1274 2798 καθέστηκεν
1297 2763 1311 2788 ό
1335 2761 1442 2797 ἐντελὴς
1464 2761 1513 2796 τῆς
1534 2759 1602 2786 κατὰ
1617 2758 1661 2785 τὸν
1677 2754 1888 2794 Χριστιανισμὺν
