2053 3218
131 159 169 188 ’Π
589 157 916 186 ΒΕΜΟΝΞΤΚΑΤΙΟΝΙΞ
936 156 1166 188 ΕἾΑΝΕΕΙᾸΟΛΕ
1186 159 1249 187 LIB.
1270 157 1290 187 Ι.
1726 164 1758 190 78

98 217 116 257 ξ,
135 221 268 252 πολιτείας
283 220 398 255 τρόπος.
415 220 442 246 '0
452 219 471 246 δ’
481 218 657 254 ὐποῦεὸηκὼς
670 218 920 253 ἀνθρωπινώτερος,

973 219 1114 246 vinitatem
1132 219 1218 254 ipsam
1234 219 1373 254 placantes
1394 228 1473 248 suum
1488 225 1516 248 et
1537 229 1588 256 pro
1605 222 1713 256 seipsis,
1731 228 1758 249 et

107 263 119 279 ”
133 265 189 298 οἷος
199 267 243 293 καὶ
254 267 355 301 γάμοις
365 265 535 300 συγκατιέναι
544 264 662 299 σώφροσι
676 264 721 290 καὶ
730 264 921 296 παιδοποιίαις,

133 312 288 347 οἰκονομίας
299 321 331 338 τε
355 311 549 347 ἐπιμελεῖσθαι,
567 312 622 342 τοῖς
642 319 670 337 τε
690 310 761 337 κατὰ
776 311 805 337 τὺ
820 311 921 338 δίκαιον

134 358 362 393 στρατευομένοις
376 358 409 384 τὰ
425 357 549 393 πρακτέα
572 356 756 388 ὑποτίθεσθαι,
771 357 862 392 ἀγρῶν
880 367 920 388 τε,

134 404 181 430 καὶ
197 404 342 439 ἐμπορίας,
357 404 403 430 καὶ
418 404 465 438 τῆς
483 403 566 438 ἄλλης
582 402 794 438 πολιτικωτέρας
811 402 922 437 ἀγωγῆς

137 449 206 484 μετὰ
231 448 278 474 τοῦ
301 448 444 480 θεοσεϐοῦς
471 448 631 482 φροντίζειν,
655 445 696 479 οἷς
709 448 755 474 καὶ
780 449 921 483 ἀσκήσεως

135 495 235 530 καιροὶ,
250 493 398 528 μαθητείας
410 502 438 519 τε
451 494 495 519 καὶ
510 493 563 518 τῶν
574 492 652 519 Θείων
668 493 753 526 λόγων
766 494 921 530 ἀκροάσεως

136 541 238 576 ἡμέραι
260 540 464 576 ἁφωρίσθησαν.
488 539 541 566 Καί
557 548 598 570 τις
619 539 722 571 τούτοις
740 539 863 574 δεύτερος
878 541 922 566 εὑ-

137 586 244 618 σεὸείας
266 585 424 621 ἁπενεμήθη
447 585 563 621 βαθμὺς,
586 585 750 621 κατάλληλον
776 586 814 621 τῷ
833 587 921 621 τοιῳδι

136 632 187 668 βίῳ
204 633 330 668 παρέχων
344 632 394 667 τὴν
407 633 549 666 ὠφέλειαν,
563 633 600 663 ὡς
618 632 719 667 μηδένα
735 633 858 668 ἀμοιρεῖν
873 632 922 667 τῆς

136 679 271 714 σωτηρίου
287 679 445 712 ἐπιφανείας
457 687 463 693 '
484 679 537 704 πᾶν
549 678 576 704 δὲ
592 679 669 712 γένος
687 678 848 714 ἀνθρώπων,
867 680 923 705 Ἐλ-

136 722 224 759 λήνων
231 724 299 759 ὁμοῦ
307 725 354 751 καὶ
365 724 519 760 βαρϐάρων,
529 724 580 759 τῆς
589 724 767 760 εὐαγγελικῆς
775 724 920 751 ἀπολαύειν

136 769 318 802 διδασκαλίας.
749 788 753 792 ι

974 272 1024 300 pro
1038 265 1109 297 aliis,
1136 266 1182 300 qui
1200 265 1320 299 ejusdem
1336 266 1390 293 sint
1414 267 1521 301 generis
1538 287 1545 299 ,
1568 266 1758 294 administrant

975 310 1170 338 sacerdotium.
1190 311 1244 346 30
1258 311 1290 338 Et
1301 311 1362 339 talis
1379 313 1486 346 quidem
1514 314 1624 340 exsistit
1640 314 1667 340 in
1679 314 1758 340 Chri-

974 357 1118 383 stianismo
1131 356 1269 392 perfectus
1292 358 1353 384 vita:
1368 358 1474 385 modus.
1494 358 1568 386 Alter
1583 367 1648 386 vero
1663 360 1759 386 tentis-

974 403 1030 430 sior
1055 407 1137 438 atque
1154 404 1317 437 humanior;
1335 405 1379 432 hic
1393 409 1420 432 et
1437 405 1559 432 modesto
1577 406 1716 441 conjugio,
1733 411 1760 433 et

975 449 1077 477 sobolis
1089 450 1282 484 procuratione
1293 451 1458 486 implicatur,
1469 455 1496 478 et
1508 452 1546 479 rei
1562 451 1704 480 familiaris
1712 461 1760 480 cu-

977 502 1035 521 ram
1047 496 1172 527 assumit,
1190 500 1216 522 et
1228 497 1301 530 jusle
1318 497 1513 529 militantibus,
1529 505 1589 532 qua:
1602 499 1657 525 sint
1676 506 1760 532 agen-

974 541 1019 573 da,
1035 541 1165 569 describit
1180 552 1185 567 :
1198 549 1277 577 agros
1288 550 1406 578 quoque,
1417 547 1443 570 et
1456 548 1650 575 mercaturam,
1661 544 1758 572 alium-

973 594 1026 622 que
1043 587 1128 622 magis
1143 587 1250 615 civilem
1281 588 1388 616 vivendi
1413 596 1527 620 morem,
1548 589 1677 623 adjuncta
1694 590 1758 617 reli-

973 633 1053 668 gione
1068 641 1120 660 non
1138 634 1249 669 ncgligit
1265 644 1271 661 :
1285 635 1318 662 iis
1333 639 1422 662 autem
1436 636 1482 670 qui
1498 636 1571 663 hunc
1584 637 1693 663 modttm
1703 637 1760 664 cle-

974 682 1082 713 gerunt,
1109 683 1135 706 et
1156 680 1382 707 exercitationum
1409 686 1549 716 tempora,
1571 685 1598 709 et
1622 682 1757 714 discendi.

972 724 1139 759 verbuniqtte
1163 725 1284 752 divinum
1308 727 1453 759 audiendi,
1470 728 1536 754 certi
1551 727 1610 756 dies
1627 728 1757 763 assignati

972 775 1036 798 sunt
1055 779 1062 798 :
1080 775 1106 798 et
1125 771 1167 799 his
1188 772 1298 807 quidem
1321 773 1459 801 secundus
1480 775 1589 808 pietatis
1607 775 1757 801 attributus

135 821 179 845 est
191 818 303 852 gradus,
319 817 383 845 dum
401 823 490 854 aptam
506 819 570 847 huic
587 820 638 854 ipsi
662 819 753 854 generi
780 819 841 845 vitae
865 819 966 853 pra-bet
987 819 1142 852 utilitatem,
1158 824 1187 846 ut
1220 822 1311 849 nullus
1343 823 1422 857 plane
1447 823 1481 850 ab
1510 822 1625 850 adventu
1646 823 1758 850 salutari

135 869 289 899 separetur,
311 867 358 893 sed
385 858 466 894 omne
490 875 574 903 genus
609 868 748 894 hominum
769 870 823 893 tant
844 867 1033 900 barbarorum,
1052 875 1131 902 quam
1158 867 1325 901 Cra-corum,
1353 870 1515 906 evangelica:
1536 871 1667 898 doctrina:
1702 870 1758 898 frti—

134 916 210 938 ctum
223 912 363 946 percipiat.

399 972 596 998 ΚΕΦΔΛΑΙΟΝ
618 972 656 998 Θ¹.

139 1016 169 1042 Τί
191 1016 303 1049 δήποτε
324 1017 377 1052 μὴ
396 1018 501 1052 ὁμοίως
532 1018 593 1050 τοῖς
615 1019 752 1051 παλαιοῖς
778 1019 824 1045 κα)
854 1018 920 1052 παρ’

212 1052 285 1087 ἡμῖν
299 1052 335 1078 τὰ
348 1051 402 1086 τῆς
416 1053 616 1086 πολυπαιδίας
638 1053 844 1083 σπουδάζεται.

169 1097 279 1124 Τούτων
294 1095 344 1125 ὦδε
359 1099 485 1134 ἐχόντων,
506 1098 620 1135 ζητήσαι
644 1100 676 1126 ἄν
707 1108 748 1131 τις
763 1100 885 1133 εἰκότως,
898 1101 922 1127 εἰ

134 1143 166 1178 δὴ
177 1143 248 1170 κατὰ
260 1145 324 1175 τοὺς
338 1144 419 1171 πάλαι
432 1145 478 1170 καὶ
491 1145 558 1180 πρὸς
571 1146 718 1178 Μωῦσὲως,
731 1145 864 1180 θεοφιλεῖς
877 1146 923 1173 ἄν·

134 1188 200 1223 δρας
216 1189 264 1223 τὴν
278 1188 324 1215 τοῦ
339 1189 462 1224 Σωτῆρος
472 1190 548 1224 ήμῶν
561 1190 739 1226 εὐαγγελικὴν
749 1191 922 1218 διδασκαλίαν

136 1232 271 1259 θεοσεϐεῖν
304 1234 478 1261 ὑποτίθεσθαί
495 1243 597 1270 φαμεν·
619 1235 682 1270 μίαν
693 1245 723 1262 τε
739 1235 816 1271 ἡμῶν
827 1245 856 1262 τε
872 1238 920 1263 χά·-

137 1279 232 1305 κείνων
261 1280 411 1312 εὺσὲὅειαν,
438 1281 484 1307 καὶ
507 1280 573 1307 Θεοῦ
594 1281 693 1317 γνῶσιν
714 1282 762 1317 τὴν
780 1283 878 1318 αὐτὴν·
895 1283 922 1308 τί

137 1324 203 1360 δῆτα
217 1325 241 1351 οί
257 1325 307 1360 μὲν
330 1326 394 1361 περὶ
419 1327 522 1362 γάμους
540 1327 586 1353 καὶ
605 1327 775 1359 παιδοποιίας
792 1327 922 1363 πλείστην

136 1370 244 1405 εἰσῆγον
261 1371 389 1407 σπουδὴν,
407 1373 473 1407 ⁴ἡμῖν
486 1373 513 1399 δὲ
524 1372 602 1399 τοῦτο
615 1373 810 1409 παραμελεῖται
825 1374 854 1400 τὺ
873 1374 921 1409 μέ-

136 1424 191 1451 ρος.
209 1417 265 1443 Καὶ
281 1417 360 1445 πάλιν
373 1420 396 1444 oi
413 1419 461 1454 μὲν
476 1421 534 1451 ταῖς
543 1419 585 1446 διὰ
600 1419 676 1452 ζώων
687 1420 792 1453 Θυσίαις
807 1420 923 1454 ἐξιλεού-

134 1470 211 1497 μενοι
220 1463 266 1489 τὸν
275 1463 341 1490 Θεὸν
354 1465 544 1501 ἀνεγράφησαν
552 1474 558 1481 ’
571 1467 636 1501 ἡμῖν
650 1466 678 1492 δὲ
687 1466 819 1493 καὶτοῦτο
836 1467 922 1502 πράτ-

126 1515 202 1546 ητιιν,
219 1509 257 1542 ὥς
272 1519 297 1537 τι
313 1510 366 1537 τῶν
382 1512 505 1544 ἀνοσίων,
518 1512 712 1548 ἀπηγόρευται.
724 1512 776 1538 Δύο
792 1512 845 1548 γὰρ
855 1513 923 1547 μόνα

134 1555 230 1588 ¹ταῦτα,
248 1557 278 1583 οὐ
296 1558 410 1592 σμικρὸν
427 1557 520 1592 ἔχοντα
543 1558 630 1592 λόγον,
646 1557 743 1590 δόξειεν
758 1557 790 1584 ἂν
805 1561 860 1590 τοῖς
878 1560 922 1593 ὑφ’

134 1603 214 1638 ἡμῶν
238 1603 392 1639 είρημένοις
418 1605 598 1635 ἀντιπίπτειν,
621 1604 659 1635 ὡς
689 1604 725 1640 μὴ
749 1605 820 1632 κατὰ
837 1605 924 1632 ταῦτα

1273 971 1387 999 CAPUT
1407 971 1449 999 IX.

973 1014 1060 1049 Quam
1088 1015 1119 1042 ob
1132 1024 1241 1043 causam
1251 1025 1308 1055 non
1323 1022 1351 1055 ut
1363 1018 1445 1051 prisci
1472 1017 1576 1055 illé._ita
1595 1027 1642 1045 nos
1660 1027 1761 1055 quoque

1088 1059 1234 1079 numerosae
1264 1051 1347 1079 soboli
1379 1060 1485 1086 operam
1511 1053 1616 1081 damus.

1007 1095 1074 1123 Cum
1092 1097 1149 1124 haec
1166 1097 1202 1124 ita
1216 1104 1245 1124 se
1257 1096 1392 1130 habeant,
1421 1091 1519 1125 merito
1547 1099 1645 1134 aliquis
1660 1101 1759 1134 quaesi-

973 1142 1034 1175 erit,
1049 1143 1072 1169 si
1085 1150 1148 1170 vere
1164 1142 1283 1169 dicimus
1299 1143 1332 1170 ab
1343 1143 1498 1178 evangelica
1508 1143 1657 1172 Salvatoris
1671 1146 1758 1173 nostri

972 1188 1108 1221 doctrina,
1126 1195 1185 1215 eam
1200 1187 1285 1215 divini
1304 1188 1395 1214 cultus
1413 1188 1545 1215 rationem
1560 1189 1664 1221 doceri,
1675 1184 1757 1224 quam

972 1234 1057 1269 prisci
1072 1234 1120 1265 illi,
1136 1234 1181 1268 qui
1192 1238 1254 1261 ante
1270 1233 1372 1261 Mosetn
1387 1234 1512 1268 religiose
1526 1239 1553 1261 et
1580 1239 1674 1262 sancte
1682 1236 1758 1262 vixe-

972 1284 1047 1311 runt,
1057 1278 1143 1306 secuti
1157 1283 1221 1305 sunt
1238 1289 1244 1305 :
1269 1287 1405 1314 unamque
1425 1287 1486 1306 esse
1501 1283 1529 1307 et
1544 1284 1676 1311 nostram,
1693 1284 1719 1306 et
1730 1281 1760 1306 il-

973 1325 1061 1352 lorum
1076 1325 1244 1360 religionem,
1266 1325 1434 1360 eandemque
1449 1325 1483 1353 de
1500 1325 1554 1353 Deo
1569 1326 1732 1353 Sententiam
1751 1334 1758 1353 :

973 1379 1096 1407 quaenam
1124 1379 1207 1399 causa
1225 1373 1260 1399 sit
1276 1392 1283 1403 ,
1301 1376 1329 1399 ut
1348 1372 1386 1399 illi
1404 1373 1514 1407 quidem
1544 1373 1571 1399 in
1603 1373 1706 1408 nuptiis
1732 1377 1760 1400 et

972 1419 1162 1453 procreatione
1178 1418 1324 1445 liberorum
1342 1418 1489 1453 pluritnum
1508 1418 1590 1445 studii
1606 1419 1757 1453 posuerint,

973 1471 1023 1491 nos
1039 1471 1104 1491 vero
1117 1464 1185 1491 hanc
1201 1469 1304 1499 partem
1320 1463 1574 1499 negliganiutheni
1589 1472 1651 1491 cum
1664 1464 1697 1492 de
1705 1465 1760 1493 illis

973 1510 1103 1543 scriptum
1122 1509 1167 1541 sit,
1193 1509 1264 1544 quod
1289 1509 1446 1535 animalium
1467 1510 1587 1536 caedibus
1606 1509 1688 1537 Deum
1704 1511 1760 1545 pla-

973 1557 1077 1585 carent,
1092 1562 1140 1581 cur
1157 1554 1193 1580 ita
1210 1561 1261 1580 nos
1290 1554 1362 1581 istud
1389 1554 1498 1587 facere,
1520 1556 1598 1589 quasi
1623 1555 1758 1583 nefarium

974 1600 1113 1635 quidpiam
1152 1604 1179 1627 et
1221 1600 1411 1635 sacrilegum,
1455 1601 1658 1635 prohibeamur.
1696 1601 1759 1628 Haec

134 1649 179 1676 τὸν
197 1649 314 1675 παλαιὸν
332 1649 471 1681 σωζόντων
494 1650 542 1685 τῆς
567 1650 706 1682 εὐσεϐείας
730 1651 840 1686 τρόπον.
868 1652 920 1678 Καὶ

973 1647 1046 1673 enim
1066 1647 1120 1673 duo
1139 1647 1270 1674 duntaxat
1289 1668 1295 1679 ,
1320 1654 1380 1681 quae
1410 1654 1476 1674 sane
1496 1647 1569 1674 haud
1595 1648 1670 1682 parvi
1701 1655 1760 1674 mo-

135 1695 202 1730 πρὸς
221 1694 299 1721 ταῦτ’
313 1693 360 1721 οὖν
390 1695 495 1723 τοιάνδε
521 1695 595 1723 λύσιν
617 1696 646 1729 ἐξ
670 1696 759 1722 αὐτῶν
790 1697 921 1732 πάρεστιν

135 1740 315 1774 ἀναλέξασθαι
331 1741 384 1768 τῶν
397 1740 488 1777 [παρ’]
505 1742 638 1778 Ἑϐραίοις
646 1742 742 1777 λογίων
755 1744 795 1769 ὀί
805 1744 853 1778 μὲν
869 1745 922 1779 πρὸ

97 1785 101 1788 ”
135 1786 272 1818 Μωῠσέως
289 1787 332 1813 ἐπ’
345 1787 472 1824 εὐσεϐείᾳ
488 1788 738 1824 μεμαρτυρημένοι,
752 1790 838 1825 ἀρχὴν
848 1790 922 1826 ἕχον-

134 1840 179 1864 τος
194 1833 255 1859 τότε
267 1834 314 1860 καὶ
331 1834 523 1869 συνισταμένου
535 1833 581 1860 τοῦ
597 1834 664 1869 βίου,
679 1835 804 1869 γενέσθαι
820 1845 922 1872 μνημο-

134 1879 273 1906 νεύονται·
289 1879 324 1906 τὰ
337 1879 365 1906 δὲ
381 1880 441 1906 καθ’
459 1880 532 1915 ἡμᾶς
550 1880 613 1916 περὶ
636 1880 711 1912 τέλος
727 1881 858 1910 ἐλαύνειν.
876 1883 922 1909 Διὸ

135 1927 190 1957 τοῖς
208 1926 257 1960 μὲν
273 1926 470 1959 σπουδάζεσθαι
483 1927 531 1962 τὴν
544 1927 597 1953 τῶν
610 1922 738 1963 διαδόχων
754 1929 871 1956 ἐπίδοσιν
882 1930 921 1961 είς

135 1971 372 2008 ’ξολυανθρωπία-θ,
381 1973 507 2005 αὔξοντος
518 1975 576 2001 κατ’
590 1976 676 2002 ὲκεῖνο
685 1975 791 2011 καιροῦ,
801 1977 847 2002 καὶ
854 1976 922 2011 πλη-

135 2018 270 2050 Θύνοντος,
298 2020 338 2050 εἰς
356 2020 447 2055 ἀκμήν
466 2028 496 2045 τε
517 2021 654 2055 προίόντος
675 2021 720 2047 τοῦ
748 2021 801 2048 τῶν
818 2021 921 2057 ἀνθρώ-

136 2073 194 2091 πιον
207 2065 318 2098 γένους¹
332 2065 397 2099 ἡμῖν
409 2065 438 2091 δὲ
452 2065 488 2100 μὴ
504 2065 604 2101 σφόδρα
616 2075 656 2092 τοι
673 2066 751 2092 τοῦτο
767 2067 869 2101 μέλειν,
884 2067 921 2098 ὡς

133 2110 167 2136 ἂν
183 2110 234 2144 ἤδη
247 2109 300 2136 τῶν
315 2111 485 2146 πραγμάτων
498 2111 642 2145 φθινόντων
659 2113 705 2138 καὶ
718 2111 918 2147 ἀποληγόντων,

133 2155 181 2181 ἐπὶ
197 2155 285 2191 πέρας
300 2164 329 2182 τε
342 2155 453 2191 ἔσχατον
466 2156 639 2189 ἐλαυνόντων,
650 2158 795 2193 διαρρήδην
814 2158 862 2193 τῆς
873 2158 919 2185 τοῦ

135 2200 192 2234 βίου
216 2201 381 2233 συντελείας,
404 2202 457 2237 πρὸ
476 2203 525 2237 τῆς
547 2203 724 2238 εὐαγγελικῆς
747 2204 920 2236 διδασκαλίας

134 2246 180 2272 ἐπὶ
196 2246 293 2281 θύραις
314 2246 435 2273 ἐλαύνειν
451 2246 607 2282 λεγομένης,
631 2247 804 2279 ἀνανεώσεως
822 2257 850 2275 τε
873 2249 920 2275 καὶ

135 2292 345 2327 παλιγγενεσίας
364 2292 462 2324 alt-ovo;
477 2293 579 2328 ἐτέρου,
603 2294 663 2320 ὅσον
685 2293 760 2320 οῠπω
778 2294 919 2329 μέλλοντος

134 2339 339 2374 ἐπιστήσεσθαι,
356 2340 624 2375 προκηρυττομένης.
645 2340 702 2366 Μία
719 2340 767 2375 μὲν
791 2338 836 2366 οὖν
851 2341 919 2367 ἁπό-

130 2385 205 2417 δοσις
218 2385 287 2420 αὓτη
297 2394 303 2400 ·
318 2385 431 2421 δευτέρα
444 2385 465 2411 δ’
483 2385 515 2412 ἂν
528 2386 571 2420 εἴη
584 2385 703 2421 τοιαύτη.
722 2386 783 2417 Τοῖς
801 2386 849 2421 μὲν
865 2395 917 2412 πα-

133 2431 228 2464 λαιοίς,
243 2432 384 2466 ἀνειμένον
403 2431 451 2457 καὶ
465 2431 606 2466 ἐλεύθερον
623 2430 744 2466 μετιοῦσι
764 2431 830 2466 βίον,
843 2431 918 2459 οὐδὲν

131 2475 166 2512 ἦν
181 2476 306 2512 ἐμποδὼν
321 2477 396 2503 οἴκου
412 2478 458 2504 καὶ
475 2477 575 2504 παίδων
592 2477 771 2513 προΐστασθαι
786 2477 854 2512 μετὰ
869 2478 918 2513 τῆς

133 2524 195 2558 περὶ
207 2522 238 2549 τὸ
251 2523 328 2550 Θείον
340 2523 447 2558 σχολῆς,
457 2523 550 2555 αὑταῖς
561 2525 702 2559 γαμεταῖς,
715 2524 762 2549 καὶ
770 2523 859 2556 παισὶ,
872 2523 919 2549 καὶ

132 2569 216 2601 οἴκοις
231 2569 367 2595 θεοσεϐεῖν
383 2568 592 2604 ἀπερισπάστως
610 2569 776 2604 δυναμένοις,
801 2569 848 2596 καὶ
866 2578 918 2606 μη-

130 2615 223 2650 δαμῶς
240 2615 292 2642 ὑπὸ
312 2615 368 2642 τῶν
385 2614 463 2646 ἐκτὸς
485 2615 534 2650 τῆς
554 2614 617 2650 περὶ
633 2615 667 2642 τὰ
683 2615 799 2650 κρείττω
822 2615 919 2650 προθέ-

133 2669 200 2694 σεως
214 2662 424 2697 ἀποσπωμένοις
435 2670 441 2675 ·
460 2661 494 2688 τὰ
507 2661 534 2687 δὲ
551 2660 611 2687 καθ’
625 2662 708 2696 ἡμᾶς,
723 2661 806 2696 μυρία
821 2661 854 2687 τὰ
874 2662 919 2687 ὲκ-

131 2708 175 2740 to;
190 2709 366 2741 καθέλκοντα,
384 2709 431 2735 καὶ
447 2709 487 2740 είς
506 2708 663 2739 ἀλλοκότους
687 2708 829 2744 φροντίδας
843 2716 919 2742 περι-

132 2755 254 2791 σύροντα,
268 2757 317 2792 τῆς
331 2764 362 2783 τε
377 2757 442 2791 περὶ
462 2755 495 2781 τὰ
515 2755 575 2790 Θεῷ
592 2746 694 2791 ἀρεστὰ
716 2755 832 2790 σπουδῆς
856 2756 918 2789 ὰφι-

131 2802 228 2830 στάπα
250 2804 391 2838 τυγχάνει.
409 2802 493 2829 Τοῦτο
512 2802 576 2836 γοῦν
598 2801 683 2828 αἴτιον
706 2799 774 2828 εἶναι
798 2802 845 2837 τῆς
864 2801 917 2828 τῶν

131 2848 223 2883 γάμων
239 2849 374 2885 συστολῆς
388 2849 551 2884 παρίστησιν
562 2849 576 2874 ὁ
589 2848 639 2883 τῆς
651 2848 830 2882 εὐαγγελικῆς
844 2847 917 2874 διδα-

134 2895 239 2929 σκαλίας
260 2896 352 2930 λόγος,
370 2895 481 2930 φάσκων
493 2904 499 2911 ·
527 2905 536 2922 t
557 2894 640 2922 Τοῦτο
657 2893 684 2920 δέ
702 2902 782 2929 φημι,
798 2893 915 2928 ἀδελφοὶ,

973 1695 1056 1721 menti
1082 1698 1154 1727 sunt,
1176 1696 1310 1730 putaverit
1333 1694 1468 1729 quispiam
1484 1714 1492 1726 ,
1516 1695 1549 1721 iis
1573 1702 1634 1729 qua:
1650 1702 1665 1721 a
1680 1694 1759 1722 nobis

973 1740 1045 1767 dicta
1060 1744 1134 1771 sntit,
1162 1741 1310 1771 adversari,
1336 1747 1440 1774 nosque
1459 1748 1514 1767 non
1546 1741 1620 1767 ontni
1653 1741 1759 1769 ratione

972 1785 1087 1813 eundem
1115 1793 1177 1812 cum
1215 1786 1314 1821 priscis
1338 1785 1403 1817 illis,
1443 1786 1548 1813 colendi
1580 1786 1627 1814 Dei
1655 1794 1758 1814 morem

973 1840 1092 1860 servare.
1111 1832 1195 1867 igitur
1214 1833 1294 1859 etiam
1309 1832 1441 1860 adversus
1454 1833 1522 1864 haec,
1545 1832 1626 1860 talem
1647 1833 1709 1860 licet
1724 1842 1756 1860 ex

972 1878 1039 1913 ipsis
1081 1878 1255 1906 llebrmorum
1295 1879 1413 1906 oraculis
1449 1878 1581 1905 rationem
1617 1879 1755 1914 colligere.

972 1926 1134 1960 Quicunque
1154 1930 1216 1952 ante
1245 1925 1345 1952 Moscm
1362 1926 1395 1952 de
1412 1924 1492 1951 laude
1515 1924 1625 1959 pietatis
1657 1933 1757 1954 nomen

973 1972 1063 2007 adepti
1083 1976 1163 2003 sunt,
1180 1972 1206 1998 hi
1222 1976 1288 1998 tunc
1300 1971 1408 1998 initium
1427 1971 1554 2002 habente,
1570 1973 1690 2006 tuncque
1702 1971 1758 2005 pri-

972 2027 1046 2046 mum
1062 2019 1211 2046 exsistente
1239 2019 1294 2045 vita
1311 2037 1319 2050 ,
1351 2018 1436 2045 fuisse
1461 2023 1669 2048 memorantur:
1698 2026 1759 2054 qure

971 2074 1036 2093 vero
1059 2066 1092 2093 ad
1117 2074 1166 2092 nos
1190 2066 1335 2100 pertinent,
1369 2065 1480 2093 tendere
1500 2066 1534 2093 ad
1561 2066 1651 2093 tinetn.
1668 2065 1759 2099 Quar:

972 2113 1033 2140 illos
1050 2120 1147 2147 magna
1164 2119 1224 2138 cum
1238 2119 1320 2143 cura,
1337 2111 1440 2139 sobolis
1471 2110 1667 2140 incrementum
1683 2120 1758 2147 quaa—

971 2158 1078 2190 sivisse,
1096 2165 1158 2185 cum
1180 2165 1227 2193 per
1244 2157 1310 2184 illud
1325 2161 1432 2192 tempus
1460 2164 1486 2185 et
1514 2166 1644 2186 numerus
1671 2158 1758 2186 homi-

971 2212 1037 2232 num
1055 2205 1105 2240 31
1127 2209 1284 2240 augesceret
1302 2209 1329 2232 et
1350 2204 1577 2239 multipliearetur
1591 2226 1599 2237 ,
1626 2210 1708 2240 atque
1728 2205 1756 2233 in

971 2251 1030 2279 dies
1044 2252 1128 2278 robur
1143 2252 1279 2286 acciperet
1289 2258 1374 2286 genus
1396 2251 1544 2278 humanum
1566 2261 1571 2278 :
1599 2251 1677 2277 nobis
1694 2259 1758 2278 vero

971 2304 1025 2324 non
1040 2296 1186 2324 admodum
1202 2304 1275 2323 curae
1287 2303 1347 2324 esse
1369 2296 1431 2326 hoc.
1444 2300 1537 2330 utpote
1552 2303 1613 2322 cum
1632 2303 1675 2323 res
1701 2295 1757 2329 jam

972 2342 1084 2369 interire
1105 2350 1137 2369 ac
1157 2341 1300 2373 desinere,
1329 2344 1411 2375 atque
1437 2343 1470 2368 ad
1498 2344 1649 2369 extremum
1678 2339 1757 2367 tinem

971 2388 1082 2416 tendere
1095 2388 1241 2416 credantur
1254 2397 1260 2414 :
1278 2388 1388 2422 quando
1402 2387 1484 2422 plane
1494 2387 1605 2419 dicitttr,
1622 2392 1684 2413 ante
1698 2385 1757 2413 vitae

972 2435 1251 2468 consummationem,
1276 2434 1460 2469 evangelicatn
1486 2433 1514 2461 in
1541 2433 1646 2460 foribus
1661 2432 1756 2460 adeSSe

971 2481 1123 2509 doctrinam
1139 2490 1145 2507 :
1167 2484 1193 2508 et
1212 2479 1352 2508 renovatio
1375 2487 1406 2507 ac
1427 2479 1567 2515 generatio
1581 2479 1694 2506 alterius
1706 2486 1756 2506 sze-

971 2528 1036 2559 culi,
1048 2526 1120 2562 quod
1136 2527 1211 2554 brevi
1227 2527 1309 2554 instet
1337 2526 1470 2559 futurum,
1486 2526 1675 2553 denuntiatur.
1697 2524 1755 2551 Una

971 2573 1054 2608 igitur
1068 2573 1190 2600 defensio
1213 2572 1284 2604 haec,
1309 2572 1394 2599 altera
1412 2576 1500 2598 autem
1520 2572 1573 2598 erit
1586 2570 1755 2606 huiusmodi.

971 2618 1073 2646 Priscis
1093 2619 1147 2645 illis
1174 2619 1221 2653 qui
1237 2618 1420 2645 remissioretn
1446 2625 1478 2644 ac
1500 2618 1655 2644 liberiorem
1674 2617 1755 2644 vitam

967 2663 1094 2698 agebant,
1110 2662 1176 2690 nihil
1190 2668 1249 2689 erat
1267 2662 1472 2697 intpedimento,
1488 2670 1521 2689 ne
1534 2662 1627 2688 domui
1646 2661 1755 2688 liberis-

968 2717 1021 2744 qtte
1033 2706 1190 2743 prazessent,
1204 2716 1234 2735 ac
1252 2698 1353 2743 pariter
1377 2707 1475 2734 divinae
1495 2715 1603 2742 quoque
1621 2706 1656 2733 rei
1673 2713 1755 2732 vaca~

967 2759 1038 2785 rent,
1051 2754 1160 2788 quando
1173 2761 1226 2781 una
1242 2761 1303 2780 cum
1319 2753 1451 2780 uxoribus
1467 2758 1493 2780 et
1507 2753 1609 2786 liberis,
1624 2755 1650 2778 et
1663 2751 1755 2781 domo.

967 2801 1093 2836 religioni
1107 2800 1244 2828 assiduam
1267 2800 1331 2827 dare
1350 2807 1461 2835 operata
1480 2803 1622 2834 poterant,
1648 2802 1675 2825 et
1690 2805 1754 2825 nus-

970 2855 1052 2882 quam
1075 2847 1110 2874 ob
1127 2847 1196 2873 ullas
1218 2854 1262 2874 res
1290 2851 1416 2874 externas
1445 2854 1459 2873 a
1483 2846 1593 2873 meli’ore
1615 2845 1754 2880 proposito

971 2893 1166 2921 avellebantur.
1196 2891 1250 2920 Res
1271 2901 1334 2921 vero
1357 2897 1457 2921 nostra:
1483 2892 1692 2920 innumerabilia
1708 2891 1752 2917 ha-
