2053 3218
295 179 328 206 7')
628 179 762 207 EUSEBH
781 178 1020 207 CESARIENSIS
1040 178 1115 207 OPP.
1137 179 1228 206 PARS
1242 178 1274 206 ll.
1294 193 1328 199 -—
1341 176 1591 206 APOLOGETICA.
1880 171 1918 206 εδ

293 239 367 269 bent,
383 245 442 272 qua:
452 238 623 265 extrinsecus
641 243 782 272 premant,
808 242 834 266 et
848 246 907 273 qua:
932 238 959 264 in
975 238 1062 264 aliena

1128 239 1142 264 ὁ
1160 238 1253 273 καιρὸς
1271 237 1493 272 συνεσταλμένος.
1511 237 1546 263 Τὸ
1562 236 1653 263 λοιπόν
1670 237 1753 270 ἐστιν,
1772 237 1815 265 ἴνα
1828 238 1877 265 καὶ
1889 239 1916 265 οἰ

292 292 372 311 curas
386 284 505 318 undique
523 284 641 316 trahant,
653 288 680 311 et
702 284 736 311 ab
751 287 844 311 earum
862 291 952 311 rerum
966 283 1057 310 studio
1068 304 1076 315 ,

292 338 352 364 qua!
368 330 422 358 Deo
446 331 573 365 placent,
600 330 746 357 abducant.
772 329 847 357 Hanc
868 331 949 365 igitur
964 337 1076 357 causam

291 385 362 409 esse,
382 385 432 405 cur
452 377 571 404 nubendi
603 378 671 405 ratio
698 378 868 405 contrahitur
882 399 890 411 ,
913 379 1077 414 evangelicae

292 424 424 452 doctrinae
439 425 550 452 verbum
563 425 730 452 demonstrat
745 446 751 457 .
779 425 825 452 ubi
841 426 878 453 ait
895 436 901 452 ε
920 436 930 452 ι
951 427 1008 454 lloc
1027 435 1076 455 au-

292 477 346 498 tem
363 471 425 498 dico
438 471 545 504 fratres,
561 475 669 506 tempus
684 471 765 499 breve
778 476 829 500 est.
845 472 990 506 Reliquum
1011 477 1053 501 est
1067 494 1074 507 ,

292 518 425 552 utetqu
447 518 547 545 habent
566 526 681 551 uxores,
705 522 834 553 tanquam
862 527 915 546 non
944 519 1076 547 habentes

291 564 344 591 sint
364 571 369 588 :
388 568 415 590 ct
440 563 485 598 qni
504 562 583 596 ﬂent,
605 567 732 598 tanquam
762 572 817 591 non
843 563 939 592 ﬂentes
955 575 961 591 :
977 568 1004 592 et
1028 565 1075 600 qui

290 609 419 643 gaudent,
436 612 564 642 tanquam
592 616 645 635 non
661 609 811 644 gaudentes
827 620 834 638 :
851 614 877 638 et
899 611 945 645 qui
959 615 1072 644 emunt,

291 659 419 686 tanquam
446 661 501 680 non
531 654 730 688 possidentes:
759 659 786 682 et
810 656 856 690 qui
886 660 999 683 utuntur
1020 656 1073 684 hoc

285 697 395 729 mundo,
415 702 544 733 tanquam
566 707 619 726 non
636 700 787 728 abutentes.
808 700 928 728 Praeterit
940 703 1012 729 enim
1031 702 1062 729 li-

284 748 351 777 gura
365 743 446 778 hujus
456 744 567 778 mundi;
579 745 640 773 volo
651 750 739 773 autem
755 754 802 773 vos
813 747 871 774 sine
882 747 1062 774 sollicitudine

285 795 345 816 esse
361 796 367 814 :
383 789 429 824 qui
449 789 509 817 sine
525 799 610 818 urore
630 795 680 824 est,
698 791 830 819 sollicitus
848 798 888 819 est
904 793 937 820 de
953 793 986 820 iis
1002 799 1061 827 quae

286 831 396 860 Domini
411 839 484 866 sunt,
499 835 635 869 quomodo
655 836 759 870 placeat
775 836 897 865 Domino.
914 837 966 871 Qui
982 842 1071 866 autem

287 885 349 905 cum
362 887 448 906 uxore
459 884 512 913 est,
531 881 666 909 sollicitus
680 886 722 909 est
741 882 774 910 de
786 883 830 916 iis,
845 892 905 918 qua:
919 889 983 912 sunt
992 893 1072 912 mun-

1129 284 1235 319 ἔχοντες
1246 285 1375 318 γυναῖκας
1391 283 1429 315 ὡς
1445 283 1482 319 μὴ
1493 284 1599 319 ἔχοντες
1615 281 1676 316 ὦσι,
1696 286 1742 311 καὶ
1763 285 1787 310 οἱ
1806 285 1910 312 κλαίον-

1103 337 1111 347 “
1128 340 1174 363 τες
1189 331 1226 362 ὡς
1241 330 1277 366 μὴ
1290 330 1437 361 κλαίοντες,
1452 329 1499 356 καὶ
1510 330 1535 356 οἰ
1551 330 1693 366 χαίροντες
1707 329 1744 360 ὡς
1759 330 1795 365 μὴ
1809 330 1917 366 χαίρον-

1127 385 1182 408 τες,
1203 376 1250 402 καὶ
1271 376 1297 401 οἰ
1320 374 1498 410 ἀγοράζοντες
1519 375 1556 407 ὼς
1575 375 1612 411 μὴ
1635 376 1804 410 κατέχοντες,
1821 377 1868 403 καὶ
1888 377 1914 404 ot

1127 422 1262 459 χρώμενοι
1282 421 1322 457 τῷ
1343 422 1437 456 κόσμῳ
1457 422 1544 456 τούτῳ
1572 421 1609 453 ὡς
1634 423 1670 457 μὴ
1695 422 1912 458 καταχρώμενοι.

1127 469 1250 504 Παρὰγει
1265 468 1318 504 γὰρ
1333 468 1363 494 τδ
1387 468 1480 503 σχῆμα
1496 467 1541 494 τοῦ
1555 469 1657 504 κόσμου
1672 469 1782 495 τούτουσ
1798 469 1867 496 θέλω
1883 470 1913 497 δι

1127 516 1198 550 ὑμᾶς
1220 515 1386 550 ἀμερίμνους
1408 513 1491 541 εἶναι·
1511 516 1525 541 ὁ
1548 515 1653 550 ἄγαμος
1676 516 1794 551 μεριμνᾷ
1809 515 1843 543 τὰ
1864 516 1911 543 τοῦ

1126 561 1240 597 Κυρίου,
1263 561 1321 593 πῶς
1342 561 1428 597 ἀρέσῃ
1451 560 1490 596 τῷ
1506 561 1614 596 Κυρίῳι
1638 562 1652 588 ό
1670 561 1697 587 δὲ
1718 563 1845 597 γαμήσας
1861 571 1911 598 με-

1128 608 1210 643 ριμνᾷ
1233 607 1267 634 τὰ
1291 607 1336 634 τοῦ
1354 607 1467 642 κόσμου,
1485 607 1542 638 πῶς
1565 607 1650 643 ἀρέσῃ
1670 609 1703 642 τῇ
1726 609 1846 642 γυναικὶ,
1864 609 1912 636 καὶ

1127 654 1298 688 μεμέρισται.
1322 653 1377 679 Καὶ
1399 653 1416 688 ή
1431 652 1498 688 γυνὴ
1515 653 1530 687 ἡ
1551 652 1665 687 ἄγαμος,
1681 653 1726 679 καὶ
1741 654 1756 688 ἡ
1777 653 1910 689 παρθένος

1127 698 1245 733 μεριμνᾷ
1260 697 1294 724 τὰ
1311 697 1357 723 τοῦ
1372 697 1484 733 Κυρίου,
1504 697 1547 724 ἵνα
1563 697 1648 733 ἀρέσῃ
1663 697 1702 733 τῷ
1714 698 1818 733 Κυρίῳ,
1835 699 1877 725 ἵνα

1125 744 1189 778 ἁγία
1210 744 1256 770 καί
1270 743 1309 778 τῷ
1326 743 1441 778 σώματι,
1465 744 1511 770 καὶ
1527 743 1565 778 τῷ
1579 743 1728 778 πνεύματι·
1742 745 1759 779 ἡ
1777 744 1804 770 δὲ
1820 745 1911 780 γαμή-

1125 799 1195 816 σασα
1213 791 1331 826 μεριμνᾷ
1344 789 1378 816 τὰ
1392 789 1439 816 τοῦ
1461 785 1573 824 κόσμου,
1593 789 1650 821 πῶς
1664 790 1750 826 ἀρέσῃ
1766 790 1804 826 τῷ
1821 790 1908 826 ἀνδρί.

1124 832 1208 863 Τοῦτο
1222 836 1249 862 δὲ
1264 836 1331 871 πρὸς
1346 835 1376 861 τὺ
1393 835 1469 870 ὑμῶν
1484 834 1620 870 συμφέρον
1631 834 1711 868 λέγω,
1727 835 1775 870 οὐχ
1789 835 1831 862 ἵνα
1847 834 1910 870 βρόο

1124 891 1170 918 χον
1187 883 1250 917 ὑμῖν
1265 881 1410 913 ἐπιϐάλλω,
1428 881 1496 908 ἀλλὰ
1514 881 1581 916 πρὸς
1598 881 1627 907 τὸ
1642 881 1779 917 εὔσχημον
1801 882 1847 908 καὶ
1863 881 1910 908 εὑ-

286 923 325 954 di.
343 925 480 959 quomodo
494 926 598 960 placeat
609 927 697 960 uxori,
709 932 736 955 et
747 928 851 957 divisus
860 934 912 958 est.
928 929 961 957 Et
976 932 1066 958 muliel

1124 929 1258 964 πάρεδρον
1286 928 1324 963 τῷ
1350 928 1444 963 Κυρίῳ
1469 927 1689 962 ἀπερισπάστως.
1717 936 1726 952 ι
1756 927 1910 964 Διαρρήδην

286 968 411 1004 innupta,
427 973 454 997 et
471 970 547 1006 virgo
561 971 663 1006 cogitat
677 981 738 1008 quae
760 973 866 1002 Domini
884 980 958 1009 sunt,
975 981 1003 1004 ut
1015 977 1071 1011 pla-

286 1019 345 1042 ceat
357 1014 480 1047 Domino,
491 1020 520 1043 ut
530 1017 565 1044 sit
577 1021 673 1045 sancta
681 1023 708 1046 et
717 1027 831 1055 corpore
843 1025 870 1048 et
879 1022 976 1056 spiritu
990 1033 996 1049 :
1012 1031 1072 1058 quae

284 1064 375 1088 autem
388 1065 468 1096 nupta
482 1067 534 1094 est,
550 1063 650 1098 cogitat
664 1072 724 1099 quae
739 1069 802 1093 sunt
815 1067 919 1100 mundi,
933 1069 1070 1103 quomodo

283 1106 390 1141 placeat
405 1107 472 1133 viro.
490 1107 575 1135 Porro
589 1108 641 1136 hoc
656 1109 689 1136 ad
706 1111 849 1139 utilitatem
862 1117 981 1140 vestram
998 1114 1069 1146 dico,

283 1156 379 1178 nonut
399 1152 524 1187 laqueum
545 1153 622 1181 vobis
650 1154 768 1190 injiciam
782 1177 790 1189 ,
813 1157 860 1184 sed
890 1157 924 1184 ad
950 1158 976 1185 id.
997 1159 1069 1193 quod

282 1197 428 1224 honestum
444 1202 496 1230 est,
509 1203 534 1226 et
545 1199 617 1234 quod
633 1200 786 1229 facultatem
801 1203 930 1237 prebeat.
945 1205 1004 1232 sine
1019 1206 1069 1232 im—

281 1244 438 1278 pedimento
452 1243 593 1272 Dominum
609 1246 772 1274 obsecrandi
792 1248 823 1276 ¹².
843 1259 852 1275 ι
875 1248 967 1277 Palam
988 1251 1070 1286 igitur

282 1289 309 1316 in
324 1290 367 1316 his
383 1297 505 1322 causam,
519 1299 569 1319 cur
583 1301 597 1320 a
613 1294 716 1329 nuptiis
741 1294 778 1321 sit
799 1295 991 1323 abstinendum
1005 1304 1069 1332 pro~

281 1336 381 1370 ponit,
406 1337 451 1364 ubi
481 1342 631 1373 temporum
663 1347 809 1375 rerumque
828 1342 999 1370 extrinsecus
1026 1344 1068 1371 in-

281 1383 437 1418 gruentium
453 1385 627 1413 stoliditatem
650 1386 822 1421 reprehendit
838 1397 844 1414 :
860 1396 977 1423 quorum
999 1390 1068 1417 nihil

280 1428 380 1462 priscis
393 1429 446 1456 illis
466 1429 617 1458 accidebat.
635 1431 676 1458 Ad
691 1432 759 1466 haec,
780 1433 860 1460 tertia
876 1441 984 1470 qucque
997 1436 1068 1464 ratio

277 1474 391 1509 adiungi
409 1479 508 1509 potest,
522 1480 633 1511 propter
648 1485 731 1512 quam
744 1482 850 1507 veteres
862 1479 901 1506 illi
918 1480 964 1508 Dei
982 1482 1069 1509 culto-

280 1527 335 1551 res,
352 1520 378 1546 in
394 1521 581 1554 procreatione
593 1522 740 1549 liberorum
754 1523 901 1558 plurimum
916 1526 998 1554 studii
1011 1527 1067 1554 col-

279 1564 412 1592 locarent.
426 1565 493 1593 Cum
506 1567 603 1602 reliqui
620 1567 744 1596 homines
763 1569 791 1597 in
808 1577 915 1598 morum
931 1574 1067 1607 perversi-

1124 973 1188 1007 γοῦν
1203 974 1231 999 ὲν
1242 972 1344 1004 τούτοις
1357 972 1387 998 τὸ
1400 972 1485 998 αἴτιον
1497 971 1547 1006 τῆς
1561 972 1666 1007 ἀποχῆς
1682 971 1728 998 τοῦ
1740 973 1827 1007 γάμου
1838 981 1910 1008 παρ-

1126 1018 1225 1054 ίστησι,
1247 1019 1296 1054 τὴν
1320 1018 1374 1044 τῶν
1387 1018 1500 1054 καιρῶν,
1526 1018 1572 1044 καὶ
1584 1018 1637 1044 τῶν
1649 1019 1726 1050 ἐκτὸς
1740 1019 1910 1053 πραγμάτων

1124 1063 1283 1098 ἀὸελτερίαν
1302 1063 1540 1098 ἐπιμεμψάμενος,
1554 1059 1592 1089 ὧν
1610 1063 1686 1090 οὐδὲν
1707 1065 1762 1095 τοῖς
1785 1064 1910 1095 παλαιοῖς

1123 1109 1300 1144 προσέπιπτε.
1315 1110 1370 1135 Καὶ
1386 1109 1477 1144 τρίτος
1497 1109 1519 1135 δ’
1531 1109 1564 1136 ἂν
1575 1109 1615 1144 εἴη
1632 1109 1706 1144 παρὰ
1720 1109 1805 1136 ταῦτα
1819 1109 1909 1144 λόγος,

1124 1154 1184 1181 καθ’
1197 1155 1226 1181 ὂν
1239 1156 1263 1181 οἰ
1272 1155 1354 1181 πάλαι
1367 1155 1498 1189 θεοφιλεῖς
1509 1156 1678 1187 παιδοποιίας
1695 1155 1822 1191 πλείστην
1835 1157 1911 1182 ὲποι-

1122 1201 1200 1227 οὗντο
1228 1201 1353 1236 σπουδήν.
1372 1201 1432 1227 Τῶν
1445 1201 1544 1227 λοιπῶν
1559 1201 1708 1237 ἀνθρώπων
1722 1202 1761 1233 εἰς
1777 1209 1894 1237 κακοτρο

1123 1247 1188 1274 πίαν
1212 1247 1367 1280 ἐπιδόντων,
1391 1247 1431 1279 εἰς
1453 1248 1588 1283 ἀνήμερόν
1606 1256 1636 1274 τε
1659 1249 1706 1274 καὶ
1725 1247 1910 1284 ἀπάνθρωπον

1122 1295 1168 1322 καὶ
1184 1294 1302 1330 θηριώδη
1316 1294 1372 1330 βίον
1384 1295 1630 1326 ἀποπεπτωκότων,
1644 1295 1684 1326 εἷς
1697 1303 1727 1321 τε
1743 1295 1827 1330 ἀσεϐῆ
1840 1303 1907 1323 παν-

1121 1343 1205 1375 τελῶς
1232 1343 1278 1370 καὶ
1300 1343 1378 1371 ἄθεον
1407 1342 1506 1378 τρόπον
1532 1341 1770 1377 ἀπωλισθηκότων,
1797 1341 1908 1377 βραχεῖς

1122 1388 1225 1424 σφόδρα
1243 1389 1291 1416 καὶ
1312 1388 1421 1424 ἀριθμῷ
1435 1387 1533 1424 λητποὶ
1548 1387 1764 1423 περιλειπόμενοι
1781 1388 1850 1414 κατὰ
1872 1388 1908 1416 τὰ

1120 1434 1238 1470 πρόσθεν
1255 1436 1320 1470 ἡμῖν
1335 1434 1466 1470 εἰρημένα
1486 1433 1533 1460 τοῦ
1546 1433 1600 1460 τῶν
1613 1433 1716 1460 πολλῶν
1730 1433 1908 1466 ὑπεξίσταντο

1121 1481 1189 1516 βίου,
1208 1481 1255 1508 καὶ
1268 1481 1317 1515 τῆς
1335 1481 1426 1514 κοινῆς
1440 1479 1493 1506 τῶν
1509 1479 1609 1506 λοιπῶν
1628 1479 1778 1515 ἀνθρώπων
1794 1487 1906 1506 συνανα-

1121 1527 1249 1562 στροφῆς.
1276 1526 1493 1562 Κεχωρισμένως
1511 1525 1532 1551 δ’
1557 1524 1603 1552 οὖν
1628 1525 1682 1552 τῶν
1703 1525 1789 1551 ἄλλων
1808 1525 1905 1558 ἐθνῶν,

1120 1572 1168 1598 καὶ
1186 1571 1256 1598 κατὰ
1275 1571 1358 1607 μόνας
1380 1571 1509 1606 βιοῦντες,
1527 1570 1662 1596 πολιτείαν
1679 1570 1766 1605 ξένην,
1782 1570 1830 1596 καὶ
1848 1570 1905 1605 βίον

278 1615 334 1639 tate
350 1613 437 1648 majus
453 1613 480 1641 in
499 1614 557 1642 dies
574 1614 772 1643 incrementum
789 1618 970 1653 accepissent,
985 1624 1066 1656 atque

1120 1617 1274 1652 φιλόσοφον,
1291 1617 1337 1643 καὶ
1359 1617 1397 1649 ὡς
1412 1617 1519 1652 ἀληθῶς
1539 1616 1662 1651 θεοσεϐῆ,
1679 1616 1726 1642 καὶ
1744 1617 1800 1647 τοῖς
1815 1615 1905 1648 ἄλλοις

279 1658 306 1685 in
324 1658 481 1692 immanem,
498 1659 552 1695 32
567 1664 594 1687 et
611 1660 646 1688 ab
659 1662 734 1688 omni
754 1662 924 1692 humanitate
939 1665 1066 1699 alienam,

277 1707 305 1731 ct
316 1705 396 1740 plane
411 1706 525 1733 ferinam
543 1707 625 1733 vitam
645 1707 744 1743 relapsi
759 1715 861 1743 essent,
872 1714 900 1738 et
912 1711 938 1738 in
954 1711 1066 1748 impium

276 1759 401 1787 prorsus.
416 1753 546 1787 omnique
559 1753 683 1788 religioni
702 1755 842 1782 inimicum
857 1765 970 1790 morem,
988 1758 1067 1786 facile

276 1800 448 1827 eorruissent
461 1809 467 1826 :
487 1799 564 1826 valde
578 1801 668 1834 pauci,
679 1804 706 1827 et
722 1800 800 1829 facile
812 1804 1008 1836 numerabiles,
1018 1806 1065 1840 qui

276 1850 447 1880 supererant,
469 1854 500 1873 ea
515 1850 668 1879 sectantes,
686 1855 746 1882 qua:
768 1849 844 1883 prius
859 1856 874 1875 a
889 1851 969 1878 nobis
994 1851 1066 1878 dicta

276 1895 353 1922 sunt,
367 1899 380 1917 a
405 1891 552 1918 multorum
568 1892 766 1920 consuetudine
781 1898 807 1920 et
821 1900 836 1920 a
851 1896 987 1927 communi
1003 1904 1065 1923 cum

276 1937 390 1972 reliquis
404 1937 561 1965 hominibus
575 1938 665 1971 victu,
682 1947 711 1966 se
728 1941 900 1968 amovebant.
916 1940 1000 1969 Porro
1014 1950 1064 1969 au-

277 1989 330 2010 tem
350 1990 412 2009 cum
427 1990 550 2010 seorsum
573 1983 607 2011 ab
627 1984 688 2012 aliis
702 1985 828 2020 gentibus
842 2007 850 2019 ,
879 1987 1065 2023 singularique

277 2037 353 2055 more
369 2029 501 2061 viverent,
514 2036 611 2056 novam
634 2031 772 2066 quandam
799 2030 964 2068 Reipublica
983 2035 1065 2061 ratio-

276 2083 350 2108 nem,
366 2079 504 2110 vxtamque
518 2075 668 2103 studiosam
681 2078 830 2112 sapientiae,
845 2087 962 2116 vereque
977 2081 1064 2116 ipsius

276 2120 323 2147 Dei
336 2121 488 2153 cultricem,
502 2124 528 2148 et
540 2122 652 2156 reliquis
663 2121 820 2152 hominibus
832 2125 1062 2160 impermiscuam.

277 2166 464 2193 instituerunt.
484 2165 518 2193 Ut
534 2166 616 2202 igitur
629 2168 747 2202 posteris
758 2177 867 2204 quoque
881 2170 990 2198 illorum
1004 2179 1064 2206 pro-

276 2212 343 2246 pria:
356 2212 507 2245 religionis,
516 2216 643 2247 tauquam
656 2213 774 2241 scintilla
783 2215 905 2250 quaedam
919 2218 1062 2251 reparandi

275 2257 357 2292 ignis,
374 2257 412 2285 ita
427 2257 537 2292 aliquod
553 2266 645 2286 semen
661 2265 826 2293 servaretur,
837 2269 926 2297 neque
937 2271 990 2290 una
999 2271 1060 2291 cum

274 2302 396 2338 ipsorum
409 2303 525 2330 decessu
539 2304 660 2339 ipsorum
675 2306 763 2340 pietas
779 2295 916 2341 deﬁceret,
927 2313 1008 2344 atque
1024 2311 1062 2337 in-
1076 2295 1098 2322 D

273 2350 378 2382 teriret,
397 2350 495 2378 merito
510 2354 537 2378 et
550 2351 714 2386 generandae
737 2357 763 2380 et
782 2353 885 2382 alenda:
899 2355 1001 2383 sobolis
1012 2363 1061 2383 cu-

272 2403 330 2423 ram
347 2397 537 2430 introduxere,
560 2401 589 2424 ut
620 2398 661 2425 sic
688 2397 817 2428 doctores
833 2406 914 2436 atque
936 2403 1060 2438 magistri

272 2442 445 2476 propriorum
461 2443 608 2470 liberorum
623 2444 807 2473 exsisterent:
832 2447 932 2482 quippe
946 2449 991 2483 qui
1010 2457 1058 2483 pou

272 2489 353 2516 sleris
371 2495 547 2517 successores
559 2490 682 2524 pietatis,
696 2492 867 2527 propriaeque
880 2494 989 2522 virtutis
1005 2495 1060 2522 hac-

272 2535 351 2561 redcs
364 2534 519 2570 relinquere
529 2557 535 2568 ,
560 2536 705 2571 pulchrum
729 2541 812 2572 atque
827 2538 970 2566 honesturn
983 2539 1059 2574 judi-

251 2611 255 2617 Ι
271 2583 376 2606 carent.
391 2579 459 2607 llinc
476 2588 543 2609 sane
566 2582 705 2617 propheta:
725 2582 948 2616 innumerabiles,
967 2589 994 2612 et
1007 2585 1059 2612 viri

269 2625 336 2659 justi
351 2634 357 2652 :
372 2625 439 2660 quin
455 2626 513 2660 ipse
536 2635 646 2663 quoque
661 2628 786 2656 Salvator
807 2637 839 2656 ac
863 2629 995 2658 Dominus
1010 2638 1059 2658 no—

271 2671 465 2706 ster,ejusque
488 2672 614 2708 discipuli
630 2678 712 2709 atque
737 2675 870 2710 apostoli,
892 2676 926 2703 ab
949 2677 1057 2704 illorum

271 2716 416 2750 disciplina
433 2716 546 2751 profecti
566 2723 639 2746 sunt.
660 2719 737 2752 Quod
764 2720 787 2748 si
802 2721 848 2755 qui
863 2721 944 2748 etiam
966 2721 1057 2749 vitiosi

272 2762 307 2788 ab
323 2762 417 2789 iisdem
434 2762 688 2800 prodierunt,quasi
700 2766 784 2800 paleae
798 2766 880 2794 simul
892 2774 953 2794 cum
965 2768 1058 2795 tritico

271 2806 480 2839 subnascentcs,
498 2813 553 2833 non
575 2807 609 2834 ob
629 2808 654 2835 id
677 2813 766 2837 tamen
791 2809 919 2845 culpandi
940 2810 986 2846 qui
1011 2817 1058 2846 ge-

345 2897 355 2922 l
378 2896 441 2925 Cor.
462 2904 496 2925 ru
512 2917 518 2930 ,
534 2896 630 2925 29~35.

1119 1663 1272 1698 ἀνθρώποις
1288 1662 1465 1697 ἀνεπίμικτον
1478 1661 1644 1688 συνίσταντο.
1662 1661 1708 1688 Ίν’
1721 1659 1768 1688 οὖν
1784 1661 1832 1688 καὶ
1848 1663 1906 1693 τοίς

1119 1710 1266 1746 μετέπειτα
1280 1709 1329 1745 τῆς
1341 1709 1443 1741 οἰκείας
1458 1708 1612 1740 θεοσεϐείας
1629 1707 1753 1744 ζώπυρον
1769 1707 1798 1740 ἐξ
1813 1707 1904 1735 αὐτῶν

1118 1756 1229 1791 σπέρμα
1249 1755 1417 1790 φυλάττοιτο,
1443 1755 1502 1790 μηδ’
1515 1755 1619 1781 ἐκλίποι
1634 1755 1682 1781 καὶ
1703 1754 1829 1781 ἀπόλοιτο
1845 1753 1904 1789 ἅμα

1116 1805 1150 1839 τῇ
1166 1802 1220 1829 τῶν
1241 1801 1346 1837 ἀνδρῶν
1369 1801 1479 1836 τελευτῇ
1499 1800 1533 1827 τὰ
1551 1801 1601 1835 τῆς
1625 1801 1685 1827 κατ’
1707 1800 1804 1832 αὐτοὺς
1827 1800 1903 1826 εὐσε-

1117 1849 1202 1882 ϐείας,
1220 1849 1332 1880 εἰκότως
1355 1848 1524 1879 παιδοποιίας
1545 1847 1591 1874 καὶ
1615 1846 1809 1882 παιδοτροφίας
1832 1846 1902 1882 πρό-

1115 1901 1190 1920 νοιαν
1203 1893 1322 1928 εἰσῆγον,
1337 1892 1374 1924 ὡς
1393 1892 1426 1919 ἂν
1441 1891 1593 1919 διδάσκαλοι
1613 1892 1659 1918 καίΙ
1682 1891 1834 1926 καθηγηταὶ
1855 1891 1902 1925 γέ-

1115 1949 1200 1967 νοιντο
1222 1939 1276 1966 τῶν
1300 1939 1370 1966 ἰδίων
1394 1939 1505 1971 παίδων,
1530 1938 1667 1974 διαδόχους
1690 1938 1830 1969 εὐσεϐείας
1854 1937 1902 1963 καὶ

1115 1986 1163 2021 τῆς
1177 1985 1279 2016 οἰκείας
1299 1984 1400 2020 ἀρετῆς
1419 1983 1601 2019 κληρονόμους
1618 1985 1673 2015 τοῖς
1689 1983 1833 2019 μετέπειτα
1849 1990 1902 2008 κα-

1114 2031 1236 2058 ταλιπεῖν
1257 2031 1399 2058 σπουδαῖον
1423 2027 1491 2056 εῖναι
1515 2029 1670 2065 ἡγούμενοι.
1687 2028 1781 2055 Ἔνθεν
1805 2028 1900 2064 μυρίοι

1115 2076 1262 2112 προφῆται,
1280 2076 1326 2102 καὶ
1347 2075 1444 2102 δίκαιοι
1461 2075 1567 2110 ἄνδρες,
1583 2075 1663 2107 αὐτός
1677 2074 1700 2101 θ’
1716 2076 1730 2102 ό
1744 2075 1840 2110 Σωτὴρ
1852 2074 1901 2102 καὶ

1114 2122 1217 2157 Κύριος
1239 2121 1327 2157 ἡμῶν,
1344 2121 1415 2147 οἵτε
1436 2120 1530 2147 τούτου
1548 2119 1668 2155 μαθηταὶ
1691 2119 1738 2147 καὶ
1756 2119 1900 2146 ἀπόστολοι

1114 2169 1146 2194 ὲκ
1158 2167 1207 2203 τῆς
1223 2167 1310 2194 αὐτῶν
1324 2166 1433 2202 διδαχῆς
1449 2166 1661 2201 ἀναπειρήνασιν.
1677 2165 1708 2192 Et
1721 2166 1749 2192 δέ
1765 2174 1838 2198 τινες
1852 2167 1901 2193 καὶ

1113 2213 1209 2248 φαῦλοι
1231 2212 1363 2249 προῆλθον
1380 2212 1409 2245 ἐξ
1435 2212 1534 2243 αὐτῶν,
1554 2212 1592 2244 ὡς
1609 2212 1666 2247 ἅμα
1686 2212 1752 2247 σίτῳ
1772 2211 1900 2248 καλάμης

1114 2258 1290 2294 ὑποφυείσης,
1310 2258 1366 2285 ἀλλ’
1386 2258 1461 2285 οὔπω
1483 2259 1544 2290 τοὺς
1566 2258 1729 2293 σπείραντας
1753 2258 1899 2292 αἰτιατέον,

1111 2306 1172 2333 οὐδὲ
1185 2306 1248 2337 τοὺς
1266 2305 1504 2340 ἁναθρεψαμένους
1515 2313 1521 2319 ·
1540 2304 1600 2330 ἐπεὶ
1618 2304 1664 2330 καὶ
1678 2303 1731 2330 τῶν
1745 2302 1792 2330 τοῦ
1807 2303 1899 2339 Σωτῆ-

1113 2361 1158 2388 ρος
1177 2351 1303 2387 μαθητῶν
1321 2352 1398 2387 ἴσμεν
1413 2351 1488 2382 τινὰς
1509 2350 1537 2383 ἐξ
1560 2350 1735 2382 αὑτεξουσίου
1758 2358 1898 2386 παρατρο-

1112 2399 1165 2434 πῆς
1181 2398 1397 2433 ὰποσφαλέντας.
1418 2397 1450 2423 Ἠ
1466 2396 1514 2432 μὲν
1529 2394 1574 2422 οὖν
1592 2396 1665 2422 αἰτία
1679 2396 1729 2431 τῆς
1743 2395 1796 2422 τῶν
1814 2395 1898 2422 πάλαι

1112 2444 1243 2479 θεοφιλῶν
1267 2443 1371 2479 ἀνδρῶν
1387 2442 1554 2473 παιδοποιίας
1577 2441 1727 2477 ἀνείρηται,
1748 2442 1781 2477 ἢν
1805 2441 1898 2468 οὐκέτι

1111 2491 1152 2526 ἐφ’
1169 2490 1247 2526 ἡμῶν
1271 2490 1362 2526 χώραν
1377 2489 1433 2524 ἔχει
1452 2488 1540 2522 λέγειν
1552 2496 1559 2503 ’
1581 2488 1625 2514 ὅτε
1648 2489 1696 2515 σὺν
1711 2487 1771 2523 Θεῷ
1784 2488 1828 2514 ea
1847 2487 1897 2522 τῆς

1109 2537 1155 2564 τοῦ
1181 2537 1304 2573 Σωτῆρος
1322 2535 1399 2571 ἡμῶν
1419 2534 1597 2569 εὐαγγελικῆς
1612 2534 1785 2566 διδασκαλίας
1810 2533 1896 2569 μυρία

1110 2583 1184 2618 ἔθνη,
1207 2583 1253 2609 καὶ
1276 2582 1366 2614 λαοὺς,
1393 2581 1464 2608 κατά
1486 2590 1516 2608 τε
1542 2581 1633 2612 πόλεις
1653 2581 1700 2607 καὶ
1725 2580 1826 2616 χώρας.
1849 2580 1898 2607 καὶ

1111 2629 1212 2664 ἀγροὺς
1235 2629 1366 2664 πάρεστιν
1391 2629 1456 2664 ἡμῖν
1481 2627 1629 2663 ὀφθαλμοῖς
1656 2627 1722 2663 ὁρᾷν
1745 2626 1897 2653 σπεύδοντα

1111 2675 1181 2702 κατὰ
1200 2674 1231 2701 τὸ
1246 2674 1321 2706 αὐτὸ,
1336 2674 1383 2701 καὶ
1406 2674 1585 2710 συντρέχοντα
1607 2674 1653 2700 ἐπὶ
1672 2673 1722 2708 τὴν
1743 2672 1815 2699 κατὰ
1830 2671 1897 2698 Θεὸν

1113 2719 1229 2754 μάθησιν
1240 2720 1289 2754 τῆς
1308 2719 1486 2754 εὑαγγελικῆς
1499 2718 1670 2750 διδασκαλίας
1682 2727 1688 2733 ·
1704 2715 1743 2749 οἷς
1754 2716 1897 2752 ἀγαπητὸν

1111 2765 1241 2792 δύνασθαι
1255 2764 1380 2800 ἐξαρκεῖν
1391 2766 1453 2797 τοὺς
1465 2764 1637 2795 διδασκάλους
1650 2765 1696 2791 καὶ
1711 2765 1834 2799 κήρυκας
1847 2763 1895 2790 τοῦ

1111 2810 1160 2845 τῆς
1185 2809 1336 2841 θεοσεϐείας
1359 2810 1448 2845 λόγου,
1473 2809 1580 2836 πάντων
1602 2808 1817 2844 ἀπολελυμένους
1839 2807 1894 2835 τῶν
1907 2839 1913 2843 _
