2053 3218
151 213 183 242 81
579 215 904 245 DEMONSTRATIONIS
922 215 1151 244 ΕνΑΝαΕιιοιΕ
1172 215 1234 243 LIB.
1249 215 1271 242 l.
1744 217 1778 244 οε

154 271 200 299 τού
221 270 280 307 βίου
297 272 420 308 δεσμῶν,
439 272 485 300 καὶ
497 272 550 300 τῶν
565 273 773 309 πολυμερίμνων
786 275 941 310 φροντίδων.

995 274 1122 306 nuerint,
1144 277 1190 300 aut
1205 273 1251 307 qui
1267 272 1428 299 enutrierint
1443 280 1449 298 :
1465 271 1574 306 quando
1591 275 1670 299 etiam
1687 273 1720 300 de
1735 275 1778 301 di-

157 317 282 345 Μάλιστα
298 317 320 344 δ’
339 317 387 345 οὖν
409 319 511 352 τούτοις
532 319 688 354 ἀναγκαίως
713 320 745 347 τὰ
765 320 812 347 νῦν
835 321 878 347 διὰ
893 321 942 357 τὴν

158 363 224 399 περὶ
241 363 278 390 τὰ
300 365 416 400 κρείττω
439 364 534 401 σχολὴν
556 366 572 401 ή
589 365 642 392 τῶν
662 366 757 401 γάμων
771 365 943 404 ἀναχώρησις

159 411 351 444 σπουδάζεται,
368 411 415 438 ἅτε
435 412 499 446 περὶ
513 411 562 447 τὴν
581 411 670 438 ἔνθεον
688 413 733 439 καὶ
747 412 865 448 ἄααρκον
880 422 944 440 παι-

158 457 282 485 δοποιίαν
297 457 514 493 ἀσχολουμένοις,
530 457 579 493 οὐχ
595 457 653 490 ἑνὸς
668 458 727 484 οὐδὲ
743 458 814 485 δυεῖν
831 459 944 491 παίδων,

159 503 218 538 ἀλλ’
229 503 333 539 ἀθρόως
345 504 440 539 μυρίου
452 503 569 539 πλήθους
575 504 623 539 τὴν
634 504 832 540 παιδοτροφίαν,
840 506 887 532 καὶ
896 505 946 541 τὴν

161 549 234 576 κατὰ
247 549 312 576 Θεὸν
327 550 477 582 παίδευσιν,
491 550 540 585 τῆς
557 558 587 576 τε
608 550 689 586 ἄλλης
707 551 815 587 ἀγωγῆς
827 551 873 578 τοῦ
889 551 944 587 βίου

160 596 211 633 τὴν
229 596 385 632 ἐπιμέλειαν
403 597 630 632 ἀναδεδεγμένοις.
647 597 709 624 Ἐπὶ
723 597 826 630 τούτοις
844 597 946 625 ἅπασιν

162 641 241 674 εἴτις
255 642 376 678 ἀκριϐῶς
389 642 508 675 ἐξετάζοι
518 643 580 674 τοὺς
587 642 641 669 τῶν
654 642 775 669 παλαιῶν
787 643 870 678 βίους,
882 644 946 680 περὶ

159 684 199 714 ὦν
208 688 252 715 τὸν
260 688 337 723 λόγον
350 688 509 723 ποιούμεθα,
517 689 590 725 γνῴη
598 689 630 716 ἃν
641 690 738 721 αὐτοὺς
751 691 778 717 ὲν
787 691 884 726 ἀρχαῖς
896 691 946 726 μὲν

160 734 210 772 τῆς
227 733 333 769 ἡλικίας
349 735 616 771 παιδοποιουμένους,
631 736 726 762 θᾶττον
735 736 762 762 δὲ
779 737 946 771 ἀνααχόντας

161 779 208 805 καὶ
227 779 481 815 ἀποπεπαυμένους.
504 781 660 816 Γέγραπται
681 781 735 817 γὰρ
756 782 796 808 ὃτι
820 791 828 807 ι
842 781 944 817 Εὺηρέ-

160 831 259 859 mea:
280 824 364 860 Ἑνὼχ
382 825 421 861 τῷ
446 826 515 862 Θεῷ,
540 827 608 862 μετὰ
628 827 658 853 τὸ
678 827 805 862 γεννῆσαι
826 827 870 854 τὸν
886 828 946 854 Μα-

160 869 289 902 θουσάλα,
306 880 315 896 ι
338 871 459 907 ἀκριϐῶς
471 871 541 899 οὕτω
558 873 606 908 τῆς
620 873 729 908 Γραφῆς
752 873 820 908 μετὰ
838 873 883 899 τὸν
898 873 944 900 τοῦ

161 917 256 949 παιδὸς
275 917 399 953 γέννησιν
422 918 633 954 εὐηρεστηκὲναι
653 919 691 954 τῷ
707 919 767 955 Θεῷ
787 919 832 946 τὸν
850 919 944 956 δηλούι

996 320 1108 356 scipulis
1126 319 1274 346 Salvatoris
1287 318 1392 353 aliquos
1406 319 1531 345 novimus
1546 318 1670 345 libertate
1684 319 1779 346 volun-

995 367 1058 393 tatis
1079 372 1200 397 aversos,
1224 371 1238 390 a
1261 368 1336 391 recto
1352 363 1505 391 aberrasse.
1525 363 1615 390 Causa
1640 364 1723 400 igitur
1744 366 1779 392 ob

995 419 1075 446 quam
1093 411 1143 438 viri
1158 410 1244 437 sancti
1273 409 1370 444 priscis
1398 409 1565 444 temporibus
1590 417 1689 445 magno
1716 417 1778 437 cum

995 457 1085 484 studio
1109 456 1209 483 liberos
1232 455 1417 490 susciperent,
1436 455 1541 482 reddita
1556 461 1620 483 est:
1641 464 1702 492 qua:
1723 465 1778 484 non

995 503 1112 538 amplius
1129 503 1156 529 in
1169 502 1248 530 nobis
1263 502 1352 529 locum
1370 501 1469 529 habere
1483 501 1598 529 dicenda
1610 506 1661 530 est.
1673 503 1779 538 Quippe

995 556 1057 575 cum
1068 569 1074 581 ,
1089 548 1143 575 Deo
1160 547 1276 579 favente,
1292 555 1338 582 per
1356 547 1538 582 evangelicam
1558 546 1709 576 Salvatoris
1727 557 1778 575 nos

996 595 1046 624 stri
1068 594 1231 627 doctrinam,
1249 593 1462 622 innumerabiles
1481 597 1575 629 gentes
1587 615 1594 626 ,
1611 598 1637 622 ct
1654 595 1778 630 populos.

996 640 1024 667 in
1040 640 1164 670 urbibus.
1179 643 1206 666 et
1222 639 1388 674 regionibus.
1400 642 1426 666 et
1441 639 1515 674 agris
1530 639 1609 666 liceat
1625 640 1704 668 nobis
1716 647 1780 667 ocu-

996 686 1029 713 lis
1043 686 1157 717 intueri,
1174 685 1268 712 eodem
1287 685 1377 712 animo
1394 684 1568 717 festinantes,
1589 689 1616 712 et
1636 686 1668 712 ad
1684 690 1779 713 sanCIa

996 732 1159 767 evangelicae
1173 731 1303 759 doctrinae
1314 735 1447 766 praecepta
1460 735 1663 762 concurrentes.
1679 733 1780 767 quibus

996 778 1104 812 quidem
1118 777 1184 804 satis
1197 785 1333 812 superque
1352 777 1403 807 sit,
1425 777 1447 803 si
1463 777 1589 804 doctores
1604 785 1634 804 ac
1652 778 1780 812 praedica-

995 829 1069 852 tores
1096 823 1180 850 divini
1195 824 1269 850 verbi
1284 824 1412 851 omnibus
1441 828 1468 851 et
1491 824 1554 851 vita:
1580 824 1697 852 vinculis
1712 845 1719 857 ,
1752 829 1779 852 et

997 869 1225 898 sollicitudinibus
1257 869 1386 901 liberati,
1423 869 1529 904 possint
1557 869 1690 897 suﬂicere.
1732 869 1780 898 llis

997 921 1085 944 autem
1109 916 1176 951 ipsis
1205 916 1323 943 maxime
1362 916 1390 942 in
1423 915 1588 950 prtesentia,
1622 921 1651 942 ut
1682 916 1779 942 melio-

160 963 418 1000 μενονίστορούσης,
435 965 481 991 καὶ
495 965 587 992 οὐκέτι
599 965 627 999 ἐξ
642 965 744 992 ἐκείνου
760 967 857 998 παῖδας
870 967 941 1003 αὐτῷ

994 962 1069 990 ribus
1096 962 1193 989 studiis
1211 965 1307 989 vacent
1326 960 1440 988 liberius
1454 981 1461 993 ,
1486 961 1627 995 seiunctus
1639 969 1653 987 a
1667 969 1696 988 re
1713 968 1779 988 uxo-

158 1008 284 1043 γενέσθαι
310 1009 509 1046 μαρτυρούσης.
527 1010 581 1037 Καὶ
602 1011 662 1037 Νῶε
687 1010 725 1044 δὲ,
748 1011 889 1048 ἄνθρωπος
905 1013 943 1039 δί-

159 1061 253 1086 καιος,
272 1053 340 1089 μετὰ
356 1054 405 1090 τὴν
423 1055 476 1082 τῶν
489 1055 592 1082 παίδων
605 1055 709 1090 γένεσιν
725 1057 803 1091 μόνος
824 1057 872 1084 σὺν
888 1058 944 1089 τοῖς

158 1099 268 1131 οἰκείοις
287 1099 318 1127 ἐν
333 1101 366 1136 τῇ
388 1100 442 1128 τῶν
462 1101 508 1127 ἐπὶ
529 1101 579 1136 γῆς
601 1102 726 1129 ἁπάντων
739 1102 826 1138 φθορᾷ
844 1103 943 1129 διασω-

158 1145 231 1178 θεὶς,
250 1146 387 1178 πλείστοις
409 1147 477 1182 μετὰ
495 1146 580 1173 ταῦτα
602 1147 723 1179 ἐπιϐιοὺς
744 1147 842 1181 ἔτεσιν,
864 1148 942 1174 οὐδα-

160 1191 220 1227 μῶς
239 1193 377 1227 εἰσάγεται
398 1193 495 1224 παῖδας
514 1192 693 1227 κτησάμενος.
720 1193 835 1228 Λέγεται
855 1193 943 1221 δὲκαὶ

157 1237 173 1263 ὁ
194 1237 304 1270 Ἰσαὰκ,
331 1239 364 1264 ὲκ
387 1239 452 1274 μιᾶς
464 1238 585 1274 γαμετῆς
608 1237 716 1274 διδύμου
746 1240 829 1274 γονῆς
853 1241 943 1276 πατὴρ

158 1279 289 1314 γεγονὼς,
319 1281 399 1316 μέχρι
419 1281 513 1308 τούτου
538 1282 632 1317 στῆσαι
655 1283 705 1319 τὴν
729 1283 797 1319 πρὸς
820 1285 943 1320 γαμετὴν

155 1324 275 1360 ὁμιλίαν.
293 1327 349 1353 Καὶ
371 1328 385 1354 ὸ
400 1327 510 1363 Ἰωσὴφ,
531 1328 577 1354 καὶ
598 1328 685 1356 ταῦτα
706 1329 770 1366 παρ’
786 1331 943 1365 Αἰγυπτίοις

156 1370 206 1402 τὰς
225 1371 366 1408 διατριϐὰς
387 1374 588 1409 πεποιημένος,
613 1375 643 1401 οὐ
663 1375 746 1402 πλείω
770 1377 815 1403 δύο
842 1377 942 1404 παίδων

155 1416 276 1453 κατέστη
293 1419 394 1454 πατὴρ,
407 1420 472 1454 μίαν
488 1420 536 1456 τὴν
551 1419 653 1447 τούτων
670 1422 776 1458 μητέρα
798 1423 941 1459 ἀγόμενος.

156 1463 213 1490 Καὶ
233 1463 314 1496 αὐτός
328 1473 360 1499 γε
373 1466 493 1502 Μωῦσῆς
511 1467 525 1494 ὅ
540 1475 570 1493 τε
587 1468 682 1495 τούτου
705 1468 818 1504 ἀδελφὸς
838 1469 942 1505 Ἀαρὼν

155 1508 210 1544 ¹πρὸ
225 1509 276 1544 μὲν
290 1510 339 1546 τῆς
353 1510 399 1538 τοῦ
414 1511 480 1538 Θεοῦ
498 1513 656 1548 ἐπιφανείας
671 1515 839 1550 ἱστοροῦνται
851 1515 943 1542 παιδος

156 1556 353 1592 πεποιημένον
372 1558 439 1593 μετὰ
462 1559 489 1585 δὲ
505 1559 566 1591 τοὺς
591 1560 679 1592 θείους
692 1562 832 1596 χρησμοὺς
852 1562 942 1589 οὐκέτι

155 1601 231 1630 εστιν
254 1602 346 1635 αὐτοῖς
368 1604 465 1636 παῖδας
482 1605 571 1640 εὑρεῖν
588 1607 812 1642 γεγεννημένους.
836 1608 868 1634 Τί
890 1609 941 1644 χρὴ

993 1007 1033 1034 ria
1050 1007 1139 1034 victus
1153 1006 1304 1039 adamatur,
1322 1006 1404 1034 veluti
1419 1006 1462 1040 iis,
1479 1007 1524 1041 qui
1540 1007 1631 1034 divina
1649 1011 1675 1034 et
1688 1007 1779 1033 incor-

992 1061 1074 1088 porea
1105 1053 1198 1080 sobole
1229 1052 1424 1088 propaganda,
1453 1054 1576 1087 occupati
1609 1056 1777 1080 teneantur:

993 1104 1019 1126 et
1044 1107 1097 1126 non
1125 1099 1222 1131 unius,
1253 1107 1341 1134 neque
1374 1099 1490 1126 duorum
1528 1099 1694 1131 liberorum,
1731 1101 1779 1128 sed

993 1143 1140 1170 acervatim
1153 1143 1360 1171 innumerabilis
1376 1143 1558 1171 multitudinis
1577 1144 1778 1177 educationem,

993 1193 1170 1225 sanctamque
1195 1189 1366 1224 disciplinam
1383 1209 1390 1222 ,
1419 1197 1451 1217 ac
1470 1191 1582 1225 reliquae
1604 1189 1781 1218 instituenda;

993 1235 1055 1261 vitae
1087 1242 1181 1262 curam
1215 1235 1396 1270 susceperint.
1431 1235 1602 1263 Postremum
1637 1236 1777 1267 omnium,

992 1281 1044 1316 33
1054 1282 1076 1309 si
1087 1282 1148 1316 quis
1162 1281 1314 1317 priscorum
1325 1282 1434 1309 illorum
1450 1282 1531 1314 vitas,
1545 1283 1579 1310 de
1594 1283 1693 1317 quibus
1705 1288 1779 1310 nunc

993 1328 1141 1362 loquimur,
1159 1327 1303 1362 diligenter
1324 1328 1447 1364 exploret
1464 1337 1470 1355 :
1495 1329 1615 1356 inveniet
1638 1336 1684 1356 eos
1701 1329 1778 1357 initio

992 1373 1101 1408 quidem
1118 1373 1216 1406 aetatis,
1232 1374 1317 1401 soboli
1331 1374 1470 1409 augendae,
1486 1375 1667 1411 conjugioque
1684 1383 1780 1409 vacan-

992 1422 1054 1451 tes,
1079 1424 1183 1447 mature
1208 1424 1298 1448 autem
1324 1420 1492 1448 abstinentes
1519 1425 1600 1456 atque
1626 1426 1776 1450 cessantes.

994 1465 1130 1500 Scriptum
1155 1470 1195 1493 est
1212 1466 1282 1493 enim
1308 1467 1339 1498 ",
1362 1467 1434 1502 quod
1453 1468 1586 1502 placuerit
1609 1467 1702 1495 Enoch
1724 1468 1778 1496 Deo

993 1516 1135 1547 postquam
1160 1512 1252 1547 genuit
1279 1512 1439 1540 Malbusala.
1465 1513 1515 1540 Ubi
1534 1513 1674 1549 Scriptura
1699 1515 1778 1549 plane

993 1562 1054 1591 post
1067 1558 1186 1592 genitum
1203 1557 1298 1589 ﬁlium,
1316 1557 1371 1586 Deo
1398 1559 1533 1593 placuisse
1563 1560 1654 1591 illum,
1676 1560 1709 1588 de
1723 1569 1777 1596 quo

994 1603 1125 1638 loquitur,
1142 1607 1284 1635 memorat,
1303 1611 1392 1638 neque
1404 1604 1441 1631 illi
1456 1606 1569 1639 posthac
1586 1606 1655 1634 alios
1672 1607 1778 1642 genitos

155 1647 246 1683 λέγειν
268 1649 332 1683 περὶ
351 1648 529 1685 Μελχισεδέκ;
551 1648 582 1677 οὗ
608 1651 733 1685 καθάπαξ
759 1653 788 1679 οὺ
812 1655 886 1685 παῖς,
910 1654 940 1681 οὔ

994 1648 1064 1676 ﬁlios
1079 1649 1179 1684 prodit.
1194 1649 1251 1676 Noe
1265 1657 1374 1685 quoque
1389 1650 1533 1685 virjustus
1548 1657 1608 1686 post
1625 1654 1779 1688 susceptio-

156 1694 244 1729 γένος,
256 1694 288 1721 οὐ
304 1694 411 1731 διαδοχὴ
428 1696 550 1732 φέρεται·
566 1698 621 1724 ούδ⁸
640 1699 726 1734 Ἱησοῦ
743 1699 788 1725 τοῦ
803 1699 942 1732 Μωῦσέως

154 1739 292 1775 διαδόχου,
313 1740 372 1767 οὐδὲ
398 1742 529 1769 πλείστων
550 1743 636 1771 ἀλλων
653 1745 810 1780 προφητῶν.
841 1747 942 1781 Ζητου-

157 1786 248 1822 μένοις
263 1787 292 1813 δὲ
310 1787 361 1822 τῆς
375 1788 445 1814 κατὰ
462 1788 507 1815 τὸν
525 1789 648 1825 Ἀϐραὰμ
668 1790 715 1817 καὶ
731 1791 828 1818 Ἰακὼό
848 1793 940 1818 παιδο-

155 1831 247 1864 ποιίας
261 1833 290 1859 ὲν
303 1832 405 1869 ἑτέροις
421 1833 466 1860 τὸν
482 1834 559 1868 λόγον
576 1835 745 1871 σχολαίτερον
769 1837 940 1864 ἀποδεδώκα-

156 1884 216 1911 μεν,
235 1876 265 1904 ὲν
283 1874 324 1909 οἷς
342 1878 406 1914 περὶ
432 1879 480 1914 τῆς
505 1879 558 1906 τῶν
579 1880 663 1907 πάλαι
685 1880 813 1915 θεοφιλῶν
837 1883 940 1919 ἀνδρῶν

155 1922 328 1959 πολυγαμίας
346 1933 376 1950 τε
396 1925 443 1951 καὶ
464 1925 639 1958 πολυπαιδίας
655 1927 840 1963 διειλήφαμεν,
862 1929 904 1964 ἐφ’
923 1930 940 1956 ἃ

154 1969 203 1997 καὶ
215 1969 263 1996 νόν
273 1970 336 2002 τοὺς
347 1969 504 2006 φιλομαθεῖς
519 1972 725 2009 ἀναπέμπομεν,
741 1973 866 2001 τοσοῦτον
881 1975 940 2002 ἐπι-

156 2015 352 2051 σημηνάμενοι,
363 2016 404 2042 ὅτι
418 2018 464 2043 καί¹
478 2018 549 2044 κατά
559 2020 622 2050 τοὺς
633 2019 681 2054 τῆς
689 2020 794 2055 Καινῆς
804 2021 939 2057 Διαθήκης

154 2061 264 2096 νόμους,
277 2062 307 2088 οὐ
322 2063 438 2098 πάμπαν
456 2064 638 2099 ἀπηγόρευται
649 2065 682 2092 τὰ
696 2066 745 2101 τῆς
758 2067 938 2099 παιδοποιίας,

153 2106 223 2134 ἀλλά
237 2107 288 2134 κάν
297 2108 383 2144 τούτῳ
396 2109 430 2136 τὰ
442 2111 618 2146 παραπλήσια
629 2113 685 2143 τοῖς
696 2112 778 2139 πάλαι
790 2113 939 2147 θεοφιλέων

152 2152 337 2181 διατέτακται.
361 2156 486 2192 «Χρῆναι
508 2157 561 2193 γάρ
587 2166 669 2192 φησιν
690 2158 793 2194 ὁλόγος
816 2160 861 2186 τὸν
881 2160 939 2186 ἐπί-

156 2207 256 2226 σκοπον
286 2201 426 2235 γεγονέναι
463 2204 526 2237 μιᾶς
562 2204 688 2237 γυναικὸς
716 2205 808 2240 ἄνδρα.
829 2215 838 2231 ι
866 2205 938 2241 Πλὴν

155 2243 222 2271 ἀλλὰ
237 2245 294 2277 τοῖς
317 2245 474 2282 ἱερωμένοις
496 2248 541 2274 καὶ
564 2249 627 2284 περ)⁹
644 2249 692 2285 τὴν
713 2249 758 2276 τοῦ
776 2250 843 2276 Θεοῦ
859 2251 939 2286 θερα-

155 2289 234 2317 πείαν
256 2291 464 2327 ἀσχολουμένοις
489 2293 594 2328 ἀνέχειν
620 2294 712 2321 λοιπὸν
741 2296 810 2330 σφᾶς
840 2296 938 2328 αὐτοὺς

994 1702 1055 1721 nem
1079 1695 1237 1726 liberorum,
1262 1696 1336 1723 solus
1364 1703 1426 1722 cum
1457 1697 1568 1729 familia,
1596 1705 1658 1725 cum
1674 1700 1778 1734 reliqua

993 1741 1083 1767 omnia
1104 1749 1274 1776 quaecunque
1289 1747 1379 1769 essent
1391 1743 1417 1769 in
1432 1748 1514 1775 terra,
1528 1743 1682 1777 periissem.
1702 1746 1778 1772 inco-

993 1787 1074 1814 lumis
1096 1792 1291 1819 conservatus,
1317 1788 1442 1822 plurimis
1466 1789 1580 1824 posthac
1609 1791 1778 1824 superfuisse

992 1832 1072 1860 annis
1090 1833 1247 1865 inducitur,
1275 1842 1361 1868 neque
1388 1838 1478 1861 tamen
1508 1843 1624 1870 usquam
1651 1837 1778 1871 genuisse

992 1878 1060 1906 alios
1078 1878 1156 1906 ﬁlios.
1175 1879 1279 1906 Dicitur
1296 1884 1321 1906 et
1338 1879 1412 1907 lsaac
1432 1884 1577 1915 postquam
1592 1889 1624 1908 ex
1641 1890 1692 1909 una
1710 1890 1777 1910 uxo-

992 1931 1021 1951 re
1038 1924 1152 1959 geminm
1165 1925 1250 1959 prolis
1264 1930 1340 1960 pater
1355 1925 1444 1953 factus
1458 1930 1510 1958 est,
1527 1926 1642 1954 desiisse
1655 1935 1716 1954 cum
1731 1929 1776 1955 illa

991 1977 1181 1998 consuescere.
1195 1971 1227 1997 Et
1240 1970 1350 2006 Ioseph,
1365 1979 1426 1998 cum
1441 1973 1591 2006 przesertim
1607 1973 1677 2008 apud
1693 1973 1776 2009 Egy-

991 2016 1062 2051 plins
1077 2022 1200 2044 versatus
1217 2017 1264 2049 sit,
1281 2025 1333 2044 non
1349 2018 1409 2052 plus
1425 2026 1505 2052 quam
1526 2019 1643 2046 duorum
1659 2019 1775 2047 ﬁliorum

991 2066 1068 2096 pater
1093 2063 1230 2090 exstitisse
1260 2063 1406 2096 invenitur,
1429 2072 1545 2099 quorum
1564 2069 1678 2093 matrem
1694 2073 1775 2093 unam

991 2107 1123 2134 duntaxat
1140 2109 1166 2135 in
1185 2109 1357 2137 matrimonio
1370 2110 1504 2138 habuerit.
1517 2111 1576 2146 lpse
1591 2112 1672 2139 etiam
1687 2111 1775 2140 Moses

990 2158 1070 2188 atque
1086 2155 1146 2189 ejus
1162 2154 1247 2182 frater
1258 2156 1359 2188 Aaron,
1373 2159 1517 2191 antequam
1534 2157 1601 2192 ipsis
1612 2157 1683 2185 Deus
1696 2166 1776 2194 appa-

990 2200 1086 2231 ruerit,
1105 2199 1174 2228 ﬁlios
1192 2201 1319 2236 genuisse
1338 2207 1539 2237 memorantur;
1564 2208 1708 2239 postquam
1725 2213 1776 2233 au-

989 2250 1043 2273 tem
1056 2246 1147 2274 divina
1166 2248 1275 2274 oracula
1289 2249 1452 2282 acceperint,
1468 2256 1522 2275 non
1539 2250 1655 2284 amplius
1669 2251 1774 2286 genitos

991 2292 1024 2318 ab
1045 2291 1099 2319 illis
1116 2293 1186 2320 ﬁlios
1202 2292 1335 2321 invenias.
1354 2293 1423 2326 Quid
1446 2301 1527 2328 porro
1544 2295 1579 2322 de
1596 2295 1774 2324 Melchisedec

154 2337 289 2373 προσῆκει
310 2337 361 2372 τῆς
387 2339 508 2374 γαμικῆς
531 2340 647 2375 ὁμιλίας.
675 2341 752 2368 Ὅσοι
775 2341 802 2367 δὲ
827 2342 862 2377 μὴ
886 2342 936 2377 τῆς

992 2342 1029 2366 est
1042 2338 1198 2371 dicendum,
1213 2339 1292 2374 cujus
1307 2340 1418 2366 omnino
1436 2347 1491 2366 non
1509 2340 1590 2373 ﬁlius,
1606 2350 1659 2369 non
1676 2351 1773 2378 genus.

153 2381 286 2418 τοσαύτης
317 2382 445 2418 ἠξίωνται
478 2385 648 2421 ἱερουργίας,
678 2386 782 2419 τούτοις
812 2388 825 2413 6
861 2387 938 2421 λόγος

152 2427 300 2464 καθυφίησι
325 2430 464 2466 μονονουχὶ
488 2430 636 2468 διαρρήδην
661 2432 762 2460 ἅπασιν
784 2433 935 2468 κηρύττων,

151 2474 193 2502 ὅτι
215 2475 248 2512 δὴ
276 2485 286 2501 ι
304 2476 401 2512 Τίμιος
423 2477 438 2503 ὁ
461 2476 548 2512 γάμος
578 2477 623 2504 καὶ
650 2480 666 2513 ἡ
688 2478 765 2514 κοίτη
794 2479 934 2514 ἀμίαντος,

153 2521 269 2558 πόρνους
284 2522 313 2549 δὲ
337 2524 384 2550 καὶ
404 2524 513 2559 μοιχοὺς
525 2518 612 2559 κρινεῖ
634 2526 648 2551 ὁ
661 2525 736 2556 Θεὸς.
750 2535 758 2551 ι
779 2525 869 2552 Ταῦτα
887 2526 936 2561 μὲν

150 2565 196 2594 οὖν
213 2569 254 2600 είς
267 2568 318 2604 τὴν
330 2567 442 2604 πρώτην
455 2570 521 2604 ἡμῖν
537 2571 656 2606 εἰρήσθω
671 2571 813 2606 πρότασιν.

988 2393 1043 2412 non
1069 2386 1208 2413 successio
1235 2385 1368 2413 refertur?
1392 2395 1480 2423 neque
1504 2388 1568 2415 item
1583 2388 1658 2420 Jesu,
1682 2389 1727 2423 qui
1745 2390 1773 2416 in

988 2433 1071 2461 Mosis
1088 2434 1176 2461 locum
1190 2434 1333 2467 successit,
1348 2442 1437 2470 neque
1457 2436 1634 2470 plurimorum
1657 2436 1771 2463 aliorum

987 2479 1190 2514 prophetarum.
1216 2479 1284 2506 Cum
1310 2484 1399 2508 autem
1417 2480 1450 2508 de
1472 2481 1620 2513 Abraham,
1646 2484 1673 2508 et
1686 2480 1771 2508 Iacob

987 2525 1071 2560 quaeri
1090 2526 1186 2557 soleat,
1208 2526 1253 2560 qui
1270 2526 1444 2562 multiplicem
1462 2527 1582 2554 sobolem
1604 2535 1772 2563 propagave-

987 2574 1061 2604 runt,
1081 2572 1145 2599 alibi
1163 2580 1213 2600 nos
1228 2573 1345 2601 otiosius
1365 2574 1480 2609 bujusce
1494 2575 1533 2602 rei
1557 2575 1692 2602 rationem
1709 2576 1771 2603 red-

150 2612 270 2646 didimus
287 2623 294 2642 :
310 2614 355 2641 ubi
372 2614 406 2641 de
419 2619 575 2642 sanctorum
592 2620 709 2643 veterum
727 2617 847 2645 virorum
861 2617 1002 2652 multiplici
1012 2618 1138 2654 conjugio
1148 2618 1344 2654 multiplicique
1357 2619 1449 2647 sobole
1459 2619 1648 2648 disseruimus.
1659 2620 1699 2647 Ad
1711 2629 1771 2656 quae

151 2659 252 2695 Scripta
259 2663 355 2689 nostra
363 2661 389 2688 in
400 2662 525 2696 praesenti
540 2663 677 2691 studiosos
690 2664 804 2693 lectores
813 2665 985 2698 remittimus,
994 2666 1044 2693 hoc
1059 2675 1141 2694 unum
1154 2667 1341 2700 admonentes,
1358 2675 1392 2695 ne
1403 2667 1470 2695 Novi
1484 2667 1594 2703 quidem
1603 2667 1769 2697 Testamenli

150 2706 264 2742 legibus,
277 2716 339 2744 quae
351 2708 386 2736 ad
403 2710 604 2745 susceptionem
620 2712 767 2740 liberorum
781 2714 928 2748 pertinent,
945 2715 1056 2742 omnino
1080 2715 1215 2748 interdici,
1233 2716 1279 2743 sed
1297 2717 1324 2743 in
1356 2716 1407 2743 hoc
1431 2724 1539 2752 quoque
1567 2716 1600 2744 iis
1625 2721 1770 2745 consenta-
1790 2739 1793 2742 .

151 2759 210 2786 nea,
229 2762 291 2791 qua
302 2753 336 2782 de
348 2755 448 2790 priscis
463 2755 516 2783 illis
536 2757 637 2786 sanctis
651 2758 716 2787 viris
733 2763 926 2793 memorantur,
946 2761 1069 2788 instituta
1084 2761 1188 2789 haberi.
1204 2771 1213 2787 ‹
1228 2760 1358 2797 Oportere
1371 2763 1454 2795 enim,
1479 2773 1488 2789 ι
1508 2763 1573 2790 dicit
1607 2771 1698 2791 sermo
1729 2763 1770 2791 di-

151 2801 227 2830 vinus
240 2802 273 2835 l',
292 2812 303 2828 ι
323 2803 483 2838 episcopum
513 2805 596 2832 unius
612 2806 705 2833 uxoris
723 2807 809 2835 virum
825 2816 895 2836 esse.
917 2818 926 2834 ι
946 2809 1138 2837 Verumtamen
1165 2818 1223 2843 eos,
1238 2811 1282 2846 qui
1296 2811 1395 2838 sacrati
1410 2812 1475 2843 sint,
1495 2815 1576 2846 atque
1607 2812 1632 2838 in
1655 2811 1702 2839 Dei
1717 2812 1768 2839 mi-

151 2847 258 2875 nisterio
284 2848 418 2884 cultuque
432 2850 567 2884 occupati,
584 2853 723 2879 continere
736 2853 863 2889 deinceps
875 2855 978 2889 seipsos
994 2862 1007 2881 a
1024 2855 1188 2883 commercio
1205 2856 1297 2884 uxoris
1313 2856 1390 2884 decet
1405 2866 1411 2883 :
1441 2857 1489 2890 qui
1525 2860 1614 2884 autem
1647 2864 1702 2885 non
1734 2855 1767 2884 ad

183 2937 205 2954 “
219 2937 287 2966 Cen.
315 2948 326 2966 ι
341 2959 349 2972 ,
371 2938 417 2966 24.
457 2939 477 2954 ⁸⁵
492 2938 500 2966 Ι
516 2939 584 2966 Tim.
602 2948 642 2974 lll,
658 2942 684 2968 2.
