2053 3218
485 191 505 198 Α

288 231 322 259 83
621 230 753 259 EUSEBII
771 228 1008 258 CASSARIENSIS
1027 227 1080 255 ΟΡ]

1132 226 1212 254 mas
1225 226 1258 255 ιι.
1278 214 1313 248 έ-
1331 213 1587 254 ΑροίοοετῐοΑἶ
1878 221 1914 247 84

288 293 394 317 tantum
417 291 549 326 assumpti
573 291 628 318 sint
654 291 798 318 sacerdotii
822 297 932 320 munus,
957 289 992 316 iis
1018 287 1088 314 idem
1124 293 1214 314 sermo
1241 285 1350 313 divinus
1378 284 1510 319 indulget,
1542 290 1574 309 ac
1597 278 1792 317 propemodum
1818 277 1912 326 palam

289 337 422 366 omnibus
433 324 572 373 praedicat,
591 338 664 373 quod
681 339 774 373 utique
791 347 800 362 ι
822 336 981 364 honorabile
996 335 1030 363 sit
1045 333 1212 367 coniugium,
1228 335 1254 359 et
1273 336 1350 359 torus
1364 331 1564 361 immaculatus,
1591 327 1770 355 fornicatores
1780 331 1807 352 et
1833 324 1907 350 adul-

289 391 363 413 teros
381 387 556 422 judicalurus
573 387 609 414 sit
623 386 694 414 Deus
710 387 741 413 ”.
760 396 771 413 ι
790 386 852 413 Haec
871 386 962 420 itaque
977 382 1055 410 nobis
1072 381 1105 408 ad
1120 381 1232 416 primam
1251 379 1446 407 dubitationem
1461 378 1532 405 dicta
1545 377 1610 404 sint.

565 440 618 476 3r.
635 440 748 468 CAPUT
768 440 801 467 Χ.

290 492 350 520 (μα
376 488 407 514 de
422 496 503 514 causa
518 496 569 514 non
591 488 629 513 ita
644 487 729 518 nobis,
745 486 961 521 quemadmodum
983 485 1076 519 priscis

329 523 465 550 incendere
484 528 507 549 el
536 523 687 556 sacriﬁcare
706 523 757 549 Deo
774 522 909 548 terrestria
921 522 1077 556 permissum

327 563 376 585 est.

330 612 383 641 Sed
401 621 450 641 cur
470 621 525 640 non
545 621 651 641 summo
668 613 732 645 Deo,
754 613 804 648 ipsi
823 620 929 648 queque
951 611 1078 639 animalia

295 660 490 690 sacriﬁcemus,
506 667 569 687 cum
586 663 691 687 veteres
714 659 753 686 illi
776 659 822 685 Dei
840 663 984 691 amatores,
1010 665 1078 692 quo-

294 712 354 732 rum
376 713 426 732 nos
443 705 570 739 pietatem
595 705 696 731 imitari
717 705 844 736 dicimus,
859 704 912 731 hoc
938 703 1079 730 factitave-

295 752 360 783 rint,
386 752 448 779 talis
474 759 488 778 a
511 752 590 779 nobis
620 752 690 778 ratio
706 751 844 779 reddatur.
864 750 902 778 De
924 751 983 785 ipso
1004 750 1078 776 cultu

294 806 374 833 quem
394 802 500 825 veteres
512 802 539 825 et
556 798 636 832 primi
649 798 771 825 homines
783 797 881 824 divina:
893 801 997 825 natum
1007 796 1080 823 exhi-

294 844 400 874 berent,
419 852 472 870 non
490 843 561 871 idem
577 843 650 878 quod
665 843 766 871 Grmcis
786 844 874 870 visum
891 847 942 875 est,
965 847 992 870 et
1007 843 1078 877 quod

295 891 321 916 in
335 889 422 917 sacris
439 889 613 916 Hebraeorum
632 890 708 917 libris
723 890 870 918 invenitur.
888 889 954 916 Nam
969 889 1007 916 illi
1021 889 1081 924 qui-

294 937 355 963 dem
382 939 546 970 putaverunt
567 935 670 971 primos
686 936 819 968 homines,
837 935 940 965 nullum
966 942 1079 970 prorsus

295 981 420 1008 animalis
436 989 532 1016 genus,
547 989 634 1016 neque
651 981 814 1012 sacriﬁcare,
831 989 919 1015 neque
933 979 1080 1008 incendere

295 1028 390 1054 solitos
407 1027 470 1060 diis,
484 1027 531 1055 sed
543 1035 590 1054 eos
607 1028 656 1056 soli
678 1032 704 1055 et
718 1028 830 1062 reliquis
845 1028 906 1055 caeli
931 1026 1077 1058 sideribus.

294 1073 339 1101 ubi
362 1074 447 1101 viride
475 1081 597 1108 gramen,
613 1077 640 1101 et
660 1074 738 1108 quasi
759 1073 891 1108 quasdam
911 1073 1079 1100 fecundioris

1396 433 1543 461 ΚΕΦΔΛΔΙ
1548 433 1592 459 ΟΝ
1611 433 1639 459 Ι’.

1131 481 1189 509 Τίνι
1216 481 1296 516 λᾷγῳ
1317 480 1360 515 μὴ
1380 479 1430 506 καὶ
1457 479 1528 516 ἡμῖν
1543 478 1656 516 ﬁducita;
1682 475 1743 516 τοῖς
1771 475 1912 516 παλαιοῖς

1162 510 1447 577 ιξυμιᾲιλ’κᾶιὈύειν
1470 510 1510 547 τῷ
1535 510 1594 545 Θὲῷ
1614 513 1649 539 τὰ
1668 511 1760 546 γεώδη
1782 510 1912 545 παραδέ-

1181 559 1253 577 οται.

1181 559 1253 577 orat.

1164 609 1230 644 Περὶ
1250 608 1278 634 δὲ
1296 608 1344 634 τοῦ
1366 608 1403 643 μὴ
1423 606 1565 639 ζωοθυτεῖν
1587 605 1659 640 ἡμᾶς
1676 603 1715 639 τῷ
1735 603 1782 629 ἐπὶ
1800 603 1912 630 πάντων

1128 655 1196 689 Θεῷ,
1214 654 1268 682 τῶν
1284 654 1366 681 πάλαι
1380 652 1509 687 θεοφιλῶν
1523 652 1637 687 ἀνδρῶν,
1650 647 1686 677 ὧν
1698 650 1729 685 δή
1743 657 1831 684 φαμεν
1840 648 1912 675 κατὰ

1129 701 1208 736 ζῆλον
1240 700 1411 731 θεοσεϐείας,
1439 699 1517 725 τοῦτο
1545 696 1750 733 πεποιηκότων,
1774 692 1852 726 οὗτος
1881 694 1912 727 ea

1129 747 1208 782 ἡμῶν
1231 747 1374 782 ἀποδοθείη
1399 746 1431 773 ἂν
1452 746 1567 780 όλόγος.
1593 744 1648 778 Οὐχ
1675 743 1769 779 ὣσπερ
1783 742 1913 777 Ἕλλησιν

1129 793 1283 829 ἐνομίζετο,
1308 793 1355 819 καὶ
1375 793 1430 823 τοῖς
1450 791 1581 827 Ἑὸραίων
1609 791 1690 824 ἱεροῖς
1713 789 1800 823 λόγοις
1825 787 1914 815 ταύτὰ

1128 838 1210 870 δοκεῖ,
1235 838 1298 873 περὶ
1319 838 1368 872 τῆς
1384 837 1437 864 τῶν
1455 837 1536 864 πάλαι
1551 836 1597 862 καὶ
1613 834 1727 871 πρώτων
1746 834 1849 870 ἀνδρῶν
1866 833 1913 859 θε-

1131 883 1246 919 ραπείας
1269 883 1315 910 τοῦ
1335 882 1423 910 Θείου.
1448 883 1479 909 Οἱ
1502 882 1549 917 μὲν
1572 881 1673 916 ἔφασαν
1700 881 1737 916 μὴ
1760 879 1834 906 θύειν
1848 879 1913 911 τοὺς

1131 930 1278 965 προτέρους
1293 929 1374 964 μηδὲν
1393 928 1480 955 ότιοῦν
1493 928 1546 955 τῶν
1559 927 1644 960 ζώων,
1662 926 1727 962 μηδὲ
1741 925 1841 961 θομιᾷν
1855 926 1912 956 τοῖς

1131 975 1211 1008 θεοῖς,
1225 975 1280 1002 ἀλλ’
1295 975 1362 1011 ἡλίῳ
1378 975 1437 1010 μὲν,
1455 975 1502 1001 καὶ
1520 976 1575 1006 τοῖς
1592 974 1651 1000 κατ’
1663 972 1776 1008 οὐρανὸν
1789 972 1911 1007 ἄστροις,

1129 1021 1209 1057 χλόην
1235 1023 1281 1048 καὶ
1305 1021 1385 1048 οἱονεί
1413 1029 1473 1047 τινα
1496 1020 1546 1055 τῆς
1571 1019 1681 1054 γονίμου
1702 1018 1808 1053 φύσεως
1832 1017 1913 1052 χνοῦν

1130 1069 1190 1099 ταῖς
1205 1067 1297 1103 χερσὶν
1311 1066 1474 1102 ἀραμένους,
1490 1067 1557 1092 πόαν
1570 1073 1600 1091 τε
1616 1066 1663 1091 καὶ
1677 1065 1762 1100 φύλλα
1777 1064 1823 1090 καὶ
1835 1063 1914 1100 ῥίζας

294 1124 398 1147 natura
418 1120 580 1155 quisquilias
603 1121 728 1148 manibus
750 1119 935 1152 sustulissent,
966 1119 1077 1147 herbam

1132 1113 1286 1140 κατακαίειν
1309 1112 1374 1148 πυρί
1385 1121 1391 1127 ·
1417 1113 1509 1148 πόρρω
1525 1111 1553 1139 δὲ
1567 1111 1739 1147 παρανομίας
1753 1109 1914 1141 ἐλαύνοντας

294 1173 356 1192 cum
371 1166 444 1193 foliis
469 1171 495 1193 et
518 1166 656 1193 radicibus
674 1166 728 1201 igni
751 1165 922 1192 comburere.
939 1164 1078 1192 Posterio-

294 1219 339 1239 res
354 1215 444 1238 autent
458 1212 581 1239 homines
597 1212 691 1246 procul
705 1219 721 1238 a
732 1215 788 1238 tam
804 1215 879 1238 recto
893 1211 1018 1238 instituto
1031 1209 1080 1237 ab-

294 1260 428 1288 errantes,
448 1257 566 1284 fmdasse
591 1265 653 1284 aras
670 1257 829 1284 animalium
847 1256 977 1283 caedibus.
993 1255 1080 1283 Porro

270 1332 274 1338 ,
296 1303 347 1331 hoc
361 1311 422 1331 esse
434 1303 546 1338 impium
558 1308 584 1330 et
596 1304 738 1338 iniustum,
753 1307 780 1331 et
791 1311 925 1338 nusquam
938 1303 993 1330 Deo
1007 1311 1082 1330 acce-

270 1380 273 1382 _
295 1353 372 1384 ptum
389 1349 563 1377 sacriﬁcium.
581 1349 648 1377 Nam
668 1350 810 1377 brutorum
831 1350 948 1385 animam
965 1349 1031 1376 nihil
1047 1350 1081 1377 ab

273 1432 276 1435 .
297 1395 436 1422 hominum
446 1395 570 1422 rationali
582 1396 671 1423 anima
683 1395 799 1423 diﬁcrre.
813 1397 983 1431 Quapropter
999 1395 1080 1423 caedis

296 1441 468 1469 accusandos
490 1449 551 1470 esse
571 1450 630 1474 eos,
653 1442 699 1477 qui
727 1442 854 1469 animalia
883 1442 1079 1472 sacriﬁcarent,

296 1487 424 1514 dicobant
440 1497 446 1514 :
462 1495 515 1515 non
531 1495 610 1515 secus
625 1495 656 1515 ac
671 1487 694 1515 si
711 1487 815 1520 eadem,
832 1487 993 1522 similisque,
1010 1492 1036 1514 ct
1053 1488 1081 1515 in

297 1533 407 1561 homine
427 1538 454 1561 et
475 1534 502 1560 in
518 1534 598 1561 bruto
613 1534 703 1560 anima
718 1534 828 1561 inesset.
846 1533 879 1559 Et
898 1533 958 1560 talis
972 1533 1080 1568 quidem

296 1580 331 1607 de
339 1580 457 1615 antiquis
469 1580 625 1608 hominibus
634 1580 726 1614 opinio
736 1581 891 1607 Graecorum
903 1584 1001 1607 exstat.
1017 1580 1081 1613 Quze

297 1631 387 1654 autem
409 1627 434 1653 in
449 1626 559 1662 scriptis
576 1626 751 1654 Hebraeorum
769 1626 877 1661 legitur,
893 1634 946 1653 non
961 1627 1031 1654 talis.
1045 1626 1080 1653 ll-

297 1673 351 1699 lico
369 1672 440 1699 enim
457 1672 545 1699 iactos
571 1672 674 1707 primos
695 1673 837 1705 homines,
862 1678 891 1700 ut
914 1674 1032 1708 primum
1054 1674 1081 1700 in

296 1718 351 1744 vita
370 1717 555 1749 constiterint,
576 1719 734 1746 animalium
756 1719 898 1747 sacriﬁciis
920 1719 975 1747 Deo
996 1720 1082 1746 hono-

295 1770 354 1791 rem
365 1763 522 1791 exhibuisse
537 1769 743 1792 commemorat.
760 1764 830 1792 Dicit
846 1765 937 1800 itaque
950 1775 956 1792 ε
973 1775 982 1791 ‹
997 1765 1030 1792 Ει
1043 1764 1082 1792 fa-

270 1838 275 1842 ,
295 1812 369 1835 ctum
391 1814 433 1836 cst
460 1813 521 1844 post
544 1810 612 1842 dies,
636 1815 665 1837 ut
683 1810 792 1838 oﬁerret
807 1811 873 1838 Cain
896 1811 929 1838 de
947 1811 1082 1839 fructibus

295 1857 376 1882 terrae
391 1855 555 1882 sacriﬁcium
571 1855 695 1883 Domino.
712 1856 781 1883 Tum
800 1856 867 1883 Abel
892 1857 951 1891 ipse
974 1865 1082 1892 quoque

273 1930 276 1939 Ι
296 1900 395 1927 obtulit
407 1900 440 1927 de
458 1901 647 1936 primogenitis
666 1902 757 1928 ovium
773 1909 896 1929 suarum.
913 1901 945 1929 Et
963 1903 1082 1937 respexit

275 1979 278 1982 '
298 1945 369 1973 Deus
383 1945 417 1972 ad
429 1946 507 1979 Abel,
522 1952 549 1974 et
569 1945 604 1973 ad
619 1954 733 1973 munera
751 1947 834 1974 illius.
859 1947 899 1974 Ad
922 1947 990 1974 Cain
1008 1955 1081 1980 vero,

296 1996 324 2019 et
344 1991 376 2019 ad
392 1991 527 2018 sacriﬁcia
547 1993 607 2027 ejus
623 2001 677 2020 non
699 1992 814 2020 attendit
828 1993 860 2019 ¹⁷.
882 2003 891 2019 ι
912 1992 962 2020 Ubi
979 1993 1036 2028 jam
1051 1994 1082 2020 il-

297 2037 343 2064 lud
356 2037 543 2065 considerabis
559 2038 630 2073 quod
648 2038 854 2073 Deo-acccplior
868 2039 958 2066 dictus
973 2040 1019 2072 sit,
1035 2039 1082 2074 qui

274 2120 276 2122 _
297 2083 426 2110 animalia
443 2083 646 2116 sacriﬁcaverit,
663 2092 743 2119 quam
760 2085 783 2112 is
797 2085 843 2119 qui
861 2087 896 2112 ab
918 2093 983 2120 agro
997 2086 1083 2113 sacri-

274 2163 278 2167 _
297 2129 389 2157 licium
404 2130 545 2158 obtulerit.
562 2130 650 2158 Etiam
663 2130 720 2158 Noe
735 2131 860 2165 protinus
871 2131 904 2158 de
919 2131 1025 2158 cunctis
1038 2139 1084 2166 pe-

275 2209 280 2213 ,
296 2176 408 2204 coribus
428 2176 547 2210 mundis,
565 2181 592 2204 et
613 2177 647 2204 de
661 2178 768 2205 cunctis
782 2177 939 2205 volucribus
963 2179 1082 2210 mundis,

274 2251 278 2262 1
296 2222 395 2249 obtulit
417 2222 614 2257 perfectissima
631 2230 745 2250 munera
761 2231 844 2257 super
861 2223 945 2250 altare
959 2233 964 2250 :
985 2224 1083 2250 odora-

297 2273 395 2303 tusque
421 2274 462 2296 est
484 2268 616 2296 Dominus
637 2269 748 2296 odorem
774 2269 927 2297 suavitatis.
946 2269 1083 2297 Abraham

296 2321 406 2348 quoque
421 2313 580 2341 sacriﬁcans
597 2303 766 2341 describitur
781 2324 787 2341 :
805 2318 845 2346 ut,
861 2315 883 2342 si
898 2315 995 2342 divina:
1009 2315 1084 2342 Scri-

295 2364 383 2395 ptura:
391 2360 577 2387 testimonium
589 2361 738 2395 sequimur,
762 2361 879 2396 primum
896 2362 1015 2389 omnium
1031 2361 1083 2397 35

295 2414 326 2433 ex
339 2406 504 2434 animalibus
528 2406 703 2439 sacriﬁcium,
721 2407 820 2442 priscis
835 2407 890 2435 Deo
907 2408 1002 2435 amicis
1019 2409 1084 2435 viris

1129 1161 1192 1192 τοὺς
1210 1160 1278 1196 μετὰ
1296 1159 1381 1186 ταῦτα
1397 1158 1568 1194 ἀνθρώπους,
1591 1157 1704 1193 αἱμάξαι
1720 1157 1783 1188 τοὺς
1805 1156 1914 1192 βωμοὺς

1131 1206 1208 1239 ζώων
1236 1207 1354 1244 σφαγαῖς
1378 1205 1426 1241 (1).
1453 1203 1528 1232 Εἶναι
1550 1204 1579 1231 δὲ
1604 1203 1705 1238 ταύτην
1726 1203 1844 1234 ἀνόσιον,
1865 1201 1915 1229 καὶ

1131 1253 1231 1286 ἄδικον,
1241 1253 1288 1281 καὶ
1298 1252 1421 1287 οὐδαμῶς
1433 1252 1491 1287 Θεῷ
1502 1251 1635 1287 προσφιλῆ
1647 1250 1749 1277 θυσίαν.
1757 1249 1847 1284 Μηδὲν
1857 1248 1914 1284 γὰρ

1131 1301 1179 1336 τῆς
1196 1300 1248 1326 τῶν
1264 1299 1414 1335 ἀνθρώπων
1438 1298 1547 1333 λογικῆς
1568 1298 1655 1332 ψυχῆς
1671 1296 1721 1332 τὴν
1733 1295 1785 1322 τῶν
1809 1295 1915 1329 ἀλόγων

1130 1346 1281 1382 διαφέρειν·
1309 1346 1349 1371 διὸ
1370 1345 1416 1372 καὶ
1438 1345 1518 1379 φόνου
1534 1343 1608 1379 δίκην
1625 1342 1734 1377 ὑπέχειν
1755 1341 1828 1374 ἄξιον
1850 1340 1916 1371 τοὺς

1131 1391 1332 1425 ζωοθυτοῦντας
1355 1391 1481 1426 ἔφασκον,
1506 1390 1543 1421 ὡς
1564 1389 1615 1424 τῆς
1641 1388 1723 1423 αὐτῆς
1752 1387 1798 1414 καὶ
1818 1386 1916 1422 ὁμοίας

1131 1438 1159 1465 ἔν
1172 1447 1200 1465 τε
1217 1437 1353 1473 ἀνθρώπῳ
1370 1437 1417 1463 καὶ
1433 1437 1461 1463 ἐν
1471 1436 1509 1471 τῷ
1522 1435 1610 1470 ἀλόγῳ
1624 1433 1684 1469 ζὼῳ
1694 1433 1782 1468 ψυχῆς
1795 1434 1915 1472 ἐνυπαρ-

1131 1485 1239 1521 χούσης.
1265 1484 1333 1510 Ἀλλ’
1358 1484 1372 1509 ὁ
1393 1482 1441 1518 μὲν
1466 1482 1520 1508 τῶν
1544 1481 1678 1516 Ἑλλήνων
1702 1480 1765 1517 περὶ
1784 1479 1838 1505 τῶν
1859 1487 1913 1505 πα-

1131 1530 1213 1557 λαιῶν
1234 1530 1312 1564 λόγος
1331 1528 1434 1555 τοιόσδε
1451 1536 1492 1559 τις
1511 1524 1544 1563 ἦν
1556 1535 1562 1541 '
1585 1527 1600 1553 ὁ
1617 1526 1645 1552 δέ
1659 1535 1691 1560 γε
1710 1526 1760 1561 τῆς
1779 1524 1913 1560 Ἐϐραίων

1130 1577 1241 1612 Γραφῆς
1261 1576 1292 1601 οὐ
1315 1575 1443 1606 τοιοῦτος.
1471 1573 1540 1604 Τοὺς
1552 1571 1607 1608 γάρ
1628 1580 1669 1598 τοι
1690 1570 1813 1606 πρώτους
1833 1569 1915 1601 εὐθὺς

1131 1623 1291 1658 γενομένους
1309 1620 1468 1656 ἀνθρώπους
1491 1618 1548 1654 ἅμα
1559 1619 1591 1654 τῇ
1607 1617 1702 1654 πρώτῃ
1716 1617 1843 1644 συστάσει
1867 1614 1915 1642 τοῦ

1133 1669 1190 1704 βίου
1205 1668 1309 1699 θυσίαις
1321 1668 1379 1698 ταῖς
1390 1666 1443 1693 ἀπὸ
1456 1665 1532 1697 ζώων
1547 1664 1657 1700 τιμῆσαι
1672 1663 1701 1689 τὸ
1713 1663 1789 1689 Θεῖον
1803 1662 1914 1698 ἱστορεῖ.

1132 1715 1212 1748 Λέγει
1234 1714 1256 1739 δ’
1279 1711 1336 1740 οὖν’
1363 1723 1371 1738 ι
1385 1713 1440 1740 Καὶ
1465 1711 1572 1745 ἐγένετο
1590 1709 1648 1745 μεθ’
1668 1708 1791 1744 ἡμέρας.
1816 1708 1917 1743 ἤνεγκε

1133 1762 1202 1788 Κάῖν
1220 1761 1274 1787 ἀπὸ
1293 1759 1347 1786 τῶν
1367 1758 1480 1795 καρπῶν
1501 1758 1549 1791 τῆς
1567 1757 1618 1791 γῆς
1641 1755 1735 1782 θυσίαν
1752 1753 1792 1788 τῷ
1808 1752 1914 1788 Κυρίῳ·

1133 1806 1180 1832 καὶ
1196 1804 1280 1831 ’Ἅϐελ
1299 1805 1397 1839 ἤνεγκε
1420 1803 1467 1829 κα)⁸
1490 1802 1570 1832 αὐτὸς
1595 1800 1647 1827 ἀπὸ
1667 1800 1720 1826 τῶν
1737 1798 1917 1834 πρωτοτόκων

1132 1851 1186 1878 τῶν
1202 1851 1345 1887 προϐάτων
1359 1849 1451 1876 αὐτοῦ.
1474 1848 1529 1875 Καὶ
1544 1848 1647 1874 ἐπεῖδεν
1664 1847 1678 1872 ὁ
1692 1845 1758 1876 Θεδς
1776 1845 1822 1870 ἐπὶ
1835 1843 1918 1870 Ἅϐελ

1133 1899 1180 1925 καὶ
1201 1898 1246 1924 ἐπὶ
1267 1898 1323 1928 τοῖς
1341 1895 1436 1931 δώροις
1459 1893 1560 1921 αὑτοῦ·
1581 1893 1626 1918 ἐπὶ
1648 1891 1676 1918 δὲ
1698 1891 1767 1917 Κάἵν
1788 1890 1835 1916 καὶ
1856 1889 1918 1920 ταῖς

1133 1945 1239 1976 θυσίαις
1252 1942 1333 1970 αὐτοῦ
1350 1943 1380 1968 οὺ
1393 1940 1552 1977 προσέσχεν.
1571 1948 1580 1965 ι
1601 1937 1685 1965 Ἔνθα
1698 1937 1729 1973 δὴ
1749 1937 1917 1972 ἐπιστήσεις,

1133 1992 1170 2024 ὡς
1191 1991 1289 2027 μᾶλλον
1315 1991 1329 2016 ὁ
1349 1987 1521 2023 ζωοθυτήσας
1545 1985 1692 2016 ἀπόδεκτος
1715 1983 1821 2019 εἴρηται
1841 1981 1919 2018 παρά

1133 2038 1178 2064 τὸν
1201 2037 1255 2063 ἀπὸ
1281 2036 1332 2071 γῆς
1358 2033 1567 2070 προσαγαγόντα
1592 2031 1630 2067 τῷ
1650 2030 1709 2066 Θεῷ
1732 2030 1782 2065 τὴν
1812 2027 1917 2055 θυσίαν.

1133 2084 1189 2110 Καὶ
1212 2083 1273 2109 Νῶε
1294 2081 1322 2107 δὲ
1342 2081 1421 2113 εὐθὺς
1443 2081 1497 2107 ἀπὸ
1521 2079 1629 2106 πάντων
1656 2077 1708 2103 τῶν
1732 2074 1839 2111 κτηνῶν
1863 2074 1919 2101 τῶν

1134 2129 1278 2165 καθαρῶν,
1300 2128 1348 2154 καὶ
1367 2129 1421 2155 ἀπὸ
1444 2127 1551 2153 πάντων
1574 2125 1627 2152 τῶν
1652 2122 1759 2158 πτηνῶν
1789 2121 1843 2148 τῶν
1865 2129 1915 2148 κα-

1134 2177 1223 2212 θαρῶν
1256 2176 1403 2211 ἀνήνεγκεν
1434 2171 1636 2207 όλοκαρπώσεις
1655 2170 1701 2195 ἐπὶ
1719 2169 1749 2195 τὸ
1771 2167 1920 2212 θυσιαστήέ

1135 2231 1202 2258 ριον,
1226 2222 1272 2248 καὶ
1291 2219 1437 2256 ὼσφρὰνθη
1461 2218 1562 2254 Κύριος
1587 2215 1673 2251 ὀσμὴν
1694 2213 1815 2244 εὐωδίας.
1838 2211 1920 2238 Ἀλλά

1134 2257 1181 2294 καὶ
1199 2266 1323 2302 Ἀϐραὰμ
1341 2266 1423 2297 θύσας
1445 2265 1666 2299 ἀναγέγραπται·
1682 2259 1761 2292 ὥστε,
1779 2257 1850 2285 κατὰ
1869 2257 1920 2294 τὴν

1134 2315 1183 2350 τῆς
1197 2313 1270 2344 θείας
1279 2312 1390 2350 Γραφῆς
1415 2309 1576 2346 μαρτυρίαν,
1586 2306 1697 2342 πρώτην
1720 2304 1854 2350 ἁπάντων
1867 2304 1918 2350 τὴν

1134 2348 1178 2388 διά
1195 2359 1271 2392 ζώων
1291 2348 1384 2384 θυσίαν
1397 2354 1585 2390 ὲπινενοῆσθαι
1601 2354 1655 2384 τοῖς
1674 2351 1755 2377 πάλαι
1772 2348 1918 2383 θεοφιλέσι.

1135 2406 1235 2434 Τούτου
1252 2405 1280 2432 δὲ
1290 2405 1335 2431 τὸν
1351 2401 1479 2438 λογισμὸν
1494 2400 1612 2436 ἡγοῦμαι
1625 2396 1693 2424 εἶναι
1704 2397 1732 2423 οὺ
1744 2396 1788 2422 τὸν
1802 2396 1920 2430 τυχόντα

295 2452 478 2487 excogitatum
491 2451 586 2484 fuisse,
600 2459 650 2479 nos
667 2451 758 2479 dicere
772 2457 904 2487 oporteat.
921 2453 1006 2486 Quam
1019 2461 1080 2480 sane

1137 2453 1189 2479 οὐδ’
1204 2450 1379 2487 ἀνθρωπίνως
1395 2446 1580 2482 κεκινημένον,
1592 2445 1663 2471 κατὰ
1677 2443 1752 2470 θείαν
1763 2442 1784 2468 δ’
1798 2442 1919 2469 ἐπίνοιαν

294 2498 521 2534 excogitationem
537 2502 639 2526 temere
654 2499 803 2531 exstitisse,
820 2503 866 2526 aut
877 2499 994 2526 humano
1007 2507 1082 2527 more

295 2549 427 2578 exortam,
438 2545 591 2580 putandum
609 2553 665 2572 non
679 2550 731 2578 est,
746 2546 792 2574 sed
806 2546 898 2573 divino
911 2547 1000 2580 potius
1014 2551 1082 2574 nutu

297 2593 471 2621 insinuatam.
489 2593 594 2621 Etenim
612 2601 673 2621 cum
688 2602 795 2621 morum
807 2594 952 2621 sanctitate
969 2598 1081 2628 praesta-

297 2643 366 2670 rent,
384 2638 492 2674 Deoque
507 2639 614 2674 penitus
629 2640 729 2667 addicti
742 2643 844 2670 essent,
861 2643 888 2666 et
903 2639 938 2667 ob
952 2647 1011 2666 eam
1025 2647 1081 2667 rem

292 2684 374 2719 quasi
392 2684 485 2711 dirino
496 2684 599 2720 Spiritu
621 2686 747 2713 illustrati
769 2686 901 2717 viderent,
918 2693 1016 2721 magno
1029 2686 1080 2713 sibi

292 2739 361 2765 opus
375 2737 437 2758 esse
451 2731 593 2766 obsequio,
606 2732 628 2759 si
645 2740 694 2759 sua
710 2732 830 2767 ipsorum
849 2732 966 2758 humana
983 2730 1081 2759 delicta

293 2777 399 2805 diluere
412 2777 531 2804 vellent:
548 2779 664 2813 pretium
691 2787 739 2814 pro
756 2779 843 2806 salute
862 2786 910 2806 sua
926 2780 961 2811 ei,
980 2779 1026 2814 qui
1042 2780 1081 2806 vi-

276 2879 279 2883 .
329 2853 350 2868 “
370 2854 452 2882 Hebr.
471 2864 529 2887 xm,
552 2857 578 2882 ό.
620 2858 639 2872 ¹⁷
655 2857 722 2884 Gen.
747 2866 783 2888 Iv,
802 2857 861 2884 5-5.

1137 2498 1364 2533 ὑποϐεϐλημένον.
1389 2494 1495 2529 Ἐπειδὴ
1512 2493 1566 2528 γὰρ
1578 2491 1679 2526 ἑώρων,
1695 2490 1743 2517 ἆτε
1759 2489 1803 2516 τὸν
1819 2489 1919 2524 τρόπον

1136 2545 1255 2577 εὐσεϐεῖς
1277 2544 1322 2570 καὶ
1345 2541 1404 2577 Θεῷ
1424 2538 1669 2576 προσῳκειωμένοι,
1693 2536 1756 2571 θείῳ
1776 2544 1806 2561 τε
1831 2533 1919 2561 Πνεύ-

1138 2603 1202 2630 ματι
1216 2592 1264 2624 τὰς
1274 2590 1362 2626 ψυχὰς
1379 2586 1586 2622 πεφωτισμένοι,
1605 2584 1723 2620 μεγάλης
1734 2582 1824 2612 αὐτοῖς
1839 2581 1920 2630 θερα-

1136 2642 1215 2673 πείας
1231 2640 1286 2665 δεῖν
1307 2639 1346 2669 είς
1361 2635 1546 2670 ἀποκάθαρσιν
1562 2633 1614 2660 τῶν
1634 2631 1737 2667 θνητῶν
1758 2629 1921 2664 πλημμελη-

1138 2688 1240 2724 μάτων,
1257 2685 1353 2720 λύτρον
1376 2683 1425 2718 τῆς
1443 2681 1531 2708 αὐτῶν
1555 2679 1699 2724 σωτηρίας,
1716 2676 1754 2724 τῶ
1775 2676 1836 2724 καὶ-
1845 2673 1920 2710 ζωῆς

1134 2719 1181 2758 καὶ
1201 2729 1288 2764 ψυχῆς
1309 2719 1422 2764 χορηγῷ
1447 2723 1668 2762 προσοφείλεσθαι
1682 2721 1806 2758 ἡγοῦντο·
1824 2719 1921 2746 ἔπειτα.

1138 2777 1220 2814 μηδὲν
1238 2778 1359 2813 κρεῖττον
1385 2775 1431 2803 καὶ
1453 2773 1611 2810 τιμιώτερον
1634 2771 1683 2806 τῆς
1703 2769 1804 2800 οἰκείας
1829 2766 1920 2804 ψυχῆς

332 2945 368 2979 (1)
392 2946 460 2974 Sunt
477 2948 531 2975 hac
545 2948 687 2981 desumpta
703 2956 716 2974 ε
733 2948 820 2982 primo
835 2948 903 2974 libro
921 2926 1062 2981 Porphyrii

1132 2944 1149 2970 κὶ
1167 2944 1284 2978 ἁποχης
