2053 3218
159 220 195 248 85
606 212 932 243 DEMONSTRATIONIS
948 209 1175 239 EVANGELICAS
1192 208 1255 236 UB.
1271 208 1292 236 Ι.
1748 205 1782 229 86

150 279 304 315 ηκαθιεροῦν
328 279 446 315 ἔχοντες,
469 277 529 305 ἀντὶ
548 277 652 312 ταύτης
672 277 741 307 τέως
764 275 811 311 τὴν
834 275 877 301 διὰ
896 273 950 300 τῶν

1013 280 1055 300 am
1072 277 1152 307 atque
1162 271 1280 297 animam
1296 268 1467 304 praebuisset,
1478 275 1507 295 se
1520 266 1618 294 debere
1629 265 1760 300 putabant
1773 275 1781 293 :

160 325 266 359 ἀλόγων
285 324 366 357 ζώων
386 324 520 360 προσῆγον
534 322 639 354 θυσίαν,
655 322 704 357 τῆς
717 321 790 356 σφῶν
804 321 892 356 ψυχῆς
906 321 952 346 ἀν-

162 371 260 405 τίψυχα
284 370 515 406 προσκομίζοντες
525 377 532 384 °
546 369 622 395 οὐδὲν
637 367 708 394 κατὰ
730 367 807 393 τοῦτο
825 366 953 401 πλημμε-

163 417 228 449 λεῖν,
241 417 297 444 οὐδ’
313 417 416 444 ἀδικεῖν
431 416 586 452 ἡγούμενοι,
599 415 639 441 ὅτι
659 413 726 449 μηδὲ
739 414 773 449 τῇ
786 412 839 440 τῶν
850 411 953 448 ἀνθρώ-

164 471 223 490 πων
245 463 341 498 λογικῇ
368 463 415 489 καὶ
436 463 515 498 νοερᾷ
540 461 653 496 δυνάμει
676 459 868 496 παραπλησίαν
884 457 952 485 εἶναι

164 509 213 545 τὴν
228 509 316 544 ψυχὴν
327 509 380 535 τῶν
393 509 495 542 ἀλόγων
507 507 687 538 ἐπαιδεύοντο,
698 506 751 532 οὐδ’
766 506 829 532 ἄλλο
842 514 869 532 τι
884 502 952 531 εἶναι

166 556 250 591 αὐτὴν
265 555 281 591 ἢ
302 555 332 582 τὸ
345 551 414 590 αἷμα
428 554 516 580 αὐτῶν
532 552 732 588 μεμαθηκότες,
745 551 791 578 καὶ
808 551 856 588 τὴν
871 553 899 578 ὲν
915 550 954 585 τῷ

167 603 261 637 αἵματι
290 601 409 636 ζωτικὴν
436 600 560 634 δύναμιν,
588 599 601 626 ὃ
630 599 677 625 καὶ
703 597 831 633 παρέχειν
856 597 953 628 αὐτοὺς

167 647 261 684 ὥσπερ
272 646 361 682 ψυχὴν
372 646 431 672 ἀντὶ
444 646 533 681 ψυχῆς
545 645 728 680 ἀναφέροντας
740 644 777 679 τῷ
787 643 856 678 Θεῷ.
869 643 955 669 Τοῦτο

167 693 195 720 δὲ
217 693 282 720 αὐτὸ
308 692 408 728 Μωσῆς
432 692 579 718 λευκότατά
605 700 655 718 που
682 691 818 725 διασαφεῖ,
849 688 952 723 λέγων·

170 749 181 765 ι
202 739 284 774 Ψυχὴ
306 739 395 774 πάσης
422 737 520 774 σαρκὸς
545 735 614 772 αἷμα
635 736 717 764 αὐτοῦ
741 737 808 766 ἐστι,
831 735 878 762 καὶ
900 733 955 768 ἐγὼ

167 784 272 812 δέδωκα
294 785 357 820 ὑμῖν
381 784 411 810 τὸ
428 781 496 819 αἷμα
514 783 560 810 ἐπὶ
575 782 621 809 τοῦ
645 781 848 817 θυσιαστηρίου,
865 780 955 813 ἐξιλά-

169 831 282 860 σκεσθαι
299 830 362 865 περὶ
376 829 428 856 τῶν
442 829 584 865 ἁμαρτιῶν
608 828 696 864 ὑμῶν.
710 828 746 854 Τὺ
759 827 812 862 γὰρ
827 824 895 862 αἷμα
909 827 957 852 αὺ-

168 875 225 902 τῶν
248 875 308 901 ἀντὶ
328 874 417 909 ψυχῆς
437 873 596 906 ὲξιλάσεται.
616 873 664 899 Διὰ
689 872 766 898 τοῦτο
783 872 879 906 εἴρηκα
901 871 956 901 τοῖς

169 922 238 952 υἱοῖς
265 920 391 957 Ἰσραήλ·
419 920 496 946 Πᾶσα
525 919 598 954 ψυχὴ
627 918 656 951 ἐξ
686 918 763 953 ὑμῶν
786 917 816 943 οὺ
840 917 956 951 φάγεται

168 964 250 1002 αἷμα.
274 976 282 992 ι
304 966 425 1001 Πρόσχες
446 965 511 1000 γοῦν
535 965 671 1001 ἐπιμελῶς
690 965 719 990 ἐν
742 963 857 995 τούτοις,
882 963 955 994 ὅπως

170 1011 278 1046 εἴρηται
293 1011 334 1043 τὺ,
354 1020 363 1036 ε
393 1010 461 1045 Ἐγὼ
481 1011 584 1037 δέδωκα
603 1010 666 1045 ὑμῖν
689 1010 735 1036 ἐπὶ
749 1008 796 1035 τοῦ
811 1008 956 1042 θυσιαστη-

171 1057 230 1092 ρίου
255 1056 442 1089 ἐξιλάσκεσθαι
464 1056 528 1092 ’περὶ¹
549 1055 604 1082 τῶν
623 1055 715 1090 ψυχῶν
735 1054 826 1089 ὑμῶν’
849 1054 879 1080 τὸ
902 1053 956 1089 γὰρ

169 1100 239 1138 αἷμα
253 1103 314 1129 ἀντὶ
328 1103 377 1138 τῆς
391 1103 478 1138 ψυχῆς
499 1102 659 1135 ὲξιλάσεται.
681 1111 688 1126 ι
716 1100 812 1134 Σαφῶς
822 1100 876 1136 γὰρ
897 1100 957 1126 ἀντὶ

169 1150 221 1185 τῆς
235 1149 409 1184 ἀνθρωπίνης
422 1149 509 1183 ψυχῆς
525 1148 556 1174 τὸ
570 1147 624 1174 τῶν
642 1146 863 1182 σφαγιαζομένων
881 1144 957 1178 ζώων

170 1192 240 1230 αἷμά
253 1204 336 1231 φησιν
359 1194 557 1228 ἐξιλάσκεσθαι.
573 1193 658 1220 Τοῦτο
675 1193 703 1219 δὲ
721 1193 787 1219 αὐτὸ
804 1192 851 1219 καὶ
865 1192 879 1217 ό
895 1192 958 1227 περὶ

170 1242 225 1269 τῶν
239 1241 339 1268 θυσιῶν
360 1242 441 1276 νόμος
455 1240 598 1267 ὑποϐάλλει
610 1241 678 1266 νοεῖν
692 1239 732 1274 τῷ
745 1239 958 1274 τεθεωρημένως

172 1287 328 1314 σκοποῦντι.
346 1287 438 1314 Πάντα
457 1286 521 1320 γοῦν
538 1287 584 1312 τὸν
607 1285 704 1312 θύοντα
718 1285 766 1316 τὰς
788 1285 880 1320 χεῖρας
900 1285 958 1310 em—

171 1331 280 1360 ϐάλλειν
296 1332 458 1366 προστάττει
479 1332 511 1366 τῇ
530 1330 634 1366 κεφαλῇ
650 1330 697 1357 τοῦ
716 1330 858 1365 θυομένου,
876 1337 958 1363 προσ-

172 1377 297 1413 κομιζειν
313 1377 341 1404 δὲ
358 1377 388 1404 τὺ
403 1377 472 1409 ζῶον
488 1376 527 1412 τῷ
543 1377 610 1412 ἱερεῖ
621 1377 670 1411 τῆς
687 1376 806 1410 κεφαλῆς
821 1375 958 1410 ἐχόμενον,

171 1423 274 1451 ὡσανεὶ
288 1423 359 1460 ὑπὲρ
378 1423 427 1458 τῆς
444 1421 540 1450 ἑαυτοῦ
555 1422 675 1457 κεφαλῆς
688 1422 718 1448 τὸ
734 1423 831 1458 ἱερεῖον
843 1420 961 1456 προσφέ-

175 1478 265 1506 ροντα.
287 1470 369 1504 Λέγει
392 1469 414 1496 δ’
438 1467 484 1496 οὖν
506 1470 549 1504 ἐφ’
566 1469 681 1504 ἑκάστῳ·
702 1478 710 1494 ι
737 1466 870 1504 Προσάξει
895 1467 960 1494 αὐτὸ

172 1515 263 1543 ἔναντι
282 1515 395 1552 Κυρίου,
411 1516 457 1543 καὶ
479 1515 606 1551 ἐπιθήσει
628 1515 677 1546 τὰς
697 1515 790 1550 χεῖρας
813 1513 895 1540 αὐτοῦ
917 1513 962 1539 ἐπὶ

173 1562 224 1598 τὴν
240 1562 361 1597 κεφαλὴν
383 1562 429 1588 τοῦ
455 1562 553 1598 δώρου.
575 1571 584 1587 ι
608 1562 665 1588 Καὶ
679 1560 765 1592 οὓτως
781 1561 822 1594 ἐφ’
847 1559 961 1586 ἑκάστου

173 1609 323 1644 τετήρηται
336 1607 464 1643 θύματος,
479 1608 606 1643 οὐδεμιᾶς
621 1607 715 1639 θυσίας
731 1606 816 1637 ἄλλως
831 1606 963 1641 ἀναφερο-

176 1655 271 1690 μένης.
287 1655 326 1681 Δι’
343 1650 379 1680 ὧν
396 1656 412 1680 δ
431 1654 519 1688 λόγος,
535 1654 575 1680 ὅτι
595 1653 627 1689 δὴ
643 1652 776 1688 ἀντίψυχα
800 1652 851 1687 τῆς
873 1651 962 1678 αὐτῶν

173 1701 264 1736 ψυχῆς
278 1701 429 1736 προσήγετο
438 1700 472 1726 τὰ
483 1699 689 1734 ζωοθυτούμενα
699 1707 706 1714 ·
724 1700 738 1725 ὁ
757 1698 784 1724 δὲ
795 1698 847 1724 τῶν
858 1697 963 1731 ἀλόγων

175 1746 253 1779 ζώων
274 1746 303 1772 τὸ
318 1744 386 1781 αἷμα
400 1745 450 1782 τὴν
467 1745 554 1780 ψυχὴν
570 1743 639 1772 εἶναι
655 1744 763 1776 διδάξας
778 1743 901 1778 οὐδαμῶς
921 1743 964 1768 λο-

175 1792 257 1827 γικῆς
272 1793 319 1819 καὶ
332 1793 427 1828 νοερᾶς
443 1792 535 1823 οὐσίας
551 1791 650 1826 ὁμοίως
664 1792 720 1822 τοῖς
730 1789 882 1825 ἀνθρώποις
899 1796 963 1823 μετ-

176 1838 249 1874 έχειν
263 1838 332 1865 αὐτὰ
346 1838 522 1874 παρίστησιψ
546 1834 614 1864 εἶναι
639 1836 693 1872 γὰρ
708 1835 795 1862 αὐτῶν
807 1836 856 1870 τὴν
871 1834 964 1860 σύστα-

177 1893 220 1911 σιν
236 1884 267 1916 ἐξ
281 1884 347 1920 ὕλης
365 1884 411 1911 καὶ
428 1885 571 1918 σωμάτων,
584 1883 640 1914 τοῖς
653 1881 706 1909 ἀπὸ
726 1881 776 1916 γῆς
794 1881 963 1916 βλαστήμασι

177 1929 225 1956 καὶ
247 1931 339 1963 φυτοῖς
364 1928 565 1964 παραπλησίαν.
589 1928 646 1954 Ἑνὶ
661 1927 682 1954 δ’
703 1925 748 1953 οὖν
767 1926 841 1961 λόγῳ
857 1926 936 1952 πάλιν
950 1925 964 1951 ὀ

177 1974 281 2009 Μωσῆς
301 1983 367 2009 φησι
388 1975 433 2001 τὸν
451 1974 516 2001 Θεὸν
541 1975 642 2001 εἰπεῖν’
666 1983 675 1999 ι
695 1972 904 2008 Βλαστησάτωή
928 1972 965 2008 γῆ

179 2019 295 2056 βοτάνην
310 2021 415 2056 χόρτου,
434 2021 543 2054 σπεῖρον
568 2020 676 2055 σπέρμα
697 2020 744 2046 καὶ
766 2018 845 2052 ξύλον
867 2019 965 2054 κάρπι-

182 2073 242 2100 μον.
259 2075 267 2090 ι
285 2066 340 2092 Καὶ
356 2063 433 2097 αὖθις
449 2065 655 2101 παραπλησίως·
678 2074 687 2091 ι
715 2064 885 2098 Ἐξαγαγέτω
900 2065 916 2099 ὴ
929 2064 963 2098 γῆ

178 2111 339 2146 τετράποδα,
361 2112 408 2137 καὶ
430 2111 546 2146 ἑρπετὰ,
569 2112 616 2138 καὶ
641 2111 722 2146 θηρία
746 2111 796 2146 τῆς
820 2111 870 2145 γῆς
895 2110 965 2137 κατὰ

179 2156 266 2191 γένος.
289 2166 298 2181 ι
319 2157 398 2182 Ὥστε
412 2157 564 2191 ὁμοιογενῆ,
580 2157 627 2183 καὶ
646 2157 762 2192 ὁμοφυῆ,
776 2157 823 2183 καὶ
837 2156 965 2191 ὁμοούσια

179 2201 250 2229 εἶναι
265 2203 388 2237 ἡγεῖσθαι
404 2204 460 2234 τοῖς
474 2204 528 2230 ἀπὸ
544 2204 596 2238 γῆς
618 2203 788 2238 βλαστήμασι
802 2202 848 2229 καὶ
873 2204 965 2237 φυτοῖς

178 2248 214 2275 τὰ
227 2249 327 2282 ἄλογα·
345 2248 385 2274 διὸ
407 2249 453 2275 καὶ
478 2249 610 2284 μηδαμῶς
628 2249 796 2283 πλημμελεῖν
814 2248 877 2280 τοὺς
897 2247 964 2280 ζωο-

179 2292 336 2325 θυτοῦντας.
346 2294 459 2330 Εἴρηται
470 2294 534 2329 γοῦν
545 2295 591 2321 καὶ
599 2294 638 2330 τῷ
648 2294 720 2326 Νῶε,
729 2294 833 2321 ἔδεσθαι
841 2294 919 2330 κρέα,
928 2294 966 2326 ὡς

178 2338 281 2375 λάχανα
288 2340 459 2375 ἀγροῦ.”Εως
468 2341 516 2376 μὲν
526 2339 571 2367 οὖν
581 2340 685 2367 οὐδέπω
692 2341 721 2367 τὸ
730 2341 862 2376 κρεῖττον,
869 2340 928 2367 οὐδὲ
936 2340 966 2366 τὸ

180 2385 252 2420 μέγα
275 2386 322 2412 καὶ
340 2386 439 2422 τίμιον,
455 2387 500 2413 καὶ
512 2386 661 2422 θεοπρεπὲς
679 2387 790 2421 σφάγιον
807 2387 896 2422 παρῆν
918 2387 965 2413 ἁν-

178 2430 306 2466 θρώποις,
316 2433 374 2463 ταῖς
381 2432 425 2458 διὰ
432 2432 508 2464 ζώων
516 2432 620 2464 θυσίαις
627 2432 712 2468 λύτρα
718 2432 766 2467 τῆς
775 2431 876 2459 ἑαυτῶν
883 2432 963 2468 ζωῆς,

177 2477 226 2503 καὶ
241 2477 375 2513 ἀντίψυχα
388 2479 437 2514 τῆς
451 2479 553 2510 οἰκείας
572 2478 677 2514 φύσεως
694 2479 883 2513 προσηκόντως
897 2479 965 2505 ἀπο-

177 2522 276 2551 διδόναι
293 2524 362 2560 χρῆν
378 2524 416 2560 τῷ
427 2524 500 2560 Θεῷ·
516 2525 553 2557 ὼς
567 2526 613 2551 καὶ
631 2525 763 2560 ἔπραττον
775 2525 798 2551 οἱ
814 2525 896 2551 πάλαι
908 2524 966 2550 θεο-

178 2570 275 2605 φιλεῖς,
289 2570 386 2604 σεμνόν
402 2579 427 2596 τι
441 2571 487 2596 καὶ
504 2571 624 2605 θεοφιλὲς
636 2571 682 2597 καὶ
699 2570 769 2606 μέγα
785 2571 880 2606 ἱερεῖον
893 2570 966 2605 ἥξειν

179 2616 244 2643 ποτὲ
257 2617 297 2647 εἰς
312 2615 471 2651 ἀνθρώπους
483 2616 522 2652 τῷ
534 2617 598 2652 θείῳ
610 2617 748 2652 Πνεύματι
760 2616 964 2652 προειληφότες,

178 2661 208 2688 τὸ
221 2662 268 2688 τοῦ
289 2662 391 2694 παντὸς
407 2662 554 2698 καθάρσιον
566 2663 676 2698 κόσμου,
690 2661 720 2690 οὗ
735 2663 782 2690 καὶ
795 2662 829 2689 τὰ
843 2661 964 2698 σύμϐολα

179 2706 247 2739 τέως
263 2707 397 2735 ἐπιτελεῖν
418 2709 515 2740 αὐτοὺς
531 2709 671 2744 προφήτας
687 2709 776 2740 ὄντας,
795 2708 841 2735 καὶ
855 2708 884 2734 τὸ
903 2707 965 2743 μέλ-

180 2751 224 2778 λον
247 2752 358 2779 ἔσεσθαι
380 2753 627 2789 προτυπωμένους·
656 2753 746 2788 ἐπειδὴ
769 2753 797 2780 δὲ
815 2753 845 2779 τὺ
864 2753 965 2779 τέλειον

181 2798 282 2833 παρῆν,
298 2800 353 2829 τοῖς
375 2798 428 2824 τῶν
451 2798 597 2835 προφητῶν
614 2798 766 2830 ἀκολούθως
785 2798 962 2833 θεσπίσμασι,

181 2842 302 2870 πέπαυτο
320 2843 354 2869 τὰ
371 2843 468 2879 πρῶτα
490 2844 537 2871 καὶ
559 2843 652 2870 λέλυτο
671 2844 841 2879 παραχρῆμα
853 2843 897 2869 διὰ
917 2844 965 2878 τῆς

217 2933 239 2949 ³⁸
261 2932 347 2961 Ιιογίι
367 2941 442 2966 xv”,
473 2933 565 2965 Il,i2.
605 2933 624 2950 "
639 2931 723 2960 chit.
755 2940 795 2965 Ill,
814 2931 839 2963 5,
855 2932 880 2965 8,
899 2931 945 2965 15;

1017 2931 1043 2963 4,
1059 2929 1159 2963 24,29,
1178 2930 1222 2957 55.
1261 2930 1282 2946 ²⁰
1298 2929 1364 2957 Gen.
1382 2937 1399 2961 ι,
1416 2928 1458 2954 Η.

1004 318 1051 346 sed
1066 325 1127 345 cum
1135 317 1203 344 nihil
1216 315 1388 351 praestantius
1410 318 1456 341 aut
1469 313 1616 348 pretiosius
1629 312 1717 339 anima
1735 310 1784 338 sua

1002 365 1144 395 haberent,
1158 362 1230 398 quod
1241 362 1374 393 dicarem,
1389 368 1438 396 pro
1452 360 1503 387 hac
1517 360 1626 386 interim
1641 359 1784 385 brutorum

1003 409 1159 436 animalium
1173 409 1256 436 vitam
1268 406 1426 438 offerebant,
1439 406 1475 433 ita
1491 412 1546 433 suae
1556 405 1677 439 ipsorum
1690 404 1785 430 animae

1003 454 1168 482 sacriﬁcium
1184 453 1250 481 illud
1265 455 1454 487 comparantes
1470 461 1476 478 :
1494 458 1580 485 neque
1591 457 1620 477 se
1633 450 1660 476 in
1672 449 1723 476 hoc
1739 453 1786 475 aut

1002 498 1170 533 delinquere,
1181 502 1227 525 aut
1239 497 1340 532 injuste
1353 497 1441 524 facere
1452 495 1656 522 arbitrabantur
1668 503 1674 521 :
1686 494 1786 529 quippe

1003 544 1050 579 qui
1065 543 1205 570 hominum
1228 543 1382 575 rationalis,
1399 545 1479 576 atque
1495 540 1672 575 intelligentia
1687 539 1784 574 praedi-

1004 594 1038 617 ta:
1059 589 1157 617 anima:
1183 588 1338 623 neutiquam
1361 587 1477 614 similem
1506 585 1648 614 brutorum
1669 585 1785 611 animam

1005 644 1064 664 esse
1076 636 1246 666 didicissent,
1258 642 1345 668 neque
1353 633 1425 660 aliud
1435 632 1579 667 quicquam
1590 638 1671 666 quam
1679 631 1786 657 illorum

1005 683 1174 718 sanguinem,
1198 681 1359 716 vitalemque
1374 681 1401 707 in
1422 687 1454 707 eo
1470 679 1522 705 vim
1541 685 1602 706 esse
1613 685 1684 711 eam,
1699 677 1786 704 edocti

1005 732 1106 760 essent,
1121 728 1227 762 hocque
1240 734 1323 754 unum
1342 725 1461 761 praebere
1474 733 1502 752 se
1510 724 1587 759 quasi
1602 724 1720 750 animam
1733 722 1788 750 Deo

1006 781 1055 808 pro
1071 773 1160 799 anima
1176 771 1330 798 oﬁ‘erentes.
1343 770 1400 797 Hoc
1414 773 1504 797 autem
1522 769 1610 804 ipsum
1622 768 1710 795 Moses
1720 775 1789 802 quo-

1006 818 1068 846 dam
1086 819 1145 845 loco
1160 817 1319 852 planissime
1330 816 1442 848 indicat,
1456 815 1503 842 ubi
1519 815 1557 841 ait
1574 823 1581 840 ε
1598 823 1606 838 ι
1623 813 1718 840 Anima
1730 820 1789 840 om-

1007 864 1050 891 nis
1065 862 1158 890 carnis
1178 861 1290 896 sanguis
1308 861 1368 895 ejus
1383 864 1436 892 est,
1456 865 1483 888 et
1499 867 1549 894 ego
1565 859 1626 886 dedi
1638 859 1715 886 vobis
1729 866 1791 885 san-

1007 909 1115 944 guinem
1141 908 1167 934 in
1189 907 1267 934 altari
1284 906 1318 934 ad
1342 904 1505 940 expiandum
1523 911 1572 939 pro
1600 903 1718 939 peccatis
1744 911 1790 930 ve-

972 959 992 988 l;
1007 956 1072 983 stris
1089 964 1095 982 :
1114 954 1225 990 sanguis
1245 954 1316 981 enim
1330 960 1423 980 eorum
1438 959 1487 987 pro
1499 952 1590 978 anima
1605 951 1734 985 expiabit.
1749 949 1792 976 ld-

1008 1002 1080 1029 circo
1097 1001 1152 1028 dixi
1166 1000 1228 1028 ﬁliis
1250 999 1333 1027 Israel
1350 1009 1356 1025 :
1379 998 1473 1025 Omnis
1489 997 1579 1024 anima
1594 1005 1626 1024 ex
1642 997 1719 1024 vobis
1737 1003 1792 1023 non

1007 1048 1133 1076 comedet
1146 1046 1305 1082 sanguinem
1325 1045 1355 1070 ιδ.
1378 1055 1387 1070 ι
1406 1043 1519 1070 Attende
1537 1042 1619 1078 igitur
1636 1042 1790 1077 diligenter,

1009 1093 1145 1129 quomodo
1165 1093 1193 1119 in
1209 1092 1250 1119 his
1264 1091 1367 1118 dictum
1383 1090 1418 1116 sit
1432 1088 1498 1115 illud
1517 1097 1522 1115 :
1541 1097 1550 1113 ‹
1567 1087 1624 1122 Ego
1639 1087 1699 1114 dedi
1716 1087 1793 1114 vobis

1008 1140 1036 1167 in
1052 1139 1130 1166 altari
1143 1139 1253 1173 expiare
1267 1137 1372 1164 animas
1387 1140 1491 1163 vestras
1505 1143 1512 1167 ;
1530 1134 1642 1169 sanguis
1653 1134 1724 1160 enim
1743 1141 1793 1168 pru

1009 1186 1099 1212 anima
1114 1184 1250 1220 piaculum
1264 1183 1325 1210 erit.
1341 1191 1350 1207 ι
1367 1180 1450 1208 Plane
1459 1180 1530 1207 enim
1543 1187 1592 1214 pro
1602 1180 1719 1206 humana
1734 1179 1794 1206 ani-

1010 1239 1063 1262 ma,
1089 1234 1268 1258 mactatorum
1290 1227 1447 1255 animalium
1473 1226 1632 1260 sanguinem
1656 1227 1793 1260 piaculum

1010 1276 1101 1304 oﬂ'erri
1124 1276 1200 1303 dicit.
1222 1275 1278 1301 Hoc
1294 1273 1364 1300 idem
1380 1271 1461 1298 etiam
1478 1271 1521 1297 lex
1541 1271 1574 1298 de
1593 1271 1735 1298 sacriﬁciis
1747 1271 1794 1298 ad-

1011 1327 1102 1351 monet
1124 1322 1339 1357 intelligenduin,
1357 1321 1380 1348 si
1405 1322 1466 1356 quis
1492 1321 1572 1347 modo
1596 1318 1795 1345 consideratius

1010 1369 1164 1398 attenderit.
1185 1368 1252 1395 Nam
1269 1368 1350 1403 capiti
1363 1368 1478 1395 victima!
1494 1372 1713 1401 unumquemque
1729 1363 1794 1391 dum

1011 1415 1147 1444 sacriﬁcat
1157 1423 1254 1442 manus
1268 1415 1369 1442 habere
1389 1414 1503 1449 injectus
1521 1414 1646 1447 imperat,
1663 1417 1689 1439 et
1706 1410 1739 1437 ad
1751 1417 1795 1437 sa-

1011 1461 1146 1488 cerdotem
1163 1460 1263 1486 animal
1276 1459 1365 1494 ipsum
1377 1458 1511 1486 adducere
1522 1458 1610 1492 capite
1620 1455 1796 1491 comprehen-

1013 1514 1084 1539 sum,
1101 1510 1181 1540 atque
1195 1505 1346 1537 detentum,
1360 1504 1438 1539 quasi
1451 1505 1497 1539 qui
1518 1510 1568 1539 pro
1583 1510 1633 1530 suo
1648 1501 1733 1537 ipsius
1747 1507 1793 1527 ca-

1013 1553 1067 1588 pite
1082 1551 1200 1580 hostiam
1214 1551 1357 1583 exhibeat;
1375 1550 1442 1578 dicit
1457 1551 1538 1585 igitur
1561 1550 1594 1577 de
1612 1555 1796 1583 unoquoque:

1015 1608 1024 1624 ‹
1044 1597 1166 1625 Adducet
1186 1597 1251 1624 illud
1265 1600 1328 1623 ante
1351 1595 1507 1628 Dominum,
1523 1599 1550 1623 et
1565 1596 1685 1630 imponet
1699 1600 1796 1620 manu!

1016 1652 1080 1672 suas
1092 1644 1118 1671 in
1135 1647 1217 1679 caput
1240 1645 1362 1672 muneris
1379 1645 1410 1670 ’⁸.
1429 1654 1438 1670 ι
1455 1642 1532 1676 Quod
1553 1650 1618 1669 sane
1633 1641 1660 1668 in
1671 1641 1744 1667 omni
1755 1640 1797 1666 vi-

1015 1691 1096 1718 ctima
1111 1691 1285 1718 observatum
1300 1695 1351 1723 est,
1376 1699 1437 1718 cum
1463 1690 1542 1716 aliter
1565 1688 1666 1714 nullum
1691 1686 1797 1714 sacriﬁ-

1015 1739 1086 1765 cium
1111 1736 1250 1763 olferatur.
1265 1736 1302 1762 Ex
1320 1737 1419 1771 quibus
1437 1736 1529 1769 utique
1545 1733 1636 1761 verbis
1652 1739 1741 1760 sermo
1756 1731 1798 1758 di-

1015 1784 1094 1810 vinus
1121 1782 1187 1809 illud
1204 1781 1317 1817 intelligi
1342 1782 1410 1812 vult,
1439 1782 1619 1808 humanarum
1645 1779 1797 1804 animarum

1015 1830 1142 1864 pretium,
1163 1836 1223 1864 quae
1237 1828 1459 1856 sacriﬁcarentur
1474 1825 1601 1852 animalia
1619 1823 1739 1851 exhiberi
1754 1830 1800 1850 so-

1016 1877 1062 1910 lita
1080 1884 1151 1904 esse.
1165 1876 1252 1903 Porro
1263 1879 1353 1902 autem
1369 1876 1415 1910 qui
1434 1874 1513 1900 docet
1533 1873 1674 1900 brutorum
1692 1869 1797 1896 anima-

1015 1924 1080 1951 lium
1096 1924 1268 1958 sanguinem,
1290 1923 1412 1958 ipsorum
1429 1929 1490 1948 esse
1511 1919 1640 1949 animam,
1659 1917 1682 1945 is
1696 1923 1799 1951 nequa-

1015 1978 1096 2005 quam
1109 1978 1141 1997 ea
1158 1978 1218 1997 cum
1236 1968 1362 1996 rationali
1386 1968 1441 2003 36
1458 1971 1539 2001 atque
1554 1964 1719 1998 intelligente
1735 1962 1799 1989 sub-

1016 2016 1126 2047 stantia,
1147 2015 1219 2042 sicut
1241 2015 1364 2042 homines
1382 2012 1575 2040 commercium
1600 2009 1699 2036 habere
1716 2007 1802 2042 signi-

1017 2061 1089 2088 ﬁcat.
1110 2060 1242 2088 Constare
1259 2060 1330 2087 enim
1345 2067 1377 2086 ex
1394 2065 1424 2085 ea
1441 2057 1554 2084 materia
1577 2060 1602 2083 et
1626 2053 1799 2089 corporibus,

1016 2108 1088 2136 sicut
1115 2107 1278 2142 pullulantia
1299 2106 1390 2133 omnia
1406 2105 1558 2140 plantaaque
1581 2105 1718 2129 constant.
1740 2099 1802 2128 Uno

1016 2154 1108 2189 itaque
1128 2160 1253 2181 sermone
1269 2160 1365 2179 rursus
1381 2150 1469 2178 Meses
1487 2149 1571 2176 Deum
1590 2157 1668 2176 usum
1685 2147 1801 2178 inducit,
1841 2163 1843 2166 -

1017 2208 1078 2228 cum
1095 2200 1132 2227 ait
1149 2209 1154 2227 :
1177 2209 1186 2225 ‹
1207 2198 1347 2227 Germinet
1357 2201 1429 2224 terra
1447 2196 1557 2223 herbam
1578 2194 1643 2222 freni
1667 2193 1802 2221 seminan-

1017 2248 1052 2274 tis
1067 2255 1169 2278 semen,
1194 2249 1222 2274 ut
1248 2245 1349 2280 lignum
1366 2242 1536 2270 fructiferum
1559 2243 1592 2268 ’0.
1615 2251 1622 2266 ι
1653 2240 1683 2266 Et
1708 2240 1799 2266 eadem

982 2300 1005 2329 ι)
1017 2299 1114 2319 rursus
1130 2291 1236 2318 ratione
1251 2300 1258 2316 ε
1277 2299 1286 2315 ι
1304 2289 1440 2316 Producat
1459 2291 1530 2314 terra
1552 2285 1752 2321 quadrupedes,
1775 2289 1802 2311 et

1020 2337 1128 2372 reptilia
1141 2357 1148 2369 ,
1172 2340 1198 2364 et
1222 2336 1326 2363 bestias
1342 2339 1422 2362 terrae
1446 2334 1594 2368 generatim
1609 2332 1642 2358 ἰ.
1662 2341 1670 2357 ι
1693 2331 1726 2358 Ut
1741 2338 1800 2356 om-

1020 2384 1087 2411 nino
1109 2383 1231 2418 ejusdem
1254 2386 1280 2409 et
1301 2381 1408 2416 generis
1429 2383 1456 2407 et
1472 2383 1574 2406 naturae
1590 2382 1616 2404 et
1641 2376 1802 2404 substantiae

1018 2430 1097 2457 bruta
1111 2437 1171 2457 esse
1185 2428 1331 2456 dicendum
1346 2427 1391 2458 sit,
1408 2426 1486 2460 cujus
1501 2428 1527 2452 et
1547 2423 1727 2458 germinantia
1743 2430 1802 2448 om-

1018 2477 1063 2503 nia
1089 2479 1116 2503 et
1148 2476 1246 2510 plaan
1268 2477 1341 2502 sunt.
1375 2471 1492 2499 Proinde
1517 2471 1675 2500 neutiquam
1699 2476 1802 2502 errare,

1017 2522 1064 2557 qui
1090 2522 1216 2549 animalia
1238 2520 1402 2548 sacriﬁcant.
1424 2518 1529 2544 Dictum
1554 2517 1634 2551 igitur
1656 2518 1698 2542 est
1719 2514 1803 2541 etiam

1018 2568 1083 2601 Noe,
1099 2572 1128 2596 ut
1138 2568 1292 2596 comederet
1303 2573 1409 2599 carnes,
1422 2564 1500 2599 quasi
1514 2563 1586 2590 olera
1603 2561 1671 2596 agri.
1685 2560 1805 2588 Proinde

1017 2615 1081 2642 dum
1098 2615 1172 2642 nulla
1187 2613 1369 2649 praestantior,
1387 2618 1474 2645 neque
1487 2610 1584 2643 major,
1600 2616 1688 2643 neque
1701 2607 1804 2642 pretio-

1017 2662 1083 2692 sior,
1106 2668 1193 2696 neque
1209 2659 1264 2687 Deo
1289 2657 1495 2686 convenientior
1519 2655 1629 2682 victima
1647 2653 1803 2681 hominibus

1020 2706 1135 2734 aderat:
1152 2705 1286 2733 sacriﬁcia
1306 2704 1415 2731 interim
1437 2710 1469 2730 ex
1488 2701 1663 2732 animalibus,
1680 2707 1729 2735 pro
1752 2705 1802 2726 sua

1020 2751 1141 2786 ipsorum
1158 2751 1213 2778 vita
1230 2748 1397 2781 redimenda,
1412 2752 1440 2776 et
1454 2746 1589 2783 quoddam
1604 2747 1683 2781 quasi
1699 2749 1806 2772 natura

1019 2797 1136 2831 propriae
1159 2797 1308 2823 animatum
1322 2796 1450 2830 pretium,
1469 2794 1519 2829 ipsi
1539 2793 1594 2820 Deo
1610 2792 1723 2819 reddere
1744 2791 1804 2818 illos

1019 2841 1211 2869 convenienter
1233 2841 1374 2876 oportebat
1399 2850 1405 2867 :
1430 2840 1501 2867 sicut
1523 2839 1604 2866 etiam
1631 2837 1677 2865 Dei
1700 2841 1804 2864 veteres

1498 2928 1518 2944 ¹¹
1536 2927 1602 2955 Ibid.
1618 2926 1663 2954 '20.
