2053 3218
277 199 313 226 87
594 202 727 231 EUSEBll
746 203 984 231 CESARIENSlS
1002 203 1054 231 ΟΡ]

1104 203 1190 232 PARS
1208 203 1242 232 ιι.
1262 220 1296 224 -
1315 191 1562 231 smmum-Im:
1855 197 1892 226 ss

277 257 358 284 amici
372 263 398 286 et
417 259 537 288 cultores
552 260 697 294 faciebant,
709 263 754 297 qui
775 263 953 290 venerabilem
963 271 1054 298 quam-

1109 264 1154 290 τοῦ
1176 264 1326 299 κρείττονος
1338 263 1385 290 καὶ
1401 262 1516 298 ἀληθοῦς
1532 259 1676 296 ἱερουγίας.
1691 254 1774 290 οἶτος
1787 258 1810 284 δ’
1825 255 1860 292 ἦν
1876 259 1892 284 ὁ

276 300 350 334 dam,
374 301 482 338 Deoque
497 310 646 340 acceptam.
659 312 686 335 et
709 316 832 342 magnam
848 307 974 338 hostiam,
991 316 1058 335 ven-

277 351 366 374 turam
383 348 448 376 olim
471 350 506 376 ad
530 351 664 384 homines,
681 353 773 380 divino
793 354 931 381 indicante
948 355 1056 388 spiritu,

277 395 353 419 tanto
371 397 435 422 ante
454 395 616 429 didicerant,
635 406 696 433 qua:
719 400 800 426 totius
821 399 914 426 mundi
939 400 1058 435 expiatio

276 439 421 466 exsisteret
438 449 445 466 :
459 441 536 475 cujus
552 443 632 470 etiam
647 446 723 479 signa
733 445 855 480 quzedam
869 449 896 472 et
917 450 995 473 notas
1005 446 1058 480 ipsi

277 484 380 512 interea
402 486 509 514 obirent
530 493 612 523 atque
635 492 795 524 perﬁcerent
816 502 823 518 :
844 492 944 527 quippe
963 493 1010 527 qui
1030 496 1058 520 et

277 529 416 563 prophetae
433 536 535 564 essent,
551 538 579 560 et
589 534 658 568 ejus,
674 536 745 570 quod
759 537 878 563 futurum
890 542 1058 571 exspectare-

275 580 331 606 tur.
347 576 459 611 ﬁguram
473 579 500 606 in
517 587 547 606 se
560 581 695 615 quandam
713 587 774 610 ante
786 587 919 617 gerentes.
940 583 990 611 Ubi
1008 592 1058 611 au—

277 623 330 647 tern
347 622 418 656 quod
440 624 590 658 perfectum
612 632 671 654 erat
689 628 808 659 advenit,
830 630 1056 664 quemadmodum

277 667 404 695 vaticinia
422 671 615 704 prophetarum
638 673 829 707 przedixerant,
846 677 937 710 priora
951 676 996 702 illa
1010 676 1057 704 de-

275 712 391 746 sierunt,
409 721 435 742 et
449 718 637 750 prarstantiore
657 721 816 754 verioreque
833 721 968 748 sacriﬁcio
984 722 1057 748 illico

274 759 382 787 sublata
393 765 467 788 sunt.
480 762 530 789 llic
544 768 633 791 autem
648 764 698 792 fuit
710 766 836 794 Christus
848 767 905 799 Dei,
921 767 944 794 is
954 767 987 795 de
1003 775 1057 802 quo

274 806 436 841 antiquitus,
454 816 469 834 a
485 808 580 843 primis
600 819 686 846 usque
701 813 869 847 temporibus
883 813 984 840 dictum
1002 818 1055 846 est,

273 851 346 884 quod
365 852 399 879 ad
414 853 538 882 homines
557 860 629 883 esset
653 861 794 889 venturus,
809 862 889 893 atque
908 859 995 885 instar
1010 866 1056 894 pe-

273 897 352 925 cudis
374 906 423 932 pro
447 903 504 927 toto
527 909 627 935 genere
649 902 769 930 humano
791 904 1009 935 inleriiciendus,
1025 908 1056 931 ut

274 942 346 976 apud
361 941 457 970 Isaiam
474 945 634 980 prophetam
649 947 779 981 scriptum
796 949 919 983 legimus,
934 949 979 975 ubi
993 949 1032 975 ait
1047 958 1053 975 :

276 998 286 1013 ι
301 987 377 1015 Sicut
390 989 448 1016 ovis
459 990 492 1016 ad
503 991 666 1019 occisionem
678 993 777 1021 ductus
787 997 838 1026 est,
851 998 879 1021 et
889 994 960 1021 sicut
969 1001 1055 1029 agnus

273 1041 365 1061 coram
377 1035 505 1062 tondente
522 1036 656 1064 obmutuit
669 1039 701 1063 ²².
718 1038 783 1065 ltetn
803 1038 867 1065 dicit
883 1048 912 1066 ει
928 1038 977 1065 llic
993 1047 1055 1074 pec-

272 1084 332 1107 cata
348 1084 441 1107 nostra
458 1080 520 1111 fert,
538 1086 565 1109 et
579 1089 629 1116 pro
643 1083 722 1110 nobis
737 1084 763 1110 in
778 1084 872 1111 dolore
883 1088 924 1111 est
938 1094 945 1111 :
962 1088 988 1111 et
1004 1092 1054 1112 nos

273 1126 458 1159 reputavimus
476 1134 537 1154 eum
553 1135 614 1155 esse
633 1128 660 1155 in
679 1129 780 1161 labore,
795 1133 822 1157 et
844 1129 869 1156 in
885 1129 973 1164 plaga,
990 1130 1055 1157 etin

271 1170 415 1198 amictione
428 1182 434 1199 :
454 1172 512 1207 ipse
526 1176 623 1200 autem
645 1174 801 1201 vulneratus
811 1179 853 1201 est
868 1178 979 1210 propter
991 1182 1055 1209 pec-

271 1221 331 1244 cata
345 1222 451 1249 nostra,
472 1223 498 1246 et
520 1219 581 1246 tulit
601 1220 757 1255 languorem
772 1226 881 1255 propter
898 1221 1054 1255 iniquitates

271 1268 380 1291 nostras
398 1274 404 1290 :
420 1264 562 1298 disciplina
581 1267 656 1300 pacis
672 1271 771 1294 nostrae
782 1275 864 1301 super
877 1275 938 1294 cum
952 1276 958 1293 :
971 1268 1055 1295 livore

270 1309 331 1343 ejus
354 1317 404 1336 nos
424 1312 511 1338 sanati
536 1319 641 1344 sumus,
663 1316 690 1339 et
708 1311 839 1340 Dominus
856 1313 968 1340 tradidit
991 1321 1054 1340 eum

270 1356 389 1390 peccatis
404 1358 505 1384 nostris
519 1367 526 1384 :
539 1358 597 1392 ipse
612 1359 682 1384 enim
699 1363 838 1393 peccatum
851 1366 904 1386 non
919 1359 991 1392 fecit,
1006 1367 1054 1386 ne-

270 1408 323 1435 que
343 1401 470 1429 inventus
491 1406 532 1429 est
555 1403 634 1429 dolus
657 1403 684 1429 in
698 1410 746 1430 ore
764 1403 834 1438 ejus.
853 1413 862 1429 ι
881 1403 985 1430 Similia
999 1404 1052 1436 his,

270 1447 333 1474 item
347 1448 370 1464 “
380 1447 511 1476 Jeremias
519 1449 588 1476 alter
603 1449 777 1476 Hebraeorum
796 1449 926 1485 propheta
943 1450 1054 1477 inducta

270 1501 385 1528 persona
401 1494 502 1521 Christi
525 1495 613 1529 palam
630 1496 753 1522 enuntiat
774 1495 868 1523 dicetis
887 1505 896 1521 ‹
914 1496 970 1531 Ego
984 1497 1054 1523 sicut

269 1547 357 1574 agnus
371 1540 513 1572 innocens,
526 1541 572 1576 qui
589 1542 704 1568 ducatur
719 1543 753 1569 ad
764 1542 973 1570 sacriﬁcandum
988 1544 1020 1570 ³⁵.
1041 1553 1050 1568 ι

269 1585 322 1620 37
338 1585 447 1612 Claudit
471 1587 568 1614 horum
591 1587 782 1622 praedictiones
805 1588 884 1622 quasi
901 1589 1007 1623 signum
1019 1589 1052 1616 iis
1066 1599 1088 1630 ρ

270 1632 428 1666 imprimens
443 1632 563 1660 Joannes
595 1633 727 1669 Baptista,
751 1635 779 1661 in
804 1635 889 1669 ipsius
904 1635 1052 1662 Salvatoris

269 1679 354 1705 nostri
372 1679 500 1706 adventu.
517 1680 584 1706 Cum
600 1681 672 1707 enim
685 1681 761 1707 illum
783 1681 907 1713 vidisset,
922 1681 992 1708 etiis
1005 1681 1052 1716 qui

268 1725 381 1752 aderant
409 1726 556 1753 indicasset
572 1736 577 1753 :
595 1731 623 1753 ut
636 1727 760 1754 videlicet
780 1728 837 1762 ipse
851 1732 935 1759 esset,
950 1727 984 1754 de
997 1735 1052 1762 quo

268 1771 405 1806 propheta:
434 1772 620 1807 loquerentur,
645 1773 825 1800 acclamavit:
851 1783 860 1798 ε
880 1773 949 1800 Ecce
966 1781 1053 1807 agnus

268 1816 328 1848 Dei.
343 1818 389 1852 qui
405 1818 475 1845 tollit
488 1823 630 1853 peccatum
656 1819 749 1846 mundi
765 1820 798 1846 ".
813 1828 822 1844 ι
841 1818 955 1851 Quando
971 1818 1052 1853 igitur
1071 1813 1074 1817 ”

268 1863 418 1890 secundum
450 1863 606 1890 testimonia
629 1864 821 1898 prophetarum
847 1864 986 1892 inventum
1011 1868 1053 1892 est

267 1915 407 1942 magnum,
424 1910 569 1944 magnique
584 1910 774 1937 aestimandum
802 1918 851 1945 pro
875 1911 1051 1942 redimendis,

268 1957 297 1980 et
305 1953 407 1981 Iudaeis
423 1956 525 1988 pariter
539 1959 566 1983 et
581 1955 684 1984 Graecis
700 1957 829 1990 pretium,
848 1956 914 1982 illud
928 1956 1053 1983 videlicet

269 2007 320 2034 pro
331 2003 388 2026 toto
406 2000 508 2027 mundo
519 2000 667 2035 piaculum,
685 2001 750 2027 illud
767 2009 815 2035 pro
830 2001 920 2027 anima
937 2005 1051 2028 cuncto-
1068 2023 1071 2025 .

268 2054 329 2073 rum
350 2046 491 2073 hominum
504 2047 669 2074 sacriﬁcium
683 2067 691 2078 ,
710 2048 756 2073 illa
780 2055 830 2082 pro
847 2048 919 2074 omni
933 2048 1050 2079 macula,

267 2096 295 2118 et
309 2097 420 2126 peccato
428 2093 574 2127 purissima
593 2093 681 2120 hostia
696 2101 702 2118 :
721 2093 766 2120 ille
781 2093 875 2128 utique
891 2102 976 2128 agnus
993 2093 1050 2126 Dei,

268 2137 314 2164 illa
330 2137 384 2165 Deo
399 2142 510 2172 accepta
525 2157 532 2169 ,
549 2142 575 2165 et
592 2138 773 2166 mundissima
793 2139 852 2166 ovis
867 2147 874 2164 :
895 2139 941 2166 ille
954 2146 1050 2174 agnus,

267 2183 302 2211 de
321 2191 376 2218 quo
387 2185 524 2219 propheta:
534 2188 588 2211 tam
605 2185 688 2212 multa
703 2185 841 2216 dixerunt.
855 2193 904 2220 per
917 2185 997 2219 cujus
1009 2185 1051 2212 di—

267 2229 358 2257 vinam
387 2238 418 2257 ac
434 2230 575 2265 mysticam
596 2230 747 2257 doctrinam
770 2238 864 2257 omnes
882 2238 942 2261 nos,
960 2231 1006 2264 qui
1018 2230 1051 2257 de

1108 309 1223 343 Xpwtbg
1239 308 1285 334 τοῦ
1305 307 1382 339 Θεοῦ,
1401 307 1503 334 ἀνωθεν
1515 307 1546 332 ἐκ
1560 305 1678 332 παλαιῶν
1695 304 1797 339 χρόνων
1813 303 1890 337 ἥξειν

1108 354 1147 384 εἰς
1163 353 1331 387 ἀνθρώπους,
1343 353 1389 379 καὶ
1400 352 1534 388 προϐάτου
1547 351 1623 386 δίκην
1636 351 1705 385 ὑπὲρ
1719 350 1816 380 παντὸς
1837 349 1889 375 τοῦ

1108 398 1160 423 τῶν
1180 398 1329 433 ἀνθρώπων
1348 398 1441 432 γένους
1461 396 1644 431 σφαγήσεσθαι
1670 395 1890 430 προαγορευόμε-

1107 451 1164 474 νος·
1218 452 1282 478 φησι
1302 443 1364 479 περὶ
1384 442 1464 469 αὑτοῦ
1484 442 1621 473 Ἠσαίαςό
1641 442 1791 477 προσητης
1809 449 1818 464 ι
1844 439 1888 469 Ὠς

1107 489 1241 525 πρόϐατον
1261 490 1306 515 ἐπὶ
1325 489 1430 524 σφαγὴν
1451 488 1530 524 ἢχθη,
1546 488 1592 514 καὶ
1616 488 1654 518 ὡς
1668 486 1752 522 ἀμνὸς
1767 485 1887 512 ἐναντίον

1107 535 1153 561 τοῦ
1166 535 1302 570 κείροντος
1322 535 1437 569 ἄφωνος.
1464 543 1473 560 ›
1491 534 1544 560 Καὶ
1557 533 1684 566 ἐπιλέγει·
1705 541 1715 557 ί
1737 528 1821 563 Οὗτος
1837 531 1888 562 τὰς

1108 582 1243 617 ἁμαρτίας
1258 581 1335 617 ἡμῶν
1350 581 1437 616 φέρει,
1453 581 1499 606 καὶ
1515 579 1578 615 περὶ
1593 579 1670 614 ἡμῶν
1686 578 1826 604 ὸδννᾶται·
1839 577 1887 603 καὶ

1106 629 1186 662 ἡμεῖς
1199 627 1378 662 ἐλογισάμεθα
1393 626 1472 653 αὑτὸν
1482 623 1549 652 εἶναι
1560 626 1588 650 ὲν
1604 624 1674 659 πόνῳ
1685 624 1731 650 καὶ
1742 625 1770 650 ἐν
1783 622 1887 658 πληγῇ,

1107 674 1153 699 καὶ
1178 674 1207 699 ὲν
1234 672 1370 699 κακώσει·
1392 672 1472 703 αὐτὸς
1496 671 1524 697 δὲ
1548 669 1748 706 ἐτρωματίσθη
1771 668 1814 694 διὰ
1837 668 1888 700 τὰς

1107 719 1245 754 ἁμαρτίας
1266 718 1354 753 ἡμῶν,
1376 718 1422 745 καὶ
1443 716 1641 752 μεμαλάκισται
1653 715 1696 741 διά
1712 715 1761 746 τὰς
1775 713 1888 749 ἀνομίας

1106 767 1122 801 ἡ
1128 766 1193 799 μῶν.
1213 765 1323 791 Παιδεία
1337 765 1446 800 εἰρήνης
1461 763 1537 798 ἡμῶν
1552 763 1594 788 ἐπ’
1608 761 1703 787 αὐτόν·
1721 760 1759 796 τῷ
1773 759 1887 796 μώλωπι

1106 811 1188 838 αὑτοῦ
1206 812 1286 846 ἡμεῖς
1304 810 1428 845 ίάθημεν,
1446 809 1492 835 καὶ
1509 808 1610 843 Κύριος
1630 807 1785 842 παρέδωκεν
1807 805 1888 832 αὑτὸν

1107 859 1164 889 ταῖς
1194 857 1341 892 ἁμαρτίαις
1367 855 1460 890 ἡμῶν·
1484 855 1563 886 αὐτὸς
1591 853 1644 889 γὰρ
1672 852 1807 887 ἁμαρτίαν
1835 851 1888 878 οὐκ

1107 904 1243 938 ἐποίησεν,
1257 903 1310 929 οὐδ’
1326 902 1422 937 εὑρέθη
1442 901 1516 932 δόλος
1528 901 1555 926 ἐν
1573 899 1610 935 τῷ
1633 899 1744 934 στόματι
1759 897 1852 924 αὐτοῦ.
1875 906 1885 922 ι

1107 949 1146 975 Τὰ
1170 950 1249 984 ὃμοια
1272 948 1376 979 τούτοις
1400 948 1446 974 καὶ
1475 946 1605 981 Ἱερεμίας
1631 945 1723 980 ἕτερος
1754 942 1888 979 Ἐϐραίων

1106 997 1247 1032 προφήτης
1263 996 1309 1021 ἐπὶ
1331 993 1473 1029 προσώπου
1488 993 1534 1020 τοῦ
1554 991 1671 1028 Χριστοῦ
1689 991 1828 1025 ἐπιφωνεῖ,
1843 988 1887 1014 λέ-

1105 1051 1160 1076 γων
1168 1051 1174 1057 ’
1185 1051 1194 1067 ‹
1211 1041 1281 1075 Ἐγὼ
1291 1041 1327 1072 ὡς
1339 1041 1430 1075 ἀρνίον
1440 1040 1539 1067 ἄκακον
1548 1039 1679 1073 ἀγόμενον
1688 1037 1734 1063 τοῦ
1747 1036 1866 1063 θύεσθαι.
1874 1045 1884 1062 ι

1112 1087 1353 1122 Ἐπισφραγίζεται
1366 1086 1415 1117 τὰς
1429 1085 1529 1112 τούτων
1548 1085 1712 1120 προρρήσεις
1733 1084 1858 1118 Ἰωάννης
1871 1082 1887 1108 ὁ

1105 1132 1258 1164 Βαπτιστὴς
1276 1132 1323 1157 καὶ
1343 1131 1389 1156 ἐπὶ
1412 1131 1460 1166 τῆς
1477 1131 1522 1157 τοῦ
1539 1130 1663 1165 Σωτῆρος
1687 1129 1764 1164 ὴμὶἱιν
1784 1129 1886 1162 ἐπιφα-

1105 1178 1186 1209 νείας.
1208 1177 1279 1203 Ἰδὼν
1292 1177 1346 1212 γὰρ
1363 1177 1453 1207 αὑτὸν,
1474 1176 1520 1202 καὶ
1534 1177 1589 1207 τοῖς
1608 1175 1736 1211 παροῦσιν
1751 1174 1887 1206 ἐπιδείξας

1104 1223 1142 1255 ὡς
1160 1223 1213 1257 ἄρα
1233 1223 1313 1254 αὐτὸς
1333 1222 1375 1258 εἴη
1400 1223 1414 1248 ὁ
1434 1222 1677 1257 προφητευόμενος,
1693 1219 1884 1256 ἐπεφώνησεν·

1107 1278 1116 1293 ε
1134 1268 1185 1294 Ἴδε
1199 1269 1213 1294 ὁ
1225 1268 1309 1303 ἀμνὸς
1325 1267 1370 1293 τοῦ
1386 1266 1453 1293 Θεοῦ
1464 1287 1470 1297 ,
1485 1267 1499 1292 ὁ
1516 1266 1600 1301 αἴρων
1619 1267 1667 1301 τὴν
1681 1265 1816 1300 ἁμαρτίαν
1838 1263 1885 1291 τοῦ

1104 1314 1217 1348 κόσμου.
1239 1323 1248 1338 ι
1265 1314 1328 1339 Ὅτε
1342 1313 1430 1339 τοίνυν
1444 1312 1512 1338 κατὰ
1524 1312 1572 1344 τὰς
1584 1312 1637 1339 τῶν
1655 1311 1800 1347 προφητῶν
1814 1319 1886 1346 μαρ-

1103 1360 1198 1394 τυρίας
1214 1359 1327 1394 εὓρηται
1339 1358 1369 1384 τὸ
1387 1353 1456 1393 μέγα
1473 1358 1520 1384 καὶ
1533 1357 1621 1392 τίμιον
1637 1356 1733 1390 λύτρον
1754 1355 1886 1383 Ἰουδαίων

1104 1406 1169 1441 ὁμοῦ
1188 1405 1233 1432 καὶ
1253 1405 1395 1440 Ἑλλήνων,
1412 1405 1443 1430 τὸ
1462 1404 1507 1430 τοῦ
1528 1404 1628 1436 παντὸς
1654 1404 1755 1438 κόσμου
1784 1402 1886 1436 καθάρ-

1105 1460 1171 1483 σιον,
1186 1452 1292 1478 πάντων
1303 1451 1451 1486 ἀνθρώπων
1466 1451 1618 1485 ἀντὶψυχον,
1635 1450 1664 1476 τὸ
1678 1450 1766 1484 πάσης
1778 1448 1886 1484 κηλιδος

1104 1499 1149 1525 καὶ
1168 1498 1304 1532 ἁμαρτίας
1320 1497 1438 1532 καθαρὸν
1452 1497 1558 1531 ἱερεῖον,
1575 1498 1588 1522 ὀ
1603 1496 1686 1531 ἀμνὸς
1699 1495 1744 1522 τοῦ
1761 1494 1839 1526 Θεοῦ,
1855 1493 1887 1520 τὸ

1104 1543 1224 1577 θεοφιλὲς
1251 1542 1298 1568 καὶ
1329 1542 1408 1574 ἁγνὸν
1434 1540 1577 1576 πρόϐατον,
1598 1541 1628 1567 τὸ
1651 1539 1887 1576 προφητευόμενον

1105 1589 1204 1624 ἀρνίον,
1225 1585 1254 1615 οὗ
1271 1588 1314 1615 διὰ
1330 1589 1379 1623 τῆς
1395 1588 1485 1614 ἐνθέου
1503 1587 1548 1613 καὶ
1567 1587 1697 1622 μυστικῆς
1713 1585 1886 1617 διδασκαλίας

1104 1635 1202 1666 πάντες
1219 1635 1297 1669 ἡμεῖς
1316 1635 1340 1660 οἱ
1357 1633 1385 1667 ἐξ
1403 1634 1485 1660 ἐθνῶν
1502 1633 1550 1669 τὴν
1570 1634 1664 1666 ἄφεσιν
1679 1632 1732 1658 τῶν
1747 1631 1886 1667 προτέρων

1104 1681 1307 1716 ἁμαρτημάτων
1322 1679 1470 1714 εὖρὰμεθα,
1483 1679 1523 1705 διὸ
1535 1679 1581 1705 καὶ
1602 1678 1733 1704 Ἰουδαίων
1746 1678 1769 1704 οἱ
1786 1677 1825 1709 είς
1839 1677 1886 1702 αὺ-

1102 1728 1147 1754 τὸν
1162 1727 1305 1761 ἠλπικότες
1321 1726 1458 1761 ἐλεύθεροι
1468 1726 1518 1760 τῆς
1533 1725 1652 1756 Μωσέως
1664 1724 1786 1758 ἀφίενται
1799 1723 1885 1750 κατά-

1104 1783 1163 1810 ρας,
1180 1774 1291 1803 εἰκότως
1307 1773 1355 1808 τὴν
1370 1772 1417 1799 τοῦ
1439 1772 1562 1807 σώματος
1578 1771 1659 1798 αὐτοῦ
1678 1771 1725 1797 καὶ
1741 1770 1786 1796 τοῦ
1802 1769 1885 1804 αἷμα-

1101 1829 1147 1852 τος
1163 1821 1211 1855 τὴν
1228 1819 1379 1854 ὑπόμνησιν
1392 1819 1526 1854 ὁσημέραι
1549 1816 1744 1848 ἐπιτελοῦντες,
1765 1816 1811 1842 καὶ
1835 1815 1886 1850 τῆς

1103 1867 1255 1902 κρείττονος
1277 1865 1293 1900 ἢ
1314 1865 1384 1892 κατά
1403 1866 1466 1896 τοὺς
1487 1863 1615 1894 παλαιοὺς
1631 1862 1725 1893 Θυσίας
1740 1869 1769 1886 τε
1785 1860 1832 1887 καὶ
1847 1861 1886 1886 ἱε-

1104 1913 1231 1950 ρουργίας
1251 1913 1406 1947 ἠξιωμένοι,
1426 1913 1474 1938 οὐκ
1493 1911 1530 1937 ἔθ’
1552 1911 1624 1937 ὅσιον
1643 1907 1781 1944 ἡγούμεθα
1800 1915 1884 1934 κατα-

1103 1960 1213 1986 πίπτειν
1227 1959 1273 1984 ἐπὶ
1289 1958 1323 1984 τὰ
1337 1958 1432 1992 πρῶτα
1448 1957 1494 1984 καὶ
1506 1956 1604 1990 ἀσθενῆ
1620 1955 1745 1989 στοιχεῖα,
1765 1951 1887 1987 σύμϐολα

1103 2006 1149 2032 καὶ
1165 2005 1280 2036 εἰκόνας,
1296 2004 1352 2030 ἀλλ’
1362 2004 1412 2030 οὐκ
1425 2003 1508 2037 αὐτὴν
1522 2001 1647 2036 ἀλήθειαν
1662 1998 1829 2034 περιέχοντα.
1841 1997 1887 2023 Εἰ-

1103 2053 1188 2083 κότως
1203 2052 1230 2077 δὲ
1242 2052 1289 2078 καὶ
1303 2050 1391 2077 αὐτῶν
1411 2050 1544 2077 Ἰουδαίων
1560 2049 1585 2074 οἱ
1601 2049 1641 2080 εἰς
1653 2048 1696 2074 τὸν
1710 2045 1824 2081 Χριστὸν
1838 2044 1885 2071 τοῦ

1103 2098 1170 2124 Θεοῦ
1189 2097 1437 2131 καταπεφευγότες,
1457 2097 1481 2122 εἰ
1505 2097 1600 2130 μηκέτι
1618 2094 1670 2120 τῶν
1687 2092 1806 2122 Μωσέως
1827 2091 1887 2117 ἑπι-

1104 2143 1260 2179 στρέςξοιντο
1271 2142 1517 2178 παραγγελμάτων,
1531 2139 1601 2167 κατὰ
1615 2139 1664 2174 τὴν
1676 2137 1778 2172 Καινὴν
1788 2135 1886 2170 Διαθή-

1103 2198 1154 2225 κην
1170 2189 1298 2223 βιοῦντες,
1315 2188 1364 2222 τῆς
1380 2187 1432 2214 ὑπὸ
1448 2186 1568 2216 Μωσέως
1585 2183 1739 2220 ὡρισμένης
1761 2180 1838 2212 ἐκτὸς
1853 2180 1886 2207 ἂν

1103 2233 1156 2261 εἷεν
1177 2234 1297 2269 κατάρας
1308 2242 1314 2247 ·
1337 2233 1384 2259 ἆτε
1401 2232 1432 2268 δὴ
1449 2230 1535 2266 ἀμνοῦ
1550 2229 1596 2256 τοῦ
1614 2227 1681 2255 Θεοῦ
1695 2227 1724 2253 οὺ
1742 2226 1819 2261 μόνον
1836 2225 1886 2260 τὴν

247 2271 395 2311 ’κειιιὶδυε
419 2277 552 2311 assutnpti
575 2284 690 2309 sumus,
717 2276 906 2304 remissionem
930 2277 1052 2310 priorum

1104 2281 1239 2317 ἁμαρτίαν
1252 2279 1297 2306 τοῦ
1314 2279 1425 2314 κόσμου,
1441 2277 1508 2304 ἀλλὰ
1519 2277 1564 2303 καὶ
1579 2275 1628 2310 τὴν
1642 2275 1670 2300 ὲν
1684 2275 1716 2308 τῇ
1731 2270 1886 2317 παραϐάσει

266 2326 440 2358 peccatorum
464 2323 629 2354 invenimus,
656 2331 689 2350 ex
714 2331 768 2357 quo
795 2323 876 2349 etiam
896 2321 1052 2350 Iudaeorum

265 2369 422 2403 quicunque
434 2369 461 2394 in
479 2368 525 2395 illo
540 2375 615 2402 spem
631 2368 785 2399 habuerint,
800 2376 814 2395 a
830 2367 912 2395 Mosis
924 2376 1052 2396 exsecra-

265 2416 341 2441 tione
351 2414 514 2445 liberantur,
531 2414 628 2440 merito
642 2422 718 2446 sane,
744 2414 853 2449 quando
865 2415 937 2442 illius
949 2423 1052 2443 memo-

267 2460 346 2493 riam,
363 2460 543 2495 corporisque
573 2459 695 2493 ejusdem
716 2463 743 2487 et
771 2461 912 2495 sanguinis
925 2461 1052 2488 recorda-

266 2506 368 2533 tionem
386 2505 510 2540 quotidie
521 2505 671 2538 celebrant,
680 2509 707 2533 et
722 2505 755 2532 ad
770 2506 849 2541 longe
863 2508 1050 2541 praestantius,

264 2554 293 2575 et
318 2549 493 2581 sacriﬁcium,
514 2553 542 2576 et
560 2557 660 2577 munus
676 2550 809 2585 assumpti
823 2555 903 2584 sunt,
923 2559 1004 2586 quam
1019 2552 1052 2578 il—

266 2594 311 2620 lud
328 2595 467 2629 antiquius
478 2595 570 2622 fuerit.
583 2595 696 2628 Quando
708 2597 789 2632 igitur
800 2597 890 2624 omnia
903 2596 940 2623 ita
956 2605 986 2624 se
1003 2597 1052 2623 ha-

266 2640 341 2672 bent,
356 2649 408 2668 non
420 2642 536 2676 amplius
563 2642 605 2670 fas
627 2651 688 2670 esse
709 2647 837 2678 putamus
855 2643 882 2670 in
900 2643 986 2678 prima
1007 2643 1051 2669 illa

264 2691 292 2713 et
306 2686 411 2714 inﬁrma
425 2689 557 2715 elementa
569 2689 699 2721 recidere,
715 2698 775 2724 qua
787 2692 878 2723 utique
886 2690 962 2723 signa
977 2696 1050 2723 qua:-

265 2733 340 2764 dam,
362 2738 390 2760 et
415 2734 556 2768 imagines,
585 2743 638 2762 non
665 2736 751 2770 ipsam
777 2736 918 2763 veritatem
933 2735 1050 2770 comple-

267 2783 389 2806 ctuntur.
403 2779 498 2807 Merito
515 2785 603 2808 autem
622 2782 744 2817 ipsorum
767 2788 875 2816 quoque
892 2779 1048 2808 Judmorum

266 2825 423 2861 quicunque
450 2826 484 2853 ad
499 2826 637 2855 Christum
661 2827 706 2855 Dei
725 2827 904 2862 confugiunt:
930 2827 953 2854 si
970 2826 1050 2853 modo

548 2916 569 2931 "
585 2916 652 2944 ibid.
672 2917 687 2942 εί
703 2916 728 2943 9.

304 2914 326 2931 δ’
342 2914 382 2940 lsa
406 2922 466 2947 ιλιι,
482 2916 506 2942 ’1.
548 2916 569 2931 ¹³
585 2916 652 2944 lbid.
672 2917 687 2942 εί
703 2916 728 2943 9.
768 2917 790 2932 ²”
805 2915 859 2942 Jer.
880 2923 924 2947 ιι,
946 2915 986 2942 l9.

1103 2328 1157 2354 τῶν
1175 2326 1295 2358 Μωσέως
1318 2325 1430 2351 ἐντολῶν
1446 2323 1565 2356 κατάραν
1582 2322 1621 2352 εἰς
1642 2319 1721 2346 αὑτὸν
1741 2316 1885 2352 ἀνειληφό-

1103 2379 1158 2402 τος.
1176 2370 1287 2404 Γέγονεν
1301 2366 1346 2395 οὖν
1364 2369 1378 2394 ὀ
1395 2368 1478 2403 ἀμνὸς
1491 2366 1536 2392 τοῦ
1558 2365 1625 2392 Θεοῦ
1641 2365 1685 2391 καὶ
1699 2362 1821 2398 ἁμαρτῑα
1838 2361 1886 2388 καὶ

1103 2416 1224 2451 κατάρα“
1239 2413 1359 2449 ἁμαρτία
1376 2413 1425 2448 μὲν
1441 2412 1510 2446 ὑπὲρ
1523 2411 1577 2437 τῶν
1591 2407 1759 2445 ἁμαρτωλῶν
1776 2405 1823 2432 τοῦ
1841 2405 1886 2432 κό-

1104 2469 1184 2496 σμον,
1201 2460 1306 2495 κατάρα
1317 2459 1338 2484 δ’
1353 2458 1423 2493 ὑπὲρ
1435 2457 1488 2483 τῶν
1504 2456 1674 2491 ἐμμενόντων
1691 2455 1757 2480 πᾶσι
1768 2453 1825 2483 τοῖς
1837 2452 1884 2486 ἑγ-

1103 2507 1304 2542 γεγραμμὲνοις
1331 2506 1360 2531 ἐν
1388 2503 1427 2539 τῷ
1450 2502 1571 2533 Μωσέως
1597 2501 1680 2536 νόμῳ.
1703 2499 1748 2526 Διό
1769 2506 1852 2533 φησιν
1870 2497 1886 2524 6

1108 2552 1266 2584 Ἀπόστολος
1279 2561 1286 2568 -
1301 2561 1310 2577 ‹
1320 2549 1434 2586 Χριστὸς
1448 2549 1520 2584 ἡμᾶς
1533 2547 1696 2583 ἐξηγόρασεν
1710 2546 1741 2571 ἐκ
1757 2545 1806 2579 τῆς
1818 2551 1886 2570 κατ-

1102 2597 1170 2632 άρας
1187 2597 1233 2623 τοῦ
1252 2596 1344 2631 νόμου,
1367 2595 1512 2629 γενόμενος
1534 2592 1603 2628 ὑπὲρ
1622 2591 1699 2627 ἡμῶν
1728 2589 1846 2624 κατάρα.
1873 2597 1883 2614 ι

1103 2644 1167 2675 Καὶ,
1185 2652 1194 2668 ‹
1217 2642 1269 2668 Τὸν
1291 2641 1328 2677 μὴ
1343 2641 1438 2674 γνόντα
1460 2638 1604 2675 ἁμαρτίαν,
1622 2638 1690 2672 ὑπὲρ
1705 2635 1781 2671 ἡμῶν
1796 2636 1887 2670 ἁμαρ-

1103 2689 1163 2714 τίαν
1182 2687 1302 2722 ὲποίησε.
1328 2695 1337 2712 ι
1355 2686 1387 2712 Τί
1401 2686 1454 2720 γὰρ
1473 2686 1522 2712 οὐκ
1545 2684 1638 2719 ἔμελλε
1652 2681 1774 2717 γίνεσθαι
1794 2681 1824 2706 τὸ
1837 2679 1885 2706 τοῦ

1104 2734 1206 2768 κόσμου
1227 2733 1383 2768 καθάρσιον,
1403 2732 1432 2758 τὸ
1446 2731 1499 2757 τῶν
1513 2729 1678 2765 ἁμαρτωλῶν
1699 2727 1854 2761 ἀντίψυχον,
1871 2725 1886 2752 ὃ

1103 2779 1192 2813 δήκαὶ
1205 2779 1243 2809 ὡς
1258 2778 1390 2814 πρόϐατον
1407 2778 1453 2803 ἐπὶ
1468 2775 1573 2810 σφαγὴν
1588 2774 1667 2810 ἤχθη,
1684 2773 1729 2800 καὶ
1742 2772 1779 2803 ὡς
1792 2772 1886 2807 ἀρνίον

1103 2825 1235 2859 ἀγόμενον
1257 2823 1302 2850 τοῦ
1324 2823 1444 2855 θύεσθαι,
1460 2821 1545 2849 ταῦτά
1567 2828 1596 2846 τε
1618 2820 1704 2846 πάντα
1720 2817 1789 2853 ὑπὲρ
1806 2817 1885 2852 ἡμῶν

1026 2915 1047 2930 ’⁸
1059 2913 1138 2942 Joan.
1151 2922 1170 2944 ι,
1186 2912 1230 2940 29.
