  <div class='ocr_page' id='page_1' title='image "/cluster/home/n/w/nwhite01/storage/ocr_20150623/22/njp.32101077772497/062.png"; bbox 0 0 2053 3218; ppageno 0'>
   <div class='ocr_carea' id='block_1_1' title="bbox 165 215 1793 247">
    <p class='ocr_par' dir='ltr' id='par_1_1' title="bbox 165 215 1793 247">
     <span class='ocr_line' id='line_1_1' title="bbox 165 215 1793 247; baseline -0.001 0"><span class='ocrx_word' id='word_1_1' title='bbox 165 218 201 247; x_wconf 76' lang='lat'><strong>89</strong></span> <span class='ocrx_word' id='word_1_2' title='bbox 625 216 953 245; x_wconf 76' lang='lat' dir='ltr'><strong>DEMONSTRATIONIS</strong></span> <span class='ocrx_word' id='word_1_3' title='bbox 976 215 1205 244; x_wconf 66' lang='lat' dir='ltr'><strong>EVANGELICE</strong></span> <span class='ocrx_word' id='word_1_4' title='bbox 1229 215 1294 244; x_wconf 85' lang='lat' dir='ltr'><strong>LIB.</strong></span> <span class='ocrx_word' id='word_1_5' title='bbox 1315 215 1336 245; x_wconf 83' lang='grc' dir='ltr'><strong>Ῑ.</strong></span> <span class='ocrx_word' id='word_1_6' title='bbox 1755 217 1793 246; x_wconf 81' lang='lat'><strong>90</strong></span> 
     </span>
    </p>
   </div>
   <div class='ocr_carea' id='block_1_2' title="bbox 167 275 950 312">
    <p class='ocr_par' dir='ltr' id='par_1_2' title="bbox 167 277 950 312">
     <span class='ocr_line' id='line_1_2' title="bbox 167 277 950 312; baseline 0 -8"><span class='ocrx_word' id='word_1_7' title='bbox 167 277 212 304; x_wconf 73' lang='grc' dir='ltr'>καὶ</span> <span class='ocrx_word' id='word_1_8' title='bbox 223 277 256 304; x_wconf 85' lang='grc' dir='ltr'>δι’</span> <span class='ocrx_word' id='word_1_9' title='bbox 271 277 366 312; x_wconf 50' lang='grc' dir='ltr'>ἡμᾶς</span> <span class='ocrx_word' id='word_1_10' title='bbox 385 278 464 304; x_wconf 83' lang='grc' dir='ltr'>ὐθεν</span> <span class='ocrx_word' id='word_1_11' title='bbox 479 277 503 304; x_wconf 84' lang='grc' dir='ltr'>οἱ</span> <span class='ocrx_word' id='word_1_12' title='bbox 517 277 565 312; x_wconf 85' lang='grc' dir='ltr'>μὲν</span> <span class='ocrx_word' id='word_1_13' title='bbox 579 278 688 304; x_wconf 80' lang='grc' dir='ltr'>παλαιοὶ</span> <span class='ocrx_word' id='word_1_14' title='bbox 700 278 746 304; x_wconf 75' lang='grc' dir='ltr'>καὶ</span> <span class='ocrx_word' id='word_1_15' title='bbox 759 277 890 312; x_wconf 73' lang='grc' dir='ltr'>θεοφιλεῖς</span> <span class='ocrx_word' id='word_1_16' title='bbox 907 277 950 304; x_wconf 70' lang='grc' dir='ltr'><strong>ἄψ</strong></span> 
     </span>
    </p>
   </div>
   <div class='ocr_carea' id='block_1_3' title="bbox 1001 275 1792 312">
    <p class='ocr_par' dir='ltr' id='par_1_3' title="bbox 1003 275 1792 312">
     <span class='ocr_line' id='line_1_3' title="bbox 1003 275 1792 312; baseline -0.004 -7"><span class='ocrx_word' id='word_1_17' title='bbox 1003 285 1057 305; x_wconf 88' lang='lat' dir='ltr'><strong>non</strong></span> <span class='ocrx_word' id='word_1_18' title='bbox 1074 277 1190 312; x_wconf 77' lang='lat' dir='ltr'><strong>amplius</strong></span> <span class='ocrx_word' id='word_1_19' title='bbox 1214 275 1247 304; x_wconf 89' lang='lat' dir='ltr'><strong>de</strong></span> <span class='ocrx_word' id='word_1_20' title='bbox 1264 275 1347 304; x_wconf 80' lang='lat' dir='ltr'><strong>Mosis</strong></span> <span class='ocrx_word' id='word_1_21' title='bbox 1362 275 1505 311; x_wconf 67' lang='lat' dir='ltr'><strong>prmceptis</strong></span> <span class='ocrx_word' id='word_1_22' title='bbox 1535 275 1642 303; x_wconf 93' lang='lat' dir='ltr'><strong>solliciti</strong></span> <span class='ocrx_word' id='word_1_23' title='bbox 1663 275 1727 307; x_wconf 88' lang='lat' dir='ltr'><strong>sint,</strong></span> <span class='ocrx_word' id='word_1_24' title='bbox 1745 276 1792 302; x_wconf 86' lang='lat' dir='ltr'><strong>sed</strong></span> 
     </span>
    </p>
   </div>
   <div class='ocr_carea' id='block_1_4' title="bbox 166 323 954 359">
    <p class='ocr_par' dir='ltr' id='par_1_4' title="bbox 166 323 954 359">
     <span class='ocr_line' id='line_1_4' title="bbox 166 323 954 359; baseline 0 -9"><span class='ocrx_word' id='word_1_25' title='bbox 166 323 226 358; x_wconf 79' lang='grc' dir='ltr'>δρες</span> <span class='ocrx_word' id='word_1_26' title='bbox 234 323 362 357; x_wconf 71' lang='grc' dir='ltr'>εἰκότως,</span> <span class='ocrx_word' id='word_1_27' title='bbox 376 323 492 359; x_wconf 78' lang='grc' dir='ltr'><strong>ἀπουσίᾳ</strong></span> <span class='ocrx_word' id='word_1_28' title='bbox 499 323 554 349; x_wconf 87' lang='grc' dir='ltr'><strong>τῶν</strong></span> <span class='ocrx_word' id='word_1_29' title='bbox 567 323 737 359; x_wconf 81' lang='grc' dir='ltr'><strong>κρειττόνων,</strong></span> <span class='ocrx_word' id='word_1_30' title='bbox 748 325 803 355; x_wconf 89' lang='grc' dir='ltr'>τοῖς</span> <span class='ocrx_word' id='word_1_31' title='bbox 812 323 954 358; x_wconf 76' lang='grc' dir='ltr'>συμϐόλοις</span> 
     </span>
    </p>
   </div>
   <div class='ocr_carea' id='block_1_5' title="bbox 167 369 954 405">
    <p class='ocr_par' dir='ltr' id='par_1_5' title="bbox 167 369 954 405">
     <span class='ocr_line' id='line_1_5' title="bbox 167 369 954 405; baseline 0.001 -11"><span class='ocrx_word' id='word_1_32' title='bbox 167 370 355 404; x_wconf 71' lang='grc' dir='ltr'>προςανεῖχον.</span> <span class='ocrx_word' id='word_1_33' title='bbox 378 370 421 401; x_wconf 83' lang='grc' dir='ltr'><strong>Ὦς</strong></span> <span class='ocrx_word' id='word_1_34' title='bbox 432 369 479 396; x_wconf 72' lang='grc' dir='ltr'>καὶ</span> <span class='ocrx_word' id='word_1_35' title='bbox 490 369 568 395; x_wconf 86' lang='grc' dir='ltr'>τοῦτο</span> <span class='ocrx_word' id='word_1_36' title='bbox 582 369 647 396; x_wconf 81' lang='grc' dir='ltr'>αὐτὸ</span> <span class='ocrx_word' id='word_1_37' title='bbox 658 370 672 395; x_wconf 88' lang='grc' dir='ltr'><strong>ό</strong></span> <span class='ocrx_word' id='word_1_38' title='bbox 683 369 777 405; x_wconf 79' lang='grc' dir='ltr'>Σωτὴρ</span> <span class='ocrx_word' id='word_1_39' title='bbox 790 369 868 405; x_wconf 80' lang='grc' dir='ltr'>ἡμῶν</span> <span class='ocrx_word' id='word_1_40' title='bbox 881 369 954 396; x_wconf 81' lang='grc' dir='ltr'>διδά-</span> 
     </span>
    </p>
   </div>
   <div class='ocr_carea' id='block_1_6' title="bbox 168 415 954 451">
    <p class='ocr_par' dir='ltr' id='par_1_6' title="bbox 168 415 954 451">
     <span class='ocr_line' id='line_1_6' title="bbox 168 415 954 451; baseline 0.001 -11"><span class='ocrx_word' id='word_1_41' title='bbox 168 422 238 445; x_wconf 68' lang='grc' dir='ltr'>σκει,</span> <span class='ocrx_word' id='word_1_42' title='bbox 253 415 358 448; x_wconf 86' lang='grc' dir='ltr'>λέγων·</span> <span class='ocrx_word' id='word_1_43' title='bbox 381 425 390 440; x_wconf 76' lang='grc' dir='ltr'><strong>ι</strong></span> <span class='ocrx_word' id='word_1_44' title='bbox 416 415 510 442; x_wconf 77' lang='grc' dir='ltr'>Πολλοὶ</span> <span class='ocrx_word' id='word_1_45' title='bbox 525 415 659 451; x_wconf 81' lang='grc' dir='ltr'><strong>προφῆται</strong></span> <span class='ocrx_word' id='word_1_46' title='bbox 678 415 723 442; x_wconf 80' lang='grc' dir='ltr'>καὶ</span> <span class='ocrx_word' id='word_1_47' title='bbox 739 415 836 442; x_wconf 81' lang='grc' dir='ltr'>δίκαιοι</span> <span class='ocrx_word' id='word_1_48' title='bbox 857 415 954 441; x_wconf 77' lang='grc' dir='ltr'>ἐπεθύ-</span> 
     </span>
    </p>
   </div>
   <div class='ocr_carea' id='block_1_7' title="bbox 169 459 954 496">
    <p class='ocr_par' dir='ltr' id='par_1_7' title="bbox 169 459 954 496">
     <span class='ocr_line' id='line_1_7' title="bbox 169 459 954 496; baseline 0.003 -10"><span class='ocrx_word' id='word_1_49' title='bbox 169 469 257 495; x_wconf 88' lang='grc' dir='ltr'>μησαν</span> <span class='ocrx_word' id='word_1_50' title='bbox 283 461 346 487; x_wconf 80' lang='grc' dir='ltr'><strong>ἰδεῖν</strong></span> <span class='ocrx_word' id='word_1_51' title='bbox 367 461 386 487; x_wconf 76' lang='grc' dir='ltr'><strong>ἃ,</strong></span> <span class='ocrx_word' id='word_1_52' title='bbox 409 461 487 495; x_wconf 83' lang='grc' dir='ltr'><strong>ὑμεῖς</strong></span> <span class='ocrx_word' id='word_1_53' title='bbox 510 460 632 496; x_wconf 80' lang='grc' dir='ltr'><strong>βλέπετε,</strong></span> <span class='ocrx_word' id='word_1_54' title='bbox 657 461 704 488; x_wconf 78' lang='grc' dir='ltr'>καὶ</span> <span class='ocrx_word' id='word_1_55' title='bbox 722 461 771 487; x_wconf 77' lang='grc' dir='ltr'>οὐκ</span> <span class='ocrx_word' id='word_1_56' title='bbox 794 459 879 487; x_wconf 81' lang='grc' dir='ltr'>εἶδον·</span> <span class='ocrx_word' id='word_1_57' title='bbox 907 461 954 488; x_wconf 72' lang='grc' dir='ltr'>καὶ</span> 
     </span>
    </p>
   </div>
   <div class='ocr_carea' id='block_1_8' title="bbox 167 506 954 542">
    <p class='ocr_par' dir='ltr' id='par_1_8' title="bbox 167 506 954 542">
     <span class='ocr_line' id='line_1_8' title="bbox 167 506 954 542; baseline 0 -10"><span class='ocrx_word' id='word_1_58' title='bbox 167 506 281 533; x_wconf 83' lang='grc' dir='ltr'>ἀκοῦσαι</span> <span class='ocrx_word' id='word_1_59' title='bbox 295 506 312 533; x_wconf 77' lang='grc' dir='ltr'><strong>ἆ</strong></span> <span class='ocrx_word' id='word_1_60' title='bbox 327 507 405 542; x_wconf 82' lang='grc' dir='ltr'><strong>ὑμεῖς</strong></span> <span class='ocrx_word' id='word_1_61' title='bbox 416 507 540 539; x_wconf 78' lang='grc' dir='ltr'>ἀκούετε,</span> <span class='ocrx_word' id='word_1_62' title='bbox 562 508 608 534; x_wconf 83' lang='grc' dir='ltr'>καὶ</span> <span class='ocrx_word' id='word_1_63' title='bbox 621 507 669 533; x_wconf 80' lang='grc' dir='ltr'>οὑκ</span> <span class='ocrx_word' id='word_1_64' title='bbox 682 507 810 542; x_wconf 78' lang='grc' dir='ltr'>ἥκουσαν.</span> <span class='ocrx_word' id='word_1_65' title='bbox 828 516 837 532; x_wconf 80' lang='grc' dir='ltr'><strong>ι</strong></span> <span class='ocrx_word' id='word_1_66' title='bbox 859 507 954 541; x_wconf 82' lang='grc' dir='ltr'>Ἡμεῖς</span> 
     </span>
    </p>
   </div>
   <div class='ocr_carea' id='block_1_9' title="bbox 167 551 954 590">
    <p class='ocr_par' dir='ltr' id='par_1_9' title="bbox 167 551 954 590">
     <span class='ocr_line' id='line_1_9' title="bbox 167 551 954 590; baseline 0 -12"><span class='ocrx_word' id='word_1_67' title='bbox 167 552 207 582; x_wconf 78' lang='grc' dir='ltr'><strong>δὲ,</strong></span> <span class='ocrx_word' id='word_1_68' title='bbox 228 552 260 578; x_wconf 73' lang='grc' dir='ltr'><strong>τα</strong></span> <span class='ocrx_word' id='word_1_69' title='bbox 279 551 366 587; x_wconf 84' lang='grc' dir='ltr'>ἀληθῆ</span> <span class='ocrx_word' id='word_1_70' title='bbox 380 553 426 579; x_wconf 81' lang='grc' dir='ltr'><strong>καὶ</strong></span> <span class='ocrx_word' id='word_1_71' title='bbox 440 553 494 580; x_wconf 83' lang='grc' dir='ltr'><strong>τῶν</strong></span> <span class='ocrx_word' id='word_1_72' title='bbox 514 554 625 580; x_wconf 76' lang='grc' dir='ltr'><strong>εἰκόνων</strong></span> <span class='ocrx_word' id='word_1_73' title='bbox 640 553 674 579; x_wconf 79' lang='grc' dir='ltr'>τὰ</span> <span class='ocrx_word' id='word_1_74' title='bbox 691 553 831 590; x_wconf 79' lang='grc' dir='ltr'><strong>ἀρχέτυπα</strong></span> <span class='ocrx_word' id='word_1_75' title='bbox 846 553 889 579; x_wconf 78' lang='grc' dir='ltr'>διὰ</span> <span class='ocrx_word' id='word_1_76' title='bbox 904 553 954 588; x_wconf 87' lang='grc' dir='ltr'>τῆς</span> 
     </span>
    </p>
   </div>
   <div class='ocr_carea' id='block_1_10' title="bbox 169 597 953 635">
    <p class='ocr_par' dir='ltr' id='par_1_10' title="bbox 169 597 953 635">
     <span class='ocr_line' id='line_1_10' title="bbox 169 597 953 635; baseline 0.003 -12"><span class='ocrx_word' id='word_1_77' title='bbox 169 597 371 633; x_wconf 81' lang='grc' dir='ltr'>μυστηριὼδους</span> <span class='ocrx_word' id='word_1_78' title='bbox 384 599 536 634; x_wconf 74' lang='grc' dir='ltr'>οἰκονομίας</span> <span class='ocrx_word' id='word_1_79' title='bbox 549 599 595 625; x_wconf 85' lang='grc' dir='ltr'><strong>τοῦ</strong></span> <span class='ocrx_word' id='word_1_80' title='bbox 614 599 731 634; x_wconf 80' lang='grc' dir='ltr'>Χριστοῦ</span> <span class='ocrx_word' id='word_1_81' title='bbox 747 599 953 635; x_wconf 79' lang='grc' dir='ltr'><strong>παρειληφότες,</strong></span> 
     </span>
    </p>
   </div>
   <div class='ocr_carea' id='block_1_11' title="bbox 167 643 953 679">
    <p class='ocr_par' dir='ltr' id='par_1_11' title="bbox 167 643 953 679">
     <span class='ocr_line' id='line_1_11' title="bbox 167 643 953 679; baseline 0.001 -9"><span class='ocrx_word' id='word_1_82' title='bbox 167 644 218 670; x_wconf 75' lang='grc' dir='ltr'>οὐκ</span> <span class='ocrx_word' id='word_1_83' title='bbox 230 643 269 669; x_wconf 78' lang='grc' dir='ltr'>ἔτι</span> <span class='ocrx_word' id='word_1_84' title='bbox 279 643 332 669; x_wconf 77' lang='grc' dir='ltr'><strong>τῶν</strong></span> <span class='ocrx_word' id='word_1_85' title='bbox 347 643 468 670; x_wconf 83' lang='grc' dir='ltr'>παλαιῶν</span> <span class='ocrx_word' id='word_1_86' title='bbox 478 645 638 679; x_wconf 81' lang='grc' dir='ltr'>δεησόμεθα.</span> <span class='ocrx_word' id='word_1_87' title='bbox 662 646 749 677; x_wconf 80' lang='grc' dir='ltr'>Μόνος</span> <span class='ocrx_word' id='word_1_88' title='bbox 762 645 785 671; x_wconf 86' lang='grc' dir='ltr'>δ’</span> <span class='ocrx_word' id='word_1_89' title='bbox 803 643 848 672; x_wconf 76' lang='grc' dir='ltr'><strong>οὖν</strong></span> <span class='ocrx_word' id='word_1_90' title='bbox 872 645 953 676; x_wconf 81' lang='grc' dir='ltr'>αὐτὸς</span> 
     </span>
    </p>
   </div>
   <div class='ocr_carea' id='block_1_12' title="bbox 166 689 954 727">
    <p class='ocr_par' dir='ltr' id='par_1_12' title="bbox 166 689 954 727">
     <span class='ocr_line' id='line_1_12' title="bbox 166 689 954 727; baseline 0.003 -11"><span class='ocrx_word' id='word_1_91' title='bbox 166 689 221 716; x_wconf 74' lang='grc' dir='ltr'>τῶν</span> <span class='ocrx_word' id='word_1_92' title='bbox 236 689 341 715; x_wconf 81' lang='grc' dir='ltr'>πώποτε</span> <span class='ocrx_word' id='word_1_93' title='bbox 362 689 446 724; x_wconf 82' lang='grc' dir='ltr'>Λόγος</span> <span class='ocrx_word' id='word_1_94' title='bbox 466 690 503 717; x_wconf 83' lang='grc' dir='ltr'><strong>ὢν</strong></span> <span class='ocrx_word' id='word_1_95' title='bbox 514 690 592 722; x_wconf 83' lang='grc' dir='ltr'>Θεοῦ,</span> <span class='ocrx_word' id='word_1_96' title='bbox 610 691 784 726; x_wconf 85' lang='grc' dir='ltr'>προκόσμιος,</span> <span class='ocrx_word' id='word_1_97' title='bbox 802 693 847 718; x_wconf 77' lang='grc' dir='ltr'><strong>καὶ</strong></span> <span class='ocrx_word' id='word_1_98' title='bbox 862 692 954 727; x_wconf 84' lang='grc' dir='ltr'>ἀρχιε-</span> 
     </span>
    </p>
   </div>
   <div class='ocr_carea' id='block_1_13' title="bbox 166 736 953 773">
    <p class='ocr_par' dir='ltr' id='par_1_13' title="bbox 166 736 953 773">
     <span class='ocr_line' id='line_1_13' title="bbox 166 736 953 773; baseline 0.005 -13"><span class='ocrx_word' id='word_1_99' title='bbox 166 738 232 772; x_wconf 72' lang='grc' dir='ltr'>ρεὺς</span> <span class='ocrx_word' id='word_1_100' title='bbox 252 736 340 770; x_wconf 78' lang='grc' dir='ltr'>πάσης</span> <span class='ocrx_word' id='word_1_101' title='bbox 361 737 456 772; x_wconf 77' lang='grc' dir='ltr'>νοερᾶς</span> <span class='ocrx_word' id='word_1_102' title='bbox 479 737 525 763; x_wconf 71' lang='grc' dir='ltr'><strong>κα)⁸</strong></span> <span class='ocrx_word' id='word_1_103' title='bbox 553 736 664 771; x_wconf 77' lang='grc' dir='ltr'>λογικῆς</span> <span class='ocrx_word' id='word_1_104' title='bbox 691 738 814 769; x_wconf 83' lang='grc' dir='ltr'>κτίσεως,</span> <span class='ocrx_word' id='word_1_105' title='bbox 829 738 873 764; x_wconf 80' lang='grc' dir='ltr'>τὸν</span> <span class='ocrx_word' id='word_1_106' title='bbox 887 739 953 773; x_wconf 80' lang='grc' dir='ltr'>ἡμῖν</span> 
     </span>
    </p>
   </div>
   <div class='ocr_carea' id='block_1_14' title="bbox 164 779 952 820">
    <p class='ocr_par' dir='ltr' id='par_1_14' title="bbox 164 779 952 820">
     <span class='ocr_line' id='line_1_14' title="bbox 164 779 952 820; baseline 0.005 -13"><span class='ocrx_word' id='word_1_107' title='bbox 164 781 328 816; x_wconf 75' lang='grc' dir='ltr'>ὁμοιοπαθῆ,</span> <span class='ocrx_word' id='word_1_108' title='bbox 344 779 386 808; x_wconf 76' lang='grc' dir='ltr'>οἷα</span> <span class='ocrx_word' id='word_1_109' title='bbox 406 782 540 817; x_wconf 74' lang='grc' dir='ltr'>πρόϐατον</span> <span class='ocrx_word' id='word_1_110' title='bbox 557 783 604 809; x_wconf 72' lang='grc' dir='ltr'><strong>καὶ</strong></span> <span class='ocrx_word' id='word_1_111' title='bbox 627 783 711 818; x_wconf 77' lang='grc' dir='ltr'>ἀμνὸν</span> <span class='ocrx_word' id='word_1_112' title='bbox 731 784 762 810; x_wconf 78' lang='grc' dir='ltr'>ὲκ</span> <span class='ocrx_word' id='word_1_113' title='bbox 782 785 832 819; x_wconf 79' lang='grc' dir='ltr'><strong>τῆς</strong></span> <span class='ocrx_word' id='word_1_114' title='bbox 848 783 952 820; x_wconf 80' lang='grc' dir='ltr'>ἀνθρώ-</span> 
     </span>
    </p>
   </div>
   <div class='ocr_carea' id='block_1_15' title="bbox 168 827 953 864">
    <p class='ocr_par' dir='ltr' id='par_1_15' title="bbox 168 827 953 864">
     <span class='ocr_line' id='line_1_15' title="bbox 168 827 953 864; baseline 0.005 -12"><span class='ocrx_word' id='word_1_115' title='bbox 168 836 227 853; x_wconf 86' lang='grc' dir='ltr'><strong>πων</strong></span> <span class='ocrx_word' id='word_1_116' title='bbox 241 827 374 861; x_wconf 74' lang='grc' dir='ltr'>ἀφορίσας</span> <span class='ocrx_word' id='word_1_117' title='bbox 387 827 496 863; x_wconf 80' lang='grc' dir='ltr'>ὰγέλης,</span> <span class='ocrx_word' id='word_1_118' title='bbox 509 828 595 864; x_wconf 87' lang='grc' dir='ltr'>τούτῳ</span> <span class='ocrx_word' id='word_1_119' title='bbox 610 837 638 854; x_wconf 90' lang='grc' dir='ltr'><strong>τε</strong></span> <span class='ocrx_word' id='word_1_120' title='bbox 659 828 813 864; x_wconf 73' lang='grc' dir='ltr'>ἐπιγράψας</span> <span class='ocrx_word' id='word_1_121' title='bbox 826 829 876 860; x_wconf 79' lang='grc' dir='ltr'>τὰς</span> <span class='ocrx_word' id='word_1_122' title='bbox 889 829 953 856; x_wconf 83' lang='grc' dir='ltr'>πάν-</span> 
     </span>
    </p>
   </div>
   <div class='ocr_carea' id='block_1_16' title="bbox 166 871 952 909">
    <p class='ocr_par' dir='ltr' id='par_1_16' title="bbox 166 871 952 909">
     <span class='ocr_line' id='line_1_16' title="bbox 166 871 952 909; baseline 0.004 -12"><span class='ocrx_word' id='word_1_123' title='bbox 166 880 222 897; x_wconf 83' lang='grc' dir='ltr'><strong>των</strong></span> <span class='ocrx_word' id='word_1_124' title='bbox 235 872 250 906; x_wconf 79' lang='grc' dir='ltr'>ἡ</span> <span class='ocrx_word' id='word_1_125' title='bbox 255 871 312 906; x_wconf 83' lang='grc' dir='ltr'><strong>μῶν</strong></span> <span class='ocrx_word' id='word_1_126' title='bbox 328 872 474 906; x_wconf 85' lang='grc' dir='ltr'>ἁμαρτίας,</span> <span class='ocrx_word' id='word_1_127' title='bbox 493 873 540 898; x_wconf 81' lang='grc' dir='ltr'>καὶ</span> <span class='ocrx_word' id='word_1_128' title='bbox 558 873 608 908; x_wconf 84' lang='grc' dir='ltr'>τὴν</span> <span class='ocrx_word' id='word_1_129' title='bbox 621 873 742 909; x_wconf 78' lang='grc' dir='ltr'>κατάραν</span> <span class='ocrx_word' id='word_1_130' title='bbox 756 882 787 907; x_wconf 88' lang='grc' dir='ltr'><strong>γε</strong></span> <span class='ocrx_word' id='word_1_131' title='bbox 801 873 886 908; x_wconf 84' lang='grc' dir='ltr'>αὐτῷ,</span> <span class='ocrx_word' id='word_1_132' title='bbox 903 874 952 909; x_wconf 82' lang='grc' dir='ltr'>τὴν</span> 
     </span>
    </p>
   </div>
   <div class='ocr_carea' id='block_1_17' title="bbox 163 917 951 956">
    <p class='ocr_par' dir='ltr' id='par_1_17' title="bbox 163 917 951 956">
     <span class='ocr_line' id='line_1_17' title="bbox 163 917 951 956; baseline 0.004 -13"><span class='ocrx_word' id='word_1_133' title='bbox 163 918 195 943; x_wconf 77' lang='grc' dir='ltr'>ἐν</span> <span class='ocrx_word' id='word_1_134' title='bbox 217 918 256 952; x_wconf 84' lang='grc' dir='ltr'><strong>τῷ</strong></span> <span class='ocrx_word' id='word_1_135' title='bbox 279 917 400 949; x_wconf 82' lang='grc' dir='ltr'><strong>Μωσέως</strong></span> <span class='ocrx_word' id='word_1_136' title='bbox 430 917 504 953; x_wconf 82' lang='grc' dir='ltr'>νόμῳ</span> <span class='ocrx_word' id='word_1_137' title='bbox 530 920 793 955; x_wconf 78' lang='grc' dir='ltr'>προστετιμημένην,</span> <span class='ocrx_word' id='word_1_138' title='bbox 818 920 951 956; x_wconf 64' lang='grc' dir='ltr'>περιάψας</span> 
     </span>
    </p>
   </div>
   <div class='ocr_carea' id='block_1_18' title="bbox 165 963 951 1001">
    <p class='ocr_par' dir='ltr' id='par_1_18' title="bbox 165 963 951 1001">
     <span class='ocr_line' id='line_1_18' title="bbox 165 963 951 1001; baseline 0.004 -11"><span class='ocrx_word' id='word_1_139' title='bbox 165 964 225 998; x_wconf 81' lang='grc' dir='ltr'>(ὅτι</span> <span class='ocrx_word' id='word_1_140' title='bbox 241 963 272 998; x_wconf 88' lang='grc' dir='ltr'>δὴ</span> <span class='ocrx_word' id='word_1_141' title='bbox 286 964 406 995; x_wconf 81' lang='grc' dir='ltr'><strong>Μωσέως</strong></span> <span class='ocrx_word' id='word_1_142' title='bbox 418 964 573 997; x_wconf 76' lang='grc' dir='ltr'>ἀνειπόντος</span> <span class='ocrx_word' id='word_1_143' title='bbox 582 974 589 980; x_wconf 86' lang='grc'><strong>·</strong></span> <span class='ocrx_word' id='word_1_144' title='bbox 609 975 618 991; x_wconf 77' lang='grc' dir='ltr'><strong>ι</strong></span> <span class='ocrx_word' id='word_1_145' title='bbox 642 966 856 1001; x_wconf 78' lang='grc' dir='ltr'>Ἐπικατάρατος</span> <span class='ocrx_word' id='word_1_146' title='bbox 870 968 924 998; x_wconf 75' lang='grc' dir='ltr'><strong>πᾶς</strong></span> <span class='ocrx_word' id='word_1_147' title='bbox 938 968 951 993; x_wconf 87' lang='grc' dir='ltr'>ὁ</span> 
     </span>
    </p>
   </div>
   <div class='ocr_carea' id='block_1_19' title="bbox 164 1010 951 1046">
    <p class='ocr_par' dir='ltr' id='par_1_19' title="bbox 164 1010 951 1046">
     <span class='ocr_line' id='line_1_19' title="bbox 164 1010 951 1046; baseline 0.004 -10"><span class='ocrx_word' id='word_1_148' title='bbox 164 1010 340 1045; x_wconf 81' lang='grc' dir='ltr'>κρεμάμενος</span> <span class='ocrx_word' id='word_1_149' title='bbox 365 1011 412 1037; x_wconf 78' lang='grc' dir='ltr'><strong>ἐπὶ</strong></span> <span class='ocrx_word' id='word_1_150' title='bbox 432 1010 509 1042; x_wconf 79' lang='grc' dir='ltr'>ξύλου</span> <span class='ocrx_word' id='word_1_151' title='bbox 528 1021 537 1036; x_wconf 73' lang='grc' dir='ltr'><strong>ι</strong></span> <span class='ocrx_word' id='word_1_152' title='bbox 550 1011 571 1046; x_wconf 92' lang='grc'>),</span> <span class='ocrx_word' id='word_1_153' title='bbox 586 1011 665 1038; x_wconf 83' lang='grc' dir='ltr'>τοῦτο</span> <span class='ocrx_word' id='word_1_154' title='bbox 676 1011 808 1038; x_wconf 79' lang='grc' dir='ltr'>πέπονθεν</span> <span class='ocrx_word' id='word_1_155' title='bbox 824 1013 904 1045; x_wconf 77' lang='grc' dir='ltr'>αὐτὸς</span> <span class='ocrx_word' id='word_1_156' title='bbox 918 1012 951 1039; x_wconf 85' lang='grc' dir='ltr'>δι’</span> 
     </span>
    </p>
   </div>
   <div class='ocr_carea' id='block_1_20' title="bbox 166 1055 951 1093">
    <p class='ocr_par' dir='ltr' id='par_1_20' title="bbox 166 1055 951 1093">
     <span class='ocr_line' id='line_1_20' title="bbox 166 1055 951 1093; baseline 0.005 -12"><span class='ocrx_word' id='word_1_157' title='bbox 166 1055 241 1090; x_wconf 75' lang='grc' dir='ltr'>ἡμᾶς</span> <span class='ocrx_word' id='word_1_158' title='bbox 267 1055 411 1090; x_wconf 85' lang='grc' dir='ltr'>γενόμενος</span> <span class='ocrx_word' id='word_1_159' title='bbox 433 1056 503 1091; x_wconf 76' lang='grc' dir='ltr'>ὑπὲρ</span> <span class='ocrx_word' id='word_1_160' title='bbox 528 1057 606 1092; x_wconf 86' lang='grc' dir='ltr'>ήμῶν</span> <span class='ocrx_word' id='word_1_161' title='bbox 633 1057 754 1093; x_wconf 65' lang='grc' dir='ltr'>κατάραθ</span> <span class='ocrx_word' id='word_1_162' title='bbox 780 1058 827 1084; x_wconf 74' lang='grc' dir='ltr'>καὶ</span> <span class='ocrx_word' id='word_1_163' title='bbox 848 1058 880 1092; x_wconf 84' lang='grc' dir='ltr'>δὴ</span> <span class='ocrx_word' id='word_1_164' title='bbox 905 1058 951 1085; x_wconf 82' lang='grc' dir='ltr'>καὶ</span> 
     </span>
    </p>
   </div>
   <div class='ocr_carea' id='block_1_21' title="bbox 165 1101 952 1138">
    <p class='ocr_par' dir='ltr' id='par_1_21' title="bbox 165 1101 952 1138">
     <span class='ocr_line' id='line_1_21' title="bbox 165 1101 952 1138; baseline 0.004 -11"><span class='ocrx_word' id='word_1_165' title='bbox 165 1101 304 1137; x_wconf 76' lang='grc' dir='ltr'>ἁμαρτίαν</span> <span class='ocrx_word' id='word_1_166' title='bbox 325 1101 405 1128; x_wconf 68' lang='grc' dir='ltr'>αὐτὸν</span> <span class='ocrx_word' id='word_1_167' title='bbox 423 1101 456 1127; x_wconf 79' lang='grc' dir='ltr'>δι’</span> <span class='ocrx_word' id='word_1_168' title='bbox 475 1102 548 1137; x_wconf 79' lang='grc' dir='ltr'>ἡμᾶς</span> <span class='ocrx_word' id='word_1_169' title='bbox 569 1103 700 1138; x_wconf 85' lang='grc' dir='ltr'>ποιήσας·</span> <span class='ocrx_word' id='word_1_170' title='bbox 725 1112 735 1128; x_wconf 76' lang='grc' dir='ltr'>ί</span> <span class='ocrx_word' id='word_1_171' title='bbox 757 1103 819 1129; x_wconf 82' lang='grc' dir='ltr'>ἐπεὶ</span> <span class='ocrx_word' id='word_1_172' title='bbox 847 1103 892 1130; x_wconf 79' lang='grc' dir='ltr'>τὸν</span> <span class='ocrx_word' id='word_1_173' title='bbox 914 1102 952 1138; x_wconf 79' lang='grc' dir='ltr'><strong>μὴ</strong></span> 
     </span>
    </p>
   </div>
   <div class='ocr_carea' id='block_1_22' title="bbox 164 1147 949 1185">
    <p class='ocr_par' dir='ltr' id='par_1_22' title="bbox 164 1147 949 1185">
     <span class='ocr_line' id='line_1_22' title="bbox 164 1147 949 1185; baseline 0.003 -11"><span class='ocrx_word' id='word_1_174' title='bbox 164 1147 264 1182; x_wconf 79' lang='grc' dir='ltr'>γνόντα</span> <span class='ocrx_word' id='word_1_175' title='bbox 284 1148 431 1184; x_wconf 81' lang='grc' dir='ltr'>ἁμαρτίαν,</span> <span class='ocrx_word' id='word_1_176' title='bbox 448 1148 517 1184; x_wconf 78' lang='grc' dir='ltr'>ὑπὲρ</span> <span class='ocrx_word' id='word_1_177' title='bbox 539 1149 616 1183; x_wconf 82' lang='grc' dir='ltr'>ἡμῶν</span> <span class='ocrx_word' id='word_1_178' title='bbox 639 1150 774 1185; x_wconf 75' lang='grc' dir='ltr'>ἁμαρτίαν</span> <span class='ocrx_word' id='word_1_179' title='bbox 799 1150 920 1185; x_wconf 76' lang='grc' dir='ltr'>ἐποίησε,</span> <span class='ocrx_word' id='word_1_180' title='bbox 939 1160 949 1176; x_wconf 72' lang='grc' dir='ltr'><strong>ι</strong></span> 
     </span>
    </p>
   </div>
   <div class='ocr_carea' id='block_1_23' title="bbox 165 1194 952 1232">
    <p class='ocr_par' dir='ltr' id='par_1_23' title="bbox 165 1194 952 1232">
     <span class='ocr_line' id='line_1_23' title="bbox 165 1194 952 1232; baseline 0.004 -12"><span class='ocrx_word' id='word_1_181' title='bbox 165 1194 255 1226; x_wconf 78' lang='grc' dir='ltr'>πάσας</span> <span class='ocrx_word' id='word_1_182' title='bbox 278 1203 308 1220; x_wconf 87' lang='grc' dir='ltr'><strong>τε</strong></span> <span class='ocrx_word' id='word_1_183' title='bbox 325 1195 397 1230; x_wconf 81' lang='grc' dir='ltr'>αὐτῷ</span> <span class='ocrx_word' id='word_1_184' title='bbox 416 1195 450 1221; x_wconf 77' lang='grc' dir='ltr'>δι’</span> <span class='ocrx_word' id='word_1_185' title='bbox 465 1196 540 1230; x_wconf 82' lang='grc' dir='ltr'>ἡμᾶς</span> <span class='ocrx_word' id='word_1_186' title='bbox 557 1195 607 1227; x_wconf 77' lang='grc' dir='ltr'>τὰς</span> <span class='ocrx_word' id='word_1_187' title='bbox 623 1196 687 1231; x_wconf 84' lang='grc' dir='ltr'>ἡμῖν</span> <span class='ocrx_word' id='word_1_188' title='bbox 707 1196 900 1232; x_wconf 81' lang='grc' dir='ltr'>ἐπηρτημένας</span> <span class='ocrx_word' id='word_1_189' title='bbox 915 1205 952 1224; x_wconf 83' lang='grc' dir='ltr'>τι-</span> 
     </span>
    </p>
   </div>
   <div class='ocr_carea' id='block_1_24' title="bbox 166 1240 952 1279">
    <p class='ocr_par' dir='ltr' id='par_1_24' title="bbox 166 1240 952 1279">
     <span class='ocr_line' id='line_1_24' title="bbox 166 1240 952 1279; baseline 0.005 -13"><span class='ocrx_word' id='word_1_190' title='bbox 166 1241 274 1275; x_wconf 78' lang='grc' dir='ltr'>μωρίας</span> <span class='ocrx_word' id='word_1_191' title='bbox 288 1240 401 1272; x_wconf 80' lang='grc' dir='ltr'>ὲπιθεὶς,</span> <span class='ocrx_word' id='word_1_192' title='bbox 423 1241 508 1276; x_wconf 74' lang='grc' dir='ltr'>δεσμὰ</span> <span class='ocrx_word' id='word_1_193' title='bbox 529 1243 576 1270; x_wconf 79' lang='grc' dir='ltr'>καὶ</span> <span class='ocrx_word' id='word_1_194' title='bbox 591 1243 701 1278; x_wconf 83' lang='grc' dir='ltr'>ἀτιμίας</span> <span class='ocrx_word' id='word_1_195' title='bbox 723 1244 769 1270; x_wconf 82' lang='grc' dir='ltr'>καὶ</span> <span class='ocrx_word' id='word_1_196' title='bbox 784 1243 885 1279; x_wconf 79' lang='grc' dir='ltr'>ὕϐρεις,</span> <span class='ocrx_word' id='word_1_197' title='bbox 905 1244 952 1279; x_wconf 81' lang='grc' dir='ltr'>μά-</span> 
     </span>
    </p>
   </div>
   <div class='ocr_carea' id='block_1_25' title="bbox 164 1284 952 1324">
    <p class='ocr_par' dir='ltr' id='par_1_25' title="bbox 164 1284 952 1324">
     <span class='ocr_line' id='line_1_25' title="bbox 164 1284 952 1324; baseline 0.005 -12"><span class='ocrx_word' id='word_1_198' title='bbox 164 1284 262 1320; x_wconf 70' lang='grc' dir='ltr'>στιγάς</span> <span class='ocrx_word' id='word_1_199' title='bbox 285 1295 314 1313; x_wconf 88' lang='grc' dir='ltr'><strong>τε</strong></span> <span class='ocrx_word' id='word_1_200' title='bbox 337 1288 384 1314; x_wconf 72' lang='grc' dir='ltr'>καὶ</span> <span class='ocrx_word' id='word_1_201' title='bbox 408 1287 538 1320; x_wconf 76' lang='grc' dir='ltr'>ἐκτύπους</span> <span class='ocrx_word' id='word_1_202' title='bbox 555 1289 671 1324; x_wconf 77' lang='grc' dir='ltr'>πληγὰς,</span> <span class='ocrx_word' id='word_1_203' title='bbox 696 1290 742 1316; x_wconf 80' lang='grc' dir='ltr'><strong>καὶ</strong></span> <span class='ocrx_word' id='word_1_204' title='bbox 760 1290 805 1316; x_wconf 74' lang='grc' dir='ltr'><strong>ἐπὶ</strong></span> <span class='ocrx_word' id='word_1_205' title='bbox 826 1291 907 1316; x_wconf 82' lang='grc' dir='ltr'>πᾶσιν</span> <span class='ocrx_word' id='word_1_206' title='bbox 921 1290 952 1316; x_wconf 80' lang='grc' dir='ltr'>τὸ</span> 
     </span>
    </p>
   </div>
   <div class='ocr_carea' id='block_1_26' title="bbox 164 1331 952 1371">
    <p class='ocr_par' dir='ltr' id='par_1_26' title="bbox 164 1331 952 1371">
     <span class='ocr_line' id='line_1_26' title="bbox 164 1331 952 1371; baseline 0.008 -14"><span class='ocrx_word' id='word_1_207' title='bbox 164 1331 216 1367; x_wconf 78' lang='grc' dir='ltr'>τῆς</span> <span class='ocrx_word' id='word_1_208' title='bbox 230 1333 352 1368; x_wconf 81' lang='grc' dir='ltr'>κατάρας</span> <span class='ocrx_word' id='word_1_209' title='bbox 370 1334 508 1369; x_wconf 87' lang='grc' dir='ltr'>τρόπαιον.</span> <span class='ocrx_word' id='word_1_210' title='bbox 527 1335 604 1362; x_wconf 80' lang='grc' dir='ltr'>Μετὰ</span> <span class='ocrx_word' id='word_1_211' title='bbox 617 1335 649 1371; x_wconf 85' lang='grc' dir='ltr'>δὴ</span> <span class='ocrx_word' id='word_1_212' title='bbox 666 1335 754 1363; x_wconf 87' lang='grc' dir='ltr'>πάντα</span> <span class='ocrx_word' id='word_1_213' title='bbox 771 1333 826 1362; x_wconf 74' lang='grc' dir='ltr'>οἶόν</span> <span class='ocrx_word' id='word_1_214' title='bbox 839 1345 866 1363; x_wconf 88' lang='grc' dir='ltr'><strong>τι</strong></span> <span class='ocrx_word' id='word_1_215' title='bbox 887 1336 952 1362; x_wconf 85' lang='grc' dir='ltr'>θαυ-</span> 
     </span>
    </p>
   </div>
   <div class='ocr_carea' id='block_1_27' title="bbox 167 1378 951 1417">
    <p class='ocr_par' dir='ltr' id='par_1_27' title="bbox 167 1378 951 1417">
     <span class='ocr_line' id='line_1_27' title="bbox 167 1378 951 1417; baseline 0.006 -13"><span class='ocrx_word' id='word_1_216' title='bbox 167 1378 266 1413; x_wconf 80' lang='grc' dir='ltr'>μάσιον</span> <span class='ocrx_word' id='word_1_217' title='bbox 282 1379 365 1414; x_wconf 86' lang='grc' dir='ltr'>θῦμα,</span> <span class='ocrx_word' id='word_1_218' title='bbox 381 1380 427 1407; x_wconf 71' lang='grc' dir='ltr'><strong>καὶ</strong></span> <span class='ocrx_word' id='word_1_219' title='bbox 448 1381 560 1415; x_wconf 83' lang='grc' dir='ltr'>σφάγιον</span> <span class='ocrx_word' id='word_1_220' title='bbox 577 1380 714 1416; x_wconf 75' lang='grc' dir='ltr'>ἐξαίρετον</span> <span class='ocrx_word' id='word_1_221' title='bbox 729 1381 766 1416; x_wconf 86' lang='grc' dir='ltr'><strong>τῷ</strong></span> <span class='ocrx_word' id='word_1_222' title='bbox 782 1382 867 1417; x_wconf 80' lang='grc' dir='ltr'>Πατρὶ</span> <span class='ocrx_word' id='word_1_223' title='bbox 886 1382 951 1409; x_wconf 91' lang='grc' dir='ltr'>καλ-</span> 
     </span>
    </p>
   </div>
   <div class='ocr_carea' id='block_1_28' title="bbox 165 1423 951 1463">
    <p class='ocr_par' dir='ltr' id='par_1_28' title="bbox 165 1423 951 1463">
     <span class='ocr_line' id='line_1_28' title="bbox 165 1423 951 1463; baseline 0.005 -13"><span class='ocrx_word' id='word_1_224' title='bbox 165 1423 372 1460; x_wconf 77' lang='grc' dir='ltr'>λιερησάμενος,</span> <span class='ocrx_word' id='word_1_225' title='bbox 401 1426 471 1462; x_wconf 83' lang='grc' dir='ltr'>ὑπὲρ</span> <span class='ocrx_word' id='word_1_226' title='bbox 487 1426 537 1462; x_wconf 85' lang='grc' dir='ltr'>τῆς</span> <span class='ocrx_word' id='word_1_227' title='bbox 562 1426 690 1453; x_wconf 83' lang='grc' dir='ltr'>ἁπάντων</span> <span class='ocrx_word' id='word_1_228' title='bbox 714 1427 792 1462; x_wconf 83' lang='grc' dir='ltr'>ήμῶν</span> <span class='ocrx_word' id='word_1_229' title='bbox 816 1429 951 1463; x_wconf 84' lang='grc' dir='ltr'>ἀνήνεγκε</span> 
     </span>
    </p>
   </div>
   <div class='ocr_carea' id='block_1_29' title="bbox 166 1470 952 1508">
    <p class='ocr_par' dir='ltr' id='par_1_29' title="bbox 166 1470 952 1508">
     <span class='ocr_line' id='line_1_29' title="bbox 166 1470 952 1508; baseline 0.008 -13"><span class='ocrx_word' id='word_1_230' title='bbox 166 1470 314 1505; x_wconf 77' lang='grc' dir='ltr'>σωτηρίας,</span> <span class='ocrx_word' id='word_1_231' title='bbox 338 1471 447 1507; x_wconf 87' lang='grc' dir='ltr'>μνήμην</span> <span class='ocrx_word' id='word_1_232' title='bbox 465 1473 512 1499; x_wconf 82' lang='grc' dir='ltr'>καὶ</span> <span class='ocrx_word' id='word_1_233' title='bbox 532 1473 597 1508; x_wconf 80' lang='grc' dir='ltr'>ἡμῖν</span> <span class='ocrx_word' id='word_1_234' title='bbox 611 1473 757 1508; x_wconf 76' lang='grc' dir='ltr'>παραδοὺς,</span> <span class='ocrx_word' id='word_1_235' title='bbox 775 1474 834 1501; x_wconf 76' lang='grc' dir='ltr'>ἀντὶ</span> <span class='ocrx_word' id='word_1_236' title='bbox 858 1475 952 1506; x_wconf 85' lang='grc' dir='ltr'>θυσίας</span> 
     </span>
    </p>
   </div>
   <div class='ocr_carea' id='block_1_30' title="bbox 163 1515 952 1556">
    <p class='ocr_par' dir='ltr' id='par_1_30' title="bbox 163 1515 952 1556">
     <span class='ocr_line' id='line_1_30' title="bbox 163 1515 952 1556; baseline 0.008 -15"><span class='ocrx_word' id='word_1_237' title='bbox 163 1516 204 1550; x_wconf 79' lang='grc' dir='ltr'><strong>τῷ</strong></span> <span class='ocrx_word' id='word_1_238' title='bbox 220 1515 280 1551; x_wconf 80' lang='grc' dir='ltr'>Θεῷ</span> <span class='ocrx_word' id='word_1_239' title='bbox 300 1516 429 1552; x_wconf 81' lang='grc' dir='ltr'>διηνεκῶς</span> <span class='ocrx_word' id='word_1_240' title='bbox 449 1519 623 1554; x_wconf 71' lang='grc' dir='ltr'>προσφέρειν.</span> <span class='ocrx_word' id='word_1_241' title='bbox 640 1519 724 1546; x_wconf 85' lang='grc' dir='ltr'>Τοῦτο</span> <span class='ocrx_word' id='word_1_242' title='bbox 744 1520 790 1546; x_wconf 75' lang='grc' dir='ltr'>καὶ</span> <span class='ocrx_word' id='word_1_243' title='bbox 805 1521 952 1556; x_wconf 84' lang='grc' dir='ltr'>προφητῶν</span> 
     </span>
    </p>
   </div>
   <div class='ocr_carea' id='block_1_31' title="bbox 164 1562 953 1602">
    <p class='ocr_par' dir='ltr' id='par_1_31' title="bbox 164 1562 953 1602">
     <span class='ocr_line' id='line_1_31' title="bbox 164 1562 953 1602; baseline 0.005 -13"><span class='ocrx_word' id='word_1_244' title='bbox 164 1563 179 1589; x_wconf 82' lang='grc' dir='ltr'><strong>ὸ</strong></span> <span class='ocrx_word' id='word_1_245' title='bbox 195 1562 345 1598; x_wconf 75' lang='grc' dir='ltr'>θαυμάσιος</span> <span class='ocrx_word' id='word_1_246' title='bbox 362 1564 443 1590; x_wconf 78' lang='grc' dir='ltr'>Δαΰὶδ</span> <span class='ocrx_word' id='word_1_247' title='bbox 458 1565 522 1600; x_wconf 83' lang='grc' dir='ltr'>θείῳ</span> <span class='ocrx_word' id='word_1_248' title='bbox 536 1565 675 1600; x_wconf 78' lang='grc' dir='ltr'>Πνεῦματι</span> <span class='ocrx_word' id='word_1_249' title='bbox 690 1565 720 1591; x_wconf 82' lang='grc' dir='ltr'>τὺ</span> <span class='ocrx_word' id='word_1_250' title='bbox 740 1565 835 1601; x_wconf 80' lang='grc' dir='ltr'>μέλλον</span> <span class='ocrx_word' id='word_1_251' title='bbox 856 1567 953 1602; x_wconf 83' lang='grc' dir='ltr'>προλα-</span> 
     </span>
    </p>
   </div>
   <div class='ocr_carea' id='block_1_32' title="bbox 164 1608 986 1653">
    <p class='ocr_par' dir='ltr' id='par_1_32' title="bbox 164 1608 986 1653">
     <span class='ocr_line' id='line_1_32' title="bbox 164 1608 986 1653; baseline 0.002 -17"><span class='ocrx_word' id='word_1_252' title='bbox 164 1608 222 1636; x_wconf 68' lang='grc' dir='ltr'><strong>ϐὼν</strong></span> <span class='ocrx_word' id='word_1_253' title='bbox 241 1609 393 1642; x_wconf 75' lang='grc' dir='ltr'>ἐθέσπισεν,</span> <span class='ocrx_word' id='word_1_254' title='bbox 415 1610 514 1637; x_wconf 80' lang='grc' dir='ltr'>εἰπών’</span> <span class='ocrx_word' id='word_1_255' title='bbox 540 1620 549 1637; x_wconf 77' lang='grc' dir='ltr'><strong>ι</strong></span> <span class='ocrx_word' id='word_1_256' title='bbox 575 1611 732 1646; x_wconf 79' lang='grc' dir='ltr'>’Υπομένων</span> <span class='ocrx_word' id='word_1_257' title='bbox 754 1611 887 1646; x_wconf 84' lang='grc' dir='ltr'>ὑπέμεινα</span> <span class='ocrx_word' id='word_1_258' title='bbox 906 1613 952 1638; x_wconf 87' lang='grc' dir='ltr'>τὸν</span> <span class='ocrx_word' id='word_1_259' title='bbox 965 1624 986 1653; x_wconf 79' lang='lat' dir='ltr'><strong>c</strong></span> 
     </span>
    </p>
   </div>
   <div class='ocr_carea' id='block_1_33' title="bbox 164 1655 951 1693">
    <p class='ocr_par' dir='ltr' id='par_1_33' title="bbox 164 1655 951 1693">
     <span class='ocr_line' id='line_1_33' title="bbox 164 1655 951 1693; baseline 0.025 -11"><span class='ocrx_word' id='word_1_260' title='bbox 164 1655 278 1690; x_wconf 77' lang='grc' dir='ltr'>Κύριον,</span> <span class='ocrx_word' id='word_1_261' title='bbox 293 1656 340 1683; x_wconf 79' lang='grc' dir='ltr'><strong>καὶ</strong></span> <span class='ocrx_word' id='word_1_262' title='bbox 361 1656 494 1691; x_wconf 67' lang='grc' dir='ltr'>προσέσχε</span> <span class='ocrx_word' id='word_1_263' title='bbox 517 1665 575 1692; x_wconf 85' lang='grc' dir='ltr'>μοι·</span> <span class='ocrx_word' id='word_1_264' title='bbox 599 1657 646 1684; x_wconf 67' lang='grc' dir='ltr'><strong>καὶ</strong></span> <span class='ocrx_word' id='word_1_265' title='bbox 667 1657 809 1692; x_wconf 70' lang='grc' dir='ltr'>είσήκουσί</span> <span class='ocrx_word' id='word_1_266' title='bbox 823 1657 874 1692; x_wconf 67' lang='grc' dir='ltr'><strong>τῆς</strong></span> <span class='ocrx_word' id='word_1_267' title='bbox 895 1658 951 1693; x_wconf 68' lang='grc' dir='ltr'><strong>δεὴ“</strong></span> 
     </span>
    </p>
   </div>
   <div class='ocr_carea' id='block_1_34' title="bbox 164 1699 949 1739">
    <p class='ocr_par' dir='ltr' id='par_1_34' title="bbox 164 1699 949 1739">
     <span class='ocr_line' id='line_1_34' title="bbox 164 1699 949 1739; baseline 0.004 -12"><span class='ocrx_word' id='word_1_268' title='bbox 164 1699 235 1732; x_wconf 64' lang='lat' dir='ltr'><strong>cadi;</strong></span> <span class='ocrx_word' id='word_1_269' title='bbox 250 1709 312 1735; x_wconf 88' lang='grc' dir='ltr'>μου,</span> <span class='ocrx_word' id='word_1_270' title='bbox 327 1702 373 1728; x_wconf 77' lang='grc' dir='ltr'>καὶ</span> <span class='ocrx_word' id='word_1_271' title='bbox 390 1702 523 1737; x_wconf 84' lang='grc' dir='ltr'>ἀνήνεγκέ</span> <span class='ocrx_word' id='word_1_272' title='bbox 541 1711 574 1738; x_wconf 88' lang='grc' dir='ltr'><strong>με</strong></span> <span class='ocrx_word' id='word_1_273' title='bbox 590 1703 621 1729; x_wconf 83' lang='grc' dir='ltr'>ἐκ</span> <span class='ocrx_word' id='word_1_274' title='bbox 635 1702 743 1729; x_wconf 82' lang='grc' dir='ltr'>λάκκων</span> <span class='ocrx_word' id='word_1_275' title='bbox 754 1703 949 1739; x_wconf 82' lang='grc' dir='ltr'>ταλαιπωρίας,</span> 
     </span>
    </p>
   </div>
   <div class='ocr_carea' id='block_1_35' title="bbox 164 1746 951 1785">
    <p class='ocr_par' dir='ltr' id='par_1_35' title="bbox 164 1746 951 1785">
     <span class='ocr_line' id='line_1_35' title="bbox 164 1746 951 1785; baseline 0.005 -13"><span class='ocrx_word' id='word_1_276' title='bbox 164 1747 210 1772; x_wconf 76' lang='grc' dir='ltr'><strong>καὶ</strong></span> <span class='ocrx_word' id='word_1_277' title='bbox 232 1746 286 1773; x_wconf 78' lang='grc' dir='ltr'>ἀπὸ</span> <span class='ocrx_word' id='word_1_278' title='bbox 302 1747 388 1782; x_wconf 82' lang='grc' dir='ltr'>πηλοῦ</span> <span class='ocrx_word' id='word_1_279' title='bbox 407 1747 493 1780; x_wconf 76' lang='grc' dir='ltr'>ἰλύος·</span> <span class='ocrx_word' id='word_1_280' title='bbox 512 1748 558 1774; x_wconf 76' lang='grc' dir='ltr'><strong>καὶ</strong></span> <span class='ocrx_word' id='word_1_281' title='bbox 575 1748 687 1784; x_wconf 78' lang='grc' dir='ltr'>ἔστησεν</span> <span class='ocrx_word' id='word_1_282' title='bbox 708 1749 754 1775; x_wconf 74' lang='grc' dir='ltr'><strong>ἐπὶ</strong></span> <span class='ocrx_word' id='word_1_283' title='bbox 771 1749 872 1785; x_wconf 81' lang='grc' dir='ltr'>πέτραν</span> <span class='ocrx_word' id='word_1_284' title='bbox 889 1750 951 1782; x_wconf 74' lang='grc' dir='ltr'>τοὺς</span> 
     </span>
    </p>
   </div>
   <div class='ocr_carea' id='block_1_36' title="bbox 163 1792 950 1829">
    <p class='ocr_par' dir='ltr' id='par_1_36' title="bbox 163 1792 950 1829">
     <span class='ocr_line' id='line_1_36' title="bbox 163 1792 950 1829; baseline 0.005 -12"><span class='ocrx_word' id='word_1_285' title='bbox 163 1792 248 1823; x_wconf 66' lang='grc' dir='ltr'>πόδας</span> <span class='ocrx_word' id='word_1_286' title='bbox 266 1801 326 1827; x_wconf 88' lang='grc' dir='ltr'>μου,</span> <span class='ocrx_word' id='word_1_287' title='bbox 338 1793 484 1820; x_wconf 85' lang='grc' dir='ltr'>κατεύθυνε</span> <span class='ocrx_word' id='word_1_288' title='bbox 498 1793 531 1820; x_wconf 78' lang='grc' dir='ltr'>τὰ</span> <span class='ocrx_word' id='word_1_289' title='bbox 546 1793 702 1829; x_wconf 76' lang='grc' dir='ltr'>διαδήματα</span> <span class='ocrx_word' id='word_1_290' title='bbox 718 1803 779 1829; x_wconf 89' lang='grc' dir='ltr'>μου,</span> <span class='ocrx_word' id='word_1_291' title='bbox 797 1795 843 1821; x_wconf 76' lang='grc' dir='ltr'>καὶ</span> <span class='ocrx_word' id='word_1_292' title='bbox 859 1795 950 1821; x_wconf 76' lang='grc' dir='ltr'>ἐνέϐα-</span> 
     </span>
    </p>
   </div>
   <div class='ocr_carea' id='block_1_37' title="bbox 162 1835 950 1875">
    <p class='ocr_par' dir='ltr' id='par_1_37' title="bbox 162 1835 950 1875">
     <span class='ocr_line' id='line_1_37' title="bbox 162 1835 950 1875; baseline 0.004 -12"><span class='ocrx_word' id='word_1_293' title='bbox 162 1835 208 1863; x_wconf 87' lang='grc' dir='ltr'><strong>λεν</strong></span> <span class='ocrx_word' id='word_1_294' title='bbox 229 1838 269 1868; x_wconf 76' lang='lat' dir='ltr'><strong>si;</strong></span> <span class='ocrx_word' id='word_1_295' title='bbox 287 1837 317 1864; x_wconf 83' lang='grc' dir='ltr'>τὸ</span> <span class='ocrx_word' id='word_1_296' title='bbox 338 1838 425 1874; x_wconf 81' lang='grc' dir='ltr'>στόμα</span> <span class='ocrx_word' id='word_1_297' title='bbox 451 1847 500 1874; x_wconf 87' lang='grc' dir='ltr'><strong>μου</strong></span> <span class='ocrx_word' id='word_1_298' title='bbox 523 1836 598 1874; x_wconf 83' lang='grc' dir='ltr'>ᾆσμα</span> <span class='ocrx_word' id='word_1_299' title='bbox 621 1839 722 1870; x_wconf 85' lang='grc' dir='ltr'>καινὸν,</span> <span class='ocrx_word' id='word_1_300' title='bbox 739 1839 822 1874; x_wconf 79' lang='grc' dir='ltr'>ὕμνον</span> <span class='ocrx_word' id='word_1_301' title='bbox 839 1840 877 1875; x_wconf 82' lang='grc' dir='ltr'>τῷ</span> <span class='ocrx_word' id='word_1_302' title='bbox 891 1840 950 1875; x_wconf 85' lang='grc' dir='ltr'><strong>Θεῷ</strong></span> 
     </span>
    </p>
   </div>
   <div class='ocr_carea' id='block_1_38' title="bbox 162 1882 948 1920">
    <p class='ocr_par' dir='ltr' id='par_1_38' title="bbox 162 1882 948 1920">
     <span class='ocr_line' id='line_1_38' title="bbox 162 1882 948 1920; baseline 0.006 -12"><span class='ocrx_word' id='word_1_303' title='bbox 162 1882 252 1918; x_wconf 80' lang='grc' dir='ltr'>ἡμῶν.</span> <span class='ocrx_word' id='word_1_304' title='bbox 272 1892 281 1908; x_wconf 68' lang='grc' dir='ltr'><strong>ι</strong></span> <span class='ocrx_word' id='word_1_305' title='bbox 297 1883 352 1909; x_wconf 83' lang='grc' dir='ltr'>Καὶ</span> <span class='ocrx_word' id='word_1_306' title='bbox 367 1883 394 1910; x_wconf 78' lang='grc' dir='ltr'><strong>τί</strong></span> <span class='ocrx_word' id='word_1_307' title='bbox 410 1884 441 1910; x_wconf 84' lang='grc' dir='ltr'><strong>τὸ</strong></span> <span class='ocrx_word' id='word_1_308' title='bbox 458 1883 550 1910; x_wconf 81' lang='grc' dir='ltr'>καινὸν</span> <span class='ocrx_word' id='word_1_309' title='bbox 564 1882 640 1919; x_wconf 79' lang='grc' dir='ltr'>ᾆσμα</span> <span class='ocrx_word' id='word_1_310' title='bbox 656 1885 794 1920; x_wconf 81' lang='grc' dir='ltr'>τυγχάνει,</span> <span class='ocrx_word' id='word_1_311' title='bbox 813 1886 948 1920; x_wconf 85' lang='grc' dir='ltr'>διασαφεῖ,</span> 
     </span>
    </p>
   </div>
   <div class='ocr_carea' id='block_1_39' title="bbox 162 1927 948 1968">
    <p class='ocr_par' dir='ltr' id='par_1_39' title="bbox 162 1927 948 1968">
     <span class='ocr_line' id='line_1_39' title="bbox 162 1927 948 1968; baseline 0.005 -14"><span class='ocrx_word' id='word_1_312' title='bbox 162 1927 250 1962; x_wconf 83' lang='grc' dir='ltr'>λέγων</span> <span class='ocrx_word' id='word_1_313' title='bbox 266 1928 329 1965; x_wconf 78' lang='grc' dir='ltr'><strong>ἑξῆς</strong></span> <span class='ocrx_word' id='word_1_314' title='bbox 340 1938 348 1946; x_wconf 86' lang='grc'><strong>”</strong></span> <span class='ocrx_word' id='word_1_315' title='bbox 366 1939 376 1956; x_wconf 74' lang='grc' dir='ltr'><strong>ι</strong></span> <span class='ocrx_word' id='word_1_316' title='bbox 395 1930 496 1957; x_wconf 85' lang='grc' dir='ltr'>Θυσίαν</span> <span class='ocrx_word' id='word_1_317' title='bbox 508 1930 555 1956; x_wconf 74' lang='grc' dir='ltr'><strong>καὶ</strong></span> <span class='ocrx_word' id='word_1_318' title='bbox 569 1931 726 1965; x_wconf 75' lang='grc' dir='ltr'>προσφορὰν</span> <span class='ocrx_word' id='word_1_319' title='bbox 743 1931 791 1957; x_wconf 73' lang='grc' dir='ltr'>οὐκ</span> <span class='ocrx_word' id='word_1_320' title='bbox 804 1931 948 1968; x_wconf 77' lang='grc' dir='ltr'>ἠθέλησας,</span> 
     </span>
    </p>
   </div>
   <div class='ocr_carea' id='block_1_40' title="bbox 164 1974 950 2014">
    <p class='ocr_par' dir='ltr' id='par_1_40' title="bbox 164 1974 950 2014">
     <span class='ocr_line' id='line_1_40' title="bbox 164 1974 950 2014; baseline 0.004 -13"><span class='ocrx_word' id='word_1_321' title='bbox 164 1974 244 2010; x_wconf 83' lang='grc' dir='ltr'>σῶμα</span> <span class='ocrx_word' id='word_1_322' title='bbox 263 1975 292 2002; x_wconf 81' lang='grc' dir='ltr'>δὲ</span> <span class='ocrx_word' id='word_1_323' title='bbox 311 1975 466 2011; x_wconf 82' lang='grc' dir='ltr'>κατηρτίσω</span> <span class='ocrx_word' id='word_1_324' title='bbox 494 1984 558 2011; x_wconf 75' lang='grc' dir='ltr'>μοι’</span> <span class='ocrx_word' id='word_1_325' title='bbox 584 1976 797 2011; x_wconf 80' lang='grc' dir='ltr'>ὁλοκαυτώματα</span> <span class='ocrx_word' id='word_1_326' title='bbox 820 1978 867 2004; x_wconf 75' lang='grc' dir='ltr'>καὶ</span> <span class='ocrx_word' id='word_1_327' title='bbox 887 1978 950 2014; x_wconf 82' lang='grc' dir='ltr'>περὶ</span> 
     </span>
    </p>
   </div>
   <div class='ocr_carea' id='block_1_41' title="bbox 162 2021 948 2059">
    <p class='ocr_par' dir='ltr' id='par_1_41' title="bbox 162 2021 948 2059">
     <span class='ocr_line' id='line_1_41' title="bbox 162 2021 948 2059; baseline 0.005 -12"><span class='ocrx_word' id='word_1_328' title='bbox 162 2021 301 2056; x_wconf 77' lang='grc' dir='ltr'>ἁμαρτίας</span> <span class='ocrx_word' id='word_1_329' title='bbox 321 2022 371 2049; x_wconf 83' lang='grc' dir='ltr'><strong>οὐκ</strong></span> <span class='ocrx_word' id='word_1_330' title='bbox 394 2022 554 2057; x_wconf 81' lang='grc' dir='ltr'>ηὐδόκησας.</span> <span class='ocrx_word' id='word_1_331' title='bbox 583 2023 649 2049; x_wconf 86' lang='grc' dir='ltr'>Τότε</span> <span class='ocrx_word' id='word_1_332' title='bbox 673 2022 766 2050; x_wconf 81' lang='grc' dir='ltr'>εῐπον·</span> <span class='ocrx_word' id='word_1_333' title='bbox 793 2024 857 2050; x_wconf 82' lang='grc' dir='ltr'>Ἰδοὺ</span> <span class='ocrx_word' id='word_1_334' title='bbox 879 2024 948 2059; x_wconf 80' lang='grc' dir='ltr'>ἥκω.</span> 
     </span>
    </p>
   </div>
   <div class='ocr_carea' id='block_1_42' title="bbox 169 2068 949 2105">
    <p class='ocr_par' dir='ltr' id='par_1_42' title="bbox 169 2068 949 2105">
     <span class='ocr_line' id='line_1_42' title="bbox 169 2068 949 2105; baseline 0.005 -12"><span class='ocrx_word' id='word_1_335' title='bbox 169 2068 213 2093; x_wconf 86' lang='grc' dir='ltr'>Ἐν</span> <span class='ocrx_word' id='word_1_336' title='bbox 239 2068 362 2103; x_wconf 74' lang='grc' dir='ltr'>κεφαλίδι</span> <span class='ocrx_word' id='word_1_337' title='bbox 391 2068 492 2103; x_wconf 81' lang='grc' dir='ltr'>βιϐλίου</span> <span class='ocrx_word' id='word_1_338' title='bbox 515 2069 670 2104; x_wconf 78' lang='grc' dir='ltr'>γέγραπται</span> <span class='ocrx_word' id='word_1_339' title='bbox 703 2070 766 2105; x_wconf 78' lang='grc' dir='ltr'>περὶ</span> <span class='ocrx_word' id='word_1_340' title='bbox 792 2070 877 2105; x_wconf 64' lang='grc' dir='ltr'>ἐμοῦ,</span> <span class='ocrx_word' id='word_1_341' title='bbox 903 2071 949 2098; x_wconf 85' lang='grc' dir='ltr'><strong>τοῦ</strong></span> 
     </span>
    </p>
   </div>
   <div class='ocr_carea' id='block_1_43' title="bbox 164 2115 947 2153">
    <p class='ocr_par' dir='ltr' id='par_1_43' title="bbox 164 2115 947 2153">
     <span class='ocr_line' id='line_1_43' title="bbox 164 2115 947 2153; baseline 0.004 -13"><span class='ocrx_word' id='word_1_342' title='bbox 164 2115 285 2149; x_wconf 76' lang='grc' dir='ltr'>ποιῆσαι,</span> <span class='ocrx_word' id='word_1_343' title='bbox 312 2115 326 2141; x_wconf 84' lang='grc' dir='ltr'>ὁ</span> <span class='ocrx_word' id='word_1_344' title='bbox 354 2115 430 2148; x_wconf 75' lang='grc' dir='ltr'>Θεὸς,</span> <span class='ocrx_word' id='word_1_345' title='bbox 459 2115 491 2142; x_wconf 75' lang='grc' dir='ltr'><strong>τό</strong></span> <span class='ocrx_word' id='word_1_346' title='bbox 516 2115 621 2150; x_wconf 85' lang='grc' dir='ltr'>θέλημά</span> <span class='ocrx_word' id='word_1_347' title='bbox 640 2124 697 2143; x_wconf 86' lang='grc' dir='ltr'>σου.</span> <span class='ocrx_word' id='word_1_348' title='bbox 735 2116 906 2153; x_wconf 75' lang='grc' dir='ltr'>Ἐὃουλήθην.</span> <span class='ocrx_word' id='word_1_349' title='bbox 937 2127 947 2144; x_wconf 69' lang='grc' dir='ltr'><strong>ι</strong></span> 
     </span>
    </p>
   </div>
   <div class='ocr_carea' id='block_1_44' title="bbox 163 2158 950 2194">
    <p class='ocr_par' dir='ltr' id='par_1_44' title="bbox 163 2158 950 2194">
     <span class='ocr_line' id='line_1_44' title="bbox 163 2158 950 2194; baseline 0 -8"><span class='ocrx_word' id='word_1_350' title='bbox 163 2159 220 2186; x_wconf 78' lang='grc' dir='ltr'>Καὶ</span> <span class='ocrx_word' id='word_1_351' title='bbox 249 2158 387 2193; x_wconf 68' lang='grc' dir='ltr'>ἐπιλέγειο</span> <span class='ocrx_word' id='word_1_352' title='bbox 420 2169 429 2185; x_wconf 87' lang='grc'><strong>‹</strong></span> <span class='ocrx_word' id='word_1_353' title='bbox 468 2159 695 2194; x_wconf 75' lang='grc' dir='ltr'>Εὺηγγελισὰμην</span> <span class='ocrx_word' id='word_1_354' title='bbox 722 2159 895 2194; x_wconf 84' lang='grc' dir='ltr'>δικαιοσύνην</span> <span class='ocrx_word' id='word_1_355' title='bbox 921 2160 950 2187; x_wconf 85' lang='grc' dir='ltr'>ὲν</span> 
     </span>
    </p>
   </div>
   <div class='ocr_carea' id='block_1_45' title="bbox 169 2202 949 2239">
    <p class='ocr_par' dir='ltr' id='par_1_45' title="bbox 169 2202 949 2239">
     <span class='ocr_line' id='line_1_45' title="bbox 169 2202 949 2239; baseline 0.003 -10"><span class='ocrx_word' id='word_1_356' title='bbox 169 2202 317 2238; x_wconf 80' lang='grc' dir='ltr'>Ἐκκλησία</span> <span class='ocrx_word' id='word_1_357' title='bbox 336 2203 449 2238; x_wconf 78' lang='grc' dir='ltr'>μεγάλῃ.</span> <span class='ocrx_word' id='word_1_358' title='bbox 465 2213 474 2229; x_wconf 78' lang='grc' dir='ltr'><strong>ι</strong></span> <span class='ocrx_word' id='word_1_359' title='bbox 496 2203 641 2239; x_wconf 75' lang='grc' dir='ltr'>νΛντικρυς</span> <span class='ocrx_word' id='word_1_360' title='bbox 658 2204 716 2230; x_wconf 84' lang='grc' dir='ltr'>ἀντὶ</span> <span class='ocrx_word' id='word_1_361' title='bbox 734 2204 787 2231; x_wconf 88' lang='grc' dir='ltr'><strong>τῶν</strong></span> <span class='ocrx_word' id='word_1_362' title='bbox 803 2204 885 2231; x_wconf 85' lang='grc' dir='ltr'>πάλαι</span> <span class='ocrx_word' id='word_1_363' title='bbox 902 2204 949 2231; x_wconf 91' lang='grc' dir='ltr'>θυ-</span> 
     </span>
    </p>
   </div>
   <div class='ocr_carea' id='block_1_46' title="bbox 164 2248 950 2287">
    <p class='ocr_par' dir='ltr' id='par_1_46' title="bbox 164 2248 950 2287">
     <span class='ocr_line' id='line_1_46' title="bbox 164 2248 950 2287; baseline 0.005 -13"><span class='ocrx_word' id='word_1_364' title='bbox 164 2248 229 2274; x_wconf 86' lang='grc' dir='ltr'>σιῶν</span> <span class='ocrx_word' id='word_1_365' title='bbox 257 2249 304 2275; x_wconf 76' lang='grc' dir='ltr'><strong>καὶ</strong></span> <span class='ocrx_word' id='word_1_366' title='bbox 328 2249 560 2285; x_wconf 84' lang='grc' dir='ltr'>ὁλοκαυτωμάτων</span> <span class='ocrx_word' id='word_1_367' title='bbox 585 2250 635 2285; x_wconf 87' lang='grc' dir='ltr'>τὴν</span> <span class='ocrx_word' id='word_1_368' title='bbox 657 2250 789 2286; x_wconf 80' lang='grc' dir='ltr'>ἔνσαρκον</span> <span class='ocrx_word' id='word_1_369' title='bbox 815 2251 862 2278; x_wconf 80' lang='grc' dir='ltr'><strong>τοῦ</strong></span> <span class='ocrx_word' id='word_1_370' title='bbox 882 2252 950 2287; x_wconf 88' lang='grc' dir='ltr'>Χρι-</span> 
     </span>
    </p>
   </div>
   <div class='ocr_carea' id='block_1_47' title="bbox 1008 320 1806 353">
    <p class='ocr_par' dir='ltr' id='par_1_47' title="bbox 1008 320 1806 353">
     <span class='ocr_line' id='line_1_47' title="bbox 1008 320 1806 353; baseline -0.003 -4"><span class='ocrx_word' id='word_1_371' title='bbox 1008 324 1045 349; x_wconf 86' lang='lat' dir='ltr'><strong>ita</strong></span> <span class='ocrx_word' id='word_1_372' title='bbox 1055 323 1158 353; x_wconf 86' lang='lat' dir='ltr'><strong>vivant,</strong></span> <span class='ocrx_word' id='word_1_373' title='bbox 1176 325 1205 348; x_wconf 93' lang='lat' dir='ltr'><strong>ut</strong></span> <span class='ocrx_word' id='word_1_374' title='bbox 1231 321 1300 348; x_wconf 82' lang='lat' dir='ltr'><strong>Novi</strong></span> <span class='ocrx_word' id='word_1_375' title='bbox 1316 320 1484 348; x_wconf 86' lang='lat' dir='ltr'><strong>Testamenti</strong></span> <span class='ocrx_word' id='word_1_376' title='bbox 1506 322 1576 348; x_wconf 88' lang='lat' dir='ltr'><strong>ratio</strong></span> <span class='ocrx_word' id='word_1_377' title='bbox 1603 321 1702 348; x_wconf 84' lang='lat' dir='ltr'><strong>docet:</strong></span> <span class='ocrx_word' id='word_1_378' title='bbox 1719 324 1806 351; x_wconf 78' lang='lat' dir='ltr'><strong>eam.‘-</strong></span> 
     </span>
    </p>
   </div>
   <div class='ocr_carea' id='block_1_48' title="bbox 1005 367 1792 404">
    <p class='ocr_par' dir='ltr' id='par_1_48' title="bbox 1005 367 1792 404">
     <span class='ocr_line' id='line_1_48' title="bbox 1005 367 1792 404; baseline -0.004 -9"><span class='ocrx_word' id='word_1_379' title='bbox 1005 376 1066 404; x_wconf 75' lang='lat' dir='ltr'><strong>quae</strong></span> <span class='ocrx_word' id='word_1_380' title='bbox 1085 376 1099 394; x_wconf 89' lang='lat' dir='ltr'><strong>a</strong></span> <span class='ocrx_word' id='word_1_381' title='bbox 1117 367 1191 395; x_wconf 82' lang='lat' dir='ltr'><strong>lllose</strong></span> <span class='ocrx_word' id='word_1_382' title='bbox 1205 367 1314 395; x_wconf 91' lang='lat' dir='ltr'><strong>deﬁnita</strong></span> <span class='ocrx_word' id='word_1_383' title='bbox 1336 370 1388 398; x_wconf 87' lang='lat' dir='ltr'><strong>est,</strong></span> <span class='ocrx_word' id='word_1_384' title='bbox 1405 367 1619 394; x_wconf 86' lang='lat' dir='ltr'><strong>exsecrationem</strong></span> <span class='ocrx_word' id='word_1_385' title='bbox 1632 367 1768 394; x_wconf 83' lang='lat' dir='ltr'><strong>evaserint</strong></span> <span class='ocrx_word' id='word_1_386' title='bbox 1783 374 1792 392; x_wconf 91' lang='lat'><strong>:</strong></span> 
     </span>
    </p>
   </div>
   <div class='ocr_carea' id='block_1_49' title="bbox 1005 411 1792 449">
    <p class='ocr_par' dir='ltr' id='par_1_49' title="bbox 1005 411 1792 449">
     <span class='ocr_line' id='line_1_49' title="bbox 1005 411 1792 449; baseline -0.003 -9"><span class='ocrx_word' id='word_1_387' title='bbox 1005 414 1105 449; x_wconf 85' lang='lat' dir='ltr'><strong>quippe</strong></span> <span class='ocrx_word' id='word_1_388' title='bbox 1121 421 1181 440; x_wconf 91' lang='lat' dir='ltr'><strong>cum</strong></span> <span class='ocrx_word' id='word_1_389' title='bbox 1199 413 1292 449; x_wconf 79' lang='lat' dir='ltr'><strong>Agnus</strong></span> <span class='ocrx_word' id='word_1_390' title='bbox 1303 412 1349 440; x_wconf 84' lang='lat' dir='ltr'><strong>Dei</strong></span> <span class='ocrx_word' id='word_1_391' title='bbox 1362 421 1416 440; x_wconf 91' lang='lat' dir='ltr'><strong>non</strong></span> <span class='ocrx_word' id='word_1_392' title='bbox 1431 413 1519 441; x_wconf 84' lang='lat' dir='ltr'><strong>solum</strong></span> <span class='ocrx_word' id='word_1_393' title='bbox 1528 417 1668 448; x_wconf 88' lang='lat' dir='ltr'><strong>peccatum</strong></span> <span class='ocrx_word' id='word_1_394' title='bbox 1685 411 1792 438; x_wconf 73' lang='lat' dir='ltr'><strong>mundi.</strong></span> 
     </span>
    </p>
   </div>
   <div class='ocr_carea' id='block_1_50' title="bbox 1004 457 1792 494">
    <p class='ocr_par' dir='ltr' id='par_1_50' title="bbox 1004 457 1792 494">
     <span class='ocr_line' id='line_1_50' title="bbox 1004 457 1792 494; baseline -0.004 -6"><span class='ocrx_word' id='word_1_395' title='bbox 1004 460 1052 488; x_wconf 87' lang='lat' dir='ltr'><strong>sed</strong></span> <span class='ocrx_word' id='word_1_396' title='bbox 1064 461 1144 487; x_wconf 87' lang='lat' dir='ltr'><strong>etiam</strong></span> <span class='ocrx_word' id='word_1_397' title='bbox 1167 468 1227 487; x_wconf 84' lang='lat' dir='ltr'><strong>eam</strong></span> <span class='ocrx_word' id='word_1_398' title='bbox 1239 459 1466 492; x_wconf 76' lang='lat' dir='ltr'><strong>exsecrationem,</strong></span> <span class='ocrx_word' id='word_1_399' title='bbox 1481 467 1542 494; x_wconf 58' lang='lat' dir='ltr'><strong>quas</strong></span> <span class='ocrx_word' id='word_1_400' title='bbox 1558 459 1592 486; x_wconf 90' lang='lat' dir='ltr'><strong>iis</strong></span> <span class='ocrx_word' id='word_1_401' title='bbox 1606 459 1729 490; x_wconf 77' lang='lat' dir='ltr'><strong>debetur,</strong></span> <span class='ocrx_word' id='word_1_402' title='bbox 1745 457 1792 492; x_wconf 91' lang='lat' dir='ltr'><strong>qui</strong></span> 
     </span>
    </p>
   </div>
   <div class='ocr_carea' id='block_1_51' title="bbox 1005 504 1791 541">
    <p class='ocr_par' dir='ltr' id='par_1_51' title="bbox 1005 504 1791 541">
     <span class='ocr_line' id='line_1_51' title="bbox 1005 504 1791 541; baseline -0.003 -7"><span class='ocrx_word' id='word_1_403' title='bbox 1005 511 1100 534; x_wconf 85' lang='lat' dir='ltr'><strong>comra</strong></span> <span class='ocrx_word' id='word_1_404' title='bbox 1110 505 1192 533; x_wconf 86' lang='lat' dir='ltr'><strong>Mosis</strong></span> <span class='ocrx_word' id='word_1_405' title='bbox 1202 506 1286 541; x_wconf 77' lang='lat' dir='ltr'><strong>legem</strong></span> <span class='ocrx_word' id='word_1_406' title='bbox 1301 505 1402 541; x_wconf 87' lang='lat' dir='ltr'><strong>aliquid</strong></span> <span class='ocrx_word' id='word_1_407' title='bbox 1409 505 1609 536; x_wconf 81' lang='lat' dir='ltr'><strong>commiserim,</strong></span> <span class='ocrx_word' id='word_1_408' title='bbox 1629 505 1657 532; x_wconf 92' lang='lat' dir='ltr'><strong>in</strong></span> <span class='ocrx_word' id='word_1_409' title='bbox 1671 504 1791 539; x_wconf 84' lang='lat' dir='ltr'><strong>seipsum</strong></span> 
     </span>
    </p>
   </div>
   <div class='ocr_carea' id='block_1_52' title="bbox 1006 551 1792 588">
    <p class='ocr_par' dir='ltr' id='par_1_52' title="bbox 1006 551 1792 588">
     <span class='ocr_line' id='line_1_52' title="bbox 1006 551 1792 588; baseline -0.001 -10"><span class='ocrx_word' id='word_1_410' title='bbox 1006 552 1147 588; x_wconf 78' lang='lat' dir='ltr'><strong>receperit.</strong></span> <span class='ocrx_word' id='word_1_411' title='bbox 1165 551 1265 579; x_wconf 86' lang='lat' dir='ltr'><strong>Factus</strong></span> <span class='ocrx_word' id='word_1_412' title='bbox 1285 552 1367 586; x_wconf 79' lang='lat' dir='ltr'><strong>igitur</strong></span> <span class='ocrx_word' id='word_1_413' title='bbox 1381 556 1423 579; x_wconf 87' lang='lat' dir='ltr'><strong>est</strong></span> <span class='ocrx_word' id='word_1_414' title='bbox 1444 552 1489 579; x_wconf 88' lang='lat' dir='ltr'><strong>Dei</strong></span> <span class='ocrx_word' id='word_1_415' title='bbox 1505 552 1599 586; x_wconf 69' lang='lat' dir='ltr'><strong>Agnus</strong></span> <span class='ocrx_word' id='word_1_416' title='bbox 1613 555 1639 578; x_wconf 90' lang='lat' dir='ltr'><strong>et</strong></span> <span class='ocrx_word' id='word_1_417' title='bbox 1649 553 1792 586; x_wconf 87' lang='lat' dir='ltr'><strong>peccatum</strong></span> 
     </span>
    </p>
   </div>
   <div class='ocr_carea' id='block_1_53' title="bbox 1004 597 1792 633">
    <p class='ocr_par' dir='ltr' id='par_1_53' title="bbox 1004 597 1792 633">
     <span class='ocr_line' id='line_1_53' title="bbox 1004 597 1792 633; baseline -0.003 -7"><span class='ocrx_word' id='word_1_418' title='bbox 1004 603 1031 627; x_wconf 90' lang='lat' dir='ltr'><strong>et</strong></span> <span class='ocrx_word' id='word_1_419' title='bbox 1057 599 1218 627; x_wconf 88' lang='lat' dir='ltr'><strong>exsecratio.</strong></span> <span class='ocrx_word' id='word_1_420' title='bbox 1236 597 1382 626; x_wconf 83' lang='lat' dir='ltr'><strong>Peccatum</strong></span> <span class='ocrx_word' id='word_1_421' title='bbox 1402 598 1512 633; x_wconf 86' lang='lat' dir='ltr'><strong>quidem</strong></span> <span class='ocrx_word' id='word_1_422' title='bbox 1539 605 1587 633; x_wconf 91' lang='lat' dir='ltr'><strong>pro</strong></span> <span class='ocrx_word' id='word_1_423' title='bbox 1603 597 1792 632; x_wconf 72' lang='lat' dir='ltr'><strong>peccatoribus</strong></span> 
     </span>
    </p>
   </div>
   <div class='ocr_carea' id='block_1_54' title="bbox 1004 642 1793 679">
    <p class='ocr_par' dir='ltr' id='par_1_54' title="bbox 1004 642 1793 679">
     <span class='ocr_line' id='line_1_54' title="bbox 1004 642 1793 679; baseline -0.003 -7"><span class='ocrx_word' id='word_1_424' title='bbox 1004 644 1086 679; x_wconf 88' lang='lat' dir='ltr'><strong>hujus</strong></span> <span class='ocrx_word' id='word_1_425' title='bbox 1104 645 1198 671; x_wconf 89' lang='lat' dir='ltr'><strong>mundi</strong></span> <span class='ocrx_word' id='word_1_426' title='bbox 1213 653 1220 671; x_wconf 74' lang='grc' dir='ltr'>ε</span> <span class='ocrx_word' id='word_1_427' title='bbox 1238 644 1392 672; x_wconf 77' lang='lat' dir='ltr'><strong>exsecratio</strong></span> <span class='ocrx_word' id='word_1_428' title='bbox 1406 647 1496 671; x_wconf 88' lang='lat' dir='ltr'><strong>autem</strong></span> <span class='ocrx_word' id='word_1_429' title='bbox 1512 651 1561 679; x_wconf 89' lang='lat' dir='ltr'><strong>pro</strong></span> <span class='ocrx_word' id='word_1_430' title='bbox 1581 643 1614 670; x_wconf 87' lang='lat' dir='ltr'><strong>iis</strong></span> <span class='ocrx_word' id='word_1_431' title='bbox 1632 642 1678 677; x_wconf 89' lang='lat' dir='ltr'><strong>qui</strong></span> <span class='ocrx_word' id='word_1_432' title='bbox 1695 643 1793 670; x_wconf 85' lang='lat' dir='ltr'><strong>nolunt</strong></span> 
     </span>
    </p>
   </div>
   <div class='ocr_carea' id='block_1_55' title="bbox 1004 688 1792 726">
    <p class='ocr_par' dir='ltr' id='par_1_55' title="bbox 1004 688 1792 726">
     <span class='ocr_line' id='line_1_55' title="bbox 1004 688 1792 726; baseline -0.003 -9"><span class='ocrx_word' id='word_1_433' title='bbox 1004 698 1019 717; x_wconf 89' lang='lat' dir='ltr'><strong>a</strong></span> <span class='ocrx_word' id='word_1_434' title='bbox 1042 691 1144 726; x_wconf 79' lang='lat' dir='ltr'><strong>scripto</strong></span> <span class='ocrx_word' id='word_1_435' title='bbox 1162 690 1230 726; x_wconf 80' lang='lat' dir='ltr'><strong>legis</strong></span> <span class='ocrx_word' id='word_1_436' title='bbox 1256 690 1381 718; x_wconf 79' lang='lat' dir='ltr'><strong>Mosaicze</strong></span> <span class='ocrx_word' id='word_1_437' title='bbox 1404 689 1541 717; x_wconf 83' lang='lat' dir='ltr'><strong>recedere.</strong></span> <span class='ocrx_word' id='word_1_438' title='bbox 1564 688 1698 723; x_wconf 82' lang='lat' dir='ltr'><strong>Quocirca</strong></span> <span class='ocrx_word' id='word_1_439' title='bbox 1724 688 1792 716; x_wconf 82' lang='lat' dir='ltr'><strong>dicit</strong></span> 
     </span>
    </p>
   </div>
   <div class='ocr_carea' id='block_1_56' title="bbox 1003 735 1793 772">
    <p class='ocr_par' dir='ltr' id='par_1_56' title="bbox 1003 735 1793 772">
     <span class='ocr_line' id='line_1_56' title="bbox 1003 735 1793 772; baseline -0.003 -8"><span class='ocrx_word' id='word_1_440' title='bbox 1003 736 1149 772; x_wconf 82' lang='lat' dir='ltr'><strong>Apostolus</strong></span> <span class='ocrx_word' id='word_1_441' title='bbox 1162 746 1168 764; x_wconf 90' lang='lat'><strong>:</strong></span> <span class='ocrx_word' id='word_1_442' title='bbox 1187 746 1197 762; x_wconf 75' lang='grc' dir='ltr'><strong>ι</strong></span> <span class='ocrx_word' id='word_1_443' title='bbox 1213 737 1341 765; x_wconf 83' lang='lat' dir='ltr'><strong>Christus</strong></span> <span class='ocrx_word' id='word_1_444' title='bbox 1357 744 1408 764; x_wconf 88' lang='lat' dir='ltr'><strong>nos</strong></span> <span class='ocrx_word' id='word_1_445' title='bbox 1424 735 1537 763; x_wconf 86' lang='lat' dir='ltr'><strong>redemit</strong></span> <span class='ocrx_word' id='word_1_446' title='bbox 1555 735 1589 763; x_wconf 88' lang='lat' dir='ltr'><strong>ab</strong></span> <span class='ocrx_word' id='word_1_447' title='bbox 1604 735 1793 763; x_wconf 79' lang='lat' dir='ltr'><strong>exsecratione</strong></span> 
     </span>
    </p>
   </div>
   <div class='ocr_carea' id='block_1_57' title="bbox 1004 780 1791 818">
    <p class='ocr_par' dir='ltr' id='par_1_57' title="bbox 1004 780 1791 818">
     <span class='ocr_line' id='line_1_57' title="bbox 1004 780 1791 818; baseline 0 -9"><span class='ocrx_word' id='word_1_448' title='bbox 1004 783 1082 817; x_wconf 80' lang='lat' dir='ltr'><strong>legis.</strong></span> <span class='ocrx_word' id='word_1_449' title='bbox 1095 782 1183 810; x_wconf 82' lang='lat' dir='ltr'><strong>factus</strong></span> <span class='ocrx_word' id='word_1_450' title='bbox 1196 790 1245 818; x_wconf 90' lang='lat' dir='ltr'><strong>pro</strong></span> <span class='ocrx_word' id='word_1_451' title='bbox 1259 783 1338 810; x_wconf 89' lang='lat' dir='ltr'><strong>nobis</strong></span> <span class='ocrx_word' id='word_1_452' title='bbox 1351 782 1506 810; x_wconf 84' lang='lat' dir='ltr'><strong>exsecratio</strong></span> <span class='ocrx_word' id='word_1_453' title='bbox 1520 783 1554 810; x_wconf 84' lang='lat'><strong>&quot;.</strong></span> <span class='ocrx_word' id='word_1_454' title='bbox 1572 792 1581 808; x_wconf 73' lang='grc' dir='ltr'><strong>ι</strong></span> <span class='ocrx_word' id='word_1_455' title='bbox 1596 781 1662 809; x_wconf 90' lang='lat' dir='ltr'><strong>Item</strong></span> <span class='ocrx_word' id='word_1_456' title='bbox 1676 789 1682 807; x_wconf 91' lang='lat'>:</span> <span class='ocrx_word' id='word_1_457' title='bbox 1698 790 1707 807; x_wconf 75' lang='grc' dir='ltr'><strong>ι</strong></span> <span class='ocrx_word' id='word_1_458' title='bbox 1721 780 1791 809; x_wconf 78' lang='lat' dir='ltr'><strong>Eum</strong></span> 
     </span>
    </p>
   </div>
   <div class='ocr_carea' id='block_1_58' title="bbox 1002 827 1791 862">
    <p class='ocr_par' dir='ltr' id='par_1_58' title="bbox 1002 827 1791 862">
     <span class='ocr_line' id='line_1_58' title="bbox 1002 827 1791 862; baseline -0.001 -8"><span class='ocrx_word' id='word_1_459' title='bbox 1002 828 1048 862; x_wconf 92' lang='lat' dir='ltr'><strong>qui</strong></span> <span class='ocrx_word' id='word_1_460' title='bbox 1065 835 1120 855; x_wconf 92' lang='lat' dir='ltr'><strong>non</strong></span> <span class='ocrx_word' id='word_1_461' title='bbox 1136 831 1250 855; x_wconf 86' lang='lat' dir='ltr'><strong>noverat</strong></span> <span class='ocrx_word' id='word_1_462' title='bbox 1264 833 1418 862; x_wconf 84' lang='lat' dir='ltr'><strong>peccatum,</strong></span> <span class='ocrx_word' id='word_1_463' title='bbox 1446 835 1496 862; x_wconf 89' lang='lat' dir='ltr'><strong>pro</strong></span> <span class='ocrx_word' id='word_1_464' title='bbox 1514 827 1594 854; x_wconf 89' lang='lat' dir='ltr'><strong>nobis</strong></span> <span class='ocrx_word' id='word_1_465' title='bbox 1615 827 1680 854; x_wconf 80' lang='lat' dir='ltr'><strong>fecit</strong></span> <span class='ocrx_word' id='word_1_466' title='bbox 1695 833 1791 861; x_wconf 83' lang='lat' dir='ltr'><strong>pecca-</strong></span> 
     </span>
    </p>
   </div>
   <div class='ocr_carea' id='block_1_59' title="bbox 1002 872 1790 908">
    <p class='ocr_par' dir='ltr' id='par_1_59' title="bbox 1002 872 1790 908">
     <span class='ocr_line' id='line_1_59' title="bbox 1002 872 1790 908; baseline 0 -8"><span class='ocrx_word' id='word_1_467' title='bbox 1002 877 1058 900; x_wconf 92' lang='lat' dir='ltr'><strong>tum</strong></span> <span class='ocrx_word' id='word_1_468' title='bbox 1073 874 1106 900; x_wconf 80' lang='grc'><strong>²’.</strong></span> <span class='ocrx_word' id='word_1_469' title='bbox 1127 883 1138 900; x_wconf 70' lang='grc' dir='ltr'><strong>ι</strong></span> <span class='ocrx_word' id='word_1_470' title='bbox 1153 873 1224 907; x_wconf 83' lang='lat' dir='ltr'><strong>Quid</strong></span> <span class='ocrx_word' id='word_1_471' title='bbox 1238 873 1310 901; x_wconf 89' lang='lat' dir='ltr'><strong>enim</strong></span> <span class='ocrx_word' id='word_1_472' title='bbox 1323 881 1377 901; x_wconf 93' lang='lat' dir='ltr'><strong>nou</strong></span> <span class='ocrx_word' id='word_1_473' title='bbox 1391 874 1501 901; x_wconf 77' lang='lat' dir='ltr'><strong>futurus</strong></span> <span class='ocrx_word' id='word_1_474' title='bbox 1516 873 1567 900; x_wconf 78' lang='lat' dir='ltr'><strong>fuit</strong></span> <span class='ocrx_word' id='word_1_475' title='bbox 1580 873 1616 905; x_wconf 84' lang='lat' dir='ltr'><strong>is,</strong></span> <span class='ocrx_word' id='word_1_476' title='bbox 1631 873 1677 908; x_wconf 90' lang='lat' dir='ltr'><strong>qui</strong></span> <span class='ocrx_word' id='word_1_477' title='bbox 1695 872 1790 900; x_wconf 86' lang='lat' dir='ltr'><strong>mundi</strong></span> 
     </span>
    </p>
   </div>
   <div class='ocr_carea' id='block_1_60' title="bbox 1003 920 1791 956">
    <p class='ocr_par' dir='ltr' id='par_1_60' title="bbox 1003 920 1791 956">
     <span class='ocr_line' id='line_1_60' title="bbox 1003 920 1791 956; baseline 0 -10"><span class='ocrx_word' id='word_1_478' title='bbox 1003 921 1139 955; x_wconf 82' lang='lat' dir='ltr'><strong>piaculum</strong></span> <span class='ocrx_word' id='word_1_479' title='bbox 1156 920 1244 948; x_wconf 83' lang='lat' dir='ltr'><strong>factus</strong></span> <span class='ocrx_word' id='word_1_480' title='bbox 1259 921 1321 948; x_wconf 79' lang='lat' dir='ltr'><strong>est?</strong></span> <span class='ocrx_word' id='word_1_481' title='bbox 1344 922 1368 948; x_wconf 88' lang='lat' dir='ltr'><strong>is</strong></span> <span class='ocrx_word' id='word_1_482' title='bbox 1382 920 1429 956; x_wconf 89' lang='lat' dir='ltr'><strong>qui</strong></span> <span class='ocrx_word' id='word_1_483' title='bbox 1442 928 1491 956; x_wconf 90' lang='lat' dir='ltr'><strong>pro</strong></span> <span class='ocrx_word' id='word_1_484' title='bbox 1505 924 1678 955; x_wconf 85' lang='lat' dir='ltr'><strong>peccatorum</strong></span> <span class='ocrx_word' id='word_1_485' title='bbox 1700 920 1791 947; x_wconf 81' lang='lat' dir='ltr'><strong>anima</strong></span> 
     </span>
    </p>
   </div>
   <div class='ocr_carea' id='block_1_61' title="bbox 1003 965 1789 1001">
    <p class='ocr_par' dir='ltr' id='par_1_61' title="bbox 1003 965 1789 1001">
     <span class='ocr_line' id='line_1_61' title="bbox 1003 965 1789 1001; baseline -0.001 -8"><span class='ocrx_word' id='word_1_486' title='bbox 1003 966 1140 1001; x_wconf 77' lang='lat' dir='ltr'><strong>pretium?</strong></span> <span class='ocrx_word' id='word_1_487' title='bbox 1158 968 1204 1001; x_wconf 89' lang='lat' dir='ltr'><strong>qui</strong></span> <span class='ocrx_word' id='word_1_488' title='bbox 1224 972 1353 1001; x_wconf 82' lang='lat' dir='ltr'><strong>tanquam</strong></span> <span class='ocrx_word' id='word_1_489' title='bbox 1373 967 1433 995; x_wconf 92' lang='lat' dir='ltr'><strong>ovis</strong></span> <span class='ocrx_word' id='word_1_490' title='bbox 1456 966 1490 993; x_wconf 90' lang='lat' dir='ltr'><strong>ad</strong></span> <span class='ocrx_word' id='word_1_491' title='bbox 1507 967 1674 994; x_wconf 83' lang='lat' dir='ltr'><strong>occisionem</strong></span> <span class='ocrx_word' id='word_1_492' title='bbox 1690 965 1789 994; x_wconf 87' lang='lat' dir='ltr'><strong>ductus</strong></span> 
     </span>
    </p>
   </div>
   <div class='ocr_carea' id='block_1_62' title="bbox 1001 1012 1792 1048">
    <p class='ocr_par' dir='ltr' id='par_1_62' title="bbox 1001 1012 1792 1048">
     <span class='ocr_line' id='line_1_62' title="bbox 1001 1012 1792 1048; baseline -0.001 -9"><span class='ocrx_word' id='word_1_493' title='bbox 1001 1012 1063 1039; x_wconf 74' lang='lat' dir='ltr'><strong>est?</strong></span> <span class='ocrx_word' id='word_1_494' title='bbox 1085 1012 1132 1047; x_wconf 88' lang='lat' dir='ltr'><strong>qui</strong></span> <span class='ocrx_word' id='word_1_495' title='bbox 1149 1012 1321 1040; x_wconf 83' lang='lat' dir='ltr'><strong>existimatus</strong></span> <span class='ocrx_word' id='word_1_496' title='bbox 1345 1016 1388 1040; x_wconf 89' lang='lat' dir='ltr'><strong>est</strong></span> <span class='ocrx_word' id='word_1_497' title='bbox 1411 1013 1482 1040; x_wconf 88' lang='lat' dir='ltr'><strong>sicut</strong></span> <span class='ocrx_word' id='word_1_498' title='bbox 1499 1020 1596 1048; x_wconf 77' lang='lat' dir='ltr'><strong>agnus,</strong></span> <span class='ocrx_word' id='word_1_499' title='bbox 1612 1013 1657 1048; x_wconf 91' lang='lat' dir='ltr'><strong>qui</strong></span> <span class='ocrx_word' id='word_1_500' title='bbox 1673 1012 1792 1040; x_wconf 83' lang='lat' dir='ltr'><strong>ducatur</strong></span> 
     </span>
    </p>
   </div>
   <div class='ocr_carea' id='block_1_63' title="bbox 1003 1057 1790 1093">
    <p class='ocr_par' dir='ltr' id='par_1_63' title="bbox 1003 1057 1790 1093">
     <span class='ocr_line' id='line_1_63' title="bbox 1003 1057 1790 1093; baseline 0.001 -9"><span class='ocrx_word' id='word_1_501' title='bbox 1003 1058 1037 1085; x_wconf 89' lang='lat' dir='ltr'><strong>ad</strong></span> <span class='ocrx_word' id='word_1_502' title='bbox 1053 1058 1284 1086; x_wconf 81' lang='lat' dir='ltr'><strong>sacriﬁcandum?</strong></span> <span class='ocrx_word' id='word_1_503' title='bbox 1298 1063 1380 1092; x_wconf 89' lang='lat' dir='ltr'><strong>atque</strong></span> <span class='ocrx_word' id='word_1_504' title='bbox 1393 1058 1485 1085; x_wconf 87' lang='lat' dir='ltr'><strong>omnia</strong></span> <span class='ocrx_word' id='word_1_505' title='bbox 1501 1057 1575 1090; x_wconf 63' lang='lat' dir='ltr'><strong>haec,</strong></span> <span class='ocrx_word' id='word_1_506' title='bbox 1593 1063 1620 1084; x_wconf 91' lang='lat' dir='ltr'><strong>et</strong></span> <span class='ocrx_word' id='word_1_507' title='bbox 1640 1065 1689 1093; x_wconf 91' lang='lat' dir='ltr'><strong>pro</strong></span> <span class='ocrx_word' id='word_1_508' title='bbox 1699 1057 1790 1090; x_wconf 83' lang='lat' dir='ltr'><strong>nobis,</strong></span> 
     </span>
    </p>
   </div>
   <div class='ocr_carea' id='block_1_64' title="bbox 1002 1102 1791 1139">
    <p class='ocr_par' dir='ltr' id='par_1_64' title="bbox 1002 1102 1791 1139">
     <span class='ocr_line' id='line_1_64' title="bbox 1002 1102 1791 1139; baseline -0.001 -7"><span class='ocrx_word' id='word_1_509' title='bbox 1002 1108 1029 1132; x_wconf 86' lang='lat' dir='ltr'><strong>et</strong></span> <span class='ocrx_word' id='word_1_510' title='bbox 1048 1108 1159 1139; x_wconf 83' lang='lat' dir='ltr'><strong>propter</strong></span> <span class='ocrx_word' id='word_1_511' title='bbox 1175 1111 1235 1131; x_wconf 88' lang='lat' dir='ltr'><strong>nos.</strong></span> <span class='ocrx_word' id='word_1_512' title='bbox 1259 1102 1297 1130; x_wconf 82' lang='lat' dir='ltr'><strong>Ex</strong></span> <span class='ocrx_word' id='word_1_513' title='bbox 1313 1111 1368 1138; x_wconf 91' lang='lat' dir='ltr'><strong>quo</strong></span> <span class='ocrx_word' id='word_1_514' title='bbox 1390 1104 1500 1138; x_wconf 90' lang='lat' dir='ltr'><strong>quidem</strong></span> <span class='ocrx_word' id='word_1_515' title='bbox 1516 1103 1599 1138; x_wconf 88' lang='lat' dir='ltr'><strong>prisci</strong></span> <span class='ocrx_word' id='word_1_516' title='bbox 1611 1103 1662 1136; x_wconf 85' lang='lat' dir='ltr'><strong>illi,</strong></span> <span class='ocrx_word' id='word_1_517' title='bbox 1681 1102 1791 1138; x_wconf 81' lang='lat' dir='ltr'><strong>Deoque</strong></span> 
     </span>
    </p>
   </div>
   <div class='ocr_carea' id='block_1_65' title="bbox 1002 1148 1789 1184">
    <p class='ocr_par' dir='ltr' id='par_1_65' title="bbox 1002 1148 1789 1184">
     <span class='ocr_line' id='line_1_65' title="bbox 1002 1148 1789 1184; baseline 0 -8"><span class='ocrx_word' id='word_1_518' title='bbox 1002 1150 1071 1184; x_wconf 64' lang='lat' dir='ltr'><strong>grati</strong></span> <span class='ocrx_word' id='word_1_519' title='bbox 1086 1150 1155 1182; x_wconf 89' lang='lat' dir='ltr'><strong>viri,</strong></span> <span class='ocrx_word' id='word_1_520' title='bbox 1174 1157 1236 1177; x_wconf 93' lang='lat' dir='ltr'><strong>cum</strong></span> <span class='ocrx_word' id='word_1_521' title='bbox 1252 1150 1441 1184; x_wconf 68' lang='lat' dir='ltr'><strong>praestantiora</strong></span> <span class='ocrx_word' id='word_1_522' title='bbox 1463 1156 1517 1176; x_wconf 91' lang='lat' dir='ltr'><strong>non</strong></span> <span class='ocrx_word' id='word_1_523' title='bbox 1534 1149 1674 1180; x_wconf 82' lang='lat' dir='ltr'><strong>haberent,</strong></span> <span class='ocrx_word' id='word_1_524' title='bbox 1691 1148 1789 1176; x_wconf 86' lang='lat' dir='ltr'><strong>merito</strong></span> 
     </span>
    </p>
   </div>
   <div class='ocr_carea' id='block_1_66' title="bbox 1002 1193 1787 1229">
    <p class='ocr_par' dir='ltr' id='par_1_66' title="bbox 1002 1193 1787 1229">
     <span class='ocr_line' id='line_1_66' title="bbox 1002 1193 1787 1229; baseline 0 -9"><span class='ocrx_word' id='word_1_525' title='bbox 1002 1194 1079 1229; x_wconf 80' lang='lat' dir='ltr'><strong>signa</strong></span> <span class='ocrx_word' id='word_1_526' title='bbox 1092 1194 1150 1229; x_wconf 88' lang='lat' dir='ltr'><strong>ipsa</strong></span> <span class='ocrx_word' id='word_1_527' title='bbox 1167 1194 1352 1222; x_wconf 86' lang='lat' dir='ltr'><strong>attendebant.</strong></span> <span class='ocrx_word' id='word_1_528' title='bbox 1373 1194 1429 1229; x_wconf 72' lang='lat'><strong>38</strong></span> <span class='ocrx_word' id='word_1_529' title='bbox 1443 1193 1510 1220; x_wconf 89' lang='lat' dir='ltr'><strong>Nam</strong></span> <span class='ocrx_word' id='word_1_530' title='bbox 1533 1194 1613 1222; x_wconf 86' lang='lat' dir='ltr'><strong>etiam</strong></span> <span class='ocrx_word' id='word_1_531' title='bbox 1629 1193 1680 1221; x_wconf 88' lang='lat' dir='ltr'><strong>hoc</strong></span> <span class='ocrx_word' id='word_1_532' title='bbox 1697 1194 1787 1228; x_wconf 88' lang='lat' dir='ltr'><strong>ipsum</strong></span> 
     </span>
    </p>
   </div>
   <div class='ocr_carea' id='block_1_67' title="bbox 1003 1239 1789 1274">
    <p class='ocr_par' dir='ltr' id='par_1_67' title="bbox 1003 1239 1789 1274">
     <span class='ocr_line' id='line_1_67' title="bbox 1003 1239 1789 1274; baseline 0 -8"><span class='ocrx_word' id='word_1_533' title='bbox 1003 1239 1127 1267; x_wconf 79' lang='lat' dir='ltr'><strong>Salvator</strong></span> <span class='ocrx_word' id='word_1_534' title='bbox 1139 1244 1231 1268; x_wconf 87' lang='lat' dir='ltr'><strong>noster</strong></span> <span class='ocrx_word' id='word_1_535' title='bbox 1244 1241 1333 1273; x_wconf 86' lang='lat' dir='ltr'><strong>docet,</strong></span> <span class='ocrx_word' id='word_1_536' title='bbox 1350 1249 1413 1268; x_wconf 90' lang='lat' dir='ltr'><strong>cum</strong></span> <span class='ocrx_word' id='word_1_537' title='bbox 1438 1240 1476 1267; x_wconf 84' lang='lat' dir='ltr'><strong>ait</strong></span> <span class='ocrx_word' id='word_1_538' title='bbox 1494 1249 1501 1268; x_wconf 86' lang='lat'><strong>:</strong></span> <span class='ocrx_word' id='word_1_539' title='bbox 1520 1249 1529 1265; x_wconf 88' lang='grc'><strong>‹</strong></span> <span class='ocrx_word' id='word_1_540' title='bbox 1546 1239 1622 1266; x_wconf 79' lang='lat' dir='ltr'><strong>Multi</strong></span> <span class='ocrx_word' id='word_1_541' title='bbox 1649 1239 1789 1274; x_wconf 65' lang='lat' dir='ltr'><strong>prophetae</strong></span> 
     </span>
    </p>
   </div>
   <div class='ocr_carea' id='block_1_68' title="bbox 1001 1285 1788 1322">
    <p class='ocr_par' dir='ltr' id='par_1_68' title="bbox 1001 1285 1788 1322">
     <span class='ocr_line' id='line_1_68' title="bbox 1001 1285 1788 1322; baseline -0.003 -8"><span class='ocrx_word' id='word_1_542' title='bbox 1001 1290 1028 1314; x_wconf 84' lang='lat' dir='ltr'><strong>et</strong></span> <span class='ocrx_word' id='word_1_543' title='bbox 1041 1286 1108 1321; x_wconf 83' lang='lat' dir='ltr'><strong>justi</strong></span> <span class='ocrx_word' id='word_1_544' title='bbox 1122 1287 1265 1321; x_wconf 90' lang='lat' dir='ltr'><strong>cupierunt</strong></span> <span class='ocrx_word' id='word_1_545' title='bbox 1281 1287 1383 1319; x_wconf 89' lang='lat' dir='ltr'><strong>videre,</strong></span> <span class='ocrx_word' id='word_1_546' title='bbox 1411 1294 1471 1322; x_wconf 66' lang='lat' dir='ltr'><strong>qua:</strong></span> <span class='ocrx_word' id='word_1_547' title='bbox 1493 1294 1542 1313; x_wconf 93' lang='lat' dir='ltr'><strong>vos</strong></span> <span class='ocrx_word' id='word_1_548' title='bbox 1558 1285 1674 1317; x_wconf 84' lang='lat' dir='ltr'><strong>videtis,</strong></span> <span class='ocrx_word' id='word_1_549' title='bbox 1691 1289 1720 1313; x_wconf 89' lang='lat' dir='ltr'><strong>et</strong></span> <span class='ocrx_word' id='word_1_550' title='bbox 1733 1292 1788 1312; x_wconf 89' lang='lat' dir='ltr'><strong>non</strong></span> 
     </span>
    </p>
   </div>
   <div class='ocr_carea' id='block_1_69' title="bbox 1002 1332 1790 1368">
    <p class='ocr_par' dir='ltr' id='par_1_69' title="bbox 1002 1332 1790 1368">
     <span class='ocr_line' id='line_1_69' title="bbox 1002 1332 1790 1368; baseline -0.001 -9"><span class='ocrx_word' id='word_1_551' title='bbox 1002 1332 1146 1360; x_wconf 89' lang='lat' dir='ltr'><strong>viderunt:</strong></span> <span class='ocrx_word' id='word_1_552' title='bbox 1175 1338 1201 1360; x_wconf 88' lang='lat' dir='ltr'><strong>et</strong></span> <span class='ocrx_word' id='word_1_553' title='bbox 1226 1333 1330 1366; x_wconf 82' lang='lat' dir='ltr'><strong>audire,</strong></span> <span class='ocrx_word' id='word_1_554' title='bbox 1347 1340 1407 1368; x_wconf 58' lang='lat' dir='ltr'><strong>quae</strong></span> <span class='ocrx_word' id='word_1_555' title='bbox 1436 1340 1485 1360; x_wconf 89' lang='lat' dir='ltr'><strong>vos</strong></span> <span class='ocrx_word' id='word_1_556' title='bbox 1504 1332 1615 1364; x_wconf 90' lang='lat' dir='ltr'><strong>auditis,</strong></span> <span class='ocrx_word' id='word_1_557' title='bbox 1630 1336 1657 1359; x_wconf 87' lang='lat' dir='ltr'><strong>et</strong></span> <span class='ocrx_word' id='word_1_558' title='bbox 1669 1339 1723 1359; x_wconf 90' lang='lat' dir='ltr'><strong>non</strong></span> <span class='ocrx_word' id='word_1_559' title='bbox 1739 1339 1790 1358; x_wconf 90' lang='lat' dir='ltr'><strong>au-</strong></span> 
     </span>
    </p>
   </div>
   <div class='ocr_carea' id='block_1_70' title="bbox 1001 1379 1787 1415">
    <p class='ocr_par' dir='ltr' id='par_1_70' title="bbox 1001 1379 1787 1415">
     <span class='ocr_line' id='line_1_70' title="bbox 1001 1379 1787 1415; baseline -0.003 -9"><span class='ocrx_word' id='word_1_560' title='bbox 1001 1379 1110 1407; x_wconf 79' lang='lat' dir='ltr'><strong>dierunt</strong></span> <span class='ocrx_word' id='word_1_561' title='bbox 1123 1381 1176 1406; x_wconf 75' lang='grc' dir='ltr'><strong>η.»</strong></span> <span class='ocrx_word' id='word_1_562' title='bbox 1199 1380 1232 1406; x_wconf 80' lang='lat' dir='ltr'><strong>At</strong></span> <span class='ocrx_word' id='word_1_563' title='bbox 1244 1388 1304 1412; x_wconf 88' lang='lat' dir='ltr'><strong>nos,</strong></span> <span class='ocrx_word' id='word_1_564' title='bbox 1327 1380 1372 1415; x_wconf 88' lang='lat' dir='ltr'><strong>qui</strong></span> <span class='ocrx_word' id='word_1_565' title='bbox 1389 1387 1422 1407; x_wconf 89' lang='lat' dir='ltr'><strong>ea</strong></span> <span class='ocrx_word' id='word_1_566' title='bbox 1452 1387 1513 1414; x_wconf 64' lang='lat' dir='ltr'><strong>qua:</strong></span> <span class='ocrx_word' id='word_1_567' title='bbox 1535 1386 1598 1407; x_wconf 85' lang='lat' dir='ltr'><strong>vera</strong></span> <span class='ocrx_word' id='word_1_568' title='bbox 1614 1381 1689 1411; x_wconf 89' lang='lat' dir='ltr'><strong>sunt,</strong></span> <span class='ocrx_word' id='word_1_569' title='bbox 1705 1381 1787 1413; x_wconf 88' lang='lat' dir='ltr'><strong>atque</strong></span> 
     </span>
    </p>
   </div>
   <div class='ocr_carea' id='block_1_71' title="bbox 999 1423 1790 1461">
    <p class='ocr_par' dir='ltr' id='par_1_71' title="bbox 999 1423 1790 1461">
     <span class='ocr_line' id='line_1_71' title="bbox 999 1423 1790 1461; baseline 0 -9"><span class='ocrx_word' id='word_1_570' title='bbox 999 1425 1060 1460; x_wconf 88' lang='lat' dir='ltr'><strong>ipsa</strong></span> <span class='ocrx_word' id='word_1_571' title='bbox 1088 1426 1236 1461; x_wconf 83' lang='lat' dir='ltr'><strong>imaginum</strong></span> <span class='ocrx_word' id='word_1_572' title='bbox 1271 1426 1404 1460; x_wconf 86' lang='lat' dir='ltr'><strong>principia</strong></span> <span class='ocrx_word' id='word_1_573' title='bbox 1442 1433 1490 1461; x_wconf 90' lang='lat' dir='ltr'><strong>per</strong></span> <span class='ocrx_word' id='word_1_574' title='bbox 1523 1424 1650 1452; x_wconf 81' lang='lat' dir='ltr'><strong>refertam</strong></span> <span class='ocrx_word' id='word_1_575' title='bbox 1683 1423 1790 1459; x_wconf 66' lang='lat' dir='ltr'><strong>magnis</strong></span> 
     </span>
    </p>
   </div>
   <div class='ocr_carea' id='block_1_72' title="bbox 1002 1469 1784 1506">
    <p class='ocr_par' dir='ltr' id='par_1_72' title="bbox 1002 1469 1784 1506">
     <span class='ocr_line' id='line_1_72' title="bbox 1002 1469 1784 1506; baseline -0.001 -9"><span class='ocrx_word' id='word_1_576' title='bbox 1002 1470 1139 1506; x_wconf 86' lang='lat' dir='ltr'><strong>mysteriis</strong></span> <span class='ocrx_word' id='word_1_577' title='bbox 1154 1470 1385 1506; x_wconf 86' lang='lat' dir='ltr'><strong>dispensationem</strong></span> <span class='ocrx_word' id='word_1_578' title='bbox 1413 1470 1515 1498; x_wconf 86' lang='lat' dir='ltr'><strong>Christi</strong></span> <span class='ocrx_word' id='word_1_579' title='bbox 1532 1469 1700 1504; x_wconf 82' lang='lat' dir='ltr'><strong>accepimus.</strong></span> <span class='ocrx_word' id='word_1_580' title='bbox 1728 1476 1784 1496; x_wconf 89' lang='lat' dir='ltr'><strong>non</strong></span> 
     </span>
    </p>
   </div>
   <div class='ocr_carea' id='block_1_73' title="bbox 1002 1515 1786 1552">
    <p class='ocr_par' dir='ltr' id='par_1_73' title="bbox 1002 1515 1786 1552">
     <span class='ocr_line' id='line_1_73' title="bbox 1002 1515 1786 1552; baseline -0.001 -10"><span class='ocrx_word' id='word_1_581' title='bbox 1002 1517 1119 1551; x_wconf 90' lang='lat' dir='ltr'><strong>amplius</strong></span> <span class='ocrx_word' id='word_1_582' title='bbox 1140 1524 1182 1549; x_wconf 86' lang='lat' dir='ltr'><strong>ea,</strong></span> <span class='ocrx_word' id='word_1_583' title='bbox 1211 1524 1271 1552; x_wconf 67' lang='lat' dir='ltr'><strong>quae</strong></span> <span class='ocrx_word' id='word_1_584' title='bbox 1296 1522 1388 1544; x_wconf 81' lang='lat' dir='ltr'><strong>vetera</strong></span> <span class='ocrx_word' id='word_1_585' title='bbox 1409 1517 1479 1544; x_wconf 78' lang='lat' dir='ltr'><strong>facta</strong></span> <span class='ocrx_word' id='word_1_586' title='bbox 1491 1520 1565 1548; x_wconf 88' lang='lat' dir='ltr'><strong>sunt,</strong></span> <span class='ocrx_word' id='word_1_587' title='bbox 1588 1515 1786 1543; x_wconf 88' lang='lat' dir='ltr'><strong>desideramus.</strong></span> 
     </span>
    </p>
   </div>
   <div class='ocr_carea' id='block_1_74' title="bbox 1004 1560 1789 1598">
    <p class='ocr_par' dir='ltr' id='par_1_74' title="bbox 1004 1560 1789 1598">
     <span class='ocr_line' id='line_1_74' title="bbox 1004 1560 1789 1598; baseline -0.004 -8"><span class='ocrx_word' id='word_1_588' title='bbox 1004 1562 1085 1590; x_wconf 86' lang='lat' dir='ltr'><strong>Solus</strong></span> <span class='ocrx_word' id='word_1_589' title='bbox 1100 1564 1182 1598; x_wconf 79' lang='lat' dir='ltr'><strong>igitur</strong></span> <span class='ocrx_word' id='word_1_590' title='bbox 1197 1563 1255 1598; x_wconf 88' lang='lat' dir='ltr'><strong>ipse</strong></span> <span class='ocrx_word' id='word_1_591' title='bbox 1280 1571 1375 1591; x_wconf 92' lang='lat' dir='ltr'><strong>eorum</strong></span> <span class='ocrx_word' id='word_1_592' title='bbox 1389 1563 1510 1590; x_wconf 88' lang='lat' dir='ltr'><strong>omnium</strong></span> <span class='ocrx_word' id='word_1_593' title='bbox 1528 1562 1573 1597; x_wconf 88' lang='lat' dir='ltr'><strong>qui</strong></span> <span class='ocrx_word' id='word_1_594' title='bbox 1591 1569 1711 1596; x_wconf 87' lang='lat' dir='ltr'><strong>unquam</strong></span> <span class='ocrx_word' id='word_1_595' title='bbox 1730 1560 1789 1588; x_wconf 81' lang='lat' dir='ltr'><strong>fue-</strong></span> 
     </span>
    </p>
   </div>
   <div class='ocr_carea' id='block_1_75' title="bbox 1002 1605 1787 1643">
    <p class='ocr_par' dir='ltr' id='par_1_75' title="bbox 1002 1605 1787 1643">
     <span class='ocr_line' id='line_1_75' title="bbox 1002 1605 1787 1643; baseline -0.004 -7"><span class='ocrx_word' id='word_1_596' title='bbox 1002 1609 1068 1641; x_wconf 90' lang='lat' dir='ltr'><strong>rint,</strong></span> <span class='ocrx_word' id='word_1_597' title='bbox 1084 1617 1146 1636; x_wconf 88' lang='lat' dir='ltr'><strong>cum</strong></span> <span class='ocrx_word' id='word_1_598' title='bbox 1170 1609 1205 1635; x_wconf 90' lang='lat' dir='ltr'><strong>sit</strong></span> <span class='ocrx_word' id='word_1_599' title='bbox 1233 1608 1279 1636; x_wconf 88' lang='lat' dir='ltr'><strong>Dei</strong></span> <span class='ocrx_word' id='word_1_600' title='bbox 1297 1608 1427 1640; x_wconf 83' lang='lat' dir='ltr'><strong>Verbum,</strong></span> <span class='ocrx_word' id='word_1_601' title='bbox 1449 1609 1508 1643; x_wconf 79' lang='lat' dir='ltr'><strong>ipso</strong></span> <span class='ocrx_word' id='word_1_602' title='bbox 1522 1607 1661 1642; x_wconf 86' lang='lat' dir='ltr'><strong>antiquius</strong></span> <span class='ocrx_word' id='word_1_603' title='bbox 1675 1605 1787 1638; x_wconf 85' lang='lat' dir='ltr'><strong>mundo,</strong></span> 
     </span>
    </p>
   </div>
   <div class='ocr_carea' id='block_1_76' title="bbox 1001 1653 1789 1690">
    <p class='ocr_par' dir='ltr' id='par_1_76' title="bbox 1001 1653 1789 1690">
     <span class='ocr_line' id='line_1_76' title="bbox 1001 1653 1789 1690; baseline -0.004 -8"><span class='ocrx_word' id='word_1_604' title='bbox 1001 1654 1178 1690; x_wconf 82' lang='lat' dir='ltr'><strong>pontifexque</strong></span> <span class='ocrx_word' id='word_1_605' title='bbox 1194 1655 1283 1682; x_wconf 89' lang='lat' dir='ltr'><strong>omnis</strong></span> <span class='ocrx_word' id='word_1_606' title='bbox 1296 1655 1404 1682; x_wconf 88' lang='lat' dir='ltr'><strong>ratione</strong></span> <span class='ocrx_word' id='word_1_607' title='bbox 1431 1658 1513 1688; x_wconf 85' lang='lat' dir='ltr'><strong>atque</strong></span> <span class='ocrx_word' id='word_1_608' title='bbox 1526 1653 1703 1687; x_wconf 80' lang='lat' dir='ltr'><strong>intelligentia</strong></span> <span class='ocrx_word' id='word_1_609' title='bbox 1720 1659 1789 1687; x_wconf 70' lang='lat' dir='ltr'><strong>prae-</strong></span> 
     </span>
    </p>
   </div>
   <div class='ocr_carea' id='block_1_77' title="bbox 1001 1698 1789 1734">
    <p class='ocr_par' dir='ltr' id='par_1_77' title="bbox 1001 1698 1789 1734">
     <span class='ocr_line' id='line_1_77' title="bbox 1001 1698 1789 1734; baseline 0 -8"><span class='ocrx_word' id='word_1_610' title='bbox 1001 1699 1066 1726; x_wconf 65' lang='lat' dir='ltr'><strong>dita:</strong></span> <span class='ocrx_word' id='word_1_611' title='bbox 1080 1703 1223 1732; x_wconf 73' lang='lat' dir='ltr'><strong>creatum,</strong></span> <span class='ocrx_word' id='word_1_612' title='bbox 1241 1707 1304 1726; x_wconf 87' lang='lat' dir='ltr'><strong>eum</strong></span> <span class='ocrx_word' id='word_1_613' title='bbox 1333 1700 1378 1734; x_wconf 83' lang='lat' dir='ltr'><strong>qui</strong></span> <span class='ocrx_word' id='word_1_614' title='bbox 1402 1699 1504 1726; x_wconf 89' lang='lat' dir='ltr'><strong>nostris</strong></span> <span class='ocrx_word' id='word_1_615' title='bbox 1527 1699 1637 1726; x_wconf 88' lang='lat' dir='ltr'><strong>casibus</strong></span> <span class='ocrx_word' id='word_1_616' title='bbox 1652 1702 1725 1726; x_wconf 89' lang='lat' dir='ltr'><strong>esset</strong></span> <span class='ocrx_word' id='word_1_617' title='bbox 1738 1698 1789 1726; x_wconf 85' lang='lat' dir='ltr'><strong>ob-</strong></span> 
     </span>
    </p>
   </div>
   <div class='ocr_carea' id='block_1_78' title="bbox 1001 1744 1790 1780">
    <p class='ocr_par' dir='ltr' id='par_1_78' title="bbox 1001 1744 1790 1780">
     <span class='ocr_line' id='line_1_78' title="bbox 1001 1744 1790 1780; baseline -0.001 -9"><span class='ocrx_word' id='word_1_618' title='bbox 1001 1745 1110 1778; x_wconf 78' lang='lat' dir='ltr'><strong>noxius,</strong></span> <span class='ocrx_word' id='word_1_619' title='bbox 1134 1746 1212 1780; x_wconf 88' lang='lat' dir='ltr'><strong>quasi</strong></span> <span class='ocrx_word' id='word_1_620' title='bbox 1237 1753 1314 1772; x_wconf 84' lang='lat' dir='ltr'><strong>ovem</strong></span> <span class='ocrx_word' id='word_1_621' title='bbox 1346 1749 1394 1771; x_wconf 88' lang='lat' dir='ltr'><strong>aut</strong></span> <span class='ocrx_word' id='word_1_622' title='bbox 1408 1752 1508 1779; x_wconf 75' lang='lat' dir='ltr'><strong>agnum</strong></span> <span class='ocrx_word' id='word_1_623' title='bbox 1525 1745 1558 1771; x_wconf 84' lang='lat' dir='ltr'><strong>ab</strong></span> <span class='ocrx_word' id='word_1_624' title='bbox 1575 1744 1730 1771; x_wconf 81' lang='lat' dir='ltr'><strong>hominibus</strong></span> <span class='ocrx_word' id='word_1_625' title='bbox 1745 1751 1790 1771; x_wconf 85' lang='lat' dir='ltr'><strong>se-</strong></span> 
     </span>
    </p>
   </div>
   <div class='ocr_carea' id='block_1_79' title="bbox 999 1789 1789 1825">
    <p class='ocr_par' dir='ltr' id='par_1_79' title="bbox 999 1789 1789 1825">
     <span class='ocr_line' id='line_1_79' title="bbox 999 1789 1789 1825; baseline -0.003 -8"><span class='ocrx_word' id='word_1_626' title='bbox 999 1797 1126 1825; x_wconf 74' lang='lat' dir='ltr'><strong>gregans,</strong></span> <span class='ocrx_word' id='word_1_627' title='bbox 1160 1794 1188 1817; x_wconf 87' lang='lat' dir='ltr'><strong>et</strong></span> <span class='ocrx_word' id='word_1_628' title='bbox 1212 1790 1275 1817; x_wconf 90' lang='lat' dir='ltr'><strong>huic</strong></span> <span class='ocrx_word' id='word_1_629' title='bbox 1302 1794 1397 1817; x_wconf 87' lang='lat' dir='ltr'><strong>nostra</strong></span> <span class='ocrx_word' id='word_1_630' title='bbox 1411 1790 1532 1816; x_wconf 89' lang='lat' dir='ltr'><strong>omnium</strong></span> <span class='ocrx_word' id='word_1_631' title='bbox 1557 1789 1698 1816; x_wconf 88' lang='lat' dir='ltr'><strong>ascribens</strong></span> <span class='ocrx_word' id='word_1_632' title='bbox 1724 1796 1789 1824; x_wconf 84' lang='lat' dir='ltr'><strong>pec-</strong></span> 
     </span>
    </p>
   </div>
   <div class='ocr_carea' id='block_1_80' title="bbox 1001 1833 1786 1870">
    <p class='ocr_par' dir='ltr' id='par_1_80' title="bbox 1001 1833 1786 1870">
     <span class='ocr_line' id='line_1_80' title="bbox 1001 1833 1786 1870; baseline -0.001 -9"><span class='ocrx_word' id='word_1_633' title='bbox 1001 1839 1061 1862; x_wconf 85' lang='lat' dir='ltr'><strong>cata</strong></span> <span class='ocrx_word' id='word_1_634' title='bbox 1076 1855 1083 1867; x_wconf 94' lang='lat'><strong>,</strong></span> <span class='ocrx_word' id='word_1_635' title='bbox 1114 1835 1255 1870; x_wconf 90' lang='lat' dir='ltr'><strong>eidemque</strong></span> <span class='ocrx_word' id='word_1_636' title='bbox 1282 1835 1509 1866; x_wconf 82' lang='lat' dir='ltr'><strong>exsecrationem,</strong></span> <span class='ocrx_word' id='word_1_637' title='bbox 1525 1842 1586 1869; x_wconf 76' lang='lat' dir='ltr'><strong>quae</strong></span> <span class='ocrx_word' id='word_1_638' title='bbox 1600 1834 1708 1860; x_wconf 74' lang='lat' dir='ltr'><strong>mulctze</strong></span> <span class='ocrx_word' id='word_1_639' title='bbox 1725 1833 1786 1860; x_wconf 80' lang='lat' dir='ltr'><strong>loco</strong></span> 
     </span>
    </p>
   </div>
   <div class='ocr_carea' id='block_1_81' title="bbox 1000 1879 1788 1917">
    <p class='ocr_par' dir='ltr' id='par_1_81' title="bbox 1000 1879 1788 1917">
     <span class='ocr_line' id='line_1_81' title="bbox 1000 1879 1788 1917; baseline -0.005 -7"><span class='ocrx_word' id='word_1_640' title='bbox 1000 1883 1028 1910; x_wconf 89' lang='lat' dir='ltr'><strong>in</strong></span> <span class='ocrx_word' id='word_1_641' title='bbox 1060 1883 1117 1917; x_wconf 83' lang='lat' dir='ltr'><strong>lege</strong></span> <span class='ocrx_word' id='word_1_642' title='bbox 1140 1881 1223 1910; x_wconf 85' lang='lat' dir='ltr'><strong>Mosis</strong></span> <span class='ocrx_word' id='word_1_643' title='bbox 1251 1881 1379 1916; x_wconf 86' lang='lat' dir='ltr'><strong>adjuncta</strong></span> <span class='ocrx_word' id='word_1_644' title='bbox 1404 1885 1447 1909; x_wconf 88' lang='lat' dir='ltr'><strong>est</strong></span> <span class='ocrx_word' id='word_1_645' title='bbox 1471 1882 1625 1916; x_wconf 86' lang='lat' dir='ltr'><strong>imponens,</strong></span> <span class='ocrx_word' id='word_1_646' title='bbox 1653 1879 1788 1915; x_wconf 81' lang='lat' dir='ltr'><strong>siquidem</strong></span> 
     </span>
    </p>
   </div>
   <div class='ocr_carea' id='block_1_82' title="bbox 1000 1926 1789 1964">
    <p class='ocr_par' dir='ltr' id='par_1_82' title="bbox 1000 1926 1789 1964">
     <span class='ocr_line' id='line_1_82' title="bbox 1000 1926 1789 1964; baseline -0.005 -9"><span class='ocrx_word' id='word_1_647' title='bbox 1000 1929 1060 1964; x_wconf 86' lang='lat' dir='ltr'><strong>ipso</strong></span> <span class='ocrx_word' id='word_1_648' title='bbox 1088 1928 1162 1955; x_wconf 86' lang='lat' dir='ltr'><strong>Mose</strong></span> <span class='ocrx_word' id='word_1_649' title='bbox 1191 1928 1380 1962; x_wconf 84' lang='lat' dir='ltr'><strong>proloquente,</strong></span> <span class='ocrx_word' id='word_1_650' title='bbox 1397 1936 1407 1953; x_wconf 87' lang='grc'><strong><em>‹</em></strong></span> <span class='ocrx_word' id='word_1_651' title='bbox 1424 1927 1600 1954; x_wconf 83' lang='lat' dir='ltr'><strong>exsecrabilis</strong></span> <span class='ocrx_word' id='word_1_652' title='bbox 1627 1926 1716 1953; x_wconf 88' lang='lat' dir='ltr'><strong>omnis</strong></span> <span class='ocrx_word' id='word_1_653' title='bbox 1741 1932 1789 1959; x_wconf 82' lang='lat' dir='ltr'><strong>qui</strong></span> 
     </span>
    </p>
   </div>
   <div class='ocr_carea' id='block_1_83' title="bbox 1001 1971 1788 2010">
    <p class='ocr_par' dir='ltr' id='par_1_83' title="bbox 1001 1971 1788 2010">
     <span class='ocr_line' id='line_1_83' title="bbox 1001 1971 1788 2010; baseline -0.005 -8"><span class='ocrx_word' id='word_1_654' title='bbox 1001 1975 1099 2010; x_wconf 84' lang='lat' dir='ltr'><strong>pendet</strong></span> <span class='ocrx_word' id='word_1_655' title='bbox 1128 1975 1154 2001; x_wconf 93' lang='lat' dir='ltr'><strong>in</strong></span> <span class='ocrx_word' id='word_1_656' title='bbox 1177 1974 1320 2009; x_wconf 64' lang='lat'><strong>“3110&quot;,.</strong></span> <span class='ocrx_word' id='word_1_657' title='bbox 1349 1974 1401 2001; x_wconf 87' lang='lat' dir='ltr'><strong>hoc</strong></span> <span class='ocrx_word' id='word_1_658' title='bbox 1434 1974 1524 2008; x_wconf 89' lang='lat' dir='ltr'><strong>ipsum</strong></span> <span class='ocrx_word' id='word_1_659' title='bbox 1551 1972 1672 2008; x_wconf 89' lang='lat' dir='ltr'><strong>pertulit,</strong></span> <span class='ocrx_word' id='word_1_660' title='bbox 1700 1971 1788 1998; x_wconf 56' lang='lat' dir='ltr'><strong>fartus</strong></span> 
     </span>
    </p>
   </div>
   <div class='ocr_carea' id='block_1_84' title="bbox 1000 2019 1788 2057">
    <p class='ocr_par' dir='ltr' id='par_1_84' title="bbox 1000 2019 1788 2057">
     <span class='ocr_line' id='line_1_84' title="bbox 1000 2019 1788 2057; baseline -0.005 -9"><span class='ocrx_word' id='word_1_661' title='bbox 1000 2025 1109 2057; x_wconf 88' lang='lat' dir='ltr'><strong>propter</strong></span> <span class='ocrx_word' id='word_1_662' title='bbox 1120 2029 1170 2048; x_wconf 90' lang='lat' dir='ltr'><strong>nos</strong></span> <span class='ocrx_word' id='word_1_663' title='bbox 1185 2022 1243 2057; x_wconf 87' lang='lat' dir='ltr'><strong>ipse</strong></span> <span class='ocrx_word' id='word_1_664' title='bbox 1256 2029 1305 2056; x_wconf 89' lang='lat' dir='ltr'><strong>pro</strong></span> <span class='ocrx_word' id='word_1_665' title='bbox 1324 2021 1404 2048; x_wconf 86' lang='lat' dir='ltr'><strong>nobis</strong></span> <span class='ocrx_word' id='word_1_666' title='bbox 1417 2020 1569 2048; x_wconf 87' lang='lat' dir='ltr'><strong>exsecratio</strong></span> <span class='ocrx_word' id='word_1_667' title='bbox 1582 2029 1588 2047; x_wconf 88' lang='lat'>:</span> <span class='ocrx_word' id='word_1_668' title='bbox 1605 2019 1651 2054; x_wconf 93' lang='lat' dir='ltr'><strong>qui</strong></span> <span class='ocrx_word' id='word_1_669' title='bbox 1668 2019 1788 2054; x_wconf 83' lang='lat' dir='ltr'><strong>seipsum</strong></span> 
     </span>
    </p>
   </div>
   <div class='ocr_carea' id='block_1_85' title="bbox 1000 2065 1788 2102">
    <p class='ocr_par' dir='ltr' id='par_1_85' title="bbox 1000 2065 1788 2102">
     <span class='ocr_line' id='line_1_85' title="bbox 1000 2065 1788 2102; baseline -0.005 -8"><span class='ocrx_word' id='word_1_670' title='bbox 1000 2075 1108 2102; x_wconf 87' lang='lat' dir='ltr'><strong>quoque</strong></span> <span class='ocrx_word' id='word_1_671' title='bbox 1125 2072 1235 2102; x_wconf 88' lang='lat' dir='ltr'><strong>propter</strong></span> <span class='ocrx_word' id='word_1_672' title='bbox 1256 2075 1305 2095; x_wconf 89' lang='lat' dir='ltr'><strong>nos</strong></span> <span class='ocrx_word' id='word_1_673' title='bbox 1331 2070 1472 2102; x_wconf 88' lang='lat' dir='ltr'><strong>peccatum</strong></span> <span class='ocrx_word' id='word_1_674' title='bbox 1503 2065 1593 2093; x_wconf 82' lang='lat' dir='ltr'><strong>facere</strong></span> <span class='ocrx_word' id='word_1_675' title='bbox 1609 2073 1663 2092; x_wconf 90' lang='lat' dir='ltr'><strong>non</strong></span> <span class='ocrx_word' id='word_1_676' title='bbox 1684 2065 1788 2091; x_wconf 87' lang='lat' dir='ltr'><strong>veritus</strong></span> 
     </span>
    </p>
   </div>
   <div class='ocr_carea' id='block_1_86' title="bbox 999 2110 1787 2148">
    <p class='ocr_par' dir='ltr' id='par_1_86' title="bbox 999 2110 1787 2148">
     <span class='ocr_line' id='line_1_86' title="bbox 999 2110 1787 2148; baseline -0.005 -8"><span class='ocrx_word' id='word_1_677' title='bbox 999 2117 1057 2141; x_wconf 89' lang='lat' dir='ltr'><strong>est:</strong></span> <span class='ocrx_word' id='word_1_678' title='bbox 1069 2113 1287 2148; x_wconf 84' lang='lat' dir='ltr'><strong>quandoquidem</strong></span> <span class='ocrx_word' id='word_1_679' title='bbox 1299 2123 1308 2138; x_wconf 86' lang='grc'><strong><em>‹</em></strong></span> <span class='ocrx_word' id='word_1_680' title='bbox 1322 2120 1395 2146; x_wconf 88' lang='lat' dir='ltr'><strong>eum,</strong></span> <span class='ocrx_word' id='word_1_681' title='bbox 1409 2116 1454 2147; x_wconf 88' lang='lat' dir='ltr'><strong>qui</strong></span> <span class='ocrx_word' id='word_1_682' title='bbox 1471 2115 1612 2146; x_wconf 85' lang='lat' dir='ltr'><strong>peccatum</strong></span> <span class='ocrx_word' id='word_1_683' title='bbox 1630 2118 1686 2138; x_wconf 88' lang='lat' dir='ltr'><strong>non</strong></span> <span class='ocrx_word' id='word_1_684' title='bbox 1700 2110 1787 2142; x_wconf 66' lang='lat' dir='ltr'><strong>novit,</strong></span> 
     </span>
    </p>
   </div>
   <div class='ocr_carea' id='block_1_87' title="bbox 1000 2159 1786 2194">
    <p class='ocr_par' dir='ltr' id='par_1_87' title="bbox 1000 2159 1786 2194">
     <span class='ocr_line' id='line_1_87' title="bbox 1000 2159 1786 2194; baseline -0.004 -8"><span class='ocrx_word' id='word_1_685' title='bbox 1000 2168 1049 2194; x_wconf 82' lang='lat' dir='ltr'><strong>pro</strong></span> <span class='ocrx_word' id='word_1_686' title='bbox 1063 2160 1141 2187; x_wconf 89' lang='lat' dir='ltr'><strong>nobis</strong></span> <span class='ocrx_word' id='word_1_687' title='bbox 1153 2165 1293 2194; x_wconf 87' lang='lat' dir='ltr'><strong>peccatum</strong></span> <span class='ocrx_word' id='word_1_688' title='bbox 1306 2159 1404 2191; x_wconf 70' lang='lat' dir='ltr'><strong>eﬂecit,</strong></span> <span class='ocrx_word' id='word_1_689' title='bbox 1419 2168 1429 2184; x_wconf 85' lang='grc'><strong>›</strong></span> <span class='ocrx_word' id='word_1_690' title='bbox 1442 2159 1584 2193; x_wconf 85' lang='lat' dir='ltr'><strong>eidemque</strong></span> <span class='ocrx_word' id='word_1_691' title='bbox 1600 2161 1708 2192; x_wconf 88' lang='lat' dir='ltr'><strong>propter</strong></span> <span class='ocrx_word' id='word_1_692' title='bbox 1725 2164 1786 2187; x_wconf 88' lang='lat' dir='ltr'><strong>nos,</strong></span> 
     </span>
    </p>
   </div>
   <div class='ocr_carea' id='block_1_88' title="bbox 1000 2201 1787 2240">
    <p class='ocr_par' dir='ltr' id='par_1_88' title="bbox 1000 2201 1787 2240">
     <span class='ocr_line' id='line_1_88' title="bbox 1000 2201 1787 2240; baseline -0.004 -8"><span class='ocrx_word' id='word_1_693' title='bbox 1000 2206 1091 2233; x_wconf 90' lang='lat' dir='ltr'><strong>omnia</strong></span> <span class='ocrx_word' id='word_1_694' title='bbox 1121 2213 1291 2240; x_wconf 72' lang='lat' dir='ltr'><strong>quaecunque</strong></span> <span class='ocrx_word' id='word_1_695' title='bbox 1316 2204 1396 2232; x_wconf 88' lang='lat' dir='ltr'><strong>nobis</strong></span> <span class='ocrx_word' id='word_1_696' title='bbox 1422 2203 1625 2238; x_wconf 87' lang='lat' dir='ltr'><strong>impendebant,</strong></span> <span class='ocrx_word' id='word_1_697' title='bbox 1653 2201 1787 2238; x_wconf 78' lang='lat' dir='ltr'><strong>supplicia</strong></span> 
     </span>
    </p>
   </div>
   <div class='ocr_carea' id='block_1_89' title="bbox 1000 2249 1787 2286">
    <p class='ocr_par' dir='ltr' id='par_1_89' title="bbox 1000 2249 1787 2286">
     <span class='ocr_line' id='line_1_89' title="bbox 1000 2249 1787 2286; baseline -0.004 -8"><span class='ocrx_word' id='word_1_698' title='bbox 1000 2252 1146 2286; x_wconf 84' lang='lat' dir='ltr'><strong>imposuit,</strong></span> <span class='ocrx_word' id='word_1_699' title='bbox 1163 2252 1282 2284; x_wconf 82' lang='lat' dir='ltr'><strong>vincula,</strong></span> <span class='ocrx_word' id='word_1_700' title='bbox 1293 2251 1406 2286; x_wconf 86' lang='lat' dir='ltr'><strong>probra,</strong></span> <span class='ocrx_word' id='word_1_701' title='bbox 1425 2250 1617 2281; x_wconf 87' lang='lat' dir='ltr'><strong>contumelias,</strong></span> <span class='ocrx_word' id='word_1_702' title='bbox 1627 2249 1742 2284; x_wconf 75' lang='lat' dir='ltr'><strong>ﬂagella,</strong></span> <span class='ocrx_word' id='word_1_703' title='bbox 1759 2253 1787 2275; x_wconf 86' lang='lat' dir='ltr'><strong>et</strong></span> 
     </span>
    </p>
   </div>
   <div class='ocr_carea' id='block_1_90' title="bbox 164 2292 950 2331">
    <p class='ocr_par' dir='ltr' id='par_1_90' title="bbox 164 2292 949 2331">
     <span class='ocr_line' id='line_1_90' title="bbox 164 2292 949 2331; baseline 0.005 -13"><span class='ocrx_word' id='word_1_704' title='bbox 164 2292 227 2319; x_wconf 85' lang='grc' dir='ltr'>στοῦ</span> <span class='ocrx_word' id='word_1_705' title='bbox 253 2293 414 2328; x_wconf 84' lang='grc' dir='ltr'>παρουσίαν,</span> <span class='ocrx_word' id='word_1_706' title='bbox 438 2295 484 2320; x_wconf 77' lang='grc' dir='ltr'>καὶ</span> <span class='ocrx_word' id='word_1_707' title='bbox 512 2294 543 2321; x_wconf 82' lang='grc' dir='ltr'>τὸ</span> <span class='ocrx_word' id='word_1_708' title='bbox 562 2294 740 2330; x_wconf 81' lang='grc' dir='ltr'>καταρτισθὲν</span> <span class='ocrx_word' id='word_1_709' title='bbox 763 2295 844 2322; x_wconf 88' lang='grc' dir='ltr'>αὑτοῦ</span> <span class='ocrx_word' id='word_1_710' title='bbox 871 2295 949 2331; x_wconf 83' lang='grc' dir='ltr'>σῶμα</span> 
     </span>
    </p>
   </div>
   <div class='ocr_carea' id='block_1_91' title="bbox 1001 2292 1786 2331">
    <p class='ocr_par' dir='ltr' id='par_1_91' title="bbox 1001 2296 1786 2331">
     <span class='ocr_line' id='line_1_91' title="bbox 1001 2296 1786 2331; baseline -0.005 -7"><span class='ocrx_word' id='word_1_711' title='bbox 1001 2305 1062 2325; x_wconf 89' lang='lat' dir='ltr'><strong>cum</strong></span> <span class='ocrx_word' id='word_1_712' title='bbox 1079 2298 1132 2329; x_wconf 84' lang='lat' dir='ltr'><strong>his,</strong></span> <span class='ocrx_word' id='word_1_713' title='bbox 1161 2298 1274 2325; x_wconf 90' lang='lat' dir='ltr'><strong>verbera</strong></span> <span class='ocrx_word' id='word_1_714' title='bbox 1304 2296 1457 2324; x_wconf 78' lang='lat' dir='ltr'><strong>deformia:</strong></span> <span class='ocrx_word' id='word_1_715' title='bbox 1475 2300 1697 2331; x_wconf 77' lang='lat' dir='ltr'><strong>pastremumque</strong></span> <span class='ocrx_word' id='word_1_716' title='bbox 1727 2302 1786 2320; x_wconf 53' lang='lat' dir='ltr'><strong>omo‘</strong></span> 
     </span>
    </p>
   </div>
   <div class='ocr_carea' id='block_1_92' title="bbox 163 2339 947 2375">
    <p class='ocr_par' dir='ltr' id='par_1_92' title="bbox 163 2339 947 2375">
     <span class='ocr_line' id='line_1_92' title="bbox 163 2339 947 2375; baseline 0.005 -11"><span class='ocrx_word' id='word_1_717' title='bbox 163 2339 374 2374; x_wconf 80' lang='grc' dir='ltr'>προσενηνέχθαι</span> <span class='ocrx_word' id='word_1_718' title='bbox 405 2339 443 2375; x_wconf 84' lang='grc' dir='ltr'>τῷ</span> <span class='ocrx_word' id='word_1_719' title='bbox 472 2339 531 2375; x_wconf 83' lang='grc' dir='ltr'>Θεῷ</span> <span class='ocrx_word' id='word_1_720' title='bbox 559 2340 678 2373; x_wconf 79' lang='grc' dir='ltr'>διδάξας,</span> <span class='ocrx_word' id='word_1_721' title='bbox 709 2340 788 2367; x_wconf 85' lang='grc' dir='ltr'>τοῦτό</span> <span class='ocrx_word' id='word_1_722' title='bbox 815 2350 844 2368; x_wconf 88' lang='grc' dir='ltr'><strong>τε</strong></span> <span class='ocrx_word' id='word_1_723' title='bbox 881 2341 947 2368; x_wconf 80' lang='grc' dir='ltr'>αὐτὸ</span> 
     </span>
    </p>
   </div>
   <div class='ocr_carea' id='block_1_93' title="bbox 163 2383 948 2422">
    <p class='ocr_par' dir='ltr' id='par_1_93' title="bbox 163 2383 948 2422">
     <span class='ocr_line' id='line_1_93' title="bbox 163 2383 948 2422; baseline 0.005 -12"><span class='ocrx_word' id='word_1_724' title='bbox 163 2384 196 2420; x_wconf 73' lang='grc' dir='ltr'>τῇ</span> <span class='ocrx_word' id='word_1_725' title='bbox 234 2383 316 2410; x_wconf 86' lang='grc' dir='ltr'>αὑτοῦ</span> <span class='ocrx_word' id='word_1_726' title='bbox 355 2385 501 2420; x_wconf 76' lang='grc' dir='ltr'>Ἐκκλησία</span> <span class='ocrx_word' id='word_1_727' title='bbox 523 2385 737 2419; x_wconf 75' lang='grc' dir='ltr'>εὐαγγελίζεται,</span> <span class='ocrx_word' id='word_1_728' title='bbox 759 2386 796 2418; x_wconf 82' lang='grc' dir='ltr'>ὼς</span> <span class='ocrx_word' id='word_1_729' title='bbox 817 2386 850 2413; x_wconf 85' lang='grc' dir='ltr'><strong>ἂν</strong></span> <span class='ocrx_word' id='word_1_730' title='bbox 877 2387 948 2422; x_wconf 82' lang='grc' dir='ltr'>μέγα</span> 
     </span>
    </p>
   </div>
   <div class='ocr_carea' id='block_1_94' title="bbox 165 2431 946 2470">
    <p class='ocr_par' dir='ltr' id='par_1_94' title="bbox 165 2431 946 2470">
     <span class='ocr_line' id='line_1_94' title="bbox 165 2431 946 2470; baseline 0.006 -14"><span class='ocrx_word' id='word_1_731' title='bbox 165 2431 313 2466; x_wconf 85' lang='grc' dir='ltr'>μυστήριον</span> <span class='ocrx_word' id='word_1_732' title='bbox 353 2433 382 2458; x_wconf 82' lang='grc' dir='ltr'><strong>έν</strong></span> <span class='ocrx_word' id='word_1_733' title='bbox 417 2433 540 2467; x_wconf 86' lang='grc' dir='ltr'>κεφαλίδι</span> <span class='ocrx_word' id='word_1_734' title='bbox 577 2433 679 2468; x_wconf 78' lang='grc' dir='ltr'>βιϐλίου</span> <span class='ocrx_word' id='word_1_735' title='bbox 722 2434 754 2468; x_wconf 86' lang='grc' dir='ltr'><strong>τῇ</strong></span> <span class='ocrx_word' id='word_1_736' title='bbox 790 2435 946 2470; x_wconf 85' lang='grc' dir='ltr'>προφητικῇ</span> 
     </span>
    </p>
   </div>
   <div class='ocr_carea' id='block_1_95' title="bbox 161 2479 948 2516">
    <p class='ocr_par' dir='ltr' id='par_1_95' title="bbox 161 2479 948 2516">
     <span class='ocr_line' id='line_1_95' title="bbox 161 2479 948 2516; baseline 0.005 -13"><span class='ocrx_word' id='word_1_737' title='bbox 161 2479 237 2513; x_wconf 82' lang='grc' dir='ltr'>φωνῇ</span> <span class='ocrx_word' id='word_1_738' title='bbox 250 2487 465 2515; x_wconf 78' lang='grc' dir='ltr'>προαναπεφωνη</span> <span class='ocrx_word' id='word_1_739' title='bbox 471 2480 558 2514; x_wconf 78' lang='grc' dir='ltr'>μένον.</span> <span class='ocrx_word' id='word_1_740' title='bbox 575 2480 676 2507; x_wconf 85' lang='grc' dir='ltr'>Τούτου</span> <span class='ocrx_word' id='word_1_741' title='bbox 689 2480 756 2516; x_wconf 81' lang='grc' dir='ltr'>δῆτα</span> <span class='ocrx_word' id='word_1_742' title='bbox 766 2481 813 2507; x_wconf 92' lang='grc' dir='ltr'><strong>τοῦ</strong></span> <span class='ocrx_word' id='word_1_743' title='bbox 829 2481 948 2516; x_wconf 87' lang='grc' dir='ltr'>θύματος</span> 
     </span>
    </p>
   </div>
   <div class='ocr_carea' id='block_1_96' title="bbox 147 2523 944 2564">
    <p class='ocr_par' dir='ltr' id='par_1_96' title="bbox 147 2523 944 2564">
     <span class='ocr_line' id='line_1_96' title="bbox 147 2523 944 2564; baseline 0.005 -15"><span class='ocrx_word' id='word_1_744' title='bbox 147 2523 208 2564; x_wconf 41' lang='grc' dir='ltr'>[τὴν</span> <span class='ocrx_word' id='word_1_745' title='bbox 225 2524 336 2559; x_wconf 82' lang='grc' dir='ltr'>μνήμην</span> <span class='ocrx_word' id='word_1_746' title='bbox 358 2524 404 2550; x_wconf 81' lang='grc' dir='ltr'>ἐπὶ</span> <span class='ocrx_word' id='word_1_747' title='bbox 428 2525 567 2561; x_wconf 84' lang='grc' dir='ltr'>τραπέζης</span> <span class='ocrx_word' id='word_1_748' title='bbox 586 2526 704 2553; x_wconf 78' lang='grc' dir='ltr'>ἐκτελεῖν</span> <span class='ocrx_word' id='word_1_749' title='bbox 726 2525 770 2552; x_wconf 85' lang='grc' dir='ltr'>διὰ</span> <span class='ocrx_word' id='word_1_750' title='bbox 791 2526 944 2562; x_wconf 75' lang='grc' dir='ltr'>συμϐόλων,</span> 
     </span>
    </p>
   </div>
   <div class='ocr_carea' id='block_1_97' title="bbox 147 2568 945 2611">
    <p class='ocr_par' dir='ltr' id='par_1_97' title="bbox 147 2568 945 2611">
     <span class='ocr_line' id='line_1_97' title="bbox 147 2568 945 2611; baseline 0.006 -16"><span class='ocrx_word' id='word_1_751' title='bbox 161 2569 206 2596; x_wconf 67' lang='grc' dir='ltr'><strong>τοῦ</strong></span> <span class='ocrx_word' id='word_1_752' title='bbox 216 2578 246 2596; x_wconf 89' lang='grc' dir='ltr'><strong>τε</strong></span> <span class='ocrx_word' id='word_1_753' title='bbox 258 2570 383 2605; x_wconf 86' lang='grc' dir='ltr'>σώματος</span> <span class='ocrx_word' id='word_1_754' title='bbox 395 2571 476 2597; x_wconf 88' lang='grc' dir='ltr'>αὐτοῦ</span> <span class='ocrx_word' id='word_1_755' title='bbox 489 2573 535 2598; x_wconf 72' lang='grc' dir='ltr'>καὶ</span> <span class='ocrx_word' id='word_1_756' title='bbox 546 2571 592 2598; x_wconf 85' lang='grc' dir='ltr'><strong>τοῦ</strong></span> <span class='ocrx_word' id='word_1_757' title='bbox 605 2572 738 2608; x_wconf 87' lang='grc' dir='ltr'>σωτηρίου</span> <span class='ocrx_word' id='word_1_758' title='bbox 750 2573 864 2608; x_wconf 79' lang='grc' dir='ltr'>αἵματος</span> <span class='ocrx_word' id='word_1_759' title='bbox 876 2573 945 2600; x_wconf 77' lang='grc' dir='ltr'>κατὰ</span> 
     </span>
    </p>
   </div>
   <div class='ocr_carea' id='block_1_98' title="bbox 143 2615 946 2659">
    <p class='ocr_par' dir='ltr' id='par_1_98' title="bbox 143 2615 946 2659">
     <span class='ocr_line' id='line_1_98' title="bbox 143 2615 946 2659; baseline 0.007 -18"><span class='ocrx_word' id='word_1_760' title='bbox 143 2627 148 2659; x_wconf 59' lang='grc'><strong><em>;</em></strong></span> <span class='ocrx_word' id='word_1_761' title='bbox 162 2615 278 2651; x_wconf 73' lang='grc' dir='ltr'>θεσμοὺς</span> <span class='ocrx_word' id='word_1_762' title='bbox 293 2616 343 2651; x_wconf 82' lang='grc' dir='ltr'><strong>τῆς</strong></span> <span class='ocrx_word' id='word_1_763' title='bbox 358 2617 461 2652; x_wconf 84' lang='grc' dir='ltr'>Καινῆς</span> <span class='ocrx_word' id='word_1_764' title='bbox 481 2617 616 2654; x_wconf 87' lang='grc' dir='ltr'>Διαθήκης</span> <span class='ocrx_word' id='word_1_765' title='bbox 631 2619 839 2655; x_wconf 83' lang='grc' dir='ltr'>παρειληφότες,</span> <span class='ocrx_word' id='word_1_766' title='bbox 864 2619 946 2647; x_wconf 84' lang='grc' dir='ltr'>πάλιν</span> 
     </span>
    </p>
   </div>
   <div class='ocr_carea' id='block_1_99' title="bbox 162 2660 946 2699">
    <p class='ocr_par' dir='ltr' id='par_1_99' title="bbox 162 2660 946 2699">
     <span class='ocr_line' id='line_1_99' title="bbox 162 2660 946 2699; baseline 0.006 -12"><span class='ocrx_word' id='word_1_767' title='bbox 162 2660 213 2687; x_wconf 75' lang='grc' dir='ltr'><strong>ὑπὸ</strong></span> <span class='ocrx_word' id='word_1_768' title='bbox 223 2661 271 2688; x_wconf 81' lang='grc' dir='ltr'><strong>τοῦ</strong></span> <span class='ocrx_word' id='word_1_769' title='bbox 282 2663 423 2698; x_wconf 80' lang='grc' dir='ltr'>προφήτου</span> <span class='ocrx_word' id='word_1_770' title='bbox 437 2664 518 2690; x_wconf 76' lang='grc' dir='ltr'><strong>Δαὸὶδ</strong></span> <span class='ocrx_word' id='word_1_771' title='bbox 526 2664 705 2699; x_wconf 82' lang='grc' dir='ltr'>παιδευόμεθα</span> <span class='ocrx_word' id='word_1_772' title='bbox 717 2665 815 2699; x_wconf 84' lang='grc' dir='ltr'>λέγειν·</span> <span class='ocrx_word' id='word_1_773' title='bbox 831 2674 841 2690; x_wconf 73' lang='grc' dir='ltr'><strong>ι</strong></span> <span class='ocrx_word' id='word_1_774' title='bbox 859 2665 946 2692; x_wconf 73' lang='grc' dir='ltr'>Ἣτοίτ</span> 
     </span>
    </p>
   </div>
   <div class='ocr_carea' id='block_1_100' title="bbox 164 2709 946 2745">
    <p class='ocr_par' dir='ltr' id='par_1_100' title="bbox 164 2709 946 2745">
     <span class='ocr_line' id='line_1_100' title="bbox 164 2709 946 2745; baseline 0.005 -11"><span class='ocrx_word' id='word_1_775' title='bbox 164 2715 251 2742; x_wconf 90' lang='grc' dir='ltr'>μασας</span> <span class='ocrx_word' id='word_1_776' title='bbox 273 2709 389 2736; x_wconf 78' lang='grc' dir='ltr'>ἐνώπιόν</span> <span class='ocrx_word' id='word_1_777' title='bbox 407 2718 457 2744; x_wconf 93' lang='grc' dir='ltr'><strong>μου</strong></span> <span class='ocrx_word' id='word_1_778' title='bbox 474 2710 612 2745; x_wconf 80' lang='grc' dir='ltr'>τράπεζαν</span> <span class='ocrx_word' id='word_1_779' title='bbox 627 2710 657 2744; x_wconf 81' lang='grc' dir='ltr'><strong>ἐξ</strong></span> <span class='ocrx_word' id='word_1_780' title='bbox 673 2711 796 2744; x_wconf 85' lang='grc' dir='ltr'>ὲναντίας</span> <span class='ocrx_word' id='word_1_781' title='bbox 817 2711 871 2738; x_wconf 89' lang='grc' dir='ltr'><strong>τῶν</strong></span> <span class='ocrx_word' id='word_1_782' title='bbox 890 2712 946 2738; x_wconf 88' lang='grc' dir='ltr'>θλι-</span> 
     </span>
    </p>
   </div>
   <div class='ocr_carea' id='block_1_101' title="bbox 162 2753 942 2793">
    <p class='ocr_par' dir='ltr' id='par_1_101' title="bbox 162 2753 942 2793">
     <span class='ocr_line' id='line_1_101' title="bbox 162 2753 942 2793; baseline 0.005 -12"><span class='ocrx_word' id='word_1_783' title='bbox 162 2753 262 2781; x_wconf 73' lang='grc' dir='ltr'>ϐόντων</span> <span class='ocrx_word' id='word_1_784' title='bbox 277 2764 321 2790; x_wconf 89' lang='grc' dir='ltr'>με.</span> <span class='ocrx_word' id='word_1_785' title='bbox 353 2756 496 2787; x_wconf 82' lang='grc' dir='ltr'>Ἐλίπανας</span> <span class='ocrx_word' id='word_1_786' title='bbox 521 2757 549 2782; x_wconf 80' lang='grc' dir='ltr'><strong>ὲν</strong></span> <span class='ocrx_word' id='word_1_787' title='bbox 574 2757 655 2793; x_wconf 76' lang='grc' dir='ltr'>ἐλαίῳ</span> <span class='ocrx_word' id='word_1_788' title='bbox 670 2758 719 2793; x_wconf 85' lang='grc' dir='ltr'><strong>τὴν</strong></span> <span class='ocrx_word' id='word_1_789' title='bbox 744 2758 865 2793; x_wconf 85' lang='grc' dir='ltr'>κεφαλήν</span> <span class='ocrx_word' id='word_1_790' title='bbox 882 2766 942 2793; x_wconf 87' lang='grc' dir='ltr'>μου,</span> 
     </span>
    </p>
   </div>
   <div class='ocr_carea' id='block_1_102' title="bbox 162 2800 942 2840">
    <p class='ocr_par' dir='ltr' id='par_1_102' title="bbox 162 2800 942 2840">
     <span class='ocr_line' id='line_1_102' title="bbox 162 2800 942 2840; baseline 0.004 -13"><span class='ocrx_word' id='word_1_791' title='bbox 162 2800 252 2827; x_wconf 82' lang='grc' dir='ltr'>καὶτὸ</span> <span class='ocrx_word' id='word_1_792' title='bbox 271 2802 401 2837; x_wconf 85' lang='grc' dir='ltr'>ποτήριόν</span> <span class='ocrx_word' id='word_1_793' title='bbox 427 2810 473 2829; x_wconf 91' lang='grc' dir='ltr'><strong>σου</strong></span> <span class='ocrx_word' id='word_1_794' title='bbox 501 2802 634 2837; x_wconf 76' lang='grc' dir='ltr'>μεθύσκον</span> <span class='ocrx_word' id='word_1_795' title='bbox 652 2811 686 2838; x_wconf 87' lang='grc' dir='ltr'><strong>με</strong></span> <span class='ocrx_word' id='word_1_796' title='bbox 704 2803 741 2835; x_wconf 84' lang='grc' dir='ltr'>ὡς</span> <span class='ocrx_word' id='word_1_797' title='bbox 761 2803 915 2840; x_wconf 83' lang='grc' dir='ltr'>κράτιστον.</span> <span class='ocrx_word' id='word_1_798' title='bbox 933 2813 942 2830; x_wconf 74' lang='grc' dir='ltr'><strong>ι</strong></span> 
     </span>
    </p>
   </div>
   <div class='ocr_carea' id='block_1_103' title="bbox 163 2846 944 2885">
    <p class='ocr_par' dir='ltr' id='par_1_103' title="bbox 163 2846 944 2885">
     <span class='ocr_line' id='line_1_103' title="bbox 163 2846 944 2885; baseline 0.005 -13"><span class='ocrx_word' id='word_1_799' title='bbox 163 2846 315 2882; x_wconf 73' lang='grc' dir='ltr'>Δαρρήδην</span> <span class='ocrx_word' id='word_1_800' title='bbox 331 2847 396 2882; x_wconf 89' lang='grc' dir='ltr'>γοῦν</span> <span class='ocrx_word' id='word_1_801' title='bbox 409 2849 438 2874; x_wconf 79' lang='grc' dir='ltr'>ὲν</span> <span class='ocrx_word' id='word_1_802' title='bbox 451 2848 555 2880; x_wconf 81' lang='grc' dir='ltr'>τούτοις</span> <span class='ocrx_word' id='word_1_803' title='bbox 569 2849 616 2876; x_wconf 79' lang='grc' dir='ltr'><strong>καὶ</strong></span> <span class='ocrx_word' id='word_1_804' title='bbox 631 2848 661 2875; x_wconf 81' lang='grc' dir='ltr'>τὸ</span> <span class='ocrx_word' id='word_1_805' title='bbox 673 2849 800 2884; x_wconf 76' lang='grc' dir='ltr'>μυστικὸν</span> <span class='ocrx_word' id='word_1_806' title='bbox 813 2849 944 2885; x_wconf 81' lang='grc' dir='ltr'>σημαίνε-</span> 
     </span>
    </p>
   </div>
   <div class='ocr_carea' id='block_1_104' title="bbox 196 2936 672 2973">
    <p class='ocr_par' dir='ltr' id='par_1_104' title="bbox 196 2936 672 2973">
     <span class='ocr_line' id='line_1_104' title="bbox 196 2936 672 2973; baseline 0 -8"><span class='ocrx_word' id='word_1_807' title='bbox 196 2936 217 2952; x_wconf 81' lang='grc'><strong>’⁸</strong></span> <span class='ocrx_word' id='word_1_808' title='bbox 232 2936 292 2965; x_wconf 82' lang='lat' dir='ltr'><strong>Gal.</strong></span> <span class='ocrx_word' id='word_1_809' title='bbox 310 2945 351 2970; x_wconf 86' lang='lat' dir='ltr'><strong>Ill,</strong></span> <span class='ocrx_word' id='word_1_810' title='bbox 368 2937 409 2964; x_wconf 79' lang='grc'><strong>15.</strong></span> <span class='ocrx_word' id='word_1_811' title='bbox 449 2939 470 2954; x_wconf 69' lang='grc'><strong>’⁷</strong></span> <span class='ocrx_word' id='word_1_812' title='bbox 485 2938 506 2965; x_wconf 91' lang='lat' dir='ltr'><strong>ll</strong></span> <span class='ocrx_word' id='word_1_813' title='bbox 518 2938 580 2968; x_wconf 80' lang='lat' dir='ltr'><strong>Cor.</strong></span> <span class='ocrx_word' id='word_1_814' title='bbox 595 2947 618 2973; x_wconf 74' lang='grc' dir='ltr'><strong>ν,</strong></span> <span class='ocrx_word' id='word_1_815' title='bbox 629 2939 672 2966; x_wconf 71' lang='lat'><strong>2|.</strong></span> 
     </span>
    </p>
   </div>
   <div class='ocr_carea' id='block_1_105' title="bbox 998 2341 1786 2377">
    <p class='ocr_par' dir='ltr' id='par_1_105' title="bbox 998 2341 1786 2377">
     <span class='ocr_line' id='line_1_105' title="bbox 998 2341 1786 2377; baseline -0.005 -7"><span class='ocrx_word' id='word_1_816' title='bbox 998 2343 1084 2374; x_wconf 90' lang='lat' dir='ltr'><strong>nium,</strong></span> <span class='ocrx_word' id='word_1_817' title='bbox 1111 2343 1199 2377; x_wconf 91' lang='lat' dir='ltr'><strong>ipsum</strong></span> <span class='ocrx_word' id='word_1_818' title='bbox 1223 2341 1419 2370; x_wconf 85' lang='lat' dir='ltr'><strong>exsecrationis</strong></span> <span class='ocrx_word' id='word_1_819' title='bbox 1435 2341 1596 2376; x_wconf 68' lang='lat' dir='ltr'><strong>trophzeum.</strong></span> <span class='ocrx_word' id='word_1_820' title='bbox 1612 2341 1703 2376; x_wconf 83' lang='lat' dir='ltr'><strong>Itaque</strong></span> <span class='ocrx_word' id='word_1_821' title='bbox 1723 2344 1786 2375; x_wconf 89' lang='lat' dir='ltr'><strong>post</strong></span> 
     </span>
    </p>
   </div>
   <div class='ocr_carea' id='block_1_106' title="bbox 999 2386 1786 2424">
    <p class='ocr_par' dir='ltr' id='par_1_106' title="bbox 999 2386 1786 2424">
     <span class='ocr_line' id='line_1_106' title="bbox 999 2386 1786 2424; baseline -0.006 -7"><span class='ocrx_word' id='word_1_822' title='bbox 999 2390 1100 2421; x_wconf 87' lang='lat' dir='ltr'><strong>omnia,</strong></span> <span class='ocrx_word' id='word_1_823' title='bbox 1116 2389 1194 2424; x_wconf 83' lang='lat' dir='ltr'><strong>quasi</strong></span> <span class='ocrx_word' id='word_1_824' title='bbox 1207 2389 1358 2416; x_wconf 88' lang='lat' dir='ltr'><strong>mirabilem</strong></span> <span class='ocrx_word' id='word_1_825' title='bbox 1372 2388 1508 2424; x_wconf 89' lang='lat' dir='ltr'><strong>quandam</strong></span> <span class='ocrx_word' id='word_1_826' title='bbox 1533 2387 1668 2414; x_wconf 87' lang='lat' dir='ltr'><strong>victimam</strong></span> <span class='ocrx_word' id='word_1_827' title='bbox 1678 2407 1685 2419; x_wconf 83' lang='lat'><strong>,</strong></span> <span class='ocrx_word' id='word_1_828' title='bbox 1699 2386 1786 2413; x_wconf 82' lang='lat' dir='ltr'><strong>sacri-</strong></span> 
     </span>
    </p>
   </div>
   <div class='ocr_carea' id='block_1_107' title="bbox 1000 2434 1786 2470">
    <p class='ocr_par' dir='ltr' id='par_1_107' title="bbox 1000 2434 1786 2470">
     <span class='ocr_line' id='line_1_107' title="bbox 1000 2434 1786 2470; baseline -0.005 -8"><span class='ocrx_word' id='word_1_829' title='bbox 1000 2435 1144 2470; x_wconf 89' lang='lat' dir='ltr'><strong>ﬁciumque</strong></span> <span class='ocrx_word' id='word_1_830' title='bbox 1158 2435 1288 2462; x_wconf 90' lang='lat' dir='ltr'><strong>eximium</strong></span> <span class='ocrx_word' id='word_1_831' title='bbox 1304 2434 1374 2469; x_wconf 88' lang='lat' dir='ltr'><strong>patri</strong></span> <span class='ocrx_word' id='word_1_832' title='bbox 1404 2441 1455 2462; x_wconf 86' lang='lat' dir='ltr'><strong>suo</strong></span> <span class='ocrx_word' id='word_1_833' title='bbox 1480 2438 1611 2469; x_wconf 88' lang='lat' dir='ltr'><strong>operatus</strong></span> <span class='ocrx_word' id='word_1_834' title='bbox 1627 2440 1674 2467; x_wconf 87' lang='lat' dir='ltr'><strong>pro</strong></span> <span class='ocrx_word' id='word_1_835' title='bbox 1691 2436 1786 2459; x_wconf 80' lang='lat' dir='ltr'><strong>nostra</strong></span> 
     </span>
    </p>
   </div>
   <div class='ocr_carea' id='block_1_108' title="bbox 999 2478 1786 2514">
    <p class='ocr_par' dir='ltr' id='par_1_108' title="bbox 999 2478 1786 2514">
     <span class='ocr_line' id='line_1_108' title="bbox 999 2478 1786 2514; baseline -0.006 -6"><span class='ocrx_word' id='word_1_836' title='bbox 999 2480 1119 2508; x_wconf 88' lang='lat' dir='ltr'><strong>omnium</strong></span> <span class='ocrx_word' id='word_1_837' title='bbox 1140 2481 1228 2507; x_wconf 89' lang='lat' dir='ltr'><strong>salute</strong></span> <span class='ocrx_word' id='word_1_838' title='bbox 1259 2479 1367 2512; x_wconf 87' lang='lat' dir='ltr'><strong>obtulit,</strong></span> <span class='ocrx_word' id='word_1_839' title='bbox 1394 2479 1508 2514; x_wconf 81' lang='lat' dir='ltr'><strong>ejusque</strong></span> <span class='ocrx_word' id='word_1_840' title='bbox 1523 2479 1561 2506; x_wconf 85' lang='lat' dir='ltr'><strong>rei</strong></span> <span class='ocrx_word' id='word_1_841' title='bbox 1578 2478 1734 2504; x_wconf 88' lang='lat' dir='ltr'><strong>memoriam</strong></span> <span class='ocrx_word' id='word_1_842' title='bbox 1756 2481 1786 2504; x_wconf 86' lang='lat' dir='ltr'><strong>ut</strong></span> 
     </span>
    </p>
   </div>
   <div class='ocr_carea' id='block_1_109' title="bbox 999 2523 1784 2561">
    <p class='ocr_par' dir='ltr' id='par_1_109' title="bbox 999 2523 1784 2561">
     <span class='ocr_line' id='line_1_109' title="bbox 999 2523 1784 2561; baseline -0.005 -7"><span class='ocrx_word' id='word_1_843' title='bbox 999 2535 1049 2554; x_wconf 86' lang='lat' dir='ltr'><strong>nos</strong></span> <span class='ocrx_word' id='word_1_844' title='bbox 1077 2527 1128 2561; x_wconf 88' lang='lat' dir='ltr'><strong>ipsi</strong></span> <span class='ocrx_word' id='word_1_845' title='bbox 1153 2525 1208 2554; x_wconf 89' lang='lat' dir='ltr'><strong>Deo</strong></span> <span class='ocrx_word' id='word_1_846' title='bbox 1219 2534 1269 2561; x_wconf 93' lang='lat' dir='ltr'><strong>pro</strong></span> <span class='ocrx_word' id='word_1_847' title='bbox 1297 2526 1432 2553; x_wconf 85' lang='lat' dir='ltr'><strong>sacriﬁcio</strong></span> <span class='ocrx_word' id='word_1_848' title='bbox 1459 2526 1637 2556; x_wconf 81' lang='lat' dir='ltr'><strong>oﬁ‘erremus,</strong></span> <span class='ocrx_word' id='word_1_849' title='bbox 1655 2523 1784 2552; x_wconf 88' lang='lat' dir='ltr'><strong>instituit.</strong></span> 
     </span>
    </p>
   </div>
   <div class='ocr_carea' id='block_1_110' title="bbox 999 2570 1785 2609">
    <p class='ocr_par' dir='ltr' id='par_1_110' title="bbox 999 2570 1785 2609">
     <span class='ocr_line' id='line_1_110' title="bbox 999 2570 1785 2609; baseline -0.006 -8"><span class='ocrx_word' id='word_1_850' title='bbox 999 2574 1056 2602; x_wconf 84' lang='lat' dir='ltr'><strong>Hoc</strong></span> <span class='ocrx_word' id='word_1_851' title='bbox 1069 2574 1151 2601; x_wconf 88' lang='lat' dir='ltr'><strong>etiam</strong></span> <span class='ocrx_word' id='word_1_852' title='bbox 1170 2573 1362 2609; x_wconf 85' lang='lat' dir='ltr'><strong>prophetarum</strong></span> <span class='ocrx_word' id='word_1_853' title='bbox 1379 2573 1534 2608; x_wconf 62' lang='lat' dir='ltr'><strong>praecipuus</strong></span> <span class='ocrx_word' id='word_1_854' title='bbox 1545 2571 1638 2603; x_wconf 84' lang='lat' dir='ltr'><strong>David,</strong></span> <span class='ocrx_word' id='word_1_855' title='bbox 1655 2571 1700 2605; x_wconf 92' lang='lat' dir='ltr'><strong>qui</strong></span> <span class='ocrx_word' id='word_1_856' title='bbox 1712 2570 1785 2605; x_wconf 91' lang='lat' dir='ltr'><strong>quod</strong></span> 
     </span>
    </p>
   </div>
   <div class='ocr_carea' id='block_1_111' title="bbox 999 2617 1787 2655">
    <p class='ocr_par' dir='ltr' id='par_1_111' title="bbox 999 2617 1787 2655">
     <span class='ocr_line' id='line_1_111' title="bbox 999 2617 1787 2655; baseline -0.006 -7"><span class='ocrx_word' id='word_1_857' title='bbox 999 2620 1120 2648; x_wconf 76' lang='lat' dir='ltr'><strong>futurum</strong></span> <span class='ocrx_word' id='word_1_858' title='bbox 1133 2624 1193 2648; x_wconf 84' lang='lat' dir='ltr'><strong>erat</strong></span> <span class='ocrx_word' id='word_1_859' title='bbox 1211 2619 1316 2655; x_wconf 86' lang='lat' dir='ltr'><strong>Spiritu</strong></span> <span class='ocrx_word' id='word_1_860' title='bbox 1342 2619 1435 2647; x_wconf 90' lang='lat' dir='ltr'><strong>divino</strong></span> <span class='ocrx_word' id='word_1_861' title='bbox 1452 2617 1608 2654; x_wconf 89' lang='lat' dir='ltr'><strong>providerat</strong></span> <span class='ocrx_word' id='word_1_862' title='bbox 1619 2617 1787 2644; x_wconf 81' lang='lat' dir='ltr'><strong>vaticinatus</strong></span> 
     </span>
    </p>
   </div>
   <div class='ocr_carea' id='block_1_112' title="bbox 998 2662 1788 2701">
    <p class='ocr_par' dir='ltr' id='par_1_112' title="bbox 998 2662 1788 2701">
     <span class='ocr_line' id='line_1_112' title="bbox 998 2662 1788 2701; baseline -0.005 -7"><span class='ocrx_word' id='word_1_863' title='bbox 998 2670 1050 2698; x_wconf 83' lang='lat' dir='ltr'><strong>est,</strong></span> <span class='ocrx_word' id='word_1_864' title='bbox 1064 2666 1110 2694; x_wconf 91' lang='lat' dir='ltr'><strong>ubi</strong></span> <span class='ocrx_word' id='word_1_865' title='bbox 1127 2666 1165 2693; x_wconf 90' lang='lat' dir='ltr'><strong>ait</strong></span> <span class='ocrx_word' id='word_1_866' title='bbox 1180 2675 1187 2693; x_wconf 93' lang='lat'><strong>:</strong></span> <span class='ocrx_word' id='word_1_867' title='bbox 1200 2674 1210 2691; x_wconf 74' lang='grc' dir='ltr'><strong>ε</strong></span> <span class='ocrx_word' id='word_1_868' title='bbox 1225 2665 1392 2701; x_wconf 86' lang='lat' dir='ltr'><strong>Exspectans</strong></span> <span class='ocrx_word' id='word_1_869' title='bbox 1420 2663 1575 2699; x_wconf 83' lang='lat' dir='ltr'><strong>exspectavi</strong></span> <span class='ocrx_word' id='word_1_870' title='bbox 1593 2662 1747 2695; x_wconf 86' lang='lat' dir='ltr'><strong>Dominum,</strong></span> <span class='ocrx_word' id='word_1_871' title='bbox 1759 2668 1788 2690; x_wconf 91' lang='lat' dir='ltr'><strong>et</strong></span> 
     </span>
    </p>
   </div>
   <div class='ocr_carea' id='block_1_113' title="bbox 999 2711 1786 2745">
    <p class='ocr_par' dir='ltr' id='par_1_113' title="bbox 999 2711 1786 2745">
     <span class='ocr_line' id='line_1_113' title="bbox 999 2711 1786 2745; baseline -0.003 -7"><span class='ocrx_word' id='word_1_872' title='bbox 999 2711 1116 2739; x_wconf 90' lang='lat' dir='ltr'><strong>intendit</strong></span> <span class='ocrx_word' id='word_1_873' title='bbox 1130 2712 1214 2740; x_wconf 87' lang='lat' dir='ltr'><strong>mihi:</strong></span> <span class='ocrx_word' id='word_1_874' title='bbox 1229 2716 1257 2739; x_wconf 90' lang='lat' dir='ltr'><strong>et</strong></span> <span class='ocrx_word' id='word_1_875' title='bbox 1269 2711 1408 2738; x_wconf 85' lang='lat' dir='ltr'><strong>exaudivit</strong></span> <span class='ocrx_word' id='word_1_876' title='bbox 1420 2718 1527 2745; x_wconf 85' lang='lat' dir='ltr'><strong>precem</strong></span> <span class='ocrx_word' id='word_1_877' title='bbox 1544 2717 1642 2741; x_wconf 87' lang='lat' dir='ltr'><strong>meam,</strong></span> <span class='ocrx_word' id='word_1_878' title='bbox 1658 2714 1683 2736; x_wconf 91' lang='lat' dir='ltr'><strong>et</strong></span> <span class='ocrx_word' id='word_1_879' title='bbox 1694 2712 1786 2736; x_wconf 66' lang='grc' dir='ltr'>δυβιυ-</span> 
     </span>
    </p>
   </div>
   <div class='ocr_carea' id='block_1_114' title="bbox 999 2756 1786 2786">
    <p class='ocr_par' dir='ltr' id='par_1_114' title="bbox 999 2756 1786 2786">
     <span class='ocr_line' id='line_1_114' title="bbox 999 2756 1786 2786; baseline -0.004 -2"><span class='ocrx_word' id='word_1_880' title='bbox 999 2757 1031 2784; x_wconf 90' lang='lat' dir='ltr'><strong>lit</strong></span> <span class='ocrx_word' id='word_1_881' title='bbox 1043 2765 1086 2785; x_wconf 88' lang='lat' dir='ltr'><strong>me</strong></span> <span class='ocrx_word' id='word_1_882' title='bbox 1099 2759 1133 2785; x_wconf 91' lang='lat' dir='ltr'><strong>de</strong></span> <span class='ocrx_word' id='word_1_883' title='bbox 1148 2758 1209 2785; x_wconf 89' lang='lat' dir='ltr'><strong>lacu</strong></span> <span class='ocrx_word' id='word_1_884' title='bbox 1226 2758 1342 2786; x_wconf 70' lang='lat' dir='ltr'><strong>miseria:</strong></span> <span class='ocrx_word' id='word_1_885' title='bbox 1357 2761 1384 2785; x_wconf 89' lang='lat' dir='ltr'><strong>et</strong></span> <span class='ocrx_word' id='word_1_886' title='bbox 1398 2757 1432 2785; x_wconf 88' lang='lat' dir='ltr'><strong>de</strong></span> <span class='ocrx_word' id='word_1_887' title='bbox 1461 2757 1519 2784; x_wconf 90' lang='lat' dir='ltr'><strong>luto</strong></span> <span class='ocrx_word' id='word_1_888' title='bbox 1536 2756 1611 2783; x_wconf 65' lang='lat' dir='ltr'><strong>faecis</strong></span> <span class='ocrx_word' id='word_1_889' title='bbox 1625 2765 1631 2783; x_wconf 93' lang='lat'><strong>:</strong></span> <span class='ocrx_word' id='word_1_890' title='bbox 1646 2759 1673 2782; x_wconf 91' lang='lat' dir='ltr'><strong>et</strong></span> <span class='ocrx_word' id='word_1_891' title='bbox 1690 2759 1786 2782; x_wconf 84' lang='lat' dir='ltr'><strong>statuit</strong></span> 
     </span>
    </p>
   </div>
   <div class='ocr_carea' id='block_1_115' title="bbox 999 2802 1784 2839">
    <p class='ocr_par' dir='ltr' id='par_1_115' title="bbox 999 2802 1784 2839">
     <span class='ocr_line' id='line_1_115' title="bbox 999 2802 1784 2839; baseline -0.003 -9"><span class='ocrx_word' id='word_1_892' title='bbox 999 2810 1080 2838; x_wconf 89' lang='lat' dir='ltr'><strong>supra</strong></span> <span class='ocrx_word' id='word_1_893' title='bbox 1094 2807 1198 2838; x_wconf 88' lang='lat' dir='ltr'><strong>petram</strong></span> <span class='ocrx_word' id='word_1_894' title='bbox 1209 2803 1291 2839; x_wconf 89' lang='lat' dir='ltr'><strong>pedes</strong></span> <span class='ocrx_word' id='word_1_895' title='bbox 1315 2811 1400 2834; x_wconf 84' lang='lat' dir='ltr'><strong>meos,</strong></span> <span class='ocrx_word' id='word_1_896' title='bbox 1418 2806 1445 2830; x_wconf 88' lang='lat' dir='ltr'><strong>et</strong></span> <span class='ocrx_word' id='word_1_897' title='bbox 1461 2802 1559 2830; x_wconf 82' lang='lat' dir='ltr'><strong>direxit</strong></span> <span class='ocrx_word' id='word_1_898' title='bbox 1573 2808 1685 2836; x_wconf 77' lang='lat' dir='ltr'><strong>gressus</strong></span> <span class='ocrx_word' id='word_1_899' title='bbox 1697 2808 1784 2828; x_wconf 84' lang='lat' dir='ltr'><strong>meos.</strong></span> 
     </span>
    </p>
   </div>
   <div class='ocr_carea' id='block_1_116' title="bbox 998 2849 1784 2880">
    <p class='ocr_par' dir='ltr' id='par_1_116' title="bbox 998 2849 1784 2880">
     <span class='ocr_line' id='line_1_116' title="bbox 998 2849 1784 2880; baseline -0.005 -3"><span class='ocrx_word' id='word_1_900' title='bbox 998 2853 1026 2877; x_wconf 87' lang='lat' dir='ltr'><strong>et</strong></span> <span class='ocrx_word' id='word_1_901' title='bbox 1041 2849 1154 2878; x_wconf 86' lang='lat' dir='ltr'><strong>immisit</strong></span> <span class='ocrx_word' id='word_1_902' title='bbox 1182 2849 1211 2877; x_wconf 92' lang='lat' dir='ltr'><strong>in</strong></span> <span class='ocrx_word' id='word_1_903' title='bbox 1225 2857 1256 2877; x_wconf 90' lang='lat' dir='ltr'><strong>os</strong></span> <span class='ocrx_word' id='word_1_904' title='bbox 1267 2857 1358 2878; x_wconf 89' lang='lat' dir='ltr'><strong>meum</strong></span> <span class='ocrx_word' id='word_1_905' title='bbox 1381 2849 1525 2877; x_wconf 88' lang='lat' dir='ltr'><strong>Canticum</strong></span> <span class='ocrx_word' id='word_1_906' title='bbox 1550 2854 1662 2880; x_wconf 78' lang='lat' dir='ltr'><strong>novum,</strong></span> <span class='ocrx_word' id='word_1_907' title='bbox 1677 2854 1784 2874; x_wconf 83' lang='lat' dir='ltr'><strong>carmen</strong></span> 
     </span>
    </p>
   </div>
   <div class='ocr_carea' id='block_1_117' title="bbox 713 2938 1206 2974">
    <p class='ocr_par' dir='ltr' id='par_1_117' title="bbox 713 2938 1206 2974">
     <span class='ocr_line' id='line_1_117' title="bbox 713 2938 1206 2974; baseline 0.002 -8"><span class='ocrx_word' id='word_1_908' title='bbox 713 2938 816 2966; x_wconf 63' lang='lat' dir='ltr'><strong>11LLuc.</strong></span> <span class='ocrx_word' id='word_1_909' title='bbox 833 2947 858 2972; x_wconf 83' lang='lat' dir='ltr'><strong>x,</strong></span> <span class='ocrx_word' id='word_1_910' title='bbox 873 2939 917 2966; x_wconf 65' lang='lat' dir='ltr'><strong>2i.</strong></span> <span class='ocrx_word' id='word_1_911' title='bbox 957 2940 979 2956; x_wconf 85' lang='lat'><strong>&quot;</strong></span> <span class='ocrx_word' id='word_1_912' title='bbox 997 2938 1075 2967; x_wconf 89' lang='lat' dir='ltr'><strong>Deut.</strong></span> <span class='ocrx_word' id='word_1_913' title='bbox 1092 2947 1148 2974; x_wconf 87' lang='lat' dir='ltr'><strong>xxi,</strong></span> <span class='ocrx_word' id='word_1_914' title='bbox 1163 2940 1206 2967; x_wconf 78' lang='lat'><strong>‘23.</strong></span> 
     </span>
    </p>
   </div>
  </div>
