2053 3218
273 215 304 243 91

600 211 734 241 EUSEBII
749 212 989 242 CAESARIENSIS
1007 211 1083 241 OPP.
1102 212 1193 240 PARS
1212 212 1244 240 II.
1262 227 1298 232 -
1315 210 1563 239 APOLOGETICA.

1852 209 1890 237 92

274 273 330 300 Deo
344 275 439 300 nostro
450 271 483 299 '°.
500 281 509 298 ι
526 271 604 305 Quod
620 280 702 307 porro
724 273 759 300 sit
779 272 832 299 hoc
859 280 958 299 novum
970 273 1056 315 capti-

1106 281 1151 298 ται
1171 272 1285 308 χρίσμα,
1309 270 1356 297 καὶ
1376 271 1410 297 τὰ
1430 269 1517 305 σεμνὰ
1536 269 1586 305 τῆς
1610 269 1727 304 Χριστοῦ
1751 269 1889 305 τραπέζης

273 326 337 347 cum
362 318 483 345 declarat
508 317 637 352 deinceps
667 318 713 345 ubi
738 319 792 344 ait:
807 328 816 344 ι
833 317 1004 345 Sacriﬁcium
1030 321 1058 346 et

272 364 438 392 oblationem
454 363 576 396 noluisti,
594 371 694 399 corpus
715 369 804 391 autem
822 363 960 399 perfecisti
971 363 1056 390 mihi:

274 409 435 437 holocausta
448 414 475 436 et
495 417 543 444 pro
557 415 668 444 peccato
679 417 734 436 non
750 409 871 444 probasti
885 418 892 442 ;
910 413 976 436 tunc
989 408 1057 441 dixi,

273 462 339 482 ecce
349 455 438 483 venio.
450 455 480 481 In
489 454 645 489 capitclibri
661 456 794 489 scriptum
810 458 852 482 est
867 455 900 482 de
910 462 962 486 me,
980 458 1010 481 ut
1018 454 1059 481 fa-

273 508 373 533 cerem,
386 500 466 532 Deus,
480 500 644 528 voluntatem
661 504 744 533 tuam,
761 501 832 528 volui
851 501 883 532 ³¹,
900 510 909 526 ι
925 504 951 528 et
962 500 1059 535 adjuno

273 546 314 582 git
330 554 337 572 :
358 555 367 572 ι
383 546 547 573 Annuntiavi
562 546 696 580 justitiam
714 546 740 573 in
755 546 878 574 Ecclesia
891 553 988 581 magna
1001 547 1035 573 ³¹.
1047 555 1056 572 ι

274 592 322 620 Sic
337 593 415 628 plane
431 592 531 620 docens
539 600 587 627 pro
601 593 720 627 antiquis
736 592 879 620 sacriﬁciis
898 593 1060 620 etholocau-

275 639 336 668 slis,
351 638 452 666 Christi
478 638 621 665 adventum
640 646 687 672 per
710 638 924 672 assumptionem
947 637 1059 664 humani

273 683 329 718 39
343 683 476 718 corporis.
492 683 605 718 ejusque
618 681 893 717 corpus‘peri‘ectum,
913 682 968 709 Deo
983 683 1060 710 obla-

273 732 332 755 tum
347 736 408 756 esse
422 738 428 755 ε
442 729 586 763 ipsumque
603 729 654 755 hoc
664 728 792 755 Ecclesia:
807 736 864 756 suae
876 728 983 756 nuntiat
996 736 1058 756 cum

273 773 372 808 gaudio
387 777 516 808 tanquam
539 774 634 808 ingens
656 773 825 809 mysterium,
847 773 919 808 quod
943 773 1060 808 prophe—

273 818 329 845 tica
341 826 407 846 voce
423 819 450 845 in
466 819 554 853 capite
578 818 637 845 libri
656 819 826 854 propositum
846 826 1066 854 expressumque-

273 864 320 892 sit.
329 864 397 892 Cum
410 872 474 899 ergo
487 865 568 899 hujus
584 865 710 892 sacriﬁcii
724 864 882 892 memoriam
898 865 983 900 signis
997 865 1058 900 qui-

273 910 388 938 busdam
409 910 437 937 in
460 918 554 937 mensa
571 911 771 942 celebrandam,
795 911 972 945 corporisque
993 910 1058 938 item

273 957 358 988 illius,
381 957 564 991 salutarisque
587 957 737 991 sanguinis,
758 960 787 983 ut
812 957 876 983 novi
892 956 1058 984 Testamenti

274 1002 431 1031 institutum
448 1003 539 1034 habet,
554 1003 738 1037 acceperimus
755 1012 761 1030 ι
776 1011 884 1030 rursum
898 1010 912 1029 a
928 1003 1058 1038 propheta

273 1046 359 1074 David
380 1048 542 1076 instruimur
568 1048 602 1075 ad
626 1048 771 1075 dicendum
791 1057 818 1075 :t
832 1048 936 1076 Parasti
952 1049 978 1076 in
993 1056 1060 1076 con~

274 1098 370 1128 specto
395 1101 455 1121 meo
478 1102 598 1121 mensam
625 1098 721 1121 contra
741 1102 788 1122 eos
801 1095 846 1129 qui
862 1094 983 1129 afﬂigunt
1004 1103 1056 1123 me.

273 1139 375 1175 Pingue
387 1139 474 1168 fecisti
501 1140 529 1167 in
553 1141 613 1168 oleo
636 1144 718 1174 caput
739 1148 840 1172 meum,
857 1143 883 1167 et
903 1141 972 1167 calix
995 1145 1058 1168 tuus

274 1185 414 1213 inebrians
432 1193 512 1220 quam
533 1185 776 1221 praestantissimus
785 1185 816 1211 ³³.
835 1195 844 1211 ι
862 1185 954 1212 Palam
977 1186 1058 1220 igitur

274 1230 301 1257 in
317 1231 359 1258 his
374 1232 515 1266 mysticam
536 1232 670 1266 signiﬁcat
685 1231 852 1262 unctionem,
868 1236 894 1258 et
918 1231 1058 1258 horrorem

274 1274 412 1302 aﬁ‘erentia
430 1283 530 1303 mensa:
541 1276 642 1303 Christi
659 1275 804 1308 sacriﬁcia,
821 1277 920 1311 quibus
944 1284 1059 1311 operan-

274 1323 327 1352 tes,
344 1320 500 1348 incruentas
514 1324 541 1348 et
557 1322 703 1349 rationales
720 1321 798 1356 eique
814 1329 912 1350 suaves
924 1322 1057 1354 victimas,

274 1366 302 1392 in
327 1369 382 1392 tota
401 1366 454 1393 vita
473 1374 600 1401 supremo
622 1366 677 1394 Deo
699 1366 808 1398 oil'erre,
829 1375 878 1402 per
900 1367 1060 1394 eminentis-

274 1411 372 1438 simum
400 1412 522 1439 omnium
550 1411 636 1446 ipsius
663 1411 932 1447 pontiﬁcem,edocti
952 1420 1056 1440 sumus.

276 1454 332 1482 IIoc
349 1455 437 1489 ipsum
454 1463 569 1490 magnus
580 1463 690 1490 quoque
704 1456 834 1490 propheta
849 1456 933 1483 lsaias
946 1457 1058 1484 mirabi-

273 1500 336 1527 liter
351 1500 443 1528 divino
462 1500 564 1536 Spiritu
578 1501 715 1529 indicante
725 1503 854 1537 providit,
869 1506 896 1529 et
913 1508 1057 1537 antequam

274 1545 350 1573 ﬂeret
376 1547 551 1581 praedicavit;
566 1547 633 1574 dicit
647 1548 728 1582 igitur
744 1549 784 1576 sic
800 1558 807 1576 :
828 1557 837 1574 ι
859 1548 971 1576 Domine
986 1547 1057 1576 Deus

275 1597 362 1623 meus,
383 1591 551 1626 gloriﬁcabo'
566 1596 602 1624 te,
627 1592 743 1619 laudabo
764 1600 863 1620 nomen
885 1596 972 1625 tuum,
989 1601 1057 1627 quo-

273 1636 346 1663 niam
368 1636 454 1664 fecisti
467 1645 510 1665 res
524 1638 663 1666 mirabiles
672 1639 705 1666 “.
727 1649 736 1666 ι
755 1639 788 1666 Et
802 1648 925 1674 quaenam
941 1640 982 1667 hae
1002 1641 1057 1667 sint

272 1689 317 1710 res
343 1683 497 1716 mirabiles,
526 1685 606 1719 plane
630 1685 759 1720 deinceps
787 1687 907 1714 ostendit
931 1686 1026 1714 dicens
1048 1696 1056 1714 :

274 1737 285 1753 ι
300 1726 392 1755 Faciet
403 1728 535 1757 Dominus
551 1729 669 1757 Sabaoth
687 1731 842 1758 convivium
854 1732 980 1759 omnibus
993 1740 1058 1767 gen-

271 1774 344 1802 tibus
363 1784 369 1801 :
386 1775 478 1805 bibent
492 1776 621 1809 laztitiam,
638 1776 729 1806 bibent
741 1777 834 1804 vinum
845 1787 851 1805 :
862 1783 996 1813 ungenlur
1007 1786 1058 1805 un-

269 1825 371 1855 guento
380 1820 407 1847 in
417 1825 507 1848 monte
518 1821 579 1854 illo;
588 1821 663 1848 trade
674 1821 730 1849 haec
740 1823 830 1849 omnia
841 1823 974 1857 gentibus.
990 1823 1058 1851 Con-

270 1867 361 1893 silium
382 1867 453 1894 enim
473 1867 525 1894 hoc
546 1868 573 1894 in
595 1875 691 1895 omnes
705 1872 799 1903 gentes
811 1869 844 1896 ".
863 1878 872 1895 ›
890 1868 1053 1903 Hujusmodi

269 1918 337 1938 sane
365 1915 442 1938 erant
469 1911 544 1939 Isaiae
569 1912 715 1944 mirabilia,
733 1920 793 1948 quae
814 1913 892 1940 bonae
912 1913 1055 1948 cujusdam

272 1955 436 1991 ﬂagrantiae,
452 1958 636 1993 unguentique
650 1959 816 1990 unctionem,
832 1966 885 1985 non
900 1958 992 1991 Israel,
1007 1958 1055 1986 sed

269 2002 399 2030 omnibus
412 2003 538 2037 gentibus
550 2003 744 2038 promittebant
759 2013 765 2030 :
781 2011 812 2030 ex
825 2012 878 2038 quo
891 2012 946 2031 non
960 2005 1056 2032 imme-

270 2050 325 2076 rito
354 2053 464 2084 propter
495 2052 627 2085 unguenti
654 2051 809 2078 unctionem
837 2051 1054 2079 Christianorum

271 2095 480 2129 appellationem
510 2100 663 2123 consecuta:
691 2100 764 2128 sunt,
795 2096 843 2123 sed
869 2097 924 2123 vini
947 2105 1054 2132 quoque

272 2139 391 2167 laetitiam
418 2141 543 2175 gentibus
566 2141 733 2168 vaticinatur
751 2141 779 2168 in
795 2149 838 2173 eo,
862 2141 928 2169 Novi
959 2141 1054 2169 Testa-

272 2185 365 2216 menti,
381 2186 453 2220 quod
473 2193 488 2212 a
509 2185 619 2213 Christo
644 2186 785 2213 conditum
809 2189 865 2218 est,
882 2187 1052 2222 mysterium,

270 2231 438 2259 subobscure
468 2231 646 2266 signiﬁcans:
664 2232 737 2268 quod
766 2239 832 2259 sane
860 2233 931 2266 apud
958 2240 1053 2261 omnes

1074 948 1094 975 Β

1107 317 1225 353 θύματα,
1238 317 1272 343 δι’
1288 313 1324 343 ὧν
1339 316 1552 351 καλλιεροῦντες,
1568 315 1616 346 τὰς
1630 314 1761 350 ἀναίμους
1783 315 1830 342 καὶ
1845 315 1891 341 λο-

1107 363 1188 397 γικὰς
1215 363 1288 398 αὐτῷ
1302 371 1331 389 τε
1346 362 1489 397 προσηνεῖς
1502 361 1596 392 θυσίας
1609 360 1653 387 διὰ
1668 361 1766 392 παντὸς
1779 361 1835 395 βίου
1851 361 1891 396 τῷ

1107 407 1153 434 ἐπὶ
1169 408 1276 434 πάντων
1292 405 1454 442 προσφέρειν
1465 405 1524 440 Θεῷ
1543 405 1585 431 διὰ
1602 405 1648 431 τοῦ
1665 406 1772 432 πάντων
1787 405 1890 432 ἀνωτά-

1107 461 1154 479 του
1169 452 1318 488 ἀρχιερέως
1329 451 1411 478 αὐτοῦ
1424 452 1609 487 δεδιδάγμεθα.
1624 451 1708 478 Τοῦτο
1723 451 1751 477 δὲ
1767 451 1833 477 αὐτὸ
1843 451 1891 478 καὶ

1116 497 1228 529 Ἡσαΐας
1252 499 1266 524 ο
1298 498 1383 532 μέγας
1408 498 1549 533 προφήτης
1579 496 1741 532 θαυμαστῶς
1761 495 1799 531 τῷ
1826 495 1890 531 θείῳ

1109 543 1247 578 Πνεὺματι
1263 543 1429 578 προέγνωτε
1449 542 1495 568 καὶ
1521 541 1740 577 προανεφώνησε.
1762 541 1843 575 Λέγει
1866 540 1890 568 δ’

1108 587 1154 616 οὖν
1169 586 1219 616 ὦδε
1233 590 1280 615 καὶ
1299 589 1390 620 αὐτός·
1411 598 1420 614 ι
1438 589 1522 624 Κύριε
1537 589 1551 614 ὁ
1563 588 1627 620 Θεός
1644 595 1705 622 μου,
1728 585 1832 618 δοξάσω
1847 594 1888 618 σε,

1109 635 1222 670 ὑμνήσω
1232 635 1264 661 τὸ
1275 635 1359 670 ὄνομά
1376 643 1433 667 σου,
1447 635 1489 661 ὃτι
1505 634 1633 669 ἐποίησας
1659 632 1800 668 θαυμαστὰ
1820 632 1892 668 πρά-

1109 689 1212 716 γματα.
1231 690 1240 706 ι
1255 681 1309 707 Καὶ
1322 681 1381 707 τίνα
1401 680 1488 708 ταῦτα
1499 679 1535 712 ὡς
1550 679 1656 714 ἀληθῶς
1671 679 1818 713 θαυμάσια,
1831 678 1890 705 δια-

1110 727 1200 761 σαφεῖ,
1222 726 1309 760 λέγων
1326 726 1403 762 ἑξῆς·
1424 735 1433 752 ι
1449 726 1557 761 Ποιήσει
1577 725 1679 760 Κύριος
1694 724 1806 751 Σαϐαὼθ
1823 724 1890 751 πᾶσι

1108 774 1164 804 τοῖς
1175 772 1272 798 ἔθνεσι·
1291 772 1396 798 πίονται
1410 771 1590 808 εὐφροσύνην,
1614 771 1721 797 πίονται
1735 768 1815 802 οἶνον,
1829 770 1890 806 χρί-

1111 827 1200 845 σονται
1215 818 1298 854 μύρον
1313 819 1340 845 ὲν
1354 818 1393 853 τῷ
1402 818 1459 854 ὄρει
1469 817 1563 852 τούτῳ.
1578 817 1699 853 Παράδος
1710 817 1793 843 ταῦτα
1801 817 1892 844 πάντα

1109 865 1164 896 τοῖς
1176 864 1287 891 ἔθνεσιν·
1303 865 1319 899 ή
1335 864 1389 899 γὰρ
1405 863 1485 899 βουλὴ
1497 863 1565 900 αὕτη
1582 864 1628 890 ἐπὶ
1640 863 1727 890 πάντα
1737 863 1771 889 τὰ
1787 863 1862 897 ἔθνη.
1878 871 1888 888 ι

1109 910 1227 937 Τοιαῦτά
1241 919 1302 936 τινα
1314 908 1347 946 ἦν
1368 910 1414 936 καὶ
1429 910 1464 936 τὰ
1488 910 1598 937 Ἡσαΐου
1612 910 1759 945 θαυμάσια,
1779 908 1891 941 εὐωδίας

1108 956 1212 991 ἀγαθῆς
1224 957 1270 983 καὶ
1286 956 1377 992 μύρων
1391 956 1489 991 χρίσιν,
1503 956 1533 982 οὗ
1548 955 1587 990 τῷ
1609 955 1726 991 Ἰσραὴλ,
1739 955 1806 981 ἀλλὰ
1821 955 1890 981 πᾶσι

1108 1003 1163 1034 τοῖς
1179 1002 1281 1028 ἔθνεσιν
1298 1002 1526 1037 ἐπαγγελλόμενα·
1544 1001 1605 1028 ὅθεν
1627 1001 1738 1033 εἰκότως
1754 1001 1828 1036 παρὰ
1841 1000 1890 1035 τὴν

1107 1049 1154 1076 τοῦ
1181 1049 1265 1085 μύρου
1295 1049 1383 1085 χρίσιν
1405 1050 1452 1076 καὶ
1476 1049 1525 1084 τῆς
1544 1048 1713 1084 Χριστιανῶν
1736 1049 1902 1083 ἠξιώθησαν

1108 1095 1302 1131 προσηγορίας.
1321 1094 1401 1121 Ἀλλὰ
1414 1096 1461 1122 καὶ
1477 1094 1547 1122 οἴνου
1564 1096 1620 1126 τοῖς
1637 1095 1738 1121 ἔθνεσιν
1759 1093 1892 1130 εὐφροσύ-

1108 1149 1156 1177 νην
1177 1141 1309 1173 θεσπίζει,
1325 1141 1356 1167 τὸ
1377 1140 1426 1176 τῆς
1439 1141 1541 1175 Καινῆς
1555 1139 1600 1166 τοῦ
1618 1139 1734 1176 Χριστοῦ
1753 1140 1890 1175 Διαθὴκης

1110 1187 1257 1222 μυστήριον
1277 1186 1468 1221 αἰνιττόμενος,
1491 1185 1505 1212 ὃ
1529 1185 1604 1220 παρὰ
1622 1186 1686 1211 πᾶσι
1706 1186 1761 1217 τοῖς
1785 1185 1889 1212 ἔθνεσιν

1108 1232 1229 1268 ἐναργῶς
1243 1232 1313 1259 κατὰ
1329 1232 1373 1259 τὸν
1389 1232 1508 1267 παρόντα
1523 1232 1616 1266 καιρὸν
1633 1231 1792 1257 ὲκτελεῖται.
1815 1230 1887 1257 Ταύ-

1107 1288 1156 1310 τας
1167 1279 1196 1305 δὲ
1213 1279 1293 1305 πάλιν
1305 1278 1354 1309 τὰς
1371 1277 1542 1312 ἀσωμάτους,
1565 1277 1612 1303 καὶ
1630 1276 1725 1311 νοεράς
1740 1276 1834 1307 θυσίας
1854 1275 1890 1302 τὰ

1108 1324 1263 1360 προφητικὰ
1296 1323 1424 1359 κηρύττει
1449 1323 1536 1357 λόγια,
1569 1319 1621 1348 ὧδέ
1645 1331 1682 1357 πη
1716 1321 1886 1356 περιέχοντα·

1111 1380 1120 1396 ι
1138 1369 1223 1396 Θῦσον
1239 1369 1277 1404 τῷ
1302 1368 1360 1403 Θεῷ
1383 1367 1477 1395 θυσίαν
1504 1367 1641 1398 αἰνέσεως,
1659 1368 1705 1393 καὶ
1731 1367 1827 1399 ἀπόδος
1849 1366 1888 1402 τῷ

1113 1415 1232 1450 ’Υψίστῳ
1245 1414 1294 1446 τὰς
1307 1414 1388 1449 εὐχάς
1399 1423 1456 1445 σου,
1477 1414 1524 1441 καὶ
1537 1413 1695 1440 ὲπικά-λεσαί
1713 1422 1745 1449 με
1758 1415 1787 1440 ὲν
1798 1414 1889 1449 ἡμέρᾳ

1108 1461 1232 1496 θλίψεως,
1251 1461 1298 1488 καὶ
1319 1459 1462 1496 ὲξελοῦμαί
1478 1469 1518 1491 σε,
1533 1461 1580 1486 καὶ
1599 1459 1720 1492 δοξάσεις
1738 1469 1780 1495 με.
1797 1470 1807 1486 ι
1833 1461 1889 1487 Καὶ

1107 1507 1186 1533 πάλιν
1196 1515 1202 1522 ·
1222 1516 1230 1532 ι
1251 1507 1384 1542 Ἐπαρσις
1396 1505 1449 1532 τῶν
1466 1505 1564 1541 χειρῶν
1575 1514 1624 1540 μου
1633 1506 1710 1532 θυσία
1721 1507 1859 1541 ἑσπερινή.
1875 1515 1885 1531 ι

1107 1552 1163 1579 Καὶ
1176 1550 1263 1584 αὖθις-
1287 1562 1295 1577 ι
1319 1552 1403 1578 Θυσία
1423 1551 1462 1586 τῷ
1483 1551 1541 1586 Θεῷ
1564 1551 1672 1586 πνενόμα
1692 1550 1889 1588 συντετριμμέ-

1107 1607 1163 1625 νον.
1181 1608 1191 1623 ι
1206 1597 1297 1624 Ταῦτα
1311 1597 1343 1632 δὴ
1354 1596 1400 1624 οὖν
1416 1597 1513 1629 πάντας
1538 1596 1567 1629 ἐξ
1583 1597 1678 1628 αἰῶνος
1690 1596 1888 1631 τεθεσπισμένα

1107 1643 1150 1670 διὰ
1163 1644 1212 1679 τῆς
1224 1643 1404 1677 εὐαγγελικῆς
1420 1642 1466 1669 τοῦ
1478 1642 1602 1677 Σωτῆρος
1614 1642 1691 1677 ἡμῶν
1704 1641 1887 1673 διδασκαλίας,

1107 1689 1177 1715 κατὰ
1193 1689 1237 1714 τὸν
1254 1689 1374 1723 παρόντα
1397 1687 1491 1723 καιρὸν
1507 1688 1573 1724 πρὸς
1594 1688 1720 1714 ἁπάντων
1736 1688 1789 1714 τῶν
1803 1687 1888 1714 ἐθνῶν

1107 1734 1264 1765 ὲκτελεῖται,
1279 1734 1405 1769 ἀληθείας
1420 1733 1658 1769 ὲπιμαρτυρούσης
1674 1735 1707 1769 τῇ
1732 1734 1886 1769 προφητικῇ

1107 1782 1192 1815 φωνῇ,
1203 1778 1285 1816 δι’ἦς,
1303 1780 1351 1811 τὰς
1366 1779 1436 1806 κατὰ
1447 1779 1563 1806 Μωῦσέα
1579 1779 1671 1811 θυσίας
1682 1780 1695 1805 ὁ
1711 1779 1776 1810 Θεὸς
1790 1787 1890 1814 παραι-

1106 1826 1266 1861 τησάμενος,
1279 1826 1310 1852 τὸ
1330 1826 1424 1861 μέλλον
1443 1824 1553 1852 ἔσεσθαι
1565 1824 1625 1852 καθ’
1645 1825 1717 1860 ἡμᾶς
1730 1825 1828 1856 αὐτοὺς
1843 1825 1891 1851 θε-

1107 1869 1211 1902 σπίζει,
1237 1870 1343 1904 λέγων·
1371 1879 1380 1896 ι
1404 1870 1477 1896 Διότι
1503 1869 1557 1896 ἀπὸ
1582 1869 1718 1896 ἀνατολῶν
1742 1868 1816 1904 ήλίου
1840 1869 1887 1895 καὶ

1108 1915 1188 1951 μέχρι
1214 1915 1323 1951 δυσμῶν
1350 1916 1380 1942 τὸ
1405 1915 1492 1951 ὄνομά
1519 1924 1569 1951 μου
1594 1915 1747 1947 δεδόξασται
1778 1916 1812 1941 ὲν
1831 1915 1888 1946 τοῖς

1106 1961 1204 1994 ἔθνεσι,
1223 1963 1270 1989 καὶ
1286 1963 1314 1988 ἐν
1332 1963 1412 1988 παντὶ
1434 1962 1509 1997 τόπῳ
1526 1961 1648 1996 θυμίαμα
1667 1961 1829 1996 προσάγεται
1847 1960 1888 1995 τῷ

1105 2007 1214 2042 ὀνόματί
1230 2016 1290 2043 μου,
1308 2008 1354 2034 καὶ
1373 2007 1452 2034 θυσία
1466 2007 1581 2042 καθαρά.
1601 2016 1609 2032 ι
1626 2006 1730 2041 Θύομεν
1744 2007 1811 2041 δῆτα
1832 2015 1889 2032 τοι-

1105 2053 1205 2088 γαροῦν
1217 2053 1255 2088 τῷ
1268 2053 1313 2079 ἐπὶ
1325 2053 1432 2079 πάντων
1447 2052 1506 2087 Θεῷ
1521 2051 1613 2078 θυσίαν
1627 2051 1769 2083 αἰνέσεως·
1786 2051 1886 2086 θύομεν

1103 2099 1134 2124 τὸ
1147 2098 1246 2130 ἔνθεον,
1260 2099 1306 2125 καὶ
1328 2097 1435 2134 σεμνὸν,
1451 2098 1497 2124 καὶ
1515 2098 1674 2133 ίεροπρεπὲς
1688 2097 1771 2133 θῦμα·
1786 2097 1887 2132 θύομεν

1104 2144 1204 2176 καινῶς
1220 2144 1291 2170 κατὰ
1305 2144 1354 2179 τὴν
1370 2144 1472 2179 Καινὴν
1486 2143 1621 2178 Διαθήχην
1637 2144 1686 2178 τὴν
1701 2142 1822 2178 καθαρὰν
1839 2143 1887 2169 θυ-

1106 2190 1174 2215 σίαν.
1200 2199 1209 2215 ι
1228 2189 1312 2216 Θυσία
1325 2189 1353 2215 δὲ
1368 2189 1406 2224 τῷ
1420 2189 1478 2224 Θεῷ
1501 2188 1608 2224 πνεῦμα
1625 2188 1853 2224 συντετριμμένον
1871 2197 1882 2214 ι

1105 2234 1226 2270 εἴρηται·
1250 2244 1259 2260 ι
1276 2235 1387 2270 καρδίαν
1408 2234 1474 2268 γοῦν
1494 2233 1723 2270 συντετριμμένην
1740 2234 1787 2260 καὶ
1803 2241 1883 2260 τετα-

270 2282 364 2312 gentes
386 2277 412 2304 in
431 2278 557 2313 praesenti
579 2282 701 2313 tempore
724 2279 867 2313 perspicue
889 2278 1051 2307 celebratur.

1106 2279 1273 2314 πεινωμένην
1295 2281 1309 2306 ὁ
1322 2279 1388 2311 Θεὸς
1404 2280 1454 2306 οὐκ
1476 2279 1656 2312 ὲξουδενώσει.
1680 2289 1688 2305 ι
1706 2280 1759 2305 Καὶ
1780 2278 1812 2314 δὴ
1836 2279 1885 2306 καὶ

270 2323 356 2351 Porro
369 2324 418 2351 has
431 2331 527 2352 rursus
545 2325 719 2359 incorporeas
731 2325 962 2360 intelligentiaque
981 2333 1053 2360 pra:-

268 2370 342 2398 ditas
357 2370 460 2398 hostias
478 2371 634 2405 prophetica
650 2372 777 2398 nuntiant
789 2371 911 2401 oracula.
928 2371 968 2399 sic
984 2379 1053 2406 quo—

268 2417 331 2443 dam
348 2416 407 2443 loco
421 2416 548 2443 habentia
562 2426 568 2443 ι
589 2426 598 2442 ι
616 2416 726 2444 lmmola
741 2416 796 2444 Deo
814 2417 977 2444 sacriﬁcium
994 2418 1053 2445 lau-

269 2462 360 2491 dis,ct
381 2462 463 2490 redde
484 2462 624 2489 Altissimo
640 2467 701 2489 vota
724 2469 779 2494 tua,
795 2467 821 2490 et
842 2463 937 2491 invoca
960 2471 1002 2491 me
1023 2464 1051 2491 in

268 2507 312 2535 die
340 2508 534 2540 tribulationis,
565 2512 593 2535 et
626 2516 720 2536 eruam
754 2513 796 2541 le,
833 2514 861 2537 et
885 2509 1052 2545 gloriﬁcabis

268 2554 352 2581 me".
374 2564 383 2580 ι
402 2554 433 2581 Et
445 2563 558 2583 rursus:
573 2564 582 2580 ι
602 2555 722 2582 Elevatio
736 2563 864 2582 manuum
879 2563 999 2583 mearum
1009 2564 1054 2583 sa-

268 2598 400 2626 criﬁcium
415 2601 596 2634 vespertinum
604 2601 636 2626 ³⁷.
655 2609 665 2626 ι
678 2600 744 2627 Item
757 2601 839 2628 alibi:
857 2610 866 2626 ι
884 2599 1052 2627 Sacriﬁcium

268 2642 334 2676 Deo,
350 2645 461 2678 spiritus
473 2646 645 2674 contritus”.
658 2656 666 2672 ι
681 2645 743 2673 Haec
752 2646 833 2681 igitur
840 2646 1008 2680 omnia,qum
1018 2646 1054 2673 ab

268 2689 346 2716 initio
358 2689 488 2718 divinitus
504 2692 632 2725 praedicta
650 2696 726 2725 sunt,
741 2692 767 2719 in
788 2691 914 2727 praesenti
930 2695 1052 2726 tempore

267 2742 315 2770 per
335 2736 517 2771 evangelicam
538 2737 688 2766 Salvatoris
711 2738 798 2765 nostri
825 2738 977 2764 doctrinam
993 2737 1048 2772 40

266 2782 302 2809 ab
318 2782 444 2810 omnibus
460 2783 586 2818 gentibus
600 2784 783 2815 celebrantur.
807 2783 970 2819 prophetica:
986 2784 1046 2811 voci

302 2828 410 2857 “Psal.
430 2838 531 2861 xxxix.
548 2831 606 2859 2-4.
645 2832 666 2847 "
692 2831 760 2859 Ibid.
778 2831 834 2858 7-9.
875 2831 896 2847 ³⁸
912 2831 980 2858 Ibid.
999 2832 1042 2858 I0.

1119 2830 1190 2858 Psal.
1220 2838 1290 2864 xxu,
1308 2830 1334 2858 5.

1106 2325 1244 2361 θυμιῶμεν
1266 2325 1296 2351 τὸ
1318 2320 1482 2360 προφητιιὶδν
1504 2324 1637 2360 θυμίαμα,
1663 2325 1692 2351 ὲν
1704 2324 1787 2351 παντὶ
1809 2324 1887 2359 τόπῳ

1105 2371 1331 2408 προσκομίζοντες
1346 2371 1420 2406 αὐτῷ
1435 2371 1480 2397 τὸν
1500 2370 1584 2405 εὐώδη
1607 2370 1710 2406 καρπὸν
1730 2370 1779 2405 τῆς
1795 2378 1884 2396 πανα-

1107 2420 1182 2454 ρὲτου
1202 2418 1349 2452 θεολογίας,
1368 2417 1412 2444 διὰ
1435 2417 1488 2444 τῶν
1506 2416 1573 2452 πρὸς
1584 2417 1664 2442 αὑτὸν
1680 2415 1765 2451 εὐχῶν
1780 2415 1883 2450 ἀναφέ-

1105 2473 1205 2500 ροντες.
1224 2463 1308 2490 Τοῦτό
1326 2471 1367 2489 τοι
1388 2462 1434 2488 καὶ
1455 2462 1532 2493 ἄλλος
1556 2461 1674 2488 διδάσκει
1693 2462 1845 2497 προφήτης,
1868 2462 1883 2488 ό

1105 2510 1204 2544 φήσας·
1219 2518 1228 2535 ι
1241 2508 1384 2544 Γενηθήτω
1395 2507 1554 2542 ὴπροσευχή
1571 2515 1620 2541 μου
1634 2506 1670 2538 ὡς
1684 2506 1807 2542 θυμίαμα
1819 2505 1883 2533 ἑνώ-

1102 2555 1163 2581 πιόν
1178 2563 1235 2581 σου.
1255 2564 1265 2581 ι
1281 2552 1384 2580 Οὐκοῦν
1398 2552 1445 2578 καὶ
1459 2552 1567 2587 θύομεν,
1582 2552 1628 2579 καὶ
1644 2551 1800 2587 θυμιῶμεν·
1821 2552 1884 2579 τοτὲ

1104 2601 1151 2636 μὲν
1165 2600 1214 2636 τὴν
1227 2600 1335 2635 μνήμην
1349 2598 1395 2626 τοῦ
1410 2598 1526 2634 μεγάλου
1539 2598 1666 2633 θύματος,
1684 2597 1754 2624 κατὰ
1763 2596 1799 2623 τὰ
1813 2597 1883 2633 πρὸς

1101 2646 1182 2673 αὐτοῦ
1196 2645 1379 2681 παραδοθέντα
1397 2645 1532 2680 μυστήρια
1553 2642 1748 2675 ἐπιτελοῦντες,
1767 2643 1814 2669 καὶ
1833 2643 1882 2676 τὴν

1101 2691 1171 2726 ὑπὲρ
1186 2690 1321 2725 σωτηρίας
1333 2690 1410 2725 ἡμῶν
1424 2689 1596 2725 εὐχαριστίαν
1610 2689 1642 2715 δι’
1655 2687 1773 2715 εὐσεϐῶν
1788 2687 1882 2723 ὓμνων

1100 2746 1129 2763 τε
1145 2737 1191 2763 καὶ
1211 2736 1297 2771 εὐχῶν
1310 2736 1349 2772 τῷ
1368 2736 1427 2771 Θεῷ
1444 2734 1680 2770 προσκομίζοντες·
1697 2734 1757 2760 τοτὲ
1769 2733 1796 2760 δὲ
1810 2734 1881 2767 σφᾶς

1100 2783 1197 2814 αὐτοὺς
1213 2782 1311 2818 imp“)
1321 2782 1509 2818 καθιεροῦντες
1524 2780 1607 2815 αὐτῷ,
1622 2781 1667 2807 καὶ
1676 2779 1751 2815 τῷγε
1760 2779 1882 2814 ἀρχιερεῖ

1398 2831 1421 2846 ³⁸
1441 2829 1490 2858 Isa.
1511 2836 1577 2862 xxv,
1592 2829 1617 2854 l.
1669 2828 1691 2844 ³⁵
1716 2827 1782 2855 Ibid.
1819 2826 1879 2855 6,7.

267 2864 288 2880 "
310 2864 381 2892 Psal.
403 2873 485 2897 ηυξ,
504 2867 595 2903 14,15.
634 2868 655 2883 ³⁷
671 2866 743 2894 Psal.
763 2874 824 2897 ch,
845 2867 872 2893 Ξ.
910 2867 932 2882 ³⁸
944 2865 1016 2892 Psal.
1031 2874 1057 2897 ιι,
1073 2866 1100 2893 9.

303 2913 341 2948 (I)
354 2912 434 2941 Forte
451 2914 592 2948 legendum
611 2915 687 2945 ὅλιιυς
700 2915 739 2941 vel
755 2913 831 2945 ὅλως.
848 2913 925 2940 Ευιτ.
947 2913 1066 2940 ΡΑτιιοι..
