  <div class='ocr_page' id='page_1' title='image "/cluster/home/n/w/nwhite01/storage/ocr_20150623/22/njp.32101077772497/064.png"; bbox 0 0 2053 3218; ppageno 0'>
   <div class='ocr_carea' id='block_1_1' title="bbox 191 207 1804 242">
    <p class='ocr_par' dir='ltr' id='par_1_1' title="bbox 191 207 1804 242">
     <span class='ocr_line' id='line_1_1' title="bbox 191 207 1804 242; baseline 0.001 -3"><span class='ocrx_word' id='word_1_1' title='bbox 191 210 224 239; x_wconf 75' lang='lat'><strong>9‘5</strong></span> <span class='ocrx_word' id='word_1_2' title='bbox 371 231 377 234; x_wconf 84' lang='lat'><strong><em>-</em></strong></span> <span class='ocrx_word' id='word_1_3' title='bbox 654 211 979 241; x_wconf 78' lang='lat' dir='ltr'><strong>DEMONSTRATIONIS</strong></span> <span class='ocrx_word' id='word_1_4' title='bbox 998 211 1225 240; x_wconf 70' lang='lat' dir='ltr'><strong>EVANGELICAE</strong></span> <span class='ocrx_word' id='word_1_5' title='bbox 1247 207 1310 239; x_wconf 67' lang='lat' dir='ltr'><strong>LIB.</strong></span> <span class='ocrx_word' id='word_1_6' title='bbox 1328 212 1360 239; x_wconf 88' lang='grc' dir='ltr'><strong>ιι.</strong></span> <span class='ocrx_word' id='word_1_7' title='bbox 1768 212 1804 242; x_wconf 67' lang='lat'><strong>9‘</strong></span> 
     </span>
    </p>
   </div>
   <div class='ocr_carea' id='block_1_2' title="bbox 190 267 968 307">
    <p class='ocr_par' dir='ltr' id='par_1_2' title="bbox 190 267 968 307">
     <span class='ocr_line' id='line_1_2' title="bbox 190 267 968 307; baseline 0.001 -11"><span class='ocrx_word' id='word_1_8' title='bbox 190 267 269 296; x_wconf 71' lang='grc' dir='ltr'><strong>αὐτοῦ</strong></span> <span class='ocrx_word' id='word_1_9' title='bbox 286 268 385 306; x_wconf 81' lang='grc' dir='ltr'><strong>Λόγῳ,</strong></span> <span class='ocrx_word' id='word_1_10' title='bbox 401 271 474 307; x_wconf 69' lang='grc' dir='ltr'>αὐτῷ</span> <span class='ocrx_word' id='word_1_11' title='bbox 503 271 608 306; x_wconf 81' lang='grc' dir='ltr'><strong>σώματι</strong></span> <span class='ocrx_word' id='word_1_12' title='bbox 629 271 677 297; x_wconf 78' lang='grc' dir='ltr'><strong>καὶ</strong></span> <span class='ocrx_word' id='word_1_13' title='bbox 697 271 768 307; x_wconf 76' lang='grc' dir='ltr'><strong>ψυχῇ</strong></span> <span class='ocrx_word' id='word_1_14' title='bbox 787 271 968 306; x_wconf 77' lang='grc' dir='ltr'><strong>ἀνακείμενοι.</strong></span> 
     </span>
    </p>
   </div>
   <div class='ocr_carea' id='block_1_3' title="bbox 1020 267 1802 307">
    <p class='ocr_par' dir='ltr' id='par_1_3' title="bbox 1024 269 1802 304">
     <span class='ocr_line' id='line_1_3' title="bbox 1024 269 1802 304; baseline 0 -6"><span class='ocrx_word' id='word_1_15' title='bbox 1024 270 1208 298; x_wconf 86' lang='lat' dir='ltr'><strong>testimonium</strong></span> <span class='ocrx_word' id='word_1_16' title='bbox 1233 269 1361 297; x_wconf 83' lang='lat' dir='ltr'><strong>aﬁ‘erente</strong></span> <span class='ocrx_word' id='word_1_17' title='bbox 1386 270 1518 301; x_wconf 83' lang='lat' dir='ltr'><strong>veritate,‘</strong></span> <span class='ocrx_word' id='word_1_18' title='bbox 1533 276 1581 304; x_wconf 86' lang='lat' dir='ltr'><strong>per</strong></span> <span class='ocrx_word' id='word_1_19' title='bbox 1605 277 1685 304; x_wconf 86' lang='lat' dir='ltr'><strong>quam</strong></span> <span class='ocrx_word' id='word_1_20' title='bbox 1708 277 1802 298; x_wconf 82' lang='lat' dir='ltr'><strong>vocem</strong></span> 
     </span>
    </p>
   </div>
   <div class='ocr_carea' id='block_1_4' title="bbox 189 314 971 351">
    <p class='ocr_par' dir='ltr' id='par_1_4' title="bbox 189 314 971 351">
     <span class='ocr_line' id='line_1_4' title="bbox 189 314 971 351; baseline 0 -10"><span class='ocrx_word' id='word_1_21' title='bbox 189 315 235 341; x_wconf 75' lang='grc' dir='ltr'><strong>Διὸ</strong></span> <span class='ocrx_word' id='word_1_22' title='bbox 251 314 344 349; x_wconf 77' lang='grc' dir='ltr'><strong>πάσης</strong></span> <span class='ocrx_word' id='word_1_23' title='bbox 364 314 414 349; x_wconf 84' lang='grc' dir='ltr'><strong>μὲν</strong></span> <span class='ocrx_word' id='word_1_24' title='bbox 428 315 619 351; x_wconf 69' lang='grc' dir='ltr'><strong>αἰσχρουργίας</strong></span> <span class='ocrx_word' id='word_1_25' title='bbox 638 315 667 342; x_wconf 80' lang='grc' dir='ltr'>τὸ</span> <span class='ocrx_word' id='word_1_26' title='bbox 681 316 759 351; x_wconf 82' lang='grc' dir='ltr'><strong>σῶμα</strong></span> <span class='ocrx_word' id='word_1_27' title='bbox 776 316 907 351; x_wconf 68' lang='grc' dir='ltr'><strong>ἄχραντον</strong></span> <span class='ocrx_word' id='word_1_28' title='bbox 924 316 971 342; x_wconf 77' lang='grc' dir='ltr'><strong>καὶ</strong></span> 
     </span>
    </p>
   </div>
   <div class='ocr_carea' id='block_1_5' title="bbox 189 360 971 397">
    <p class='ocr_par' dir='ltr' id='par_1_5' title="bbox 189 360 971 397">
     <span class='ocr_line' id='line_1_5' title="bbox 189 360 971 397; baseline 0 -9"><span class='ocrx_word' id='word_1_29' title='bbox 189 360 320 396; x_wconf 72' lang='grc' dir='ltr'><strong>ἀμίαντον</strong></span> <span class='ocrx_word' id='word_1_30' title='bbox 332 361 406 396; x_wconf 82' lang='grc' dir='ltr'><strong>αὐτῷ</strong></span> <span class='ocrx_word' id='word_1_31' title='bbox 416 361 556 395; x_wconf 79' lang='grc' dir='ltr'><strong>φυλάττειν</strong></span> <span class='ocrx_word' id='word_1_32' title='bbox 567 361 714 397; x_wconf 71' lang='grc' dir='ltr'><strong>ἀσκοῦμεν,</strong></span> <span class='ocrx_word' id='word_1_33' title='bbox 726 361 823 393; x_wconf 78' lang='grc' dir='ltr'><strong>παντὸς</strong></span> <span class='ocrx_word' id='word_1_34' title='bbox 831 362 858 388; x_wconf 82' lang='grc' dir='ltr'>δὲ</span> <span class='ocrx_word' id='word_1_35' title='bbox 870 362 971 394; x_wconf 83' lang='grc' dir='ltr'><strong>πάθους</strong></span> 
     </span>
    </p>
   </div>
   <div class='ocr_carea' id='block_1_6' title="bbox 188 407 971 444">
    <p class='ocr_par' dir='ltr' id='par_1_6' title="bbox 188 407 971 444">
     <span class='ocr_line' id='line_1_6' title="bbox 188 407 971 444; baseline 0.001 -10"><span class='ocrx_word' id='word_1_36' title='bbox 188 407 238 434; x_wconf 74' lang='grc' dir='ltr'><strong>καὶ</strong></span> <span class='ocrx_word' id='word_1_37' title='bbox 255 407 362 442; x_wconf 76' lang='grc' dir='ltr'><strong>κηλῖδος</strong></span> <span class='ocrx_word' id='word_1_38' title='bbox 378 408 485 443; x_wconf 78' lang='grc' dir='ltr'><strong>ἁπάσης</strong></span> <span class='ocrx_word' id='word_1_39' title='bbox 506 408 555 443; x_wconf 78' lang='grc' dir='ltr'><strong>τῆς</strong></span> <span class='ocrx_word' id='word_1_40' title='bbox 571 408 624 435; x_wconf 77' lang='grc' dir='ltr'><strong>ἀπὸ</strong></span> <span class='ocrx_word' id='word_1_41' title='bbox 646 408 743 440; x_wconf 80' lang='grc' dir='ltr'><strong>κακίας</strong></span> <span class='ocrx_word' id='word_1_42' title='bbox 765 409 971 444; x_wconf 79' lang='grc' dir='ltr'><strong>κεκαθαρμένην</strong></span> 
     </span>
    </p>
   </div>
   <div class='ocr_carea' id='block_1_7' title="bbox 188 452 971 489">
    <p class='ocr_par' dir='ltr' id='par_1_7' title="bbox 188 452 971 489">
     <span class='ocr_line' id='line_1_7' title="bbox 188 452 971 489; baseline 0.001 -10"><span class='ocrx_word' id='word_1_43' title='bbox 188 452 239 489; x_wconf 72' lang='grc' dir='ltr'><strong>τὴν</strong></span> <span class='ocrx_word' id='word_1_44' title='bbox 250 452 368 479; x_wconf 76' lang='grc' dir='ltr'><strong>διάνοιαν</strong></span> <span class='ocrx_word' id='word_1_45' title='bbox 378 453 452 488; x_wconf 84' lang='grc' dir='ltr'><strong>αὑτῷ</strong></span> <span class='ocrx_word' id='word_1_46' title='bbox 465 453 693 489; x_wconf 74' lang='grc' dir='ltr'><strong>προσκομίζομεν,</strong></span> <span class='ocrx_word' id='word_1_47' title='bbox 704 454 842 489; x_wconf 81' lang='grc' dir='ltr'><strong>λογισμοῖς</strong></span> <span class='ocrx_word' id='word_1_48' title='bbox 855 463 884 480; x_wconf 78' lang='grc' dir='ltr'><strong>τε</strong></span> <span class='ocrx_word' id='word_1_49' title='bbox 897 454 971 480; x_wconf 82' lang='grc' dir='ltr'>ἀδια-</span> 
     </span>
    </p>
   </div>
   <div class='ocr_carea' id='block_1_8' title="bbox 189 498 970 535">
    <p class='ocr_par' dir='ltr' id='par_1_8' title="bbox 189 498 970 535">
     <span class='ocr_line' id='line_1_8' title="bbox 189 498 970 535; baseline 0 -10"><span class='ocrx_word' id='word_1_50' title='bbox 189 498 315 530; x_wconf 74' lang='grc' dir='ltr'><strong>πτώτοις,</strong></span> <span class='ocrx_word' id='word_1_51' title='bbox 331 499 378 525; x_wconf 82' lang='grc' dir='ltr'><strong>καὶ</strong></span> <span class='ocrx_word' id='word_1_52' title='bbox 391 499 508 526; x_wconf 79' lang='grc' dir='ltr'><strong>διαθέσει</strong></span> <span class='ocrx_word' id='word_1_53' title='bbox 531 499 713 535; x_wconf 82' lang='grc' dir='ltr'><strong>ἀνυποκρίτῳ,</strong></span> <span class='ocrx_word' id='word_1_54' title='bbox 730 500 845 534; x_wconf 75' lang='grc' dir='ltr'><strong>δόγμασί</strong></span> <span class='ocrx_word' id='word_1_55' title='bbox 863 508 892 526; x_wconf 75' lang='grc' dir='ltr'><strong>τε</strong></span> <span class='ocrx_word' id='word_1_56' title='bbox 905 500 970 534; x_wconf 82' lang='grc' dir='ltr'><strong>ἁλη-</strong></span> 
     </span>
    </p>
   </div>
   <div class='ocr_carea' id='block_1_9' title="bbox 190 543 970 581">
    <p class='ocr_par' dir='ltr' id='par_1_9' title="bbox 190 543 970 581">
     <span class='ocr_line' id='line_1_9' title="bbox 190 543 970 581; baseline 0.001 -11"><span class='ocrx_word' id='word_1_57' title='bbox 190 543 264 575; x_wconf 61' lang='lat'><strong>0514;</strong></span> <span class='ocrx_word' id='word_1_58' title='bbox 281 543 444 579; x_wconf 75' lang='grc' dir='ltr'><strong>εὐσεὸοὖμεν</strong></span> <span class='ocrx_word' id='word_1_59' title='bbox 465 544 554 570; x_wconf 78' lang='grc' dir='ltr'><strong>αὐτόν.</strong></span> <span class='ocrx_word' id='word_1_60' title='bbox 588 544 702 580; x_wconf 83' lang='grc' dir='ltr'><strong>Ἀρεστὰ</strong></span> <span class='ocrx_word' id='word_1_61' title='bbox 720 545 773 581; x_wconf 78' lang='grc' dir='ltr'><strong>γὰρ</strong></span> <span class='ocrx_word' id='word_1_62' title='bbox 795 544 867 580; x_wconf 73' lang='grc' dir='ltr'>αὐτῷ</span> <span class='ocrx_word' id='word_1_63' title='bbox 884 544 970 571; x_wconf 73' lang='grc' dir='ltr'><strong>ταῦτα</strong></span> 
     </span>
    </p>
   </div>
   <div class='ocr_carea' id='block_1_10' title="bbox 191 586 968 626">
    <p class='ocr_par' dir='ltr' id='par_1_10' title="bbox 191 586 968 626">
     <span class='ocr_line' id='line_1_10' title="bbox 191 586 968 626; baseline 0 -11"><span class='ocrx_word' id='word_1_64' title='bbox 191 586 259 616; x_wconf 75' lang='grc' dir='ltr'>εἷναι</span> <span class='ocrx_word' id='word_1_65' title='bbox 275 589 373 624; x_wconf 83' lang='grc' dir='ltr'><strong>μᾶλλον</strong></span> <span class='ocrx_word' id='word_1_66' title='bbox 389 589 406 625; x_wconf 81' lang='grc' dir='ltr'><strong>ἢ</strong></span> <span class='ocrx_word' id='word_1_67' title='bbox 430 588 528 616; x_wconf 80' lang='grc' dir='ltr'><strong>Θυσιῶν</strong></span> <span class='ocrx_word' id='word_1_68' title='bbox 553 589 652 624; x_wconf 78' lang='grc' dir='ltr'><strong>πλῆθος</strong></span> <span class='ocrx_word' id='word_1_69' title='bbox 668 589 773 624; x_wconf 77' lang='grc' dir='ltr'><strong>αἵματι,</strong></span> <span class='ocrx_word' id='word_1_70' title='bbox 799 590 844 615; x_wconf 77' lang='grc' dir='ltr'><strong>καὶ</strong></span> <span class='ocrx_word' id='word_1_71' title='bbox 863 588 968 626; x_wconf 65' lang='grc' dir='ltr'>καπνῷ,</span> 
     </span>
    </p>
   </div>
   <div class='ocr_carea' id='block_1_11' title="bbox 190 634 835 669">
    <p class='ocr_par' dir='ltr' id='par_1_11' title="bbox 190 634 835 669">
     <span class='ocr_line' id='line_1_11' title="bbox 190 634 835 669; baseline 0 -9"><span class='ocrx_word' id='word_1_72' title='bbox 190 635 236 661; x_wconf 67' lang='grc' dir='ltr'><strong>καὶ</strong></span> <span class='ocrx_word' id='word_1_73' title='bbox 249 635 370 666; x_wconf 77' lang='grc' dir='ltr'><strong>κνίσσαις</strong></span> <span class='ocrx_word' id='word_1_74' title='bbox 386 634 607 669; x_wconf 73' lang='grc' dir='ltr'><strong>ἐπιτελουμένων,</strong></span> <span class='ocrx_word' id='word_1_75' title='bbox 623 634 835 669; x_wconf 80' lang='grc' dir='ltr'><strong>πεπαιδεύμεθα.</strong></span> 
     </span>
    </p>
   </div>
   <div class='ocr_carea' id='block_1_12' title="bbox 1024 314 1803 350">
    <p class='ocr_par' dir='ltr' id='par_1_12' title="bbox 1024 314 1803 350">
     <span class='ocr_line' id='line_1_12' title="bbox 1024 314 1803 350; baseline 0.003 -7"><span class='ocrx_word' id='word_1_76' title='bbox 1024 316 1105 346; x_wconf 87' lang='lat' dir='ltr'><strong>Deus,</strong></span> <span class='ocrx_word' id='word_1_77' title='bbox 1131 315 1257 342; x_wconf 79' lang='lat' dir='ltr'><strong>Mosaicis</strong></span> <span class='ocrx_word' id='word_1_78' title='bbox 1281 314 1388 349; x_wconf 81' lang='lat' dir='ltr'><strong>rejectis</strong></span> <span class='ocrx_word' id='word_1_79' title='bbox 1412 315 1570 347; x_wconf 86' lang='lat' dir='ltr'><strong>sacriﬁciis,</strong></span> <span class='ocrx_word' id='word_1_80' title='bbox 1587 315 1660 350; x_wconf 84' lang='lat' dir='ltr'><strong>quod</strong></span> <span class='ocrx_word' id='word_1_81' title='bbox 1682 316 1803 346; x_wconf 78' lang='lat' dir='ltr'><strong>futurum</strong></span> 
     </span>
    </p>
   </div>
   <div class='ocr_carea' id='block_1_13' title="bbox 1022 361 1804 395">
    <p class='ocr_par' dir='ltr' id='par_1_13' title="bbox 1022 361 1804 395">
     <span class='ocr_line' id='line_1_13' title="bbox 1022 361 1804 395; baseline 0 -6"><span class='ocrx_word' id='word_1_82' title='bbox 1022 367 1079 389; x_wconf 86' lang='lat' dir='ltr'><strong>erat</strong></span> <span class='ocrx_word' id='word_1_83' title='bbox 1091 366 1213 389; x_wconf 87' lang='lat' dir='ltr'><strong>nostrum</strong></span> <span class='ocrx_word' id='word_1_84' title='bbox 1230 361 1350 395; x_wconf 88' lang='lat' dir='ltr'><strong>ipsorum</strong></span> <span class='ocrx_word' id='word_1_85' title='bbox 1363 361 1528 392; x_wconf 88' lang='lat' dir='ltr'><strong>institutum,</strong></span> <span class='ocrx_word' id='word_1_86' title='bbox 1544 361 1673 390; x_wconf 83' lang='lat' dir='ltr'><strong>divinitus</strong></span> <span class='ocrx_word' id='word_1_87' title='bbox 1685 366 1804 395; x_wconf 76' lang='lat' dir='ltr'><strong>nuntiat.</strong></span> 
     </span>
    </p>
   </div>
   <div class='ocr_carea' id='block_1_14' title="bbox 1022 405 1803 441">
    <p class='ocr_par' dir='ltr' id='par_1_14' title="bbox 1022 405 1803 441">
     <span class='ocr_line' id='line_1_14' title="bbox 1022 405 1803 441; baseline 0.003 -8"><span class='ocrx_word' id='word_1_88' title='bbox 1022 406 1136 433; x_wconf 83' lang='lat' dir='ltr'><strong>dicens:</strong></span> <span class='ocrx_word' id='word_1_89' title='bbox 1156 415 1164 431; x_wconf 77' lang='grc' dir='ltr'>ι</span> <span class='ocrx_word' id='word_1_90' title='bbox 1183 405 1316 438; x_wconf 83' lang='lat' dir='ltr'><strong>Quoniam</strong></span> <span class='ocrx_word' id='word_1_91' title='bbox 1333 405 1368 432; x_wconf 86' lang='lat' dir='ltr'><strong>ab</strong></span> <span class='ocrx_word' id='word_1_92' title='bbox 1390 410 1450 432; x_wconf 91' lang='lat' dir='ltr'><strong>ortu</strong></span> <span class='ocrx_word' id='word_1_93' title='bbox 1468 405 1533 433; x_wconf 84' lang='lat' dir='ltr'><strong>solis</strong></span> <span class='ocrx_word' id='word_1_94' title='bbox 1559 408 1646 441; x_wconf 90' lang='lat' dir='ltr'><strong>usque</strong></span> <span class='ocrx_word' id='word_1_95' title='bbox 1668 407 1699 434; x_wconf 89' lang='lat' dir='ltr'><strong>ad</strong></span> <span class='ocrx_word' id='word_1_96' title='bbox 1724 414 1803 435; x_wconf 75' lang='lat' dir='ltr'><strong>occa-</strong></span> 
     </span>
    </p>
   </div>
   <div class='ocr_carea' id='block_1_15' title="bbox 1022 450 1803 487">
    <p class='ocr_par' dir='ltr' id='par_1_15' title="bbox 1022 450 1803 487">
     <span class='ocr_line' id='line_1_15' title="bbox 1022 450 1803 487; baseline 0.001 -8"><span class='ocrx_word' id='word_1_97' title='bbox 1022 460 1093 483; x_wconf 87' lang='lat' dir='ltr'><strong>sum,</strong></span> <span class='ocrx_word' id='word_1_98' title='bbox 1114 459 1211 478; x_wconf 89' lang='lat' dir='ltr'><strong>nomen</strong></span> <span class='ocrx_word' id='word_1_99' title='bbox 1226 458 1315 478; x_wconf 90' lang='lat' dir='ltr'><strong>meum</strong></span> <span class='ocrx_word' id='word_1_100' title='bbox 1330 450 1509 485; x_wconf 74' lang='lat' dir='ltr'><strong>gloriﬁcatum</strong></span> <span class='ocrx_word' id='word_1_101' title='bbox 1521 456 1564 478; x_wconf 86' lang='lat' dir='ltr'><strong>est</strong></span> <span class='ocrx_word' id='word_1_102' title='bbox 1580 452 1606 478; x_wconf 93' lang='lat' dir='ltr'><strong>in</strong></span> <span class='ocrx_word' id='word_1_103' title='bbox 1625 452 1760 487; x_wconf 78' lang='lat' dir='ltr'><strong>gentibus,</strong></span> <span class='ocrx_word' id='word_1_104' title='bbox 1775 456 1803 480; x_wconf 80' lang='lat' dir='ltr'><strong>et</strong></span> 
     </span>
    </p>
   </div>
   <div class='ocr_carea' id='block_1_16' title="bbox 1023 497 1803 531">
    <p class='ocr_par' dir='ltr' id='par_1_16' title="bbox 1023 497 1803 531">
     <span class='ocr_line' id='line_1_16' title="bbox 1023 497 1803 531; baseline 0.001 -6"><span class='ocrx_word' id='word_1_105' title='bbox 1023 498 1050 525; x_wconf 92' lang='lat' dir='ltr'><strong>in</strong></span> <span class='ocrx_word' id='word_1_106' title='bbox 1077 498 1151 525; x_wconf 90' lang='lat' dir='ltr'><strong>omni</strong></span> <span class='ocrx_word' id='word_1_107' title='bbox 1175 497 1234 524; x_wconf 90' lang='lat' dir='ltr'><strong>loco</strong></span> <span class='ocrx_word' id='word_1_108' title='bbox 1259 497 1399 524; x_wconf 86' lang='lat' dir='ltr'><strong>incensum</strong></span> <span class='ocrx_word' id='word_1_109' title='bbox 1422 497 1533 524; x_wconf 84' lang='lat' dir='ltr'><strong>oﬁ‘ertur</strong></span> <span class='ocrx_word' id='word_1_110' title='bbox 1557 498 1660 525; x_wconf 80' lang='lat' dir='ltr'><strong>nomini</strong></span> <span class='ocrx_word' id='word_1_111' title='bbox 1683 505 1753 531; x_wconf 88' lang='lat' dir='ltr'><strong>meo,</strong></span> <span class='ocrx_word' id='word_1_112' title='bbox 1775 502 1803 526; x_wconf 79' lang='lat' dir='ltr'><strong>et</strong></span> 
     </span>
    </p>
   </div>
   <div class='ocr_carea' id='block_1_17' title="bbox 1021 540 1798 577">
    <p class='ocr_par' dir='ltr' id='par_1_17' title="bbox 1021 540 1798 577">
     <span class='ocr_line' id='line_1_17' title="bbox 1021 540 1798 577; baseline 0.001 -8"><span class='ocrx_word' id='word_1_113' title='bbox 1021 543 1111 569; x_wconf 87' lang='lat' dir='ltr'><strong>hostia</strong></span> <span class='ocrx_word' id='word_1_114' title='bbox 1131 542 1232 569; x_wconf 88' lang='lat' dir='ltr'><strong>munda</strong></span> <span class='ocrx_word' id='word_1_115' title='bbox 1247 542 1280 568; x_wconf 78' lang='grc'><strong>³⁸.</strong></span> <span class='ocrx_word' id='word_1_116' title='bbox 1304 550 1313 567; x_wconf 79' lang='grc' dir='ltr'><strong><em>ι</em></strong></span> <span class='ocrx_word' id='word_1_117' title='bbox 1337 540 1529 569; x_wconf 85' lang='lat' dir='ltr'><strong>Sacriﬁcamus</strong></span> <span class='ocrx_word' id='word_1_118' title='bbox 1553 543 1635 577; x_wconf 75' lang='lat' dir='ltr'><strong>igitur</strong></span> <span class='ocrx_word' id='word_1_119' title='bbox 1653 542 1707 570; x_wconf 89' lang='lat' dir='ltr'><strong>Deo</strong></span> <span class='ocrx_word' id='word_1_120' title='bbox 1720 544 1798 571; x_wconf 82' lang='lat' dir='ltr'><strong>altis-</strong></span> 
     </span>
    </p>
   </div>
   <div class='ocr_carea' id='block_1_18' title="bbox 1022 588 1798 624">
    <p class='ocr_par' dir='ltr' id='par_1_18' title="bbox 1022 588 1798 624">
     <span class='ocr_line' id='line_1_18' title="bbox 1022 588 1798 624; baseline 0.001 -8"><span class='ocrx_word' id='word_1_121' title='bbox 1022 590 1091 616; x_wconf 90' lang='lat' dir='ltr'><strong>simo</strong></span> <span class='ocrx_word' id='word_1_122' title='bbox 1108 589 1270 616; x_wconf 89' lang='lat' dir='ltr'><strong>sacriﬁcium</strong></span> <span class='ocrx_word' id='word_1_123' title='bbox 1286 589 1393 615; x_wconf 80' lang='lat' dir='ltr'><strong>laudis:</strong></span> <span class='ocrx_word' id='word_1_124' title='bbox 1411 588 1594 616; x_wconf 84' lang='lat' dir='ltr'><strong>sacriﬁcamus</strong></span> <span class='ocrx_word' id='word_1_125' title='bbox 1610 589 1665 616; x_wconf 85' lang='lat' dir='ltr'><strong>Deo</strong></span> <span class='ocrx_word' id='word_1_126' title='bbox 1677 590 1798 624; x_wconf 88' lang='lat' dir='ltr'><strong>plenum,</strong></span> 
     </span>
    </p>
   </div>
   <div class='ocr_carea' id='block_1_19' title="bbox 1021 634 1800 669">
    <p class='ocr_par' dir='ltr' id='par_1_19' title="bbox 1021 634 1800 669">
     <span class='ocr_line' id='line_1_19' title="bbox 1021 634 1800 669; baseline 0.001 -8"><span class='ocrx_word' id='word_1_127' title='bbox 1021 639 1047 661; x_wconf 86' lang='lat' dir='ltr'><strong>et</strong></span> <span class='ocrx_word' id='word_1_128' title='bbox 1059 635 1198 662; x_wconf 91' lang='lat' dir='ltr'><strong>horrorem</strong></span> <span class='ocrx_word' id='word_1_129' title='bbox 1213 634 1343 666; x_wconf 78' lang='lat' dir='ltr'><strong>aﬁ‘erens,</strong></span> <span class='ocrx_word' id='word_1_130' title='bbox 1354 638 1380 660; x_wconf 92' lang='lat' dir='ltr'><strong>et</strong></span> <span class='ocrx_word' id='word_1_131' title='bbox 1395 638 1597 661; x_wconf 85' lang='lat' dir='ltr'><strong>sacrosanctum</strong></span> <span class='ocrx_word' id='word_1_132' title='bbox 1623 634 1800 669; x_wconf 87' lang='lat' dir='ltr'><strong>sacriﬁcium,</strong></span> 
     </span>
    </p>
   </div>
   <div class='ocr_carea' id='block_1_20' title="bbox 189 679 1800 714">
    <p class='ocr_par' dir='ltr' id='par_1_20' title="bbox 189 679 1800 714">
     <span class='ocr_line' id='line_1_20' title="bbox 189 679 1800 714; baseline 0.001 -8"><span class='ocrx_word' id='word_1_133' title='bbox 189 679 376 714; x_wconf 78' lang='lat' dir='ltr'><strong>sacriﬁcamus</strong></span> <span class='ocrx_word' id='word_1_134' title='bbox 392 687 461 707; x_wconf 85' lang='lat' dir='ltr'><strong>novo</strong></span> <span class='ocrx_word' id='word_1_135' title='bbox 493 688 584 713; x_wconf 86' lang='lat' dir='ltr'><strong>more,</strong></span> <span class='ocrx_word' id='word_1_136' title='bbox 617 681 766 708; x_wconf 89' lang='lat' dir='ltr'><strong>secundum</strong></span> <span class='ocrx_word' id='word_1_137' title='bbox 800 680 903 707; x_wconf 87' lang='lat' dir='ltr'><strong>Novum</strong></span> <span class='ocrx_word' id='word_1_138' title='bbox 922 679 1136 712; x_wconf 84' lang='lat' dir='ltr'><strong>Testamentum.</strong></span> <span class='ocrx_word' id='word_1_139' title='bbox 1163 680 1278 707; x_wconf 83' lang='lat' dir='ltr'><strong>hostiam</strong></span> <span class='ocrx_word' id='word_1_140' title='bbox 1314 679 1452 707; x_wconf 86' lang='lat' dir='ltr'><strong>mundam.</strong></span> <span class='ocrx_word' id='word_1_141' title='bbox 1478 679 1512 706; x_wconf 83' lang='lat' dir='ltr'><strong>At</strong></span> <span class='ocrx_word' id='word_1_142' title='bbox 1543 680 1704 707; x_wconf 84' lang='lat' dir='ltr'><strong>sacriﬁcium</strong></span> <span class='ocrx_word' id='word_1_143' title='bbox 1733 680 1800 712; x_wconf 85' lang='lat' dir='ltr'><strong>Deo.</strong></span> 
     </span>
    </p>
   </div>
   <div class='ocr_carea' id='block_1_21' title="bbox 189 726 1800 764">
    <p class='ocr_par' dir='ltr' id='par_1_21' title="bbox 189 726 1800 764">
     <span class='ocr_line' id='line_1_21' title="bbox 189 726 1800 764; baseline 0.001 -9"><span class='ocrx_word' id='word_1_144' title='bbox 189 728 302 762; x_wconf 83' lang='lat' dir='ltr'><strong>spiritus</strong></span> <span class='ocrx_word' id='word_1_145' title='bbox 313 728 447 755; x_wconf 80' lang='lat' dir='ltr'><strong>contritus</strong></span> <span class='ocrx_word' id='word_1_146' title='bbox 460 728 550 755; x_wconf 81' lang='lat' dir='ltr'><strong>dictus</strong></span> <span class='ocrx_word' id='word_1_147' title='bbox 580 732 622 756; x_wconf 87' lang='lat' dir='ltr'><strong>est</strong></span> <span class='ocrx_word' id='word_1_148' title='bbox 639 737 645 755; x_wconf 88' lang='lat'><strong><em>:</em></strong></span> <span class='ocrx_word' id='word_1_149' title='bbox 665 736 713 755; x_wconf 93' lang='lat' dir='ltr'><strong>cor</strong></span> <span class='ocrx_word' id='word_1_150' title='bbox 737 729 819 764; x_wconf 79' lang='lat' dir='ltr'><strong>igitur</strong></span> <span class='ocrx_word' id='word_1_151' title='bbox 841 729 989 756; x_wconf 89' lang='lat' dir='ltr'><strong>contritum</strong></span> <span class='ocrx_word' id='word_1_152' title='bbox 1009 732 1036 755; x_wconf 91' lang='lat' dir='ltr'><strong>et</strong></span> <span class='ocrx_word' id='word_1_153' title='bbox 1069 728 1239 755; x_wconf 85' lang='lat' dir='ltr'><strong>humiliatum</strong></span> <span class='ocrx_word' id='word_1_154' title='bbox 1262 727 1333 755; x_wconf 85' lang='lat' dir='ltr'><strong>Deus</strong></span> <span class='ocrx_word' id='word_1_155' title='bbox 1357 735 1410 754; x_wconf 89' lang='lat' dir='ltr'><strong>non</strong></span> <span class='ocrx_word' id='word_1_156' title='bbox 1434 727 1574 762; x_wconf 82' lang='lat' dir='ltr'><strong>despiciet.</strong></span> <span class='ocrx_word' id='word_1_157' title='bbox 1587 726 1700 762; x_wconf 83' lang='lat' dir='ltr'><strong>Jamque</strong></span> <span class='ocrx_word' id='word_1_158' title='bbox 1717 729 1800 756; x_wconf 84' lang='lat' dir='ltr'><strong>etiam</strong></span> 
     </span>
    </p>
   </div>
   <div class='ocr_carea' id='block_1_22' title="bbox 187 774 1799 810">
    <p class='ocr_par' dir='ltr' id='par_1_22' title="bbox 187 774 1799 810">
     <span class='ocr_line' id='line_1_22' title="bbox 187 774 1799 810; baseline 0 -7"><span class='ocrx_word' id='word_1_159' title='bbox 187 774 358 803; x_wconf 84' lang='lat' dir='ltr'><strong>incendimus</strong></span> <span class='ocrx_word' id='word_1_160' title='bbox 387 775 572 810; x_wconf 83' lang='lat' dir='ltr'><strong>propheticum</strong></span> <span class='ocrx_word' id='word_1_161' title='bbox 601 775 677 802; x_wconf 93' lang='lat' dir='ltr'><strong>illum</strong></span> <span class='ocrx_word' id='word_1_162' title='bbox 701 776 811 804; x_wconf 91' lang='lat' dir='ltr'><strong>odorem</strong></span> <span class='ocrx_word' id='word_1_163' title='bbox 838 777 865 804; x_wconf 89' lang='lat' dir='ltr'><strong>in</strong></span> <span class='ocrx_word' id='word_1_164' title='bbox 891 777 964 803; x_wconf 85' lang='lat' dir='ltr'><strong>omni</strong></span> <span class='ocrx_word' id='word_1_165' title='bbox 984 776 1054 808; x_wconf 83' lang='lat' dir='ltr'><strong>loco,</strong></span> <span class='ocrx_word' id='word_1_166' title='bbox 1068 779 1096 803; x_wconf 88' lang='lat' dir='ltr'><strong>et</strong></span> <span class='ocrx_word' id='word_1_167' title='bbox 1119 775 1258 803; x_wconf 78' lang='lat' dir='ltr'><strong>offerimus</strong></span> <span class='ocrx_word' id='word_1_168' title='bbox 1282 775 1306 802; x_wconf 89' lang='lat' dir='ltr'><strong>ei</strong></span> <span class='ocrx_word' id='word_1_169' title='bbox 1331 775 1399 802; x_wconf 86' lang='lat' dir='ltr'><strong>bene</strong></span> <span class='ocrx_word' id='word_1_170' title='bbox 1439 775 1553 802; x_wconf 90' lang='lat' dir='ltr'><strong>olentem</strong></span> <span class='ocrx_word' id='word_1_171' title='bbox 1573 775 1691 803; x_wconf 83' lang='lat' dir='ltr'><strong>fructum</strong></span> <span class='ocrx_word' id='word_1_172' title='bbox 1724 776 1799 803; x_wconf 88' lang='lat' dir='ltr'><strong>omni</strong></span> 
     </span>
    </p>
   </div>
   <div class='ocr_carea' id='block_1_23' title="bbox 166 819 1799 866">
    <p class='ocr_par' dir='ltr' id='par_1_23' title="bbox 166 819 1799 866">
     <span class='ocr_line' id='line_1_23' title="bbox 166 819 1799 866; baseline 0.001 -18"><span class='ocrx_word' id='word_1_173' title='bbox 166 822 287 866; x_wconf 46' lang='lat' dir='ltr'><strong>{virtute</strong></span> <span class='ocrx_word' id='word_1_174' title='bbox 305 822 468 849; x_wconf 73' lang='lat' dir='ltr'><strong>abundantis</strong></span> <span class='ocrx_word' id='word_1_175' title='bbox 489 821 640 856; x_wconf 64' lang='lat' dir='ltr'><strong>theologia,</strong></span> <span class='ocrx_word' id='word_1_176' title='bbox 665 821 716 848; x_wconf 89' lang='lat' dir='ltr'><strong>hoc</strong></span> <span class='ocrx_word' id='word_1_177' title='bbox 741 822 833 854; x_wconf 87' lang='lat' dir='ltr'><strong>ipsum</strong></span> <span class='ocrx_word' id='word_1_178' title='bbox 861 821 1032 849; x_wconf 86' lang='lat' dir='ltr'><strong>orationibus</strong></span> <span class='ocrx_word' id='word_1_179' title='bbox 1060 821 1094 848; x_wconf 82' lang='lat' dir='ltr'><strong>ad</strong></span> <span class='ocrx_word' id='word_1_180' title='bbox 1119 829 1182 848; x_wconf 87' lang='lat' dir='ltr'><strong>eum</strong></span> <span class='ocrx_word' id='word_1_181' title='bbox 1214 821 1325 848; x_wconf 76' lang='lat' dir='ltr'><strong>directis</strong></span> <span class='ocrx_word' id='word_1_182' title='bbox 1356 819 1486 848; x_wconf 78' lang='lat' dir='ltr'><strong>facientes</strong></span> <span class='ocrx_word' id='word_1_183' title='bbox 1521 821 1598 854; x_wconf 89' lang='lat' dir='ltr'><strong>Quod</strong></span> <span class='ocrx_word' id='word_1_184' title='bbox 1619 829 1683 849; x_wconf 85' lang='lat' dir='ltr'><strong>sane</strong></span> <span class='ocrx_word' id='word_1_185' title='bbox 1709 822 1799 857; x_wconf 89' lang='lat' dir='ltr'><strong>ipsum</strong></span> 
     </span>
    </p>
   </div>
   <div class='ocr_carea' id='block_1_24' title="bbox 186 866 1799 905">
    <p class='ocr_par' dir='ltr' id='par_1_24' title="bbox 186 866 1799 905">
     <span class='ocr_line' id='line_1_24' title="bbox 186 866 1799 905; baseline 0 -8"><span class='ocrx_word' id='word_1_186' title='bbox 186 870 257 898; x_wconf 79' lang='lat' dir='ltr'><strong>alius</strong></span> <span class='ocrx_word' id='word_1_187' title='bbox 267 877 375 904; x_wconf 84' lang='lat' dir='ltr'><strong>quoque</strong></span> <span class='ocrx_word' id='word_1_188' title='bbox 391 869 469 896; x_wconf 88' lang='lat' dir='ltr'><strong>docet</strong></span> <span class='ocrx_word' id='word_1_189' title='bbox 483 869 681 904; x_wconf 81' lang='lat' dir='ltr'><strong>propheta,qui</strong></span> <span class='ocrx_word' id='word_1_190' title='bbox 694 868 733 895; x_wconf 93' lang='lat' dir='ltr'><strong>ait</strong></span> <span class='ocrx_word' id='word_1_191' title='bbox 757 877 764 895; x_wconf 88' lang='lat'><strong>:</strong></span> <span class='ocrx_word' id='word_1_192' title='bbox 791 877 800 894; x_wconf 83' lang='grc'>‹</span> <span class='ocrx_word' id='word_1_193' title='bbox 824 866 884 894; x_wconf 82' lang='lat' dir='ltr'><strong>Fiat</strong></span> <span class='ocrx_word' id='word_1_194' title='bbox 906 868 993 895; x_wconf 87' lang='lat' dir='ltr'><strong>oratio</strong></span> <span class='ocrx_word' id='word_1_195' title='bbox 1012 875 1071 896; x_wconf 87' lang='lat' dir='ltr'><strong>mea</strong></span> <span class='ocrx_word' id='word_1_196' title='bbox 1096 868 1166 896; x_wconf 86' lang='lat' dir='ltr'><strong>sicut</strong></span> <span class='ocrx_word' id='word_1_197' title='bbox 1190 868 1331 896; x_wconf 89' lang='lat' dir='ltr'><strong>incensum</strong></span> <span class='ocrx_word' id='word_1_198' title='bbox 1354 867 1381 894; x_wconf 94' lang='lat' dir='ltr'><strong>in</strong></span> <span class='ocrx_word' id='word_1_199' title='bbox 1408 874 1554 903; x_wconf 86' lang='lat' dir='ltr'><strong>conspectu</strong></span> <span class='ocrx_word' id='word_1_200' title='bbox 1569 869 1655 896; x_wconf 79' lang='lat' dir='ltr'><strong>tuo“.</strong></span> <span class='ocrx_word' id='word_1_201' title='bbox 1677 879 1687 895; x_wconf 73' lang='grc' dir='ltr'><strong><em>ι</em></strong></span> <span class='ocrx_word' id='word_1_202' title='bbox 1715 869 1799 905; x_wconf 70' lang='lat' dir='ltr'><strong>Igitur</strong></span> 
     </span>
    </p>
   </div>
   <div class='ocr_carea' id='block_1_25' title="bbox 186 914 1794 950">
    <p class='ocr_par' dir='ltr' id='par_1_25' title="bbox 186 914 1794 950">
     <span class='ocr_line' id='line_1_25' title="bbox 186 914 1794 950; baseline -0.001 -6"><span class='ocrx_word' id='word_1_203' title='bbox 186 915 411 945; x_wconf 74' lang='lat' dir='ltr'><strong>etsacriﬁcamus</strong></span> <span class='ocrx_word' id='word_1_204' title='bbox 424 919 451 942; x_wconf 88' lang='lat' dir='ltr'><strong>et</strong></span> <span class='ocrx_word' id='word_1_205' title='bbox 466 915 646 947; x_wconf 86' lang='lat' dir='ltr'><strong>incendimus,</strong></span> <span class='ocrx_word' id='word_1_206' title='bbox 664 915 730 942; x_wconf 86' lang='lat' dir='ltr'><strong>alias</strong></span> <span class='ocrx_word' id='word_1_207' title='bbox 759 914 866 949; x_wconf 86' lang='lat' dir='ltr'><strong>quidem</strong></span> <span class='ocrx_word' id='word_1_208' title='bbox 899 915 1057 942; x_wconf 85' lang='lat' dir='ltr'><strong>memoriam</strong></span> <span class='ocrx_word' id='word_1_209' title='bbox 1082 916 1171 950; x_wconf 77' lang='lat' dir='ltr'><strong>magni</strong></span> <span class='ocrx_word' id='word_1_210' title='bbox 1193 916 1266 942; x_wconf 87' lang='lat' dir='ltr'><strong>illius</strong></span> <span class='ocrx_word' id='word_1_211' title='bbox 1297 915 1433 945; x_wconf 87' lang='lat' dir='ltr'><strong>sacriﬁcii,</strong></span> <span class='ocrx_word' id='word_1_212' title='bbox 1450 915 1597 942; x_wconf 87' lang='lat' dir='ltr'><strong>secundum</strong></span> <span class='ocrx_word' id='word_1_213' title='bbox 1617 922 1659 946; x_wconf 90' lang='lat' dir='ltr'><strong>ea,</strong></span> <span class='ocrx_word' id='word_1_214' title='bbox 1683 922 1743 950; x_wconf 74' lang='lat' dir='ltr'><strong>qua:</strong></span> <span class='ocrx_word' id='word_1_215' title='bbox 1757 917 1794 944; x_wconf 87' lang='lat' dir='ltr'><strong>ab</strong></span> 
     </span>
    </p>
   </div>
   <div class='ocr_carea' id='block_1_26' title="bbox 185 961 1797 999">
    <p class='ocr_par' dir='ltr' id='par_1_26' title="bbox 185 961 1797 999">
     <span class='ocr_line' id='line_1_26' title="bbox 185 961 1797 999; baseline -0.001 -8"><span class='ocrx_word' id='word_1_216' title='bbox 185 965 246 999; x_wconf 88' lang='lat' dir='ltr'><strong>ipso</strong></span> <span class='ocrx_word' id='word_1_217' title='bbox 266 964 365 991; x_wconf 86' lang='lat' dir='ltr'><strong>tradita</strong></span> <span class='ocrx_word' id='word_1_218' title='bbox 394 966 468 995; x_wconf 86' lang='lat' dir='ltr'><strong>sunt,</strong></span> <span class='ocrx_word' id='word_1_219' title='bbox 494 963 620 998; x_wconf 82' lang='lat' dir='ltr'><strong>mysteria</strong></span> <span class='ocrx_word' id='word_1_220' title='bbox 646 963 824 994; x_wconf 84' lang='lat' dir='ltr'><strong>celebrantes,</strong></span> <span class='ocrx_word' id='word_1_221' title='bbox 840 965 867 989; x_wconf 89' lang='lat' dir='ltr'><strong>et</strong></span> <span class='ocrx_word' id='word_1_222' title='bbox 886 962 987 997; x_wconf 78' lang='lat' dir='ltr'><strong>gratias</strong></span> <span class='ocrx_word' id='word_1_223' title='bbox 1006 961 1061 989; x_wconf 88' lang='lat' dir='ltr'><strong>Deo</strong></span> <span class='ocrx_word' id='word_1_224' title='bbox 1092 970 1142 997; x_wconf 85' lang='lat' dir='ltr'><strong>pro</strong></span> <span class='ocrx_word' id='word_1_225' title='bbox 1167 963 1255 990; x_wconf 85' lang='lat' dir='ltr'><strong>salute</strong></span> <span class='ocrx_word' id='word_1_226' title='bbox 1277 967 1369 989; x_wconf 88' lang='lat' dir='ltr'><strong>nostra</strong></span> <span class='ocrx_word' id='word_1_227' title='bbox 1384 966 1505 997; x_wconf 77' lang='lat' dir='ltr'><strong>agentes,</strong></span> <span class='ocrx_word' id='word_1_228' title='bbox 1539 961 1734 996; x_wconf 75' lang='lat' dir='ltr'><strong>religiososque</strong></span> <span class='ocrx_word' id='word_1_229' title='bbox 1746 963 1797 998; x_wconf 86' lang='lat' dir='ltr'><strong>hy-</strong></span> 
     </span>
    </p>
   </div>
   <div class='ocr_carea' id='block_1_27' title="bbox 186 1008 1797 1044">
    <p class='ocr_par' dir='ltr' id='par_1_27' title="bbox 186 1008 1797 1044">
     <span class='ocr_line' id='line_1_27' title="bbox 186 1008 1797 1044; baseline 0 -8"><span class='ocrx_word' id='word_1_230' title='bbox 186 1017 265 1036; x_wconf 88' lang='lat' dir='ltr'><strong>mnos</strong></span> <span class='ocrx_word' id='word_1_231' title='bbox 287 1013 315 1037; x_wconf 89' lang='lat' dir='ltr'><strong>et</strong></span> <span class='ocrx_word' id='word_1_232' title='bbox 344 1010 481 1037; x_wconf 86' lang='lat' dir='ltr'><strong>orationes</strong></span> <span class='ocrx_word' id='word_1_233' title='bbox 503 1013 612 1037; x_wconf 77' lang='lat' dir='ltr'><strong>sanctas</strong></span> <span class='ocrx_word' id='word_1_234' title='bbox 631 1009 669 1036; x_wconf 93' lang='lat' dir='ltr'><strong>illi</strong></span> <span class='ocrx_word' id='word_1_235' title='bbox 695 1008 838 1036; x_wconf 83' lang='lat' dir='ltr'><strong>oﬁerentcs</strong></span> <span class='ocrx_word' id='word_1_236' title='bbox 862 1018 868 1035; x_wconf 91' lang='lat'>:</span> <span class='ocrx_word' id='word_1_237' title='bbox 898 1009 964 1036; x_wconf 88' lang='lat' dir='ltr'><strong>alias</strong></span> <span class='ocrx_word' id='word_1_238' title='bbox 984 1010 1110 1044; x_wconf 89' lang='lat' dir='ltr'><strong>nosipsos</strong></span> <span class='ocrx_word' id='word_1_239' title='bbox 1138 1014 1210 1037; x_wconf 89' lang='lat' dir='ltr'><strong>totos</strong></span> <span class='ocrx_word' id='word_1_240' title='bbox 1245 1009 1270 1036; x_wconf 90' lang='lat' dir='ltr'><strong>ei</strong></span> <span class='ocrx_word' id='word_1_241' title='bbox 1292 1013 1492 1041; x_wconf 88' lang='lat' dir='ltr'><strong>consecrantes,</strong></span> <span class='ocrx_word' id='word_1_242' title='bbox 1526 1009 1638 1044; x_wconf 87' lang='lat' dir='ltr'><strong>ejusque</strong></span> <span class='ocrx_word' id='word_1_243' title='bbox 1665 1009 1797 1044; x_wconf 84' lang='lat' dir='ltr'><strong>pontiﬁci,</strong></span> 
     </span>
    </p>
   </div>
   <div class='ocr_carea' id='block_1_28' title="bbox 184 1055 1795 1094">
    <p class='ocr_par' dir='ltr' id='par_1_28' title="bbox 184 1055 1795 1094">
     <span class='ocr_line' id='line_1_28' title="bbox 184 1055 1795 1094; baseline 0.001 -11"><span class='ocrx_word' id='word_1_244' title='bbox 184 1057 236 1094; x_wconf 85' lang='lat' dir='ltr'><strong>ipsi</strong></span> <span class='ocrx_word' id='word_1_245' title='bbox 264 1057 357 1092; x_wconf 86' lang='lat' dir='ltr'><strong>utique</strong></span> <span class='ocrx_word' id='word_1_246' title='bbox 381 1058 472 1090; x_wconf 74' lang='lat' dir='ltr'><strong>verbo,</strong></span> <span class='ocrx_word' id='word_1_247' title='bbox 500 1065 625 1093; x_wconf 88' lang='lat' dir='ltr'><strong>corpore,</strong></span> <span class='ocrx_word' id='word_1_248' title='bbox 656 1057 799 1091; x_wconf 84' lang='lat' dir='ltr'><strong>animoque</strong></span> <span class='ocrx_word' id='word_1_249' title='bbox 826 1055 957 1084; x_wconf 87' lang='lat' dir='ltr'><strong>dicanles.</strong></span> <span class='ocrx_word' id='word_1_250' title='bbox 977 1056 1094 1084; x_wconf 89' lang='lat' dir='ltr'><strong>Proinde</strong></span> <span class='ocrx_word' id='word_1_251' title='bbox 1129 1057 1163 1083; x_wconf 87' lang='lat' dir='ltr'><strong>ab</strong></span> <span class='ocrx_word' id='word_1_252' title='bbox 1197 1057 1270 1084; x_wconf 92' lang='lat' dir='ltr'><strong>omni</strong></span> <span class='ocrx_word' id='word_1_253' title='bbox 1285 1057 1463 1083; x_wconf 72' lang='lat' dir='ltr'><strong>obscoenitate</strong></span> <span class='ocrx_word' id='word_1_254' title='bbox 1481 1063 1580 1090; x_wconf 87' lang='lat' dir='ltr'><strong>corpus</strong></span> <span class='ocrx_word' id='word_1_255' title='bbox 1601 1056 1732 1083; x_wconf 85' lang='lat' dir='ltr'><strong>intactum</strong></span> <span class='ocrx_word' id='word_1_256' title='bbox 1752 1061 1795 1084; x_wconf 84' lang='lat' dir='ltr'><strong>at-</strong></span> 
     </span>
    </p>
   </div>
   <div class='ocr_carea' id='block_1_29' title="bbox 183 1103 1797 1140">
    <p class='ocr_par' dir='ltr' id='par_1_29' title="bbox 183 1103 1797 1140">
     <span class='ocr_line' id='line_1_29' title="bbox 183 1103 1797 1140; baseline 0.001 -11"><span class='ocrx_word' id='word_1_257' title='bbox 183 1111 238 1138; x_wconf 80' lang='lat' dir='ltr'><strong>que</strong></span> <span class='ocrx_word' id='word_1_258' title='bbox 262 1103 466 1132; x_wconf 87' lang='lat' dir='ltr'><strong>immaculatum</strong></span> <span class='ocrx_word' id='word_1_259' title='bbox 491 1105 577 1132; x_wconf 84' lang='lat' dir='ltr'><strong>eidem</strong></span> <span class='ocrx_word' id='word_1_260' title='bbox 601 1112 762 1132; x_wconf 78' lang='lat' dir='ltr'><strong>conservare</strong></span> <span class='ocrx_word' id='word_1_261' title='bbox 785 1104 936 1135; x_wconf 82' lang='lat' dir='ltr'><strong>studemus,</strong></span> <span class='ocrx_word' id='word_1_262' title='bbox 957 1105 1084 1140; x_wconf 87' lang='lat' dir='ltr'><strong>omnique</strong></span> <span class='ocrx_word' id='word_1_263' title='bbox 1099 1105 1206 1138; x_wconf 83' lang='lat' dir='ltr'><strong>aﬁ&#39;ectu,</strong></span> <span class='ocrx_word' id='word_1_264' title='bbox 1233 1110 1312 1140; x_wconf 88' lang='lat' dir='ltr'><strong>atque</strong></span> <span class='ocrx_word' id='word_1_265' title='bbox 1343 1104 1417 1131; x_wconf 88' lang='lat' dir='ltr'><strong>omni</strong></span> <span class='ocrx_word' id='word_1_266' title='bbox 1450 1103 1579 1135; x_wconf 74' lang='lat' dir='ltr'><strong>fceditate,</strong></span> <span class='ocrx_word' id='word_1_267' title='bbox 1604 1112 1664 1138; x_wconf 71' lang='lat' dir='ltr'><strong>quae</strong></span> <span class='ocrx_word' id='word_1_268' title='bbox 1682 1111 1697 1130; x_wconf 91' lang='lat' dir='ltr'><strong>a</strong></span> <span class='ocrx_word' id='word_1_269' title='bbox 1719 1105 1797 1130; x_wconf 82' lang='lat' dir='ltr'><strong>mali—</strong></span> 
     </span>
    </p>
   </div>
   <div class='ocr_carea' id='block_1_30' title="bbox 183 1149 1794 1186">
    <p class='ocr_par' dir='ltr' id='par_1_30' title="bbox 183 1149 1794 1186">
     <span class='ocr_line' id='line_1_30' title="bbox 183 1149 1794 1186; baseline 0 -9"><span class='ocrx_word' id='word_1_270' title='bbox 183 1149 220 1177; x_wconf 81' lang='lat' dir='ltr'><strong>tia</strong></span> <span class='ocrx_word' id='word_1_271' title='bbox 235 1149 589 1185; x_wconf 76' lang='lat' dir='ltr'><strong>proﬁciscatur,purgatam</strong></span> <span class='ocrx_word' id='word_1_272' title='bbox 611 1155 726 1178; x_wconf 84' lang='lat' dir='ltr'><strong>mentem</strong></span> <span class='ocrx_word' id='word_1_273' title='bbox 751 1151 789 1177; x_wconf 94' lang='lat' dir='ltr'><strong>illi</strong></span> <span class='ocrx_word' id='word_1_274' title='bbox 810 1151 957 1183; x_wconf 85' lang='lat' dir='ltr'><strong>reddimus,</strong></span> <span class='ocrx_word' id='word_1_275' title='bbox 979 1151 1243 1186; x_wconf 76' lang='lat' dir='ltr'><strong>cogitationibusque</strong></span> <span class='ocrx_word' id='word_1_276' title='bbox 1268 1150 1391 1182; x_wconf 88' lang='lat' dir='ltr'><strong>sinceris,</strong></span> <span class='ocrx_word' id='word_1_277' title='bbox 1426 1154 1452 1177; x_wconf 88' lang='lat' dir='ltr'><strong>et</strong></span> <span class='ocrx_word' id='word_1_278' title='bbox 1486 1149 1627 1177; x_wconf 86' lang='lat' dir='ltr'><strong>aﬁ‘ectione</strong></span> <span class='ocrx_word' id='word_1_279' title='bbox 1647 1158 1700 1177; x_wconf 88' lang='lat' dir='ltr'><strong>non</strong></span> <span class='ocrx_word' id='word_1_280' title='bbox 1722 1150 1794 1183; x_wconf 79' lang='lat' dir='ltr'><strong>ﬁcta.</strong></span> 
     </span>
    </p>
   </div>
   <div class='ocr_carea' id='block_1_31' title="bbox 183 1197 1786 1235">
    <p class='ocr_par' dir='ltr' id='par_1_31' title="bbox 183 1197 1786 1235">
     <span class='ocr_line' id='line_1_31' title="bbox 183 1197 1786 1235; baseline 0.002 -12"><span class='ocrx_word' id='word_1_281' title='bbox 183 1197 360 1231; x_wconf 74' lang='lat' dir='ltr'><strong>veritatisque</strong></span> <span class='ocrx_word' id='word_1_282' title='bbox 381 1198 497 1225; x_wconf 85' lang='lat' dir='ltr'><strong>decretis</strong></span> <span class='ocrx_word' id='word_1_283' title='bbox 515 1199 589 1225; x_wconf 95' lang='lat' dir='ltr'><strong>illum</strong></span> <span class='ocrx_word' id='word_1_284' title='bbox 613 1199 737 1226; x_wconf 82' lang='lat' dir='ltr'><strong>colimus.</strong></span> <span class='ocrx_word' id='word_1_285' title='bbox 756 1197 838 1225; x_wconf 85' lang='lat' dir='ltr'><strong>Grata</strong></span> <span class='ocrx_word' id='word_1_286' title='bbox 853 1200 924 1226; x_wconf 89' lang='lat' dir='ltr'><strong>enim</strong></span> <span class='ocrx_word' id='word_1_287' title='bbox 947 1199 983 1226; x_wconf 91' lang='lat' dir='ltr'><strong>illi</strong></span> <span class='ocrx_word' id='word_1_288' title='bbox 1006 1200 1061 1226; x_wconf 67' lang='lat' dir='ltr'><strong>ha&#39;c</strong></span> <span class='ocrx_word' id='word_1_289' title='bbox 1079 1207 1139 1227; x_wconf 83' lang='lat' dir='ltr'><strong>esse</strong></span> <span class='ocrx_word' id='word_1_290' title='bbox 1158 1200 1243 1235; x_wconf 77' lang='lat' dir='ltr'><strong>magis</strong></span> <span class='ocrx_word' id='word_1_291' title='bbox 1277 1207 1358 1235; x_wconf 88' lang='lat' dir='ltr'><strong>quam</strong></span> <span class='ocrx_word' id='word_1_292' title='bbox 1381 1199 1530 1227; x_wconf 86' lang='lat' dir='ltr'><strong>hostiarum</strong></span> <span class='ocrx_word' id='word_1_293' title='bbox 1552 1206 1679 1235; x_wconf 75' lang='lat' dir='ltr'><strong>magnum</strong></span> <span class='ocrx_word' id='word_1_294' title='bbox 1702 1205 1786 1226; x_wconf 73' lang='lat' dir='ltr'><strong>nume</strong></span> 
     </span>
    </p>
   </div>
   <div class='ocr_carea' id='block_1_32' title="bbox 181 1245 1191 1281">
    <p class='ocr_par' dir='ltr' id='par_1_32' title="bbox 181 1245 1191 1281">
     <span class='ocr_line' id='line_1_32' title="bbox 181 1245 1191 1281; baseline 0.003 -9"><span class='ocrx_word' id='word_1_295' title='bbox 181 1251 253 1276; x_wconf 82' lang='lat' dir='ltr'><strong>rum,</strong></span> <span class='ocrx_word' id='word_1_296' title='bbox 264 1251 380 1279; x_wconf 86' lang='lat' dir='ltr'><strong>quarum</strong></span> <span class='ocrx_word' id='word_1_297' title='bbox 392 1246 522 1280; x_wconf 73' lang='lat' dir='ltr'><strong>sanguine</strong></span> <span class='ocrx_word' id='word_1_298' title='bbox 532 1251 558 1273; x_wconf 92' lang='lat' dir='ltr'><strong>et</strong></span> <span class='ocrx_word' id='word_1_299' title='bbox 571 1245 646 1273; x_wconf 82' lang='lat' dir='ltr'><strong>fumo</strong></span> <span class='ocrx_word' id='word_1_300' title='bbox 659 1250 686 1273; x_wconf 88' lang='lat' dir='ltr'><strong>et</strong></span> <span class='ocrx_word' id='word_1_301' title='bbox 701 1246 795 1274; x_wconf 83' lang='lat' dir='ltr'><strong>nidore</strong></span> <span class='ocrx_word' id='word_1_302' title='bbox 806 1254 958 1281; x_wconf 87' lang='lat' dir='ltr'><strong>operemur,</strong></span> <span class='ocrx_word' id='word_1_303' title='bbox 978 1247 1067 1274; x_wconf 86' lang='lat' dir='ltr'><strong>edocti</strong></span> <span class='ocrx_word' id='word_1_304' title='bbox 1087 1256 1191 1276; x_wconf 90' lang='lat' dir='ltr'><strong>sumus.</strong></span> 
     </span>
    </p>
   </div>
   <div class='ocr_carea' id='block_1_33' title="bbox 215 1320 749 1354">
    <p class='ocr_par' dir='ltr' id='par_1_33' title="bbox 215 1320 749 1354">
     <span class='ocr_line' id='line_1_33' title="bbox 215 1320 749 1354; baseline 0 -5"><span class='ocrx_word' id='word_1_305' title='bbox 215 1321 238 1338; x_wconf 82' lang='grc'><strong><em>⁸³</em></strong></span> <span class='ocrx_word' id='word_1_306' title='bbox 253 1320 372 1349; x_wconf 73' lang='lat' dir='ltr'><strong>Malach.</strong></span> <span class='ocrx_word' id='word_1_307' title='bbox 393 1329 414 1354; x_wconf 84' lang='grc' dir='ltr'><strong>ι,</strong></span> <span class='ocrx_word' id='word_1_308' title='bbox 431 1322 473 1350; x_wconf 80' lang='grc' dir='ltr'><strong>Η.</strong></span> <span class='ocrx_word' id='word_1_309' title='bbox 512 1321 534 1338; x_wconf 75' lang='grc'><strong>⁸⁸</strong></span> <span class='ocrx_word' id='word_1_310' title='bbox 551 1321 621 1349; x_wconf 87' lang='lat' dir='ltr'><strong>Psal.</strong></span> <span class='ocrx_word' id='word_1_311' title='bbox 636 1329 703 1353; x_wconf 71' lang='lat' dir='ltr'><strong>cu,</strong></span> <span class='ocrx_word' id='word_1_312' title='bbox 723 1321 749 1348; x_wconf 75' lang='grc'><strong>2.</strong></span> 
     </span>
    </p>
   </div>
   <div class='ocr_carea' id='block_1_34' title="bbox 717 1499 1258 1585">
    <p class='ocr_par' dir='ltr' id='par_1_34' title="bbox 717 1499 1258 1585">
     <span class='ocr_line' id='line_1_34' title="bbox 717 1499 1258 1585; baseline 0.004 -2"><span class='ocrx_word' id='word_1_313' title='bbox 717 1499 1258 1585; x_wconf 85' lang='grc' dir='ltr'><strong>ΕΥΣΕΒΙΟΥ</strong></span> 
     </span>
    </p>
   </div>
   <div class='ocr_carea' id='block_1_35' title="bbox 763 1637 1216 1680">
    <p class='ocr_par' dir='ltr' id='par_1_35' title="bbox 763 1637 1216 1680">
     <span class='ocr_line' id='line_1_35' title="bbox 763 1637 1216 1680; baseline 0.002 -1"><span class='ocrx_word' id='word_1_314' title='bbox 763 1637 876 1680; x_wconf 89' lang='grc' dir='ltr'><strong>ΤΟΥ</strong></span> <span class='ocrx_word' id='word_1_315' title='bbox 917 1637 1216 1680; x_wconf 85' lang='grc' dir='ltr'><strong>ΠΑΜΦΙΛΟΥ</strong></span> 
     </span>
    </p>
   </div>
   <div class='ocr_carea' id='block_1_36' title="bbox 405 1731 1575 1805">
    <p class='ocr_par' dir='ltr' id='par_1_36' title="bbox 405 1731 1575 1805">
     <span class='ocr_line' id='line_1_36' title="bbox 405 1731 1575 1805; baseline 0 -5"><span class='ocrx_word' id='word_1_316' title='bbox 405 1733 992 1805; x_wconf 82' lang='grc' dir='ltr'><strong>ΕΥΑΓΓΕΛΙΚΗΣ</strong></span> <span class='ocrx_word' id='word_1_317' title='bbox 1032 1731 1575 1800; x_wconf 82' lang='grc' dir='ltr'><strong>ΑΠΟΔΕΙΞΕΩΣ</strong></span> 
     </span>
    </p>
   </div>
   <div class='ocr_carea' id='block_1_37' title="bbox 722 1852 1256 1896">
    <p class='ocr_par' dir='ltr' id='par_1_37' title="bbox 722 1852 1256 1896">
     <span class='ocr_line' id='line_1_37' title="bbox 722 1852 1256 1896; baseline 0.002 -1"><span class='ocrx_word' id='word_1_318' title='bbox 722 1852 940 1896; x_wconf 88' lang='grc' dir='ltr'><strong>ΒΙΒΛΙΟΝ</strong></span> <span class='ocrx_word' id='word_1_319' title='bbox 972 1852 1256 1896; x_wconf 88' lang='grc' dir='ltr'><strong>ΔΕΥΤΕΡΟΝ</strong></span> 
     </span>
    </p>
   </div>
   <div class='ocr_carea' id='block_1_38' title="bbox 545 2031 1429 2112">
    <p class='ocr_par' dir='ltr' id='par_1_38' title="bbox 545 2031 1429 2112">
     <span class='ocr_line' id='line_1_38' title="bbox 545 2031 1429 2112; baseline -0.003 -2"><span class='ocrx_word' id='word_1_320' title='bbox 545 2034 920 2112; x_wconf 88' lang='lat' dir='ltr'><strong>EUSEBII</strong></span> <span class='ocrx_word' id='word_1_321' title='bbox 973 2031 1429 2110; x_wconf 88' lang='lat' dir='ltr'><strong>PAMPHILI</strong></span> 
     </span>
    </p>
   </div>
   <div class='ocr_carea' id='block_1_39' title="bbox 328 2177 1645 2244">
    <p class='ocr_par' dir='ltr' id='par_1_39' title="bbox 328 2177 1645 2244">
     <span class='ocr_line' id='line_1_39' title="bbox 328 2177 1645 2244; baseline 0.001 -1"><span class='ocrx_word' id='word_1_322' title='bbox 328 2178 1073 2244; x_wconf 81' lang='lat' dir='ltr'><strong>DEMONSTRATIONIS</strong></span> <span class='ocrx_word' id='word_1_323' title='bbox 1121 2177 1645 2244; x_wconf 65' lang='lat' dir='ltr'><strong>EVANGELICz‘E</strong></span> 
     </span>
    </p>
   </div>
   <div class='ocr_carea' id='block_1_40' title="bbox 715 2305 1255 2350">
    <p class='ocr_par' dir='ltr' id='par_1_40' title="bbox 715 2305 1255 2350">
     <span class='ocr_line' id='line_1_40' title="bbox 715 2305 1255 2350; baseline -0.004 0"><span class='ocrx_word' id='word_1_324' title='bbox 715 2307 893 2350; x_wconf 76' lang='lat' dir='ltr'><strong>LIBER</strong></span> <span class='ocrx_word' id='word_1_325' title='bbox 929 2305 1255 2350; x_wconf 85' lang='lat' dir='ltr'><strong>SECUNDUS.</strong></span> 
     </span>
    </p>
   </div>
   <div class='ocr_carea' id='block_1_41' title="bbox 866 2415 1788 2472">
    <p class='ocr_par' dir='ltr' id='par_1_41' title="bbox 866 2415 1788 2472">
     <span class='ocr_line' id='line_1_41' title="bbox 866 2415 1788 2472; baseline 0.002 -8"><span class='ocrx_word' id='word_1_326' title='bbox 866 2439 959 2464; x_wconf 67' lang='lat' dir='ltr'><strong>zrr-</strong></span> <span class='ocrx_word' id='word_1_327' title='bbox 975 2435 997 2463; x_wconf 78' lang='grc' dir='ltr'><strong>Β</strong></span> <span class='ocrx_word' id='word_1_328' title='bbox 1020 2415 1440 2472; x_wconf 27' lang='grc' dir='ltr'><strong>ἀι-μιίκῇςλῃςδρλνῑγω</strong></span> <span class='ocrx_word' id='word_1_329' title='bbox 1470 2435 1642 2472; x_wconf 84' lang='lat' dir='ltr'><strong>SECUNDO</strong></span> <span class='ocrx_word' id='word_1_330' title='bbox 1665 2436 1788 2472; x_wconf 74' lang='lat' dir='ltr'><strong>Lmae</strong></span> 
     </span>
    </p>
   </div>
   <div class='ocr_carea' id='block_1_42' title="bbox 1063 2469 1788 2502">
    <p class='ocr_par' dir='ltr' id='par_1_42' title="bbox 1063 2469 1788 2502">
     <span class='ocr_line' id='line_1_42' title="bbox 1063 2469 1788 2502; baseline 0.006 -5"><span class='ocrx_word' id='word_1_331' title='bbox 1063 2469 1315 2497; x_wconf 66' lang='lat' dir='ltr'><strong>EVANGELIC/E</strong></span> <span class='ocrx_word' id='word_1_332' title='bbox 1339 2471 1388 2497; x_wconf 87' lang='lat' dir='ltr'><strong>DE</strong></span> <span class='ocrx_word' id='word_1_333' title='bbox 1410 2471 1624 2500; x_wconf 77' lang='lat' dir='ltr'><strong>SALVATORE</strong></span> <span class='ocrx_word' id='word_1_334' title='bbox 1645 2471 1788 2502; x_wconf 84' lang='lat' dir='ltr'><strong><em>NOSTRO</em></strong></span> 
     </span>
    </p>
   </div>
   <div class='ocr_carea' id='block_1_43' title="bbox 1063 2503 1437 2534">
    <p class='ocr_par' dir='ltr' id='par_1_43' title="bbox 1063 2503 1437 2534">
     <span class='ocr_line' id='line_1_43' title="bbox 1063 2503 1437 2534; baseline 0.003 -2"><span class='ocrx_word' id='word_1_335' title='bbox 1063 2503 1290 2532; x_wconf 71' lang='lat' dir='ltr'><strong>DEMONSTIM</strong></span> <span class='ocrx_word' id='word_1_336' title='bbox 1297 2505 1437 2534; x_wconf 82' lang='lat' dir='ltr'><strong>TIONIS.</strong></span> 
     </span>
    </p>
   </div>
   <div class='ocr_carea' id='block_1_44' title="bbox 1009 2563 1786 2602">
    <p class='ocr_par' dir='ltr' id='par_1_44' title="bbox 1009 2563 1786 2602">
     <span class='ocr_line' id='line_1_44' title="bbox 1009 2563 1786 2602; baseline 0.003 -10"><span class='ocrx_word' id='word_1_337' title='bbox 1009 2563 1153 2602; x_wconf 57' lang='grc' dir='ltr'><strong>ΡΒΟΟΕΒῙ.</strong></span> <span class='ocrx_word' id='word_1_338' title='bbox 1167 2579 1201 2602; x_wconf 91' lang='lat'><strong>_—</strong></span> <span class='ocrx_word' id='word_1_339' title='bbox 1213 2564 1290 2597; x_wconf 80' lang='lat' dir='ltr'><strong>Quod</strong></span> <span class='ocrx_word' id='word_1_340' title='bbox 1308 2573 1359 2602; x_wconf 65' lang='lat' dir='ltr'><strong>rion</strong></span> <span class='ocrx_word' id='word_1_341' title='bbox 1376 2573 1449 2596; x_wconf 80' lang='lat' dir='ltr'><strong>casu,</strong></span> <span class='ocrx_word' id='word_1_342' title='bbox 1471 2574 1550 2601; x_wconf 84' lang='lat' dir='ltr'><strong>neque</strong></span> <span class='ocrx_word' id='word_1_343' title='bbox 1565 2571 1659 2593; x_wconf 84' lang='lat' dir='ltr'><strong>temere</strong></span> <span class='ocrx_word' id='word_1_344' title='bbox 1682 2568 1786 2602; x_wconf 80' lang='lat' dir='ltr'><strong>prop/te-</strong></span> 
     </span>
    </p>
   </div>
   <div class='ocr_carea' id='block_1_45' title="bbox 215 2597 968 2636">
    <p class='ocr_par' dir='ltr' id='par_1_45' title="bbox 215 2597 958 2636">
     <span class='ocr_line' id='line_1_45' title="bbox 215 2597 958 2636; baseline 0.001 -12"><span class='ocrx_word' id='word_1_345' title='bbox 215 2599 361 2636; x_wconf 57' lang='grc' dir='ltr'><strong>Ἑϐραίοις</strong></span> <span class='ocrx_word' id='word_1_346' title='bbox 370 2599 551 2632; x_wconf 65' lang='grc' dir='ltr'><strong>προφητικὰς</strong></span> <span class='ocrx_word' id='word_1_347' title='bbox 560 2598 686 2631; x_wconf 74' lang='grc' dir='ltr'><strong>βίϐλους</strong></span> <span class='ocrx_word' id='word_1_348' title='bbox 699 2598 746 2625; x_wconf 74' lang='grc' dir='ltr'><strong>διὰ</strong></span> <span class='ocrx_word' id='word_1_349' title='bbox 754 2597 853 2632; x_wconf 81' lang='grc' dir='ltr'><strong>πάσης</strong></span> <span class='ocrx_word' id='word_1_350' title='bbox 863 2605 958 2625; x_wconf 73' lang='grc' dir='ltr'><em>σπου-</em></span> 
     </span>
    </p>
   </div>
   <div class='ocr_carea' id='block_1_46' title="bbox 1020 2597 1793 2636">
    <p class='ocr_par' dir='ltr' id='par_1_46' title="bbox 1045 2597 1793 2636">
     <span class='ocr_line' id='line_1_46' title="bbox 1045 2597 1793 2636; baseline 0.004 -9"><span class='ocrx_word' id='word_1_351' title='bbox 1045 2601 1108 2627; x_wconf 75' lang='lat' dir='ltr'><strong>lices</strong></span> <span class='ocrx_word' id='word_1_352' title='bbox 1123 2599 1294 2626; x_wconf 80' lang='lat' dir='ltr'><strong>Hebrworum</strong></span> <span class='ocrx_word' id='word_1_353' title='bbox 1309 2600 1401 2632; x_wconf 76' lang='lat' dir='ltr'><strong>libros,</strong></span> <span class='ocrx_word' id='word_1_354' title='bbox 1414 2602 1483 2628; x_wconf 74' lang='lat' dir='ltr'><strong>omni</strong></span> <span class='ocrx_word' id='word_1_355' title='bbox 1497 2597 1584 2628; x_wconf 61' lang='lat' dir='ltr'><strong>studio</strong></span> <span class='ocrx_word' id='word_1_356' title='bbox 1598 2597 1735 2636; x_wconf 43' lang='lat' dir='ltr'><strong>complexi</strong></span> <span class='ocrx_word' id='word_1_357' title='bbox 1747 2612 1793 2630; x_wconf 81' lang='lat' dir='ltr'><strong>su-</strong></span> 
     </span>
    </p>
   </div>
   <div class='ocr_carea' id='block_1_47' title="bbox 208 2633 968 2668">
    <p class='ocr_par' dir='ltr' id='par_1_47' title="bbox 208 2633 466 2668">
     <span class='ocr_line' id='line_1_47' title="bbox 208 2633 466 2668; baseline -0.004 -8"><span class='ocrx_word' id='word_1_358' title='bbox 208 2633 265 2667; x_wconf 83' lang='grc' dir='ltr'><strong>δῆς</strong></span> <span class='ocrx_word' id='word_1_359' title='bbox 279 2633 466 2668; x_wconf 82' lang='grc' dir='ltr'><strong>περιέπομεν.</strong></span> 
     </span>
    </p>
   </div>
   <div class='ocr_carea' id='block_1_48' title="bbox 1020 2633 1722 2668">
    <p class='ocr_par' dir='ltr' id='par_1_48' title="bbox 1046 2633 1722 2664">
     <span class='ocr_line' id='line_1_48' title="bbox 1046 2633 1722 2664; baseline 0.003 -2"><span class='ocrx_word' id='word_1_360' title='bbox 1046 2644 1114 2662; x_wconf 81' lang='lat' dir='ltr'><strong>mus.</strong></span> <span class='ocrx_word' id='word_1_361' title='bbox 1655 2633 1660 2636; x_wconf 74' lang='grc'><em>’</em></span> <span class='ocrx_word' id='word_1_362' title='bbox 1719 2661 1722 2664; x_wconf 14' lang='grc' dir='ltr'><strong>ο</strong></span> 
     </span>
    </p>
   </div>
   <div class='ocr_carea' id='block_1_49' title="bbox 173 2679 968 2715">
    <p class='ocr_par' dir='ltr' id='par_1_49' title="bbox 173 2679 957 2714">
     <span class='ocr_line' id='line_1_49' title="bbox 173 2679 957 2714; baseline 0 -8"><span class='ocrx_word' id='word_1_363' title='bbox 173 2679 251 2709; x_wconf 79' lang='grc' dir='ltr'><strong>ΚΕΦ.</strong></span> <span class='ocrx_word' id='word_1_364' title='bbox 276 2680 314 2706; x_wconf 82' lang='lat' dir='ltr'><strong>A&#39;.</strong></span> <span class='ocrx_word' id='word_1_365' title='bbox 341 2680 439 2712; x_wconf 77' lang='grc' dir='ltr'><em>Ὅπως</em></span> <span class='ocrx_word' id='word_1_366' title='bbox 448 2679 484 2706; x_wconf 81' lang='grc' dir='ltr'><em>τὰ</em></span> <span class='ocrx_word' id='word_1_367' title='bbox 502 2680 685 2714; x_wconf 73' lang='grc' dir='ltr'><strong>χρηστότερα</strong></span> <span class='ocrx_word' id='word_1_368' title='bbox 707 2679 772 2713; x_wconf 73' lang='grc' dir='ltr'><strong>περὶ</strong></span> <span class='ocrx_word' id='word_1_369' title='bbox 793 2679 876 2714; x_wconf 74' lang='grc' dir='ltr'><strong>ἡμῶν</strong></span> <span class='ocrx_word' id='word_1_370' title='bbox 898 2680 957 2707; x_wconf 76' lang='grc' dir='ltr'><strong>τῶν</strong></span> 
     </span>
    </p>
   </div>
   <div class='ocr_carea' id='block_1_50' title="bbox 1020 2679 1790 2715">
    <p class='ocr_par' dir='ltr' id='par_1_50' title="bbox 1020 2681 1790 2715">
     <span class='ocr_line' id='line_1_50' title="bbox 1020 2681 1790 2715; baseline 0.004 -7"><span class='ocrx_word' id='word_1_371' title='bbox 1020 2681 1085 2709; x_wconf 72' lang='lat' dir='ltr'><strong>IAP.</strong></span> <span class='ocrx_word' id='word_1_372' title='bbox 1107 2681 1127 2709; x_wconf 88' lang='lat'><strong>1.</strong></span> <span class='ocrx_word' id='word_1_373' title='bbox 1150 2681 1376 2715; x_wconf 81' lang='lat' dir='ltr'><strong>Quemadmodum</strong></span> <span class='ocrx_word' id='word_1_374' title='bbox 1398 2683 1508 2710; x_wconf 82' lang='lat' dir='ltr'><strong>meliora</strong></span> <span class='ocrx_word' id='word_1_375' title='bbox 1527 2682 1558 2710; x_wconf 85' lang='lat' dir='ltr'><strong>de</strong></span> <span class='ocrx_word' id='word_1_376' title='bbox 1579 2683 1652 2711; x_wconf 71' lang='lat' dir='ltr'><strong>nobis</strong></span> <span class='ocrx_word' id='word_1_377' title='bbox 1676 2687 1790 2712; x_wconf 68' lang='lat' dir='ltr'><strong>externis</strong></span> 
     </span>
    </p>
   </div>
   <div class='ocr_carea' id='block_1_51' title="bbox 208 2714 968 2756">
    <p class='ocr_par' dir='ltr' id='par_1_51' title="bbox 208 2714 956 2756">
     <span class='ocr_line' id='line_1_51' title="bbox 208 2714 956 2756; baseline 0.001 -15"><span class='ocrx_word' id='word_1_378' title='bbox 208 2715 390 2756; x_wconf 57' lang='grc' dir='ltr'><strong>ωοςςύλωγ</strong></span> <span class='ocrx_word' id='word_1_379' title='bbox 406 2714 501 2756; x_wconf 49' lang='grc' dir='ltr'><strong>ἐθνῶν</strong></span> <span class='ocrx_word' id='word_1_380' title='bbox 515 2715 712 2748; x_wconf 63' lang='grc' dir='ltr'><strong>προλαϐόντες</strong></span> <span class='ocrx_word' id='word_1_381' title='bbox 729 2716 756 2742; x_wconf 84' lang='lat' dir='ltr'><strong>ol</strong></span> <span class='ocrx_word' id='word_1_382' title='bbox 770 2716 837 2749; x_wconf 79' lang='grc' dir='ltr'><strong>παρ’</strong></span> <span class='ocrx_word' id='word_1_383' title='bbox 854 2715 956 2749; x_wconf 82' lang='grc' dir='ltr'><em>αὐτοῖς</em></span> 
     </span>
    </p>
   </div>
   <div class='ocr_carea' id='block_1_52' title="bbox 1020 2714 1791 2756">
    <p class='ocr_par' dir='ltr' id='par_1_52' title="bbox 1045 2714 1791 2752">
     <span class='ocr_line' id='line_1_52' title="bbox 1045 2714 1791 2752; baseline 0.004 -8"><span class='ocrx_word' id='word_1_384' title='bbox 1045 2714 1166 2751; x_wconf 65' lang='lat' dir='ltr'><strong>gentibus</strong></span> <span class='ocrx_word' id='word_1_385' title='bbox 1179 2716 1314 2752; x_wconf 72' lang='lat' dir='ltr'><strong>Prop/reue</strong></span> <span class='ocrx_word' id='word_1_386' title='bbox 1328 2718 1435 2746; x_wconf 77' lang='lat' dir='ltr'><strong>illorum</strong></span> <span class='ocrx_word' id='word_1_387' title='bbox 1460 2723 1519 2745; x_wconf 81' lang='lat' dir='ltr'><strong>ante</strong></span> <span class='ocrx_word' id='word_1_388' title='bbox 1535 2719 1662 2747; x_wconf 76' lang='lat' dir='ltr'><strong>venientes</strong></span> <span class='ocrx_word' id='word_1_389' title='bbox 1684 2720 1791 2747; x_wconf 79' lang='lat' dir='ltr'><strong>nuntia-</strong></span> 
     </span>
    </p>
   </div>
   <div class='ocr_carea' id='block_1_53' title="bbox 209 2749 968 2784">
    <p class='ocr_par' dir='ltr' id='par_1_53' title="bbox 209 2749 543 2784">
     <span class='ocr_line' id='line_1_53' title="bbox 209 2749 543 2784; baseline 0 -8"><span class='ocrx_word' id='word_1_390' title='bbox 209 2749 357 2784; x_wconf 57' lang='grc' dir='ltr'><strong>προφῆται</strong></span> <span class='ocrx_word' id='word_1_391' title='bbox 368 2749 543 2783; x_wconf 80' lang='grc' dir='ltr'><strong>ἐκήρυττον.</strong></span> 
     </span>
    </p>
   </div>
   <div class='ocr_carea' id='block_1_54' title="bbox 1020 2749 1148 2784">
    <p class='ocr_par' dir='ltr' id='par_1_54' title="bbox 1044 2749 1148 2780">
     <span class='ocr_line' id='line_1_54' title="bbox 1044 2749 1148 2780; baseline 0.019 -2"><span class='ocrx_word' id='word_1_392' title='bbox 1044 2749 1148 2780; x_wconf 64' lang='lat' dir='ltr'><strong>eerunt.</strong></span> 
     </span>
    </p>
   </div>
   <div class='ocr_carea' id='block_1_55' title="bbox 173 2795 968 2830">
    <p class='ocr_par' dir='ltr' id='par_1_55' title="bbox 173 2795 544 2830">
     <span class='ocr_line' id='line_1_55' title="bbox 173 2795 544 2830; baseline 0 -8"><span class='ocrx_word' id='word_1_393' title='bbox 173 2798 208 2822; x_wconf 85' lang='lat' dir='ltr'><strong>a&#39;.</strong></span> <span class='ocrx_word' id='word_1_394' title='bbox 232 2795 298 2822; x_wconf 77' lang='grc' dir='ltr'><strong>Ἀπὸ</strong></span> <span class='ocrx_word' id='word_1_395' title='bbox 312 2795 366 2830; x_wconf 82' lang='grc' dir='ltr'><strong>τῆς</strong></span> <span class='ocrx_word' id='word_1_396' title='bbox 382 2795 544 2828; x_wconf 80' lang='grc' dir='ltr'><strong>Γενέσεως.</strong></span> 
     </span>
    </p>
   </div>
   <div class='ocr_carea' id='block_1_56' title="bbox 1020 2795 1192 2830">
    <p class='ocr_par' dir='ltr' id='par_1_56' title="bbox 1029 2796 1192 2824">
     <span class='ocr_line' id='line_1_56' title="bbox 1029 2796 1192 2824; baseline 0 0"><span class='ocrx_word' id='word_1_397' title='bbox 1029 2818 1036 2824; x_wconf 94' lang='grc'><em>.</em></span> <span class='ocrx_word' id='word_1_398' title='bbox 1053 2796 1074 2823; x_wconf 86' lang='grc' dir='ltr'><em>Α</em></span> <span class='ocrx_word' id='word_1_399' title='bbox 1091 2796 1192 2824; x_wconf 80' lang='lat' dir='ltr'><strong>Genesi.</strong></span> 
     </span>
    </p>
   </div>
   <div class='ocr_carea' id='block_1_57' title="bbox 171 2830 968 2865">
    <p class='ocr_par' dir='ltr' id='par_1_57' title="bbox 171 2830 488 2865">
     <span class='ocr_line' id='line_1_57' title="bbox 171 2830 488 2865; baseline 0 -8"><span class='ocrx_word' id='word_1_400' title='bbox 171 2830 211 2861; x_wconf 63' lang='lat' dir='ltr'><strong>ﬁ”.</strong></span> <span class='ocrx_word' id='word_1_401' title='bbox 235 2830 301 2857; x_wconf 74' lang='grc' dir='ltr'><strong>Ἀπὸ</strong></span> <span class='ocrx_word' id='word_1_402' title='bbox 316 2831 371 2865; x_wconf 80' lang='grc' dir='ltr'><strong>τῆς</strong></span> <span class='ocrx_word' id='word_1_403' title='bbox 384 2831 488 2864; x_wconf 81' lang='grc' dir='ltr'><strong>αὐτῆς.</strong></span> 
     </span>
    </p>
   </div>
   <div class='ocr_carea' id='block_1_58' title="bbox 1020 2830 1211 2865">
    <p class='ocr_par' dir='ltr' id='par_1_58' title="bbox 1020 2832 1211 2860">
     <span class='ocr_line' id='line_1_58' title="bbox 1020 2832 1211 2860; baseline 0.016 -3"><span class='ocrx_word' id='word_1_404' title='bbox 1020 2833 1034 2857; x_wconf 67' lang='lat'><strong>2.</strong></span> <span class='ocrx_word' id='word_1_405' title='bbox 1056 2832 1094 2857; x_wconf 72' lang='lat' dir='ltr'><strong>At)</strong></span> <span class='ocrx_word' id='word_1_406' title='bbox 1110 2833 1211 2860; x_wconf 85' lang='lat' dir='ltr'><strong>eadem.</strong></span> 
     </span>
    </p>
   </div>
   <div class='ocr_carea' id='block_1_59' title="bbox 175 2865 968 2900">
    <p class='ocr_par' dir='ltr' id='par_1_59' title="bbox 175 2865 493 2900">
     <span class='ocr_line' id='line_1_59' title="bbox 175 2865 493 2900; baseline 0 -8"><span class='ocrx_word' id='word_1_407' title='bbox 175 2868 208 2900; x_wconf 72' lang='grc' dir='ltr'><strong>τ’.</strong></span> <span class='ocrx_word' id='word_1_408' title='bbox 231 2865 297 2893; x_wconf 77' lang='grc' dir='ltr'><strong>Ἀπὸ</strong></span> <span class='ocrx_word' id='word_1_409' title='bbox 316 2866 371 2900; x_wconf 81' lang='grc' dir='ltr'><strong>τῆς</strong></span> <span class='ocrx_word' id='word_1_410' title='bbox 389 2865 493 2900; x_wconf 81' lang='grc' dir='ltr'><strong>αὐτῆς.</strong></span> 
     </span>
    </p>
   </div>
   <div class='ocr_carea' id='block_1_60' title="bbox 1020 2865 1210 2900">
    <p class='ocr_par' dir='ltr' id='par_1_60' title="bbox 1020 2866 1210 2894">
     <span class='ocr_line' id='line_1_60' title="bbox 1020 2866 1210 2894; baseline 0 -1"><span class='ocrx_word' id='word_1_411' title='bbox 1020 2868 1033 2893; x_wconf 68' lang='grc' dir='ltr'><strong>ἱ.</strong></span> <span class='ocrx_word' id='word_1_412' title='bbox 1058 2866 1094 2893; x_wconf 82' lang='lat' dir='ltr'><strong>Ab</strong></span> <span class='ocrx_word' id='word_1_413' title='bbox 1109 2867 1210 2894; x_wconf 78' lang='lat' dir='ltr'><strong>eadem.</strong></span> 
     </span>
    </p>
   </div>
   <div class='ocr_carea' id='block_1_61' title="bbox 173 2899 968 2935">
    <p class='ocr_par' dir='ltr' id='par_1_61' title="bbox 173 2899 613 2935">
     <span class='ocr_line' id='line_1_61' title="bbox 173 2899 613 2935; baseline 0.007 -10"><span class='ocrx_word' id='word_1_414' title='bbox 173 2899 206 2926; x_wconf 77' lang='grc' dir='ltr'><strong>δ’.</strong></span> <span class='ocrx_word' id='word_1_415' title='bbox 231 2901 297 2928; x_wconf 67' lang='grc' dir='ltr'><strong>Ἀπὸ</strong></span> <span class='ocrx_word' id='word_1_416' title='bbox 311 2901 365 2928; x_wconf 76' lang='grc' dir='ltr'><em>τοῦ</em></span> <span class='ocrx_word' id='word_1_417' title='bbox 378 2899 613 2935; x_wconf 69' lang='grc' dir='ltr'><strong>Δευτέρονομιόυ.</strong></span> 
     </span>
    </p>
   </div>
   <div class='ocr_carea' id='block_1_62' title="bbox 1020 2899 1302 2935">
    <p class='ocr_par' dir='ltr' id='par_1_62' title="bbox 1020 2902 1302 2930">
     <span class='ocr_line' id='line_1_62' title="bbox 1020 2902 1302 2930; baseline 0.011 -3"><span class='ocrx_word' id='word_1_418' title='bbox 1020 2917 1033 2928; x_wconf 70' lang='grc' dir='ltr'><strong>μ.</strong></span> <span class='ocrx_word' id='word_1_419' title='bbox 1055 2903 1075 2927; x_wconf 85' lang='grc' dir='ltr'><em>Α</em></span> <span class='ocrx_word' id='word_1_420' title='bbox 1093 2902 1302 2930; x_wconf 81' lang='lat' dir='ltr'><strong>Deuteronomto.</strong></span> 
     </span>
    </p>
   </div>
   <div class='ocr_carea' id='block_1_63' title="bbox 174 2936 566 2970">
    <p class='ocr_par' dir='ltr' id='par_1_63' title="bbox 174 2936 566 2970">
     <span class='ocr_line' id='line_1_63' title="bbox 174 2936 566 2970; baseline 0 -8"><span class='ocrx_word' id='word_1_421' title='bbox 174 2938 204 2963; x_wconf 77' lang='grc' dir='ltr'><strong>ε’.</strong></span> <span class='ocrx_word' id='word_1_422' title='bbox 227 2936 291 2963; x_wconf 70' lang='grc' dir='ltr'><strong>Ἀπὸ</strong></span> <span class='ocrx_word' id='word_1_423' title='bbox 306 2936 359 2964; x_wconf 84' lang='grc' dir='ltr'><em>τοῦ</em></span> <span class='ocrx_word' id='word_1_424' title='bbox 375 2939 419 2963; x_wconf 73' lang='lat' dir='ltr'><strong>xa’</strong></span> <span class='ocrx_word' id='word_1_425' title='bbox 435 2936 566 2970; x_wconf 74' lang='grc' dir='ltr'><strong>ψαλμοῦ.</strong></span> 
     </span>
    </p>
   </div>
   <div class='ocr_carea' id='block_1_64' title="bbox 180 2436 826 2474">
    <p class='ocr_par' dir='ltr' id='par_1_64' title="bbox 180 2436 826 2474">
     <span class='ocr_line' id='line_1_64' title="bbox 180 2436 826 2474; baseline 0 -10"><span class='ocrx_word' id='word_1_426' title='bbox 180 2436 272 2474; x_wconf 36' lang='lat' dir='ltr'><strong>mea</strong></span> <span class='ocrx_word' id='word_1_427' title='bbox 292 2438 464 2474; x_wconf 20' lang='lat' dir='ltr'><strong>VENEZTYN</strong></span> <span class='ocrx_word' id='word_1_428' title='bbox 504 2438 555 2464; x_wconf 85' lang='lat' dir='ltr'><em>EN</em></span> <span class='ocrx_word' id='word_1_429' title='bbox 602 2438 642 2473; x_wconf 69' lang='grc' dir='ltr'><strong>η)</strong></span> <span class='ocrx_word' id='word_1_430' title='bbox 667 2438 826 2474; x_wconf 62' lang='lat' dir='ltr'><strong>unam</strong></span> 
     </span>
    </p>
   </div>
   <div class='ocr_carea' id='block_1_65' title="bbox 210 2473 960 2500">
    <p class='ocr_par' dir='ltr' id='par_1_65' title="bbox 210 2473 960 2500">
     <span class='ocr_line' id='line_1_65' title="bbox 210 2473 960 2500; baseline 0.004 -3"><span class='ocrx_word' id='word_1_431' title='bbox 210 2473 365 2499; x_wconf 80' lang='grc' dir='ltr'><strong>ΓΡΑΜΜΑ</strong></span> <span class='ocrx_word' id='word_1_432' title='bbox 371 2474 405 2499; x_wconf 86' lang='lat' dir='ltr'><strong>TI</strong></span> <span class='ocrx_word' id='word_1_433' title='bbox 420 2474 487 2499; x_wconf 85' lang='grc' dir='ltr'><strong>ΤΗΣ</strong></span> <span class='ocrx_word' id='word_1_434' title='bbox 500 2473 584 2500; x_wconf 87' lang='grc' dir='ltr'><em>ΠΕΡΙ</em></span> <span class='ocrx_word' id='word_1_435' title='bbox 600 2475 642 2499; x_wconf 88' lang='lat' dir='ltr'><strong>T0</strong></span> <span class='ocrx_word' id='word_1_436' title='bbox 649 2474 670 2499; x_wconf 84' lang='grc' dir='ltr'><em>Υ</em></span> <span class='ocrx_word' id='word_1_437' title='bbox 679 2474 721 2499; x_wconf 89' lang='grc' dir='ltr'><strong>ΣΩ</strong></span> <span class='ocrx_word' id='word_1_438' title='bbox 729 2474 843 2500; x_wconf 80' lang='grc' dir='ltr'><strong>ΤΗΡΟΣ</strong></span> <span class='ocrx_word' id='word_1_439' title='bbox 856 2473 879 2499; x_wconf 85' lang='grc' dir='ltr'><em>Η</em></span> <span class='ocrx_word' id='word_1_440' title='bbox 883 2474 960 2500; x_wconf 86' lang='grc' dir='ltr'><strong>ΜΩΝ</strong></span> 
     </span>
    </p>
   </div>
   <div class='ocr_carea' id='block_1_66' title="bbox 210 2507 725 2535">
    <p class='ocr_par' dir='ltr' id='par_1_66' title="bbox 210 2507 725 2535">
     <span class='ocr_line' id='line_1_66' title="bbox 210 2507 725 2535; baseline 0 -2"><span class='ocrx_word' id='word_1_441' title='bbox 210 2507 477 2534; x_wconf 80' lang='grc' dir='ltr'><strong>ΕΥΑΓΓΕΛῙΚΗΣ</strong></span> <span class='ocrx_word' id='word_1_442' title='bbox 487 2508 725 2535; x_wconf 78' lang='grc' dir='ltr'><strong>ΑΠΟΔΕΙΞΕΩΣ.</strong></span> 
     </span>
    </p>
   </div>
   <div class='ocr_carea' id='block_1_67' title="bbox 174 2562 957 2598">
    <p class='ocr_par' dir='ltr' id='par_1_67' title="bbox 174 2562 957 2598">
     <span class='ocr_line' id='line_1_67' title="bbox 174 2562 957 2598; baseline 0 -9"><span class='ocrx_word' id='word_1_443' title='bbox 174 2562 350 2589; x_wconf 85' lang='grc' dir='ltr'><strong>ιΙΡυΟΙΜ.-</strong></span> <span class='ocrx_word' id='word_1_444' title='bbox 356 2563 418 2589; x_wconf 84' lang='grc' dir='ltr'><strong>Ὅτι</strong></span> <span class='ocrx_word' id='word_1_445' title='bbox 423 2563 466 2597; x_wconf 81' lang='grc' dir='ltr'><strong>μὴ</strong></span> <span class='ocrx_word' id='word_1_446' title='bbox 477 2564 516 2596; x_wconf 83' lang='grc' dir='ltr'><strong>ὼς</strong></span> <span class='ocrx_word' id='word_1_447' title='bbox 526 2563 633 2597; x_wconf 74' lang='grc' dir='ltr'><strong>ἔτυχεν</strong></span> <span class='ocrx_word' id='word_1_448' title='bbox 640 2563 716 2597; x_wconf 84' lang='grc' dir='ltr'><strong>μηδὲ</strong></span> <span class='ocrx_word' id='word_1_449' title='bbox 721 2563 819 2597; x_wconf 78' lang='grc' dir='ltr'><strong>μάτην</strong></span> <span class='ocrx_word' id='word_1_450' title='bbox 829 2563 880 2596; x_wconf 84' lang='grc' dir='ltr'><strong>τὰς</strong></span> <span class='ocrx_word' id='word_1_451' title='bbox 890 2564 957 2598; x_wconf 79' lang='grc' dir='ltr'><strong>παρ’</strong></span> 
     </span>
    </p>
   </div>
   <div class='ocr_carea' id='block_1_68' title="bbox 1006 2936 1259 2971">
    <p class='ocr_par' dir='ltr' id='par_1_68' title="bbox 1006 2936 1259 2971">
     <span class='ocr_line' id='line_1_68' title="bbox 1006 2936 1259 2971; baseline 0 -7"><span class='ocrx_word' id='word_1_452' title='bbox 1006 2937 1032 2964; x_wconf 84' lang='lat'><strong>5.</strong></span> <span class='ocrx_word' id='word_1_453' title='bbox 1053 2936 1073 2962; x_wconf 83' lang='lat' dir='ltr'><strong><em>A</em></strong></span> <span class='ocrx_word' id='word_1_454' title='bbox 1092 2945 1136 2964; x_wconf 64' lang='lat' dir='ltr'><strong>xxv</strong></span> <span class='ocrx_word' id='word_1_455' title='bbox 1147 2938 1259 2971; x_wconf 74' lang='lat' dir='ltr'><strong>psalmo.</strong></span> 
     </span>
    </p>
   </div>
  </div>
