2053 3218
180 142 216 170 97

642 134 965 166 DEMONSTRATIONIS
983 134 1211 164 EVANGELICE
1231 135 1294 164 LIB.
1307 134 1337 162 ιι.

1767 133 1802 166 98

189 201 303 236 μετεῖναι
319 199 429 234 ἔφασαν
443 197 495 227 τῶν
511 199 574 234 παρ’
589 198 680 230 αὐτοῖς
698 197 877 233 ἀναγράπτων
888 198 962 230 ἐπαγ

1023 194 1123 223 l‘ellam.
1142 194 1275 228 Quoniam
1300 193 1382 229 igitur
1399 193 1489 222 dicere
1504 193 1601 226 solent.
1620 201 1713 222 earum
1736 202 1801 229 pro-

186 245 299 280 γελιῶνο
326 246 419 272 αὐτῶν
434 245 486 281 γὰρ
507 245 554 272 καὶ
573 245 636 276 τοὺς
657 246 795 280 προφήτας
818 243 968 278 γεγονέναι,

185 291 275 323 αὐτοῖς
290 291 340 318 καὶ
362 291 488 328 Χριστὸν,
503 290 531 316 ὃν
547 289 579 325 δὴ
600 289 675 323 φίλον
696 289 841 316 ἀποκαλεῖν
855 289 969 323 Σωτῆρα

184 338 231 365 καὶ
244 337 384 372 λυτρωτὴν
401 335 594 372 κηρύττεσθαι·
613 336 703 367 αὐτοῖς
717 336 762 362 καὶ
784 335 834 366 τὰς
849 335 968 369 ἀναγρά-

185 390 267 413 mou;
288 382 446 415 ὑποσχέσεις
467 380 616 416 προσδοκᾷν
641 379 872 415 ἀποδοθήσεσθαι-
895 380 969 413 ἡμᾶς

183 427 211 454 δὲ
226 428 367 462 περιττοὺς
381 426 480 452 τούτων
498 426 642 461 ὑπάρχειν,
660 423 701 451 οἷα
717 425 745 451 τὺ
762 425 839 458 γένος
856 423 969 457 ἀλλοφύ-

184 472 246 504 λους
257 473 345 504 ὄντας,
365 470 405 503 οἷς
421 472 454 498 τὰ
469 472 589 507 χείριστα
612 471 654 497 διὰ
676 470 770 497 πασῶν
784 470 837 496 τῶν
863 478 968 504 προση-

184 518 264 546 τειῶν
277 518 459 550 θεσπίζεσθαι.
475 518 545 552 Πρὸς
566 518 597 552 δὴ
615 515 659 543 οὖν
675 516 769 547 ταῦτα,
785 517 860 551 φέρε,
879 516 906 547 ἐξ
923 515 969 541 αὒ-

184 565 238 591 τῶν
257 564 311 590 τῶν
327 565 391 599 παρ’
407 565 494 595 αὐτοῖς
511 563 684 598 προᾳητικῶν
711 562 806 596 βίίῑλων
832 562 879 596 τὴν
903 561 969 595 προς

184 612 282 642 αὐτοὺς
296 612 444 645 ἀπάντησιν
470 609 654 644 ποιησώμεθα.
674 609 709 634 Τὸ
741 609 788 643 μὲν
811 607 856 634 οὖν
880 609 968 638 αὐτοῖς

186 655 352 690 ἐπηγγέλθαι
366 655 410 680 τὸν
423 654 538 689 Χριστὸν
553 653 599 679 τοῦ
610 653 687 684 Θεοῦ,
704 653 750 679 καὶ
764 653 812 685 τὴν
826 652 914 685 ἃιριξιν
927 652 968 677 αὑ-

144 706 149 709 ”
184 701 231 728 τοῦ
252 701 384 736 λύτρωσιν
401 701 439 735 τῷ
461 700 567 734 Ἰσραὴλ
593 699 744 735 κηρύττειν,
765 699 816 725 οὐδ’
832 698 863 724 ἂν
890 699 968 732 ἡμεῖς

184 746 374 781 ἀρνηθείημεν,
385 745 603 780 ὁμολογουμένως
613 744 655 769 διὰ
664 745 750 778 πάσης
764 743 850 770 αὐτῶν
860 744 968 777 Γραφῆς

185 792 322 827 προδήλως
336 791 427 817 τούτου
438 791 636 826 παρισταμένου
645 799 650 804 ·
660 790 704 815 τοῦ
715 798 744 823 γε
755 790 805 824 μὴν
816 789 967 814 ἀποκλείειν

184 838 217 864 τὰ
225 837 287 872 ἔθνη
306 837 358 863 τῶν
371 837 415 862 ἐπὶ
428 836 466 871 τῷ
482 836 590 871 Χριστῷ
607 835 832 870 προσδοκωμένων
849 834 965 867 ἀγαθῶν,

1021 242 1194 273 missionum,
1213 248 1273 276 qua:
1288 240 1315 267 in
1331 241 1388 268 suis
1404 241 1525 275 ipsorum
1540 240 1618 268 libris
1642 245 1734 276 aperte
1751 241 1800 268 de-

1020 288 1127 322 scriptae
1144 287 1286 320 habemur,
1301 287 1378 313 nullo
1389 286 1470 313 modo
1484 294 1533 314 nos
1553 293 1614 314 esse
1626 287 1777 322 participes
1792 297 1799 314 :

1020 340 1085 360 suos
1113 333 1184 360 enim
1209 332 1294 360 fuisse
1318 333 1474 368 prophetas,
1501 332 1553 360 sibi
1579 332 1645 366 ipsis
1660 332 1800 360 Christum

1020 379 1150 409 nuntiari,
1170 386 1247 412 quem
1268 379 1381 404 libenter
1398 383 1423 405 et
1440 378 1608 405 Salvatorem
1632 383 1658 405 et
1683 377 1800 404 Redem-

1020 428 1123 459 ptorem
1139 428 1234 450 vocant
1251 434 1255 450 :
1274 424 1323 451 sibi
1339 424 1406 458 ipsis
1423 424 1620 458 promissiones
1643 425 1713 454 i-Ilas.
1730 432 1799 459 quas

1020 473 1111 503 aperte
1141 468 1292 503 descriptas
1320 470 1426 501 habent,
1452 469 1617 496 exhibendas
1642 473 1721 503 atque
1740 469 1801 495 red—

1022 515 1124 541 dendas
1133 515 1297 548 exspectari:
1310 523 1357 540 nos
1369 520 1456 541 autem
1467 515 1541 548 justo
1554 516 1673 549 ipsorum
1686 522 1800 541 numero

1020 568 1235 594 supervacaneos
1252 561 1389 592 avccdere,
1411 565 1502 595 utpote
1524 561 1569 594 qui
1591 568 1688 595 genere
1714 561 1800 587 simus

1019 606 1138 636 diverso,
1164 611 1190 632 ct
1209 607 1307 640 quibus
1335 608 1413 641 quasi
1443 612 1571 637 externis.
1601 607 1745 633 deterrima
1772 609 1799 634 in

1020 652 1145 678 omnibus
1163 652 1311 685 prophetiis
1329 660 1458 685 respousa
1481 654 1534 678 sint
1564 662 1570 679 :
1592 653 1646 686 jam
1665 661 1738 680 nunc
1757 654 1799 680 his

1019 698 1125 724 obviam
1144 706 1173 724 ex
1190 699 1308 732 ipsorum
1326 699 1490 732 propheticis
1506 699 1582 726 libris
1601 707 1705 726 eamus.
1720 700 1798 732 Quod

1020 744 1100 777 igitur
1119 744 1187 777 apud
1208 744 1266 770 illos
1289 745 1452 778 promissum
1471 749 1568 777 exstet,
1582 745 1719 771 Christum
1739 745 1796 776 Dei,

1018 789 1131 823 ejusque
1159 790 1300 815 adventum
1327 790 1538 824 redemptionem
1563 790 1644 817 Israel
1661 792 1796 822 nuntiare,

1017 835 1162 862 inﬁciaturi
1180 844 1212 863 ne
1231 844 1280 864 nos
1293 837 1400 871 quidem
1420 846 1514 865 sumus
1529 848 1535 864 :
1552 839 1650 872 quippe
1665 846 1724 864 cum
1736 838 1798 865 abs-

182 883 256 909 ὠσάν
270 883 341 918 μόνῳ
355 883 392 918 τῷ
408 882 524 917 Ἰσραὴλ,
537 882 595 915 οὐχ).
604 882 630 906 δὲ
647 881 692 906 καὶ
706 882 758 911 τοῖς
767 881 867 906 ἔθνεσιν
881 881 962 914 ἐπηγ-

1017 889 1071 915 que
1088 883 1273 909 controversia
1306 883 1332 909 in
1355 884 1481 910 erunibus
1497 884 1603 910 illorum
1620 885 1728 918 scriptis
1747 884 1798 911 hoc

183 928 330 963 γελμένων,
341 928 430 954 οὐκέτι
443 928 542 954 δίκαιον
558 927 646 956 αὐτοῖς
665 927 822 960 συγχωρεῖν,
834 924 907 959 παρὰ
918 924 964 959 τὴν

183 974 236 1000 τῶν
249 974 328 1000 θείων
343 974 457 1009 Γραφῶν
471 974 548 999 τοῦτο
563 973 692 1006 φάσκουσι
710 972 869 1006 μαρτυρίαν,

1018 926 1105 960 palam
1135 928 1248 953 inveniri
1270 932 1376 954 constet
1398 938 1403 954 :
1432 932 1461 954 ut
1482 933 1571 955 autem
1594 933 1687 963 gentes
1702 929 1736 955 ab
1752 929 1796 960 iis.

1019 980 1078 1006 quae
1104 972 1130 999 in
1157 973 1265 1000 Christo
1290 979 1483 1008 exspectantur
1512 975 1601 1006 bonis,
1626 975 1795 1001 excludant:

184 1021 261 1054 quasi
277 1020 309 1045 ab
329 1020 362 1047 iis
378 1027 437 1054 qua:
458 1019 503 1045 uni
517 1019 610 1048 Israel,
626 1026 678 1043 non
693 1021 781 1043 autem
797 1017 877 1043 etiam
896 1017 1020 1051 gentibus
1052 1019 1186 1052 promissa
1209 1020 1274 1050 sint,
1308 1028 1361 1046 non
1394 1021 1456 1046 item
1483 1028 1559 1054 aeque
1584 1021 1711 1055 justeque
1743 1021 1798 1049 illis

183 1070 225 1093 est
238 1066 439 1093 concedendum
466 1075 473 1092 τ

442 1110 637 1136 ΚΕΦΑᾹΛΙΟΝ
657 1110 695 1135 Λ¹.

188 1157 282 1189 Ὅπως
297 1157 330 1183 τὰ
346 1158 528 1191 χρηστότερα
549 1155 611 1188 περ
627 1154 706 1191 ἡμῶν
719 1153 966 1191 (aedile-5:7,“:in

223 1192 317 1218 ἐθνῶν
339 1189 537 1225 ἇρολαΰόντες
562 1192 587 1216 oi
610 1190 676 1223 παρ’
698 1189 798 1221 αὐτοῖς
822 1189 965 1223 πμφῆτίιι

221 1227 391 1260 ἐκήρυττον.

214 1273 326 1309 ’Πρῶτον
336 1270 393 1304 οὖν,
406 1271 552 1307 ἐπειδήπερ
567 1270 642 1297 αὐτοὶ
652 1269 701 1301 τὰς
715 1269 785 1305 ὑπὲρ
795 1269 882 1296 αὐτῶν
897 1278 964 1305 χρη-

184 1319 311 1354 στοτέρας
326 1317 413 1353 φωνὰς
427 1317 602 1351 ἀναλέγεσθαι
615 1315 733 1348 εἰώθασι,
746 1316 793 1342 καὶ
805 1315 906 1347 ταύτας
918 1315 961 1342 διὰ

182 1363 316 1400 στόματος
340 1363 589 1398 ἀπομνημονεύειν,
618 1360 845 1397 ἀντιπαραθῶμεν
871 1361 962 1393 αὐτοῖς

179 1410 231 1441 τὰς
244 1409 306 1446 περὶ
320 1409 373 1435 τῶν
392 1408 476 1434 ἐθνῶν
489 1408 519 1440 ἐξ
533 1407 621 1434 αὐτῶν
635 1406 690 1433 τῶν
707 1406 878 1444 προφητειῶν
894 1406 962 1432 ἀπο-

180 1454 288 1486 δείξεις,
302 1453 484 1490 παριστώσας,
495 1452 532 1485 ὡς
546 1452 599 1488 ἀρα
615 1452 709 1488 μυρίαι
723 1452 783 1478 ὅσαι
796 1452 961 1487 προρρήσεις

182 1499 272 1533 ἀγαθά
283 1495 337 1523 ’καὶ
346 1499 466 1534 σωτήρια
482 1499 546 1524 πᾶσι
562 1499 619 1529 τοῖς
635 1496 737 1523 ἔθνεσιν
752 1496 902 1528 ἐθέσπιζον,
915 1496 961 1522 καὶ

181 1544 219 1576 ὡς
233 1543 285 1571 οὐδ’
301 1544 386 1575 ἄλλως
411 1544 526 1577 ἔφασκον
549 1542 807 1578 ἀποτελεσθήσεσθαι
821 1542 855 1568 τὰ
877 1542 963 1577 ἐπηγ-

180 1589 298 1623 γελμένα
312 1590 367 1620 τοῖς
388 1588 490 1615 ἕθνισιν
506 1588 523 1624 ἢ
542 1587 585 1614 διὰ
607 1587 688 1622 μόνης
712 1587 761 1622 τῆς
782 1587 829 1613 τοῦ
846 1586 961 1622 Χριστοῦ

181 1634 341 1670 παρουσίας.
359 1635 508 1670 Στήσαντες
522 1634 551 1661 δὲ
569 1633 683 1660 ἐνταῦθα
699 1633 744 1660 τὸν
765 1633 852 1668 λόγον,
865 1632 961 1659 ἀποδε-

181 1679 299 1714 δειχὸτες
311 1679 343 1706 ἂν
354 1678 458 1714 εἴημεν,
472 1679 509 1710 ὡς
519 1679 549 1705 οὐ
565 1679 663 1715 μᾶλλον
675 1680 785 1710 ἐκείνοις
798 1679 878 1713 φάναι
893 1679 962 1713 χρῆν

180 1726 197 1761 ἢ
211 1727 277 1761 ἡμῖν
290 1726 338 1761 τὴν
354 1726 399 1752 ἐπὶ
412 1725 456 1752 τὸν
467 1725 582 1760 Χριστὸν
595 1725 641 1751 τοῦ
655 1723 723 1751 Θεοῦ
736 1724 897 1760 προσδοκίαν
913 1725 962 1760 ἀρ-

184 1770 300 1806 μὸττειν.
330 1770 482 1806 Ἰσορρόπου
507 1769 535 1796 δὲ
557 1769 691 1801 Ἰουδαίοις
711 1769 759 1795 καὶ
783 1768 893 1804 Ἕλλησι
912 1769 961 1804 τῆς

181 1815 236 1842 τῶν
251 1816 459 1851 ἐπηγγελμένων
480 1815 584 1847 ἐλπίδος
606 1814 817 1850 ἀποδειχθείσης,
839 1814 876 1846 ὡς
891 1814 962 1841 κατά

180 1862 259 1889 τοῦτο
277 1863 358 1898 μηδὲν
380 1861 434 1889 τῶν
452 1863 484 1888 ὲκ
500 1860 648 1897 περιτομῆς
668 1861 806 1888 λείπεσθαι
826 1862 888 1893 τοὺς
907 1861 961 1887 ἀπὸ

180 1908 234 1935 τῶν
246 1908 330 1935 ἐθνῶν
341 1907 384 1934 διὰ
397 1907 512 1944 Χριστοῦ
530 1907 744 1942 σωθησομένους,
756 1907 787 1933 ἐκ
804 1906 961 1941 περιουσίας

181 1953 245 1989 ἑξῆς
262 1954 415 1989 ἐλέγξομεν,
434 1954 471 1986 ὡς
488 1953 534 1979 ἐπὶ
548 1952 595 1979 τοῦ
616 1952 734 1988 Χριστοῦ
752 1952 896 1988 παρουσίᾳ,
913 1952 960 1978 καὶ

180 2001 213 2035 τῇ
228 1999 282 2026 τῶν
295 1999 378 2026 ἐθνῶν
399 1999 503 2034 κλήσει,
516 1999 672 2026 ἀπόπτωσιν
691 1998 807 2034 παντελῆ
824 1999 870 2024 καὶ
893 1998 960 2024 ἀπο-

182 2046 261 2081 ϐολὴν
275 2045 321 2073 τοῦ
339 2047 436 2077 παντὸς
457 2045 587 2072 Ἰουδαίων
606 2046 697 2077 ἔθνους
712 2045 747 2072 τά
760 2045 818 2071 θεῖα
841 2052 959 2080 προανα-

179 2093 265 2126 φωνετ
284 2092 370 2127 λόγια,
387 2092 498 2127 βραχέσι
511 2092 600 2128 μόνοις
620 2091 709 2118 αὐτῶν
727 2092 773 2118 καὶ
795 2090 902 2126 ἀριθμῷ
914 2090 961 2125 λη-

180 2139 257 2170 moi;
273 2138 306 2164 τὰ
327 2139 494 2174 χρηστότερα
514 2138 683 2169 θεσπίζοντα,
705 2137 752 2163 καὶ
772 2137 810 2168 ὡς
829 2136 959 2163 ἁλώσεται

976 1526 997 1555 C

500 1069 591 1099 utpote
606 1072 666 1090 eum
683 1064 733 1090 hoc
750 1064 786 1089 illi
803 1067 900 1098 prieter
917 1064 1070 1090 divinorum
1084 1064 1214 1091 librorum
1227 1066 1415 1092 auctoritatem
1430 1065 1543 1098 jar-teut.

1294 1111 1348 1147 44
1365 1110 1478 1137 CAPUT
1496 1110 1516 1138 ι.

1018 1154 1242 1190 Quemadmodum
1267 1156 1375 1181 meliora
1400 1155 1431 1180 de
1454 1156 1526 1182 nobis
1543 1157 1656 1182 externis
1677 1156 1795 1190 gentibus

1066 1189 1203 1223 Propheta:
1216 1191 1322 1217 illorum
1336 1196 1396 1217 ante
1409 1191 1535 1216 venientes
1551 1191 1745 1217 nuntiaverunt.

1049 1267 1172 1295 Primum
1197 1268 1289 1303 igitur,
1315 1269 1444 1304 quoniam
1468 1277 1517 1304 pro
1542 1270 1640 1305 seipsis
1668 1270 1795 1298 meliores

1013 1314 1246 1349 optabilioresque
1259 1322 1338 1342 voces
1348 1315 1478 1349 colligere
1493 1316 1590 1348 solent,
1609 1319 1636 1342 et
1650 1323 1697 1343 eas
1724 1316 1795 1343 assi-

1013 1360 1067 1388 due
1081 1361 1232 1396 crebroque
1258 1361 1374 1396 jactare,
1390 1362 1466 1389 hisce
1478 1370 1649 1397 opponamus
1663 1371 1721 1395 eas,
1735 1371 1795 1399 qua:

1013 1406 1042 1434 in
1059 1407 1167 1434 illorum
1182 1407 1332 1442 prophetiis
1349 1412 1457 1435 exstant
1480 1408 1513 1435 de
1532 1408 1657 1443 gentibus
1681 1409 1794 1437 demon-

1012 1454 1169 1485 strationes,
1199 1461 1259 1488 quae
1287 1453 1375 1488 palam
1401 1458 1567 1489 proponunt,
1585 1454 1793 1483 innumerabilia

1012 1507 1072 1527 esse
1081 1499 1220 1532 vaticinia,
1232 1499 1331 1534 quibus
1344 1500 1414 1527 bona
1424 1506 1451 1527 et
1468 1500 1597 1527 salutaria
1612 1502 1719 1528 cunctis
1729 1510 1792 1537 gen.

1013 1545 1086 1573 tibus
1101 1545 1192 1572 futura
1214 1545 1376 1572 nuntientur
1394 1555 1401 1573 :
1426 1553 1475 1573 nec
1498 1546 1577 1574 aliter
1599 1546 1726 1574 dicantur
1750 1555 1794 1580 ea,

1012 1599 1072 1626 quae
1087 1591 1212 1625 gentibus
1232 1591 1367 1625 promissa
1389 1595 1463 1624 sunt,
1488 1592 1592 1618 exitum
1613 1599 1684 1624 esse,
1711 1600 1793 1627 quam

1011 1645 1060 1672 per
1073 1645 1158 1664 unum
1180 1636 1280 1664 Christi
1296 1637 1442 1665 adventum
1459 1637 1596 1665 habitura.
1620 1638 1705 1671 Quem
1732 1639 1794 1673 qui-

1011 1683 1072 1710 dem
1099 1683 1189 1710 locum
1215 1683 1261 1710 ubi
1291 1683 1405 1710 dicendo
1425 1684 1635 1715 absolverimus,
1653 1688 1709 1711 tum
1725 1685 1792 1711 illud

1012 1728 1090 1755 nobis
1106 1727 1349 1754 demonstrandum
1369 1728 1431 1760 erit,
1447 1736 1501 1754 non
1516 1728 1571 1755 illis
1587 1729 1684 1763 magis,
1699 1730 1793 1756 dicen-

1012 1773 1074 1800 dum
1090 1781 1161 1805 esse,
1173 1773 1406 1808 exspectationem
1431 1773 1534 1801 Christi
1560 1773 1607 1801 Dei
1634 1775 1791 1806 convenire.

1011 1826 1092 1854 quam
1118 1819 1209 1846 nobis.
1233 1818 1284 1846 Ubi
1306 1826 1370 1846 vero
1396 1827 1457 1854 spes
1484 1819 1692 1854 promissorum,
1719 1822 1792 1855 paris

1011 1865 1139 1892 momenti
1154 1867 1181 1892 et
1196 1864 1296 1892 Judaeis
1312 1869 1339 1892 et
1354 1864 1455 1892 Graecis
1471 1869 1582 1892 ostensa
1601 1865 1694 1897 fuerit,
1709 1866 1792 1901 quod-

1010 1918 1064 1945 que
1078 1911 1105 1938 in
1127 1911 1189 1943 hoc,
1206 1911 1239 1937 iis
1262 1913 1310 1945 qut
1334 1918 1367 1938 ex
1393 1910 1610 1939 Circumcisione
1633 1911 1791 1939 assumendi

1010 1956 1075 1988 sint,
1092 1956 1160 1983 nihil
1176 1956 1193 1983 ii
1209 1956 1256 1991 qui
1274 1964 1305 1984 ex
1327 1956 1452 1992 gentibus
1475 1955 1590 1984 salutem
1618 1962 1789 1993 exspectant,
1815 1961 1820 1966 ‘

1010 2001 1066 2029 sint
1084 2002 1242 2029 concessuri
1260 2012 1266 2029 :
1284 2006 1339 2029 tum
1363 2002 1390 2029 in
1415 2002 1459 2034 iis,
1482 2010 1542 2038 qua:
1557 2008 1705 2038 sequentur
1725 2004 1792 2032 ube-

1009 2047 1078 2081 rius,
1095 2051 1122 2075 et
1136 2048 1213 2082 quasi
1228 2048 1305 2083 copia
1324 2048 1441 2083 quadam
1456 2049 1575 2084 provecti
1589 2049 1790 2077 demonstrabi-

1009 2102 1080 2125 mus,
1092 2094 1318 2129 quemadmodum
1334 2094 1361 2121 in
1380 2093 1496 2122 adventu
1522 2095 1635 2128 Christi,
1658 2097 1791 2130 gentium-

1010 2146 1063 2173 que
1086 2140 1238 2172 voeatione,
1265 2147 1391 2167 casuram
1426 2140 1534 2174 penitus
1553 2144 1693 2175 totamque
1720 2140 1789 2175 abji-

180 2184 271 2210 αὐτῶν
282 2185 299 2219 ἡ
313 2184 388 2215 πόλις
401 2183 475 2219 αὐτῷ
486 2184 565 2220 ἱερῷ·
580 2184 667 2210 πάντα
679 2191 709 2209 τε
723 2182 757 2209 τά
772 2183 858 2218 σεμνὰ.
869 2181 960 2209 καθαι-

1013 2185 1132 2213 ciendam
1143 2192 1203 2213 esse
1210 2184 1224 2212 J
1228 2184 1365 2212 udazorum
1378 2185 1525 2216 nationem.
1536 2185 1628 2212 divina
1639 2186 1790 2220 praedicunt

183 2229 343 2265 ρεθήσεσθαι
362 2230 499 2265 δηλοῦντα,
519 2230 537 2257 ὃ.
554 2230 599 2256 καὶ
620 2229 709 2264 ἔργοις
730 2228 832 2264 πέφηνε
846 2228 961 2264 δεδηλω-

181 2276 261 2311 μένα.
274 2276 336 2307 Πῶς
354 2276 375 2302 δ’
391 2276 435 2311 ὑφ’
451 2276 479 2302 ἓν
495 2276 541 2302 καὶ
562 2275 633 2302 κατά
648 2275 679 2301 τὸ
700 2275 765 2301 αὐτὸ
781 2274 827 2301 ἐπὶ
842 2275 891 2309 τῆς
913 2274 959 2301 τοῦ

180 2321 298 2358 Χριστοῦ
313 2322 460 2357 παρουσίας
474 2322 605 2357 λύτρωσιν
623 2320 714 2348 κακῶν
725 2320 764 2356 τῷ
783 2320 899 2356 Ἰσραὴλ,
914 2320 959 2347 καὶ

180 2369 289 2403 ἀγαθῶν
304 2369 460 2400 ἀπόλαυσιν,
474 2369 589 2404 ἔμπαλίν
601 2377 630 2395 τε
644 2368 769 2403 στέρησιν
782 2367 900 2402 ἀγαθῶν,
912 2367 959 2394 καὶ

180 2414 337 2441 ἀπόπτωσιν
359 2415 409 2449 τῆς
432 2414 478 2441 τοῦ
494 2413 561 2441 Θεοῦ
586 2413 724 2445 εὐσεϐείας
742 2413 912 2445 θεσπίζουσιν
934 2414 958 2440 oi

181 2461 248 2496 ἱεροὶ
260 2461 344 2495 λόγοι,
358 2461 427 2487 κατὰ
442 2460 487 2487 τὸν
509 2461 677 2498 προσήκοντα
694 2459 789 2496 καιρὸν
809 2459 959 2495 διευκρινή-

181 2514 272 2541 σομεν.
292 2505 366 2538 Τέως
384 2505 412 2532 δέ
423 2506 543 2541 ἐπίωμεν
565 2507 611 2532 ἐπὶ
624 2505 654 2531 τὸ
677 2506 793 2542 πρῶτον,
806 2505 881 2539 ὀλίγα
897 2505 959 2532 τινὰ

181 2553 220 2583 εἰς
237 2551 372 2583 ἀπόδειξιν
389 2552 442 2578 τῶν
460 2551 609 2587 εἰρημένων
623 2551 677 2578 ἀπὺ
695 2551 797 2587 μυρίων
809 2551 877 2577 ὅσων
892 2559 959 2587 προ-

181 2598 297 2634 φητειῶν
313 2597 514 2633 ἀναλεξάμενοι.
533 2598 609 2624 Ἐπεὶ
626 2598 713 2624 τοίνυν
727 2597 802 2623 αὐτοὶ
817 2597 879 2632 περί¹
897 2598 959 2624 ἐαυ-

181 2644 233 2671 τῶν
263 2644 446 2680 χρηστοτέρας
477 2644 643 2679 προφητείας
671 2643 866 2679 προϐάλλεσθαι
892 2644 957 2679 ἡμῖν

181 2688 321 2720 εἰώθασιν,
347 2688 420 2716 ὼσάν
447 2688 537 2720 αὐτοῖς
569 2689 657 2723 μόνοις
684 2688 877 2724 ὑπεσχημένων
903 2688 957 2715 τῶν

181 2734 426 2771 προϋπηργμένων,
440 2734 498 2770 ὥρα
510 2734 556 2761 καὶ
572 2735 644 2769 ἡμᾶς
659 2735 897 2770 ἀντιπαραγαγεϊν,
911 2734 957 2760 καὶ

180 2782 325 2809 ἀντιθεῖναι
340 2782 430 2813 αὐτοῖς
449 2780 497 2813 τὰς
513 2781 577 2817 περὶ
597 2781 651 2808 τῶν
678 2781 761 2808 ἐθνῶν
782 2781 955 2815 ἐπαγγελίας,

181 2824 230 2855 ὧδέ
243 2836 301 2859 πως
316 2827 391 2863 παρὰ
409 2828 464 2858 τοῖς
476 2827 565 2853 αὐτῶν
580 2827 731 2862 προφήταις
743 2827 902 2863 φερομένας.

1010 2233 1120 2260 oracula
1136 2242 1143 2260 :
1159 2237 1185 2260 et
1209 2233 1279 2267 quod
1296 2233 1390 2268 paucis
1405 2234 1536 2260 duntaxat
1554 2234 1686 2268 ipsorum,
1712 2239 1738 2261 et
1754 2234 1790 2261 ia-

1010 2278 1062 2305 cile
1086 2278 1311 2310 numerabilibus,
1342 2279 1454 2306 meliora
1478 2279 1524 2305 illa
1540 2280 1716 2313 promittunt,
1732 2280 1790 2306 illo-

1009 2330 1124 2358 rumque
1149 2324 1243 2351 urbem
1272 2323 1438 2359 signiﬁcant,
1455 2331 1509 2351 una
1526 2332 1587 2351 cum
1610 2325 1711 2359 templo
1727 2333 1788 2352 esse

1009 2369 1179 2403 capiendam,
1210 2373 1362 2404 cunctaque
1385 2369 1430 2396 illa
1457 2370 1618 2397 severiorem
1645 2370 1787 2404 quemdam

1008 2415 1174 2449 postulantia
1187 2415 1301 2447 cultum,
1316 2414 1472 2443 auferenda.
1487 2415 1564 2448 Quod
1576 2415 1685 2450 quidem
1698 2416 1787 2449 ipsum

1007 2459 1063 2494 jam
1080 2460 1169 2494 reipsa
1182 2468 1244 2487 vere
1252 2460 1409 2495 praedictum
1422 2460 1505 2488 fuisse
1513 2465 1633 2496 apparet.
1646 2459 1788 2493 Quomodo

1009 2512 1074 2531 vero
1090 2512 1143 2531 una
1166 2505 1315 2540 eademque
1337 2506 1446 2533 ratione
1470 2506 1497 2532 in
1526 2505 1586 2540 ipso
1614 2505 1717 2532 Christi
1744 2506 1789 2533 ad-

1007 2554 1101 2581 ventu,
1124 2550 1310 2578 liberationem
1327 2559 1342 2578 a
1357 2551 1436 2578 malis
1458 2551 1510 2586 ipsi
1526 2550 1619 2590 Israel,
1636 2551 1787 2578 bonorum-

1007 2603 1061 2631 que
1088 2596 1299 2631 perceptionem,
1315 2601 1342 2624 et
1364 2605 1461 2624 rursus
1474 2597 1609 2623 bonorum
1634 2597 1786 2632 ademptio.

1007 2649 1080 2673 nem,
1106 2643 1267 2678 ruinamqne
1290 2643 1429 2678 religionis
1452 2643 1582 2675 futuram,
1607 2642 1681 2669 Libri
1699 2642 1785 2669 sancti

1008 2687 1170 2722 signiﬁcent,
1197 2696 1247 2716 suo
1269 2693 1389 2724 tempore
1405 2689 1516 2723 planum
1541 2688 1682 2716 faciemus.
1709 2687 1787 2715 Nunc

1008 2737 1096 2761 autem
1119 2735 1152 2761 ad
1173 2736 1290 2770 primum
1309 2740 1487 2768 revertemur,
1515 2735 1538 2763 si
1560 2742 1647 2770 pauca
1662 2735 1786 2769 quaedam

1007 2786 1041 2806 ex
1067 2779 1309 2808 innumerabilibus
1331 2781 1492 2816 prophetiis,
1513 2780 1548 2808 ad
1574 2779 1786 2808 demonstranda

1007 2834 1049 2859 ea,
1065 2834 1123 2861 qua
1145 2826 1217 2853 dicta
1241 2832 1314 2860 sunt,
1340 2828 1538 2862 collegerimus.
1558 2826 1690 2859 Quoniam
1704 2826 1786 2861 igitur

180 2882 237 2910 eu,
253 2884 314 2913 qua
330 2876 457 2904 meliores
473 2875 605 2903 habentur
615 2874 649 2903 de
665 2874 765 2910 seipsis
778 2874 946 2910 prophetias,
964 2873 1044 2902 nobis
1072 2874 1159 2903 solent
1176 2873 1306 2910 obiicere,
1324 2879 1453 2909 tanquam
1470 2874 1498 2907 ii,
1513 2874 1559 2911 qui
1573 2881 1614 2907 ea,
1636 2880 1695 2908 quae
1706 2877 1785 2899 ante-
