2053 3218
158 137 207 167 101

599 138 927 168 ΒΕΜΟΝΞΤΒΑΤΙΟΝΙΞ
945 140 1173 170 ΕνΑΝΩΕΙᾸΟᾸῖ.
1189 141 1254 170 LIB.
1273 141 1304 170 11.

1730 141 1779 169 109

159 196 235 227 Θεοῦ,
249 197 282 223 ἐκ
303 195 461 232 σπέρματος
478 197 572 225 Ἰσιὼὸ
589 198 743 233 γενόμενος,
762 198 860 230 πολλὰς
885 207 946 226 συν-

996 200 1178 227 multitudinis
1195 200 1281 226 utitur
1295 200 1306 226 ?
1323 203 1466 234 postqum
1484 198 1566 234 igitur
1581 198 1708 225 Christus
1721 197 1778 226 Dei.

161 242 269 277 αγωγὰς
287 242 374 269 ὲθνῶν
393 242 436 268 διὰ
449 243 497 277 τῆς
509 244 697 280 ⁵εὐαγγελικῆς
717 245 798 272 αὐτοῦ
817 247 945 282 συνεκρό-

159 296 225 322 τησε
241 287 426 320 διδασκαλίας,
441 288 552 321 εἰκότως
571 290 610 321 εἰς
633 291 724 322 αὐτὸν,
743 292 788 318 καὶ
808 292 842 318 δι’
862 291 943 318 αὐτοῦ

158 333 193 360 τὰ
208 333 259 368 τῆς
275 335 443 369 προφητείας
460 334 551 366 τέλους
572 335 718 371 τετύχηκεν
732 337 782 372 ἢδη
803 338 942 373 πρότερον,

159 379 208 405 καὶ
221 379 341 408 εἰσαῦθις
352 379 392 406 ἔτι
405 379 502 414 μᾶλλον
513 379 645 412 τεύξεται.

158 490 198 517 Δ’.
219 489 283 516 Ἀπὸ
296 490 351 516 τοῦ
363 490 600 526 Δευτερονομίου.
609 505 644 526 ε
654 491 787 525 Δήλωσις
798 492 853 526 τῆς
869 492 944 519 κατὰ

319 525 394 552 Θεὸν
411 527 600 560 εὐφροσύνης
610 525 669 552 τῶν
682 526 785 554 ἐθνῶν.

199 593 210 610 1
221 582 407 619 Εὐφράνθητε,
416 583 598 619 οὐρανοὶ,ἆμα
605 583 688 618 αὐτῷ,
699 583 744 610 καὶ
757 584 944 619 προσκυνησά-

160 638 249 657 τωσαν
272 630 344 666 αὐτῷ
369 631 467 662 πάντες
490 631 543 656 υἱοὶ
569 630 650 656 Θεοῦ·
669 630 846 666 εὐφράνθητε,
869 630 943 665 ἔθνη,

160 677 231 712 μετὰ
243 676 289 703 τοῦ
301 676 366 703 λαοῦ
377 676 468 709 αὑτοῦ,
485 677 532 704 καὶ
545 676 759 712 ὲνισχυσάτωσαν
769 677 867 708 αὐτοὺς
881 677 945 703 πὰν-

159 731 204 755 τες
212 722 318 757 ἄγγελοι
331 723 424 750 Θεοῦ.)
435 723 505 750 Ἀντὶ
514 722 571 754 τοῦ,
584 732 593 748 1
609 721 944 758 Εὺφράνθητε,ἕθνη,μετὰ

158 769 206 795 τοῦ
214 769 278 795 λαοῦ
286 769 379 800 αὑτοῦ,
393 779 402 794 ι
417 770 431 795 ὁ
446 769 583 801 Ἀκύλαςοι
595 769 767 803 Ἐνοπήσατε,
779 769 868 804 φησὶν,
881 768 942 805 ἔθνη

161 814 229 849 μετὰ
243 814 288 840 τοῦ
303 813 367 840 λαοῦ
385 814 466 841 αὑτοῦ
476 822 483 828 ·
497 824 506 840 ι
517 814 564 840 καὶ
575 813 727 840 Θεοδοτίων·
738 823 747 839 1
759 813 943 848 Ἀγαλλιᾶσθε,

159 858 234 894 ἔθνη,
253 858 315 890 λαὸς
329 859 421 885 αὐτοῦ.
441 869 450 885 ι

994 246 1040 281 qui
1067 253 1099 273 ex
1122 246 1225 273 semine
1251 245 1335 272 Jacob
1352 249 1432 272 natus
1449 249 1509 276 est,
1535 244 1634 271 multos
1658 244 1779 278 gentium

994 295 1144 319 conventus
1166 300 1215 326 per
1241 291 1424 326 evangelicam
1450 298 1527 318 suam
1553 290 1697 317 constituit
1715 289 1776 316 doc.

994 338 1103 367 trinam,
1121 337 1216 364 merito
1232 337 1259 364 in
1271 345 1304 364 eo
1316 357 1323 368 ,
1338 342 1365 364 et
1379 344 1426 372 per
1439 344 1518 369 eum;
1536 344 1596 371 qua:
1612 336 1644 362 ad
1662 335 1780 371 prophe-

994 383 1058 409 tiam
1075 384 1230 417 pertinent,
1254 383 1310 418 jam
1337 388 1400 410 ante
1422 383 1523 410 exitum
1550 383 1736 414 invenerunt,
1753 385 1780 409 et

995 429 1108 463 posthac
1122 428 1185 455 item
1199 429 1287 463 magis
1300 428 1447 456 invenient.

993 483 1039 512 IV.
1056 485 1077 511 Α
1092 484 1304 512 Deuteronomio.
1322 500 1356 504 -κ
1379 484 1529 511 Declaratt'o
1548 484 1646 510 lwtitt’tz
1659 485 1774 519 gentium

1257 520 1398 546 secundum
1419 520 1511 546 Deum.

1033 584 1042 601 1
1065 574 1223 608 Laztamini,
1253 575 1337 608 mali,
1362 583 1422 602 cum
1446 583 1498 608 eo,
1525 580 1551 603 et
1577 575 1689 603 adorent
1714 583 1777 603 eum

994 627 1089 648 omnes
1100 622 1145 648 ﬁlii
1163 621 1208 647 Dci
1222 631 1228 648 ς
1242 621 1380 654 lzetamini,
1396 626 1499 656 gentes,
1512 627 1573 647 cum
1589 621 1687 655 populo
1704 620 1776 654 ejus,

994 670 1020 693 et
1035 666 1116 693 fortes
1130 666 1248 693 efﬁciant
1270 673 1317 693 eos
1334 673 1427 693 omnes
1444 665 1531 700 angi-li
1547 667 1606 699 ejus
1615 665 1647 690 “.
1659 675 1668 690 ι
1680 663 1733 691 Pro
1743 671 1777 692 eo

995 717 1083 740 autem
1100 712 1172 746 quod
1183 717 1243 739 est:
1263 721 1272 737 1
1293 711 1431 738 Ltetamini
1442 731 1450 743 ,
1468 715 1562 748 gentes
1575 731 1582 742 ,
1597 718 1657 737 cum
1677 710 1777 745 popqu

994 758 1064 793 ejus,
1081 768 1090 784 ›
1103 759 1217 793 Aquila,
1235 768 1244 784 1
1259 757 1463 790 Vociferamini,
1479 757 1578 792 inquit,
1594 760 1697 791 gentes,
1713 763 1776 783 cum

994 803 1094 838 populo
1109 803 1184 838 ejus;
1198 814 1207 830 ι
1224 807 1250 831 et
1265 803 1446 837 Theodotion,
1478 802 1642 834 1Exsultate,
1660 806 1753 837 gentes
1766 821 1775 835 ,

995 850 1111 884 populus
1122 848 1192 884 ejus.
1208 858 1217 875 ι

158 914 199 941 Ε’.
223 914 288 941 Ἀπὸ
309 914 363 941 τοῦ
387 914 510 948 ψαλμοῦ
533 917 588 940 xa’.
611 928 646 934 ——
664 914 710 946 Ὧς
730 913 788 940 τῶν
808 913 941 947 περάτων

996 904 1024 932 V.
1053 906 1074 932 A
1099 906 1201 940 psalmo
1218 913 1275 947 xxi.
1296 921 1330 926 —-
1350 905 1621 948 Quod'ertremo‘ru'm
1640 907 1732 934 teme,
1750 907 1776 930 et

194 949 250 982 τῆς
275 949 341 983 γῆς,
362 950 408 975 καὶ
430 949 488 975 τῶν
505 949 599 975 ἐθνῶν
617 949 756 975 ἀπάντων
775 949 940 982 ἐπιστροφὴ

192 985 277 1011 ἔσται
299 984 375 1018 ,πρὸς
397 984 449 1010 τὸν
475 984 558 1016 Θεὸν,
581 983 668 1018 γενεά
689 992 720 1010 τε
742 984 868 1015 ἥξουσα,
893 984 941 1010 καὶ

193 1019 269 1052 λαὸς
283 1021 299 1046 ό
320 1020 539 1054 τεχθησόμενος
558 1019 615 1053 τὴν
634 1019 727 1046 αὑτοῦ
747 1019 943 1053 δικαιοσύνην·

193 1054 414 1088 παραλήψεται.

199 1121 210 1137 1
231 1111 450 1147 Μνησθήσονται,
458 1110 504 1138 καὶ¹
513 1109 830 1146 ὲπιστραφήσονταιπρὸς
841 1110 943 1146 Κύριον

159 1157 249 1185 πάντα
264 1157 298 1184 τὰ
315 1157 421 1192 πέρατα
435 1156 485 1191 τῆς
498 1157 559 1191 γῆς,
575 1156 622 1182 καὶ
635 1157 866 1191 προσκυνήσουσιν
878 1156 943 1182 ἐνὼ-

158 1211 222 1229 πισν
247 1200 329 1228 αὑτοῦ
354 1202 440 1228 πᾶσαι
461 1201 489 1227 αἱ
512 1201 624 1235 πατριαὶ
643 1200 697 1227 τῶν
714 1200 797 1227 ἐθνῶν
809 1209 815 1216 ·
834 1201 874 1227 ὅτι
895 1200 941 1227 τοῦ

159 1248 262 1282 Κυρίου
275 1248 291 1282 ἡ
309 1247 439 1282 βασιλεία,
460 1247 505 1273 καὶ
524 1247 604 1278 αὐτὸς
615 1245 738 1278 δεσπόζει
756 1246 809 1272 τῶν
824 1246 916 1272 ἐθνῶν.
930 1255 939 1271 ι

159 1293 216 1320 Καὶ
226 1293 289 1328 ἑξῆς
303 1293 422 1327 ἐπιλέγει
433 1301 439 1307 ·
461 1301 470 1317 1
495 1291 720 1326 Ἀναγγελήσεται
731 1290 769 1326 τῷ
784 1291 878 1326 Κυρίῳ
902 1298 944 1324 γε-

158 1339 208 1367 νεὰ
231 1340 248 1374 ἡ
267 1338 411 1374 ἐρχομένη,
431 1339 477 1364 καὶ
500 1336 676 1371 ἀναγγελοῦσι
701 1337 750 1371 τὴν
773 1336 943 1372 δικαιοσύνην

157 1385 241 1413 αὐτοῦ
256 1385 313 1420 λαῷ
323 1385 362 1420 τῷ
375 1385 573 1420 τεχθησομένῳ,
589 1384 618 1410 ὃν
637 1383 763 1418 ἐποίησεν
774 1384 789 1409 ό
804 1382 915 1418 Κύριος.
931 1392 941 1409 ›

155 1431 236 1467 Σαφῆ
252 1431 348 1464 ταῦτα,
366 1431 419 1457 οὐδ’
436 1429 582 1466 ἑρμηνείας
595 1429 719 1464 δεόμενα..

97 1512 103 1519 ,
159 1488 207 1521 ς’.
223 1487 288 1514 Ἀπὸ
301 1487 354 1514 τοῦ
368 1486 490 1521 ψαλμοῦ
507 1489 563 1521 μᾷ.
575 1501 610 1505 -
623 1485 784 1521 ΕὑσεόεΙας
797 1484 871 1521 ὁμοῦ
894 1485 943 1521 καὶ

193 1519 393 1556 σωφροσύνής
407 1519 568 1555 ὲῖὶαγγέλία
588 1520 647 1552 τοῖς
667 1520 778 1553 ἔθνεσι,
802 1519 851 1546 καὶ
870 1520 944 1547 Θεοῦ

190 1558 336 1590 ,βασιλεία
349 1557 397 1584 ἐπὶ
412 1557 447 1584 τὰ
462 1557 543 1590 ἔθνη.

194 1615 287 1642 Πάντα
296 1615 329 1641 τὰ
335 1614 408 1649 ἔθνη,
420 1614 569 1649 κρατήσατε
576 1614 678 1649 χεῖρας,
685 1612 833 1646 ἀλαλάξατε
841 1612 879 1647 τῷ
886 1612 945 1647 Θεῷ

159 1662 188 1687 ἒν
204 1662 278 1696 φωνῇ
294 1660 477 1695 ἀγαλλιάσεως
489 1669 495 1674 ·
512 1659 553 1686 ὅτι
569 1659 671 1694 Κύριος
685 1658 804 1693 ὕψιστος,
819 1649 944 1694 φοϐερὸς.

160 1707 287 1742 βασιλεὺς
298 1706 384 1741 μέγας
398 1706 444 1732 ἐπὶ
461 1706 550 1732 πᾶσαν
568 1706 616 1740 τὴν
634 1705 696 1740 γῆν.
712 1715 721 1731 ι
740 1705 794 1731 Καὶ
809 1704 870 1740 ἑξῆς
887 1705 945 1730 ἐπι-

157 1751 250 1786 λέγει·
271 1761 280 1777 1
298 1752 358 1778 ’Ὁτι
379 1751 503 1786 βασιλεὺς
521 1751 610 1786 πάσης
625 1750 674 1785 τῆς
692 1750 744 1784 γῆς
766 1750 781 1775 ὁ
797 1750 872 1781 Θεὸς,
893 1749 945 1784 ψά-

159 1799 224 1825 λατε
240 1797 368 1829 συνετῶς.
391 1797 578 1824 Ἐϐασίλευσεν
591 1798 605 1823 ὁ
619 1797 686 1828 Θεὸς
702 1797 748 1823 ἐπὶ
768 1795 802 1822 τὰ
822 1795 895 1831 ἔθνη.
917 1795 945 1822 ’0

159 1844 226 1876 Θεὸς
251 1844 365 1880 κάθηται
391 1844 436 1870 ἐπὶ
460 1843 555 1879 θρόνου
579 1843 656 1877 ἁγίου
681 1841 773 1869 αὐτοῦ.
801 1842 946 1878 ’Ἄρχοντες

159 1891 232 1918 λαῶν
255 1890 426 1926 συνήχθησαν
453 1890 522 1925 μετὰ
541 1889 587 1916 τοῦ
609 1888 676 1915 Θεοῦ
702 1888 836 1923 Ἀϐραάμ.
856 1896 865 1913 ι
890 1888 946 1914 Καὶ

161 1937 246 1964 ταῦτα
263 1937 346 1972 σαφῆ,
363 1937 409 1963 καὶ
423 1936 476 1963 οὐδ’
489 1936 636 1972 ἑρμηνείας
649 1935 774 1970 δεόμενα.

160 1994 198 2021 Z'.
220 1993 291 2021 Ἀπὸ
307 1993 430 2028 ’ψαλμοῦ
445 1992 700 2055 πῃκὲθ-ῐέχῖλωσις
718 1990 872 2023 εὐσεϐείας
889 1988 947 2016 τῶν

556 2036 606 2054 ων.

200 2095 211 2113 1
230 2087 287 2113 Οὔκ
301 2085 373 2113 ἐστιν
387 2086 477 2122 ὅμοιός
500 2094 540 2112 σοι
560 2085 589 2112 ὲν
611 2084 691 2115 θεοῖς,
708 2083 804 2119 Κύριε,
826 2081 873 2108 καὶ
899 2081 948 2108 οὐκ

161 2132 220 2159 ἔστι
232 2132 304 2159 κατὰ
325 2132 394 2168 ἔργα
410 2140 467 2158 σου.
485 2131 577 2157 Πάντα
593 2130 626 2157 τὰ
643 2130 705 2165 ἔθνη
732 2130 782 2156 ὃσα
805 2127 945 2162 ἐποίησας,

162 2179 267 2215 ἥξουσι,
281 2178 328 2204 καὶ
343 2178 575 2214 προσκυνήσουσιν
590 2175 706 2202 ἐνώπιόν
719 2183 776 2207 σου,
791 2173 888 2208 Κύριε,
900 2172 947 2199 καὶ

162 2223 302 2256 δοξάσουσι
319 2223 350 2250 τὸ
363 2223 447 2259 ὗνομά
467 2231 514 2249 σου
526 2231 533 2237 ·
547 2223 587 2248 ὅτι
603 2222 687 2257 μέγας
700 2219 726 2247 εἴ
740 2221 783 2252 σὺ,
800 2219 847 2246 καὶ
862 2217 946 2245 ποιῶν

162 2254 318 2304 θαυμάσια*
335 2269 367 2295 σὺ
382 2254 436 2294 είὸ
446 2267 511 2299 Θεδς
529 2254 617 2302 μόνος.
671 2265 784 2297 Ὁμοίως
800 2264 848 2291 καὶ
861 2263 947 2290 ταῦτα
962 2254 984 2281 Ῑ)

166 2315 248 2349 σαφῆ.

166 2373 206 2399 11*-
229 2371 300 2399 Ἀπὸ
317 2371 371 2398 τοῦ
393 2370 527 2405 ψαλμοῦ.
545 2371 599 2405 [ιε-’.ν
613 2385 648 2405 -ῖ
669 2367 803 2400 Δήλωσις
827 2365 948 2405 πέπωκ’

201 2407 260 2434 τῶν
273 2406 367 2434 ἐθνῶν
379 2399 533 2438 εὖσεὲειας
553 2399 603 2431 καὶ
623 2403 755 2438 ᾄσματος
769 2400 883 2438 καινοῦ,
899 2399 948 2426 καὶ

197 2441 358 2474 ,βασιλείας
373 2441 456 2472 Θεοῦ,
471 2437 708 2473 καϊοὶκουμένης
721 2437 912 2470 κατόρθωσις.

204 2497 213 2513 1
235 2488 334 2524 ’ᾼσατε
341 2486 380 2522 τῷ
396 2486 491 2522 Κυρίῳ
502 2484 576 2521 ᾆσμα
589 2484 691 2515 καινὸν,
707 2482 792 2519 ᾄσατε
802 2481 840 2516 τῷ
855 2479 950 2515 Κυρίῳ

167 2534 242 2560 πᾶσα
256 2535 273 2569 ἡ
290 2533 335 2568 γῆ.
355 2533 455 2568 ᾌσατε
464 2531 502 2567 τῷ
516 2531 622 2567 Κυρίῳ,
636 2529 799 2564 εὺλογήσατε
815 2527 845 2553 τὺ
867 2526 951 2561 δνομα

169 2578 262 2611 αὑτοῦ,
271 2577 481 2613 εὐαγγελίσασθε
495 2577 601 2613 ἡμέραν
617 2576 647 2608 ὲξ
663 2574 768 2610 ἡμέρας
779 2573 808 2599 τὺ
820 2572 951 2607 σωτήριον

169 2624 249 2651 αὑτοῦ
259 2633 265 2639 ·
280 2624 456 2658 ἀναγγεελατε
473 2624 502 2649 ὲν
522 2624 576 2654 τοῖς
596 2622 685 2648 ἔθνεσι
697 2620 745 2655 τὴν
765 2619 842 2651 δόξαν
858 2616 949 2648 αὑτοῦ,

171 2671 199 2697 ἑν
214 2672 280 2697 πᾶσι
299 2672 354 2702 τοῖς
378 2670 451 2702 λαοῖς
472 2669 507 2696 τὰ
527 2669 665 2704 θαυμάσια
686 2666 784 2693 αὑτοῦ·
804 2665 845 2691 ὅτι
866 2663 951 2698 μέγας

172 2715 271 2751 Κύριος
284 2715 330 2742 καὶ
344 2715 446 2747 αἰνετδς
467 2714 569 2749 σφόδρα
578 2722 585 2728 ·
609 2711 723 2747 φοϐερός
737 2712 810 2737 ἐστιν
824 2709 869 2735 ἐπὶ
885 2707 950 2734 πάν-

171 2766 218 2792 τας
241 2761 304 2791 τοὺς
328 2760 414 2792 θεούς.
441 2770 450 2786 ι
469 2760 522 2786 Καὶ
545 2758 683 2791 ὲπιλέγει·
711 2766 720 2782 1
750 2755 895 2785 Ἐνέγκατε
913 2756 954 2790 τῷ

207 2817 229 2832 ⁵⁵
240 2819 320 2846 Deut.
336 2826 423 2847 xuii.
436 2819 481 2846 45.
518 2818 540 2833 δ’
556 2816 630 2844 Psal.
644 2823 700 2848 xxi,
717 2814 811 2842 28-29.
843 2813 874 2829 '"
891 2812 958 2842 Ibid.
973 2814 1016 2842 52.

181 2859 278 2887 uuv,
295 2853 370 2881 8-10.
408 2854 430 2869 "
444 2851 516 2880 Psal.
528 2859 588 2885 xcv,
603 2850 630 2879 5.

1028 947 1180 969 cuuclarum
1192 943 1305 975 gentium
1323 941 1456 967 cunversio
1470 943 1521 966 erit
1535 939 1569 966 ad
1588 939 1667 975 Deum
1680 959 1687 969 ,
1701 946 1777 975 gene-

1028 974 1275 1017 ratioque_veiitura,
1289 981 1312 1003 et
1323 977 1434 1010 populus
1448 976 1491 1010 qui
1502 979 1634 1006 nascetur,
1641 974 1777 1008 justitiam

1027 1015 1085 1046 ejus
1095 1015 1213 1046 accipiet.

1031 1115 1041 1132 1
1061 1105 1301 1138 Reminiscentur,
1322 1109 1349 1132 et
1364 1108 1557 1132 convertentur
1577 1104 1611 1132 ad
1633 1104 1778 1131 Dominum

993 1151 1112 1179 universi
1127 1151 1193 1178 lines
1206 1156 1294 1182 terrae,
1307 1155 1334 1178 et
1344 1151 1497 1178 adorabunt
1513 1150 1540 1178 in
1551 1146 1699 1186 cdnspectu
1715 1151 1776 1184 ejus

994 1198 1127 1224 [adversus
1139 1196 1246 1223 familia:
1259 1197 1378 1229 gentium
1393 1206 1399 1223 :
1415 1195 1549 1229 Quoniam
1565 1188 1670 1222 Domini
1681 1199 1721 1222 est
1732 1203 1776 1222 re-

994 1250 1075 1278 gnum
1092 1261 1099 1274 ,
1117 1246 1144 1269 et
1166 1242 1224 1276 ipse
1244 1241 1430 1268 dominabitur
1454 1241 1481 1268 in
1503 1241 1629 1275 gentibus
1654 1240 1676 1256 "
1689 1259 1696 1271 ,
1717 1249 1727 1266 ι
1744 1247 1778 1268 ac

993 1288 1123 1323 deinceps
1135 1288 1256 1323 adjungit
1273 1298 1279 1315 :
1301 1296 1311 1313 1
1329 1287 1546 1314 Annuutiabitur
1562 1286 1676 1314 Domino
1692 1293 1777 1322 gene-

994 1335 1063 1361 ratio
1081 1337 1195 1361 ventura
1208 1353 1215 1365 ,
1239 1337 1265 1360 et
1283 1332 1485 1360 annuntiabunt
1498 1331 1632 1366 justitiam
1651 1331 1711 1364 eius
1729 1338 1778 1366 po-

993 1379 1069 1415 pulo,
1085 1379 1131 1414 qui
1147 1382 1287 1409 nascetur,
1298 1386 1379 1413 quem
1397 1378 1461 1405 fecit
1475 1377 1605 1404 Dominus
1620 1377 1652 1402 “.
1669 1385 1681 1402 ν
1694 1375 1778 1405 Plana

994 1430 1058 1454 sunt
1073 1426 1130 1453 haec
1145 1444 1152 1458 ,
1170 1429 1197 1452 et
1210 1425 1312 1452 nullius
1329 1424 1561 1459 interpretationis
1580 1423 1739 1458 indigentia.

994 1482 1039 1510 Vl.
1058 1483 1079 1509 Α
1105 1483 1207 1516 psalmo
1228 1489 1302 1510 xcvi.
1326 1496 1362 1502 —-
1385 1482 1496 1509 Pietatis
1513 1481 1610 1514 pariter
1631 1485 1655 1507 et
1679 1480 1781 1507 uetitis

1048 1518 1186 1553 promissio
1199 1517 1318 1553 gentibus
1331 1537 1339 1550 ,
1356 1521 1380 1544 et
1402 1516 1450 1543 Dei
1465 1524 1572 1552 regnum
1584 1516 1612 1542 in
1627 1520 1724 1551 gentes.

1033 1616 1043 1633 1
1062 1605 1162 1634 Omnes
1177 1609 1271 1641 gentes
1292 1604 1412 1639 plaudite
1428 1603 1553 1641 manibus
1565 1623 1573 1636 ,
1588 1603 1702 1637 jubilate
1722 1601 1779 1630 Deo

994 1653 1022 1681 in
1036 1660 1102 1681 voce
1112 1651 1315 1683 exsultationis,
1331 1651 1460 1686 quoniam
1477 1650 1606 1677 Dominus
1618 1648 1778 1680 altissimus,

993 1699 1123 1727 terribilis
1134 1718 1142 1730 ,
1162 1705 1209 1725 rex
1224 1704 1339 1731 magnus
1361 1703 1444 1730 super
1459 1703 1566 1722 omnem
1591 1699 1690 1721 terram
1701 1693 1722 1708 ⁸⁷
1737 1713 1745 1724 ,
1764 1701 1778 1719 θ

994 1752 1026 1771 ac
1037 1745 1164 1778 deinceps
1173 1743 1312 1777 adjungit:
1325 1751 1334 1766 1
1346 1740 1478 1774 Quoniam
1488 1748 1532 1767 rex
1541 1739 1630 1766 omnis
1638 1738 1690 1774 47
1700 1742 1781 1765 terra

995 1790 1077 1822 Deus,
1088 1789 1195 1825 psallite
1206 1788 1353 1823 sapienter.
1363 1786 1495 1821 Regnavit
1504 1785 1574 1812 Deus
1585 1792 1665 1819 super
1672 1789 1777 1819 gentes.

996 1835 1067 1863 Deus
1094 1834 1171 1863 sedet
1189 1841 1271 1868 super
1288 1833 1352 1860 sede
1373 1835 1466 1860 sancta
1487 1838 1543 1858 sua.
1560 1830 1699 1864 Principes
1731 1837 1780 1864 po-

996 1882 1120 1917 pulorum
1134 1883 1320 1907 convenerunt
1327 1885 1388 1905 cum
1404 1876 1460 1904 Deo
1467 1876 1603 1903 Abraham
1614 1875 1646 1900 “.
1659 1884 1668 1901 ι
1680 1874 1713 1901 Et
1722 1874 1780 1901 haec

996 1928 1062 1955 item
1076 1927 1154 1963 plana
1169 1947 1176 1958 ,
1192 1933 1243 1953 nec
1259 1922 1491 1959 interpretationis
1504 1921 1661 1957 indigentia.

996 1982 1052 2010 γυ.
1081 1983 1102 2009 Α
1117 1981 1217 2016 psalmo
1234 1988 1331 2007 uxxv.
1350 1993 1385 2019 —_-
1409 1977 1560 2004 Dcclaratio
1586 1975 1693 2010 pietatis
1716 1981 1779 2010 gnt-

1350 2019 1427 2041 num.

1034 2085 1044 2101 1
1063 2075 1121 2102 Non
1137 2078 1179 2102 est
1194 2073 1292 2102 similis
1310 2072 1359 2099 tibi
1373 2072 1401 2098 in
1416 2070 1479 2102 diis,
1493 2068 1616 2100 Domine,
1627 2070 1654 2096 et
1670 2074 1724 2094 non
1736 2069 1778 2094 est

998 2121 1149 2148 secundum
1162 2126 1244 2154 opera
1259 2123 1314 2145 tua.
1331 2118 1432 2148 Omnes
1447 2119 1540 2152 gentes
1549 2119 1726 2149 quascunque
1738 2110 1778 2138 fe-

998 2168 1071 2199 cisti,
1088 2167 1209 2198 venient,
1231 2171 1259 2193 et
1279 2165 1432 2193 adorabunt
1451 2170 1543 2191 coram
1562 2165 1599 2193 te,
1616 2160 1739 2190 Domine,
1753 2163 1782 2186 et

997 2213 1187 2249 gloriﬁcabunt
1198 2220 1297 2239 nomen
1313 2215 1390 2238 tuum
1407 2219 1414 2237 ε
1426 2209 1554 2244 quoniam
1566 2213 1681 2241 magnus
1697 2213 1727 2232 es
1737 2207 1778 2236 tu,

997 2264 1024 2288 et
1032 2260 1135 2287 faciens
1148 2259 1283 2286 mirabilia
1297 2267 1304 2285 :
1320 2261 1348 2284 tu
1362 2264 1392 2284 es
1405 2255 1476 2284 Deus
1489 2255 1565 2282 solus
1574 2253 1607 2281 δ’.
1619 2262 1628 2278 ι
1645 2251 1707 2278 llaec
1716 2250 1781 2279 item

996 2315 1052 2335 non
1067 2307 1158 2333 minus
1173 2304 1315 2340 perspicua
1330 2306 1403 2332 sunt.

997 2362 1065 2391 Vill.
1079 2361 1101 2388 Α
1115 2361 1217 2396 psalmo
1232 2368 1293 2387 xcv.
1311 2374 1345 2379 —-
1361 2357 1513 2396 Declaratio
1527 2355 1645 2396 omnium
1666 2352 1781 2396 gentium

1035 2387 1150 2432 pietatis,
1167 2401 1191 2423 et
1205 2387 1311 2427 cantici,
1332 2399 1356 2432 et
1380 2392 1567 2428 intelligentiae,
1590 2394 1615 2417 et
1635 2387 1706 2423 regni
1722 2387 1780 2419 Dei,

1036 2430 1060 2460 et
1072 2431 1142 2459 orbis
1155 2437 1232 2457 terra:
1246 2430 1383 2457 correctio.

1038 2487 1047 2504 1
1065 2477 1180 2505 Cantate
1195 2476 1311 2504 Domino
1323 2475 1459 2503 canticum
1475 2480 1586 2504 novum,
1607 2473 1713 2498 cantate
1728 2467 1781 2495 Do-

1001 2524 1076 2553 mino
1091 2523 1180 2551 omnis
1192 2527 1277 2551 terra.
1293 2521 1408 2550 Cantate
1439 2520 1563 2551 Domino,
1581 2522 1608 2545 et
1630 2514 1781 2543 benedicite

1001 2570 1105 2597 nomini
1129 2569 1200 2604 ejus,
1224 2568 1384 2596 annuntiate
1413 2567 1446 2594 de
1463 2566 1506 2593 die
1532 2564 1560 2591 in
1577 2563 1647 2590 diem
1663 2561 1782 2588 salutare

1003 2616 1073 2651 ejus,
1092 2616 1252 2643 annuntiate
1266 2615 1293 2642 in
1313 2613 1438 2650 gentibus
1457 2611 1569 2647 gloriam
1587 2609 1658 2644 ejus,
1682 2607 1710 2634 in
1725 2614 1783 2651 om-

1004 2650 1084 2689 nibus
1100 2662 1207 2697 populis
1220 2660 1355 2687 mirabilia
1369 2659 1429 2694 ejus
1442 2666 1448 2684 :
1460 2657 1589 2692 quoniam
1605 2660 1720 2689 magnus
1730 2650 1784 2678 Do-

1005 2708 1096 2736 minus
1109 2728 1116 2740 ,
1136 2712 1163 2736 et
1189 2706 1332 2734 laudabilis
1361 2704 1459 2732 valde:
1477 2701 1607 2729 terribilis
1635 2702 1677 2726 est
1702 2703 1784 2730 super

1005 2761 1100 2781 omnes
1113 2753 1178 2781 deos
1193 2753 1235 2784 I‘;
1255 2762 1264 2778 ι
1278 2756 1305 2779 et
1318 2750 1440 2782 adiungit
1455 2757 1461 2775 :
1481 2758 1490 2774 1
1505 2747 1605 2775 Aﬂ‘erte
1621 2743 1735 2773 Domino
1745 2740 1784 2769 fa-

1071 2814 1092 2829 "
1109 2813 1183 2840 Psal.
1211 2819 1284 2843 ιινι,
1315 2810 1376 2838 2-5.
1427 2809 1450 2824 “
1462 2808 1527 2835 ibid.
1543 2807 1560 2834 8
1578 2805 1620 2832 10.
1674 2802 1696 2818 ⁵⁸
1709 2800 1780 2828 Psal.
