2053 3218
141 188 196 217 157

605 186 932 217 DEMONSTRATlONIS
946 185 1176 216 EVANGELICAE
1192 187 1256 215 LIB.
1277 187 1310 215 11.

1718 183 1782 220 138'

140 248 190 283 τῆς
204 247 303 283 λοιπῆς
321 247 429 285 ἁπάσης
442 247 545 284 ἐρήμου
563 247 757 283 γενησομένης,
774 246 849 282 μόνοι
865 246 916 283 πλη

983 246 1164 274 vastationem
1181 254 1296 281 passura
1310 246 1356 277 sit,
1371 246 1422 274 soli
1437 246 1565 274 dicantur
1580 247 1768 282 mmtiplican-

140 293 324 330 θυνθήσεσθαι
339 294 472 330 λέγονται.
496 291 558 321 Εἶεν
574 294 596 321 δ’
618 293 650 320 ἂν
673 293 720 320 καὶ
742 291 813 319 οὗτοι
836 294 860 319 οἱ
880 292 928 320 τοῦ

138 339 265 375 Σωτῆρος
290 339 372 375 ἡμῶν
404 338 522 375 μαθηταὶ
552 338 582 370 ἐξ
610 338 742 374 Ἑϐραίων
763 338 803 369 είς
826 338 928 369 πάντας

138 383 300 420 ἀνθρώπους
315 385 501 421 προελθόντες,
515 383 538 412 οἳ
554 384 600 412 καὶ
613 384 689 420 δίκην
701 384 859 420 σπέρματος
876 393 927 410 κα-

137 430 345 465 ταλειφθέντες,
371 431 502 466 πολύχουν
526 432 716 467 προσήνεγκαν
740 431 785 457 τὸν
809 430 926 466 καρπὸν,

138 476 187 509 τάς
198 476 259 503 καθ’
270 476 337 512 ὅλης
346 477 396 512 τῆς
409 477 570 512 οἰκουμένης
580 476 634 503 τῶν
647 476 733 503 ἐθνῶν
751 476 924 512 Ἐκκλησίας⁸

137 522 185 550 καὶ
197 523 245 550 θέα
261 530 304 557 γε,
319 523 358 556 ὡς
374 522 444 550 κατὰ
456 523 486 549 τὸ
500 523 565 550 αὐτό
582 531 648 559 φησι
663 522 774 554 τούτους
791 523 842 558 μὲν
859 523 927 558 πλη-

136 568 317 604 θυνθήσεσθαι
350 569 448 604 μόνους
476 567 704 602 καταλειφθέντας
737 568 770 594 ὲκ
798 568 847 603 τῆς
871 568 926 595 τῶν

142 613 276 641 Ἰουδαίων
304 613 499 646 ἀποπτῶσεως,
523 614 644 645 ἐκείνους
671 622 704 647 γε
729 613 782 649 μὴν
810 613 926 648 πάμπαν

135 660 256 696 ἐρήμους
267 659 387 686 ἔσεσθαιο
406 668 415 686 t
438 659 471 686 Ἦ
487 660 522 695 γῆ
537 660 591 695 γὰρ
600 659 699 691 αὐτῶν,
710 659 786 694 φησὶ,
802 660 926 686 καταλει-

136 706 269 742 φθήσεται
287 705 400 742 ἒρημος.
425 716 434 732 ι
455 705 540 732 Τοῦτο
561 705 590 733 δὲ
605 707 652 733 καὶ
678 706 806 742 ἀνωτέρω
833 706 925 738 αὐτοῖς

135 753 242 788 ἐλέγετο
259 753 312 780 ὑπὸ
324 752 371 779 τοῦ
388 752 470 781 αὐτοῦ
486 753 636 789 προφήτου,
655 753 725 779 κατὰ
739 753 778 785 τὸ,
803 762 811 778 ι
835 753 866 780 Ἠ
889 754 925 788 γῆ

135 799 212 835 ὑμῶν
227 798 340 835 ἕρημος,
357 800 386 826 αἱ
402 799 494 831 πόλεις
508 798 585 835 ὑμῶν
599 799 778 835 πυρίκαυστοι
788 808 794 814 ⁸
809 799 858 835 τὴν
869 799 924 834 χώ-

109 852 110 859 ‘
136 852 184 878 ραν
208 843 296 879 ὑμῶν,
323 843 439 871 ἐνώπιον
464 843 541 879 ὑμῶν
570 843 706 879 ἀλλότριοι
735 843 923 871 κατεσθίουσιν

133 890 229 925 αὑτήν.
256 899 266 915 ›
284 888 354 916 Πότε
370 889 399 916 δὲ
422 890 469 916 καὶ¹
490 890 576 917 ταῦτα
595 889 747 925 ἐπληροῦτο
765 890 781 925 ἢ
800 890 853 916 ἀπὸ
869 889 923 916 τῶν

981 291 1020 321 di.
1035 291 1120 319 Erunt
1133 296 1223 320 autem
1236 293 1275 325 hi,
1290 293 1341 328 ipsi
1359 291 1510 320 Salvatoris
1527 293 1615 321 nostri
1627 293 1767 330 discipuli,

980 339 1027 375 qui
1041 340 1075 367 ab
1091 339 1222 371 Hebraeis,
1239 340 1274 367 ad
1292 348 1388 369 omnes
1404 340 1527 368 homines
1545 340 1671 376 profecti,
1687 345 1771 377 atque

979 385 1067 413 instar
1081 386 1193 413 seminis
1206 386 1306 418 relicti,
1321 384 1433 414 uberem
1450 387 1504 422 7o
1513 386 1631 414 fructum
1647 388 1768 422 protule-

978 435 1053 464 runt,
1064 431 1138 467 ipsas
1152 432 1272 466 gentium
1282 432 1310 459 in
1323 434 1380 459 toto
1389 432 1454 460 orbe
1463 437 1596 460 terrarum
1609 432 1745 461 Ecelesias
1759 442 1766 461 :

977 481 1005 505 et
1019 477 1124 511 inspice
1136 485 1213 509 sane,
1228 478 1459 513 quemadmodum
1473 479 1567 506 eodem
1583 482 1706 514 tempore
1717 479 1768 506 hos

978 523 1052 551 solos
1063 523 1219 551 Iudaeorum
1231 525 1318 552 ruinae
1331 525 1494 560 superstites
1508 524 1717 559 multiplicatum
1733 525 1767 552 iri

978 568 1103 601 allirmat,
1129 569 1190 596 illos
1210 574 1300 597 autem
1328 570 1504 597 solitudinem
1528 570 1648 605 penitus,
1676 574 1767 597 vasta-

977 616 1134 651 tionemque
1153 624 1293 651 passuros.
1313 625 1322 642 ι
1349 615 1433 644 Terra
1449 617 1532 648 enim,
1557 617 1654 652 inquit,
1669 624 1766 644 eorum

976 663 1148 697 relinquetur
1165 663 1285 691 deserta.
1305 673 1314 689 ι
1335 663 1420 691 Porro
1446 664 1497 691 hoc
1523 664 1613 699 ipsum
1637 663 1765 698 superius

975 716 1084 743 quoque
1101 709 1205 736 dictum
1223 713 1275 741 est,
1289 709 1323 736 ab
1339 709 1433 738 eodem
1453 710 1584 745 propheta
1597 709 1631 737 ad
1642 709 1764 740 eosdem.

977 754 1023 781 illo
1041 754 1102 781 loco
1130 763 1135 781 :
1157 763 1166 778 ι
1187 759 1260 782 terra
1285 760 1377 783 vestra
1393 755 1513 789 deserta,
1528 755 1654 783 civitates
1667 760 1765 782 vestra

976 807 1115 828 succensas
1144 801 1198 836 igni
1226 811 1232 828 :
1262 802 1401 837 regionem
1423 806 1553 834 vestram,
1571 801 1599 829 in
1614 806 1763 837 conspectu

975 850 1067 874 vestro
1094 847 1174 874 alieni
1202 847 1333 874 devorant
1357 848 1389 874 ³³.
1418 858 1427 874 ι
1453 848 1568 881 Quando
1594 851 1684 875 autem
1706 847 1764 874 haec

975 893 1085 921 tandem
1103 894 1238 929 completa
1254 898 1329 925 sunt,
1346 895 1368 922 si
1382 902 1436 922 non
1462 900 1523 930 post
1541 893 1692 921 Salvatoris
1710 901 1762 921 no-

133 936 236 972 χρόνων
249 936 297 963 τοῦ
312 936 435 972 Σωτῆρος
450 936 544 972 ήμῶνς
559 936 612 968 ἕως
628 936 676 972 μὲν
688 936 742 971 γὰρ
753 936 858 962 οὐδέπω
873 935 916 968 τὰς

975 938 1183 974 stritempora?
1210 940 1362 975 Antequam
1385 941 1458 967 enim
1481 945 1576 968 contra
1605 941 1679 967 illum
1707 945 1761 967 tam

133 981 193 1008 κατ’
216 981 299 1008 αὑτοῦ
322 982 524 1017 τετολμήκεσαν
546 982 715 1015 δυσσεϐείας,
733 983 783 1009 οὐκ
801 980 864 1018 ἦνὴ
886 983 922 1018 γῆ

132 1027 221 1055 αὐτῶν
237 1027 349 1066 ἔρημος,
367 1028 427 1055 οὐδὲ
444 1029 472 1055 αἱ
491 1029 582 1061 πόλεις
599 1029 787 1065 πυρίκαυστοι,
800 1029 859 1056 οὐδὲ
874 1029 923 1065 τὴν

131 1073 223 1110 χώραν
243 1073 332 1100 αὐτῶν
348 1073 482 1108 ἀλλότριοι
498 1073 659 1109 κατήσθιον·
682 1074 736 1100 ἀπὸ
756 1074 784 1100 δὲ
806 1074 856 1109 τῆς
880 1075 922 1100 ὲν-

132 1119 193 1147 θέου
212 1120 304 1155 φωνῆς
321 1120 440 1156 ἐκείνηςέ
457 1120 489 1147 δι’
503 1118 536 1156 ἧς
549 1121 579 1147 τὸ
596 1121 691 1156 μέλλον
705 1121 796 1153 αὐτοῖς
814 1120 921 1147 ἔσεσθαι

131 1165 329 1201 προύθέσπισεν
350 1166 430 1198 αὐτὸς
449 1167 463 1193 ὁ
480 1167 576 1202 Σωτὴρ
591 1167 638 1193 καὶ
655 1165 757 1202 Κύριος
778 1166 866 1201 ἡμῶν,
884 1167 921 1192 εἰ-

130 1212 199 1245 πὼν,
215 1221 224 1237 ι
247 1212 370 1247 ’Δφίεται
383 1213 397 1239 ὁ
410 1210 483 1243 οἶκος
498 1211 611 1248 ἔρημος,
631 1222 640 1237 ι
659 1211 689 1244 ἐξ
704 1212 808 1238 ἐκείνου
828 1212 876 1238 καὶ
889 1213 920 1238 οὐ

133 1258 189 1293 μετ’
206 1259 237 1286 οὗ
259 1257 327 1284 πολὺ
349 1257 400 1292 τῆς
418 1257 607 1293 προρρήσεως,
625 1257 848 1292 πολιορκηθέντες
867 1257 920 1284 ὑπὸ

135 1304 288 1340 Ῥωμαίων,
314 1305 354 1336 είς
377 1304 478 1340 ἔρημον
500 1304 681 1339 κατέστησαν.
705 1305 760 1330 Καὶ
779 1304 808 1330 τό
825 1313 856 1338 γε
875 1304 918 1330 αἴ-

128 1359 185 1378 τιον
213 1351 265 1387 τῆς
285 1350 452 1387 ἐρημώσεως
471 1350 559 1377 αὐτῶν
582 1351 749 1386 προφητικὺς
770 1351 848 1385 λόγος
868 1352 920 1377 ἀπ-

128 1397 246 1432 ελέγχει,
266 1396 409 1433 μονονουχὶ
428 1396 521 1430 σαφῶς
535 1396 730 1432 διερμηνεύων,
748 1398 794 1423 καὶ
814 1398 862 1433 τὴν
877 1397 918 1424 nti-

127 1443 254 1478 τίαν,τῆς
267 1434 452 1474 ἀποπτῶσεως
467 1441 556 1469 αὐτῶν
574 1443 717 1478 παριστὰς.
740 1443 848 1478 Ἐπειδὴ
865 1443 917 1480 γὰρ

126 1486 173 1514 τοῦ
183 1487 310 1524 Σωτῆρος
321 1487 401 1523 ἡμῶν
413 1487 583 1519 διδάσκοντος
593 1489 621 1514 ὲν
634 1488 724 1520 αὐτοῖς
739 1489 914 1521 ἀκούσαντες,

124 1532 177 1560 ὠσὶ
189 1532 311 1565 διανοίας
327 1534 376 1561 οὐκ
397 1533 525 1569 ἡκουσαν,
548 1534 607 1560 οὐδὲ
634 1533 754 1568 συνῆκαν
774 1535 847 1566 ὅστις
865 1532 913 1569 ἦν·

128 1578 229 1610 ίδόντες
243 1578 272 1605 δὲ
284 1578 364 1606 αὐτὸν
374 1579 475 1614 σαρκδς
490 1578 650 1614 ὀφθαλμοῖς,
667 1581 723 1611 τοῖς
735 1579 756 1614 (1
765 1587 773 1614 )
786 1581 915 1616 ψυχῆς-οὺ

126 1623 280 1657 τεθέανται,
297 1624 435 1660 ὲπάχυνάν
446 1633 475 1651 τε
492 1625 595 1652 ἑαυτῶν
611 1625 659 1660 τὴν
671 1626 795 1662 καρδίαν,
807 1627 853 1653 καὶ
868 1632 915 1661 pro;
928 1638 949 1667 ο

124 1670 231 1706 νονουχὶ
254 1671 317 1702 τοὺς
338 1670 494 1706 ὀφθαλμοὺς
515 1672 564 1707 τῆς
589 1672 709 1704 διανοίας
734 1672 847 1708 ἔμυσαν,
868 1673 914 1699 καὶ

122 1716 157 1744 τὰ
176 1714 235 1744 ὦτα
254 1717 400 1753 ὲὸἁρυνοιν,
419 1718 456 1749 ὥς
477 1727 559 1753 φησιν
584 1719 600 1753 ἡ
624 1719 776 1753 προφητεία
789 1738 795 1750 ,
818 1720 914 1746 τούτου

122 1763 205 1800 χάριν
217 1763 446 1799 ὲρημωθήσεσθαι
462 1763 552 1791 αὐτῶν
568 1773 634 1799 φησι
653 1764 702 1796 τὰς
722 1765 822 1797 πόλεις,
839 1765 915 1801 παρὰ

122 1807 152 1835 τὸ
167 1807 206 1843 μὴ
220 1807 417 1839 κατοικεῖσθαι,
434 1809 481 1834 καὶ
495 1809 544 1844 τὴν
557 1809 608 1843 γῆν
622 1809 784 1844 γενήσεσθαι
800 1809 912 1845 ἔρημον,

123 1853 234 1890 βραχεῖς
250 1853 278 1880 δέ
302 1862 377 1885 τινας
394 1854 424 1886 ἐξ
446 1854 535 1881 αὐτῶν
554 1854 809 1890 ὑπολειφθήσεσθαι,
835 1856 913 1892 δίκην

121 1900 233 1936 γονίμου
250 1900 297 1927 καὶ
311 1899 438 1935 ζωπύρου
454 1899 612 1936 σπέρματος
629 1901 866 1936 πεφυλαγμένους·
888 1902 912 1928 οἳ

121 1945 168 1972 καὶ
189 1947 230 1978 εἰς
247 1946 351 1977 πάντας
372 1945 548 1981 προελθόντες
568 1946 739 1982 ἀνθρώπους.
756 1947 911 1984 πληθυνθῆ-

121 1990 215 2017 σεσθαι
235 1991 282 2017 ἐπὶ
298 1990 348 2026 τῆς
368 1991 419 2026 γῆς
443 1991 577 2025 λέγονται.
602 1991 674 2027 Πλὴν
690 1991 758 2019 ἀλλὰ
779 1993 825 2019 καὶ
843 1993 912 2028 μετὰ

121 2036 168 2072 τὴν
187 2036 301 2073 πρόοδον
322 2037 425 2063 τούτων
446 2037 544 2069 αὐτῶν,
565 2037 666 2074 δηλαδὴ
687 2039 741 2065 τῶν
755 2038 911 2065 ἀποστόλων

120 2083 166 2111 τοῦ
186 2084 316 2120 Σωτῆρος
330 2083 420 2119 ἡμῶν,
438 2084 478 2111 ἔτι
495 2085 577 2120 φησὶν
601 2085 643 2112 ἐπ’
665 2085 750 2121 αὐτῆς
773 2086 821 2122 τῆς
847 2086 912 2113 Ἰου-

117 2129 195 2162 δαίας
207 2129 300 2166 χώρας
314 2128 451 2164 διαμεῖναι
464 2124 494 2155 τὺ
505 2129 673 2162 ἐπιδέκατον,
685 2131 732 2157 καὶ
745 2131 813 2165 μετὰ
824 2131 910 2158 ταῦτα

118 2173 195 2207 αὖθις
218 2175 329 2202 ἔσεσθαι
344 2175 442 2208 αὐτοὺς
464 2176 503 2207 εἰς
527 2176 665 2212 προνομὴν
688 2177 725 2209 ὡς
744 2178 908 2215 τερέϐινθος,

117 2220 164 2248 καὶ
176 2220 215 2253 ὡς
234 2220 350 2256 βάλανος
369 2221 433 2248 ὅταν
451 2221 554 2257 ἐκπέσῃ
569 2222 619 2257 τῆς
634 2222 721 2257 θήκης
738 2223 831 2258 αὐτῆς.
855 2222 909 2251 Πα-

118 2267 225 2303 ρίστησι
246 2267 286 2299 δὲ,
305 2266 344 2299 ὡς
363 2265 448 2302 οἶμαι,
467 2267 511 2294 διὰ
528 2267 631 2294 τούτων
647 2267 660 2293 ὀ
674 2268 762 2303 λόγος,
782 2270 822 2296 ὃτι
840 2271 910 2306 μετὰ

975 985 1058 1020 impia
1077 985 1196 1013 facinora
1216 986 1275 1013 ausi
1291 990 1395 1017 essent,
1410 995 1549 1022 nunquam
1565 987 1653 1014 fuerat
1666 993 1762 1014 eorum

974 1034 1046 1058 terra
1058 1031 1166 1059 deserta
1181 1041 1187 1059 :
1204 1040 1293 1067 neque
1309 1032 1434 1060 civitates
1449 1040 1543 1060 eorum
1555 1033 1676 1060 incensae
1692 1033 1760 1068 igni,

973 1086 1061 1113 neque
1077 1079 1214 1113 regionem
1225 1086 1319 1105 eorum
1334 1079 1414 1106 alieni
1429 1077 1637 1106 devoraverant.
1652 1077 1691 1106 Ex
1706 1086 1761 1114 quo

973 1127 1062 1150 autem
1079 1123 1198 1150 divinam
1213 1123 1286 1150 illam
1301 1130 1394 1150 vocem
1409 1124 1467 1158 ipse
1477 1122 1603 1150 Salvator
1620 1127 1647 1151 et
1669 1123 1761 1151 Domi-

972 1177 1025 1196 nus
1048 1173 1141 1196 noster
1163 1169 1266 1202 emisit,
1293 1177 1347 1204 qua
1369 1169 1434 1200 illis,
1459 1169 1532 1204 quod
1549 1169 1671 1197 futurum
1688 1173 1759 1201 erat,

972 1214 1112 1246 indicavit,
1130 1216 1170 1243 sic
1198 1216 1304 1246 dicens,
1321 1224 1330 1240 ι
1349 1215 1531 1250 Relinquetur
1551 1216 1649 1243 domus
1668 1219 1759 1243 vestra

971 1260 1078 1288 deserta
1092 1261 1126 1293 ⁸⁵,
1144 1271 1153 1286 ι
1170 1269 1203 1288 ex
1217 1261 1275 1292 illo,
1294 1261 1418 1296 inquam.
1435 1269 1524 1296 neque
1543 1261 1580 1288 ita
1598 1262 1684 1289 multo
1698 1267 1761 1297 post

970 1307 1051 1334 talem
1069 1307 1285 1342 prmdictionem,
1305 1308 1343 1335 illi
1358 1308 1502 1336 obsidione
1523 1308 1611 1344 pressi
1631 1316 1644 1335 a
1663 1308 1762 1336 Roma-

969 1352 1023 1384 nis,
1049 1353 1077 1380 in
1108 1353 1284 1380 solitudinem
1311 1361 1342 1380 ac
1371 1354 1525 1381 vastitatem
1551 1354 1656 1382 redacti
1682 1358 1758 1383 sunt.

968 1397 1087 1425 Causam
1100 1399 1182 1425 etiam
1198 1399 1362 1427 vastationis
1385 1407 1478 1426 eorum
1502 1407 1593 1427 sermo
1616 1400 1758 1435 propheti-

968 1450 1017 1471 cus
1032 1444 1191 1478 exprobrat,
1211 1444 1257 1470 ubi
1272 1447 1366 1478 aperte
1380 1443 1576 1478 propemodum
1595 1444 1759 1480 interpreta-

968 1493 1024 1520 tur,
1039 1493 1067 1516 et
1086 1488 1261 1516 manifestum
1278 1489 1414 1524 proponit,
1428 1489 1558 1524 quidnam
1578 1489 1661 1517 fuerit
1679 1489 1758 1524 illud,

967 1533 1039 1568 quod
1052 1534 1106 1560 illis
1121 1533 1227 1560 ruinam
1248 1534 1381 1561 attulerit.
1397 1533 1546 1569 Postquam
1569 1535 1643 1562 enim
1665 1534 1758 1562 Salva-

967 1584 1054 1606 torem
1082 1583 1206 1606 nostrum
1223 1582 1294 1614 apud
1316 1581 1390 1615 ipsos
1409 1581 1554 1608 docentem
1574 1581 1626 1617 ipsi
1643 1581 1758 1609 audien-

968 1629 1018 1656 tes,
1034 1626 1146 1652 auribus
1164 1626 1264 1653 mentis
1287 1634 1341 1653 non
1363 1627 1520 1658 audierunt,
1546 1634 1635 1662 neque
1649 1628 1758 1655 intelle-

968 1676 1066 1698 xerunt
1081 1672 1208 1706 quisnam
1226 1676 1310 1705 esset,
1326 1678 1354 1700 et
1367 1673 1442 1699 illum
1455 1673 1543 1701 oculis
1557 1675 1682 1709 corporis
1696 1681 1756 1701 cer-

966 1723 1075 1750 nentes,
1088 1719 1171 1746 animi
1182 1719 1271 1747 oculis
1286 1727 1339 1746 non
1351 1723 1562 1754 perspexerunt,
1577 1727 1758 1754 crassumque

966 1771 1046 1791 suum
1077 1765 1200 1799 ipsorum
1229 1772 1277 1792 cor
1304 1765 1493 1797 reddiderunt,
1519 1768 1545 1793 et
1570 1773 1640 1801 pene
1660 1767 1756 1792 oculos

966 1811 1066 1838 mentis
1078 1812 1249 1843 clauserunt,
1263 1815 1346 1846 atque
1369 1819 1450 1839 aures
1465 1814 1660 1846 graVaverunt,
1673 1815 1704 1839 ut
1718 1812 1757 1838 ait

971 1857 1123 1891 prophetia.
1143 1856 1212 1883 Tum
1229 1860 1340 1892 propter
1350 1857 1420 1884 hanc
1433 1864 1557 1889 causam,
1574 1856 1700 1884 civitates
1712 1864 1756 1884 eo-
1772 1882 1775 1885 .

965 1910 1024 1928 rum
1046 1902 1112 1929 dicit
1124 1910 1186 1930 esse
1205 1902 1362 1935 vastandas,
1381 1902 1449 1930 adeo
1467 1906 1497 1930 ut
1516 1910 1571 1929 non
1586 1902 1754 1934 babitentur,

964 1956 996 1976 ac
1010 1953 1111 1976 terram
1127 1956 1222 1976 eorum
1236 1949 1294 1976 fore
1305 1949 1452 1980 desertam,
1473 1955 1577 1983 paucos
1590 1955 1655 1976 vero
1670 1955 1756 1983 quos-

964 1995 1027 2022 dam
1054 2003 1088 2022 ex
1106 1995 1160 2022 illis
1190 1994 1392 2030 superfuturus,
1411 1995 1457 2031 qui
1477 1994 1523 2021 ubi
1543 1994 1631 2022 instar
1644 1993 1754 2022 fecundi

965 2049 997 2068 ac
1013 2042 1067 2068 vivi
1082 2041 1195 2069 seminis
1219 2041 1374 2069 conservati
1397 2041 1508 2073 fuerint,
1528 2040 1562 2068 ad
1585 2048 1680 2068 omnes
1705 2041 1754 2068 ho-

963 2088 1052 2115 mines
1066 2091 1254 2124 penetrantes,
1267 2087 1468 2122 multiplicandi
1491 2080 1554 2115 esse
1577 2087 1605 2114 in
1621 2091 1694 2114 terra
1712 2088 1753 2114 di-

963 2137 1073 2161 cuntur.
1097 2133 1291 2162 Verumtamen
1315 2138 1377 2170 post
1398 2134 1497 2161 horum
1523 2133 1646 2168 ipsorum
1663 2133 1753 2168 profe-

963 2181 1094 2211 ctionem,
1115 2181 1302 2215 apostolorum
1329 2180 1456 2207 videlicet
1472 2178 1625 2206 Salvatoris
1653 2180 1752 2211 nostri,

963 2224 1053 2252 adhuc
1068 2225 1106 2252 ait
1123 2226 1151 2252 in
1167 2225 1226 2260 ipsa
1242 2226 1353 2260 regione
1367 2224 1522 2252 Iudaeorum
1537 2225 1672 2252 decimam
1692 2233 1752 2260 par-

961 2273 1016 2297 tem
1032 2278 1201 2304 mansuram,
1215 2278 1247 2298 ac
1267 2271 1396 2305 deinceps
1412 2279 1511 2299 rursus
1526 2270 1635 2299 futuros
1653 2278 1701 2298 eos
1723 2271 1751 2299 in

116 2313 164 2348 τὴν
181 2313 295 2350 πρώτην
316 2313 486 2350 πολιορκίαν,
499 2313 534 2349 ἢν
553 2313 622 2340 κατὰ
643 2314 707 2345 τοὺς
721 2315 776 2341 τῶν
796 2316 909 2343 ἀποστό-

969 2315 1154 2351 lireptionem,
1171 2318 1251 2351 quasi
1268 2317 1465 2350 terebinthum,
1481 2321 1508 2345 et
1524 2317 1605 2352 quasi
1623 2317 1750 2352 glandem

116 2355 167 2384 λων
183 2357 307 2393 χρόνους,
321 2357 367 2384 καὶ
378 2356 449 2384 κατὰ
471 2354 616 2393 Ῥωμαίων
633 2359 820 2396 αὐτοκράτορα
837 2362 904 2388 Οὐε-

118 2403 266 2430 σπασιανὸν
280 2403 447 2439 ἱστοροῦνται
462 2403 636 2436 πεπονθέναι,
653 2403 730 2437 αὖθις
741 2406 786 2433 ἐπὶ
804 2407 906 2443 Ἀδρια-

115 2447 160 2475 νοῦ
170 2449 299 2485 δεύτερον
313 2448 537 2485 πολιορκηθέντες
552 2451 690 2483 παντελῶς
703 2452 849 2487 εἴρχθησαν
857 2454 903 2480 τοῦ

113 2494 205 2526 πότων,
215 2493 256 2526 ὡς
270 2493 337 2530 μηδὲ
349 2495 396 2521 τοῦ
409 2495 522 2529 ἐδάφους
536 2497 585 2531 τῆς
606 2497 785 2534 Ἰερουσαλὴμ
797 2499 901 2526 ἐπιϐαί-

114 2546 168 2566 νειν
180 2539 389 2574 ἐπιτρέπεσθαι.
410 2539 496 2567 Τοῦτο
510 2540 531 2566 δ’
550 2539 596 2568 οὖν
616 2541 801 2578 αίνιττόμενός
823 2552 900 2578 φησιε

116 2593 125 2608 ε
142 2583 198 2611 Καὶ
210 2584 296 2612 πάλιν
306 2584 382 2612 ἱσται
403 2587 443 2618 εὶς
455 2587 604 2622 προνομὴν,
617 2587 653 2620 ὡς
671 2588 837 2623 τερέϐινθος,
855 2590 902 2616 καὶ

113 2629 236 2664 βάλανος,
253 2631 318 2658 ὃταν
337 2631 441 2669 ἐκπέσῃ
458 2633 489 2659 ὲκ
502 2633 552 2668 τῆς
567 2633 653 2669 θήκης
676 2634 761 2670 αὐτῆς

960 2361 1012 2388 suo
1025 2362 1114 2396 spolio
1126 2367 1246 2389 emtam.
1265 2362 1439 2390 Demonstrat
1460 2365 1563 2395 autem,
1576 2367 1605 2390 ut
1618 2363 1749 2395 arbitror,

959 2406 1002 2434 his
1019 2407 1108 2435 verbis
1131 2409 1285 2441 oraculum,
1312 2413 1376 2445 post
1397 2409 1514 2446 primam
1535 2410 1609 2436 illam
1625 2408 1749 2436 obsidio-

958 2462 1031 2486 nem,
1055 2462 1137 2490 quam
1162 2456 1348 2490 apostolorum
1370 2455 1553 2491 temporibus,
1571 2455 1624 2483 sub
1645 2453 1744 2489 Vespa-

957 2502 1035 2528 siano
1054 2501 1239 2529 Romanorum
1262 2502 1428 2537 imperatore
1447 2502 1570 2537 perpessi
1589 2505 1747 2533 narrantur,

958 2554 1055 2574 rursus
1077 2547 1128 2575 sub
1151 2547 1271 2575 Adriano
1289 2549 1375 2575 altera
1390 2548 1441 2583 71
1459 2547 1603 2575 obsidione
1620 2546 1746 2588 afﬂictos,

956 2592 989 2619 de
1007 2593 1066 2620 loco
1082 2594 1129 2620 illo
1143 2594 1252 2628 penitus
1271 2602 1353 2621 arcen
1366 2596 1405 2622 ios
1422 2594 1491 2625 fore,
1510 2593 1577 2620 adeo
1595 2598 1624 2620 ut
1639 2592 1747 2628 “lo

956 2639 1067 2674 quidem
1079 2641 1156 2669 urbis
1169 2641 1338 2669 Hierusalem
1355 2642 1486 2669 insistere
1503 2638 1559 2668 illis

113 2677 233 2706 tendum.
251 2677 310 2706 Hoc
320 2679 404 2715 igitur
418 2680 545 2711 innuens,
565 2681 605 2707 sic
621 2682 658 2707 ait
676 2684 681 2708 :‘
714 2691 722 2707 ι
748 2682 779 2709 Ει
798 2684 898 2711 iterum
916 2687 967 2713 erit
996 2688 1021 2714 in
1041 2683 1232 2723 direptionem,
1263 2693 1293 2716 ut
1309 2689 1492 2722 terebinthus,
1509 2691 1536 2716 et
1549 2689 1622 2716 sicut
1653 2677 1744 2724 graus.

112 2732 171 2752 cum
185 2725 290 2754 excidit
304 2726 339 2754 de
351 2728 439 2762 spolio
453 2736 503 2755 suo
513 2728 545 2755 ⁸⁵.
569 2738 578 2754 ι

144 2770 205 2798 ΛΘί.
229 2781 239 2797 ι
260 2772 318 2799 Καὶ
333 2772 409 2800 ἔσται
424 2775 451 2800 ὲν
468 2775 500 2810 τῇ
517 2775 608 2810 ἡμέρᾳ
623 2776 721 2812 ἐκείνῃ·
740 2777 838 2812 Θρέῴει
854 2778 902 2804 ἇν-

110 2814 214 2850 θρωπος
226 2817 345 2853 δάμαλιν
361 2818 441 2854 βοῶν,
462 2821 507 2847 καὶ
526 2821 572 2847 δύο
594 2821 731 2857 πρόϐαται
756 2824 802 2850 καὶ
819 2824 897 2852 ἔσται

142 2872 165 2888 ⁸³
177 2872 229 2900 lsa.
245 2880 266 2905 ι,
285 2873 311 2900 ’1.
352 2873 376 2889 ⁸⁸
390 2873 483 2902 Matth.
499 2884 578 2907 xxut,
591 2878 634 2905 58.
676 2877 696 2893 ’⁸
714 2876 766 2906 lsa.
783 2886 819 2912 vt,
838 2880 894 2908 15.’

143 2914 177 2950 (Ι)
199 2916 449 2954 Βεείάρτιιιυττῆς.
465 2920 544 2948 Emr.
562 2920 649 2949 Pun.
813 2910 817 2912 Π
887 2910 890 2916 Δ

201 2967 342 2997 Pnaon.
361 2966 419 2996 Gn.
439 2967 540 3000 XX”.

993 2776 1113 2807 XXXIX.
1131 2790 1139 2805 ε
1156 2781 1189 2824 Et
1204 2781 1257 2808 erit
1272 2781 1298 2808 in
1321 2781 1365 2809 die
1379 2781 1425 2808 illa
1442 2789 1448 2806 :
1464 2781 1573 2809 Nutriet
1599 2781 1681 2808 homo
1695 2780 1742 2815 ju-
1786 2818 1788 2822 Α

953 2833 1064 2854 veneant
1082 2827 1173 2861 boum,
1185 2833 1212 2856 et
1227 2828 1295 2856 duas
1311 2832 1422 2860 oves,et
1432 2829 1484 2857 erit
1497 2836 1531 2857 ex
1545 2836 1578 2856 eo
1593 2827 1666 2863 quod
1681 2828 1743 2862 plu-
