2053 3218
313 173 366 202 461

631 173 765 202 EUSEBII
780 174 1024 202 CESABIENSIS
1043 173 1093 201 0P]

1145 174 1231 202 PARS
1245 174 1278 202 ll.
1298 190 1332 195 —-
1349 174 1603 204 APGLOGETICA.

1889 176 1940 204 140

313 231 413 257 rimum
427 230 509 258 faciet
524 231 566 258 lac
582 240 589 258 ε
606 231 730 258 comedet
749 231 888 266 butyrum,
907 234 935 257 et
956 233 1009 257 met
1022 237 1084 257 com

1150 230 1204 256 ἀπὸ
1224 230 1272 256 τού
1295 231 1420 257 πλεῖστον
1441 232 1528 257 ποιεῖν
1551 230 1631 265 γάλα,
1659 231 1773 265 φάγεται
1797 230 1939 267 βούτυρον,

312 275 374 303 edet
389 277 545 311 quicunque
570 275 681 303 relictus
695 275 776 302 fuerit
795 276 823 302 in
844 279 916 302 terra
928 275 960 302 ⁸⁸.
978 285 987 301 ι
1010 274 1059 302 Hic
1075 275 1099 301 si

312 321 386 348 illam
399 321 470 347 diem
480 327 562 355 quam
577 320 707 355 propheta
723 321 856 356 signiﬁcat
866 321 1017 355 illumsieris,
1030 325 1099 348 tem-

312 375 364 402 pus
378 367 512 394 adventus
533 366 683 395 Salvatoris
707 368 795 394 nostri
810 367 943 395 invenies.
959 367 1009 395 Ubi
1025 368 1098 395 enim

312 413 381 440 dixit
394 413 524 448 propheta
538 422 544 440 :
560 422 569 439 ι
587 413 656 441 Ecce
673 414 749 448 virgo
767 413 795 440 in
810 417 887 441 utero
911 413 1056 448 concipiet,
1072 418 1099 442 et

313 459 400 494 pariet
415 458 518 486 ﬁlium:
537 468 546 485 ι
561 459 678 494 plurima
694 459 879 493 interponens,
887 459 990 487 divinat
1006 460 1040 487 de
1052 459 1097 492 iis,

312 513 373 541 qua!
382 513 430 541 per
439 505 561 533 eamdem
571 505 652 538 diem,
662 505 713 532 hoc
722 509 774 539 est,
789 504 938 533 Salvatoris
952 506 1039 533 nostri
1050 506 1099 533 ad-

311 555 410 579 ventus
425 554 557 585 tempore,
575 550 667 577 futura
681 555 755 579 sunt.
776 550 898 578 Virtutes
913 552 986 579 enim
1003 552 1099 580 invisi-

311 597 390 628 biles,
403 601 431 623 et
442 596 574 631 quosdam
600 596 736 628 inimicos,
762 602 843 632 atque
868 598 971 630 hostes,
988 606 1098 626 muscas

311 646 338 669 et
358 649 423 677 apes
442 643 579 678 allegoriae
603 642 709 677 legibus
732 644 894 675 nominans,
923 644 1096 679 ingressuros

310 695 372 716 esse
395 692 501 716 terram.
510 687 666 716 Iudaeorum
686 688 763 722 dicit,
788 692 869 724 atque
885 689 922 716 ita
940 689 1095 721 Dominum,

310 731 430 760 hostium
447 733 570 768 ipsorum
591 733 735 763 novacula.
751 736 880 768 tanquam
895 734 986 769 magni
1003 734 1098 769 cujus-

309 776 372 805 dam
387 778 523 813 corporis,
540 777 626 812 ipsius
638 777 759 804 Iudaica:
773 778 862 812 gentis
878 782 972 813 caput,
990 782 1017 805 et
1027 778 1096 813 pilos

309 823 422 859 pedum,
437 826 465 850 et
481 823 606 854 barbam,
632 827 660 849 et
674 821 793 856 denique
810 829 891 848 omne
905 825 1095 849 ornamentum

309 876 404 897 eorum
433 869 607 896 abrasurum.
625 867 694 894 Cum
718 875 784 894 vero
806 867 864 894 haec
880 867 907 894 in
931 867 976 894 illa
992 868 1046 900 die,
1063 868 1096 894 de

1150 275 1197 301 καὶ
1212 275 1271 309 μέλι
1290 276 1404 309 φάγεται
1422 276 1476 306 πᾶς
1492 277 1505 302 ὁ
1521 276 1710 310 καταλειφθεὶς
1725 277 1771 303 ἐπὶ
1786 276 1837 311 τῆς
1847 277 1910 311 γῆς.
1927 287 1937 303 ι

1156 320 1287 346 Ἐνταῦθα
1296 321 1344 355 τὴν
1354 320 1521 356 δηλουμένην
1537 321 1642 356 ἡμέραν
1660 322 1838 357 ἐπιζητήσας,
1849 322 1938 356 εὖροις
1958 313 1961 315 ί

1149 365 1230 391 αὑτὸν
1243 366 1288 392 τὸν
1302 366 1396 401 χρόνον
1409 367 1458 401 τῆς
1471 366 1518 393 τοῦ
1532 367 1657 402 Σωτῆρος
1676 368 1753 403 ἡμῶν
1767 368 1937 402 ἐπιφανείας.

1149 411 1240 438 Εἰπὼν
1254 411 1308 447 γὰρ
1323 414 1337 438 ὁ
1352 413 1505 449 προφήτης,
1530 422 1539 439 ‹
1563 413 1627 440 Ἰδοὺ
1648 414 1779 449 παρθένος
1798 415 1827 440 ὲν
1841 416 1937 451 γαστρὶ

1148 456 1271 494 λήψεται,
1297 459 1343 485 καὶ
1362 459 1469 492 τέξεται
1489 459 1557 491 υἱὸν,
1575 469 1585 485 ι
1607 460 1718 486 πλεῖστα
1732 460 1776 487 διὰ
1796 460 1878 495 μέσου
1893 461 1936 488 θε-

1149 503 1240 535 σπίζει
1257 505 1320 542 περὶ
1336 504 1390 532 τῶν
1404 504 1471 532 κατὰ
1486 505 1535 541 τὴν
1548 505 1633 541 αὐτὴν
1649 506 1767 542 ἡμέραν,
1779 506 1850 533 τοῦτ’
1865 506 1936 533 ἔστιν

1148 549 1222 585 ἀμφὶ
1241 549 1286 576 τδν
1303 551 1396 586 χρόνον
1411 551 1462 586 τῆς
1475 551 1522 578 τοῦ
1542 552 1667 588 Σωτῆρος
1684 552 1763 588 ἡμῶν
1779 553 1936 587 ἐπιφανείας

1148 595 1349 630 γενησομένων.
1377 597 1510 632 Δυνάμεις
1543 598 1598 634 γὰρ
1628 599 1760 634 ἀοράτους
1787 599 1834 626 καί
1863 608 1935 631 τινας

1148 640 1271 676 ἐχθροὺς,
1293 641 1339 668 καὶ
1362 642 1518 677 πολεμίους,
1535 644 1618 679 μυίας
1633 645 1680 670 καὶ
1698 644 1827 679 μελίσσας
1845 645 1935 680 νόμοις

1147 687 1311 723 ἀλληγορίας
1324 687 1538 723 ὀνομαζομένους
1556 689 1734 725 ἐπιϐήσεσθαι
1754 691 1786 725 τῇ
1804 689 1857 716 τῶν
1878 690 1935 716 Ἰου-

1147 732 1226 759 δαίων
1232 733 1308 768 χὼρᾳ
1319 734 1411 769 φησιν,
1422 734 1520 761 καὶτὸν
1530 735 1630 770 Κύριον
1643 734 1715 771 ξυρῷ
1726 735 1780 762 τῶν
1790 735 1935 770 πολεμίοιν,

1147 779 1221 805 ὼσὰν
1242 779 1361 814 μεγάλου
1389 780 1523 815 σώματος,
1542 780 1589 807 τοῦ
1619 781 1752 807 Ἰουδαίων
1774 781 1866 812 ἔθνους
1887 781 1935 816 τὴν

1147 826 1277 861 κεφαλὴν,
1291 827 1338 853 καὶ
1353 826 1402 857 τὰς
1410 827 1506 862 τρίχας
1517 827 1571 853 τῶν
1584 827 1682 860 ποδῶν,
1695 828 1795 854 καὶτὸν
1806 827 1934 862 πώγωνα,

1148 872 1194 898 καὶ
1210 873 1309 903 πάντα,
1328 872 1478 907 συλλήϐδην
1494 873 1590 905 εἰπεῖν,
1610 874 1655 899 τὸν
1667 873 1767 908 κόσμον
1784 873 1873 900 αὐτῶν
1888 873 1934 906 ξυ-

310 923 363 950 qua
379 914 468 951 agitur
486 914 577 941 futura
591 914 656 944 sint,
670 913 697 940 in
721 920 775 947 qua
789 913 913 940 videlicet
929 913 974 940 ille
995 913 1028 941 de
1041 922 1093 949 quo

1147 918 1250 953 ρήσειν.
1269 918 1376 945 Τούτων
1394 919 1416 945 δ*
1427 919 1562 954 ἐσομένων
1578 920 1607 945 ἐν
1622 921 1654 955 τῇ
1670 919 1851 956 θεσπιζομένῃ
1867 920 1935 955 ἡμέ-

309 961 432 997 ioquitur
454 963 583 988 nascetur
596 959 629 986 de
653 958 775 994 Virgine,
791 962 848 985 tum
862 966 923 986 eum
944 959 1093 992 hominem,

310 1006 356 1042 qui
373 1006 483 1033 relictus
497 1004 578 1032 fuerit
589 1004 622 1031 de
636 1003 720 1030 totius
731 1005 820 1038 gentis
837 1003 957 1035 interitu,
976 1004 1026 1032 hoc
1040 1008 1093 1036 est,

310 1060 417 1080 omnem
433 1052 588 1087 quicunque
599 1060 631 1079 ex
647 1051 701 1078 illis
711 1053 738 1078 in
753 1050 890 1077 Christum
907 1049 954 1077 Dei
971 1051 1094 1078 credide-

309 1099 356 1130 rit,
372 1098 540 1125 nutriturum
553 1098 697 1132 juvencam
711 1097 805 1129 boum,
819 1100 846 1123 et
863 1096 932 1124 duas
945 1104 1009 1124 ovcs
1025 1104 1094 1131 prte«

309 1143 377 1171 dicit
395 1151 401 1169 :
421 1147 448 1170 et
457 1150 491 1171 ex
508 1150 542 1170 eo
553 1143 625 1177 quod
642 1143 790 1177 plurimum
807 1143 886 1169 faciet
902 1143 954 1174 lac,
966 1143 1094 1178 butyrum

308 1192 337 1217 et
352 1189 405 1217 mel
421 1195 606 1217 comesurum.
624 1187 710 1215 Porro
728 1188 784 1215 haec
803 1188 824 1215 si
848 1189 960 1223 mystice
972 1193 1095 1216 contem-

310 1236 439 1271 plaberis,
460 1234 595 1270 intelliges
615 1234 642 1261 in
667 1233 816 1262 Salvatnris
839 1234 926 1261 nostri
951 1235 1092 1269 apostolis,

310 1288 390 1309 suum
405 1280 485 1308 linem
500 1280 648 1315 accepisse.
662 1280 783 1313 Quorum
800 1279 898 1315 singuli
914 1280 941 1306 in
954 1281 987 1307 iis
1001 1279 1095 1307 Eccle-

310 1327 370 1359 siis,
391 1327 418 1354 in
438 1327 538 1362 quibus
557 1326 658 1353 virtute
678 1326 781 1354 Christi
807 1326 995 1359 constiterint,
1016 1327 1093 1354 binas

309 1381 386 1405 oves,
402 1373 455 1400 hoc
471 1376 522 1405 est,
542 1372 622 1399 binos
637 1371 747 1399 ordines
763 1373 850 1400 instar
864 1372 967 1404 ovium,
981 1372 1014 1399 ad
1031 1380 1093 1408 gre-

310 1427 373 1455 gem
384 1414 487 1446 Christi
504 1418 708 1450 convenientes,
724 1420 840 1445 alterum
857 1418 966 1453 quidem
990 1418 1018 1445 in
1036 1418 1093 1453 pri-

310 1467 362 1494 mis
384 1466 473 1493 adhuc
487 1465 630 1493 elementis
650 1469 815 1497 versantem,
834 1465 949 1492 alterum
967 1471 1030 1491 vero
1046 1456 1093 1499 qui

308 1512 364 1547 jam
376 1519 425 1547 per
439 1512 578 1539 lavacrum
597 1511 633 1538 sit
657 1510 820 1542 illustratus,
845 1518 876 1537 ac
899 1513 1029 1545 praeterea
1049 1509 1094 1544 ju-

310 1565 423 1586 vencam
448 1565 541 1589 unam.
566 1556 783 1585 ecclesiasticum
807 1556 900 1591 utique
922 1563 1027 1587 eorum,
1046 1554 1093 1590 qui

1149 971 1184 999 ρᾳ
1196 963 1242 990 τοῦ
1257 964 1289 990 ὲκ
1302 964 1352 999 τῆς
1367 964 1506 1001 Παρθένου
1530 965 1722 1001 γενησομένου,
1746 965 1794 992 τὴν
1809 966 1934 993 καταλει-

1149 1010 1248 1045 φθέντα
1259 1011 1400 1047 ἄνθρωπον
1411 1012 1442 1037 ἐκ
1452 1011 1486 1045 τῆ
1490 1020 1502 1042 ς
1511 1011 1558 1037 τοῦ
1572 1011 1670 1043 παντὸς
1682 1012 1772 1043 ἔθνους
1787 1011 1933 1043 ἀπωλείας,

1147 1056 1218 1082 τοῦτ’
1234 1057 1306 1083 ἐστιν
1323 1058 1429 1084 ἅπαντα
1444 1057 1488 1083 τὸν
1500 1056 1529 1089 ἐξ
1543 1057 1630 1083 αὐτῶν
1646 1059 1685 1087 εἰς
1701 1057 1746 1083 τὸν
1761 1057 1876 1092 Χριστὸν
1887 1056 1934 1082 τοῦ

1148 1100 1215 1129 Θεοῦ
1233 1104 1441 1134 πεπιστευκότα,
1467 1103 1575 1139 θρέψειν
1595 1104 1707 1138 δάμαλιν
1729 1103 1808 1138 βοῶν,
1828 1103 1935 1130 καὶδύο

1150 1148 1271 1184 πρόϐατα
1286 1150 1463 1185 προφητεύει,
1475 1151 1528 1176 ἀπό
1543 1158 1571 1176 τε
1586 1149 1631 1175 τοῦ
1647 1150 1769 1176 πλεῖστον
1787 1150 1873 1175 ποιεῖν
1888 1149 1934 1182 γά-

1133 1193 1190 1225 λλα,
1201 1194 1334 1229 φάγεσθαι
1346 1195 1475 1231 βούτυρον
1488 1196 1534 1222 καὶ
1547 1196 1616 1230 μέλι.
1627 1195 1743 1230 Νοήσεις
1753 1194 1780 1220 δὲ
1793 1194 1839 1220 καὶ
1849 1193 1934 1220 ταῦτα

1148 1239 1217 1265 κατὰ
1240 1240 1372 1274 μυστικὴν
1389 1240 1504 1275 θεωρίαν
1522 1241 1569 1267 ὲπὶ
1585 1241 1637 1267 τῶν
1652 1241 1699 1267 τοῦ
1715 1240 1839 1275 Σωτῆρος
1855 1238 1933 1274 ἡμῶν

1148 1285 1303 1311 ἀποστόλων
1324 1285 1512 1320 τετελεσμένα.
1538 1283 1586 1312 Ἦν
1603 1286 1715 1316 ἕκαστος
1730 1286 1758 1312 ἐν
1773 1282 1815 1317 αἷς
1834 1285 1882 1310 σὺν
1900 1286 1932 1319 τῇ

1147 1330 1194 1357 τοῦ
1208 1331 1325 1367 Χριστοῦ
1342 1331 1454 1366 δυνάμει
1476 1333 1658 1367 συνεστήσατο
1679 1331 1866 1365 Ἕκκλησίαις,
1887 1329 1934 1355 δύο

1147 1377 1274 1412 τάγματα
1292 1377 1369 1412 δίκην
1383 1377 1537 1413 προϐάτων,
1554 1378 1601 1404 ἐπὶ
1612 1378 1660 1412 τὴν
1675 1377 1721 1402 τοῦ
1737 1375 1853 1411 Χριστοῦ
1873 1375 1933 1402 ποί-

1149 1431 1218 1458 μνην
1235 1422 1369 1449 συνιόντα·
1386 1423 1416 1449 τὺ
1441 1423 1489 1458 μὲν
1506 1423 1589 1449 εἰσέτι
1615 1422 1839 1457 στοιχειούμεννιν,
1863 1421 1893 1447 τὺ
1909 1421 1933 1447 δ’

1147 1467 1198 1502 ήδη
1212 1467 1255 1493 διὰ
1273 1467 1320 1493 τοῦ
1342 1467 1452 1503 λουτροῦ
1473 1467 1685 1503 πεφωτισμένον·
1707 1467 1754 1492 καὶ
1770 1466 1814 1492 ἐπὶ
1829 1465 1932 1496 τούτοις

1149 1511 1213 1547 μίαν
1225 1512 1340 1548 δάμαλιν
1355 1514 1404 1548 τὴν
1418 1508 1644 1548 ὲκκλησιαστικὴν
1659 1512 1712 1539 τῶν
1731 1511 1869 1547 προέδρων
1884 1510 1933 1545 ἁρ-

1148 1558 1197 1594 χὴν
1206 1560 1266 1590 ταῖς
1276 1558 1377 1590 ἐνθέοις
1388 1559 1434 1585 καὶ
1444 1559 1565 1593 λογιχαίς
1577 1560 1690 1594 τροφαῖς
1706 1558 1752 1585 ὲκθ
1757 1558 1850 1594 ρέψας,
1860 1557 1933 1590 γόνι-

309 1603 457 1639 prtesident
467 1603 662 1638 principatum,
674 1602 773 1630 divinis
785 1607 811 1629 et
823 1602 1002 1629 rationalibus
1023 1601 1091 1629 cibis

1145 1612 1194 1639 μον
1208 1603 1238 1636 ἐξ
1257 1604 1347 1631 αὐτῶν
1363 1604 1443 1638 γάλα,
1462 1605 1507 1631 καὶ
1533 1605 1592 1640 μέλι
1613 1605 1662 1639 τῆς
1678 1603 1840 1639 πονηθείσης
1858 1602 1933 1638 αὐτῷ

309 1650 458 1677 nulrientes
473 1658 480 1676 :
496 1647 640 1676 fecundum
660 1655 692 1675 ex
716 1648 769 1675 illis
789 1648 841 1678 lac,
855 1652 882 1674 et
896 1647 959 1679 mel,
975 1647 1035 1681 ejus
1056 1647 1095 1674 vi-

308 1695 406 1723 delicet
418 1695 484 1727 cibi,
499 1703 579 1731 quem
595 1695 646 1730 ipsi
665 1695 876 1726 elaboraverint,
897 1694 1015 1722 fructum
1033 1702 1094 1730 per-

307 1745 450 1777 ceperunt.
467 1741 500 1767 Et
514 1740 585 1776 quod
601 1740 709 1776 quidem
725 1749 783 1769 eam
806 1741 1018 1772 multitudinem,
1034 1748 1094 1775 quae

307 1795 340 1815 ex
358 1787 605 1823 imperfectioribus
620 1790 727 1815 constat
748 1788 855 1818 ovibus,
870 1787 980 1814 divinus
1002 1795 1093 1815 sermo

308 1839 467 1868 comparare
479 1832 662 1864 consueverit,
672 1840 727 1859 non
740 1838 780 1861 est
795 1841 863 1868 opus
875 1838 903 1860 ut
917 1834 1016 1865 dicam,
1031 1841 1093 1860 cum

309 1878 360 1905 hoc
369 1885 464 1906 omnes
478 1877 576 1905 divinae
588 1877 684 1905 litterae
696 1878 850 1906 ostendant.
868 1878 921 1913 72
936 1878 1013 1911 Quod
1030 1886 1094 1906 vero

308 1932 382 1955 eum,
409 1925 455 1959 qui
479 1923 626 1959 perfectior
647 1924 694 1957 sit,
711 1929 739 1952 et
764 1925 875 1957 multos,
900 1925 978 1959 quasi
1004 1925 1092 1953 bonus

307 1969 426 2004 agricola
449 1973 586 2002 exerceat,
604 1968 789 2004 Ecclesizeque
811 1969 966 2004 praesideat,
989 1971 1093 1998 rustico

309 2015 390 2041 boum
412 2014 498 2042 labori
525 2015 589 2042 item
611 2014 736 2042 conferre
761 2015 857 2044 soleat.
877 2020 990 2043 sanctus
1012 2017 1092 2044 nobis

307 2061 476 2087 demonstrat
490 2059 648 2094 Apostolus,
659 2060 705 2087 ubi
720 2061 758 2087 ait
771 2070 777 2087 :
792 2070 801 2086 ι
816 2059 944 2096 Nunquid
956 2061 989 2088 de
1003 2061 1092 2089 bubus

307 2113 375 2133 cura
385 2110 428 2133 est
448 2105 523 2133 Deo?
539 2113 573 2132 an
588 2111 699 2141 propter
718 2113 768 2133 nos
787 2107 898 2133 omnino
922 2107 1006 2134 dicit?
1021 2115 1091 2142 quo-

307 2153 381 2180 niam
396 2151 476 2180 debet
495 2152 522 2179 in
535 2160 593 2188 spe,
605 2153 652 2188 qui
671 2157 740 2184 arat,
755 2160 834 2180 arare
846 2162 853 2180 :
864 2157 891 2180 et
906 2154 952 2189 qui
969 2154 1089 2186 triturat,

307 2199 335 2226 in
349 2206 407 2233 spe,
417 2202 448 2225 ut
463 2199 497 2226 sit
511 2198 648 2234 particeps
659 2198 693 2225 ⁸⁸.
706 2210 716 2224 ›
731 2198 808 2232 Quod
818 2199 840 2226 si
857 2198 919 2234 quis
936 2199 1089 2227 istiusmodi

309 2243 402 2279 liguris
415 2243 543 2278 loquendi
553 2243 715 2275 oﬂ'endatur,
732 2243 803 2270 idem
816 2243 916 2278 poterit
928 2247 957 2270 et-
969 2251 1088 2277 muscas,

1145 1650 1246 1685 τροφῆς
1268 1649 1313 1676 τὺν
1336 1651 1440 1686 καρπὸν
1459 1651 1644 1686 ἀπηνέγκατο.
1662 1651 1754 1682 Ὅπως
1772 1650 1820 1685 μὲν
1837 1648 1884 1676 οἷν
1898 1649 1932 1675 τὰ

1143 1693 1198 1721 τῶν
1220 1695 1403 1730 ἀτελεστέρων
1429 1695 1516 1732 πλήθη
1542 1696 1686 1732 προϐάτοις
1712 1695 1806 1722 εἴωθεν
1827 1696 1842 1721 ὀ
1861 1695 1931 1727 θεῖος

1143 1742 1290 1778 ἀφομοιοῦν
1311 1742 1398 1777 λόγος,
1423 1743 1498 1769 οὐδὲν
1521 1744 1561 1770 δεῖ
1581 1743 1677 1777 λέγειν,
1704 1743 1793 1777 πάσης
1819 1742 1931 1778 Γραφῆς

1144 1787 1222 1815 τοῦτο
1240 1788 1427 1823 διδασκούσης.
1444 1789 1495 1814 Τὸν
1508 1789 1535 1815 δέ
1553 1798 1584 1822 γε
1603 1789 1788 1823 ἐντελέστερον
1807 1788 1853 1814 καὶ
1869 1788 1933 1818 τοὺς

1144 1833 1257 1866 πολλοὺς
1269 1834 1442 1869 γεωργοῦντα
1453 1835 1500 1869 τῆς
1516 1835 1677 1869 Ἐκκλησίας
1686 1833 1750 1869 ὴγού
1756 1842 1846 1868 μενον,
1857 1834 1931 1863 ὅπως

1143 1879 1182 1915 τῷ
1195 1881 1323 1916 γεωπόνῳ
1338 1881 1392 1908 τῶν
1409 1880 1478 1915 βοῶν
1497 1881 1678 1916 παραϐάλλει,
1698 1880 1853 1914 συνίστησιν
1865 1880 1879 1905 ὀ
1893 1879 1931 1905 ἰε-

1145 1925 1190 1960 ρὸς
1207 1926 1364 1958 ἀπόστολος,
1379 1926 1475 1960 λέγων·
1492 1936 1500 1951 ι
1517 1926 1562 1962 Μὴ
1577 1926 1630 1952 τῶν
1641 1925 1707 1960 βοῶν
1723 1925 1797 1960 μέλει
1809 1925 1847 1959 τῷ
1861 1924 1931 1960 Θεῷ,

1143 1971 1159 2006 ἢ
1180 1971 1213 1997 δι’
1228 1972 1300 2007 ἡμᾶς
1324 1972 1432 2002 πάντως
1451 1971 1538 2005 λέγεις
1559 1973 1598 1998 ὅτι
1618 1971 1718 2004 ὀφείλει
1739 1971 1782 1996 ἐπ’
1807 1969 1894 1996 ἐλπίδι
1915 1970 1931 1995 ὸ

1143 2016 1277 2052 ἀροτριῶν
1299 2017 1439 2052 ἀροτριᾷν,
1465 2017 1511 2044 καὶ
1542 2018 1556 2043 ὁ
1585 2017 1680 2048 ἀλοῶν,
1704 2017 1746 2043 ἐπ’
1769 2016 1857 2042 ἐλπίδι
1882 2015 1929 2042 τοῦ

1145 2062 1278 2097 μετέχειν.
1298 2072 1307 2087 ι
1328 2063 1359 2089 Ei
1374 2062 1403 2088 δὲ
1420 2063 1586 2099 προσκόπτοι
1606 2071 1646 2094 τις
1664 2064 1724 2094 ταῖς
1739 2061 1854 2088 τοιαῖσδε
1869 2069 1931 2096 τρο-

1144 2108 1292 2142 πολογίαις,
1307 2108 1365 2144 ὦρα
1376 2108 1469 2134 τοῦτον
1484 2109 1550 2144 μηδὲ
1563 2109 1611 2140 τὰς
1623 2107 1823 2144 ὀνομαζομένας
1836 2108 1930 2142 μυίας,

1143 2153 1158 2188 ἢ
1177 2154 1314 2189 μελίσσας,
1337 2154 1403 2189 μηδὲ
1420 2154 1450 2180 τὺ
1465 2154 1552 2190 ξυρὸν,
1574 2155 1640 2189 μηδὲ
1657 2154 1702 2180 τὸν
1716 2153 1847 2188 πώγωνα,’
1863 2153 1930 2189 μηδὲ

1141 2199 1192 2230 τὰς
1212 2199 1307 2235 τρίχας
1327 2199 1381 2226 τῶν
1406 2200 1493 2226 ποδῶν
1516 2201 1587 2227 κατὰ
1610 2200 1728 2226 διάνοιαν
1747 2199 1868 2235 θεωρεῖν,
1891 2200 1932 2231 εἰς

1142 2245 1261 2278 ἀτόπους
1272 2245 1300 2271 δὲ
1314 2246 1359 2272 καὶ
1373 2246 1540 2278 ἁσυστάτους
1553 2246 1696 2273 ἐκπίπτειν
1711 2245 1882 2281 μυθολογίας.
1899 2244 1930 2270 Εἰ

306 2291 334 2314 et
347 2295 423 2323 apes,
440 2288 474 2316 de
499 2287 598 2322 quibus
623 2287 727 2314 dictum
749 2290 802 2319 est,
826 2291 853 2314 et
872 2288 1046 2320 novaculum,
1063 2293 1090 2316 et

1145 2290 1164 2316 δ’
1180 2291 1286 2326 ἀνάγκη
1313 2292 1399 2317 ταῦτα
1418 2291 1455 2327 μὴ
1473 2292 1558 2323 ἄλλως
1580 2293 1595 2327 ἦ
1620 2292 1690 2319 κατὰ
1713 2280 1795 2327 μόνην
1812 2291 1931 2326 θεωρίαν

307 2328 431 2365 barbam,
444 2338 472 2361 et
492 2333 561 2367 pilos
575 2333 686 2368 pedum,
703 2341 757 2360 non
775 2341 808 2360 ex
825 2333 973 2364 sententia,
989 2334 1037 2361 sed
1055 2342 1087 2363 ex

1141 2336 1276 2371 δέχεσθαι,
1294 2337 1372 2372 δῆλον
1386 2339 1424 2364 ὅτι
1437 2338 1483 2364 καὶ
1495 2337 1530 2363 τὰ
1544 2338 1677 2364 ἀκόλουθα
1692 2336 1899 2373 παραπλησίως.

306 2379 410 2414 scripto
423 2378 614 2414 contemplari,
631 2382 712 2414 atque
740 2379 776 2406 ita
790 2379 868 2414 plane
882 2379 910 2406 in
931 2379 1049 2407 ridicula
1065 2385 1093 2408 et
1122 2382 1240 2410 absurda
1268 2383 1421 2410 fabularum
1444 2384 1621 2411 deliramenta
1645 2384 1776 2411 recidere.
1807 2382 1836 2409 Si
1866 2388 1931 2409 vero

306 2432 359 2452 uon
371 2425 449 2452 aliter
463 2425 521 2452 haec
536 2424 662 2459 accipere
684 2431 796 2452 necesse
809 2429 861 2463 est,
873 2432 955 2459 quam
973 2425 1006 2452 ad
1030 2433 1141 2454 sensum
1174 2427 1319 2462 quemdam
1347 2429 1514 2461 interiorem,
1530 2429 1615 2461 .haud
1632 2429 1747 2457 dubium
1773 2433 1825 2461 est,
1848 2428 1931 2463 quin.

306 2471 384 2499 etiam
396 2479 428 2499 ea
443 2479 503 2506 quae
515 2474 678 2506 sequuntur,
693 2470 774 2497 simili
792 2461 906 2498 ratione.

337 2515 395 2545 XL.
410 2525 419 2542 ι
438 2516 466 2543 ln
481 2515 524 2544 die
536 2516 582 2543 illa
599 2516 807 2551 exstinguentur
824 2522 939 2549 montes,
953 2521 980 2544 et
993 2518 1088 2549 colles,

306 2561 436 2596 ειη,
448 2567 472 2589 et
485 2561 656 2589 devorabuut
671 2561 706 2588 ab
719 2561 808 2588 anima
821 2569 908 2596 usque
923 2561 956 2588 ad
971 2570 1085 2590 carnes:

306 2565 331 2588 et
429 2581 436 2593 ,
448 2567 472 2589 et
485 2561 656 2589 devorabuut
671 2561 706 2588 ab
719 2561 808 2588 anima
821 2569 908 2596 usque
923 2561 956 2588 ad
971 2570 1085 2590 carnes:

304 2561 466 2679 e'qui
487 2606 581 2642 fugiet,
600 2611 732 2642 tauquam
758 2605 865 2641 fugiens
886 2613 902 2633 a
918 2606 1026 2634 ﬂamma
1044 2615 1088 2634 ar-

305 2650 322 2678 d
401 2671 408 2677 .
421 2657 449 2679 et
471 2653 517 2679 aui
535 2652 622 2679 relicti
641 2651 743 2679 fuerint
756 2659 789 2679 ex
807 2652 872 2679 illis.
895 2657 976 2679 erunt
991 2662 1088 2679 nume-

305 2650 408 2679 απ
421 2657 449 2679 et
471 2653 517 2687 qui
535 2652 622 2680 relicti
641 2651 743 2680 fuerint
756 2659 789 2679 ex
807 2652 872 2686 illis,
895 2657 976 2680 erunt
991 2662 1089 2681 nume-

307 2702 371 2723 rus:
387 2699 415 2723 et
438 2703 505 2730 puer
528 2697 656 2731 parvulus
677 2696 780 2725 scribet
800 2704 859 2730 eos,
880 2701 908 2724 et
927 2697 979 2725 erit
998 2698 1026 2725 in
1043 2698 1088 2727 die

305 2740 369 2767 illa:
386 2748 442 2768 non
467 2741 536 2768 ultra
563 2742 671 2777 adjiciet
691 2742 764 2778 quod
786 2743 920 2777 reliquum
943 2743 1027 2771 fuerit
1051 2752 1085 2771 ex

305 2784 397 2817 Israel,
411 2789 438 2813 et
461 2786 504 2821 qui
518 2790 672 2815 conservati
687 2796 721 2816 ex
737 2787 832 2818 Jacob.
845 2796 900 2816 non
914 2789 984 2816 ultra
999 2790 1084 2818 confi-

355 2873 378 2890 “
395 2872 446 2902 lsa.
463 2881 511 2906 vn,
522 2872 617 2901 91-22.

1179 2516 1224 2543 M'.
1248 2526 1257 2542 Ι
1280 2517 1319 2552 Τῇ
1343 2516 1433 2552 ἡμέρᾳ
1448 2518 1539 2553 ἐκείνῃ
1554 2517 1787 2553 ἁποσϐεσθήσεται
1809 2518 1844 2545 τὰ
1861 2520 1930 2556 δρη,

1143 2562 1189 2588 καὶ
1206 2563 1230 2589 οἱ
1247 2563 1346 2597 βουνοὶ,
1369 2563 1417 2589 καὶ
1435 2564 1459 2589 οἱ
1479 2563 1585 2599 δρυμοὶ,
1606 2564 1653 2591 καὶ
1672 2564 1860 2599 καταφάγεται
1876 2566 1931 2592 ἀπὸ

1141 2607 1231 2642 ψυχῆς
1243 2607 1295 2639 ἕως
1309 2608 1427 2643 σαρκῶν·
1441 2609 1487 2634 καὶ
1499 2608 1575 2635 ἔσται
1589 2610 1602 2635 ὁ
1614 2610 1731 2643 (ρεύγων,
1746 2610 1783 2641 ὡς
1796 2611 1809 2636 ό
1820 2611 1930 2645 φεύγων

1141 2651 1196 2678 ἀπὸ
1207 2651 1304 2687 φλογὸς
1317 2653 1472 2688 καιομένης·
1486 2654 1531 2680 καὶ
1543 2655 1566 2680 οἱ
1582 2654 1806 2689 καταλειφθέντες
1821 2655 1868 2682 ἀπ’
1882 2657 1930 2682 αὑ-

1141 2696 1195 2723 τῶν
1211 2697 1315 2725 ἔσονται
1330 2699 1454 2734 ἀριθμὸς,
1473 2700 1519 2726 καὶ
1536 2700 1640 2726 παιδίον
1655 2700 1752 2735 μικρὸν
1765 2701 1868 2736 γράψει
1881 2703 1929 2728 αὑ·

1140 2744 1211 2775 τούς·
1228 2745 1276 2771 καὶ
1294 2744 1370 2772 ἔσται
1383 2746 1412 2772 ὲν
1431 2747 1463 2781 τῇ
1483 2747 1575 2782 ἡμέρᾳ
1591 2746 1692 2782 ἐκείνῃ,
1710 2746 1801 2773 οὐκέτι
1817 2755 1929 2782 προστε-

1140 2791 1250 2828 θήσεται
1265 2793 1296 2820 τὺ
1310 2795 1489 2829 καταλειφθὲν
1507 2795 1553 2822 τοῦ
1577 2795 1694 2830 Ἰσραὴλ,
1718 2796 1764 2823 καὶ
1785 2796 1809 2822 οἱ
1830 2795 1928 2823 διασω·

658 2875 680 2890 ιτ
694 2874 762 2903 Ibid.
780 2876 822 2903 lt.
862 2876 907 2904 ιιι
924 2876 987 2905 Cor.
1005 2885 1043 2912 η,
1062 2879 1088 2914 9,
1107 2879 1151 2907 to.
