2053 3218
162 187 208 214 ιιι

622 184 947 214 DEMONSTRATIONIS
965 182 1192 212 EVANGELICE
1212 183 1275 212 LIB.
1296 183 1327 211 II.

1735 191 1784 218 ΗΞ

157 245 251 277 θέντες
266 244 316 272 τοῦ
338 245 436 273 Ἰακὼϐ
452 245 541 272 οὐκέτι
559 246 718 278 πεποιθότες
738 244 805 272 ὦσιν
827 245 874 272 ἐπὶ
886 246 949 277 τοὺς

1002 246 1096 273 dentes
1107 248 1189 272 erunt
1203 245 1230 272 in
1243 245 1294 277 eis,
1305 245 1353 280 qui
1365 245 1474 280 injuriis
1490 246 1565 281 ipsos
1575 246 1724 280 aercerint.
1737 249 1785 276 sed

160 292 348 327 ἀδικήσαντας
364 292 471 324 αὐτοὺς,
483 292 540 319 ἀλλ’
554 291 659 319 ἔσονται
675 292 833 324 πεποιθότες
848 291 894 318 ἐπὶ
903 291 949 319 τδν

158 337 226 365 Θεὸν
240 338 286 365 τὺν
305 338 382 372 ᾶγιον
395 336 441 364 τοῦ
459 338 564 373 Ἰσραὴλ
579 339 610 374 τῇ
627 338 806 373 ὰληθείᾳ,καὶ
819 337 948 373 ἀναστρέ-

161 384 207 419 ψει
223 383 253 410 τὸ
267 383 447 418 καταλειφθὲν
467 383 513 410 τοῦ
540 384 648 419 Ἰσραὴλ
667 384 713 410 ἐπὶ
729 384 794 410 Θεὸν
814 383 946 418 ἰτχύοντα·

161 430 210 458 ut
229 430 277 456 ἐὰν
293 430 405 464 γένηται
421 430 434 455 ὀ
449 429 564 465 ἀριθμὸς
581 430 634 456 τῶν
651 429 717 456 υιῶν
747 430 853 465 Ἰσραὴλ
873 431 910 461 ὡς
930 431 946 465 ἡ

161 475 253 511 ἄμμος
271 475 319 511 τῆς
336 475 482 511 Θαλάσσης,
498 476 529 501 τὸ
543 476 716 511 κατάλειμμα
732 475 820 502 αὐτῶν
833 476 949 511 σωθήσε-

161 530 216 548 ται.
235 522 321 555 Λόγον
341 521 395 556 γὰρ
416 520 548 547 συπελῶ)
565 521 611 548 καὶ
630 521 785 557 συντέμνων
804 523 833 548 ὲν
849 521 949 548 δικαιο-

163 566 239 602 σύνῃ·
258 566 300 593 ὃτι
317 565 395 599 λόγον
414 573 546 601 συντετμη
552 566 630 601 μένον
648 566 754 601 ποιήσει
767 567 781 592 ό
792 566 857 598 Θεὸς
872 567 901 593 ὲν

161 610 306 646 οικουμὲνῃ
327 610 384 647 ὃλῃ.
406 620 416 636 ι
442 611 585 638 Κάνταῦθα
610 612 742 647 πρόσχες,
765 612 806 638 ὃτι
832 621 840 636 ι
865 612 893 637 ἐν
914 613 947 646 τῇ

163 657 332 693 σκυθρωπῶν
355 657 465 693 ἀπειλῇ,
490 659 581 693 φησὶν,
607 658 682 684 ἔσται
704 659 717 684 ὁ
742 658 859 692 φεύγων,
878 658 915 690 ὡς
934 658 948 684 ὁ

160 703 270 738 φεύγων
284 703 339 730 ἀπὸ
352 703 449 737 φλογὸς
464 703 622 738 καιομένης·
636 705 682 730 καὶ
690 703 716 730 οἱ
726 703 948 738 καταλειφθέντες

160 750 210 777 ἀπ’
221 749 310 776 αὐτῶν
323 749 438 785 ἀριθμὸς
454 749 540 781 ἔσται,
557 751 604 776 καὶ
619 751 722 777 παιδίον
738 751 834 786 μικρὸν
849 751 948 787 γράψει

138 808 140 811 -
160 794 267 826 αὐτούς·
285 805 294 820 ι
310 795 344 822 δι’
356 792 394 822 ὦν
410 796 440 821 τὸ
454 795 565 822 σπάνιον
579 795 633 821 τῶν
648 796 818 831 φευξομένων
833 796 877 822 τὸν
891 796 949 822 όλε-

162 841 225 878 θρον
246 842 278 868 ὲι
300 842 450 877 περιτομῆς
469 841 551 873 λαοῦ,
575 843 621 868 καὶ
640 842 684 868 τὸν
700 843 750 877 τῆς
773 843 949 879 Ἰερουσαλὴμ

161 889 325 925 ἐμπρησμὸν
343 889 516 924 παρίστησιν.
543 899 551 914 ε
569 889 598 915 Οἱ
615 889 642 915 δὲ
659 889 882 924 καταλειςεθέντες
903 887 948 916 οὖ-

160 943 212 967 τοι,
233 935 325 970 φησὶν,
346 934 461 970 ἀριθμὸς
478 935 594 967 ἔσονται,
613 945 621 959 ι
636 935 708 961 τοῦτ’
737 936 810 962 ἐςτιν
839 936 948 972 ἀριθμῷ

160 980 257 1016 ληπτοὶ
280 981 451 1016 γενήσονται,
473 980 544 1007 οὕτω
569 981 678 1017 βραχεῖς
699 982 746 1008 καὶ
771 982 948 1018 εὐαρίθμητοι

160 1027 247 1059 ὅντες.
270 1027 399 1054 Τοσοῦτοι
412 1027 434 1053 δ’
447 1025 503 1059 οὖν,
525 1028 564 1058 ὡς
583 1028 611 1054 ἐν
634 1028 772 1063 συγκρίσει
787 1028 833 1054 τοῦ
850 1028 948 1059 παντὸς

162 1072 280 1109 πλήθους
296 1072 342 1100 τοῦ
364 1073 497 1100 Ἰουδαίων
507 1073 610 1104 ἔθνους,
623 1074 646 1099 οἰ
664 1075 704 1104 εἰς
721 1073 764 1099 τὸν
777 1074 889 1108 ἃυτῆρα
902 1074 949 1100 καὶ

161 1118 263 1154 Κύριον
279 1118 359 1154 ἡμῶν
375 1119 586 1150 πεπιστευκότες
610 1119 762 1153 γεγόνασιν,
789 1119 812 1146 οἳ
832 1119 878 1145 καὶ
900 1127 949 1145 κα-

161 1163 335 1199 τηξιώθησαν
357 1164 407 1199 τῆς
429 1164 475 1190 ὑπ’
492 1163 714 1199 αὐτοῡΤραφῆς,
742 1165 780 1195 ὼς
803 1164 876 1199 δηλοῖ
899 1164 949 1199 φά-

162 1217 234 1237 σκων
248 1210 263 1236 ὁ
281 1209 370 1244 λόγος,
391 1220 401 1236 ι
420 1211 474 1237 Καὶ
489 1211 592 1237 παιδίον
605 1211 705 1246 γράψει
721 1211 829 1243 αὐτούς·
853 1221 862 1237 ι
883 1221 948 1247 προ-

159 1255 270 1289 διδάξας
295 1255 309 1282 ὂ
333 1256 358 1282 τί
383 1265 448 1282 ποτε
471 1254 505 1291 ἦν
529 1256 559 1282 τὸ
578 1256 696 1289 παιδίον,
723 1258 752 1282 ἐν
776 1255 816 1288 οἷς
841 1258 946 1291 ἔλεγενν

163 1311 174 1329 ι
202 1301 266 1329 Ἰδοὺ
280 1303 297 1338 ἡ
310 1302 446 1338 Παρθένος
458 1303 486 1328 ἐν
499 1304 596 1338 γαστρὶ
614 1303 678 1335 ἕξει,
698 1304 745 1329 καὶ
766 1304 868 1336 τέξεται
881 1304 946 1330 υἱόν·

161 1347 209 1374 καὶ
230 1348 295 1382 πρὶν
315 1347 333 1383 ἦ
353 1347 454 1382 γνῶναι
475 1347 505 1374 τὸ
521 1348 625 1374 παιδίον
638 1349 729 1375 καλεῖν
744 1349 846 1384 πατέρα
866 1349 881 1384 ἦ
898 1359 949 1385 μη-

161 1393 236 1428 τέρα·
256 1403 266 1419 ι
285 1394 331 1420 καὶ
347 1393 496 1429 ἐπειδήπερ
517 1394 642 1425 ἐνταῦθα,
667 1404 676 1419 ι
698 1395 814 1425 Παιδίον,
842 1405 850 1420 ›
871 1396 947 1431 φησι,

163 1447 174 1463 ε
191 1437 292 1475 γράψει
304 1438 411 1470 αὐτοὺς,
433 1448 441 1464 ι
456 1439 568 1470 εἰκότως
582 1440 610 1465 ἐν
627 1441 682 1471 τοῖς
695 1440 811 1475 πρόσθεν
829 1440 945 1474 ἐλέγετο-

164 1491 175 1508 ι
190 1482 246 1509 Καὶ
257 1474 332 1509 iam:
349 1483 380 1509 τὸ
397 1483 557 1518 ὑπολειφθὲν
575 1485 603 1509 ἐν
623 1484 700 1516 Σιὼν,
722 1485 768 1511 καὶ
780 1485 810 1511 τὸ
825 1486 949 1512 καταλει-

161 1527 229 1564 φθὲν
250 1528 278 1556 ἐν
308 1529 493 1565 Ἰερουσαλὴμ,
515 1530 586 1564 ἅγιοι
609 1531 786 1566 κληθήσονται
804 1532 902 1563 πάντες
923 1533 948 1558 οἱ

162 1574 313 1610 γραφέντες
325 1575 365 1607 εις
380 1574 461 1611 ζωήν.
487 1585 496 1601 ι
521 1577 624 1612 Ὥσπερ
648 1577 712 1610 γοῦν
734 1578 762 1603 ὲν
784 1578 896 1610 ἐκείνοις
919 1578 950 1604 τὸ

162 1621 341 1656 καταλειφθὲν
358 1621 509 1657 ὼνόμαστο,
536 1623 559 1649 οξ
578 1623 599 1648 δ’
619 1624 695 1650 αὐτοὶ
711 1624 861 1659 γραφέντες
881 1623 950 1660 ἦσαν

162 1668 204 1701 εἰς
219 1667 302 1704 ζωήν·
316 1668 402 1700 οὕτως
418 1669 464 1696 καὶ
479 1670 605 1700 ἐνταῦθα,
622 1672 645 1697 οἱ
667 1671 891 1706 καταλειφθέντες
904 1673 950 1698 ἀπ’

162 1715 253 1742 αὐτῶν
271 1725 280 1741 ι
300 1715 415 1752 ἀριθμὸς
427 1716 541 1748 ἔσονται,
558 1717 605 1743 καὶ
618 1717 719 1744 παιδίον
731 1718 830 1754 γράψει
843 1718 949 1750 αὐτούς.

163 1760 250 1788 Τοῦτο
265 1761 294 1788 δὲ
315 1761 494 1796 καταλειξρθὲν
507 1763 539 1788 ὲκ
556 1761 602 1788 τοῦ
623 1762 740 1798 Ἰσραὴλ,
759 1764 805 1789 καὶ
817 1764 840 1789 οἱ
855 1763 951 1789 διατω-

163 1807 256 1840 θέντες
275 1808 330 1834 ἀπὸ
346 1808 394 1834 τοῦ
418 1808 513 1835 Ἰακὼῦ
536 1818 545 1834 ‹
564 1809 664 1840 οὐκέτι,
682 1819 691 1835 ι
713 1810 804 1844 φησὶν,
822 1819 830 1835 ι
846 1809 951 1836 ἔσονται

163 1855 210 1880 ἐπὶ
223 1853 287 1886 τοὺς
299 1854 480 1890 ἀδικήσαντας
495 1855 602 1886 αὐτοὺς,
626 1855 681 1881 ἀλλ’
700 1855 804 1881 ἔσονται
826 1855 951 1882 πεποιθό-

163 1909 208 1932 τες
220 1901 267 1926 ἐπὶ
277 1899 323 1926 τὸν
335 1900 401 1926 θεὸν
412 1900 456 1926 τὸν
469 1900 544 1934 ἆγιον
559 1900 606 1926 τοῦ
631 1901 746 1935 Ἰσραήλ.
766 1910 774 1925 δ
790 1901 842 1927 Καὶ
859 1901 908 1935 ὅρα
920 1909 951 1934 γε

163 1947 188 1972 ει
203 1945 241 1982 μὴ
252 1944 339 1982 ταύτῃ
359 1954 390 1980 γε
407 1947 439 1981 τῇ
464 1946 624 1981 πεποιθήσει
651 1946 675 1971 οἱ
698 1947 729 1972 ἐκ
749 1946 795 1972 τοῦ
820 1947 951 1973 Ἰουδαίων

164 1992 258 2024 ἔθνους
281 1991 468 2028 προελθόντες,
492 1992 518 2018 οῖ
539 2000 568 2018 τε
589 1992 622 2018 ἐκ
640 1992 688 2027 τῆς
710 1991 894 2023 ἁποπτώσεως
904 1992 951 2018 τοῦ

169 2037 277 2074 Ἰσραὴλ
294 2037 511 2073 περιλειφθέντες
535 2038 654 2073 μαθηταὶ
677 2038 722 2064 καὶ
742 2037 884 2064 ἀπόστολοι
905 2038 951 2064 τοῦ

164 2084 291 2120 Σωτῆρος
300 2083 389 2119 ἡμῶν,
403 2083 503 2119 μηδένα
515 2083 593 2117 λόγον
608 2084 785 2119 ποιησάμενοι
793 2084 847 2110 τῶν
855 2084 952 2119 ἀρχόν-

163 2138 218 2156 των
236 2129 285 2157 τοῦ
304 2129 401 2161 αἰῶνος
412 2129 517 2161 τούτου,
533 2129 613 2165 ἦτῶν
630 2130 767 2165 ἀρχόντων
787 2129 833 2156 τοῦ
859 2130 889 2155 ἐκ
910 2139 953 2155 πε-

166 2176 279 2213 ριτομῆς
295 2175 361 2202 λαοῦ
373 2175 426 2202 τῶν
442 2176 524 2202 πάλαι
537 2175 699 2202 ἀδικούντων
717 2175 823 2206 αὐτοὺς,
842 2174 952 2210 ἐξῆλθον

164 2223 204 2254 είς
220 2221 311 2248 πάντα
332 2220 366 2247 τὰ
390 2220 453 2256 ἔθνη
477 2220 654 2256 κηρύττοντες
666 2220 711 2246 τὸν
732 2220 847 2256 Χριστὸν
863 2219 951 2254 λόγον,

165 2267 328 2303 πεποιθήσει
348 2275 378 2292 τε
402 2267 434 2302 τῇ
454 2266 521 2301 πρὸς
541 2265 586 2292 τὸν
605 2265 673 2292 Θεὸν
685 2265 810 2301 (ἐπείπερ
821 2264 891 2291 κατὰ
903 2265 952 2299 τὴν
968 2278 989 2305 D

165 2312 335 2349 προφητείαν
351 2311 508 2343 πεποιθότες
518 2308 587 2346 ἦσαν
601 2311 646 2337 ἐπὶ
658 2311 702 2336 τὸν
719 2310 784 2337 Θεὸν
807 2311 882 2345 ἆγιον
904 2309 951 2336 τοῦ

173 2358 281 2395 Ἰσραὴλ
290 2359 319 2384 ἐν
337 2357 458 2392 ἀληθεια-
473 2357 503 2383 οὐ
519 2357 572 2392 γὰρ
585 2356 718 2388 ὑπούλως,
737 2356 796 2383 οὐδὲ
812 2356 870 2390 μεθ’
886 2356 952 2382 ὑπο-

165 2405 295 2441 κρίσεως.
310 2404 359 2430 σὺν
380 2403 492 2439 ἀληθείᾳ
514 2403 542 2429 δὲ
561 2403 637 2434 ὅλους
659 2403 770 2434 ἑαυτοὺς
790 2402 953 2429 ὲπιδέδονται

166 2451 277 2486 ἐλπίδι),
291 2451 321 2477 οὺ
336 2450 415 2485 μόνον
426 2449 559 2485 προῆλθον
578 2449 627 2484 τῆς
641 2448 744 2475 ἑαυτῶν
766 2448 867 2484 χώρας,
887 2448 954 2475 ἀλλὰ

166 2495 352 2533 κατώρθωσαν
362 2496 392 2522 τὸ
404 2495 636 2530 προστεθειμένον.
655 2494 739 2521 Τοῦτο
752 2494 780 2520 δὲ
791 2494 857 2520 αὐτὸ
875 2493 954 2520 πάλιν

166 2540 398 2576 τὺκαταλειφθὲν,
416 2541 495 2567 οἱονεὶ
516 2540 546 2567 τὸ
566 2541 674 2576 σπέρμα
699 2540 750 2574 τῆς
773 2539 956 2571 ἀποπτώσεως

166 2589 213 2616 τοῦ
229 2589 329 2616 Ἰακὼὸ
347 2589 452 2623 γέγονε,
474 2587 601 2619 πεποιθὸς
622 2588 667 2614 ἐπὶ
681 2587 747 2614 Θεὸν
762 2586 895 2621 ἰσχύοντα·
910 2587 956 2612 καὶ

167 2636 275 2673 αὺτὺδὴ
286 2636 366 2663 τοῦτο
383 2636 412 2662 τὸ
429 2635 602 2670 κατάλειμμα
620 2635 666 2661 τοῦ
690 2634 790 2666 παντὸς
805 2633 896 2664 ἔθνους
909 2633 957 2659 αὺ-

168 2682 231 2716 τῶν,
244 2682 392 2719 γενομένου
405 2682 442 2713 ὡς
458 2682 474 2717 ή
493 2682 583 2716 ἄμμος
604 2681 654 2715 τῆς
679 2680 827 2716 θαλάσσης,
847 2679 903 2706 ἁλλ’
924 2679 955 2705 οὐ

168 2729 239 2756 κατὰ
251 2727 288 2755 τὰ
299 2728 387 2764 ἄστρα
399 2727 445 2754 τοῦ
455 2726 580 2762 οὐρανοῦ,
591 2727 640 2762 τῆς
652 2726 725 2762 παρὰ
735 2726 774 2762 τῷ
789 2725 848 2760 Θεῷ
868 2734 957 2760 σωτη-

171 2773 230 2810 ρίας
255 2773 374 2809 ἠξιώθη,
391 2772 533 2808 ὡσπεροῦν
552 2771 740 2807 ἐμαρτύρησεν
754 2772 768 2797 ὁ
784 2771 953 2801 Ἀπόστολος.

170 2819 262 2846 ειπὼν·
283 2830 292 2845 ε
314 2818 428 2850 Ἡσαΐας
438 2818 466 2846 δὲ
485 2816 581 2853 κράζει
601 2817 670 2853 ὑπὲρ
691 2816 737 2843 τοῦ
764 2817 882 2853 Ἰσραὴλ,
909 2815 956 2842 ἐὰν

205 2909 226 2924 δ’
240 2909 293 2937 lsa.
313 2917 341 2943 ι,
360 2909 451 2935 ιτες.

1001 295 1082 318 erunt
1095 290 1262 318 conﬁdentes
1278 290 1306 317 in
1323 289 1379 318 Deo
1393 295 1489 319 saneto
1502 291 1583 320 Israel
1599 292 1626 319 in
1652 293 1765 321 veritate
1776 302 1784 310 ο

1002 341 1028 363 et
1043 340 1218 364 convertetur
1233 336 1306 370 quod
1325 337 1459 371 reliquum
1485 337 1566 364 fuerit
1589 346 1621 365 ex
1641 339 1734 370 Israel,
1751 339 1784 365 ad

1002 381 1086 408 Deum
1103 381 1199 409 fortem
1220 391 1226 408 :
1240 385 1266 409 et
1283 381 1307 408 si
1326 381 1407 408 fuerit
1422 389 1553 410 numerus
1571 383 1687 410 ﬁliorum
1702 383 1785 411 Israel

1001 426 1073 453 sicut
1086 434 1168 454 arena
1183 427 1278 459 maris,
1291 427 1412 462 reliquiae
1427 435 1521 454 eorum
1538 428 1619 455 salsz
1637 428 1710 456 ﬁent.
1724 428 1786 456 Ver-

1002 471 1066 498 bum
1078 472 1150 499 enim
1166 472 1212 506 qui
1228 471 1345 506 perﬁcit,
1360 476 1387 499 et
1404 472 1451 507 qui
1462 473 1600 500 contrahit
1615 474 1641 500 in
1658 474 1785 508 justitia;

1002 517 1131 552 quoniam
1148 517 1262 546 verbum
1281 519 1448 546 contractius
1473 518 1553 546 faciet
1577 519 1648 547 Deus
1670 521 1698 547 in
1721 520 1786 549 orbe

1003 567 1082 590 terrae
1099 564 1227 591 universo
1238 564 1271 590 δ’.
1293 573 1302 590 ι
1319 563 1368 591 IIic
1389 573 1498 600 quoque
1517 566 1636 597 attende,
1657 566 1722 593 dum
1737 568 1787 594 tri-

1003 609 1054 636 stia
1062 610 1211 642 minitatur,
1222 610 1448 645 quemadmodum
1460 620 1470 636 ‹
1481 612 1543 643 erit,
1555 621 1565 637 ι
1578 612 1674 647 inquit,
1685 613 1731 648 qni
1743 613 1785 639 fu-

1001 655 1057 689 giet
1072 659 1200 690 tanquam
1217 656 1323 691 fugiens
1336 663 1351 683 a
1367 656 1474 683 flamma
1490 657 1601 685 ardente
1618 667 1624 684 :
1641 662 1667 685 et
1683 658 1730 693 qui
1743 667 1786 686 re-

1002 702 1069 736 liqui
1083 702 1183 729 fuerint
1201 710 1233 729 ex
1250 702 1314 735 illis,
1331 710 1462 730 numerus
1480 707 1561 730 erunt
1575 713 1581 730 :
1596 707 1622 730 et
1645 712 1712 738 puer
1723 711 1786 739 par-

1002 748 1081 775 vulus
1098 748 1198 776 scribet
1209 755 1266 780 eos,
1287 757 1296 774 ›
1310 748 1409 783 quibus
1426 756 1491 775 sane
1509 748 1609 779 verbis,
1622 750 1784 784 paucitatem

1001 802 1108 826 eorum,
1124 794 1211 829 quiex
1227 794 1328 829 populo
1337 794 1561 822 Circumcisionis
1574 795 1713 823 interitum
1729 796 1786 824 sint

1001 839 1123 871 evasuri,
1138 848 1190 867 una
1208 848 1269 867 cum
1286 840 1363 868 urbis
1385 839 1555 868 Hierusalem
1579 841 1715 874 incendio,
1736 849 1786 870 no-

1002 886 1044 913 bis
1055 886 1183 914 ostendit.
1200 896 1209 912 ι
1234 886 1266 913 Hi
1279 894 1354 918 vero,
1379 886 1478 921 inquit,
1501 887 1547 922 qui
1562 887 1658 922 reliqui
1674 887 1784 919 fuerint.

965 931 986 958 Β
1001 939 1236 965 ιιιιωονυεηετυηι,
1253 943 1262 958 ι
1276 933 1327 960 hoc
1343 936 1395 965 est,
1413 941 1467 960 non
1482 933 1573 967 plures
1589 941 1670 968 quam
1689 938 1719 960 ut
1735 943 1786 961 nu-

1002 987 1077 1006 mero
1108 979 1301 1014 comprehendi
1328 980 1450 1014 possint:
1471 983 1564 1014 utpote
1584 981 1631 1014 qui
1653 985 1679 1007 et
1695 983 1784 1015 pauci.

1001 1028 1027 1051 et
1039 1024 1118 1051 facile
1133 1024 1316 1051 numerabiles
1329 1024 1413 1051 futuri
1429 1025 1484 1051 sint
1499 1033 1504 1050 :
1518 1033 1571 1051 non
1588 1026 1680 1060 plures
1704 1026 1786 1061 igitur

1001 1071 1176 1102 exstiterunt,
1189 1071 1321 1097 duntaxat
1337 1072 1470 1099 universas
1491 1071 1646 1098 Judzeorum
1663 1073 1785 1100 multitu-

1001 1117 1059 1143 dini
1076 1117 1236 1151 comparati,
1253 1116 1298 1150 qui
1315 1116 1342 1142 in
1355 1115 1524 1143 Salvatorem
1538 1120 1565 1143 et
1578 1116 1721 1144 Dominum
1735 1125 1785 1144 no-

1002 1167 1089 1191 strum
1113 1162 1295 1194 crediderunt,
1313 1163 1359 1197 qui
1377 1163 1486 1197 quidem
1507 1163 1589 1189 etiam
1613 1163 1685 1198 digni
1700 1163 1785 1191 habiti

1003 1209 1068 1241 sint,
1091 1209 1138 1244 qui
1160 1209 1194 1235 ab
1213 1217 1246 1236 eo
1266 1210 1431 1244 scripturam
1455 1210 1610 1244 acciperent
1631 1219 1637 1235 ε
1654 1211 1786 1244 quemad-

1002 1255 1113 1282 modum
1141 1255 1222 1282 vcrba
1253 1255 1298 1282 illa
1329 1255 1532 1287 demonstrant,
1560 1264 1570 1281 ι
1599 1260 1626 1283 et
1655 1258 1786 1291 puerulus

1003 1301 1105 1328 scribet
1129 1309 1205 1329 eos:
1232 1311 1242 1327 ι
1271 1301 1404 1335 siquidem
1439 1302 1514 1336 prius
1547 1307 1688 1330 ostensum
1725 1308 1788 1333 est.

1001 1348 1127 1382 quisnam
1156 1347 1200 1374 hic
1224 1352 1296 1375 esset
1323 1348 1471 1381 puerulus,
1508 1349 1552 1376 ubi
1585 1349 1688 1376 dictum
1712 1353 1754 1376 est
1775 1357 1788 1374 τι

1002 1393 1054 1428 73
1087 1393 1156 1420 Ecce
1182 1393 1258 1428 virgo
1281 1394 1308 1420 in
1335 1397 1412 1420 utero
1437 1394 1563 1424 habebit.
1587 1398 1615 1421 ct
1645 1395 1731 1429 pariet
1756 1395 1789 1422 ϐ·-

1003 1440 1068 1466 lium
1084 1440 1127 1465 "2
1151 1449 1160 1464 ι
1177 1443 1204 1466 et
1222 1449 1231 1464 ‹
1252 1443 1397 1474 antequam
1423 1440 1492 1467 sciat
1520 1448 1586 1475 puer
1615 1448 1711 1468 vocare
1737 1448 1786 1476 pa-

1002 1490 1079 1516 trem,
1091 1490 1137 1512 aut
1148 1486 1291 1520 matrem_"
1305 1495 1310 1512 :
1328 1495 1336 1511 I
1353 1490 1379 1513 et
1392 1486 1519 1521 quoniam
1535 1487 1586 1513 hoc
1598 1487 1657 1514 loco
1668 1496 1677 1513 ε
1691 1495 1783 1521 pucr,s

1003 1532 1099 1566 inquit,
1119 1541 1128 1557 ι
1150 1532 1251 1558 scribet
1265 1539 1328 1563 eos,
1350 1541 1360 1557 ι
1386 1532 1484 1559 merito
1498 1532 1524 1558 in
1542 1532 1728 1567 superioribus
1743 1532 1785 1559 di-

1003 1578 1081 1605 cebat
1096 1588 1102 1605 :
1125 1587 1134 1603 ι
1156 1577 1188 1604 Ει
1203 1578 1256 1604 erit
1270 1577 1343 1612 quod
1363 1578 1497 1612 reliquum
1519 1578 1600 1605 fuerit
1618 1578 1644 1605 in
1657 1577 1786 1606 Hierusa-

1002 1624 1065 1655 lem,
1079 1624 1165 1651 sancti
1180 1623 1350 1651 vocabuntur
1365 1631 1460 1651 omnes
1470 1643 1477 1655 ,
1498 1624 1543 1658 qui
1560 1624 1653 1658 scripti
1670 1628 1733 1652 sunt
1752 1624 1786 1651 ad

1002 1669 1084 1696 vitam
1095 1670 1128 1696 δ’.
1149 1679 1158 1695 ι
1176 1669 1246 1704 Ergo
1259 1672 1288 1695 ut
1305 1669 1361 1695 illic
1386 1670 1519 1704 reliquum
1543 1669 1710 1696 nominatum
1723 1673 1786 1703 est,

1003 1715 1100 1750 hicque
1118 1715 1169 1750 ipsi
1184 1719 1279 1747 erant,
1305 1725 1314 1741 ι
1333 1716 1379 1750 qui
1398 1715 1492 1750 scripti
1507 1720 1570 1742 sunt
1595 1716 1629 1742 ad
1645 1715 1747 1742 vitam:
1773 1725 1784 1741 ι

1003 1762 1038 1786 ita
1052 1761 1131 1788 etiam
1145 1761 1199 1792 hic,
1215 1770 1224 1785 ‹
1244 1760 1291 1795 qui
1305 1760 1402 1795 reliqui
1419 1760 1518 1787 fuerint
1532 1769 1563 1787 ex
1578 1761 1617 1788 eis
1627 1780 1635 1792 ,
1656 1768 1786 1788 numerus

1002 1811 1092 1838 erunt,
1108 1810 1135 1834 et
1150 1807 1280 1840 puerulus
1298 1806 1398 1833 scribet
1416 1815 1473 1834 eos.
1496 1816 1505 1832 ι
1522 1806 1578 1834 IIoc
1594 1814 1676 1841 porro
1697 1806 1786 1841 ipsum

1005 1862 1014 1876 ‹
1033 1852 1104 1886 quod
1118 1852 1241 1879 relictum
1256 1852 1336 1880 fuerit
1355 1860 1387 1879 ex
1402 1852 1503 1885 Israel,
1522 1857 1549 1879 et
1562 1853 1608 1887 qui
1631 1852 1730 1880 servati
1753 1860 1788 1879 ex

1002 1898 1096 1930 Jacob,
1113 1906 1166 1925 non
1180 1898 1260 1931 ultra,
1274 1908 1283 1924 ›
1295 1899 1390 1933 inquit,
1410 1907 1419 1922 ι
1439 1898 1466 1924 in
1482 1898 1522 1925 eis
1537 1898 1583 1933 qui
1599 1897 1673 1932 ipsos
1688 1897 1788 1932 injuria

1003 1943 1156 1976 alTecerint,
1186 1943 1234 1971 sed
1263 1944 1290 1971 in
1313 1945 1367 1972 Deo
1394 1948 1490 1971 sancto
1515 1943 1595 1971 Israel
1619 1943 1788 1971 conﬁdentes

1002 1994 1082 2017 erunt
1097 1999 1104 2016 ε
1127 2000 1135 2015 ι
1155 1993 1181 2017 et
1200 1997 1266 2018 sane
1279 1990 1336 2024 jam
1354 1994 1456 2024 specta,
1469 1994 1560 2016 utrum
1585 1990 1643 2025 ipsa
1657 1989 1708 2016 hac
1722 1997 1788 2016 con-

1004 2036 1113 2063 ﬁdentia
1129 2035 1158 2067 ii,
1172 2035 1218 2070 qui
1235 2043 1267 2062 ex
1288 2034 1400 2062 Judaica
1427 2040 1506 2070 gente
1528 2034 1640 2070 profecti
1657 2039 1740 2066 sunt,
1761 2038 1789 2062 et

1003 2080 1049 2114 qui
1069 2079 1103 2106 de
1116 2079 1194 2106 ruina
1210 2079 1294 2106 Israel
1304 2079 1390 2106 relicti
1406 2082 1470 2106 sunt
1485 2079 1611 2113 discipuli
1626 2083 1653 2106 et
1673 2078 1788 2113 apostoli

1005 2125 1152 2152 Salvatoris
1173 2125 1272 2157 nostri,
1288 2125 1354 2152 nihil
1376 2125 1569 2152 :estimaverint
1584 2124 1721 2159 principes
1736 2131 1788 2151 sae-

1004 2171 1058 2198 culi
1077 2171 1168 2206 hujus,
1189 2178 1237 2198 seu
1261 2170 1396 2205 principes
1408 2169 1524 2201 Iudaici,
1541 2170 1585 2206 qui
1600 2171 1664 2197 olim
1689 2170 1788 2204 injuria

1004 2225 1051 2244 eos
1066 2216 1227 2248 efﬁciebant,
1248 2219 1274 2243 et
1290 2215 1329 2242 sic
1355 2216 1381 2242 in
1399 2223 1493 2243 omnes
1519 2221 1612 2250 gentes
1629 2221 1788 2250 penetrare-

1004 2264 1069 2294 rint,
1085 2261 1223 2289 Christum
1237 2261 1348 2288 verbum
1367 2261 1555 2296 prazdicantes,
1576 2269 1611 2288 an
1634 2268 1697 2287 vero
1720 2259 1789 2286 nihil

1005 2309 1103 2336 horum
1126 2308 1184 2335 ausi
1206 2308 1270 2339 sint,
1287 2312 1368 2342 atque
1393 2311 1482 2334 utrum
1505 2307 1598 2334 eadem
1622 2313 1685 2341 erga
1705 2305 1787 2332 Deum

1005 2354 1168 2382 conﬁdentia
1185 2355 1268 2389 (nam,
1285 2358 1316 2381 ut
1330 2353 1471 2389 prophetia
1487 2353 1577 2384 habet,
1593 2362 1602 2377 ‹
1621 2351 1788 2379 conﬁdentes

1005 2405 1082 2428 erant
1099 2401 1125 2428 in
1142 2400 1197 2428 Deo
1219 2404 1314 2428 sancto
1331 2400 1411 2428 Israel
1430 2400 1456 2426 in
1472 2399 1596 2426 veritate.
1615 2407 1624 2423 ›
1642 2397 1700 2424 Non
1715 2397 1787 2423 enim

1006 2447 1119 2474 subdole
1138 2452 1184 2474 aut
1198 2447 1342 2480 simulate,
1366 2446 1411 2474 sed
1429 2453 1492 2473 vere
1509 2449 1580 2472 totos
1606 2444 1710 2478 seipsos
1731 2442 1789 2477 spei

1005 2493 1182 2525 dediderant;
1211 2500 1264 2520 non
1287 2493 1374 2520 solum
1404 2491 1437 2518 de
1464 2498 1513 2518 sua
1538 2490 1647 2525 regione
1675 2487 1789 2523 profecti

1007 2539 1069 2571 sint,
1088 2547 1180 2566 verum
1201 2538 1227 2565 id
1246 2538 1318 2573 quod
1333 2537 1400 2573 ipsis
1426 2537 1593 2572 propositum
1611 2535 1721 2580 fuerat?
1742 2533 1791 2561 ab-

1007 2585 1078 2612 unde
1092 2585 1265 2620 perfecerint,
1280 2593 1313 2611 an
1326 2592 1391 2611 non.
1408 2583 1508 2617 Nempe
1518 2583 1571 2609 hoc
1587 2579 1789 2620 ipsun'timsus

1006 2631 1032 2658 id
1050 2631 1134 2658 fuisse
1155 2630 1287 2661 invenies,
1302 2629 1375 2665 quod
1399 2629 1523 2656 relictum
1540 2632 1582 2656 est
1595 2620 1790 2663 quasi'iﬁen

1007 2677 1093 2704 ruinae
1104 2676 1189 2703 Jacob
1203 2696 1211 2709 ,
1241 2677 1268 2703 in
1286 2676 1339 2703 Deo
1358 2674 1419 2702 forti
1441 2674 1600 2701 conﬁdens:
1631 2677 1710 2708 atque
1726 2672 1789 2698 item

1006 2723 1057 2749 hoc
1083 2722 1170 2758 ipsum
1195 2722 1329 2750 universae
1353 2721 1412 2755 ejus
1437 2720 1526 2754 gentis
1548 2719 1686 2747 residuum
1715 2718 1791 2752 (qua

1007 2768 1114 2804 quidem
1131 2776 1197 2803 gens
1211 2777 1220 2794 ‹
1232 2767 1311 2796 fuerit
1321 2766 1398 2802 quasi
1409 2773 1490 2793 arena
1503 2766 1598 2797 maris,
1619 2775 1628 2789 ι
1645 2772 1699 2792 non
1711 2762 1790 2798 quasi

1008 2815 1091 2842 stella
1107 2815 1179 2850 cadi)
1193 2814 1304 2850 dignum
1329 2813 1451 2841 habitum
1465 2820 1536 2845 esse,
1549 2811 1593 2839 cui
1618 2811 1691 2839 salus
1706 2817 1721 2836 ι
1739 2808 1795 2834 Deo

492 2907 515 2923 ’⁵⁸
529 2906 580 2935 Isa.
598 2915 645 2938 vn,
665 2906 705 2933 Η.
745 2906 765 2921 ¹¹
784 2904 835 2933 Isa.
855 2913 913 2938 rm,
932 2904 958 2933 ι.
996 2904 1018 2920 ³¹
1039 2902 1091 2931 Isa.
1108 2902 1185 2936 n53.
