2053 3218
286 192 337 221 ηδ

603 191 735 219 EUSEBH
752 189 993 218 CAESARIENSIS
1012 189 1086 217 OPP.
1108 188 1199 216 PARS
1217 188 1249 215 ll.
1268 204 1302 208 ——
1323 187 1575 215 APOLOCETICA.

1867 187 1920 215 ιιι

281 251 495 282 condonaretur,
522 249 592 277 sicut
612 249 727 277 atﬁrmat
751 250 916 285 Apostolus,
943 249 989 276 ubi
1010 248 1047 275 ait
1064 258 1069 275 :

1126 246 1166 285 ᾖό
1179 247 1294 283 ἀριθμὸς
1311 246 1366 272 τῶν
1392 246 1456 272 υἱῶν
1486 245 1594 281 Ἰσραὴλ
1610 245 1647 276 ὡς
1664 245 1680 281 ὴ
1697 244 1788 280 ἄμμος
1805 243 1856 279 τῆς
1869 243 1921 281 Ἰθα-

285 305 295 322 ι
315 295 399 323 Isaias
416 300 506 322 autem
522 296 622 323 clamat
634 303 682 330 pro
699 295 792 326 Israel,
805 295 827 322 si
845 294 927 321 fuerit
941 301 1073 321 numerus

282 341 399 369 ﬁliorutn
410 341 492 368 lsrael
507 340 577 368 sicut
591 348 673 368 arena
688 341 781 370 maris.
793 340 914 375 reliquim
922 340 1004 367 salva:
1012 339 1074 367 ﬁent

282 387 316 414 ⁸³.
339 397 348 412 ι
367 386 434 413 Nam
448 394 510 413 cum
530 387 584 413 duo
598 387 653 413 sint
675 394 735 421 qum
747 385 864 412 Abralue
878 385 948 413 Deus
960 393 1074 420 respon-

282 433 350 461 dens
364 433 487 468 promisit
498 431 531 459 de
550 432 593 464 iis,
604 432 651 466 qui
669 432 703 458 ab
714 431 760 458 illo
777 431 873 458 orituri
889 435 976 460 erant,
990 438 1073 458 unum

282 480 392 514 quidem
405 479 475 514 quod
488 478 570 505 l'utttri
585 483 677 505 essent
689 478 761 505 sicut
773 478 857 505 stella:
872 478 945 509 cmli,
959 478 1072 505 alterum

283 533 349 553 vero
363 525 435 559 quod
454 528 582 558 tanquam
596 531 678 550 arena
693 523 777 549 maris
788 543 794 554 ,
816 523 861 550 Dei
880 522 989 557 quidem
1006 522 1074 549 ami-

284 571 321 602 ci,
340 571 433 606 quales
446 570 555 597 fuerunt
572 570 609 596 illi
623 574 740 601 veteres,
757 575 782 596 et
808 570 956 604 prophetze,
970 574 996 596 et
1013 568 1073 595 Sal-

285 616 386 643 vatoris
401 615 486 642 nostri
501 615 615 650 apostoli
631 636 638 647 ,
664 615 765 649 quibus
786 614 844 648 ipse
862 615 927 641 illud
951 615 1074 642 testimo-

284 662 359 688 nium
374 661 505 693 exhibuit,
527 670 535 686 ‹
556 668 603 687 vos
618 661 686 688 estis
713 660 758 686 lux
773 661 865 686 mundi
886 659 919 693 ⁵⁵,
938 668 946 686 ι
965 660 1074 686 lumini-

284 708 335 736 bus
349 707 510 735 cmlestibus
527 708 585 742 ipso
606 707 751 741 splendore
777 710 972 742 comparantur
986 716 992 734 :
1010 707 1073 734 reli-

282 756 328 790 qui
344 761 418 787 vero,
432 754 533 781 terreni
559 753 683 785 scilicet,
710 758 791 788 atque
819 754 845 780 in
874 753 986 780 humum
1013 760 1075 787 spe-

283 805 399 833 ctantes,
416 807 505 827 arenae
530 799 635 826 similes
659 800 801 826 habentur.
836 797 955 826 Proinde
978 799 1073 826 merito

285 848 331 875 ubi
343 851 398 874 tota
412 845 558 873 multitudo
576 845 692 872 ﬁliorum
711 845 810 876 lsracl,
829 851 890 879 quae
906 852 920 871 a
943 844 1074 880 dignitate

285 901 334 921 sua
349 892 404 929 74
419 896 446 920 et
471 899 485 918 a
503 891 612 918 virtutis
638 891 841 926 magniﬁcentia
870 897 966 917 casura
994 894 1072 921 erat,

1125 295 1238 329 λάσσης,
1264 294 1294 320 τὸ
1321 293 1495 329 κατάλειμμα
1521 293 1682 329 σωθήσεται.
1709 302 1719 318 ι
1734 292 1786 318 Δύο
1809 292 1920 327 γάρτοι

1125 340 1294 374 ἐπαγγελιῶν
1313 339 1358 366 διὰ
1381 339 1427 366 τοῦ
1441 338 1565 374 χρησμοῦ
1579 338 1616 373 τῷ
1634 338 1759 373 Ἀϐραὰμ
1771 337 1920 374 δεδομένων

1125 387 1189 422 περὶ
1200 386 1254 412 τῶν
1268 386 1296 419 ἐξ
1308 385 1389 412 αὑτοῦ
1402 385 1601 420 γενησομένων,
1611 385 1648 416 ὡς
1662 384 1715 419 ἄρα
1731 383 1837 410 ἔσονται
1848 383 1921 411 κατὰ

1124 432 1158 459 τὰ
1177 433 1265 467 ἄστρα
1281 432 1327 458 τοῦ
1341 431 1467 468 οὐρανοῦ,
1488 431 1536 458 καὶ
1552 430 1623 457 κατὰ
1636 430 1686 466 τὴν
1701 431 1792 466 ἄμμον
1807 430 1856 465 τῆς
1871 430 1919 457 θα-

1125 477 1237 512 λάσσης,
1256 477 1310 504 τῶν
1335 478 1384 512 μὲν
1407 476 1539 511 θεοφιλῶν
1565 476 1727 512 λαμπόντων
1748 476 1848 511 ὁμοίως
1861 478 1919 507 τοῖς

1124 522 1260 558 οὐρανίοις
1278 523 1444 558 φωστῆρσιν,
1468 519 1521 548 οἷοι
1548 519 1618 557 ἦσαν
1635 523 1661 548 οἱ
1673 521 1757 548 πάλαι
1770 521 1917 557 προφῆται,

1124 569 1172 595 καὶ
1183 569 1208 595 οἱ
1224 569 1271 595 τοῦ
1289 569 1416 605 Σωτῆρος
1431 569 1508 604 ἡμῶν
1520 568 1675 599 ἀπόστολοι,
1706 566 1746 600 οἷς
1759 568 1917 604 ἐμαρτύρη-

1126 623 1171 641 σεν
1186 614 1280 641 εἰπών·
1297 624 1306 640 ι
1325 615 1422 650 Ὑμεῖς
1433 615 1494 641 ἐστὲ
1506 615 1536 641 τὸ
1549 615 1605 649 φῶς
1619 614 1666 641 τοῦ
1678 615 1790 649 κόσμου·
1807 624 1816 639 ι
1827 613 1880 640 τῶν
1890 614 1918 640 δὲ

1124 660 1248 695 γηγενῷν
1271 662 1319 687 καὶ
1339 660 1518 695 χαμαιπετῶν
1540 661 1624 696 ἄμμῳ
1639 660 1690 695 γῆς
1708 660 1918 696 παραϐαλλομέ-

1125 715 1187 733 νων·
1206 707 1318 738 είκότως
1333 708 1362 733 ἐν
1375 707 1479 738 τούτοις
1489 707 1504 732 ὁ
1525 707 1691 743 προφητικὸς
1703 706 1791 740 λόγος,
1804 706 1874 733 ἐπὰν
1888 706 1919 733 τὺ

1125 753 1179 779 πᾶν
1204 753 1307 788 πλῆθος
1330 753 1385 779 τῶν
1406 753 1471 779 υἱῶν
1505 753 1613 789 Ἰσραὴλ
1635 753 1837 789 ἐκπεσούμενον
1870 753 1918 788 τῆς

1124 799 1203 831 ἀξίας
1216 801 1262 826 καὶ
1277 799 1324 826 τοῦ
1346 799 1534 835 μγαλοφυοῦς
1548 800 1597 834 τῆς
1613 800 1722 835 ἀρετῆς,
1739 800 1798 826 ὅλον
1812 799 1845 826 δι’
1857 799 1919 826 ὅλου

1125 846 1291 881 χαμαιπετὲς
1313 846 1457 880 γενόμενον
1479 844 1642 880 παραϐληθῇ
1655 846 1689 881 τῇ
1703 846 1787 881 ἄμμῳ
1805 846 1855 881 τῆς
1870 845 1919 871 Θα-

1125 891 1237 927 λάσσης,
1253 892 1311 918 τότε
1325 891 1356 926 δὴ
1371 892 1401 917 τὸ
1417 891 1592 926 κατάλειμμα
1605 890 1694 917 αὐτῶν
1711 892 1790 926 μόνον
1803 891 1919 927 σωθήσε-

285 939 465 974 undecunque
487 942 613 973 spoctans
635 937 662 964 in
679 941 793 968 terram,
821 940 851 963 ut
867 943 958 963 sermo
977 935 1011 963 de
1034 935 1074 963 his

1128 946 1183 971 ται,
1201 937 1264 973 περὶ
1283 935 1312 964 οὗ
1331 937 1551 973 καταλείμματος
1570 936 1684 963 πλεῖστα
1703 938 1768 973 ἡμῖν
1778 937 1918 971 γεγύμνα-

285 986 459 1021 propheticus
482 984 573 1017 habet,
589 991 678 1011 arente
693 983 776 1010 maris
797 983 954 1017 comparata
971 981 1051 1008 fuerit
1065 991 1071 1009 :

286 1038 341 1059 tum
357 1032 482 1060 videlicet
504 1038 598 1058 eorum
614 1030 735 1065 reliquize
750 1029 883 1056 duntaxat
899 1028 981 1056 salvae
998 1028 1073 1060 ﬁent,

284 1079 318 1106 dc
329 1079 428 1113 quibus
442 1085 506 1105 sane
522 1077 644 1112 reliquiis
657 1076 803 1111 plurimum
822 1079 865 1103 est
887 1082 901 1101 a
917 1075 996 1102 nobis
1019 1075 1072 1102 ela-

284 1123 407 1151 boratum
424 1132 431 1150 :
453 1126 533 1157 atque
546 1122 602 1149 haec
621 1121 710 1148 futura
723 1129 783 1148 esse
797 1120 874 1152 dicit,
891 1121 937 1148 ubi
954 1121 1012 1155 ipse
1023 1119 1076 1146 Do-

285 1170 375 1197 minus
385 1168 551 1196 contrahens
577 1171 604 1194 et
618 1167 777 1202 perﬁciens,
799 1166 907 1193 verbum
923 1173 971 1200 per
988 1169 1074 1192 totum

285 1219 419 1242 terrarum
443 1214 536 1241 orbem
565 1213 672 1244 fecerit,
696 1213 736 1240 sic
765 1213 859 1247 utique
885 1211 1073 1246 Evangelicam

286 1260 506 1295 praedicationem
519 1259 663 1294 perspicue
679 1258 836 1293 signiﬁcans
846 1278 854 1289 ,
882 1258 909 1284 in
924 1266 977 1293 qua
999 1257 1074 1284 omni

287 1305 406 1332 Mosaico
420 1304 521 1330 ambitu
535 1304 652 1333 sublato.
669 1304 716 1338 qui
741 1303 921 1338 imaginibus,
935 1308 961 1330 et
975 1303 1072 1337 signis,

284 1353 313 1377 et
333 1348 521 1383 corporalibus
549 1348 752 1376 adorationibus
787 1349 947 1379 constabat,
975 1349 1106 1376 brevitate

285 1397 426 1427 emissum,
447 1394 596 1430 prophetiae
611 1396 753 1422 veritatem
770 1395 968 1430 comprobavit.

323 1453 390 1481 XLI.
411 1452 444 1480 Et
459 1454 510 1480 erit
527 1453 553 1479 in
565 1453 609 1480 die
623 1453 679 1486 illa,
695 1453 771 1480 radix
784 1452 871 1484 Jesse,
883 1457 910 1480 et
923 1454 968 1488 qui
983 1458 1075 1488 surget

287 1499 421 1533 imperare
436 1498 562 1534 gentibus
572 1518 579 1530 ,
602 1498 629 1525 in
643 1505 676 1525 eo
689 1503 784 1533 gentes
800 1498 948 1534 sperabunt
961 1509 967 1525 :
984 1504 1010 1526 et
1023 1499 1075 1526 erit

287 1545 395 1579 requies
411 1544 437 1571 in
452 1544 566 1572 honore.
579 1543 610 1570 Et
623 1544 674 1571 erit
687 1544 714 1571 in
728 1543 771 1572 die
786 1545 843 1575 illa,
860 1544 969 1580 adjiciet
981 1545 1073 1573 Domi-

287 1599 339 1618 nus
365 1592 552 1618 demonstrare
573 1598 684 1618 manum
700 1598 777 1618 suam
791 1591 822 1618 ad
841 1591 1033 1623 aemulandum,
1048 1597 1074 1619 et

286 1637 462 1672 qumrendnm
474 1636 546 1671 quod
564 1637 725 1664 remanserit
754 1637 887 1672 reliquum
905 1638 996 1673 populi
1017 1638 1074 1669 sui,

287 1683 468 1718 quodcunque
492 1684 616 1710 relictum
650 1683 730 1710 fuerit
761 1685 794 1710 ab
822 1684 964 1720 Assyriis,
987 1689 1014 1712 et
1043 1685 1077 1712 ab

286 1729 415 1765 Egypto,
433 1735 461 1756 ct
475 1737 489 1756 a
507 1729 666 1765 Babylonia,
680 1735 706 1757 et
718 1731 752 1758 ab
763 1730 912 1766 Etltiopia,
929 1736 955 1758 et
971 1731 1004 1759 ab
1019 1731 1077 1758 Ela-

286 1776 370 1807 mitis,
387 1781 412 1803 et
428 1784 442 1802 a
461 1777 527 1804 solis
543 1781 619 1809 ortu,
643 1781 669 1803 et
687 1777 722 1804 ab
738 1776 836 1805 insulis
853 1778 936 1804 maris
951 1787 957 1804 :
975 1781 1001 1805 et
1026 1785 1075 1804 ex-

286 1822 362 1848 tollet
374 1822 481 1857 signum
497 1823 523 1849 in
541 1827 652 1857 gentes,
677 1827 700 1849 cl
718 1823 857 1858 dispersos
871 1822 939 1850 Juda
963 1831 1076 1858 congre-

287 1867 359 1902 gabit
377 1875 392 1893 a
408 1873 524 1902 quatuor
539 1868 589 1894 alis
603 1872 683 1895 terra:
694 1869 727 1895 ⁵⁵.
753 1879 761 1894 ι
779 1868 847 1896 Cum
867 1877 937 1904 saepe
951 1869 1074 1904 quadam

288 1915 378 1940 l'utura
392 1913 518 1940 dicantur
533 1914 559 1940 in
571 1914 688 1948 quodam
704 1915 803 1949 insigni
820 1915 874 1946 die,
896 1915 948 1942 hoc
964 1919 1016 1948 est,
1030 1916 1074 1943 ubi

287 1957 462 1984 manifestum
477 1963 583 1993 tempus
606 1959 760 1991 advenerit,
789 1968 841 1987 nos
868 1961 1076 1989 ratiocinatione
1091 1966 1097 1970 '

287 2004 456 2040 colligentes,
474 2012 569 2031 earnm
591 2012 682 2031 rerum
711 2013 770 2039 qua:
785 2006 973 2040 signiﬁcentur
985 2027 992 2039 ,
1017 2008 1075 2035 exi-

287 2055 344 2076 tum
360 2051 386 2077 in
402 2051 489 2085 ipsum
512 2050 558 2077 Dei
571 2050 716 2077 adventum
737 2051 859 2078 recidere
875 2052 1075 2080 demonstravi-

288 2103 350 2123 mus
365 2106 370 2122 :
389 2096 416 2122 in
433 2103 488 2131 quo
503 2104 565 2123 cum
580 2096 669 2123 omnis
689 2095 802 2123 Judaica
827 2105 894 2131 gens
909 2105 1005 2125 casura
1031 2106 1075 2126 cs-

288 2146 339 2172 set,
356 2149 458 2176 paucos
469 2141 601 2176 quosdam
621 2147 757 2169 servatum
775 2142 820 2174 iri,
846 2142 892 2177 qui
910 2151 941 2170 ex
961 2144 1014 2171 illis
1031 2152 1074 2171 re-

287 2187 428 2223 linquendi
446 2193 522 2215 eraut
536 2207 544 2220 ,
570 2187 661 2215 divina
676 2188 823 2215 ostendunt
842 2190 963 2216 oracula.
990 2190 1015 2217 ls
1031 2195 1073 2217 ta-

288 2242 348 2262 men
363 2235 450 2266 locus,
465 2235 510 2269 qui
526 2242 598 2261 nunc
612 2235 773 2262 inmanibus
787 2239 838 2266 est,
851 2239 878 2262 et
891 2235 977 2269 ipsam
990 2236 1072 2268 diem,

1127 989 1197 1008 σται.
1213 981 1305 1008 Ταῦτα
1324 981 1352 1008 δέ
1367 990 1450 1016 φησιν
1477 980 1596 1012 ἔσεσθαι,
1616 981 1685 1008 ἐπὰν
1698 982 1779 1014 αὐτὸς
1793 983 1807 1010 ὁ
1818 982 1919 1018 Κύριος

1126 1027 1280 1062 συντέμνων
1295 1029 1342 1054 καὶ
1356 1028 1499 1059 συντελῶν,
1514 1028 1591 1062 λόγον
1607 1028 1667 1055 καθ’
1681 1028 1746 1065 ὅλης
1763 1023 1813 1063 τῆς
1831 1031 1920 1056 οἰκου-

1128 1073 1211 1109 μένης
1223 1075 1340 1109 ποιὴσει,
1352 1074 1475 1110 ἐναργῶς
1487 1074 1517 1100 τὸ
1532 1074 1708 1109 εὐαγγελικδν
1726 1075 1861 1110 παριστὰς
1876 1075 1919 1111 κη-

1129 1127 1231 1154 ρυγμα,
1246 1119 1274 1145 ὲν
1287 1116 1319 1153 ᾧ,
1331 1120 1421 1154 πάσης
1432 1119 1482 1154 τῆς
1494 1119 1566 1146 κατά
1581 1119 1685 1146 Μωσέα
1698 1119 1823 1155 περιόδου
1843 1120 1873 1145 ἐν
1883 1120 1921 1145 είς

1128 1164 1187 1190 κόσι
1202 1165 1248 1190 καὶ
1270 1165 1414 1200 συμϐόλοις
1433 1165 1480 1192 καὶ
1502 1167 1671 1200 σωματικαῖς
1694 1165 1852 1201 θρησκείαις
1873 1173 1920 1191 πε-

1130 1211 1322 1247 ριαιρεθείσης,
1347 1212 1361 1238 ὁ
1377 1212 1507 1247 σύντομος
1525 1211 1572 1238 τοῦ
1594 1212 1759 1246 Εὑαγγελίου
1773 1211 1862 1245 λόγος.
1880 1213 1920 1243 είς

1128 1257 1231 1289 πάντας
1250 1257 1409 1292 ἀνθρώπους
1427 1257 1602 1292 παραδοθεὶς,
1617 1257 1666 1292 τῆς
1686 1257 1855 1292 προφητείας
1870 1257 1921 1292 τὴν

1127 1303 1254 1339 ἀλήθειαν
1270 1303 1371 1330 ὲπιστώ
1376 1313 1445 1330 σατο.

1134 1350 1276 1384 prmditum
1307 1349 1446 1385 Evangelii
1471 1350 1586 1377 verbum
1618 1350 1645 1376 in
1672 1357 1767 1378 oumes
1796 1350 1921 1378 homines

1164 1453 1229 1479 MA’.
1252 1462 1261 1478 ι
1285 1454 1339 1479 Καὶ
1353 1453 1429 1480 ἔσται
1449 1454 1478 1480 ἐν
1496 1456 1530 1490 τῇ
1549 1454 1641 1490 ἡμέρᾳ
1657 1455 1779 1490 ἐκείνῃή
1796 1453 1861 1490 ρἰα
1872 1455 1919 1482 τοῦ

1134 1499 1242 1530 Ἰεσσαὶ,
1256 1500 1302 1526 καὶ
1317 1501 1331 1525 ὁ
1345 1500 1522 1536 ἀνιστάμενος
1543 1502 1637 1537 ἄρχειν
1657 1502 1752 1533 ἐθνῶν,
1777 1503 1819 1528 ἐπ’
1844 1503 1920 1538 αὺτῷ

1127 1545 1190 1580 ἔθνη
1213 1545 1360 1578 ἐλπιοῦσιν,
1384 1547 1431 1574 καὶ
1450 1547 1525 1574 ἐσται
1542 1549 1559 1583 ή
1573 1548 1727 1580 ἀνάπαυσις
1743 1548 1825 1574 αὐτοῦ
1839 1550 1916 1584 τιμή.

1089 1615 1110 1644 C
1127 1591 1182 1618 Καὶ
1196 1591 1276 1634 ἕσταθ
1287 1593 1315 1618 ὲν
1331 1593 1363 1628 τῇ
1377 1593 1468 1628 ἡμέρᾳ
1480 1594 1581 1629 ἐκείνῃ,
1593 1593 1742 1630 προσθήσει
1760 1594 1860 1630 Κύριος
1872 1594 1918 1622 τοῦ

1128 1637 1212 1671 δεῖξαι
1224 1638 1272 1674 τὴν
1288 1640 1366 1675 χεῖρα
1382 1640 1476 1672 αὑτοῦ,
1493 1640 1539 1666 τοῦ
1557 1639 1678 1676 ζηλῶσαι
1699 1641 1746 1667 καὶ
1761 1641 1877 1677 ζητῆσαι
1890 1641 1921 1668 τὸ

1128 1684 1306 1719 καταλειφθὲν
1328 1685 1473 1712 ὑπόλοιπον
1495 1686 1540 1712 τοῦ
1564 1686 1629 1713 λαοῦ
1651 1686 1744 1718 αὑτοῦ,
1759 1687 1773 1713 a
1788 1687 1820 1714 ἂν
1837 1696 1920 1714 κατα-

1128 1729 1222 1765 λειφθῇ
1238 1731 1290 1757 om
1310 1730 1364 1757 τῶν
1393 1731 1552 1767 Ἀσσυρίων,
1569 1733 1615 1759 καὶ
1633 1733 1686 1759 ἀπὸ
1701 1733 1852 1767 Αἰγύπτου,
1872 1735 1919 1761 καὶ

1128 1776 1181 1802 ἀπὸ
1191 1776 1373 1808 Βαϐυλωνίας,
1391 1777 1438 1803 καὶ
1456 1777 1509 1804 ἀπὸ
1525 1777 1677 1810 Αἰθιοπίας,
1692 1780 1736 1806 καὶ
1756 1779 1919 1815 Ἔλαμιτῶν,

1127 1823 1173 1850 καὶ
1185 1817 1238 1850 ἀπο
1251 1824 1327 1859 ἡλίου
1340 1824 1487 1856 ἀνατολῶν,
1501 1825 1548 1851 καὶ
1562 1825 1616 1852 ἀπὸ
1631 1825 1684 1852 τῶν
1696 1827 1785 1861 νήσων
1801 1826 1852 1862 τῆς
1873 1826 1919 1853 θα-

1127 1868 1238 1903 λάσσης·
1251 1870 1298 1895 καὶ
1311 1870 1372 1904 ἀρεῖ
1386 1871 1497 1905 σημεῖον
1517 1871 1557 1902 είς
1573 1870 1607 1896 τά
1633 1871 1707 1906 ἔθνη,
1726 1872 1773 1898 καὶ
1795 1872 1859 1903 τοὺς
1878 1871 1919 1898 δι-

1127 1915 1314 1951 εσπαρμένους
1335 1915 1418 1943 Ἰούδα
1432 1915 1538 1948 συνάξει
1551 1917 1583 1943 ἐκ
1594 1917 1649 1944 τῶν
1666 1919 1806 1954 τεσσάρων
1823 1918 1920 1954 πτερύ-

1127 1970 1182 1996 γων
1197 1962 1246 1997 τῆς
1263 1963 1324 1997 γῆς.
1342 1963 1474 1994 Πολλάκις
1485 1964 1565 1989 τινῶν
1580 1963 1733 2000 λεγομένων
1754 1965 1864 1991 ἔσεσθαι
1889 1966 1919 1992 ὲν

1126 2008 1252 2043 ἐπισήμῳ
1276 2009 1376 2044 ἡμέρᾳ,
1397 2009 1535 2035 τουτέστιν
1554 2011 1585 2036 ὲν
1598 2010 1743 2045 ἐπιφανείᾳ
1755 2011 1862 2046 χρόνου,
1875 2011 1919 2039 λο-

1125 2053 1218 2089 γισμῷ
1235 2055 1396 2088 συνάγοντες
1415 2055 1466 2090 τὴν
1485 2055 1540 2081 τῶν
1555 2056 1726 2092 δηλουμένων
1746 2057 1918 2092 ἀκολουθίαν,

1126 2100 1172 2126 ἐπὶ
1185 2099 1233 2135 τὴν
1253 2100 1299 2126 τοῦ
1318 2100 1386 2126 Θεοῦ
1406 2101 1556 2136 παρουσίαν
1573 2102 1756 2139 ἀναφέρεσθαι
1773 2103 1916 2137 ἀπεδείξα-

1128 2155 1186 2181 μεν,
1204 2146 1265 2172 καθ’
1279 2146 1312 2182 ἢν
1329 2146 1375 2173 τοῦ
1389 2147 1488 2178 παντὸς
1513 2147 1646 2174 Ἰουδαίων
1657 2148 1749 2181 ἔθνους
1765 2150 1919 2176 ἀποπεσου-

1128 2193 1218 2226 μένου,
1238 2193 1364 2223 σπανίους
1379 2193 1454 2224 τινὰς
1466 2193 1634 2228 σωθήσεσθαι
1646 2194 1710 2226 τοὺς
1720 2194 1749 2228 ἐξ
1762 2195 1852 2222 αὐτῶν
1869 2205 1918 2222 κα-

1126 2237 1389 2273 ταλειφθησομένους
1405 2240 1429 2265 οἱ
1452 2238 1516 2265 θεῖοι
1535 2239 1644 2274 δηλοῦσι
1659 2240 1740 2274 λόγοι.
1764 2241 1802 2267 Ἦ
1815 2250 1847 2276 γε
1864 2243 1917 2278 μὴν

287 2286 314 2307 et
331 2281 403 2315 quod
420 2288 467 2316 per
481 2288 541 2307 eam
557 2280 725 2316 signiﬁcatur
739 2285 856 2315 tempus,
873 2285 900 2308 et
911 2289 972 2316 qua:
989 2283 1016 2309 in
1041 2290 1074 2309 eo

1129 2284 1197 2319 μετὰ
1206 2285 1300 2319 χεῖρας
1312 2283 1384 2317 λέξις
1396 2285 1442 2311 καὶ
1453 2285 1501 2320 τὴν
1516 2286 1633 2321 ἡμέραν,
1644 2287 1691 2313 καὶ
1701 2287 1747 2313 τὸν
1758 2287 1802 2314 διὰ
1815 2288 1918 2323 ταύτης

286 2333 415 2355 eventura
429 2330 530 2358 essent,
544 2327 701 2362 planissime
716 2326 884 2354 demonstrat
899 2337 905 2354 :
927 2335 988 2354 cum
1002 2329 1073 2356 enim

287 2379 367 2401 canat
380 2381 412 2400 ex
428 2374 532 2400 semine
553 2372 636 2399 David
651 2372 772 2399 futurum
789 2373 891 2401 Christi
904 2377 1073 2406 ortum,cum

287 2428 319 2447 eo
332 2419 575 2447 simulJudworum
591 2419 653 2446 item
672 2419 778 2446 ruinam
790 2419 932 2454 praedicit;
948 2420 1015 2447 dicit
1025 2428 1073 2447 an-

289 2470 341 2493 tem
356 2467 413 2494 sic:
431 2475 440 2491 ς
462 2465 533 2493 Ecce
545 2465 699 2492 dominator
714 2464 847 2494 Dominus
866 2465 995 2499 Sabaoth,
1006 2475 1074 2494 con-

290 2513 408 2540 turbabit
423 2512 558 2547 gloriosos
575 2518 636 2538 cum
653 2511 766 2543 robore,
783 2516 809 2538 et
830 2513 929 2539 excelsi
946 2512 1073 2539 humilia-

290 2558 401 2589 buntur,
417 2563 443 2584 ct
457 2558 555 2586 cadent
574 2557 673 2584 excelsi
703 2557 807 2592 gladio,
831 2563 858 2584 et
877 2557 996 2585 Libanus
1013 2566 1075 2584 cum

290 2604 405 2635 excelsis
420 2605 496 2631 cadet
511 2605 544 2631 ⁸³.
566 2614 574 2629 ι
590 2603 676 2631 Porro
694 2604 737 2630 hic
753 2603 886 2630 Libanum
902 2605 988 2638 ipsam
1014 2603 1075 2631 Hie-

289 2648 407 2676 rusalem
424 2649 536 2685 intelligi
554 2651 627 2683 vult,
653 2651 724 2677 sicut
748 2650 775 2677 in
797 2650 859 2677 aliis
874 2650 1074 2678 demonstravi-

289 2702 370 2722 mus:
388 2703 469 2730 quam
485 2703 546 2722 cum
560 2696 688 2723 omnibus
705 2697 763 2724 suis
784 2696 894 2728 fastum,
912 2701 939 2724 et
963 2705 1075 2724 venera-

291 2741 389 2768 tionem
402 2749 456 2776 pra:
469 2750 497 2769 se
510 2742 667 2774 terentibus,
683 2746 710 2769 et
721 2743 848 2778 gloriosis
863 2750 987 2770 casuram
998 2763 1005 2775 ,
1029 2743 1074 2771 hic

291 2786 428 2820 propheta:
454 2786 532 2813 locus
558 2788 676 2814 minatur
693 2798 697 2814 :
713 2789 759 2822 qui
782 2788 891 2823 quidem
909 2788 953 2815 ubi
982 2789 1072 2823 priora

290 2830 335 2858 illa
351 2832 512 2866 explicavit,
538 2833 593 2859 haec
611 2834 738 2868 deinceps
754 2834 894 2868 adjungit;
912 2843 920 2859 ι
939 2834 970 2860 Et
995 2842 1072 2870 egre-

1129 2330 1326 2365 σημαινόμενον
1345 2330 1449 2366 χρόνον,
1463 2331 1509 2357 καὶ
1521 2331 1555 2357 τὰ
1568 2332 1614 2358 ἐπὶ
1626 2332 1711 2368 τούτῳ
1726 2333 1918 2370 συμϐεϐηκότα

1127 2375 1276 2403 λευκότατα
1294 2377 1452 2412 παρίστησι·
1471 2377 1634 2410 θεσπίζουσα
1652 2379 1704 2415 γὰρ
1717 2379 1766 2415 τὴν
1784 2380 1815 2407 ἐκ
1832 2381 1918 2416 σπέρ-

1130 2430 1213 2455 ματος
1227 2421 1273 2448 τοῦ
1291 2422 1372 2448 Δαὸὶδ
1388 2423 1571 2459 γενησομένην
1588 2424 1635 2450 τοῦ
1656 2425 1773 2460 Χριστοῦ
1798 2426 1918 2460 γένεο-εν,

1127 2465 1194 2501 ὁμοῦ
1209 2467 1256 2493 καὶ
1267 2466 1316 2502 τὴν
1339 2467 1471 2494 Ἰουδαίων
1483 2468 1642 2496 ἀπόπτωσιν
1661 2473 1860 2506 προαναφωνεῖ-
1880 2470 1920 2498 λέ-

1127 2521 1169 2546 γει
1181 2512 1208 2539 δὲ
1221 2513 1317 2545 οὕτως’
1334 2522 1342 2538 ι
1366 2513 1431 2540 Ἰδοὺ
1446 2514 1477 2550 δὴ
1494 2515 1508 2540 ὁ
1524 2515 1656 2552 δεσπότης
1675 2517 1776 2552 Κύριος
1793 2518 1918 2551 Σαϐαὼθ,

1129 2557 1290 2593 συνταράξει
1305 2558 1369 2589 τοὺς
1380 2558 1499 2591 ἐνδόξους
1518 2560 1587 2595 μετά
1603 2561 1704 2596 ἰσχύος,
1719 2563 1765 2589 καὶ
1782 2563 1806 2589 οἱ
1820 2563 1919 2599 ὑψηλοὶ

1126 2604 1382 2639 ταπεινωθήσονται,
1404 2606 1451 2631 καὶ
1474 2606 1617 2633 πεσοῦνται
1630 2608 1655 2634 οί
1675 2608 1771 2644 ὑψηλοὶ
1784 2610 1916 2646 μαχαίρα-

1127 2649 1181 2676 ὸδὲ
1199 2649 1312 2681 Λίϐανος
1335 2650 1384 2676 σὺν
1406 2653 1462 2683 τοῖς
1482 2652 1593 2688 ὑψηλοῖς
1616 2656 1746 2681 πεσεῖται.
1773 2664 1782 2680 ι
1803 2656 1918 2682 Λίὸανον

1127 2695 1154 2721 δὲ
1166 2695 1281 2722 ἐνταῦθα
1299 2695 1347 2730 τὴν
1375 2697 1551 2734 Ἰερουσαλὴμ
1571 2700 1728 2732 αἰνίττεται,
1750 2701 1787 2732 ὡς
1809 2703 1838 2728 ἐν
1857 2703 1917 2729 ἐτέ-

1129 2751 1184 2777 ροις
1205 2742 1393 2778 ἀπεδείξαμεν·
1410 2745 1444 2779 ἢν
1459 2745 1526 2780 μετά
1541 2747 1649 2773 πάντων
1668 2747 1722 2774 τῶν
1740 2749 1769 2774 ὲν
1781 2749 1851 2785 αὐτῇ
1877 2758 1918 2776 σε-

1128 2789 1201 2823 μνῶν
1208 2789 1254 2814 καὶ
1264 2789 1375 2823 ἐνδόξων
1388 2791 1529 2818 πεσεῖσθαι
1539 2793 1552 2819 ὁ
1564 2793 1641 2825 λόγος
1650 2794 1702 2821 ἀπε
1707 2795 1765 2822 ιλεῖ“
1775 2796 1821 2822 καὶ
1831 2795 1918 2824 ταῦτά

1126 2842 1156 2868 γε
1168 2836 1439 2871 προανατεινάμενος,
1458 2838 1520 2873 ἑξῆς
1533 2839 1662 2872 ἐπιλέγει·
1683 2849 1692 2865 ι
1711 2841 1764 2867 Καὶ
1776 2840 1918 2874 ἐξελεύσε-

325 2921 347 2937 ⁸³
365 2921 442 2947 ltom.
459 2929 496 2953 IX,
522 2920 568 2948 27.
606 2922 628 2936 "
642 2920 735 2948 Matth.
749 2930 777 2955 v,
792 2921 834 2949 ll.
874 2922 895 2937 "
913 2921 965 2949 lsa.
987 2928 1015 2948 ιι
1044 2921 1074 2948 l0

1127 2941 1134 2948 .
1174 2920 1196 2937 ιε
1210 2920 1261 2948 lsa.
1281 2930 1296 2950 ι
1324 2921 1367 2954 33,
1382 2919 1416 2948 54.
