2053 3218
149 226 201 254 145

593 222 923 251 DEMONSTDATIONIS
941 221 1170 250 EVANGELICE
1190 221 1252 249 ΜΒ,
1276 221 1306 248 11.

1721 219 1770 245 «ιο

147 291 190 310 ται
207 282 304 317 ῥάϐδος
325 284 357 309 ὲκ
375 283 424 317 τῆς
449 282 524 318 ῥίζης
548 283 655 313 Ἰεσσαὶ,
677 283 723 309 καὶ
740 282 817 314 ἄνθος
833 283 865 309 ὲκ
885 283 924 318 τῆι

986 281 1075 308 dietur
1088 281 1162 316 virga
1170 279 1202 308 de
1212 278 1302 307 radice
1311 278 1397 312 Iesse,
1408 278 1460 314 75
1473 283 1499 306 et
1512 277 1561 306 llos
1569 277 1602 305 de
1610 277 1770 312 radicecjus

147 327 223 365 ῥίζης
242 329 326 355 αὑτοῦ
345 329 524 364 ἀναϐήσεται,
546 338 554 351 ι
570 328 616 354 καὶ
631 327 664 354 τὰ
680 327 752 362 ἑξῆς.
773 327 933 362 Σαφέστατα

145 376 194 411 1τὴν
208 376 241 401 ὲκ
253 374 330 410 ῥίζης
350 375 447 402 Ἰεσσαὶ
465 374 565 409 (πατὴρ
579 374 606 400 δὲ
621 372 655 409 ἧν
670 370 746 405 οὗτος
766 373 811 400 τοῦ
839 373 932 407 Δαὸὶδ)

145 421 251 455 γένεσιν
278 420 326 448 τοῦ
345 420 462 456 Χριστοῦ
481 420 626 454 παριστὰς,
649 421 690 454 ἐφ’
754 419 859 453 γενέσει
884 419 932 454 τὴν

145 466 198 493 τῶν
214 466 299 493 ἐθνῶν
319 466 414 501 κλῆσιν
431 466 559 501 πρότερον
580 466 628 501 μὲν
646 466 678 492 δι’
691 465 849 500 αἰνίγματος
865 473 931 501 προ-

146 513 252 549 φητικῷ
268 514 361 549 τρόπῳ
377 513 523 546 ἀναφωνεῖ·
544 511 573 537 τὸ
588 511 650 546 γὰρ,
676 520 684 536 ι
707 509 932 545 Συμδοσκηθήσε-

145 567 190 585 ται
208 559 288 590 λύκος
306 559 363 594 μετ’
386 558 476 593 ἀρνὸς,
498 557 544 584 καὶ
562 556 692 592 πάρδαλις
703 556 749 581 σὺν
767 555 852 590 ἐρίφῳ
870 563 931 580 συν-

145 605 341 636 αναπαύσεται,
359 613 369 630 ν
389 603 481 631 καὶτὰ
499 603 620 634 τοιαῦτα,
644 602 720 628 οὐδὲν
731 601 823 636 ἕτερον
838 601 855 635 ἢ
877 600 930 626 τῶν

143 651 248 687 ἀγρίων
272 651 318 677 καὶ
340 650 450 686 ἅπηνῶν
470 649 516 676 τὸν
535 649 633 684 τρόπον
653 648 700 674 καὶ
729 648 809 684 μηδὲν
830 648 930 683 θηρίων

143 697 324 732 διαφερόντων
338 695 432 727 ἐθνῶν,
448 695 497 730 τὴν
513 695 558 721 ἐπὶ
580 696 625 720 τὸν
644 694 742 729 εὐσεϐῆ
759 694 804 720 καὶ
826 693 930 729 ἥμερόν

146 752 174 770 τε
196 744 243 770 καὶ
265 743 420 770 κοινωνικὸν
441 742 540 778 τρόπον
561 741 709 777 μεταεολὴν
729 740 836 776 ἐδήλου·
853 739 930 766 τοῦτο

146 790 173 817 δὲ
187 789 252 816 αὐτὸ
269 790 309 820 εἰς
326 789 438 824 ὕστερον
461 789 628 824 γυμνότερον
646 787 776 818 διδάσκει,
801 787 927 822 φάσκων·

145 844 155 861 Ι
185 835 350 871 Ἑνεπλήσθη
363 835 380 870 ἡ
395 834 526 870 σύμπασα
536 835 572 870 γῆ
583 833 629 860 τοῦ
641 833 741 868 γνῶναι
757 834 803 860 τὸν
817 834 927 869 Κύριον,

143 880 180 912 ὡς
193 880 264 916 ὕδωρ
285 880 351 907 πολὺ
366 879 550 914 κατακαλύψει
573 879 718 911 θαλάσσας.
740 889 749 905 ι
765 879 819 907 Καὶ
839 878 879 905 ἔτι
897 887 928 912 γε

143 927 223 958 αὐτὸς
233 926 328 953 ἑαυτὸν
337 926 495 962 ἑρμηνεύων
507 927 520 952 ὁ
532 925 700 962 προφητικὸς
709 926 786 960 λόγος
797 925 926 959 ἐπιλέγει·

987 327 1154 358 ascendet",
1171 337 1180 352 ι
1190 331 1216 354 et
1226 329 1332 353 caetera.
1342 324 1371 352 In
1384 325 1483 360 quibus
1498 323 1770 353 manifestissime,ex

987 373 1079 401 radice
1102 372 1178 400 Jcsse
1201 372 1289 407 (pater
1310 375 1399 399 autem
1419 370 1463 398 hic
1486 370 1536 398 fuit
1560 369 1653 405 David)
1679 372 1769 396 ortum

986 422 1086 449 Christi
1111 421 1256 456 signiﬁcat,
1274 420 1300 450 in
1315 427 1369 456 quo
1386 424 1458 451 ortu,
1473 419 1640 447 vocationem
1649 418 1769 453 gentium

986 468 1061 502 prius
1083 475 1130 502 per
1144 466 1289 502 quamdam
1316 465 1452 493 sermonis
1472 465 1676 496 obscuritatem,
1695 469 1770 489 more

986 514 1141 548 prophetico
1152 513 1278 548 explicat.
1300 512 1366 539 Illud
1381 513 1452 540 enim
1473 521 1480 539 :
1501 521 1510 537 ‹
1534 511 1663 538 Puscetur
1688 508 1769 536 simul

968 584 972 588 .
986 561 1066 595 lupus
1084 567 1146 586 cum
1160 567 1240 595 agno,
1253 562 1280 586 et
1295 559 1395 593 pardus
1412 565 1473 585 eum
1496 558 1577 584 hme
1592 557 1672 584 simul
1689 556 1768 589 quie-

985 611 1042 635 scet
1053 608 1086 639 ⁵⁸,
1111 618 1120 634 ι
1134 611 1160 634 et
1175 615 1235 641 qua:
1253 610 1316 634 sunt
1332 605 1486 640 hujusmodi
1502 605 1568 632 nihil
1591 603 1663 630 aliud
1688 609 1767 637 quam

985 654 1104 688 gentium
1128 653 1334 684 indomitorum,
1352 656 1376 679 ct
1403 651 1613 682 immanium,et
1642 650 1670 677 in
1694 648 1767 676 nulla

985 708 1013 726 rc
1030 708 1045 727 a
1062 700 1159 727 belluis
1177 699 1371 730 differentium,
1394 698 1428 725 ad
1444 698 1503 732 pios
1517 701 1544 724 et
1557 699 1724 727 mansuetos,
1739 699 1767 722 et

983 745 1056 772 omni
1074 746 1208 773 charitate
1222 744 1338 772 refertos
1353 751 1453 775 mores.
1471 742 1676 775 conversionem
1693 741 1767 768 futu-

983 799 1040 818 ram
1059 791 1191 818 indicant.
1209 790 1261 818 Sed
1276 791 1328 817 hac
1349 791 1438 825 ipsum
1456 789 1534 817 docet
1552 789 1673 824 apertius
1690 787 1717 814 iu
1731 786 1766 813 iis

983 845 1042 872 qua:
1054 842 1213 872 sequuntur.
1232 837 1272 863 sic
1289 836 1383 863 dicens
1399 845 1404 862 :
1426 845 1435 860 ι
1457 835 1567 870 Repleta
1581 838 1622 862 est
1639 833 1767 860 universa

983 887 1055 909 terra
1071 881 1226 917 cognitione
1244 880 1362 912 Domini,
1380 881 1451 907 sicut
1471 888 1542 915 aqua
1561 879 1644 906 multa
1661 877 1694 904 ad
1719 884 1766 904 co—

982 927 1127 962 operienda
1141 927 1227 954 maria
1236 926 1268 952 ".
1289 935 1298 952 ›
1312 925 1446 952 Przeterea
1463 927 1520 960 ipse
1543 925 1662 959 seipsum
1681 923 1766 950 inter-

146 981 155 998 ι
179 972 233 998 Καὶ
254 971 328 999 ἔσται
342 973 371 999 ὲν
385 974 418 1008 τῇ
438 972 530 1008 ἡμέρα
545 973 636 1007 ἐκείνῃ
651 973 667 1007 ἠ
682 971 744 1007 ῥίζα
764 972 871 1001 Ἰεσσαὶ,
883 971 924 997 καὶ

981 978 1089 1008 pretans
1118 981 1209 1001 sermo
1232 972 1407 1007 propheticus
1427 971 1567 1005 sequitur?
1591 979 1599 995 ι
1625 969 1657 996 Et
1671 969 1723 996 erit
1736 969 1765 996 in

141 1019 155 1044 ό
168 1017 345 1052 ἀνιστάμενος
355 1017 448 1054 ἄρχειν
461 1017 555 1049 ἐθνῶν,
567 1017 608 1043 ἐπ’
620 1017 693 1052 αὐτῷ
706 1017 768 1053 ἔθνη
777 1016 913 1044 ἐλπιοῦσιν
921 1025 927 1032 ·

142 1064 188 1090 καὶ
203 1064 277 1090 ἔσται
294 1065 307 1100 ἡ
322 1064 474 1096 ἀνάπαυσις
490 1065 573 1091 αὑτοῦ
587 1066 665 1100 τιμή.
687 1075 695 1090 ι
720 1064 828 1100 Ἐπειδὴ
841 1065 930 1091 τοίνυν

141 1109 269 1144 ἀνωτέρω
291 1110 341 1145 μὲν
364 1110 413 1146 τὴν
440 1111 596 1137 ἀπόπτωσιν
619 1110 664 1137 τοῦ
684 1110 815 1137 Ἰουδαίων
839 1110 930 1142 ἔθνους

141 1156 287 1191 ξσήμαινεν
303 1155 572 1192 ἐπικεκαλυμμένως,
588 1156 657 1192 μετὰ
671 1156 796 1182 δὲταῦτα
811 1155 860 1191 τὴν
875 1156 928 1182 τῶν

140 1200 223 1227 ἐθνῶν
237 1201 344 1236 κλῆσιν,
359 1202 419 1229 τοτὲ
441 1203 490 1238 μὲν
514 1202 736 1238 κεκαλυμμένως.
759 1202 818 1228 τοτὲ
838 1202 866 1228 δὲ
879 1211 927 1236 γυ-

143 1247 229 1282 μνῶς’
248 1247 360 1279 εἰκότως
373 1245 450 1280 αὖθις
463 1248 692 1284 ὲπαναλαμϐάνων
707 1249 752 1274 τὸν
767 1248 855 1282 λόγον,
873 1247 928 1274 τῶν

141 1295 171 1320 ὲκ
184 1294 335 1329 περιτομῆς
354 1295 392 1326 εἰς
413 1295 458 1321 τὸν
480 1295 595 1330 Χριστὸν
621 1295 800 1321 πιστευόντων
825 1303 927 1330 μνημο-

139 1339 221 1371 νεύει,
238 1340 308 1375 ὑπὲρ
324 1340 370 1367 τοῦ
387 1341 424 1376 μὴ
436 1341 522 1376 πάντῃ
537 1340 695 1367 ἀποκλεῖσαι
717 1340 805 1367 αὐτῶν
825 1340 874 1376 τὴν
888 1342 928 1372 είς

138 1384 183 1410 τὸν
200 1385 317 1420 Χριστὸν
333 1386 437 1413 ἐλπίδα⁸
450 1395 459 1412 ι
479 1387 574 1413 Ἔσται
593 1387 641 1421 μὲν
662 1386 727 1422 γὰρ,
745 1395 754 1411 ι
773 1387 863 1422 φησιν,
883 1396 893 1412 ι
913 1386 927 1412 ό

138 1429 316 1464 ἀνιστάμενος
331 1431 424 1466 ἄρχειν
438 1431 531 1458 ἐθνῶν.
554 1441 562 1456 ι
580 1431 627 1463 Τίς
644 1432 666 1458 δ’
680 1429 713 1466 ἦν
726 1432 740 1458 ό
749 1431 926 1466 ἀνιστάμενος

138 1474 223 1509 ἀλλ’ἢ
239 1475 303 1510 ῥίζα
322 1475 368 1502 τοῦ
386 1477 492 1508 Ἰεσσαὶ,
513 1477 542 1503 ὃν
559 1477 606 1503 καὶ
626 1477 718 1511 σαφῶς
735 1485 816 1512 φησιν
834 1476 926 1512 ἄρξειν

136 1518 232 1550 ιθνῶν,
255 1518 312 1545 ἀλλ’
332 1520 392 1555 οὐχὶ
409 1521 534 1556 ’1σραήλ;
559 1521 666 1558 Ἐπειδὴ
688 1521 776 1548 τοίνυν
792 1521 925 1557 διαφόρως

136 1564 186 1601 τὴν
202 1564 257 1591 τῶν
269 1565 354 1599 ἐθνῶν
368 1567 533 1603 ἐπιστροφὴν
553 1568 599 1593 ἐπὶ
614 1568 660 1594 τὸν
680 1568 712 1594 ὲκ
730 1567 806 1603 ῥίζης
829 1568 926 1594 Ἰεσσαὶ

137 1609 223 1644 φύντα
251 1611 297 1642 καὶ
318 1611 502 1647 βλαστήσαντα
528 1612 656 1644 ἐδίδαξεν,
674 1612 749 1638 οὐδὲν
770 1611 797 1637 δὲ
821 1611 925 1638 οὐδέπω

980 1018 1024 1046 die
1043 1019 1098 1050 illa,
1114 1018 1192 1046 radix
1209 1017 1294 1049 Jesse,
1310 1022 1337 1045 et
1347 1018 1394 1052 qui
1412 1018 1498 1051 surgit
1512 1021 1541 1044 ut
1554 1017 1667 1052 imperet
1677 1015 1765 1050 genti-

979 1065 1040 1096 bus,
1056 1065 1083 1091 in
1101 1072 1134 1092 eo
1147 1069 1240 1100 gentes
1257 1064 1408 1098 sperabunt
1426 1073 1432 1090 ε
1454 1067 1481 1090 et
1503 1063 1555 1090 erit
1573 1062 1681 1097 requies
1704 1061 1764 1095 ejus

979 1118 1041 1137 cum
1057 1110 1199 1137 honore“.
1221 1120 1228 1135 ι
1249 1109 1383 1142 Quoniam
1401 1109 1484 1143 igitur
1500 1109 1626 1143 superius
1645 1107 1764 1134 Judaicat

979 1156 1066 1191 gentis
1083 1156 1189 1182 ruinam
1207 1155 1327 1184 involnte
1342 1155 1514 1191 signiﬁcavit.
1533 1157 1594 1189 post
1615 1161 1678 1180 vero
1696 1161 1762 1188 gen-

979 1201 1047 1228 tium
1071 1202 1250 1233 vocationem,
1281 1209 1353 1228 nunc
1374 1200 1483 1236 quidem
1513 1199 1671 1230 involutius.
1691 1207 1762 1226 nunc

978 1250 1068 1274 autem
1092 1247 1271 1282 explicatius:
1290 1247 1387 1274 merito
1414 1253 1509 1273 rursus
1536 1245 1660 1273 eumdem
1686 1252 1767 1280 repe-.

978 1297 1039 1320 tcns
1066 1300 1231 1324 sermonem,
1257 1292 1290 1320 de
1317 1293 1350 1320 iis
1368 1292 1414 1327 qui
1442 1301 1474 1319 ex
1503 1291 1711 1319 circumcisione
1735 1291 1762 1317 in

977 1339 1117 1366 Christum
1132 1339 1262 1366 credituri
1278 1343 1351 1370 sunt,
1370 1340 1533 1367 mentionem
1552 1338 1627 1370 facit,
1644 1345 1677 1364 ne
1688 1337 1762 1364 omni

977 1384 1083 1411 ratione
1106 1391 1121 1410 a
1145 1383 1256 1411 Christo
1279 1392 1354 1419 spem
1378 1385 1486 1411 illorum
1514 1383 1648 1412 excludat.
1668 1393 1677 1408 ι
1705 1383 1766 1409 Erit

977 1431 1060 1462 enim,
1087 1430 1185 1465 inquit,
1210 1430 1256 1464 qui
1280 1431 1377 1464 surgit,
1403 1434 1432 1456 ut
1460 1430 1574 1463 imperet
1590 1429 1727 1463 gentibus.
1749 1439 1758 1454 ι

978 1475 1031 1502 Sed
1049 1475 1110 1510 quis
1124 1475 1233 1502 tandem
1251 1475 1295 1501 hic
1309 1479 1351 1502 est
1363 1475 1409 1510 qui
1421 1475 1519 1511 surgit,
1538 1475 1591 1501 nisi
1607 1474 1683 1501 radix
1699 1473 1761 1501 Jes-

977 1523 1024 1549 se?
1039 1529 1120 1557 quem
1136 1521 1218 1549 etiam
1235 1521 1360 1555 gentibus
1373 1529 1427 1549 non
1445 1521 1497 1556 ipsi
1512 1521 1596 1548 Israel
1613 1511 1765 1556 imperatu-1

977 1574 1036 1594 rum
1051 1567 1174 1594 allii-mat.
1193 1567 1326 1601 Quoniam
1341 1575 1406 1603 ergo
1421 1568 1495 1594 varie
1507 1568 1598 1594 docuit
1616 1567 1685 1594 hanc
1695 1574 1762 1602 gen-

977 1613 1043 1640 tium
1071 1614 1290 1645 conversionem,
1308 1613 1341 1640 ad
1359 1622 1420 1640 eum
1443 1613 1488 1650 qui
1513 1613 1546 1641 de
1576 1613 1668 1640 radice
1684 1612 1761 1640 Jesse

136 1656 254 1691 Χριστὸν
273 1658 337 1693 περὶ
361 1657 415 1684 τῶν
437 1658 468 1684 ὲκ
494 1658 644 1694 περιτομῆς
667 1659 789 1694 είρήκει”
814 1658 924 1689 εἰκότως

977 1663 1113 1691 nascetur,
1129 1663 1155 1686 et
1168 1659 1319 1694 pullulabit,
1335 1659 1451 1693 necdum
1475 1660 1537 1687 boui
1567 1659 1714 1694 quidquam
1726 1660 1760 1686 de

136 1701 166 1727 τὸ
189 1701 311 1734 ὲλλειπὲς
336 1703 386 1738 τῆς
414 1705 591 1740 προρρήσεως
614 1705 769 1735 ἀποδίδωσι,
795 1705 921 1739 φάσκων·

137 1756 147 1774 ε
169 1748 224 1775 Καὶ
241 1747 319 1776 ἔσται
335 1750 364 1776 ὲν
379 1751 412 1785 τῇ
439 1750 530 1786 ἡμέρᾳ
553 1751 654 1787 ἐκείνῃ,
676 1760 685 1776 ι
707 1750 780 1777 τοῦτ’
799 1751 872 1776 ἔστιν
895 1751 924 1776 ὲν

135 1793 174 1829 τῷ
185 1794 276 1831 χρόνῳ
291 1796 340 1831 τῆς
356 1797 515 1832 ἐπιφανείας
530 1797 578 1824 τοῦ
599 1799 630 1824 ὲκ
648 1796 726 1833 ῥίζης
743 1797 839 1823 Ἰεσσαὶ
857 1797 922 1831 φύν-

135 1847 190 1872 τος,
205 1849 216 1866 l
234 1841 383 1877 προσθήσει
399 1842 499 1878 Κύριος
513 1842 558 1869 τοῦ
575 1842 658 1875 δεῖξαι
675 1843 724 1877 τὴν
741 1844 818 1878 χεῖρα
830 1843 921 1874 αὑτοῦ,

135 1886 262 1922 ζητῆσαι,
277 1888 324 1914 καὶ
337 1888 456 1923 ζηλῶσαι
473 1888 503 1915 τὸ
522 1888 698 1922 καταλειφθὲν
717 1888 860 1914 ὑπόλοιπον
875 1888 922 1915 τοῦ

135 1931 209 1964 λαοῦ,
224 1932 240 1958 ὃ
253 1932 288 1959 ἂν
303 1933 469 1970 καταλειφθῇ
486 1934 540 1960 ἀπὸ
553 1934 635 1960 τῶνδε
651 1934 699 1961 καὶ
714 1933 862 1960 τῶνδε-τῶν
876 1943 922 1960 πο-

135 1976 244 2012 λεμίων.
263 1988 274 2005 ι
298 1978 368 2006 Ἀνθ“
391 1977 420 2006 οὗ
445 1981 460 2006 ό
489 1980 538 2015 μὲν
561 1980 675 2012 ’Δκύλας
700 1980 844 2014 πεποίηκε’
867 1979 922 2006 Καὶ

135 2022 208 2050 ιιι-ται
225 2025 255 2051 ὲν
270 2026 303 2060 τῇ
319 2026 409 2061 ἡμέρᾳ
425 2026 526 2062 ἐκείνῃ,
547 2026 694 2062 προσθήσει
711 2025 812 2060 Κύριος
833 2025 923 2051 δεύτε-

135 2077 179 2104 ρον
195 2068 246 2104 τὴν
269 2071 346 2105 χεῖρα
368 2070 460 2102 αὐτοῦ,
480 2071 527 2097 τοῦ
553 2071 702 2106 κτήσασθαι
718 2071 748 2097 τὸ
766 2070 922 2105 ὑπόλειμμα

134 2113 179 2141 τοῦ
194 2114 260 2141 λαοῦ
276 2116 370 2148 αὐτοῦ,
390 2116 404 2142 ὃ
425 2116 652 2152 ὑπολειφθήσεται
678 2117 732 2143 ἀπὸ
753 2116 807 2143 τῶν
827 2116 922 2142 Ἀσσυ-

135 2161 208 2195 ρίων,
221 2161 269 2188 καὶ
284 2162 338 2188 τῶν
349 2162 420 2197 ἑξῆς.
435 2163 549 2198 Νοήσεις
561 2163 589 2189 δὲ
598 2163 644 2190 καὶ
651 2163 766 2190 ἐνταῦθα
779 2163 921 2198 πολεμίους

133 2207 176 2234 τοῦ
191 2207 258 2234 λαοῦ
272 2207 319 2234 τοῦ
334 2208 402 2234 Θεοῦ
419 2210 529 2244 νοητούς
547 2218 623 2241 τινας
639 2210 684 2237 καὶ
708 2209 919 2244 πνευματικοίις,

133 2253 189 2289 ἦτοι
204 2254 334 2289 δαίμονας
349 2257 493 2291 πονηροὺς,
506 2256 522 2291 ἢ
540 2256 667 2292 δυνάμεις
685 2256 872 2291 ἀντικειμένας
881 2255 920 2290 τῷ

133 2299 202 2335 λόγῳ
216 2300 381 2333 Θεοσεϐείας,
393 2301 428 2333 οἳ,
440 2301 493 2328 τῶν
509 2302 761 2337 κατωνομασμένων
773 2301 856 2328 ἐθνῶν
872 2300 920 2326 πά-

977 1705 1010 1732 iis
1021 1706 1067 1740 qui
1080 1706 1107 1732 in
1121 1705 1332 1733 circumcisione
1349 1710 1423 1738 sunt,
1435 1705 1560 1740 protulit:
1575 1706 1672 1732 merito
1686 1705 1767 1740 quod-

976 1750 1145 1785 przedictioni
1155 1750 1290 1785 ejusmodi
1315 1749 1418 1782 deerat.
1439 1751 1538 1782 reddit,
1554 1750 1648 1777 dicens
1667 1760 1673 1777 :
1694 1760 1703 1776 ι
1726 1750 1760 1777 Εε

975 1795 1026 1822 erit
1046 1795 1073 1822 in
1097 1795 1142 1823 die
1167 1795 1223 1827 illa,
1244 1805 1253 1820 ι
1271 1795 1322 1823 hoc
1337 1799 1391 1829 est,
1404 1797 1432 1824 in
1453 1796 1498 1823 illo
1513 1800 1635 1831 tempore
1659 1797 1686 1824 in
1703 1804 1759 1831 quo

976 1840 1099 1867 adveniet
1112 1841 1135 1868 is
1146 1841 1191 1876 qui
1208 1844 1319 1868 orturus
1333 1846 1374 1869 est
1392 1841 1425 1869 de
1439 1842 1530 1869 radice
1554 1841 1640 1874 Iesse.
1659 1852 1668 1868 ι
1688 1842 1760 1876 adji-

976 1887 1029 1914 ciet
1045 1886 1175 1914 Dominus
1190 1887 1378 1915 demonstrare
1397 1896 1507 1915 manum
1521 1895 1610 1919 suam,
1628 1892 1657 1915 ut
1673 1897 1758 1915 temu-

976 1933 1056 1964 lctur,
1072 1937 1098 1960 et
1117 1937 1221 1968 quaerat
1232 1933 1305 1968 quod
1328 1934 1489 1960 remanserit
1506 1934 1641 1968 reliquum
1654 1934 1756 1968 populi.

975 1985 1138 2012 quocunque
1151 1978 1276 2005 relictum
1301 1978 1383 2006 fuerit
1399 1978 1432 2011 ",
1451 1987 1460 2004 ›
1479 1982 1526 2005 aut
1543 1978 1577 2006 ab
1592 1979 1644 2010 his,
1661 1982 1708 2006 aut
1724 1979 1758 2006 ab

975 2023 1029 2050 illis
1043 2023 1176 2050 hostibus.
1193 2023 1279 2056 Quem
1293 2024 1404 2058 quidem
1420 2024 1509 2051 locum
1526 2024 1622 2059 Aquila
1639 2024 1675 2051 ita
1691 2032 1757 2052 con-

974 2069 1090 2096 vertitzt
1111 2068 1141 2096 Et
1155 2070 1207 2096 erit
1233 2069 1260 2096 in
1289 2069 1332 2096 die
1361 2069 1417 2101 illa,
1431 2069 1542 2104 adjil-iet
1566 2069 1698 2097 Dominus
1715 2078 1765 2098 se-.

975 2115 1064 2142 cundo
1080 2123 1188 2142 manum
1207 2123 1284 2142 suam
1297 2116 1330 2142 ad
1344 2116 1539 2150 acquirendum
1557 2115 1696 2143 residuum
1709 2123 1758 2150 po-

974 2163 1030 2199 puli
1047 2163 1101 2196 sui,
1112 2162 1184 2198 quod
1198 2163 1367 2197 relinquetur
1379 2163 1413 2189 ab
1433 2163 1564 2198 Assyriis,
1584 2172 1594 2189 »
1607 2167 1634 2190 et
1647 2166 1756 2190 caetera.

973 2208 1106 2237 Caeterum
1131 2209 1188 2236 haec
1214 2216 1324 2243 quoque
1346 2213 1373 2236 te
1396 2209 1572 2236 considerare
1597 2208 1757 2243 oportebit:

974 2255 1067 2282 hostes
1084 2256 1176 2290 populi
1191 2255 1238 2282 Dei
1252 2255 1405 2283 censendos
1423 2255 1610 2290 intelligibiles
1623 2254 1757 2290 quosdam

973 2305 1000 2328 et
1027 2301 1193 2336 spirituales,
1217 2303 1268 2329 hoc
1287 2305 1339 2332 est,
1358 2302 1444 2328 malos
1475 2301 1623 2334 daemones,
1638 2301 1695 2328 sive
1709 2309 1758 2335 po-

132 2344 175 2370 λαι
188 2334 326 2381 πρότερον
341 2345 464 2381 ἀοράτως
483 2334 664 2382 προεστῶτες,
675 2334 730 2378 ’τὰς
750 2346 838 2382 ψυχὰς
855 2347 918 2372 ὲπο-

977 2334 1094 2380 gestates,
1113 2346 1270 2382 quzeVerbo
1286 2347 1474 2375 adversentur.
1491 2346 1523 2374 Hi
1544 2355 1625 2382 porro
1642 2334 1764 2381 suntiilli.

131 2389 254 2425 λιόρκουν
265 2391 313 2417 τοῦ
331 2392 449 2427 Ἰσραὴλ,
467 2392 597 2424 ποικίλοις
618 2393 730 2420 πάθεσιν
747 2391 831 2424 αὑτὰς
844 2399 920 2427 περι-

131 2435 284 2467 ϐάλλοντες,
306 2436 486 2472 ὑποσύροντές
508 2446 538 2464 τε
557 2438 603 2464 καὶ
624 2437 868 2473 αἰχμαλωτίζοντες
881 2437 921 2468 εἰς

131 2482 174 2508 1νὺν
190 2483 285 2516 ὅμοιον
298 2482 348 2516 τῆς
360 2481 415 2508 τῶν
437 2483 591 2518 ἀλλοφύλων
603 2483 713 2518 ἀγωγῆς
734 2483 800 2518 βίον.
819 2483 920 2509 Τούτου

129 2526 159 2562 δὴ
173 2525 221 2553 οὖν
247 2528 349 2558 παντὸς
372 2527 463 2562 σχεδὸν
483 2529 568 2556 εἰπεῖν
590 2529 636 2556 τοῦ
659 2529 722 2556 λαοῦ
743 2529 812 2556 κατὰ
833 2528 920 2564 ψυχὴν

129 2571 304 2607 αἰχμαλώτου
321 2571 467 2607 ληφθέντος
480 2573 531 2600 ὑπὸ
545 2574 599 2600 τῶν
612 2573 813 2610 δεδηλωμένων,
831 2574 854 2599 οἱ
872 2581 923 2606 φυ-

129 2618 273 2654 λαχθέντες
293 2619 341 2645 καὶ
365 2618 588 2653 καταλειφθέντες
614 2620 730 2656 ἄτρωτοι
754 2620 799 2646 καὶ
827 2619 920 2646 άσυλοι

128 2665 198 2692 κατὰ
210 2665 261 2701 τὴν
275 2665 442 2704 πρρφητείαν
452 2665 501 2700 τῆς
511 2666 675 2701 δηλουμένης
690 2665 854 2700 ἐπαγγελίας
863 2665 920 2692 τεύ-

128 2709 227 2743 ξονται,
249 2711 378 2746 ὀψόμενοι
397 2711 442 2738 τοῦ
464 2711 567 2747 Κυρίου
589 2712 638 2747 τὴν
658 2714 736 2747 χεῖρα
758 2713 803 2739 καὶ
827 2711 919 2747 κτῆμα

129 2755 210 2782 αὐτοῦ
224 2756 415 2791 γενησόμενοι,
433 2756 502 2783 κατὰ
517 2757 546 2782 τὸ
565 2756 665 2790 φάσκον
680 2758 782 2792 λόγιον·
804 2767 813 2783 ι
832 2759 919 2794 Προσ-

130 2800 206 2836 θήσει
217 2801 322 2837 Κύριος
333 2802 381 2828 τοῦ
394 2801 476 2834 δεῖξαι
490 2803 538 2838 τὴν
548 2803 626 2838 χεῖρα
639 2803 785 2834 αὑτοῦ,τοῦ
798 2804 917 2840 ζηλῶσαι

130 2846 158 2873 τὸ
175 2847 358 2881 καταλειφθὲν
373 2848 516 2875 ὑπόλοιπον
529 2849 576 2875 τοῦ
591 2849 666 2877 λαοῦ.
685 2860 693 2875 ι
710 2850 742 2876 Τί
756 2850 783 2876 δὲ
801 2851 916 2886 προσθή-

161 2939 181 2958 ³⁷
196 2938 248 2966 lsa.
269 2946 309 2970 ιι,
335 2938 360 2972 1.
397 2939 420 2954 ⁸⁸
438 2938 501 2968 Ibid.
518 2940 543 2967 8.
583 2940 604 2956 ⁸⁹
620 2939 685 2967 Ibid.
703 2940 729 2968 9.
768 2941 789 2957 ⁶⁰
806 2940 871 2970 Ibid.
888 2942 928 2970 10.

970 2391 1016 2426 qui
1031 2391 1095 2418 olim
1113 2392 1146 2419 iis
1161 2392 1288 2426 gentibus
1302 2399 1362 2426 quae
1380 2392 1423 2418 hic
1440 2393 1585 2420 nominatae
1610 2393 1666 2428 76
1680 2396 1754 2424 sunt,

970 2436 1143 2464 invisibiliter
1149 2441 1291 2472 praeerant,
1298 2441 1324 2464 et
1331 2437 1436 2465 animas
1446 2437 1527 2465 Israel
1536 2438 1755 2469 vast_abant,cum

969 2490 1016 2510 eas
1030 2483 1058 2509 in
1073 2483 1163 2510 varios
1179 2482 1291 2510 ell‘ectus
1305 2483 1474 2516 inducerent,
1494 2487 1520 2512 et
1536 2484 1659 2518 captivas
1681 2483 1755 2511 face-

970 2531 1041 2560 rent,
1053 2532 1081 2554 et
1095 2528 1129 2554 ad
1144 2535 1246 2555 morem
1260 2528 1358 2560 victus,
1374 2528 1523 2556 alienarum
1537 2529 1658 2564 gentium
1672 2529 1756 2556 victui

971 2574 1099 2606 similem,
1118 2574 1295 2602 attraherent.
1321 2575 1389 2602 Cum
1421 2575 1504 2610 igitur
1531 2575 1575 2602 hic
1598 2575 1754 2608 universus.

972 2628 1055 2656 prope
1069 2621 1195 2653 dixerim,
1209 2621 1342 2657 populus,
1356 2622 1456 2648 animis
1474 2621 1562 2648 factus
1582 2625 1655 2649 esset
1669 2622 1757 2657 capti-

972 2675 1021 2694 vus
1039 2667 1072 2694 ab
1089 2668 1134 2700 iis,
1151 2676 1220 2703 quos
1235 2668 1355 2696 diximus
1373 2669 1506 2701 hostibus,
1517 2670 1562 2704 qui
1581 2664 1693 2700 servati,
1710 2677 1755 2695 re-

971 2714 1082 2749 lictique
1095 2719 1159 2742 sunt
1174 2715 1232 2743 sine
1252 2716 1371 2747 vulnere,
1389 2724 1442 2742 non
1461 2715 1568 2751 spoliati
1585 2716 1642 2744 suis
1663 2716 1755 2748 rebus,

972 2760 1135 2794 promissum
1156 2761 1233 2791 illud,
1252 2760 1285 2788 de
1309 2768 1363 2795 quo
1377 2761 1519 2796 prophetia
1535 2761 1666 2796 loquitur,
1685 2761 1756 2788 obti-

970 2805 1074 2832 nebunt
1090 2814 1097 2832 :
1112 2810 1204 2840 utpote
1219 2807 1265 2841 qui
1283 2806 1369 2834 visuri
1384 2808 1439 2834 sint
1462 2815 1572 2834 manum
1590 2807 1708 2839 Domini,
1727 2812 1756 2834 et

971 2852 1044 2879 illius
1059 2852 1196 2887 possessio
1213 2852 1312 2886 futuri;
1334 2853 1563 2888 quemadmodum
1584 2854 1649 2881 illud
1675 2854 1755 2883 habet

968 2943 988 2958 “
1006 2943 1072 2971 ibid.
1093 2944 1132 2971 11.
