2071 3219
282 207 333 235 147

580 204 711 232 EUSEBII
730 203 967 231 CESARIENSIS
986 203 1061 230 OPP.
1083 202 1171 230 PARS
1193 203 1223 231 ll.
1243 218 1278 225 —-
1298 202 1547 231 APOLOGETICA.

1853 203 1903 230 με

279 263 420 292 oraculum
439 262 513 297 quod
532 260 572 288 its
596 262 635 288 ait
656 270 662 288 :
681 269 690 286 ‹
714 260 831 295 Adjicict
856 259 988 287 Dominus
1017 261 1064 287 de-

1119 268 1155 286 σει
1170 259 1286 295 Κύριος;
1299 260 1366 286 ἀλλὰ
1380 261 1432 296 γὰρ
1449 259 1516 295 πρὸς
1532 255 1572 289 οἷς
1590 259 1662 293 ἅπαξ
1679 259 1833 294 ἐπεδείξατο
1850 260 1905 288 πάι-

279 313 433 336 mnnStrare
452 315 561 334 manum
579 314 669 338 suam,
686 310 716 333 ut
731 306 873 332 aemuletur
895 305 930 332 ob
950 304 976 331 id
991 305 1064 340 quod

281 354 444 382 remanserit
462 353 596 388 reliquum
620 352 722 387 populi.
739 361 748 377 ι
766 351 835 384 Quid
850 355 938 378 autem
957 350 1065 385 adjiciet

282 400 431 428 Dominus?
446 407 551 434 nempe,
566 399 599 426 iis
616 406 684 433 quos
696 398 778 426 semel
792 397 929 432 quondam
946 405 994 432 per
1007 404 1069 431 pro-

283 448 377 481 phetas
390 445 508 473 ostendit
526 444 659 479 :Adjecta
672 449 714 472 est
732 452 831 473 manus
848 444 1006 476 Domini,ut
1023 444 1065 471 his

284 492 350 527 ipsis
365 492 447 520 veluti
466 491 500 519 de
528 492 612 519 totius
641 491 734 526 populi
760 491 838 518 ruina
864 490 990 523 servatis,
1007 498 1066 525 qua:

283 538 419 573 prioribus
439 538 560 570 deerant,
575 538 798 573 adjuugerentur.
815 537 876 565 Hac
892 545 973 573 porro
988 540 1066 565 erant

282 585 349 613 Novi
376 585 542 613 Tcstameuli
570 585 719 620 mysteria,
747 592 808 619 qua:
842 591 923 610 manu
959 583 1065 610 Domini

281 635 391 659 ostensa
403 634 466 658 sunt
478 630 503 657 ei
518 630 589 665 parti
605 637 665 664 quae
679 629 713 656 de
726 629 826 664 populo
841 629 936 656 relicta
950 633 1001 657 est.
1012 628 1065 656 Sed

281 677 373 708 etiam,
390 686 398 702 ι
423 680 452 703 ιιι
467 677 620 708 aemuletur,
635 676 732 711 inquit,
747 675 782 702 ob
796 675 822 702 id
843 676 915 710 quod
930 683 1067 704 remanse-

280 724 317 750 rit
336 723 470 758 reliquum
485 722 586 757 populi.
608 732 617 748 ι
637 721 690 749 Pro
711 729 765 756 quo
791 721 888 756 Aquila
901 726 927 749 et
942 721 1066 749 Theodo-

281 770 337 796 tion
347 769 529 800 concorditer,
541 777 550 794 ι
566 768 599 795 ad
607 767 813 803 acquirendum,
829 768 987 803 sinquiunt,
998 778 1007 793 Ι
1024 776 1066 795 re-

281 815 390 842 siduum
409 814 498 850 populi
515 814 568 846 sui,
593 814 774 849 quodcunque
795 814 918 841 relictum
937 814 1017 842 fuerit
1032 815 1066 842 ah

281 859 414 895 Assyriis,
432 869 440 885 ι
458 865 484 886 et
496 866 510 885 a
529 859 641 894 reliquis
658 859 777 887 inimicis
793 860 928 895 gentibus.
943 859 999 887 Hoc
1017 867 1066 887 au-

282 910 334 931 tem
356 905 428 939 quod
453 905 578 932 relictum
605 904 685 932 fuerit
707 905 741 932 de
761 905 871 940 populo,
900 915 909 931 ‹
943 906 1063 938 extollet,

282 951 380 985 inquit,
407 951 516 985 signum
540 953 566 978 in
584 955 678 987 gentes
695 961 701 978 :
723 961 732 977 ι
750 959 798 987 per
827 959 874 979 cos
893 953 964 979 enim
985 953 1064 987 plane
1081 938 1101 968 Β

283 995 414 1024 Dominus
429 996 538 1031 signum
556 1005 639 1024 suum
653 997 679 1024 in
697 997 806 1025 cunctis
818 998 944 1033 gentibus
963 999 1066 1033 patefe-

282 1042 329 1074 tit,
342 1046 369 1069 et
384 1051 431 1078 per
441 1043 551 1070 eosdem
570 1043 679 1078 collegit
700 1051 757 1077 eos,
774 1044 820 1079 qui
836 1052 869 1072 ex
885 1044 967 1072 Israel
980 1047 1068 1080 perie—

283 1092 355 1117 inut.
373 1092 399 1115 et
418 1088 463 1123 qui
489 1096 522 1115 er
543 1086 613 1115 Juda
637 1088 753 1123 dispersi
781 1092 870 1120 erant,
890 1093 1033 1124 postquam
1051 1097 1066 1116 a

283 1137 400 1167 quatuor
416 1133 466 1160 alis
477 1136 566 1166 terrae,
583 1133 617 1160 ad
641 1132 780 1160 Christum
799 1132 856 1165 Dei,
876 1141 909 1160 ex
935 1133 1067 1167 praedica-

283 1180 356 1207 tione
380 1179 566 1214 apostolorum
595 1179 691 1214 ipsius,
715 1179 917 1214 confugerunt:
935 1180 975 1206 sic
1002 1187 1067 1207 sane

282 1225 412 1253 collectos
426 1232 486 1252 esse
495 1224 650 1260 intelligens
664 1232 723 1256 eos,
735 1225 781 1260 qui
793 1225 930 1260 quondam
942 1233 974 1252 ex
984 1224 1067 1252 Israel

281 1275 309 1298 ct
323 1269 403 1302 Juda,
427 1270 577 1298 secundum
601 1269 762 1298 sententiam
788 1270 968 1298 consideratis
988 1275 1069 1305 atque

284 1315 413 1350 acceptis,
437 1314 546 1342 abducti
563 1315 670 1350 procul,
687 1315 862 1350 separatique
878 1314 994 1348 fuerant.
1011 1314 1068 1342 Mos

285 1365 376 1388 autem
398 1359 589 1395 hujuscemodi
614 1360 777 1392 animarum,
797 1367 891 1386 verum
916 1358 1000 1387 lsrael
1021 1359 1068 1386 Dei

284 1407 465 1439 demonstrat,
484 1406 555 1433 sicut
580 1413 595 1433 e
626 1405 776 1438 contrario,
805 1405 904 1432 vitiosa
932 1412 1069 1439 pravaun

283 1453 390 1480 aﬂ'ectio
406 1460 469 1480 eum
484 1452 577 1484 Israel,
590 1452 635 1487 qui
654 1452 760 1480 ratione
770 1452 893 1486 corporis
908 1459 967 1478 eam
980 1451 1069 1486 appel<

286 1499 416 1527 lationem
432 1497 546 1526 sortitus
562 1503 614 1529 est,
631 1497 769 1533 principes
781 1496 972 1528 Sodomorum,
986 1500 1012 1524 et
1025 1504 1069 1531 po-

285 1545 378 1579 pulum
395 1543 554 1571 Gomorrha:
574 1544 711 1579 appellare
727 1543 753 1570 in
771 1543 889 1570 oraculis
906 1543 979 1570 facit.
997 1543 1070 1570 Reli-

284 1591 355 1626 quiae
382 1590 464 1625 igitur
485 1589 635 1617 secundum
655 1589 815 1617 electionem
832 1590 936 1624 gratiae,
951 1593 977 1616 et
996 1589 1068 1624 quod

285 1638 312 1664 in
341 1636 483 1672 prophetia
507 1636 618 1668 dicitur,
647 1636 772 1663 relictum
795 1635 935 1662 residuum
964 1634 1067 1670 populi,

284 1682 391 1717 signum
421 1681 528 1710 Domini
558 1681 627 1717 apud
666 1685 781 1709 cunctas
810 1685 905 1716 gentes
936 1681 1068 1716 prazdica-

283 1733 347 1756 runt
364 1738 370 1756 :
387 1733 414 1756 et
438 1728 594 1756 istiusmodi
617 1727 739 1763 gentium
765 1728 871 1755 animas
886 1727 922 1755 ab
946 1727 1067 1760 interitu,

283 1775 318 1804 ad
348 1775 455 1803 Domini
490 1775 672 1811 cognitionem
705 1775 862 1807 trahentes,
891 1782 976 1802 unum
1014 1773 1069 1802 Deo

282 1821 411 1856 populum
435 1821 633 1853 confecerunt,
659 1820 704 1856 qui
735 1828 750 1847 a
775 1825 893 1855 quatuor
916 1821 967 1847 alis
989 1824 1069 1847 terra:

281 1865 364 1894 hodie
388 1874 496 1902 quoque
527 1875 579 1893 una
609 1866 712 1894 Christi
748 1867 849 1894 virtute
885 1866 1067 1894 contrahitur.

285 1912 338 1948 77
351 1911 383 1939 Hi
399 1920 463 1940 vero
484 1913 536 1947 ipsi
557 1912 591 1939 de
614 1911 734 1940 Judaicaz
763 1913 852 1948 gentis
869 1913 980 1940 interitu
1003 1921 1070 1940 con—

284 1958 386 1985 servati
398 1957 541 1993 discipuli,
560 1963 587 1986 et
616 1959 732 1993 apostoli
750 1958 901 1987 Salvatoris
925 1959 1025 1992 nostri,
1036 1967 1069 1987 ex

283 2003 404 2031 diversis,
417 2003 544 2031 tribubus
569 2003 690 2034 oriundi,
710 2004 936 2038 una-vocatione,
962 2012 1070 2040 unaque

283 2048 384 2084 gratia,
397 2053 479 2084 atque
498 2056 553 2077 uno
570 2052 666 2077 sancto
682 2048 784 2085 Spiritu
805 2050 879 2085 digni
891 2051 990 2083 cﬂeeti,
1011 2059 1070 2079 om-

284 2103 347 2124 nem
362 2103 493 2127 amorem,
511 2103 591 2131 quem
614 2096 679 2123 olim
695 2104 759 2131 erga
775 2097 850 2131 ipsos
864 2097 1004 2126 Hebraica:
1018 2099 1069 2126 tri-

283 2142 336 2169 bus
363 2142 660 2176 habebant,abjecturi
686 2148 774 2174 erant,
798 2148 826 2170 ut
854 2144 892 2171 ait
917 2146 1068 2180 prophetia.

283 2187 464 2223 Cumgigitur
486 2188 580 2216 eodem
607 2189 746 2216 intellectu
761 2189 911 2225 eademque
936 2191 1070 2228 sententia

283 2234 398 2269 perfecti
425 2239 526 2267 essent,
557 2242 612 2263 non
630 2235 719 2263 solum
747 2236 931 2263 continentem
956 2240 1068 2269 terram,

284 2280 332 2308 sed
346 2283 374 2307 et
389 2280 493 2307 insulas
518 2281 639 2315 gentium
667 2281 802 2316 pervagati
827 2285 901 2314 sunt,
926 2285 952 2308 et
975 2290 1070 2310 omnes

283 2326 406 2362 undique
419 2326 561 2354 hominum
575 2327 680 2355 animas
689 2327 836 2362 depraedati
849 2348 857 2359 .
876 2335 923 2356 eas
939 2328 1070 2368 ducentes

283 2373 417 2408 captivas,
435 2377 465 2400 ut
477 2373 590 2408 imperio
602 2373 703 2401 Christi
716 2374 926 2409 subjicerentur.
944 2374 996 2408 Qui
1009 2375 1070 2411 qui-

282 2418 344 2446 dem
359 2419 386 2445 in
399 2418 450 2446 hoc
466 2423 650 2447 consentanea
671 2419 710 2447 illi
721 2421 835 2448 oraculo
858 2426 982 2456 egerunt,
997 2422 1069 2457 quod

283 2465 339 2493 ait:
355 2475 364 2491 ι
380 2465 414 2492 Et
428 2466 558 2493 volabunt
581 2465 610 2492 in
634 2467 751 2502 navigiis
775 2471 920 2495 externum
943 2476 1019 2496 mare
1033 2469 1070 2496 si-

281 2511 339 2539 mul
365 2511 564 2547 depra’dantes,
581 2517 608 2540 et
623 2520 682 2546 eos,
700 2513 747 2548 qui
761 2513 794 2540 ad
810 2513 876 2542 solis
903 2519 992 2541 ortum
1006 2521 1069 2550 spe-

283 2561 359 2585 ctant
374 2557 407 2584 “.
424 2567 434 2584 ι
466 2558 582 2594 Reliqua
604 2567 669 2587 vero
689 2559 813 2594 ejusdem
838 2559 998 2595 prophetiae,
1026 2560 1069 2588 his

284 2602 349 2629 item
367 2605 543 2639 proportione
565 2605 733 2640 respondere
745 2606 906 2639 intueberis,
924 2606 948 2633 si
971 2614 1069 2633 unam-

284 2654 422 2683 quamque
446 2650 591 2678 dictionem
612 2655 701 2679 tecum
718 2652 776 2686 ipse
797 2651 940 2687 diligenter
954 2659 1070 2687 perpen-

1114 305 1158 331 λαι
1169 305 1300 341 πρότερον
1312 306 1356 332 διὰ
1370 307 1422 333 τῶν
1440 306 1594 342 προφητῶν·
1613 317 1621 332 ι
1639 306 1827 342 Προσεγενήθη
1843 307 1903 342 χεὶρ

1115 351 1228 386 Κυρίου,
1251 352 1298 378 καὶ
1319 352 1422 384 τούτοις
1442 351 1610 378 διασωθεῖσιν
1631 353 1685 379 ἀπὸ
1708 352 1758 387 τῆς
1776 352 1905 384 πτώσεως

1115 396 1161 423 τοῦ
1176 398 1275 429 παντὸς
1288 397 1363 429 λαοῦ,
1379 397 1413 423 τὰ
1433 397 1558 424 λείποντα
1583 399 1638 430 τοῖς
1660 398 1801 433 προτέροις
1820 406 1905 433 προσ-

1116 441 1216 477 Θήσειν.
1233 451 1241 467 )
1255 441 1346 468 Ταῦτα
1357 442 1383 468 δὲ
1399 440 1431 477 ἦν
1441 442 1474 468 τὰ
1488 442 1535 477 τῆς
1546 442 1640 476 καινῆς
1652 443 1787 478 Διαθήχης
1803 443 1906 478 μυστή-

1118 495 1171 521 ρια,
1189 486 1232 514 διὰ
1247 487 1298 522 τῆς
1311 487 1401 522 χειρὸς
1417 486 1463 513 τοῦ
1481 487 1582 523 Κυρίου
1599 488 1755 522 δεδειγμένα
1769 487 1807 522 τῷ
1824 496 1904 514 καταη

1115 533 1249 568 λειφθέντι
1265 534 1319 560 ἀπὸ
1332 533 1377 559 τοῦ
1393 533 1466 560 λαοῦ.
1484 533 1562 560 Ἀλλὰ
1571 535 1617 560 καὶ
1631 533 1676 560 τοῦ
1692 533 1809 569 ζηλῶσαι
1822 543 1906 570 φησιν

1115 579 1145 606 τὸ
1159 579 1336 614 καταλειφθὲν
1348 579 1493 606 ὑπόλοιπον
1507 579 1555 606 τοῦ
1567 580 1644 606 λαοῦ.
1666 579 1735 607 Ἀνθ“
1751 576 1781 606 οὗ
1794 579 1905 616 συμφώ-

1115 634 1168 657 νως
1185 627 1199 652 ὁ
1219 625 1333 657 Ἀκύλας
1346 626 1391 652 καὶ
1408 625 1566 659 Θεοδοτίων,
1579 625 1624 653 τοῦ
1634 626 1794 662 κτήσασθαι,
1811 626 1904 662 φησὶν,

1115 673 1146 699 τὸ
1157 672 1312 708 ὑπόλειμμα
1325 672 1371 699 τοῦ
1382 672 1445 699 λαοῦ
1458 672 1549 704 αὑτοῦ,
1561 672 1575 698 ὂ
1590 673 1623 699 ἂν
1638 673 1772 708 καταλίπῃ
1785 673 1838 700 ἀπὸ
1851 673 1905 699 τῶν

1123 719 1269 754 Ἀσσυρίων
1295 719 1341 745 καὶ
1364 719 1418 745 ἀπὸ
1441 719 1495 745 τῶν
1525 718 1624 745 λοιπῶν
1648 718 1783 754 πολεμίων
1810 718 1903 745 ἐθνῶν.

1116 764 1201 791 Τοῦτο
1223 765 1250 790 δὲ
1267 764 1298 790 τὸ
1320 764 1497 798 καταλειφθὲν
1512 764 1557 790 τοῦ
1582 764 1647 792 λαοῦ
1667 764 1812 791 ὑπόλοιπον
1834 765 1905 798 ἀρεῖ,

1117 810 1208 846 φησὶν,
1223 811 1334 846 σημεῖον
1349 811 1389 842 εἰς
1403 810 1436 836 τὰ
1448 810 1522 846 ἑθνη”
1541 811 1633 845 σαφῶς
1649 810 1681 837 δι’
1695 810 1784 836 αὐτῶν
1795 810 1824 836 τὸ
1841 811 1905 836 ἑαυ-

1116 857 1163 883 τοῦ
1180 858 1291 892 σημεῖον
1305 858 1320 884 ὁ
1334 857 1435 893 Κύριος
1446 858 1475 883 ἐν
1490 858 1554 883 πᾶσι
1572 859 1628 888 τοῖς
1643 857 1745 884 ἔθνεσιν
1758 855 1907 883 ἐπιδεικνύ-

1120 911 1199 938 μενος
1209 911 1215 917 ·
1231 904 1278 929 καὶ
1295 902 1402 934 συνάξει
1423 902 1456 928 δι’
1472 902 1559 929 αὐτῶν
1575 903 1637 935 τοὺς
1654 903 1836 938 ἀπολομένους
1857 903 1907 930 Ἰσ-

1118 948 1196 983 ραὴλ,
1212 948 1334 979 καὶτοὺς
1350 948 1564 984 διεσπαρμένους
1584 949 1680 981 Ἰούδα,
1705 950 1736 975 ἐκ
1750 949 1803 976 τῶν
1816 948 1908 976 τεσσά·

1118 1002 1172 1029 ρων
1189 994 1331 1030 πτερύγων
1351 995 1400 1030 τῆς
1422 995 1474 1030 γῆς
1492 995 1538 1021 ἐπὶ
1563 995 1608 1021 τὸν
1629 994 1745 1031 Χριστὸν
1765 994 1812 1021 τοῦ
1829 994 1906 1026 θεοῦ,

1117 1040 1160 1067 διὰ
1179 1040 1225 1067 τοῦ
1243 1040 1297 1067 τῶν
1313 1041 1469 1068 ἀποστόλων
1493 1041 1574 1068 αὐτοῦ
1596 1040 1772 1077 κηρύγματος
1793 1049 1908 1068 καταπε-

1119 1086 1265 1122 φευγότας’
1280 1088 1342 1117 τοὺς
1362 1087 1542 1122 οηναχθέντας
1560 1085 1628 1114 εἶναι
1653 1087 1738 1122 λέγων
1753 1087 1807 1114 τῶν
1824 1086 1909 1114 πάλαι

1117 1133 1316 1168 ἀπῳκισμένων
1328 1133 1374 1159 καὶ
1389 1133 1587 1168 ἀφωρισμένων
1599 1135 1630 1160 ἐκ
1646 1133 1692 1160 τοῦ
1709 1133 1779 1160 κατὰ
1789 1133 1910 1160 διάνοιαν

1125 1178 1231 1214 Ἰσραὴλ
1251 1179 1297 1205 καὶ
1313 1178 1406 1205 Ἰούδα.
1431 1179 1537 1214 Τρὸπος
1560 1179 1589 1206 δὲ
1613 1179 1723 1206 τοιῶνδε
1748 1179 1841 1215 ψυχῶν
1863 1179 1908 1206 τὸν

1119 1223 1243 1258 ἀληθινὸν
1266 1223 1373 1259 Ἰσραὴλ
1400 1224 1446 1250 τοῦ
1474 1224 1540 1250 Θεοῦ
1561 1225 1705 1256 δείκνυσιν,
1718 1225 1755 1257 ὡς
1776 1224 1908 1251 ἀνάπαλιν

1119 1268 1207 1303 φαύλη
1231 1268 1278 1294 καὶ
1305 1269 1428 1304 μοχθηρὰ
1450 1269 1569 1300 διάθεσις
1593 1270 1638 1296 τὸν
1664 1270 1734 1296 κατὰ
1755 1270 1843 1306 σάρκα
1859 1270 1909 1296 Ἰσ-

1120 1313 1198 1349 ραὴλ,
1214 1314 1346 1349 ἀρχοντας
1366 1314 1491 1349 Σοδόμων
1514 1315 1559 1341 καὶ
1575 1315 1638 1342 λαὸν
1652 1315 1791 1351 Γομόρρας
1806 1324 1909 1352 χρημα-

1118 1359 1201 1391 τίζειν
1225 1362 1306 1388 ποιεῖ.
1325 1361 1361 1387 Τὸ
1381 1362 1469 1388 τοίνυν
1492 1361 1595 1397 λεῖμμα
1617 1364 1675 1389 κατ’
1692 1362 1806 1397 ἐκλογὴν
1830 1363 1909 1399 χάρις

1118 1413 1174 1436 τος,
1193 1405 1239 1431 καὶ
1258 1405 1288 1432 τὸ
1305 1406 1450 1441 λεγόμενον
1470 1407 1498 1432 ἐν
1510 1408 1542 1442 τῇ
1561 1407 1713 1443 προφητείᾳ
1730 1407 1909 1443 καταλειρθὲν

1119 1451 1265 1478 ὑπόλοιπον
1289 1452 1337 1478 τοῦ
1357 1452 1432 1484 λαοῦ,
1453 1453 1483 1478 τὸ
1506 1454 1618 1488 σημεῖον
1641 1453 1686 1479 τοῦ
1713 1454 1815 1490 Κυρίου
1843 1455 1910 1481 πᾶσι

1119 1499 1174 1529 τοῖς
1203 1497 1306 1525 ἔθνεσιν
1332 1498 1508 1533 ἁνεκήρυξεν,
1539 1499 1655 1530 καὶτὰς
1682 1499 1787 1526 τοιάσδε
1822 1499 1913 1535 ψυχὰς

1118 1544 1172 1570 τῶν
1199 1544 1283 1570 ἐθνῶν
1305 1544 1334 1576 ὲξ
1354 1544 1490 1576 ἀπωλείας
1512 1545 1558 1570 ἐπὶ
1580 1545 1629 1580 τὴν
1648 1545 1694 1571 τοῦ
1717 1546 1819 1582 Κυρίου
1841 1546 1913 1580 γνῶ-

1121 1599 1162 1617 σιν
1194 1590 1432 1626 ὲφελκυσάμενον,
1463 1592 1510 1618 ἕνα
1540 1591 1602 1618 λαὸν
1636 1591 1733 1627 συνῆξε
1759 1592 1798 1628 τῷ
1829 1592 1910 1627 Θεῷ,

1120 1636 1166 1663 τὸν
1189 1637 1221 1663 ἐκ
1246 1636 1299 1662 τῶν
1328 1636 1468 1671 τεσσάρων
1496 1636 1638 1672 πτερύγων
1669 1637 1718 1672 τῆς
1745 1637 1796 1672 γῆς
1827 1638 1911 1664 είσὲτι

1120 1682 1167 1709 νῦν
1193 1684 1225 1718 τῇ
1250 1682 1298 1708 τοῦ
1324 1682 1442 1718 Χριστοῦ
1466 1683 1579 1718 δυνάμει
1601 1683 1844 1719 συγκροτούμενον.
1864 1681 1911 1710 Οὖ-

1120 1738 1161 1756 τοι
1175 1729 1204 1755 δὲ
1218 1729 1295 1755 αὐτοὶ
1313 1730 1338 1755 ot
1359 1729 1413 1756 ἀπὸ
1436 1729 1489 1756 τῶν
1512 1729 1689 1756 ἀπολωλότων
1708 1729 1755 1757 τοῦ
1780 1730 1911 1757 Ἰουδαίων

1121 1775 1212 1806 ἔθνους
1228 1774 1406 1806 διασωθέντες
1427 1774 1546 1810 μαθηταὶ
1562 1775 1609 1802 καὶ
1626 1775 1769 1802 ἀπόστολοι
1786 1775 1911 1811 Σωτῆρος

1119 1821 1209 1857 ἡμῶν,
1221 1822 1253 1848 ὲκ
1263 1821 1398 1857 διαφόρων
1410 1821 1500 1855 φυλῶν
1511 1822 1702 1857 τυγχάνοντες,
1711 1823 1775 1857 μιᾶς
1790 1822 1912 1857 κλήσεως

1121 1868 1166 1894 καὶ
1181 1867 1244 1903 μιᾶς
1259 1867 1369 1904 χάριτος
1390 1867 1449 1899 ἐνὸς
1469 1867 1627 1903 Πνεύματος
1647 1868 1723 1902 ἁγίου
1741 1868 1912 1903 κατηξιωμέ-

1120 1921 1170 1945 νοι,
1186 1914 1274 1940 πάντα
1288 1914 1368 1948 ζῆλον
1384 1913 1413 1939 ὃν
1431 1912 1513 1940 πάλαι
1531 1913 1598 1948 πρὸς
1614 1914 1712 1945 αὐτοὺς
1729 1911 1801 1948 εἶχον
1816 1914 1844 1939 αἱ
1864 1913 1911 1940 τοῦ

1127 1959 1260 1995 Ἐϐραίων
1279 1959 1371 1991 ἔθνους
1389 1958 1480 1994 φυλαὶ,
1496 1959 1704 1995 ἀπορρίψωσιν,
1723 1959 1788 1996 ὡςή
1804 1968 1911 1996 προφη-

1120 2006 1181 2032 τεία
1198 2006 1290 2041 φησίν.
1305 2005 1525 2041 Κατηρτισμένοι
1540 2005 1605 2040 γοῦν
1623 2006 1662 2041 τῷ
1673 2006 1747 2041 αὺτῷ
1764 2006 1803 2033 νοῒ
1820 2007 1867 2033 καὶ
1878 2008 1910 2041 τῇ

1121 2054 1189 2088 αὐτῇ
1205 2052 1311 2089 γνώμῃ,
1336 2053 1366 2079 οὺ
1393 2052 1471 2087 μόνον
1494 2053 1543 2088 τὴν
1560 2053 1683 2088 ἡπειρον,
1706 2053 1772 2080 ἀλλὰ
1796 2054 1844 2080 καὶ
1863 2054 1912 2085 τὰς

1121 2099 1219 2134 νήσους
1235 2098 1340 2134 διῆλθον
1362 2098 1415 2124 τῶν
1437 2098 1532 2130 ἐθνῶν,
1562 2099 1652 2131 πάσας
1675 2100 1842 2135 πανταχόθεν
1863 2100 1912 2132 τὰς

1121 2145 1175 2172 τῶν
1199 2145 1349 2181 ἀνθρώπων
1370 2145 1459 2181 ψυχὰς
1476 2146 1689 2181 προνομεύοντες
1707 2147 1753 2173 καὶ
1773 2147 1913 2182 αἰχμαλω-

1121 2191 1244 2222 τεύοντες
1261 2192 1301 2222 εἰς
1321 2191 1370 2226 τὴν
1391 2192 1530 2227 ὑποταγὴν
1547 2191 1593 2218 τοῦ
1612 2192 1740 2228 Χριστοῦ,
1757 2192 1913 2224 ἀκολούθως

1121 2237 1160 2272 τῷ
1173 2237 1289 2272 χρησμῷ
1304 2238 1431 2273 φήσαντι·
1447 2247 1456 2263 ι
1472 2238 1527 2264 Καὶ
1540 2239 1756 2274 πετασθήσονται
1769 2240 1797 2265 ἐν
1809 2240 1913 2271 πλοίοις

1123 2283 1289 2317 ἀλλοφύλων,
1310 2283 1448 2310 θάλασσαν
1470 2283 1528 2318 ἃμα
1546 2284 1770 2319 προνομεύοντες,
1788 2285 1834 2312 καὶ
1849 2286 1913 2316 τοὺς

1123 2331 1170 2365 ἀφ’
1185 2330 1262 2365 ἡλίου
1276 2330 1423 2357 ἀνατολῶν.
1445 2340 1454 2355 ι
1474 2331 1529 2357 Καὶ
1541 2330 1574 2357 τὰ
1590 2330 1671 2357 λοιπὰ
1693 2331 1720 2357 δὲ
1735 2331 1784 2366 τῆς
1807 2340 1913 2368 προφη-

1123 2375 1198 2406 τείας
1210 2375 1315 2407 τούτοις
1327 2375 1465 2409 ἀναλόγως
1479 2375 1685 2410 ὲπιθεωρήσεις,
1702 2376 1821 2411 ἑκάστην
1840 2376 1913 2410 λέξιν

1123 2420 1200 2457 παρὰ
1217 2421 1305 2456 σαυτῷ
1327 2421 1486 2456 βασανίσας,
1504 2420 1549 2447 καὶ
1573 2421 1627 2447 πᾶν
1646 2421 1695 2456 μὲν
1711 2421 1741 2447 τὸ
1760 2420 1913 2449 ἀσύστατον

1123 2467 1170 2493 καὶ
1186 2467 1313 2494 ταπεινὸν
1327 2467 1412 2502 αὐτῆς
1428 2466 1668 2502 διακρουσάμενος,
1685 2466 1734 2502 τὴν
1750 2467 1778 2493 δὲ
1793 2467 1912 2494 διάνοιαν

1121 2512 1167 2539 τοῦ
1183 2513 1347 2549 πνεύματος,
1362 2512 1399 2544 ὡς
1418 2513 1451 2540 ἂν
1468 2512 1534 2539 αὑτό
1553 2521 1593 2539 σοι
1609 2513 1640 2539 τὸ
1656 2513 1764 2548 πνεῦμα
1781 2513 1828 2539 τοῦ
1844 2512 1914 2540 Θεοῦ

1123 2558 1235 2595 θεωρεῖν
1258 2559 1391 2596 ὑποϐάλῃ,
1410 2559 1519 2594 νοήσας.
1547 2559 1626 2594 Ὑμῖν
1642 2558 1696 2594 γὰρ
1711 2560 1725 2585 ὁ
1747 2559 1843 2595 καιρὸς
1863 2559 1914 2586 οὐκ

1122 2605 1265 2640 ἐπιτρέπει
1281 2606 1337 2637 τοῖς
1354 2605 1446 2636 τόποις
1473 2604 1519 2632 ἐπὶ
1545 2605 1636 2631 πλεῖον
1653 2604 1843 2640 ἐνδιατρίϐειν,
1863 2606 1914 2640 τὴν

1123 2652 1306 2688 προκειμένην
1323 2650 1450 2677 ὑπόθεσιν
1466 2650 1594 2684 ἐξανύσαι
1609 2651 1860 2685 κατεπειγομένοις.

283 2704 368 2738 deris,
381 2709 408 2734 et
422 2708 493 2742 quod
507 2709 616 2744 quidem
633 2718 665 2738 ex
693 2718 725 2739 ea
746 2710 906 2738 inconstans
919 2711 960 2738 vel
970 2711 1073 2739 humile
1085 2710 1174 2739 visum
1189 2711 1282 2742 fuerit,
1310 2710 1450 2744 rejeceris,
1479 2708 1593 2740 spiritus
1611 2716 1676 2736 vero
1699 2708 1784 2743 ipsius
1813 2707 1914 2735 intelli-

284 2754 403 2788 gentiam
419 2759 581 2792 perceperis,
600 2763 735 2794 quatenus
748 2759 806 2795 ipse
833 2759 882 2787 tibi
894 2759 940 2787 Dei
966 2760 1079 2795 spiritus
1106 2758 1343 2794 contemplandum
1370 2757 1593 2793 suppeditaverit.
1608 2757 1692 2785 Nobis
1712 2757 1785 2784 enim
1803 2761 1911 2792 tempus

282 2809 338 2830 non
352 2806 484 2838 permittit
509 2807 612 2835 diutius
628 2809 656 2835 iu
670 2807 713 2836 his
740 2807 808 2836 locis
840 2807 990 2841 immorari,
1021 2809 1066 2843 qui
1081 2809 1222 2836 materiam
1244 2807 1408 2842 propositam
1424 2806 1565 2834 absolvere
1579 2805 1749 2833 festinamus.

319 2918 340 2935 ⁸³
355 2918 454 2950 Ιειισι,
475 2919 514 2947 Η.
