2071 3219
145 184 201 213 “9

597 182 928 213 DEMONSTRATIONIS
941 183 1172 213 ΕνΑΝαειιωι
1191 183 1254 212 LIB.
1277 182 1310 212 II.

1727 186 1777 215 Ilio

185 244 252 271 MB'.
279 253 289 270 ι
310 245 369 272 Καὶ
385 243 542 279 ὲντελοῦμαι
565 244 598 279 τῇ
624 245 769 281 οἰκουμένη
787 245 836 281 ὅλῃ
856 244 939 281 κακὰ,

1026 243 1106 273 χιιι.
1120 253 1129 271 ι
1146 244 1179 272 Et
1193 244 1330 272 mandabo
1344 244 1403 272 orbi
1416 245 1544 272 universo
1557 244 1638 276 mala,
1651 248 1676 271 et
1686 244 1778 280 impiis

150 290 197 317 nl.
206 291 261 321 τοῖς
272 290 389 317 ἀσεϐέσι
398 291 446 322 τὰς
455 290 591 326 ἁμαρτίας
598 289 697 322 αὐτῶν,
709 291 757 317 καὶ
763 289 855 318 ἁπολῶ
862 289 940 324 ὓϐριν

151 336 269 372 ἀνόμων,
297 337 347 364 καὶ
379 336 457 372 ὖὸριν
482 337 663 372 ὑπερηφάνων
688 336 859 363 ταπεινὼσω.
886 337 940 363 Καὶ

152 382 259 409 ἔσονται
283 384 309 409 at
334 383 610 418 ἐγκαταλελειμμένα
634 383 738 418 ἔντιμοι
763 383 861 418 μᾶλλον
876 383 892 418 ἦ
909 383 940 409 τὺ

153 428 263 463 χρυσίον
275 429 306 455 τὸ
321 428 436 464 ἄπυρον·
451 429 497 455 καὶ
509 428 651 464 ἅνθρωπος
665 429 772 465 ἔντιμος
784 429 860 455 ἔσται
874 428 941 464 p.53:-

154 474 198 501 λον
217 473 234 509 ἢ
255 475 270 500 ὸ
285 473 359 506 λίθος
378 475 393 500 ό
413 475 445 501 ὲκ
469 475 595 511 Σουφείρ.
616 485 625 500 ι
650 476 705 502 Καὶ
724 475 787 511 ἑξῆς
808 475 938 509 ἐπιλέγει·

157 529 169 547 σ
181 520 237 547 Καὶ
251 520 358 548 ἔσονται
370 522 395 547 οἱ
410 521 650 557 καταλελειμμένοι
665 522 702 554 ὡς
718 522 858 558 δορκάδων
874 521 940 556 φεῦ-

155 576 213 602 γον,
225 567 273 594 καὶ
283 567 321 600 ὡς
336 567 471 603 πρόῦατον
485 568 669 604 πλανώμενον.
689 577 698 594 ι
717 569 772 595 Καὶ
786 568 829 595 διὰ
840 568 941 595 τούτων

159 614 186 640 τὸ
201 614 315 640 σπάνιον
328 613 383 640 τῶν
403 613 600 648 σωθησομένων
622 614 651 640 ἐν
664 613 703 648 τῷ
718 614 812 650 καιρῴ
824 613 874 648 τῆς
888 613 941 640 τῶν

156 659 261 686 ἀσεϐῶν
286 659 422 691 ἀπωλείας
448 659 604 694 σαφέστατα
628 660 642 685 ὁ
663 659 740 693 λόγος
762 659 938 694 παρίστησιν·

157 705 226 731 ὥστε
244 705 281 740 μὴ
307 704 399 741 χώραν
416 705 487 739 ἔχειν
508 705 630 731 ὑπονοεῖν
650 705 814 740 ἀδιακρίτως
838 705 941 736 πάντας

158 750 325 784 ἁπαξαπλῶς
337 751 400 782 τοὺς
412 751 444 777 ἐκ
453 751 614 786 περιτομῆς,
631 751 678 777 καὶ⁸
692 751 745 777 πᾶν
754 750 786 777 τὸ
807 751 941 778 Ἰουδαίων

157 797 241 829 ἔθνος,
258 797 313 824 τῶν
324 796 373 824 τοῦ
383 797 451 824 Θεοῦ
467 797 607 830 τεύξεσθαι
622 797 800 832 ἐπαγγελιῶν.

990 294 1106 325 peccata
1116 290 1263 326 ipsorum,
1284 294 1312 318 et
1331 289 1444 325 perdam
1468 290 1596 324 injuriam
1610 290 1776 324 iniquorum.

991 341 1017 363 et
1031 337 1226 364 contumeliam
1252 337 1434 372 superborum
1461 336 1622 363 humiliabo.
1642 336 1674 362 Et
1697 342 1778 364 erunt

990 382 1037 416 qui
1053 382 1232 409 remanserint
1247 382 1360 416 pretiosi
1373 382 1469 417 magis,
1486 389 1567 416 quam
1596 389 1693 408 aurum
1704 383 1777 416 quod

991 427 1079 463 ignem
1097 435 1151 454 non
1174 427 1276 454 sentit:
1291 432 1318 454 et
1339 427 1420 454 homo
1442 427 1578 462 pretiosus
1601 426 1653 454 erit
1679 427 1777 462 magis,

991 480 1073 508 quam
1099 473 1167 508 lapis
1194 473 1222 500 in
1245 472 1346 507 Suphir
1363 472 1397 504 “,
1423 480 1455 499 ac
1471 472 1600 507 deinceps
1631 472 1776 507 adiungit:

995 527 1009 543 ιη
1023 517 1057 544 Et
1066 521 1157 551 erunt,
1176 527 1186 543 ι
1212 519 1259 552 qui
1278 517 1366 544 relicti
1396 516 1508 548 fuerint,
1526 526 1535 542 ι
1552 518 1631 552 quasi
1652 519 1778 553 capreoli

992 561 1109 597 fugiens,
1126 567 1154 589 et
1173 562 1251 596 quasi
1265 561 1325 588 ovis
1335 560 1490 588 errabunda
1502 560 1525 576 “
1541 568 1547 585 :
1570 570 1580 586 ι
1596 564 1677 595 atque
1693 560 1719 587 iu
1736 560 1779 588 hi1

992 609 1100 643 quidem
1117 608 1279 643 paucitatem
1287 615 1394 639 eorum,
1410 607 1456 641 qui
1464 605 1631 641 superfuturi
1642 606 1697 633 sint
1709 609 1779 633 tem-

992 662 1057 688 pore
1085 654 1211 682 interitus
1238 653 1403 689 impiorum,
1436 652 1480 679 hic
1504 659 1594 680 sermo
1620 652 1779 686 planissime

992 701 1179 729 ostenditzex
1194 709 1248 736 quo
1280 700 1306 728 id
1334 699 1522 734 intelligimus,
1551 699 1610 726 sine
1623 698 1677 726 ulla
1701 705 1779 726 exce-

993 748 1100 783 ptione,
1120 748 1254 775 carituros
1273 755 1334 774 esse
1350 745 1458 781 propria
1476 744 1586 779 regione
1605 752 1701 772 omnes
1719 752 1779 772 om-

993 793 1068 826 nino,
1087 793 1132 828 qui
1150 793 1183 820 ad
1198 791 1434 820 circumcisionem
1450 791 1595 826 pertinent,
1622 793 1703 824 atque
1721 797 1780 816 om-

993 847 1055 866 nem
1070 838 1215 866 Judaicam
1240 842 1358 872 gentem,
1384 836 1523 871 promissa
1536 836 1628 863 divina
1644 843 1697 863 non
1719 843 1780 863 esse

994 889 1213 912 consecuturam.

192 927 259 954 ΜΓ.
279 937 289 953 ι
307 927 363 954 Καὶ
376 926 452 953 ἔσται
473 927 501 953 ὲν
514 928 547 962 τῇ
559 926 651 962 ἡμέρᾳ
665 927 756 961 ἐκείνῃ
772 926 890 961 ἔκλειψις
900 926 943 952 ὁὸ-

1032 930 1122 958 XIJII.
1146 940 1155 955 I
1175 930 1208 956 Et
1223 929 1311 963 erit‘in
1326 929 1369 955 die
1386 928 1432 955 illa
1443 928 1567 955 defectus
1582 927 1674 963 gloria:
1683 926 1780 956 Jacob.

157 972 206 1008 ξης
226 973 334 1006 Ἰακὼσ,
347 973 393 1000 καὶ
406 973 442 999 τὰ
453 973 530 999 πίονα
541 972 592 1008 τῆς
604 972 684 1008 δόξης
693 972 774 999 αὑτοῦ
790 972 944 1007 σεισθήσον-

158 1028 212 1046 ται.
229 1019 284 1046 Καὶ
300 1019 376 1046 ἔσται
392 1019 422 1045 ὃν
439 1018 539 1055 τρόπον
557 1019 605 1045 ἐὰν
621 1027 663 1050 τις
684 1018 825 1054 συναγάγῃ
839 1018 945 1052 ἀμητὸν

157 1066 302 1101 ἑστηκότα,
324 1066 370 1092 καὶ
394 1066 505 1101 σπέρμα
527 1065 651 1100 σταχύων
673 1065 776 1101 ὰμήσῃ·
801 1066 847 1091 καὶ
868 1064 944 1090 ἔσται

156 1112 187 1138 ὃν
205 1112 306 1148 τρόπον
332 1112 379 1138 ἐάν
402 1119 444 1143 τις
464 1111 606 1146 συναγάγῃ
627 1111 744 1145 στάχυας
770 1111 799 1136 ἐν
824 1110 944 1145 φάραγγι

159 1158 267 1194 στερεᾷ,
284 1157 331 1184 καὶ
343 1156 506 1192 καταλειφθῇ
522 1158 551 1183 ὲν
564 1157 632 1192 αὐτῇ
645 1157 763 1192 καλαμη-
781 1158 797 1191 ἢ
810 1157 847 1188 ὡς
859 1157 946 1192 ρὢες

158 1203 251 1235 ἐλαίας
263 1202 322 1236 δύο,
336 1203 353 1238 ἢ
365 1205 440 1239 τρεῖς
454 1203 496 1229 ἐπ’
510 1203 595 1238 ἄκρον
613 1202 760 1238 μετεώρου,
774 1203 790 1237 ἢ
803 1203 943 1238 τέσσαρες,

161 1249 176 1283 ἢ
191 1250 272 1276 πέντε
289 1249 336 1275 ἰπὶ
352 1248 406 1276 τῶν
425 1248 528 1275 κλάδων
544 1248 633 1275 αὐτῶν
648 1248 857 1282 καταλειφϐὧσι.
877 1249 945 1274 Τάδε

159 1294 231 1329 λέγει
250 1294 354 1330 Κύριος
366 1296 381 1321 ό
397 1294 463 1326 Θεὸς
477 1294 524 1320 τοῦ
550 1294 657 1330 Ἰσραήλ
668 1303 674 1309 ·
692 1294 730 1329 Τῇ
748 1294 839 1333 ἡμέρᾳ.
855 1293 945 1328 ἐκείνῃ

163 1339 298 1372 πεποιθὼς
313 1339 388 1366 ἔσται
410 1339 550 1376 ἄνθρωπος
573 1340 618 1366 ἐπὶ
640 1340 679 1374 τῷ
694 1341 835 1375 ποιήσαντι
855 1339 944 1366 αὐτόν’

160 1387 185 1414 οἱ
198 1386 227 1413 δὲ
242 1385 379 1421 ὀφθαλμοὶ
394 1385 476 1412 αὑτοῦ
490 1386 529 1417 είς
541 1385 587 1412 τὸν
603 1385 679 1419 ἆγιον
699 1385 745 1412 τοῦ
770 1385 876 1421 Ἰσραὴλ
898 1387 947 1420 ὲμ-

162 1431 315 1467 ὅλέψονται,
334 1432 379 1459 καὶ
395 1431 424 1458 οὔ
444 1431 481 1467 μὴ
499 1430 656 1462 πεποιθότες
679 1427 744 1457 ὦσιν
760 1432 805 1458 ἐπὶ
820 1432 876 1462 τοῖς
894 1431 946 1465 βω-

162 1479 232 1513 μοῖς,
259 1477 321 1504 οὐδὲ
342 1478 389 1504 ἐπὶ
411 1479 466 1508 τοίς
493 1476 583 1512 ἔργοις
602 1477 655 1503 τῶν
683 1477 780 1512 χειρῶν
803 1477 903 1508 αὐτῶν,
930 1476 948 1503 ἂ

163 1525 293 1560 ὶτοοίησαν
305 1525 335 1551 οἱ
347 1524 471 1551 δάκτυλοι
485 1524 584 1551 αὐτῶν.
604 1534 613 1549 ι
632 1524 687 1551 Καὶ
696 1523 739 1550 διὰ
752 1524 852 1550 τούτων
867 1524 947 1558 ἐναρ-

166 1571 218 1606 γῶς
237 1571 394 1603 Θεσπίζεται
418 1572 434 1606 ἡ
452 1570 515 1603 δόξα
540 1569 587 1597 τοῦ
612 1570 719 1605 Ἰσραὴλ
740 1571 786 1596 καί
808 1570 895 1596 πάντα
915 1569 949 1595 τὰ

163 1618 243 1644 είονα
266 1616 357 1644 αὐτῶν
371 1615 627 1652 καθαιρεθήσεσθαι,
653 1616 737 1649 ὀλίγοι
755 1616 783 1642 δὲ
807 1614 883 1647 αὖθις
902 1616 948 1642 καὶ

164 1662 272 1698 ἔριθμῷ
287 1662 396 1698 ληπτοὶ,
406 1662 480 1689 ὡσὰν
492 1662 584 1693 ἐλαίας
598 1663 626 1688 ὲν
639 1661 714 1697 φυτῷ
727 1661 814 1697 ῥῶγες
830 1662 949 1697 βραχεῖς,

164 1707 429 1744 ιιαταλειφθήσεσθαι
445 1707 578 1742 λέγονται·
604 1705 676 1734 οὗτοι
697 1707 725 1733 δὲ
748 1707 779 1733 ἂν
799 1705 853 1733 εἷεν
880 1708 903 1733 οἱ
921 1706 950 1739 ἐξ

164 1753 254 1780 αὐτῶν
272 1754 314 1786 εἰς
333 1754 378 1780 τὸν
400 1752 501 1789 Κύριον
527 1753 604 1788 ἡμῶν
627 1753 849 1784 πεπιστευκότες.
873 1753 951 1778 Ἀκο-

164 1799 266 1832 λούθως
295 1799 324 1826 δὲ
350 1799 417 1835 μετά
440 1799 474 1826 τὰ
503 1800 567 1834 περὶ
592 1799 705 1825 ἐκείνων
729 1798 871 1834 εἰρημένα,
887 1798 951 1833 περὶ

164 1845 265 1878 παντὸς
295 1845 446 1881 ἀνθρώπιον
472 1845 567 1879 γένους
596 1845 872 1880 ἀποστραφησομένου
902 1845 951 1879 τὴν

165 1893 236 1918 κατὰ
255 1890 291 1918 τὰ
307 1891 404 1918 εἴδωλα
419 1890 534 1926 πλάνην,
554 1890 772 1925 ὲπιγνωσομένου
786 1890 814 1917 δὲ
830 1889 873 1915 τὸν
887 1890 951 1916 Θεὸν

171 1938 290 1974 Ἰσραὴλ,
309 1937 518 1973 προφητεύεται.

199 1984 266 2011 MA'.
285 1993 295 2010 I
322 1984 479 2015 Ἀκούσατε,
495 1983 582 2018 νῆσοι.
606 1983 882 2018 ὲγκαταλελειμμένοι
907 1984 953 2010 καὶ

168 2027 341 2064 ὀδυνώμενοι,
359 2028 505 2060 ἀκούσατε,
519 2029 537 2056 ἃ
561 2029 665 2064 ἥκουσα
681 2028 756 2063 παρὰ
775 2029 877 2065 Κυρίου
900 2029 952 2055 Σα-

166 2074 250 2102 ϐαὼθ·
265 2076 280 2101 ὁ
303 2075 368 2106 Θεὸς
384 2074 432 2102 τοῦ
452 2075 559 2110 Ἰσραὴλ
581 2076 740 2111 ἀνήγγειλεν
757 2076 833 2111 ἡμῖν.
853 2085 862 2101 ι
881 2076 953 2111 Ὂρα

167 2121 226 2149 τίνα
245 2121 346 2158 τρόπον
366 2122 413 2148 καὶ
435 2121 551 2149 ἐνταῦθα
575 2122 605 2148 οὐ
622 2123 724 2154 πάντας
742 2123 806 2154 τοὺς
827 2124 858 2149 ὲκ
876 2131 952 2158 περι-

167 2168 253 2204 τομῆς
272 2169 320 2195 ἐπὶ
333 2168 382 2203 τὴν
394 2168 447 2195 τῶν
464 2169 626 2204 ἀπορρήτων
641 2169 772 2204 ἀκρόασιν
789 2169 952 2203 παρακαλεῖ,

167 2213 223 2240 ἀλλ’
249 2213 267 2250 ἢ
291 2213 399 2249 μόνους,
417 2213 463 2246 οὒς
482 2213 609 2248 ὀνομάζει
627 2213 888 2249 καταλελειμμένους
907 2215 953 2240 καὶ

168 2259 367 2295 ὀδυνωμένους·
397 2257 448 2286 οἷοι
470 2258 539 2296 ἦσαν
565 2262 588 2287 οἱ
613 2260 684 2286 κατὰ
705 2259 749 2285 τὸν
782 2259 951 2290 Ἀπόστολον,

169 2304 345 2338 στενάζοντες
364 2306 412 2332 καὶ
429 2305 627 2341 ἀποκλαόμενοι
649 2305 698 2340 τὴν
718 2304 816 2332 κακίαν
836 2304 885 2337 τοῦ,
899 2304 952 2330 τῶν

169 2350 320 2387 ἀνθρώπων
335 2350 403 2386 βίου.

203 2397 270 2425 ME’.
290 2406 301 2423 ι
327 2397 494 2433 Ἐπένθησαν
514 2398 538 2424 oi
553 2397 650 2433 ὑψηλοὶ
672 2397 722 2432 τῆς
743 2396 811 2432 γῆς,
835 2397 851 2431 ἡ
871 2396 899 2422 δὲ
920 2396 955 2430 γῆ

170 2444 291 2480 ὴνὸμησε
319 2443 364 2470 διὰ
388 2444 450 2475 τοὺς
471 2444 664 2475 κατοικοῦντας
689 2444 784 2478 αὐτήν.
810 2442 859 2469 Διὰ
877 2442 956 2468 τοῦτο

171 2491 273 2526 πτωχοὶ
285 2489 393 2517 ἔσονται
406 2489 431 2516 οἱ
450 2489 617 2521 ἐνοικοῦντες
634 2490 680 2515 ἐπὶ
695 2489 744 2524 τῆς
766 2488 826 2523 γῆς,
843 2488 890 2514 καὶ
908 2496 956 2514 κα-

173 2534 396 2570 ταλειφθήσονται
415 2533 551 2570 ἄνθρωποι
567 2534 661 2568 ὀλίγοι.
685 2543 693 2559 ι
720 2534 774 2560 Καὶ
799 2533 827 2558 ὲν
852 2532 957 2563 τούτοις

172 2581 232 2614 τοὺς
257 2581 486 2617 παραϐεϐηκότας
511 2581 556 2607 τὸν
577 2581 669 2615 νόμον,
690 2580 737 2607 καὶ
758 2579 806 2614 τὴν
826 2578 874 2604 τοῦ
889 2577 957 2604 Θεοῦ

172 2627 302 2663 διαθήκην
315 2626 363 2653 τοῦ
376 2627 408 2652 ὲκ
425 2625 576 2661 περιτομῆς
589 2625 653 2652 λαοῦ
667 2623 829 2658 ἀπελέγξας,
845 2623 958 2658 ἀπειλή-

173 2680 260 2704 σαςτε
275 2672 368 2703 αὐτοῖς
386 2671 421 2698 τὰ
438 2670 679 2706 ἀναγεγραμμένα.
695 2667 958 2703 καταλειφθήσεσθαι

173 2717 330 2754 ἀνθρώπους
347 2717 378 2749 ἐξ
391 2717 480 2744 αὐτῶν
499 2716 605 2749 oliveti;
622 2715 799 2754 προφητεύεγ
816 2712 870 2741 εἷεν
891 2713 912 2740 δ’
926 2714 959 2740 ἂν

174 2761 244 2792 οὗτοι
263 2765 294 2791 τὺ
309 2764 503 2800 ὠνομασμένον
523 2763 598 2798 παρὰ
617 2762 656 2797 τῷ
683 2752 834 2796 Ἀποστόλῳ
856 2762 958 2795 λεῖμμα

177 2811 231 2838 κατ’
243 2810 359 2846 ἐκλογὴν
376 2809 441 2845 χάρ.
447 2818 496 2840 τος.

209 2901 229 2916 ⁸³
244 2900 421 2934 Isa.xnt.ll,
436 2900 478 2927 I2.
518 2900 538 2916 θ’
557 2900 624 2928 Ibid.
640 2899 682 2926 II.
722 2898 745 2915 ⁸³
757 2898 884 2926 Isa.x\'tt.
902 2896 957 2924 5.8.
997 2898 1018 2913 ⁸⁸
1034 2896 1086 2925 Isa.
1104 2904 1178 2924 xux.
1196 2896 1222 2924 I.
1236 2896 1263 2923 ‘2.

994 981 1021 1004 et
1035 977 1144 1012 pinguia
1157 976 1250 1011 gloriae
1260 975 1347 1010 ipsius
1361 974 1576 1009 quassabuntur.
1585 972 1618 999 Et
1625 972 1676 1000 erit
1690 979 1781 1007 quem—

995 1023 1141 1050 admodum
1157 1022 1180 1049 si
1195 1022 1256 1056 quis
1265 1021 1376 1055 colligat
1387 1027 1501 1048 messem
1515 1022 1642 1051 stantem.
1652 1021 1680 1045 et
1689 1024 1782 1045 semen

995 1068 1132 1102 spicarum
1145 1070 1247 1099 ruetat;
1265 1069 1291 1092 et
1305 1065 1357 1091 erit
1367 1063 1596 1099 quemadmodum
1611 1063 1635 1090 si
1647 1063 1709 1098 quis
1726 1062 1781 1089 col-

996 1115 1061 1149 ligat
1074 1113 1162 1148 spicas
1185 1113 1213 1139 in
1241 1112 1365 1139 convalle
1380 1110 1478 1142 solida,
1496 1113 1523 1137 et
1540 1110 1595 1145 78
1611 1109 1706 1137 relicta
1723 1108 1781 1135 fue-

997 1161 1031 1186 rit
1045 1160 1073 1186 in
1098 1167 1130 1186 ea
1151 1158 1250 1193 stipula
1263 1167 1272 1187 -.
1286 1161 1332 1184 aut
1349 1156 1428 1191 quasi
1441 1156 1530 1182 bacca:
1543 1155 1621 1182 olivae
1638 1154 1709 1185 duae.
1724 1154 1782 1181 sive

996 1209 1052 1232 tres
1071 1205 1099 1231 in
1124 1203 1267 1231 cacumine
1282 1201 1404 1233 sublimi,
1421 1208 1468 1228 seu
1483 1204 1612 1235 quatuor,
1630 1207 1677 1227 seu
1702 1198 1780 1233 qllIIl-

996 1259 1048 1285 que
1064 1251 1091 1278 in
1108 1250 1192 1277 ramis
1204 1249 1271 1284 ipsis
1283 1248 1384 1275 relicta:
1400 1246 1510 1274 fuerint.
1529 1245 1591 1273 Hazc
1608 1245 1674 1272 dicit
1691 1244 1782 1271 Domi-

997 1305 1050 1324 nus
1064 1296 1135 1323 Deus
1149 1295 1233 1323 lsrael
1252 1302 1257 1319 :
1276 1293 1305 1320 In
1321 1293 1364 1320 die
1378 1292 1423 1319 illa
1434 1291 1574 1318 conlidens
1589 1291 1640 1317 erit
1659 1290 1740 1317 homo
1755 1289 1785 1316 in

997 1351 1040 1374 eo,
1052 1342 1098 1377 qui
1114 1340 1178 1368 fecit
1202 1340 1291 1375 ipsum
1309 1348 1314 1365 :
1332 1338 1404 1365 oculi
1421 1341 1511 1364 autem
1530 1337 1590 1371 ejus
1609 1336 1642 1362 ad
1658 1339 1782 1363 sanctum

998 1389 1080 1415 Israel
1109 1386 1265 1421 respicient,
1280 1389 1307 1412 et
1320 1392 1374 1411 non
1399 1387 1481 1411 erunt
1495 1382 1664 1410 conﬁdentes
1674 1382 1701 1408 in
1715 1381 1784 1407 alta-

998 1435 1084 1464 r‘ims.
1100 1441 1186 1468 neque
1198 1433 1225 1461 in
1237 1432 1366 1468 operibus
1378 1438 1507 1459 manuum
1526 1436 1648 1460 suarum,
1669 1434 1729 1462 qum
1745 1427 1783 1454 fe-

998 1485 1094 1508 cerunt
1112 1479 1189 1514 digiti
1204 1478 1325 1514 ipsorum
1339 1479 1371 1505 ⁵³.
1385 1487 1394 1503 ι
1412 1476 1443 1504 In
1464 1476 1506 1504 his
1523 1481 1633 1510 quoque
1644 1472 1783 1500 evidenter

999 1526 1127 1557 canitur;
1145 1524 1375 1560 quemadmodum
1402 1523 1489 1558 gloria
1510 1520 1602 1550 Israel.
1633 1523 1662 1547 et
1686 1523 1784 1546 cuncta

1001 1571 1110 1607 pinguia
1124 1579 1218 1599 eorum
1235 1570 1383 1598 auferenda
1398 1570 1464 1602 sint,
1483 1573 1510 1596 et
1531 1566 1610 1602 pauci
1625 1573 1722 1593 rursus
1734 1572 1785 1591 nu-

1000 1625 1130 1652 meroque
1159 1615 1421 1652 comprehensibiles
1443 1612 1614 1649 relinquendi
1631 1620 1637 1638 ε
1654 1615 1737 1646 atque
1757 1610 1785 1637 hi

999 1665 1106 1699 quidem
1119 1667 1210 1695 erunt,
1229 1663 1275 1697 qui
1288 1670 1319 1690 ex
1336 1663 1375 1690 eis
1388 1662 1415 1688 in
1427 1661 1570 1688 Dominum
1587 1662 1710 1686 nostrum
1725 1664 1785 1684 cre—

1000 1711 1127 1738 diderint.
1145 1710 1278 1744 Deinceps
1294 1712 1383 1735 autem
1396 1712 1456 1742 post
1471 1715 1503 1734 ea
1520 1714 1581 1741 quas
1597 1705 1630 1733 de
1644 1705 1698 1732 illis
1711 1704 1785 1731 dicta

1000 1761 1073 1788 sunt.
1088 1756 1127 1788 de,
1139 1756 1267 1783 universo
1282 1762 1381 1791 genere
1410 1754 1551 1783 hominum
1561 1772 1568 1783 ,
1586 1752 1657 1787 quod
1674 1759 1786 1779 aversu-

1001 1810 1060 1829 rum
1076 1810 1105 1830 se
1120 1802 1155 1829 sit
1165 1801 1199 1827 ab
1209 1807 1302 1828 errore
1319 1796 1688 1830 simulacrorum,Deumque
1704 1795 1787 1822 Israel

1002 1849 1166 1883 agniturum,
1176 1845 1334 1874 vaticinium
1353 1844 1486 1879 sequitur.

1038 1977 1128 2006 XLIV.
1145 1987 1156 2004 ι
1171 1977 1279 2010 Audite,
1290 1975 1397 2007 insulae,
1410 1982 1457 2010 qui
1468 1973 1555 2001 relicti
1570 1972 1638 2000 estis
1652 1975 1679 1999 et
1694 1970 1787 1998 dolore

1003 2023 1163 2052 crueiamini
1176 2031 1183 2050 :
1198 2023 1289 2050 audite
1302 2029 1363 2057 qua:
1378 2020 1470 2048 audivi
1490 2027 1504 2046 a
1516 2018 1632 2046 Domino
1648 2015 1768 2044 Sabaoth
1783 2036 1789 2042 .

1003 2070 1076 2097 Deus
1091 2069 1175 2097 Israel
1200 2068 1336 2096 nuntiavit
1361 2066 1441 2094 nobis
1453 2065 1486 2092 “.
1507 2075 1516 2091 ι
1533 2064 1631 2099 Specta
1656 2061 1788 2098 quemad.

1004 2115 1113 2143 modum
1127 2114 1173 2142 hic
1190 2116 1301 2149 quoque
1315 2120 1370 2140 non
1390 2119 1497 2143 omnes,
1524 2110 1569 2145 qui
1588 2109 1622 2136 ad
1644 2109 1785 2136 circumcl-

1005 2163 1111 2191 sionelu
1122 2164 1257 2197 spectant,
1274 2160 1308 2187 ad
1322 2157 1457 2194 ejusmodi
1481 2164 1583 2184 arcana
1598 2154 1732 2182 audienda
1749 2155 1789 2181 in-

1004 2208 1082 2241 vitet,
1094 2208 1140 2235 sed
1153 2208 1226 2236 solos
1236 2215 1295 2239 eos,
1318 2213 1388 2241 quos
1399 2204 1464 2232 dicit
1485 2203 1595 2230 relictos
1612 2209 1684 2233 esse,
1696 2208 1728 2228 ac
1739 2199 1789 2227 do-

1005 2255 1063 2282 lore
1075 2253 1192 2282 cruciari
1207 2262 1213 2280 :
1227 2252 1321 2288 quales
1349 2254 1438 2282 erant,
1457 2249 1515 2284 qui,
1528 2253 1558 2275 ut
1579 2247 1617 2274 ait
1631 2247 1790 2282 Apostolus,

968 2287 990 2314 D
1004 2300 1146 2337 gemebant
1163 2298 1383 2333 acdeplorabant
1406 2296 1537 2323 malitiam
1557 2294 1618 2321 vita:
1638 2293 1790 2320 hominum.

1040 2392 1122 2420 XLV.
1144 2391 1304 2418 «Luxerunt
1318 2389 1419 2417 excelsi
1441 2392 1530 2416 teme.
1554 2391 1581 2413 et
1608 2390 1683 2413 terra
1699 2384 1792 2418 inique

1004 2440 1059 2474 egit
1073 2442 1182 2474 propter
1197 2438 1350 2464 habitantes
1366 2442 1439 2462 eam.
1462 2434 1567 2460 Idcirco
1596 2432 1690 2466 inopes
1713 2432 1793 2456 eruut

1006 2484 1190 2512 inhabitantes
1217 2483 1244 2509 in
1275 2487 1358 2513 terra,
1389 2485 1416 2508 et
1448 2480 1637 2514 relinquentur
1668 2476 1794 2504 homines

1006 2530 1086 2566 pauci
1101 2530 1134 2557 °".
1147 2539 1156 2556 ι
1175 2528 1204 2556 In
1217 2529 1260 2556 his
1281 2536 1389 2563 quoque
1405 2526 1452 2553 ubi
1480 2533 1528 2552 eos
1543 2521 1727 2558 reprehendit,
1746 2523 1794 2556 qui

1006 2583 1038 2603 ex
1055 2574 1154 2610 populo
1171 2572 1390 2601 circumcisiouis
1409 2571 1494 2605 legem
1525 2569 1583 2599 Dei,
1597 2572 1623 2595 et
1643 2571 1794 2595 testamen-

1006 2625 1064 2648 tum
1076 2620 1299 2655 contempserint,
1314 2623 1341 2646 et
1351 2619 1391 2645 eis
1407 2617 1527 2644 minatus
1541 2619 1582 2642 est
1606 2621 1637 2642 ea
1652 2621 1714 2649 qua:
1725 2613 1795 2641 scri-

1009 2673 1052 2702 pta
1067 2671 1148 2700 sunt;
1164 2671 1222 2693 tum
1238 2675 1271 2693 ex
1297 2666 1352 2692 illis
1366 2672 1467 2700 paucos
1493 2661 1617 2689 homines
1643 2668 1704 2688 esse
1713 2660 1795 2686 relin-

1009 2713 1132 2748 queudos
1144 2713 1319 2739 vaticinatur.
1333 2711 1366 2738 Hi
1382 2718 1445 2738 vero
1458 2709 1513 2737 sint
1525 2716 1591 2736 sane
1605 2708 1666 2739 ilhc,
1677 2714 1737 2743 quae
1748 2715 1795 2733 no-

1008 2761 1148 2787 minantur
1176 2759 1248 2794 apud
1279 2758 1440 2793 Apostolum
1459 2766 1467 2780 ι
1492 2755 1615 2789 reliquiae
1647 2752 1796 2781 secundum

1008 2805 1168 2833 electionem
1176 2803 1270 2838 gentia:
1282 2803 1313 2829 ⁸³.
1327 2812 1336 2828 ι

1305 2894 1387 2923 G7lsa.
1403 2893 1540 2922 nuntii.
1580 2894 1600 2908 “‘
1621 2892 1700 2920 Dom.
1715 2897 1754 2919 Si;
1771 2888 1796 2917 5.
