2071 3219
294 191 344 219 151

596 188 731 216 EUSEBII
749 186 989 215 CESABIENSIS
1007 187 1082 215 OPP.
1102 187 1193 215 PARS
1212 187 1243 216 li.
1262 203 1299 208 —
1317 187 1565 216 APOLOCETICA.

1868 189 1922 219 {5%

330 248 421 276 XLVI.
437 258 447 275 ι
459 249 658 284 Relinquantur
673 249 799 277 civitates
808 250 932 281 desertae,
942 254 967 277 et
983 250 1064 277 domu

1136 233 1138 235 ἱ
1168 250 1242 282 MCT.
1282 259 1290 274 ι
1321 248 1588 284 Καταλειφθήσονται
1618 249 1706 281 πόλεις
1736 249 1844 285 ἔρημοι,
1873 252 1921 277 καὶ

293 303 356 331 qua:
370 295 470 322 relicta:
489 294 601 326 fuerint,
624 295 784 322 interibunt.
802 294 865 322 Haec
881 295 975 322 omnia
1000 298 1081 322 erunt

292 339 320 367 In
336 343 410 368 terra
421 340 448 366 in
466 339 557 367 medio
587 340 726 375 gentium:
738 341 967 375 quemadmodum
979 341 1002 368 si
1018 341 1080 375 quis

292 385 403 420 colligat
421 391 523 419 paucas
540 384 650 416 baccas,
680 393 741 420 quae
760 385 787 412 in
800 386 872 413 oliva
885 386 1078 418 remanserint,

292 432 333 460 sic
345 431 474 466 colligent
485 437 552 463 eos;
567 435 595 457 et
614 431 637 457 si
652 431 707 467 79
720 432 869 459 cessaverit
893 432 1040 463 vindemia.
1051 432 1079 459 hi

292 485 358 505 voce
368 476 526 504 clamabunt
541 483 549 501 :
565 476 612 511 qui
628 481 718 505 autem
729 477 817 504 relicti
834 477 936 504 fuerint
949 478 975 504 in
993 481 1077 510 terra,

292 524 457 551 laetabuntur
473 522 555 550 simul
569 529 632 549 cum
648 523 733 557 gloria
741 522 850 551 Domini
864 524 897 552 ⁸η.
920 534 930 550 ι
949 524 999 552 Hic
1009 533 1078 560 quo-

290 577 344 606 que
356 569 406 597 soli
418 569 464 604 qui
484 568 571 596 relicti
590 568 703 600 fuerint,
725 569 845 604 gavisuri
857 570 996 602 dicuntur,
1013 577 1076 597 cum

290 615 387 650 reliqui
402 621 497 642 omnes
524 613 580 647 his,
594 621 657 649 qua:
677 615 706 642 in
733 615 866 644 vaticinio
889 615 1075 649 continemur,

289 661 345 687 sint
358 659 494 688 tradendi.

321 705 426 734 XLVII.
445 715 455 732 ι
472 706 689 735 Conculcabitur
699 713 799 733 corona
813 707 994 741 contumeliae,
1004 714 1076 734 mer-

285 753 388 780 cenarii
405 752 534 788 Ephraim
555 762 561 780 :
580 758 606 780 et
620 753 672 780 erit
689 752 749 785 ﬂos,
765 753 810 787 qui
836 752 942 780 decidet
965 753 998 780 de
1026 760 1075 787 spe

285 798 379 834 gloria:
395 798 421 825 in
439 799 583 826 cacumine
605 799 708 825 montis
731 798 843 831 excelsi,
862 799 940 833 quasi
965 806 1074 834 praecox

285 843 354 872 ficus
373 844 443 878 :qui
459 844 528 870 vidit
544 852 606 871 eum
632 844 790 879 priusquam
819 844 847 870 in
876 851 973 871 manus
1000 843 1074 870 acci»

284 889 351 925 piat.
373 890 455 918 vellet
472 898 534 923 eum
556 890 698 918 devorare.
726 889 774 917 Die
801 890 846 917 illa
874 890 1006 918 Dominus
1021 890 1074 917 erit

284 943 387 963 corona
403 936 472 971 spei.
488 940 614 964 contexta
629 937 721 971 gloria:
737 937 773 968 ei,
797 937 843 971 qui
860 937 973 965 relictus
988 937 1024 964 sit
1038 937 1072 964 de

283 981 384 1018 populo
415 981 502 1016 ipsius
522 990 528 1009 :
547 981 736 1016 relinquentur
756 982 829 1009 enim
853 982 881 1009 in
911 982 1009 1016 spiritu
1024 982 1071 1017 ju-

282 1025 359 1054 dicii.
373 1035 382 1053 )
398 1026 485 1054 Etiam
501 1027 546 1054 hic
557 1028 594 1061 ei,
607 1028 653 1062 qui
667 1028 778 1056 relictus
794 1028 830 1055 sit
843 1028 876 1055 de
890 1028 999 1063 populo,
1016 1036 1070 1056 non

283 1073 419 1100 universae
431 1073 469 1100 illi
485 1073 568 1108 genti,
585 1074 652 1101 solis
676 1074 771 1108 utique
786 1074 851 1106 illis,
872 1074 920 1109 qui
936 1074 1068 1109 reliquia-

281 1126 342 1151 rum
358 1120 469 1147 nomine
484 1119 684 1155 significantur,
699 1119 842 1148 Dominum
853 1128 983 1152 coronam
999 1121 1068 1156 spei,

279 1167 308 1191 et
323 1164 416 1199 gloria:
431 1165 565 1198 futurum,
580 1165 745 1192 vaticinatur
764 1175 770 1192 :
795 1167 864 1193 alios
881 1174 944 1194 vero
969 1170 1069 1201 praeter

279 1211 373 1246 populi
386 1211 528 1246 reliquias.
541 1218 672 1238 coronam
685 1212 868 1247 contumeliae,
883 1217 910 1239 et
927 1220 1068 1240 mercena-

280 1255 337 1289 rius
353 1256 482 1291 Ephraim
497 1257 630 1291 nominat.

313 1345 431 1373 XLVIII.
450 1355 459 1372 ι
478 1345 511 1372 Et
524 1349 616 1378 erunt,
631 1346 678 1381 qui
695 1345 783 1378 relicti
802 1344 903 1374 fuerint
920 1345 947 1372 in
960 1345 1065 1377 Judaaa.

279 1393 388 1422 mittent
404 1392 524 1420 radicem
542 1393 683 1424 deorsum,
698 1396 726 1420 et
743 1391 845 1420 facient
867 1391 986 1420 fructum
1006 1401 1067 1421 sur-

278 1447 340 1467 sum
368 1439 498 1474 quoniam
523 1446 556 1476 es
583 1438 753 1466 Hierusalem
777 1442 870 1471 erunt,
905 1439 953 1473 qui
979 1439 1066 1467 relicti

277 1485 390 1518 fuerint,
414 1489 441 1513 et
462 1485 508 1521 qui
532 1485 602 1513 salvi
626 1485 710 1512 futuri
734 1489 799 1513 sunt
813 1493 846 1513 ex
864 1490 956 1514 monte
973 1485 1038 1514 Sion
1057 1497 1063 1514 :

277 1531 416 1569 gmulatio
428 1531 536 1558 Domini
552 1530 673 1558 Sabaoth
687 1531 769 1558 faciet
781 1531 839 1559 haec
852 1532 874 1547 "
891 1542 896 1559 :
919 1542 928 1557 ι
947 1539 1006 1563 eos,
1017 1533 1063 1567 qui

278 1578 429 1609 secundum
445 1577 604 1605 electionem
620 1577 714 1612 gratiae
738 1578 824 1605 relicti
852 1577 954 1606 fuerint
968 1586 1001 1605 ex
1016 1578 1063 1606 Ju-

276 1624 397 1658 daaorum
409 1628 490 1660 gente
503 1625 636 1652 missuros
650 1623 768 1651 radicem
781 1624 921 1658 deorsum,
936 1629 962 1652 et
977 1624 1065 1652 factu-

276 1678 323 1701 ros
338 1678 430 1698 semen
445 1678 555 1698 sursum
571 1670 746 1699 vaticinatur.
771 1670 822 1697 Ubi
841 1671 1065 1700 manifestissime

275 1717 464 1753 apostolorum
479 1721 507 1744 et
527 1717 726 1751 discipulorum
743 1717 894 1744 Saivatoris
907 1718 994 1745 nostri
1009 1718 1065 1745 ele-

274 1762 394 1798 ctionem
413 1763 560 1798 signiﬁcat.
577 1762 718 1797 Siquidem
731 1763 771 1794 hi,
785 1771 820 1790 ex
836 1764 870 1791 iis
893 1764 938 1798 qui
961 1766 994 1791 ad
1010 1764 1065 1792 cir-

275 1807 471 1835 cumeisionem
488 1807 635 1842 pertinent,
652 1807 751 1840 relicti,
770 1807 899 1835 deorsum
914 1808 942 1835 in
961 1812 1063 1835 terram

274 1854 406 1881 doctrinae
429 1861 486 1882 suat
511 1854 619 1881 radices
644 1854 790 1885 miserunt,
810 1853 879 1881 adeo
895 1853 1016 1888 quidem,
1035 1857 1065 1881 ut

273 1899 321 1927 ila
337 1900 396 1933 ipsa
415 1899 574 1927 earumdem
587 1899 712 1926 doctrina
728 1899 810 1936 infixa
826 1900 872 1931 sit,
887 1903 914 1926 et
925 1899 1064 1926 radicibus

276 1944 382 1971 ﬁrmata
395 1952 443 1979 per
458 1948 545 1971 totum
560 1949 696 1972 terrarum
711 1945 806 1972 orbem
820 1955 826 1971 :
846 1952 955 1972 sursum
972 1948 1063 1972 autem

274 1989 346 2018 ferre
372 1998 465 2017 semen
491 1994 517 2017 et
533 1990 654 2017 fructum
670 1990 703 2018 ad
720 1991 856 2025 promissa
876 1991 998 2018 crelestia
1013 1999 1063 2018 ex-

275 2037 376 2064 hortuti
391 2040 465 2064 sunt.
491 2035 525 2063 Hi
546 2045 610 2064 vero
636 2037 687 2072 ipsi
704 2037 737 2067 de
752 2041 833 2072 gente
847 2037 1002 2067 Judmorum
1019 2046 1062 2065 re-

274 2082 343 2117 licti,
373 2083 480 2110 exteris
498 2083 686 2118 pereuntibus,
718 2084 769 2110 soli
795 2084 897 2111 servari
919 2084 1061 2111 dicuntur.

273 2128 338 2156 lia‘c
358 2133 448 2157 autem
469 2130 572 2161 omnia,
594 2131 731 2157 aemulatio
758 2129 862 2157 Domini
893 2131 965 2158 fecit.
994 2131 1061 2158 Nam

272 2175 412 2203 aemulatio
437 2175 556 2207 Domini,
573 2183 633 2210 qua:
657 2176 707 2203 hos
733 2176 766 2203 ad
795 2176 1000 2211 provocandum
1015 2184 1062 2204 eos

274 2221 384 2256 impios,
400 2222 445 2257 qui
462 2222 489 2249 in
501 2222 710 2250 circumcisione
722 2227 883 2250 manserunt
896 2223 986 2257 elegit.
1001 2223 1062 2250 illos

1130 296 1156 322 οἱ
1183 293 1252 321 οἶκοι
1282 295 1307 322 οἱ
1330 293 1602 329 ὲγκαταλελειμμένοι
1629 294 1802 322 ἀπολοῦνται.
1825 296 1920 323 Ταῦτα

1130 341 1218 367 πάντα
1231 340 1307 367 ἔσται
1326 341 1355 366 ὲν
1371 342 1403 375 τῇ
1422 341 1456 375 γῇ
1468 340 1497 366 ὲν
1512 339 1587 375 μέσῳ
1596 339 1650 366 τῶν
1665 339 1760 366 ἐθνῶν·
1774 340 1804 366 δν
1819 341 1918 377 τρόπον

1129 387 1178 413 ἐάν
1199 396 1241 418 τις
1264 386 1458 421 καλαμήσηται
1478 385 1581 418 ἐλαίαν,
1604 385 1691 418 οὕτως
1711 386 1917 422 καλαμήσονται

1129 432 1243 464 αὐτούς·
1260 432 1307 459 καὶ
1329 432 1376 458 ἐὰν
1393 432 1529 467 παύσηται
1549 433 1563 459 ὁ
1583 432 1727 468 τρυγητδς,
1742 428 1816 459 οὗτοι
1838 435 1914 469 φωνῇ

1129 478 1308 512 φωνήσουσιν·
1329 478 1354 504 οἱ
1370 477 1399 504 δὲ
1415 477 1641 512 καταλειφθέντες
1661 478 1708 504 ἐπὶ
1727 477 1776 512 τῆς
1794 478 1847 513 γῆς
1868 478 1915 505 εὐ-

1131 523 1331 560 φρανθήσονται
1342 524 1401 559 ἅμα
1414 526 1446 559 τῇ
1461 524 1524 560 δόξῃ
1536 525 1647 560 Κυρίου.
1664 533 1673 549 ι
1691 524 1745 550 Καὶ
1762 524 1878 551 ἐνταῦθα
1891 526 1915 552 οἱ

1128 567 1354 602 καταλειφθέντες
1373 568 1447 603 μόνοι
1460 567 1694 603 εὐφρανθήσεσθαι
1713 567 1848 602 λέγονται,
1861 568 1915 596 τῶν

1127 613 1227 642 λοιπῶν
1252 614 1381 640 ἁπάντων
1409 614 1466 644 τοῖς
1496 612 1701 649 θεσπιζομένοις
1728 613 1914 649 παραδοθησο-

1128 658 1224 694 μένων.

1162 704 1225 731 ΜΖ¹.
1243 705 1537 740 (ηΚαταπατηθήσεται
1552 705 1566 730 ὁ
1582 706 1712 739 στέφανος
1731 705 1780 740 τῆς
1797 705 1913 741 ὓϐρεως,

1125 752 1148 777 ol
1166 750 1295 786 μισθωτοὶ
1308 750 1355 777 τοῦ
1379 751 1513 787 Ἐφραῖμο
1529 751 1576 778 καὶ
1591 751 1667 777 ἔσται
1682 751 1712 778 τὸ
1727 751 1806 783 ἄνθος
1824 752 1854 778 τὸ
1868 753 1915 778 ὲκ-

1124 796 1206 822 πεσὺν
1229 797 1277 832 τῆς
1303 797 1409 829 ἐλπίδος
1434 797 1484 832 τῆς
1508 796 1589 832 δόξης
1606 798 1648 823 ἐπ’
1672 797 1756 833 ἄκρου
1772 797 1818 824 τοῦ
1833 798 1914 833 ὄρους

1124 842 1170 869 τοῦ
1193 842 1312 878 ὑψηλοῦ,
1337 842 1375 875 ὡς
1403 843 1556 878 πρόδρομος
1584 843 1685 869 σύκου·
1710 845 1724 870 ὁ
1749 843 1810 870 ἰδὼν
1835 844 1912 876 αὐτὸ,

1124 888 1188 924 πρὶν
1204 889 1220 923 ἢ
1239 889 1278 920 εἰς
1294 889 1343 924 τὴν
1359 890 1438 924 χεῖρα
1453 889 1545 916 λαϐεῖν
1567 890 1642 922 αὐτὸ,
1659 889 1766 925 θελήσει
1782 891 1848 918 αὐτὸ
1864 900 1914 919 κα-

1089 924 1113 957 Β
1125 937 1241 962 ταπιεῖν.
1262 935 1301 970 Τῇ
1316 936 1408 973 ἡμέρᾳ
1420 936 1512 973 ἐκείνῃ
1528 936 1628 972 Κύριος
1651 924 1728 963 ἔσται
1747 938 1761 965 ὁ
1782 937 1912 971 στέφανος

1124 980 1173 1015 τῆς
1189 981 1305 1012 ἐλπίδος,
1319 983 1334 1007 ὁ
1352 981 1466 1013 πλακεὶς
1482 981 1532 1016 τῆς
1551 982 1629 1017 δόξης
1644 982 1683 1018 τῷ
1704 982 1911 1016 καταλειφθέντα.

1123 1026 1170 1052 τοῦ
1186 1026 1251 1053 λαοῦ
1274 1026 1368 1053 αὐτοῦ’
1386 1027 1647 1062 καταλειφθήσονται
1661 1028 1715 1064 γὰρ
1731 1029 1760 1054 ἐν
1778 1027 1911 1063 πνεύματι

1124 1072 1248 1108 κρίσεως.
1272 1083 1282 1099 ι
1296 1073 1482 1100 Καὶ.ὲνταῦθα
1496 1072 1535 1108 τῷ
1554 1073 1758 1108 καταλειφθέντι
1772 1074 1818 1100 τοῦ
1834 1073 1911 1106 λαοῦ,

1122 1119 1224 1154 οὐχὶ⁸δὲ
1241 1120 1322 1146 παντὶ
1337 1119 1376 1155 τῷ
1392 1119 1464 1147 ἔθνει
1481 1119 1581 1152 αὐτῶν,
1596 1119 1665 1147 ἀλλὰ
1685 1120 1776 1156 μόνοις
1789 1122 1846 1152 τοῖς
1868 1121 1912 1146 διὰ

1122 1164 1168 1190 τοῦ
1190 1164 1411 1200 καταλείμματος
1434 1165 1653 1200 σημαινομένοις,
1669 1166 1714 1192 τὸν
1728 1166 1829 1201 Κυριον
1849 1166 1911 1192 ο·τὲ-

1122 1217 1206 1246 φανον
1228 1210 1337 1237 ἔσεσθαι
1359 1210 1466 1242 ἐλπίδος
1488 1211 1535 1237 καὶ
1556 1210 1636 1246 δόξης
1659 1211 1834 1246 προφητεύει,
1850 1212 1912 1243 τοὺς

1122 1255 1218 1287 ἄλλους
1247 1256 1324 1292 παρὰ
1350 1257 1380 1284 τὸ
1407 1257 1581 1292 κατάλειμμα
1606 1257 1652 1284 τοῦ
1683 1257 1748 1284 λαοῦ
1780 1257 1910 1292 στέφανον

1122 1301 1226 1337 ὕϐρεως
1240 1305 1287 1335 καὶ
1302 1303 1453 1338 μισθωτοὺς
1468 1303 1516 1330 τοῦ
1538 1303 1658 1339 Ἐφραῖμ
1669 1304 1820 1339 ὀνομάζων.

1155 1348 1224 1375 MH'.
1248 1357 1259 1374 ί
1279 1349 1332 1375 Καὶ
1349 1348 1454 1375 ἔσονται
1476 1350 1500 1376 οἰ
1524 1349 1801 1385 ἐγκαταλελειμμένα
1825 1352 1854 1378 ἐν
1877 1353 1908 1386 τῇ

1127 1394 1252 1430 Ἰουδαίᾳ,
1265 1396 1396 1430 φυήσουσι
1406 1394 1483 1430 ῥίζαν
1495 1395 1580 1428 κάτω,
1591 1396 1636 1422 καὶ
1648 1397 1789 1432 ποιήσουσι
1799 1397 1910 1433 σπέρμα

1119 1441 1185 1473 ἄνω,
1210 1441 1251 1467 ὁτι
1275 1441 1305 1473 ἐξ
1332 1441 1510 1476 Ἰερουσαλὴμ
1534 1441 1640 1468 ἔσονται
1661 1443 1686 1468 ot
1710 1442 1857 1478 σωζόμενοι
1879 1442 1910 1476 ἐξ

1118 1485 1198 1521 ὅρους
1209 1485 1288 1513 Σιών.
1304 1486 1334 1512 Ὁ
1344 1486 1423 1521 ζῆλος
1435 1486 1536 1522 Κυρίου
1547 1486 1660 1513 Σαϐαὼθ
1674 1487 1780 1522 ποιήσει
1792 1487 1906 1514 ταῦτα..

1118 1531 1187 1563 Τοὺς
1209 1533 1269 1568 κατ’
1290 1531 1404 1567 ἐκλογὴν
1428 1533 1538 1567 χάριτος
1562 1532 1791 1568 καταλειφθέντας
1813 1535 1845 1560 ἐκ
1861 1533 1908 1560 τοό

1124 1579 1258 1605 Ἰουδαίων
1274 1578 1367 1611 ἔθνους
1382 1580 1494 1615 φυήσειν
1513 1580 1590 1615 ῥίζαν
1605 1580 1690 1610 κάτω,
1713 1580 1760 1606 καὶ
1784 1581 1908 1615 ποιήσειν

1116 1624 1226 1660 σπέρμα
1243 1624 1298 1651 ἀνω
1316 1624 1497 1659 προφητεύει,
1522 1624 1678 1658 σαφέστατα
1694 1625 1743 1660 τὴν
1769 1625 1822 1651 τῶν
1839 1626 1907 1651 ἀπο-

1117 1670 1218 1696 στόλων
1235 1670 1281 1696 καὶ
1296 1670 1426 1705 μαθητῶν
1437 1670 1483 1697 τοῦ
1497 1671 1622 1706 Σωτῆρος
1637 1671 1716 1706 ἡμῶν
1730 1671 1845 1706 ἐκλογὴν
1861 1681 1909 1698 πα-

1117 1713 1222 1752 βιστάς.
1241 1713 1320 1743 Οὗτοι
1333 1717 1399 1752 γὰρ,
1418 1717 1472 1743 ἀπὸ
1491 1717 1545 1743 τῶν
1566 1717 1598 1743 ἐκ
1616 1718 1765 1752 περιτομῆς
1779 1719 1907 1745 καταλει-

1115 1763 1239 1798 φθέντες,
1258 1763 1333 1789 κάτω
1347 1763 1396 1798 μὲν
1407 1764 1448 1795 εἰς
1461 1764 1512 1799 γῆν
1524 1763 1573 1795 τὰς
1587 1764 1664 1798 ῥίζας
1676 1764 1725 1799 τῆς
1734 1764 1907 1797 διδασκαλίας

1115 1808 1203 1834 αὐτῶν
1219 1808 1391 1841 κατέὃαλλον,
1408 1809 1445 1841 ὡς
1461 1809 1627 1845 ἐμπαγῆναι,
1647 1809 1693 1835 καὶ
1712 1810 1825 1845 ῥιζῶσαι
1844 1811 1906 1836 καθ’

1115 1854 1178 1889 ὅλης
1196 1854 1246 1890 τῆς
1266 1855 1428 1890 οἰκουμένης
1448 1855 1497 1890 τὴν
1511 1854 1621 1890 διδαχὴν
1639 1855 1729 1882 αὐτῶν
1740 1865 1746 1870 '
1763 1856 1819 1882 ἄνω
1833 1856 1863 1883 δὲ
1877 1857 1907 1883 τὸ

1115 1900 1225 1935 σπέρμα
1241 1901 1288 1926 καὶ
1308 1901 1354 1927 τὸν
1375 1901 1481 1937 καρπὸν
1502 1901 1633 1936 φέρεσθαι
1653 1902 1692 1933 εἰς
1716 1901 1765 1933 τὰς
1788 1902 1906 1938 ἐπουρε-

1115 1946 1185 1978 vlo-ag
1203 1947 1368 1981 ἐπαγγελίας
1393 1947 1636 1983 παρεκελεύσαντο.
1653 1949 1683 1974 Οἱ
1705 1948 1726 1974 δ’
1743 1949 1820 1975 αὐτοὶ
1834 1947 1906 1975 οὗτοι

1115 1993 1146 2018 ὲκ
1168 1992 1215 2019 τοῦ
1246 1993 1380 2020 Ἰουδαίων
1398 1993 1490 2024 ἔθνους
1506 1993 1758 2028 καταλελειμμένοι,
1775 1994 1829 2020 τῶν
1852 1994 1906 2020 λοι-

1114 2038 1172 2064 πῶν
1189 2037 1392 2073 ἀπολλυμένων,
1411 2039 1487 2074 μόνοι
1499 2037 1647 2073 σωζόμενοι
1662 2038 1794 2072 λέγονται.
1813 2039 1906 2065 Ταῦτα

1113 2083 1141 2109 δὲ
1161 2083 1248 2110 πάντα
1263 2084 1277 2110 ὁ
1296 2083 1377 2119 ζῆλος
1397 2084 1499 2120 Κυρίου
1517 2084 1654 2119 ἐποίησεν.
1673 2085 1720 2115 Εἰς
1733 2084 1787 2120 γὰρ
1806 2084 1836 2110 τὸ
1855 2094 1905 2111 τεα-

1115 2129 1269 2166 ραζηλῶσαι
1285 2131 1347 2162 τοὺς
1362 2131 1470 2162 ἀσεϐεῖς
1491 2130 1546 2156 τῶν
1563 2131 1595 2161 ὲκ
1609 2130 1771 2166 περιτομῆς,
1793 2130 1905 2164 ἐκλεξά-

1115 2183 1194 2210 μενος
1215 2176 1229 2201 ὁ
1245 2174 1324 2211 ζῆλος
1340 2176 1444 2211 Κυρίου
1468 2176 1592 2208 τούτους,
1616 2176 1806 2211 παρεζήλωσεν
1829 2177 1904 2203 ἐκεί-

1112 2230 1190 2253 vom,“
1215 2221 1284 2248 κατὰ
1306 2222 1337 2248 τὸ
1357 2222 1432 2258 παρὰ
1446 2223 1540 2249 Μωσεί
1556 2222 1699 2257 λεγόμενον
1709 2231 1716 2237 ·
1728 2233 1737 2248 ι
1755 2223 1836 2249 Αὐτοὶ
1851 2231 1904 2250 πα-

273 2268 442 2301 provocavit,
458 2271 537 2295 utest
549 2267 614 2295 illud
628 2268 700 2303 apud
710 2267 829 2303 Moysem
843 2269 947 2295 dictum
960 2278 966 2295 :
983 2279 998 2294 τ
1011 2269 1061 2304 ipsi

1118 2268 1271 2304 ρεζήλωσάν
1282 2277 1315 2304 με
1325 2269 1368 2294 ἐπ’
1384 2269 1414 2294 οὐ
1427 2268 1496 2304 Θεῷ,
1512 2267 1589 2302 κάγὼ
1603 2268 1792 2304 παραζηλώσω
1803 2270 1903 2302 αὐτοὺς

272 2319 316 2339 me
329 2319 547 2348 provocaverunt
563 2314 591 2341 in
606 2321 649 2347 eo,
666 2314 713 2352 qui
735 2322 789 2341 non
805 2319 847 2342 est
862 2315 936 2342 Deus
953 2319 999 2354 :_et
1010 2323 1060 2350 ego

1113 2316 1156 2341 ἐπ’
1169 2315 1218 2343 οὐκ
1234 2314 1304 2345 ἔθνει
1316 2323 1323 2332 ν
1340 2316 1382 2341 ἐπ’
1398 2314 1468 2341 ἔθνει
1479 2314 1600 2349 ἀσυνέτῳ
1613 2315 1753 2350 παροργιῶ
1768 2315 1878 2348 αὐτούς.
1891 2326 1901 2342 ι

271 2359 426 2397 pmvoeabo
453 2367 502 2387 eos
530 2360 557 2387 in
585 2367 629 2393 ea,
646 2368 707 2395 quae
727 2368 781 2387 non
805 2365 847 2388 est
861 2369 928 2396 gens
946 2371 952 2388 :
971 2361 998 2388 in
1015 2366 1095 2397 gente
1111 2363 1195 2390 stulta
1214 2361 1327 2389 irritabo
1340 2368 1388 2388 eos
1399 2361 1432 2387 ⁷².
1451 2370 1460 2386 ι

275 2398 279 2402 ’
306 2404 400 2445 ΧμΧ.
417 2413 427 2430 ι
447 2404 494 2432 Sic
503 2405 571 2433 dicit
586 2404 718 2433 Dominus
732 2415 739 2433 :
757 2405 992 2440 Quemadmodum
1005 2408 1061 2442 80

270 2451 426 2483 invenietur
445 2450 541 2487 acinus
553 2450 581 2478 in
593 2444 759 2483 raeemo‘,'ét
778 2452 881 2484 dicent,
897 2461 932 2480 ne
942 2453 1060 2489 dissipa-

270 2497 344 2524 veris
357 2505 419 2524 eum
432 2518 439 2530 ,
468 2497 598 2532 quoniam
614 2497 771 2526 benedictio
789 2498 895 2526 Domini
914 2503 956 2527 est
971 2500 998 2526 in
1014 2507 1057 2531 eo,

270 2542 312 2570 sic
327 2542 426 2570 faciam
444 2547 554 2578 propter
567 2550 641 2574 eum,
669 2543 715 2578 qui
741 2545 826 2571 servit
849 2545 916 2572 mihi
940 2555 946 2571 :
978 2545 1060 2580 hujus

270 2596 354 2615 causa
368 2597 421 2616 non
435 2591 546 2624 perdam
563 2597 662 2618 omnes
676 2600 682 2617 :
697 2594 724 2618 et
741 2590 855 2618 educam
873 2599 906 2618 ex
919 2590 1004 2618 Jacob
1016 2599 1059 2619 se-

270 2641 344 2663 men.
356 2638 383 2660 et
397 2642 430 2660 ex
451 2634 520 2662 .iuda
536 2646 543 2662 :
563 2640 590 2663 et
610 2636 781 2663 haereditabit
800 2641 919 2663 montem
935 2641 1059 2664 sanctum

270 2684 373 2707 meum.
394 2684 421 2705 et
437 2679 633 2708 lmreditabunt
648 2681 728 2708 eiecti
751 2682 802 2709 mei
819 2685 845 2708 et
862 2682 933 2708 servi
951 2683 1015 2715 mei,
1033 2686 1060 2709 et

270 2721 434 2751 habitabant
449 2725 514 2753 illic.
533 2726 566 2753 Et
580 2727 632 2754 erit
653 2727 680 2754 in
697 2727 765 2755 silva
780 2728 918 2755 stabulum
937 2735 1059 2763 gregum,

270 2770 299 2794 et
310 2768 389 2796 vallis
404 2769 495 2797 Achor
519 2771 546 2798 in
570 2775 693 2807 requiem
709 2777 894 2800 armentorum
911 2773 992 2800 boum
1011 2781 1059 2808 po-

271 2813 336 2848 pulo
353 2822 424 2847 meo,
439 2817 485 2851 qui
503 2818 710 2852 exquisiverunt
733 2827 786 2846 me.
817 2819 873 2847 Vos
888 2825 990 2852 autem,
1008 2819 1055 2854 qui

1149 2407 1215 2434 ΜΘ.
1233 2417 1242 2433 ι
1261 2406 1353 2438 Οὕτως
1364 2406 1436 2440 λέγει
1451 2406 1561 2442 Κύριος·
1579 2407 1627 2433 ’ον
1642 2407 1740 2442 τρόπον
1755 2407 1902 2444 εὑρήσεται

1114 2455 1128 2480 δ
1146 2453 1199 2488 ῥὼξ
1214 2454 1243 2479 ὲν
1257 2452 1295 2488 τῷ
1311 2453 1412 2488 βότρυῖ,
1425 2453 1470 2479 καὶ
1486 2452 1610 2488 ἐροῦσινο
1629 2453 1675 2489 Μὴ
1689 2453 1794 2489 λυμήνῃ
1808 2454 1901 2486 αὐτὸν,

1113 2501 1154 2526 ὅτι
1172 2499 1279 2534 εὐλογία
1301 2498 1404 2534 Κυρίου
1424 2499 1499 2525 ἐστὶν
1523 2499 1552 2524 ὲν
1574 2498 1663 2534 αὐτῷ’
1685 2499 1771 2531 οὕτως
1796 2502 1902 2536 ποιήσω

1114 2546 1208 2573 ἕνεκεν
1226 2545 1272 2572 τοῦ
1299 2544 1468 2576 δουλεύοντάς
1493 2553 1552 2579 μοι·
1577 2544 1672 2573 τούτου
1698 2545 1790 2572 ἕνεκεν
1814 2546 1846 2572 οὐ
1865 2546 1903 2582 μὴ

1113 2592 1239 2618 ἀπολέσω
1260 2590 1376 2621 πάντας·
1400 2591 1446 2617 καὶ
1466 2589 1552 2622 ἐξάξω
1571 2591 1600 2617 τὸ
1613 2591 1642 2624 ἐξ
1661 2590 1757 2618 Ἰακὼὸ
1780 2593 1900 2628 σπέρμα,

1113 2638 1159 2664 καὶ
1176 2637 1207 2663 τὸ
1222 2636 1251 2670 ἐξ
1269 2636 1363 2663 Ἰούδα·
1382 2637 1427 2663 καὶ
1447 2637 1644 2673 κληρονομήσει
1657 2637 1686 2663 τὸ
1702 2637 1763 2673 ὅρος
1777 2638 1807 2664 τὺ
1824 2639 1902 2673 ἅγιόν

1113 2692 1163 2719 μου
1176 2692 1182 2697 ·
1202 2682 1248 2709 καὶ⁴
1269 2682 1517 2718 κληρονομήσουσιν
1538 2683 1563 2709 οἱ
1583 2682 1704 2709 ἐκλεκτοί
1730 2692 1781 2718 μου
1805 2684 1854 2711 καὶ
1875 2685 1901 2711 οξ

1111 2727 1198 2754 δοῦλοι
1213 2736 1274 2762 μου,
1292 2727 1342 2757 καὶ
1355 2728 1562 2763 κατοικήσουσιν
1573 2727 1640 2753 ἐκεῖ.
1656 2728 1710 2754 Καὶ
1727 2728 1802 2755 ἔσται
1815 2730 1844 2755 ὲν
1862 2729 1901 2765 τῷ

1111 2772 1206 2808 δρυμῷ
1230 2772 1342 2804 ἔπαυλις
1367 2773 1513 2808 ποιμνίων.
1539 2773 1585 2799 καὶ
1611 2773 1718 2809 φάραγξ
1746 2773 1835 2809 ’Λχὼρ
1860 2776 1900 2807 εὶς

1111 2819 1262 2846 ἀνάπαυσιν
1283 2818 1428 2853 βουκολέων
1443 2819 1482 2854 τῷ
1497 2819 1554 2854 λαῷ
1575 2827 1634 2853 μου,
1654 2819 1678 2845 οἳ
1697 2819 1832 2854 ἐζήτησάν
1854 2829 1897 2855 με.

306 2891 328 2907 ⁸⁸
343 2890 394 2931 isa.
407 2901 479 2921 xxn‘.
497 2894 587 2922 10-14.
626 2897 648 2912 "‘
661 2896 710 2923 lsa.
728 2905 822 2927 xxviii.
838 2897 891 2926 3:6.
931 2898 952 2914 ⁷³
968 2897 1019 2925 lsa.
1038 2905 1066 2924 xx

1122 2896 1246 2927 1.3!,52.
1285 2897 1307 2913 ⁷²
1323 2896 1399 2924 Deut.
1416 2896 1562 2926 “321.31.
