2071 3219
167 203 217 232 153

614 200 940 229 DEMONSTRATIOMS
957 200 1186 238 EVANGELICAS
1206 199 1269 227 LIB.
1290 199 1321 226 ll.

1737 199 1788 227 [5‘

171 262 266 298 Ὑμεῖς
277 262 308 289 δὲ
323 263 349 290 οἱ
364 261 591 297 ἐγκαταλιπόντες
605 269 639 296 με
655 261 702 287 καὶ
715 260 955 295 ἐπιλανθανόμενοι

1008 259 1158 294 reliquistis
1172 266 1226 290 me,
1246 262 1273 285 et
1296 257 1489 285 obliviscimini
1511 260 1630 288 montem
1663 262 1789 286 sanctum

166 308 197 335 τὸ
209 308 271 343 ὕρος
282 308 313 334 τὺ
327 308 405 343 ᾶγιόν
423 316 484 344 μου,
500 308 546 334 καὶ
560 307 748 343 ἑτοιμάζοντες
759 309 792 343 τῇ
807 307 875 343 τύχῃ
890 307 955 343 τρά-

167 354 269 386 πεζαν,
292 353 342 380 καὶ
364 352 529 389 πληροῦντες
549 351 589 388 τῷ
610 352 717 388 δαίμονι
740 352 878 388 κέρασμα,
899 352 955 387 ἐγὼ

167 400 323 436 παραδώσω
337 400 410 435 ὑμᾶς
426 400 465 431 εἰς
481 400 626 435 μάχαιραν.
640 399 743 430 Πάντες
757 400 786 425 ὲν
800 400 888 433 σφαγῇ
907 407 955 424 πε-

169 445 260 472 σεῖσθε
270 454 276 461 ’
291 446 333 473 ὅτι
356 446 471 472 ἐκάλεσα
484 446 565 480 ὑμᾶς,
581 446 627 471 καὶ
642 445 690 479 οὐχ
705 444 888 479 ὑπηκούσατε,
910 445 955 470 καὶ

169 493 316 527 ἐποιὴσατε
341 492 371 518 τὸ
399 491 515 526 πονηρὸν
546 491 666 517 ἐναντίον
695 491 772 525 ἐμοῦ,
798 491 843 516 καὶ
867 490 885 516 ἃ
906 491 955 516 οὐκ

169 537 319 573 ἐϐουλόμην
338 537 506 570 ἐξελέξασθε.
530 546 538 562 ι
557 536 654 563 Διελὼν
667 537 712 563 καὶ
732 537 760 563 ἐν
774 536 877 567 τούτοις
890 537 903 562 ὁ
914 535 956 561 λό-

170 592 226 619 γος,
245 583 331 619 βραχὺ
350 582 398 617 μέν
415 583 439 608 τί
455 591 520 617 φησι
536 582 644 617 σπέρμα
657 582 685 615 ἐξ
702 582 799 607 Ἰακὼό
814 581 955 613 τεύξεσθαι

169 629 224 656 τῶν
244 628 471 664 ἐπηγγελμένων·
490 628 633 659 ἐκλεκτούς
653 637 681 654 τε
701 626 846 659 εἶναιτοὺς
868 636 957 653 κατοι-

170 677 308 711 κήσαντας
327 676 355 701 ὲν
368 674 406 710 τῷ
420 674 529 710 δρυμῷ·
543 674 629 705 οὕτως
641 674 781 709 ὀνομάζων
797 674 845 708 τὴν
861 673 956 707 κλῆσιν

169 722 222 749 τῶν
238 721 332 753 ἐθνῶν,
349 718 408 757 ὲνῇ
424 722 448 747 οἰ
463 720 584 747 ἐκλεκτοὶ
602 720 647 746 τοῦ
665 720 777 756 Κυρίου,
794 720 840 746 κει)⁸
858 719 888 745 τὸ
906 720 957 745 Ἰα-

169 768 227 795 κὼῦ
240 767 360 803 σπέρμα,
376 764 430 793 εἷεν
444 766 466 792 δ’
483 766 520 802 (1)
534 766 566 792 ἂν
581 767 604 792 οἱ
619 766 760 792 ἀπόστολοι
775 766 820 791 καὶ
840 764 958 800 μαθηταὶ

169 813 216 840 τοῦ
229 813 354 848 Σωτῆρος
371 812 464 847 ἡμῶν·
479 812 541 838 οἶδὲ
555 811 642 838 λοιποὶ
655 812 753 843 πάντες
766 811 841 847 παρὰ
850 811 957 842 τούτους

169 861 230 891 ταῖς
248 859 426 894 δηλουμέναις
444 858 569 889 ἀπειλαῖς
588 857 799 892 ὑποϐέϐληνται·
819 858 958 892 μονονουχὶ

168 905 216 932 τοῦ
228 905 307 939 λόγου
320 904 476 939 γυμνότατα
490 904 684 940 παριστῶντος,
703 904 739 939 μὴ
754 904 791 935 ὡς
805 903 897 938 ἔτυχεν
913 904 958 929 ἐπὶ

169 952 224 977 πᾶν
239 951 270 977 τὸ
293 950 427 977 Ἰουδαίων
441 949 516 981 ἔθνος
537 949 650 984 φθάσειν
668 949 716 981 τὰς
732 949 779 975 τοῦ
793 949 859 975 Θεοῦ
872 950 958 982 ὲττοιγ⁴

169 997 272 1032 γελέας,
303 997 360 1024 ἀλλ’
380 997 426 1023 ἐπὶ
458 997 536 1031 μόνον
567 997 597 1022 τὸ
615 996 807 1031 ὠνομασμένον
833 997 953 1031 σπέρμα,

170 1044 217 1070 καὶ
234 1044 298 1074 τοὺς
313 1043 541 1078 ἐπικαλουμένους
558 1042 701 1074 ἐκλεκτοὺς
714 1042 759 1069 τοῦ
777 1041 858 1068 Θεοῦι
876 1052 885 1067 ‹
899 1043 959 1068 ἐπεὶ

170 1089 264 1116 πολλοὶ
282 1088 386 1124 κλητοὶ,
410 1088 495 1122 ὀλίγοι
515 1088 544 1115 δὲ
566 1088 697 1114 ἐκλεκτοί.
716 1098 724 1114 ι
741 1088 851 1119 Τούτοις
869 1088 896 1114 δὲ
913 1089 959 1115 καὶ

169 1136 216 1162 νῦν
230 1136 315 1170 ὖνομα
335 1135 427 1161 καινὸν
447 1134 653 1169 ὲπιτεθήσεσθαι
671 1134 735 1169 ἑξῆς
752 1136 765 1160 ὁ
778 1134 854 1167 λόγος
866 1134 959 1160 θεσπί-

169 1180 221 1213 ζει,
239 1181 353 1214 φάσκων
372 1180 440 1215 πρὸς
455 1181 516 1211 τοὺς
535 1180 657 1210 ἀσεϐεῖς·
675 1189 684 1204 ι
704 1179 958 1214 Καταλειφθήσεται

168 1226 223 1263 γὰρ
244 1226 274 1252 τὸ
293 1225 378 1261 ὄνομα
402 1225 479 1260 ὑμῶν
502 1225 541 1256 είς
565 1224 722 1260 πλησμονὴν
741 1225 798 1255 τοῖς
822 1224 959 1255 ἐκλεκτοῖς

170 1281 234 1309 μου·
253 1272 326 1307 ὑμᾶς
337 1272 359 1298 δ’
376 1271 464 1298 ἀνελεῖ
478 1271 579 1306 Κύριος
590 1280 596 1286 ·
613 1272 668 1302 τοῖς
681 1270 709 1296 δὲ
726 1271 897 1296 δουλεύσουσί
914 1279 958 1304 μοι

168 1318 336 1354 κληθήσεται
348 1318 433 1353 δνομα
449 1317 550 1343 καινόν.
572 1327 581 1342 ι
600 1317 636 1342 Τὸ
650 1316 682 1352 δὴ
697 1315 742 1343 οὖν
756 1317 840 1351 ὄνομα
854 1317 956 1346 καινὸν,

169 1365 182 1392 ὂ
197 1365 234 1401 μὴ
249 1364 325 1401 παρὰ
339 1366 396 1395 τοῖς
409 1363 532 1394 παλαιοῖς
549 1363 676 1397 ἔγνωστο,
696 1365 771 1389 ποῖον
786 1363 818 1389 ἂν
836 1363 876 1398 εἴη
899 1364 915 1398 ἢ
929 1364 958 1389 τὸ

168 1411 222 1438 ἀπὸ
238 1411 288 1446 τῆς
301 1410 349 1437 τοῦ
365 1410 490 1444 Σωτῆρος
505 1409 584 1444 ἡμῶν
605 1409 691 1444 Ἰησοῦ
704 1409 750 1435 τοῦ
763 1409 882 1444 Χριστοῦ
897 1419 960 1445 προ-

169 1456 311 1492 σωνυμίας
335 1456 396 1482 καθ’
423 1456 487 1492 ὅλης
512 1456 563 1490 τῆς
589 1455 752 1490 οἰκουμένης
778 1455 958 1491 εὐλογημένοι]

169 1502 341 1538 Χριστιανῶν
356 1502 442 1537 ὄνομα
454 1510 461 1533 ;

381 1588 422 1614 Ν’.
446 1587 516 1614 Ἀπὸ
537 1588 590 1614 τοῦ
605 1588 743 1622 Μιχαίου.

206 1644 217 1660 ι
234 1634 291 1660 Καὶ
304 1634 382 1661 ἔσται
395 1635 427 1661 ὲκ
445 1634 495 1668 τῆς
514 1633 644 1667 σταγόνος
658 1633 704 1659 τοῦ
722 1633 786 1660 λαοῦ
800 1633 895 1660 τούτου
918 1641 959 1658 συ-

168 1679 337 1714 ναγόμενος’
356 1678 554 1713 συναχθήσεται
587 1678 682 1704 Ἰακὼό
709 1678 756 1704 σὺν
783 1678 874 1704 πᾶσιν.
903 1677 959 1703 Ἐκ-

167 1724 312 1759 δεχόμενος
334 1724 478 1759 ἐκδέξομαι
492 1725 557 1755 τοὺς
573 1724 752 1755 καταλοίπους
766 1723 812 1749 τοῦ
833 1723 955 1759 Ἰσραήλ·

168 1770 215 1796 ἐπὶ
224 1770 256 1796 τὸ
269 1770 337 1796 αὐτὸ
353 1770 472 1805 θήσομαι
486 1770 534 1805 τὴν
548 1770 722 1806 ἀποστροφὴν
740 1769 837 1796 αὐτῶν.
860 1779 869 1794 ι
888 1770 959 1803 Συμ‹

170 1816 267 1850 φώνως
279 1819 337 1848 τοῖς
355 1816 555 1852 προεκτεθεῐσιν
576 1817 607 1842 ἐκ
623 1815 669 1841 τοῦ
694 1815 802 1841 Ἡσαῖου
819 1816 864 1841 καὶ
880 1816 893 1841 ὁ
907 1816 958 1841 Μι-

169 1860 250 1895 χαίας
265 1860 426 1894 ἐκδέξασθαι
445 1860 490 1887 τὸν
504 1860 570 1886 Θεὸν
591 1860 639 1894 οὐχ
657 1859 748 1890 ἁπλῶς
762 1859 873 1890 πάντας,
891 1860 958 1886 ἀλλὰ

171 1907 268 1941 μόνους
287 1906 353 1937 τοῦς
368 1906 547 1937 καταλοίπους
566 1906 703 1940 ὀνομάζει.
722 1906 825 1940 Ὥσπερ
839 1905 867 1930 δὲ
883 1905 958 1940 παρὰ

169 1951 208 1987 τῷ
229 1952 329 1987 Ἡσαΐᾳ
350 1952 460 1987 σπέρμα
478 1952 632 1987 ὠνομάζετο
646 1951 676 1977 τὸ
693 1950 721 1982 ἐξ
741 1951 828 1976 αὐτῶν
845 1951 956 1985 λεῖμμα,

169 1998 256 2030 οὕτως
272 1999 320 2025 καὶ
336 1998 385 2024 νῦν
397 1993 512 2032 σταγόνα
533 1996 660 2032 ὀνομάζει
678 1997 742 2027 τοὺς
760 1996 788 2028 ἐξ
804 1996 892 2022 αὐτῶν
908 2004 958 2022 σω-

170 2044 348 2080 θησομένους.
361 2043 492 2079 Δηλοῦται
507 2043 535 2069 δὲ
552 2044 597 2069 καὶ
612 2043 655 2069 διὰ
669 2042 770 2069 τούτων
792 2043 806 2068 ὁ
825 2042 877 2067 τῶν
893 2042 958 2068 ἁπο-

173 2090 273 2116 στόλων
287 2090 377 2125 χορὸς,
392 2089 429 2120 ὼς
445 2088 551 2122 σταγών
570 2097 611 2119 τις
632 2089 678 2115 καὶ
701 2088 810 2123 σπέρμα
829 2087 874 2113 τοῦ
895 2088 959 2114 ’1ου-

171 2135 255 2163 δαὶων
269 2134 362 2166 ἔθνους
379 2134 560 2169 γεγενημένος
570 2142 576 2148 '
592 2133 621 2166 ἐξ
632 2132 666 2169 ἧς
681 2134 809 2167 σταγόνος
822 2133 921 2164 πάντες
934 2135 957 2160 ei

171 2181 232 2209 καθ’
247 2180 313 2216 ὅλης
330 2180 381 2215 τῆς
396 2180 557 2215 οἰκουμένης
572 2180 617 2206 τὸν
636 2179 754 2213 Χριστὸν
771 2180 959 2213 ἐπεγνωκότες

169 2225 217 2252 τοῦ
235 2224 316 2256 Θεοῦ,
337 2225 383 2251 καὶ
401 2224 450 2259 τὴν
470 2224 643 2252 διδασκαλίαν
658 2224 740 2250 αὐτοῦ
758 2224 959 2260 παραδεδεγμέ-

1007 313 1109 338 meum,
1124 308 1152 332 et
1163 304 1267 340 paratis
1278 303 1395 330 fortuna:
1411 310 1546 336 mensam,
1557 307 1584 334 et
1599 303 1716 338 impletis
1732 303 1788 331 dae-

1006 351 1080 379 moni
1104 351 1231 385 poculum
1249 350 1359 377 mistum
1383 358 1390 376 :
1416 356 1467 385 ego
1492 350 1595 377 tradam
1614 358 1663 378 vos
1686 350 1714 377 in
1731 351 1790 386 gla-

1006 397 1090 423 dium.
1109 396 1209 423 Omnes
1226 397 1251 423 in
1263 397 1400 425 oecisione
1411 396 1516 424 cadetis
1531 405 1537 429 ;
1554 397 1682 431 quoniam
1695 396 1788 424 vocavi

1007 450 1067 473 vos,
1081 447 1107 469 et
1123 450 1177 470 non
1189 443 1377 474 auscultaslis,
1390 446 1417 470 et
1434 442 1538 470 fecistis
1559 443 1659 469 malum
1680 442 1706 469 in
1722 450 1789 469 con—

1007 492 1102 522 spectu
1117 496 1186 520 meo,
1199 493 1225 515 et
1239 496 1298 523 quae
1312 488 1447 519 nolebam.
1465 488 1587 523 elegistis
1598 488 1631 515 ⁷³.
1647 498 1656 514 ι
1677 488 1744 515 Cum
1762 489 1791 516 in

1009 534 1052 561 his
1068 534 1205 561 divisione
1226 535 1342 569 quadam
1362 542 1452 562 sermo
1472 534 1581 563 divinus
1603 538 1705 566 utatur,
1732 538 1790 561 tum

1006 578 1135 613 exiguum
1160 578 1295 613 quoddam
1313 586 1405 606 semen
1420 577 1514 610 Iacob,
1535 586 1566 605 ea
1582 587 1641 613 quae
1656 579 1792 613 promissa

1007 630 1071 652 sunt
1092 629 1304 653 consecuturum
1325 624 1440 652 allii-mat
1465 634 1470 651 :
1495 625 1596 652 electos
1619 630 1707 652 autem
1730 633 1792 652 esse

1007 679 1066 703 eos.
1091 671 1138 706 qui
1161 671 1283 698 habitent
1307 672 1335 699 in
1361 671 1439 699 silva.
1467 671 1534 698 Nam
1560 672 1600 698 sic
1623 671 1792 700 vocationem

1010 717 1131 751 gentium
1149 718 1283 749 nominat,
1299 718 1325 745 in
1341 726 1394 753 qua
1417 718 1495 746 electi
1513 717 1631 749 Domini,
1648 722 1676 746 et
1700 726 1792 745 semen

1009 762 1094 790 Iacob
1110 762 1178 795 sint,
1195 771 1261 791 sane
1278 764 1328 798 ipsi
1346 764 1461 799 apostoli
1482 768 1509 791 et
1522 764 1649 798 discipuli
1672 763 1792 792 Salvato-

1008 809 1049 836 ris
1064 810 1152 836 nostri
1170 812 1175 835 Ξ
1191 813 1289 844 praeter
1303 817 1373 844 quos
1388 810 1434 844 qui
1448 810 1543 844 reliqui
1561 814 1633 841 sunt,
1653 817 1748 837 omnes
1764 809 1792 836 in

1009 863 1068 887 eas,
1087 863 1148 890 qua:
1162 856 1293 890 expositae
1306 861 1381 888 sunt,
1396 857 1483 884 minas
1503 856 1658 883 reciderunt
1682 865 1688 882 :
1707 863 1792 891 quau-

1011 899 1158 934 doquidem
1185 900 1243 935 ipsa
1263 901 1350 928 oralio
1374 909 1458 935 prope
1483 901 1655 936 apertissime
1679 901 1792 928 demon-

1011 949 1091 976 strat,
1116 953 1171 973 non
1197 954 1264 973 casu
1283 946 1399 981 quodam
1431 947 1458 973 in
1482 950 1609 974 cunctam
1638 946 1794 974 Iudaeorum

1010 995 1117 1026 gentem
1142 993 1276 1026 promissa
1298 992 1389 1019 divina
1406 1000 1468 1019 esse
1485 997 1610 1025 ventura,
1637 993 1685 1020 sed
1713 993 1741 1019 in
1767 993 1793 1020 id

1010 1037 1098 1064 solum
1123 1038 1196 1073 quod
1221 1046 1313 1065 semen
1332 1043 1373 1065 est
1391 1038 1571 1070 nominatum,
1587 1043 1614 1066 et
1629 1039 1656 1066 in
1674 1047 1731 1071 eos,
1748 1039 1794 1074 qui

1009 1082 1101 1109 vocari
1120 1082 1208 1110 solent
1224 1083 1303 1110 electi
1320 1082 1366 1110 Dei
1380 1093 1386 1110 :
1409 1092 1417 1108 ι
1438 1083 1514 1109 multi
1530 1083 1602 1110 enim
1618 1088 1683 1112 sunt
1694 1084 1793 1116 vocati,

1009 1128 1089 1163 pauci
1105 1136 1170 1155 vero
1182 1129 1259 1156 electi
1276 1129 1308 1156 ⁷⁵.
1328 1139 1337 1155 ›
1355 1129 1459 1162 Quibus
1474 1130 1556 1156 etiam
1571 1137 1670 1157 nomen
1693 1137 1795 1156 novum

1009 1173 1204 1209 imponendum
1222 1174 1353 1209 deinceps
1371 1175 1511 1202 oraculum
1526 1175 1609 1208 canit,
1629 1175 1669 1202 sic
1693 1175 1727 1202 ad
1744 1175 1795 1201 im-

1010 1221 1069 1255 pios
1084 1220 1199 1247 dicens:
1220 1229 1229 1244 ι
1250 1219 1431 1255 Relinquetur
1452 1221 1525 1248 enim
1550 1228 1650 1248 nomen
1671 1224 1793 1248 vestrum

1009 1267 1036 1293 in
1059 1267 1212 1294 satietatem
1238 1268 1332 1294 electis
1361 1269 1439 1295 meis.
1458 1268 1513 1295 Vos
1537 1272 1626 1294 autem
1651 1267 1795 1294 interiiciet

1011 1312 1141 1341 Dominus
1158 1323 1163 1339 ε
1186 1313 1205 1339 ii
1222 1321 1296 1346 vero,
1321 1314 1366 1348 qui
1391 1315 1456 1340 mihi
1476 1313 1607 1345 servient,
1623 1312 1796 1339 vocabuntur

1010 1359 1120 1386 nomine
1135 1360 1248 1387 novo".
1269 1370 1277 1386 ι
1295 1360 1376 1394 Atqui
1387 1368 1488 1387 novum
1507 1360 1579 1386 istud
1596 1367 1707 1391 nomen,
1722 1358 1795 1393 quod

1009 1406 1129 1440 antiquis
1152 1406 1275 1441 ignotum
1305 1406 1396 1439 fuerit,
1417 1406 1555 1441 quodnam
1582 1413 1675 1440 quwso
1703 1405 1796 1436 fuerit,

1009 1452 1062 1480 nisi
1079 1452 1320 1481 Christianorum?
1338 1453 1410 1487 quod
1426 1461 1441 1479 a
1458 1453 1610 1481 Salvatoris
1626 1453 1714 1480 nostri
1730 1451 1795 1479 Iesu

1009 1498 1109 1526 Christi
1125 1498 1306 1533 appellatione
1320 1498 1467 1526 deductum
1488 1499 1515 1525 in
1542 1503 1599 1526 toto
1626 1499 1692 1526 orbe
1706 1504 1794 1527 terra-

992 1579 994 1583 ν
1010 1551 1072 1570 rum
1086 1544 1211 1571 laudibus
1227 1548 1253 1571 et
1268 1544 1360 1571 favore
1375 1544 1548 1571 celebratur?

1271 1590 1323 1624 81
1344 1589 1374 1617 L.
1391 1590 1411 1615 Α
1431 1590 1552 1617 Michwa.

1048 1643 1057 1659 ι
1079 1634 1112 1661 Et
1125 1635 1177 1662 erit
1191 1635 1224 1662 de
1238 1636 1310 1662 stilla
1337 1636 1428 1671 populi
1455 1636 1548 1670 hujus,
1578 1636 1624 1671 qui
1643 1644 1795 1672 congrega-

1008 1683 1052 1705 tur
1069 1689 1075 1706 ;
1090 1680 1299 1715 congregabitur
1318 1680 1401 1707 Iacob
1416 1688 1479 1707 cum
1496 1681 1633 1708 omnibus.
1650 1681 1796 1716 Excipient;

1009 1726 1142 1759 excipiam
1160 1726 1280 1760 reliquos
1295 1734 1328 1753 ex
1343 1726 1425 1753 lsrael
1443 1735 1449 1754 :
1471 1727 1498 1753 in
1515 1735 1598 1753 unum
1617 1735 1716 1761 ponam
1728 1736 1795 1754 con-

1008 1771 1161 1798 versionem
1177 1779 1270 1799 eorum
1284 1772 1316 1798 ⁷⁸.
1350 1782 1359 1798 ι
1386 1772 1575 1800 Consentanea
1607 1773 1651 1804 iis,
1677 1781 1738 1808 quae
1761 1773 1796 1800 ab

1009 1816 1079 1844 lsaia
1094 1822 1205 1852 accepta
1219 1822 1292 1850 sunt,
1316 1826 1452 1853 supraque
1467 1827 1481 1845 a
1497 1819 1576 1845 nobis
1590 1820 1725 1854 exposita,
1743 1818 1795 1846 Mi-

1008 1864 1098 1891 chzeas
1118 1872 1225 1898 quoque
1242 1864 1342 1891 iudicat
1360 1874 1365 1891 ι
1382 1865 1428 1899 qui
1447 1864 1530 1891 Deum
1553 1872 1606 1891 non
1636 1865 1795 1899 simpliciter

1009 1917 1115 1940 omnes,
1135 1909 1182 1936 sed
1200 1908 1273 1936 solos
1285 1917 1343 1941 eos,
1359 1909 1405 1943 qui
1418 1909 1515 1944 reliqui
1531 1909 1641 1941 fuerint,
1660 1913 1795 1944 exceptu-

1009 1961 1069 1980 rum
1083 1958 1196 1981 narrat:
1216 1959 1243 1980 et
1258 1954 1487 1989 quemadmodum
1504 1955 1574 1989 apud
1597 1954 1693 1981 Isaiam
1712 1955 1733 1970 '”
1750 1962 1795 1981 seu

1009 2008 1071 2027 men
1091 2001 1285 2027 nominabatur
1300 2001 1389 2036 ipsum
1406 2002 1515 2028 illorum
1531 2001 1682 2033 residuum,
1698 2001 1734 2027 ita
1750 2001 1795 2027 hic

1009 2047 1110 2073 stillam
1124 2055 1171 2074 eos
1189 2048 1321 2079 nominat,
1338 2047 1384 2081 qui
1408 2056 1441 2074 ex
1460 2047 1514 2074 illis
1533 2047 1695 2082 superstites
1710 2047 1794 2074 futui

1010 2097 1084 2119 sunt.
1114 2092 1289 2128 Signiﬁcalur
1315 2098 1404 2120 autem
1427 2093 1470 2120 his
1495 2093 1585 2120 verbis
1612 2093 1671 2128 ipse
1694 2093 1795 2120 chorus

1010 2137 1205 2169 apostolorum,
1222 2138 1268 2172 qui
1283 2138 1362 2172 quasi
1391 2138 1463 2165 stilla
1490 2138 1624 2173 quaedam,
1650 2142 1677 2165 et
1701 2146 1793 2165 semen

1010 2182 1131 2213 Iudaicae
1145 2184 1235 2218 gentis
1256 2184 1420 2213 exstiterunt
1437 2193 1444 2211 ς
1463 2184 1497 2211 de
1520 2191 1574 2218 qua
1601 2184 1675 2211 stilla
1699 2191 1795 2211 omnes

1010 2227 1167 2263 quicunque
1181 2237 1215 2256 ex
1229 2232 1288 2256 toto
1304 2229 1370 2256 orbe
1380 2228 1521 2256 Christum
1543 2228 1589 2256 Dei
1605 2229 1794 2265 cogn0verint,

170 2281 220 2305 νοι,
237 2272 287 2308 τῆς
301 2271 499 2306 θεσπιζομένης
513 2270 722 2306 ἐπισυναγωγῆς
737 2270 954 2306 κατηξιώθησαν,

1008 2276 1035 2300 et
1049 2272 1201 2301 doctrinam
1216 2274 1276 2309 ejus
1291 2273 1457 2308 acceperint,
1482 2281 1515 2300 ea
1540 2281 1622 2308 quam
1652 2273 1794 2300 oraculum

168 2317 216 2356 τὴν
230 2318 285 2345 ἀπὺ
297 2317 352 2357 ⁸τῶν
368 2316 504 2352 πολεμίων
515 2315 649 2352 λύτρωσιν
664 2316 820 2354 εὑράμενοιτ

203 2407 267 2434 NA'.
289 2416 299 2433 ι
322 2407 377 2433 Καὶ
392 2407 424 2433 σὺ
441 2405 574 2444 Βηθλεὲμ,
587 2402 660 2437 οἶκος
681 2405 727 2433 τοῦ
744 2404 885 2441 Εὐφραθὰ,
901 2405 956 2435 ὀλι-

167 2453 264 2488 γοστὸς
283 2450 309 2479 εἴ
321 2453 350 2479 ὲν
377 2452 494 2488 χιλιάσιν
511 2452 596 2479 ’ἰούδα
609 2461 615 2467 ·
636 2453 669 2478 ὲκ
690 2451 737 2478 σοῦ
752 2460 798 2488 μοι
816 2451 956 2484 ἐξελεύσε-

167 2507 212 2527 ται
232 2499 395 2534 ἡγούμενος,
416 2498 463 2526 τοῦ
483 2495 551 2526 εῖναι
574 2499 614 2530 είς
635 2498 753 2534 ἄρχοντα
774 2498 813 2533 τῷ
835 2499 953 2535 Ἰσραὴλ,

167 2546 215 2573 καὶ
237 2544 322 2578 ἔξοδοι
339 2544 421 2572 αὑτοῦ
435 2544 483 2572 ἀπ’
503 2544 590 2580 ἀρχῆς
606 2544 636 2576 ἐξ
652 2544 763 2580 ήμερῶν
785 2544 891 2577 αιῶνος.
906 2545 956 2581 Διὰ

165 2589 245 2617 τοῦτο
261 2588 342 2617 δώσει
359 2590 459 2621 αὐτοὺς
478 2589 529 2623 ἕως
546 2589 643 2622 καιροῦ
657 2589 801 2626 τικτούσης
812 2599 820 2605 ·
838 2590 953 2623 τέξεται,

167 2636 214 2663 καὶ
231 2637 256 2663 ot
269 2635 406 2663 ἐπίλοιποι
418 2636 471 2663 τῶν
487 2635 609 2670 ἀδελφῶν
621 2635 711 2663 αὒτῶν
725 2636 926 2672 ἐπιστρέφουσι,
944 2646 952 2662 ι

167 2682 222 2709 Καὶ
243 2682 314 2718 μετὰ
338 2682 442 2718 βραχέα
464 2682 598 2716 ἐπιλέγει·
626 2691 636 2707 ι
664 2682 718 2709 Καὶ
738 2682 814 2708 ἔσται
837 2682 868 2708 τὺ
890 2682 956 2709 ὑπόσ-

167 2727 269 2764 λειμμα
285 2728 333 2755 τοῦ
359 2728 457 2755 Ἰακὼϐ
478 2729 506 2755 ἐν
527 2729 583 2760 τοῖς
605 2727 717 2759 ἔθνεσιν,
735 2730 763 2755 ὲν
786 2727 861 2764 μέσῳ
881 2728 953 2755 λαῶν

168 2775 285 2808 πολλῶν,
301 2774 339 2807 ὡς
360 2775 456 2811 δρόσος
474 2774 550 2814 παρα
565 2774 667 2809 Κυρίου
691 2774 837 2807 πίπτουσα,
854 2775 900 2802 καὶ
915 2775 953 2807 ὡς

159 2838 162 2843 '
201 2832 287 2874 ’1153.
307 2841 369 2865 uv,
380 2833 456 2861 8-12.
495 2834 519 2854 τι
534 2833 628 2861 Matth.
645 2842 713 2866 xm,
730 2834 772 2862 Η.
809 2835 833 2851 ⁷⁸
851 2834 902 2862 lsa.
917 2843 980 2872 va,
996 2838 1040 2868 15.
1078 2839 1101 2855 ⁷⁸
1114 2837 1194 2868 Mich.
1222 2840 1304 2874 11,“,
1317 2840 1359 2868 η.
1398 2842 1419 2857 ⁷¹
1439 2838 1570 2874 lsa.'tn',
1588 2840 1616 2869 9.

171 2875 194 2898 ν,
210 2867 240 2899 2,
255 2869 283 2895 5.

206 2912 243 2946 ll)
261 2912 344 2943 Forte
363 2915 552 2951 corrigendum
572 2915 598 2949 γ’
614 2923 663 2946 oro
681 2916 714 2944 δ’.
736 2916 814 2944 Enn.
831 2916 915 2946 ΡΑτιι.

1008 2319 1082 2347 canit
1098 2320 1308 2355 congregatione
1320 2320 1396 2357 digni
1413 2319 1503 2348 effecti
1519 2324 1595 2352 sunt,
1611 2323 1640 2347 et
1653 2319 1793 2347 liberatio-

1007 2373 1069 2395 nem
1086 2365 1120 2393 ab
1136 2365 1261 2394 hostibus
1276 2366 1359 2393 nacti.

1042 2411 1085 2438 Ll.
1104 2420 1113 2437 ι
1125 2410 1158 2438 Ει
1173 2415 1203 2438 tu
1219 2410 1386 2443 Bethlehem,
1402 2411 1501 2440 domus
1513 2410 1633 2446 prrata
1646 2430 1653 2443 ,
1679 2409 1792 2437 minima

1007 2465 1054 2489 es,
1073 2460 1104 2484 ut
1126 2457 1166 2485 sis
1181 2457 1208 2492 in
1226 2453 1349 2490 millibus
1367 2457 1455 2491 Iuda;
1472 2465 1505 2485 ex
1520 2462 1548 2484 te
1562 2456 1628 2484 mihi
1640 2455 1795 2491 egredietur

1007 2504 1054 2539 qui
1070 2504 1161 2539 praesit
1172 2525 1180 2538 ,
1196 2508 1226 2538 ut
1243 2505 1279 2532 sit
1294 2504 1322 2532 in
1337 2504 1489 2540 principem
1503 2503 1555 2539 ipsi
1570 2502 1656 2530 Israel
1666 2522 1674 2534 ,
1691 2506 1719 2529 et
1734 2501 1794 2529 exi-

1007 2553 1051 2579 tus
1071 2544 1131 2584 ejus
1154 2549 1188 2577 ab
1207 2549 1285 2577 initio
1306 2557 1338 2586 es
1360 2548 1456 2576 diebus
1477 2548 1581 2580 saeculi.
1604 2547 1719 2582 Propter
1741 2547 1793 2574 hoc

1006 2594 1080 2622 dabit
1101 2602 1149 2622 eos
1172 2602 1259 2630 usque
1279 2596 1313 2622 ad
1337 2598 1445 2630 tempus
1467 2593 1619 2628 parientis:
1640 2592 1744 2628 pariet,
1765 2595 1793 2619 et

1006 2641 1105 2676 reliqui
1130 2649 1163 2668 ex
1186 2641 1320 2669 fratribus
1343 2648 1438 2668 eorum
1462 2643 1656 2667 convertentur
1673 2639 1706 2666 ⁷⁸.
1725 2648 1735 2665 ι
1759 2637 1793 2665 Et

1010 2690 1071 2722 post
1090 2694 1177 2722 pauca
1193 2687 1337 2723 adiungit:
1355 2696 1365 2714 ι
1377 2687 1412 2715 Ει
1428 2687 1481 2714 erit
1494 2686 1567 2722 quod
1584 2686 1718 2721 reliquum
1734 2684 1793 2712 fue-

1006 2732 1042 2761 rit
1056 2740 1090 2760 ex
1106 2731 1192 2761 Iacob
1207 2734 1234 2761 in
1248 2734 1376 2770 gentibus
1391 2734 1419 2760 in
1435 2732 1525 2760 medio
1541 2732 1706 2769 populorum
1720 2732 1793 2759 mul-

1007 2782 1115 2813 torum,
1138 2780 1217 2815 quasi
1242 2788 1288 2809 ros
1311 2789 1326 2808 a
1345 2781 1460 2809 Domino
1484 2781 1604 2813 cadens,
1618 2783 1646 2808 et
1661 2781 1791 2814 tanquam

1668 2840 1691 2857 ⁷⁸
1707 2838 1788 2866 Micb.
