2071 3219
281 198 334 226 155

584 198 718 227 EUSEBII
738 198 979 227 CIESARIENSIS
994 198 1068 227 OPP.
1087 198 1178 226 PARS
1198 198 1229 225 ll.
1250 190 1284 218 Q-
1302 196 1550 226 APOLOGETICA.

1850 195 1904 223 £56

284 255 345 291 agni
370 263 453 291 super
478 264 606 291 gramen,
629 262 659 285 ut
681 265 736 285 non
752 263 932 293 congregetur
949 258 1064 293 aliquis,

1123 258 1197 294 ἰρνες
1212 257 1255 283 ἐπ’
1273 257 1420 291 ἄγρωστιν,
1437 256 1510 286 ὅπως
1526 254 1563 290 μὴ
1579 253 1697 289 συναχθῇ
1715 253 1818 288 μηδεὶς,
1835 253 1904 289 μηδὲ

281 310 369 337 neque
390 303 525 330 subsistat
545 303 573 330 in
595 303 658 332 ﬁliis
686 305 826 331 hominum
843 315 849 332 :
870 310 897 332 et
921 305 972 332 erit
993 304 1065 339 quod

277 348 415 383 ‘reliquum
434 348 512 375 fuerit
530 357 561 375 ex
588 349 671 376 Jacob
697 349 723 376 in
747 350 894 384 gentibus,
920 351 947 377 in
975 350 1066 377 medio

273 395 442 429 populorum
468 395 632 426 multorum,
660 400 788 429 tanquam
816 396 858 422 leo
884 396 910 422 in
929 396 1064 430 jumentis

281 440 375 471 silvae,
392 443 419 467 et
435 440 512 474 quasi
527 441 635 468 catulus
650 441 738 468 leonis
758 441 786 468 in
808 441 934 476 gregibus
956 442 1064 474 ovium,

281 484 512 520 quemadmodum
534 493 596 512 cum
618 487 759 513 transierit
786 492 812 514 et
833 487 997 521 dispertiens
1023 495 1066 515 ra-

282 533 391 566 puerit,
415 536 442 559 et
462 539 515 559 non
537 532 572 558 sit
592 533 639 567 qui
661 533 780 568 eripiat:
802 533 948 561 extolletur
969 542 1066 562 manus

282 582 328 603 tua
345 585 427 612 super
441 577 589 612 ailligentes
607 583 649 610 te,
665 582 692 606 et
706 586 800 606 onmes
828 579 931 606 inimici
949 580 989 606 tui
1005 588 1067 614 per-

282 623 381 649 dentur
393 623 414 638 "
430 631 435 648 :
450 632 458 648 ι
472 623 515 649 his
530 624 652 657 profecto
666 624 734 650 nihil
754 624 811 650 lieri
827 629 920 659 posset
935 625 1064 658 lucidius,

281 676 341 702 quae
355 672 382 694 et
399 672 490 694 ortum
505 668 656 696 Satvatoris
670 670 697 696 in
710 669 865 697 Bethlehem
878 691 885 702 ,
902 675 930 698 et
942 671 1066 705 ejusdem

281 716 316 741 ab
331 718 434 741 aeterno
459 716 696 750 propagationem,
717 721 744 744 et
758 716 878 752 Virginis
896 723 1001 752 partum
1013 738 1019 750 .
1041 722 1068 746 et

281 760 467 794 apostolorum
488 765 515 787 et
535 761 734 796 discipulorum
756 762 817 797 ejus
835 763 1022 795 vocationem,
1040 767 1068 790 et

282 805 502 839 praedicationem
516 806 549 833 de
563 806 689 839 Christo,
707 809 753 842 qui
769 809 795 835 iu
811 813 897 835 totum
906 804 1004 835 iorbem
1020 817 1069 844 per

281 858 329 878 eos
344 850 490 886 importata
505 855 566 884 est,
583 851 716 880 referunt.
732 853 800 880 Cum
815 854 886 881 enim
902 855 925 881 is
942 855 1068 890 princeps

282 897 316 923 de
338 904 392 932 quo
415 898 554 932 prophetia
575 898 704 933 loquitur,
727 904 753 926 et
769 900 847 934 cujus
861 901 950 928 exitus
963 909 995 928 ex
1011 901 1069 928 die-

1119 303 1222 337 ὑποστῇ
1236 303 1264 328 ὲν
1281 303 1349 332 υἱοῖς
1363 300 1530 336 ἀνθρώπων·
1548 300 1594 326 καὶ
1605 299 1682 326 ἔσται
1697 298 1728 325 τὸ
1747 298 1905 334 ὑπόλειμμα

1125 348 1221 376 Ἰακὼὸ
1244 349 1273 374 ὲν
1291 349 1348 379 τοῖς
1370 347 1485 379 ἔθνεσιν,
1503 347 1532 372 ἐν
1553 345 1626 381 μέσῳ
1648 344 1719 372 λαῶν
1737 344 1851 376 πολλῶν,
1865 344 1904 375 ὡς

1118 395 1185 421 λέων
1202 395 1231 421 ὲν
1246 395 1303 424 τοῖς
1327 393 1438 428 κτήνεσι
1459 391 1505 418 τοῦ
1528 390 1641 426 δρυμοῦ,
1658 391 1705 417 καὶ
1729 389 1766 421 ὡς
1785 389 1905 424 σκύμνος

1119 442 1148 468 ἐν
1160 440 1295 476 ποιμνίοις
1309 438 1462 474 προϐάτων,
1487 437 1516 464 ὃν
1534 438 1632 472 τρόπον
1653 437 1716 462 ὅταν
1737 435 1839 472 διέλθῃ,
1857 436 1906 462 καὶ

1118 486 1271 517 διαστείλας
1285 485 1406 521 ἁρπάσῃ,
1419 484 1465 510 καὶ
1485 483 1521 518 μὴ
1567 483 1580 509 ὁ
1602 482 1807 518 ἐξαιρούμενος·
1829 482 1905 516 04w-

1119 530 1231 565 θήσεται
1247 530 1263 564 ή
1280 529 1341 564 χείρ
1358 538 1404 555 σου
1420 528 1466 554 ἐπὶ
1486 529 1549 559 τοὺς
1568 527 1706 558 θλίϐοντάς
1721 535 1760 559 σε,
1777 527 1823 553 καὶ
1839 526 1906 553 πάν-

1119 584 1165 607 τες
1180 576 1204 602 οἱ
1217 575 1308 611 ἐχθροί
1318 583 1365 602 σου
1375 573 1653 609 ἐξολοθρειιθήσονται.
1668 582 1677 598 ›
1689 571 1796 599 Τούτων
1804 572 1858 598 οὐδ’
1867 573 1907 606 (i)

1121 623 1153 650 ἄν
1165 631 1191 649 τι
1206 622 1310 656 γένοιτο
1324 621 1494 655 λευκότερον,
1506 619 1576 646 κατὰ
1592 618 1622 646 τὸ
1636 619 1702 645 αὐτὸ
1715 619 1762 645 καὶ
1774 618 1823 654 τὴν
1835 619 1912 653 γένε-

1121 677 1162 695 σιν
1175 668 1223 703 τὴν
1237 669 1265 695 ὲν
1278 667 1401 702 Βηθλεὲμ
1416 665 1462 692 τοῦ
1483 665 1609 701 Σωτῆρος
1626 665 1848 699 ἀναφωνοῦντων,
1860 666 1908 692 καὶ

1120 716 1169 750 τὴν
1187 715 1239 749 πρὸ
1256 714 1353 746 αἰῶνος
1374 713 1501 740 οὺσίωσιν
1521 711 1614 744 αὑτοῦ,
1634 712 1681 738 καὶ
1704 711 1750 738 τὸν
1772 711 1821 746 τῆς
1835 711 1910 746 Παρ-

1121 760 1197 786 θένου
1214 760 1333 791 τοκετὺν,
1349 759 1397 785 καὶ
1415 758 1470 785 τῶν
1487 757 1642 784 ἀποστόλων
1654 757 1700 782 καὶ
1715 755 1842 791 μαθητῶν
1860 757 1910 783 αὺ-

1121 805 1168 832 τοῦ
1189 806 1238 841 τὴν
1254 805 1359 840 κλῆσιν,
1379 805 1426 831 καὶ
1447 804 1477 830 τὸ
1491 804 1623 839 κήρυγμα
1643 803 1673 828 τὸ
1696 801 1755 828 καθ’
1778 802 1841 837 ὅλης
1858 802 1911 836 τῆς

1121 851 1281 887 οἰκουμένης
1304 851 1370 886 περὶ
1390 850 1437 877 τοῦ
1453 849 1571 884 Χριστοῦ
1586 849 1619 875 δι’
1645 847 1734 874 αὐτῶν
1759 847 1910 882 κατηγγελ-

1123 896 1211 931 μένον.
1229 896 1281 922 Τοῦ
1298 896 1352 932 γὰρ
1364 895 1527 930 δηλουμένου
1543 895 1682 929 ἄρχοντος,
1696 889 1727 920 οὗ
1740 893 1789 924 τὰς
1802 892 1910 926 ἐξόδους

283 943 335 970 bus
349 943 457 970 aeternis
472 951 534 970 esse
555 943 694 976 declarat,
717 945 751 972 de
773 945 929 973 Bethlehem
950 947 987 973 sit-
1005 954 1068 982 pro-

1123 942 1132 967 5
1145 942 1222 975 λόγος
1234 941 1264 974 ἐξ
1274 940 1385 977 ἡμερῶν
1398 940 1495 971 αἰῶνος
1506 938 1574 966 εἶναι
1584 939 1669 974 δηλοῖ,
1677 941 1710 966 ὲκ
1722 940 1771 974 τῆς
1784 939 1908 976 Βηθλεὲμ

285 988 406 1017 tecturus
418 1008 426 1021 ,
442 989 571 1024 huncque
586 990 676 1024 ipsum
693 998 724 1018 ea
740 999 800 1026 quae
817 992 928 1027 pariens
946 993 1070 1019 nomina-

284 1039 340 1067 tur,
358 1040 453 1061 sancta
468 1034 553 1070 Virgo
569 1036 604 1063 sit
620 1037 764 1071 paritura:
781 1045 837 1064 non
854 1045 950 1065 omnes
968 1038 1014 1072 qui
1036 1037 1070 1064 ad

283 1081 521 1108 circumcisiouem
536 1086 677 1117 spectant.
694 1083 741 1110 sed
757 1083 831 1110 solos
846 1091 894 1110 eos
907 1084 953 1118 qui
973 1084 1070 1118 reliqui

283 1127 402 1159 fuerint,
419 1128 510 1155 salvos
525 1128 631 1156 futuros
647 1128 777 1162 allirmat,
799 1138 867 1164 quos
884 1134 911 1156 et
933 1130 1070 1157 residuutn

284 1173 343 1200 {ore
361 1171 444 1199 Iacob
455 1192 462 1204 ,
478 1177 505 1200 et
521 1173 592 1200 roris
610 1175 697 1200 instar
711 1174 739 1200 iu
755 1181 850 1202 omnes
865 1175 958 1201 datum
973 1175 1006 1201 iri
1021 1182 1070 1202 na-

284 1219 382 1246 tiones.
401 1227 410 1244 ‹
428 1218 486 1245 Erit
512 1219 595 1251 enim,
632 1220 732 1254 inquit.
764 1220 904 1247 residuum
929 1220 1014 1248 Jacob
1041 1221 1070 1247 in

285 1265 410 1298 gentibus
422 1285 429 1296 .
446 1269 475 1292 ut
490 1273 536 1293 ros
553 1273 568 1291 a
586 1265 701 1292 Domino
718 1266 836 1298 cadens,
859 1270 886 1293 et
907 1267 986 1301 quasi
1008 1268 1071 1302 agni

285 1319 369 1346 super
392 1319 522 1346 gramen,
537 1321 546 1337 ι
560 1319 609 1346 pro
631 1319 702 1346 quo,
723 1322 731 1337 ι
747 1313 825 1347 quasi
852 1313 932 1340 stillae
956 1313 984 1339 in
1007 1313 1071 1340 her-

285 1358 347 1384 bam
357 1377 365 1389 ,
381 1367 390 1383 ι
404 1357 458 1392 82
473 1357 585 1392 Aquila;
610 1357 780 1384 Theodotion
795 1362 884 1386 autem
897 1380 904 1392 ,
920 1367 929 1385 ι
941 1363 1070 1394 tanquam

285 1405 332 1430 nix
358 1411 440 1438 super
467 1402 574 1434 fenum,
592 1414 600 1428 ι
617 1404 770 1431 reddidere.
788 1404 853 1431 Item
870 1413 919 1439 pro
936 1405 1000 1437 illo,
1015 1415 1025 1430 ι
1040 1408 1071 1432 ut

285 1456 340 1476 non
363 1455 544 1484 congregetur
562 1449 679 1483 aliquis,
702 1457 790 1483 neque
809 1451 941 1478 subsistat
962 1451 990 1478 in
1008 1451 1070 1479 [iliis

285 1495 426 1522 hominum
438 1515 445 1527 ,
462 1504 550 1530 neque
569 1495 688 1523 oll'endat
711 1496 782 1523 [ilius
804 1497 939 1529 hominis,
957 1507 965 1523 ι
982 1497 1070 1524 The!)-

286 1540 380 1567 dotion
401 1542 539 1576 reposuit,
556 1551 564 1567 ι
578 1542 624 1576 qui
648 1550 702 1569 non
723 1543 892 1578 exspectabit
914 1543 1068 1575 hominem,

286 1592 313 1614 et
337 1595 392 1614 non
418 1588 537 1622 sperabit
564 1589 592 1615 in
617 1588 672 1616 lilio
698 1589 826 1616 hominis.
844 1589 964 1624 rAquila
989 1597 1069 1621 vero.
1085 1606 1108 1637 ε

289 1642 299 1657 ι
317 1633 363 1667 qui
388 1641 442 1660 non
463 1634 633 1668 exspectabit
656 1635 762 1667 virum,
786 1639 813 1662 et
838 1643 892 1662 non
913 1643 978 1670 erga
1002 1636 1071 1663 ﬁlios

287 1679 426 1706 hominum
439 1689 446 1707 :
469 1689 478 1706 ι
493 1680 520 1706 in
535 1680 652 1715 quibus,
667 1681 757 1707 omnis
773 1681 959 1715 apostolorum
977 1680 1072 1708 Salva-

285 1725 355 1752 toris
370 1725 455 1752 nostri
471 1733 551 1761 spes,
571 1733 631 1760 quae
647 1733 700 1752 non
717 1726 744 1752 in
762 1726 888 1757 homine,
905 1726 951 1753 sed
969 1726 995 1752 in
1012 1725 1072 1752 Sal-

287 1776 390 1803 vatore,
401 1777 428 1799 et
441 1771 556 1798 Domino
571 1780 622 1799 suo
639 1771 730 1798 futura
745 1772 780 1799 sit
795 1771 1009 1803 demonstratur,
1025 1771 1073 1806 qui

287 1819 384 1853 utique
401 1818 526 1845 Salvator
555 1817 603 1845 Dei
619 1817 738 1845 Verbum
752 1822 822 1845 erat.
843 1816 892 1844 His
908 1825 973 1844 vero
993 1817 1072 1844 dein-

287 1872 352 1900 ceps
376 1865 521 1899 adjungit:
539 1874 547 1889 ι
564 1870 591 1891 et
610 1864 663 1892 erit
687 1864 759 1899 quod
784 1864 919 1898 reliquum
937 1863 1019 1890 fuerit
1039 1872 1073 1891 ex

288 1910 373 1937 Jacob
398 1911 524 1945 gentibus
548 1910 575 1936 iu
600 1909 690 1937 medio
714 1909 877 1944 populorum
903 1909 1072 1940 multorum,

289 1955 370 1991 quasi
385 1955 426 1983 leo
442 1956 470 1982 in
482 1955 616 1990 jumentis
630 1955 705 1983 silva
717 1975 724 1986 ,
740 1959 768 1982 et
788 1955 868 1989 quasi
891 1955 999 1983 catulus
1020 1956 1075 1983 leo-

290 2003 333 2030 nis
346 2002 373 2029 iu
387 2002 515 2038 gregibus
530 2003 622 2029 ovium
636 2011 642 2029 :
659 2002 885 2037 quemadmodum
903 2010 964 2029 cum
984 2007 1074 2030 trans-

291 2048 371 2080 ierit,
387 2053 414 2075 et
428 2048 592 2083 dispertiens
611 2048 750 2084 rapuerit,
774 2052 870 2075 etnon
893 2049 927 2076 sit
949 2048 995 2083 qui
1020 2048 1075 2076 eri-

292 2095 349 2129 piat
364 2104 369 2121 :
389 2104 397 2119 I
411 2094 511 2129 quibus
531 2094 636 2125 verbis,
651 2098 680 2121 ut
697 2094 826 2126 arbitror,
856 2094 1023 2121 conﬁdentia
1048 2098 1075 2121 et

292 2140 455 2175 intrepidum
475 2140 560 2166 robur
582 2140 786 2175 pmdicationis
805 2140 961 2175 apostolicae
983 2140 1076 2167 decla-

291 2190 378 2213 ratur.
401 2186 541 2221 Siquidem
558 2186 646 2213 instar
662 2187 748 2214 leonis
763 2191 789 2214 et
804 2186 888 2213 catuli
899 2206 906 2217 ,
929 2186 959 2213 in
980 2186 1076 2213 silvam

291 2233 412 2268 gentium
424 2252 431 2265 ,
447 2236 474 2260 et
493 2233 522 2260 in
536 2232 628 2259 ovium
642 2233 824 2259 humanarum
842 2239 954 2267 greges,
971 2231 1009 2258 illi
1036 2231 1076 2258 ir-

1122 987 1361 1023 προελευσομένου,
1379 987 1425 1013 καὶ
1444 987 1495 1021 τῆς
1506 986 1599 1012 τοῦτον
1614 986 1810 1020 άποτικτούσης
1829 986 1909 1020 ἁγίας

1120 1032 1258 1068 Παρθένου
1275 1032 1430 1068 τεξομένης,
1448 1032 1478 1058 οὺ
1496 1033 1600 1064 πάντας
1616 1032 1682 1067 φησὶ
1702 1033 1764 1064 τοὺς
1780 1034 1811 1059 ὲκ
1831 1041 1900 1068 περι-

1120 1079 1216 1114 τομῆς,
1232 1078 1299 1105 ἀλλὰ
1317 1078 1413 1114 μόνους
1429 1079 1493 1109 τοὺς
1509 1077 1660 1109 ὲπιλοίποις
1673 1078 1909 1113 ἀνασωθήσεσθαι,

1120 1125 1167 1156 οὓς
1189 1125 1237 1152 καὶ
1257 1125 1361 1160 λεῖμμα
1384 1124 1546 1160 γενήσεσθαι
1567 1124 1615 1150 τοῦ
1636 1123 1741 1154 Ἰακὼϐ,
1764 1124 1810 1150 καὶ
1830 1124 1911 1159 δίκην

1120 1171 1214 1206 δρόσου
1226 1170 1272 1196 ἐπὶ
1287 1171 1375 1196 πάντα
1386 1169 1544 1205 δοθήσεσθαι
1555 1169 1590 1196 τὰ
1601 1169 1674 1204 ἔθνη.
1690 1179 1698 1194 ι
1714 1170 1811 1197 Ἔσται
1827 1170 1907 1205 γὰρ,ι

1121 1216 1199 1252 φησι,
1221 1226 1230 1241 ι
1257 1216 1288 1242 τὸ
1309 1215 1464 1251 ὑπόλειμμα
1482 1215 1529 1242 τοῦ
1550 1215 1645 1242 Ἰακὼϐ
1666 1217 1694 1242 ὲν
1717 1217 1774 1248 τοῖς
1804 1216 1910 1243 ἔθνεσιν

1121 1262 1157 1293 ὡς
1169 1262 1263 1297 δρόσος
1277 1261 1353 1297 παρὰ
1365 1261 1468 1296 Κυρίου
1489 1261 1636 1293 πίπτουσα,
1659 1262 1706 1288 καὶ
1721 1262 1759 1293 ὡς
1775 1262 1855 1297 ἄρνες
1867 1263 1910 1288 ἐπ’

1121 1308 1266 1343 ἄγρωστιν.
1283 1317 1292 1333 ι
1315 1307 1384 1334 ’Δνθ’
1398 1305 1440 1339 οὗ,
1457 1317 1467 1333 ‹
1482 1308 1529 1334 καὶ
1545 1308 1584 1339 ὡς
1597 1308 1714 1342 ψεκάδες
1729 1308 1775 1334 ἐπὶ
1787 1308 1881 1340 πόαν..
1895 1309 1911 1336 ό

1128 1354 1250 1386 Ἀκύλας,
1267 1356 1281 1380 ό
1295 1355 1323 1380 δὲ
1336 1354 1492 1385 Θεοδοτίων,
1508 1363 1517 1379 ε
1534 1355 1580 1380 καὶ
1589 1354 1654 1380 ὡσεὶ
1667 1354 1773 1388 νιφετὸς
1787 1354 1832 1380 ἐπὶ
1847 1355 1911 1389 κόρ-

1121 1410 1192 1432 τον,ι
1205 1399 1379 1427 ὲκδεδώκασι.
1389 1401 1443 1426 Καὶ
1455 1400 1534 1426 πάλιν
1548 1400 1608 1426 ἀντὶ
1619 1399 1676 1432 τοῦ,
1691 1400 1783 1431 Ὅπως
1796 1399 1834 1436 μὴ
1844 1409 1908 1426 συν-

1121 1445 1189 1482 αχθῇ
1209 1447 1304 1481 μηδεὶς
1321 1446 1388 1481 μηδὲ
1405 1446 1507 1481 ὑποστῇ
1525 1445 1554 1471 ὲν
1571 1447 1638 1477 υἱοῖς
1657 1445 1816 1481 ἀνθρώπων,
1839 1445 1908 1481 μηδὲ

1122 1492 1264 1528 προσκόψῃ
1279 1491 1334 1523 υίὸς
1348 1491 1396 1518 ἀνθ
1402 1491 1502 1527 ρώπου,
1517 1492 1620 1526 φησὶνό
1633 1491 1787 1521 Θεοδοτίων.
1797 1501 1806 1517 ι
1816 1491 1863 1522 ⁸·ος
1878 1490 1909 1517 οὐ

1124 1538 1355 1573 μενεῖᾶνθρωπον,
1364 1538 1410 1564 καὶ
1425 1537 1474 1563 οὐκ
1487 1536 1591 1563 ἐλπίσει
1605 1537 1650 1562 ἐπὶ
1664 1537 1720 1563 υἱὸν
1734 1536 1886 1572 ἀνθρώπου,
1897 1545 1908 1562 ι

1123 1585 1201 1612 Καὶό
1215 1585 1354 1617 ’Δκύλας,‹
1363 1585 1411 1615 Ὃς
1427 1585 1476 1619 οὐχ
1491 1585 1621 1619 ὑπομενεῖ
1633 1584 1726 1620 ἄνδρα,
1744 1584 1790 1610 καὶ
1802 1584 1833 1610 οὐ
1846 1583 1912 1619 περὶ

1124 1632 1198 1663 υἱοὺς
1218 1630 1382 1666 ἀνθρώπων·
1405 1640 1413 1656 ι
1433 1630 1466 1656 δι’
1484 1627 1521 1658 ὧν
1537 1631 1611 1656 πᾶσα
1627 1629 1682 1656 τῶν
1695 1630 1848 1656 ἀποστόλων
1862 1629 1910 1656 τοῦ

1123 1677 1247 1713 Σωτῆρος
1259 1678 1275 1712 ἡ
1280 1677 1337 1712 μῶν
1352 1677 1429 1708 ἐλπὶς
1441 1676 1502 1703 οὔτε
1516 1675 1555 1711 (2)
1572 1677 1612 1707 εἰς
1633 1675 1784 1711 ἄνθρωπον,
1802 1675 1858 1702 ἀλλ’
1872 1677 1912 1707 εἰς

1123 1723 1168 1750 τὸν
1176 1723 1290 1758 Σωτῆρα
1306 1724 1352 1749 καὶ
1367 1722 1469 1758 Κύριον
1483 1721 1582 1749 αὐτῶν·
1599 1719 1674 1752 οὗτος
1689 1722 1716 1749 δὲ
1722 1720 1755 1757 ἦν
1769 1721 1836 1748 ότοῦ
1845 1721 1912 1748 Θεοῦ

1123 1766 1212 1802 λόγος.
1229 1765 1276 1799 Οἷς
1291 1767 1353 1803 ἑξῆς
1370 1767 1489 1801 ἐπιλέγει
1502 1774 1510 1780 λ
1529 1775 1539 1791 t
1553 1767 1608 1792 Καὶ
1619 1766 1694 1793 ἔσται
1709 1765 1740 1792 τὸ
1757 1767 1911 1801 ὑπόλειμμα

1131 1813 1227 1840 Ἰακὼὸ
1251 1815 1278 1840 ἐν
1295 1815 1350 1845 τοῖς
1371 1813 1485 1842 ἔθνεσιν,
1502 1813 1530 1838 ἐν
1548 1813 1624 1847 μέσῳ
1646 1812 1717 1838 λαῶν
1742 1811 1857 1844 πολλῶν,
1873 1812 1912 1842 ὡς

1124 1859 1192 1886 λέων
1208 1860 1237 1885 ὲν
1252 1861 1308 1892 τοῖς
1324 1860 1433 1895 κτήνεσι
1448 1858 1494 1885 τοῦ
1507 1858 1619 1893 δρυμοῦ,
1637 1859 1683 1885 καὶ
1697 1858 1735 1889 ὡς
1750 1857 1869 1892 σκύμνος
1883 1858 1912 1883 ὲν

1125 1906 1261 1942 ποιμνίοις
1273 1907 1416 1943 προϐάτων
1427 1915 1433 1921 -
1449 1906 1478 1931 ὃν
1491 1905 1591 1940 τρόπον
1605 1904 1668 1930 ὃταν
1681 1903 1781 1940 διέλθῃ,
1799 1904 1846 1930 καὶ
1859 1902 1912 1930 δια-

1126 1953 1231 1984 στείλας
1249 1953 1369 1989 ἁρπάσῃ,
1387 1951 1434 1978 καὶ
1449 1950 1486 1986 μὴ
1501 1950 1517 1986 ᾖ
1533 1951 1547 1976 ό
1562 1949 1752 1985 ἐξαιρούμενος
1763 1957 1770 1963 ·
1791 1958 1800 1974 ι
1818 1949 1852 1976 δι’
1873 1945 1911 1976 ὧν

1125 1997 1201 2034 οἶμαι
1212 1997 1356 2034 δηλοῦσθαι
1367 1997 1397 2023 τὸ
1412 1996 1558 2031 θαρσαλέον
1577 1995 1623 2022 καὶ
1638 1994 1846 2028 ἀκατάπληκτον
1864 1993 1912 2020 τοῦ

1126 2043 1304 2072 ἀποστολικοῦ
1329 2042 1515 2078 κηρύγματος.
1539 2041 1621 2074 Δίκην
1647 2040 1711 2074 γοῦν
1731 2039 1836 2070 λέοντος
1865 2039 1912 2066 καὶ

1128 2091 1246 2127 σκύμνου
1271 2092 1299 2116 ὲν
1314 2089 1352 2124 τῷ
1368 2087 1463 2124 δρυμῴ
1485 2087 1539 2114 τῶν
1553 2087 1647 2119 ἐθνῶν,
1665 2087 1710 2114 καὶ
1727 2087 1755 2113 ἐν
1778 2087 1838 2118 ταῖς
1857 2086 1913 2113 τῶν

1127 2136 1301 2173 ἀνθρωπίνων
1314 2135 1456 2171 προΰάτων
1472 2134 1583 2168 ἀγέλαις
1601 2133 1780 2164 εἰσϐαλόντες,
1795 2133 1842 2159 καὶ
1856 2132 1912 2159 δια-

1128 2183 1279 2213 στείλαντες
1290 2183 1352 2212 τοὺς
1365 2180 1455 2214 ἀξίους
1469 2180 1523 2206 ἀπὸ
1539 2179 1591 2205 τῶν
1603 2179 1729 2212 ἀναξίων,
1741 2178 1914 2213 ὑπηγάγοντο

1128 2229 1165 2264 τῷ
1177 2227 1295 2263 Χριστοῦ
1310 2227 1381 2261 λόγῳ
1393 2235 1399 2241 ·
1415 2226 1482 2261 πρὸς
1496 2225 1525 2251 ὃν
1538 2225 1601 2259 ἑξῆς
1621 2225 1801 2259 ἀναφωνεῖται
1816 2223 1850 2250 τὰ
1866 2222 1912 2250 ἀπ’

292 2283 403 2306 ruentes
414 2298 421 2310 ,
439 2282 466 2305 et
481 2278 673 2314 dispertientes
696 2278 793 2314 dignos
815 2278 850 2305 ab
870 2277 991 2312 indignis
1002 2297 1010 2310 ,
1027 2285 1071 2305 eos

1127 2275 1208 2302 αὑτοῦ
1221 2283 1228 2290 ’
1245 2284 1254 2300 ι
1279 2272 1466 2308 Ὑψωθήσεται
1491 2272 1508 2306 ἡ
1523 2271 1583 2306 χείρ
1599 2280 1645 2297 σου
1667 2271 1713 2297 ἐπὶ
1733 2270 1796 2301 τοὺς
1811 2269 1907 2296 θλίϐον-

291 2324 393 2351 Christi
411 2324 494 2351 verbo
509 2324 696 2358 subjecerunt.
714 2324 754 2351 Ad
770 2332 850 2358 quem
866 2323 996 2358 deinceps
1012 2331 1076 2357 pro-

290 2372 426 2402 feruntur,
442 2377 502 2405 quae
518 2370 552 2397 ab
571 2370 631 2404 ipso
651 2369 706 2397 sint
729 2373 888 2396 manatura:
906 2378 914 2394 ι
931 2369 1076 2395 extolletur

291 2426 388 2444 manus
405 2422 450 2444 tua
465 2424 549 2452 super
562 2415 714 2451 allligentes
737 2419 780 2447 te,
803 2421 830 2443 et
850 2422 947 2442 omnes
973 2414 1076 2442 inimici

290 2463 328 2490 tui
345 2463 491 2498 perdentur
505 2472 511 2489 :
533 2472 542 2488 ι
558 2462 631 2497 quod
649 2462 746 2496 ipsum'
754 2469 819 2488 sane
835 2461 918 2488 etiam
933 2461 1021 2488 oculis
1035 2461 1077 2487 in-

291 2510 360 2536 tueri
377 2510 450 2537 licet.
467 2509 599 2542 Quamvis
623 2508 696 2536 enim
715 2508 825 2538 multis,
847 2507 972 2542 quamvis
994 2507 1076 2533 innu-

291 2555 468 2582 merabilibus
479 2575 487 2587 ,
501 2554 606 2582 Christi
620 2554 734 2581 verbum
752 2553 867 2580 antehac
884 2552 1076 2586 ailligentibus,

291 2604 319 2627 et
334 2600 414 2627 hodie
433 2608 541 2636 quoque
561 2599 784 2636 oppugnantibus
795 2619 803 2631 ,
820 2599 902 2626 altius
919 2603 1010 2625 tamen
1033 2605 1076 2633 ip-

293 2654 354 2673 sum
370 2647 454 2679 abiit.
476 2652 502 2675 et
518 2649 657 2683 potentius
673 2647 779 2675 cunctis
800 2646 926 2673 effectum
946 2650 997 2673 est.
1024 2644 1077 2673 Sed

1124 2323 1174 2354 τάς
1195 2329 1235 2352 σε,
1252 2319 1299 2347 καὶ
1330 2319 1430 2350 πάντες
1449 2319 1474 2344 οἱ
1491 2317 1581 2352 ἐχθροί
1606 2326 1651 2344 σου
1677 2315 1913 2352 ὲξολοθρευθήσον-

1126 2377 1184 2396 ται·
1201 2368 1215 2393 ὃ
1228 2368 1274 2394 καὶ
1289 2366 1355 2393 αὐτὸ
1372 2365 1503 2401 πάρεστιν
1518 2363 1666 2398 ὀφθαλμοῖς
1681 2361 1905 2398 παραλαμϐάνειν

1127 2413 1239 2449 Μυρίων
1253 2412 1308 2448 γὰρ
1320 2412 1389 2439 ὅσων
1402 2411 1447 2437 τὸν
1464 2410 1582 2446 Χριστοῦ
1599 2409 1677 2443 λόγον
1692 2408 1853 2443 θλιψάντων,
1869 2407 1913 2433 καὶ

1127 2459 1210 2486 εἰσέτι
1236 2458 1284 2485 νῦν
1310 2456 1509 2492 πολεμούντων,
1537 2454 1680 2491 ὑπερήρθη
1709 2453 1755 2480 καὶ
1785 2452 1913 2488 κρείττων

1127 2506 1234 2532 πάντων
1248 2504 1370 2538 γέγονεν,
1392 2502 1472 2528 Ἀλλὰ
1487 2502 1535 2528 καὶ
1550 2500 1646 2536 ὑψώθη
1669 2501 1685 2535 ἡ
1703 2499 1763 2534 χεὶρ
1777 2497 1824 2524 τοῦ
1849 2497 1911 2532 Χρι-

1127 2551 1189 2578 στοῦ
1217 2550 1287 2577 κατὰ
1311 2549 1420 2576 πάντων
1443 2547 1496 2574 τῶν
1522 2547 1674 2581 θλιψὰντων
1700 2544 1799 2571 αὐτόν·
1831 2544 1857 2570 οῖ
1887 2551 1917 2569 τε

1127 2597 1218 2634 ἐχθροὶ
1230 2595 1311 2623 αὑτοῦ
1327 2595 1436 2626 πάντες,
1454 2595 1478 2620 οἱ
1495 2593 1566 2620 κατὰ
1581 2592 1693 2627 χρόνους
1705 2589 1917 2625 ἐπανιστάμενοι

1127 2642 1209 2670 αὐτοῦ
1222 2643 1255 2676 τῇ
1275 2639 1430 2674 Ἐκκλησία,
1444 2636 1714 2673 ὲξολοθρευυήσεσθαι
1728 2635 1863 2670 λέγονται.

293 2693 374 2720 etiam
401 2694 428 2720 in
457 2695 564 2722 sublimi
593 2696 724 2722 collocata
754 2700 796 2723 est
812 2702 909 2722 manus
933 2694 1049 2727 Christi,
1079 2697 1175 2720 contra
1191 2698 1286 2718 omnes
1307 2689 1353 2724 qui
1372 2689 1460 2723 ipsum
1484 2687 1650 2714 all'lixerint:
1676 2685 1792 2719 ejusque
1811 2681 1916 2709 inimici

295 2738 431 2770 universi,
449 2739 531 2767 variis
546 2741 714 2774 temporibus
731 2745 826 2768 contra
842 2739 902 2775 eius
918 2739 1067 2767 Ecclesium
1082 2738 1255 2770 insurgentes
1266 2757 1273 2767 ,
1291 2733 1420 2769 perdendi
1435 2741 1495 2760 esse
1511 2732 1650 2758 dicuntur.

557 2785 611 2812 ιιι.
631 2787 651 2812 Α
669 2786 810 2821 Sophonia.

334 2841 342 2856 ι
357 2831 425 2864 Quia
440 2835 506 2859 tunc
520 2828 677 2860 corfvertam
690 2834 717 2860 iu
731 2833 847 2869 ponulos
860 2833 996 2869 linguamI
1012 2837 1040 2860 ut
1052 2831 1079 2859 iu

332 2877 355 2891 "
373 2877 452 2904 Mich.
471 2885 498 2908 ν,
519 2877 576 2905 7-9.

335 2923 372 2959 tl)
391 2923 469 2951 οὐδ’.
484 2922 563 2953 Forte
576 2923 634 2950 οὐκ.
652 2923 730 2950 Epit.
749 2922 834 2951 Pus.

1341 2780 1402 2806 NB“.
1417 2779 1483 2806 Ἀπὸ
1499 2777 1551 2804 τοῦ
1567 2776 1723 2810 Σοφονιόυ.

1199 2828 1260 2855 Ὅτι
1278 2826 1337 2853 τότε
1360 2822 1536 2860 μεταστρέψαι
1559 2822 1604 2847 ἐπὶ
1628 2821 1708 2852 λαοὺς
1731 2819 1856 2854 γλῶσσαν
1879 2817 1919 2848 εἰς

1169 2917 1206 2950 (2)
1230 2917 1312 2944 Οὔτε.
1330 2916 1409 2944 Forte
1424 2915 1483 2942 οὐκ.
1499 2914 1576 2942 Εω-ι.
1590 2913 1675 2941 Pun.
