2071 3219
163 195 215 222 15⁸1

617 196 944 226 DEMONSTRATIONIS
967 196 1197 225 EVANGELIC/It.
1217 199 1280 224 LIB.
1302 200 1334 225 It.

1736 200 1787 228 158

163 253 248 288 ονομα
264 253 386 290 Κυρίου,
409 253 456 280 τοῦ
474 253 608 280 δουλεύειν
629 254 704 288 αὐτῷ
728 254 779 280 ὐπδ
795 253 875 288 ζυγὸν
896 254 952 281 ἕνα.

1007 254 1118 281 nomine
1130 253 1237 281 Domini
1253 253 1377 282 serviant
1390 253 1416 280 ei
1430 253 1481 281 sub
1492 253 1558 289 jugo
1573 261 1637 281 uno.
1651 253 1672 281 Δ
1688 253 1788 282 ﬁnibus

171 298 218 324 Ἐκ
234 299 365 333 περάτων
390 298 518 333 ποταμῶν
539 298 680 330 Αἰθιοπίας
696 298 877 334 προσδέξομαι
891 300 954 331 τοὺς

168 345 339 377 ἱκετεύοντὰς
356 354 389 380 με
402 354 408 360 ·
429 345 480 371 υἱοὶ
498 344 551 370 τῶν
565 345 768 380 διεσπαρμένων
790 345 890 372 οἴσουσι
906 345 952 370 θυ-

169 391 226 422 σίας
251 399 308 425 μοι.
332 391 378 417 Ἑν
393 392 426 426 τῇ
444 391 533 425 ἡμέρᾳ
549 391 638 426 ἐκείνῃ
656 392 686 417 οὺ
703 392 738 426 μὴ
753 391 953 426 καταισχυνθῇς

167 439 199 465 ὲκ
215 440 324 466 πάντων
339 439 394 465 τῶν
410 438 630 474 ἐπιτηδευμάτων
643 446 698 468 σου,
712 434 748 463 ὧν
766 437 900 472 ἠσέϐησας
915 438 954 468 εἰς

168 484 232 518 ὲμέ“
253 484 294 510 ὅτι
309 484 369 510 τότε
390 484 506 519 περιελῶ
526 484 579 509 ἀπὸ
601 482 646 508 σοῦ
663 482 696 508 τὰ
713 482 885 517 φαυλίσματα
905 482 954 516 τῆς

169 529 272 565 ὕϐρεώς
290 538 348 561 σου,
361 530 408 557 καὶ
426 530 517 556 οὐκέτι
542 530 571 556 οὐ
591 530 627 564 μὴ
643 529 791 564 προστεθῇς
805 529 851 555 τοῦ
872 538 954 564 μεγα-

168 576 298 611 λαυχήσαι
316 578 361 603 ἐπὶ
375 578 405 603 τὸ
418 578 478 612 όρος
491 578 521 603 τὸ
539 577 614 611 ἅγιόν
631 586 690 612 μου,
708 578 754 603 καὶ
775 577 954 612 ὑπολείψομαι

168 624 196 649 ἐν
215 623 254 649 σοὶ
277 623 340 650 λαδν
361 625 447 659 πρᾶον
464 624 510 650 καὶ
531 624 673 650 ταπεινόν·
699 624 745 650 καὶ
762 623 954 658 εὐλαϐήσονται

167 669 195 694 ἐν
208 668 246 703 τῷ
259 669 370 704 ὀνόματι
387 669 488 704 Κυρίου
505 670 529 695 οἱ
545 668 702 695 κατάλοιποι
713 669 759 694 τοῦ
780 669 895 703 Ἰσραὴλ,
909 668 955 694 καὶ

167 714 197 740 οὐ
212 715 372 748 ποιήσουσιν
385 714 500 745 ἀδικίαν,
517 714 564 741 καὶ
579 715 608 740 οὺ
621 714 764 749 λαλήσουσι
783 714 892 748 μάταια,
911 714 955 739 καὶ

167 760 198 786 οὺ
216 759 252 795 μὴ
265 760 362 795 εὑρεθῇ
380 761 408 786 έν
426 760 538 795 στόματι
554 759 642 786 αὐτῶν
654 759 761 793 γλῶσσα
782 759 871 785 δολία·
889 759 955 784 διότι

167 806 243 832 αὐτοὶ
255 808 419 841 νεμήσονται
435 806 481 832 καὶ
502 806 734 841 κοιταςθήσονται,
756 805 802 831 καὶ
818 805 867 831 οὐκ
881 804 955 830 ἔσται

166 854 181 879 ὸ
200 851 323 886 ὲκιροὸὦν
349 852 455 883 αὐτούς.
479 861 487 878 ι
515 852 570 878 Καὶ
588 853 616 877 έν
643 851 746 882 τούτοις
765 850 954 885 ὑπολείψεσθαι

167 898 256 933 ἑαυτῷ
275 898 338 924 λαὸν
358 898 449 935 πραῢν
463 899 509 925 καὶ
527 899 652 924 ταπεινὸν
666 898 679 923 ό
702 897 802 932 Κύριος
821 896 955 932 ἐπήγγελ-

1004 299 1146 327 ﬂuminum
1165 299 1311 335 Ethiopiae
1333 299 1481 334 suscipiam
1499 300 1686 335 supplicantes
1701 301 1766 327 inibi
1781 310 1787 327 ι

1004 347 1190 381 dispersorum
1217 347 1305 373 ferent
1328 347 1433 374 hostias
1458 347 1535 373 Inibi.
1562 346 1589 373 In
1613 347 1656 374 die
1672 348 1717 374 illa
1733 356 1787 374 non

1004 393 1150 419 erubesces
1171 401 1202 419 ex
1226 393 1353 419 omnibus
1376 393 1474 420 studiis
1498 394 1566 425 luis,
1585 394 1684 428 quibus
1708 394 1788 427 impie

1004 439 1082 473 egiin
1098 439 1241 466 adversum
1258 447 1317 472 me;
1334 440 1397 474 quia
1416 443 1480 465 tunc
1505 440 1624 466 auferam
1648 448 1662 466 a
1677 444 1703 467 te
1726 448 1788 475 pm-

1006 486 1052 512 bra
1068 486 1241 512 contumeliae
1257 490 1309 511 tute
1320 506 1326 516 ,
1343 491 1369 512 et
1386 494 1439 513 non
1456 487 1526 512 ultra
1548 485 1661 520 adjicies
1677 487 1788 521 gloriari

1005 539 1089 565 super
1103 535 1193 557 monte
1208 536 1304 558 sancto
1320 540 1398 563 meo,
1421 536 1447 558 et
1469 532 1621 566 relinquam
1643 532 1670 558 in
1692 536 1717 560 te
1738 540 1789 567 po-

1006 577 1097 611 pudum
1128 581 1300 603 mansuetum
1330 581 1357 603 et
1383 577 1528 608 humilem.
1551 582 1577 603 et
1603 577 1738 604 cavebunt
1760 578 1789 605 in

1006 623 1117 650 nomine
1141 622 1248 649 Domini
1262 643 1268 653 ,
1291 623 1336 653 qui
1361 623 1458 657 reliqui
1483 623 1583 649 fuerint
1597 632 1629 651 ex
1646 623 1746 656 Israel,
1763 629 1789 651 et

1006 678 1059 695 non
1074 669 1175 695 facient
1191 669 1366 703 injuslitiam,
1384 674 1411 695 et
1428 678 1480 695 non
1499 670 1643 704 loquentur
1660 678 1727 696 vana
1739 690 1746 702 ,
1763 673 1789 697 et

1005 723 1059 741 non
1078 716 1231 741 invenietur
1246 716 1273 742 iu
1288 724 1334 742 ore
1354 724 1448 742 eorum
1472 716 1562 750 lingua
1584 716 1697 749 dolosa;
1721 724 1789 751 quo-

1006 761 1078 787 niam
1098 762 1148 795 ipsi
1169 766 1314 795 pascentur
1329 767 1355 788 et
1374 762 1531 793 cubabunt,
1553 766 1579 789 et
1598 770 1655 789 non
1671 763 1722 789 erit
1742 763 1789 797 qui

1005 809 1142 833 exterreat
1156 815 1203 834 eos
1219 807 1252 834 ⁸ο.
1270 818 1278 832 ι
1293 807 1346 841 83
1364 807 1391 833 In
1417 808 1459 834 his
1476 809 1539 834 item
1561 808 1716 835 relicturum
1738 808 1788 835 sibi

1007 852 1134 885 populum
1145 856 1315 878 mansuetum
1330 857 1354 878 ct
1371 853 1497 879 humilem
1512 853 1640 881 Dominus
1654 854 1789 888 pollicitus

1007 902 1046 924 est
1057 918 1064 929 ,
1081 906 1133 924 non
1151 899 1232 924 alium
1252 900 1345 933 utique
1362 900 1520 934 signiﬁcans
1531 921 1538 930 ,
1553 908 1634 934 quam
1648 908 1709 926 eum
1721 920 1729 931 ,
1744 901 1789 935 qui

165 953 221 974 ται,
237 945 287 970 οὐκ
310 944 388 971 ἄλλον
412 944 508 980 δηλῶν,
527 945 542 979 ἢ
566 944 611 970 τὸν
632 945 663 969 ἐκ
685 943 834 979 περιτομῆς
852 944 892 974 εἰς
910 943 952 968 τὴν

1006 943 1038 969 de
1053 944 1263 971 circumrisione
1278 945 1303 970 in
1320 945 1460 972 Christum
1476 946 1562 980 ipsius
1577 946 1612 972 sit
1625 946 1789 973 crediturus.

166 990 283 1025 Χριστὸν
297 990 379 1017 αὑτοῦ
400 991 608 1017 πεπιστευκότα.
624 990 678 1017 Καὶ
695 990 774 1016 πάλιν
795 991 856 1020 τοὺς
872 998 954 1015 κατα-

165 1037 274 1069 λοίπους
296 1038 343 1064 τοῦ
368 1037 473 1073 Ἰσραὴλ
499 1038 596 1072 μόνους
617 1037 785 1072 σωθήσεσθαι
813 1035 881 1070 μετὰ
903 1035 954 1068 τῆς

164 1083 218 1110 τῶν
236 1083 337 1110 λοιπῶν
351 1083 435 1109 ὲθνῶν
449 1084 580 1118 κλήσεως,
595 1083 628 1118 ἦν
651 1084 680 1109 ὲν
694 1084 749 1113 τοῖς
773 1081 889 1117 πρώτοις
905 1082 954 1115 τῆς

165 1130 334 1165 προφητείας
350 1130 396 1165 ἒσή
402 1138 504 1165 μαινεν.

359 1187 420 1212 NI".
442 1187 513 1213 Ἀπὸ
528 1186 580 1213 τοῦ
597 1186 756 1220 Ζαχαρίου.

202 1241 211 1257 ‹
234 1231 300 1257 Ἰδοὺ
319 1231 409 1267 ήμέρα
429 1231 535 1266 ἔρχεται
551 1233 580 1258 ὲν
593 1232 643 1263 σοὶ,
657 1231 702 1257 καὶ
717 1230 953 1266 διαμερισθήσεται

162 1276 197 1303 τὰ
213 1275 300 1302 σκῦλά
317 1284 364 1302 σου
382 1277 410 1302 ἐν
429 1277 487 1303 σοί·
505 1278 550 1303 καὶ
568 1276 722 1307 ἐπισυνάξω
740 1277 827 1302 πάντα
842 1276 875 1301 τὰ
889 1275 952 1309 ἔθνη

163 1323 209 1348 ἐπὶ
230 1322 407 1358 Ἰερουσαλὴμ
419 1323 458 1354 είς
476 1322 603 1357 πόλεμον,
620 1322 666 1348 καὶ
683 1321 814 1348 ἁλώσεται
829 1322 845 1355 ἡ
865 1321 951 1351 πόλις,

164 1368 210 1394 καὶ
226 1367 461 1403 διαρπαγήσονται
480 1368 574 1398 οἰκίαι,
599 1368 644 1393 καὶ
662 1368 687 1393 αἱ
707 1368 836 1400 γυναῖκες
857 1367 951 1401 μολυν-

163 1412 302 1447 θὴσονται,
328 1413 374 1439 καὶ
393 1412 561 1446 ἐξελεύσεται
578 1413 607 1439 τὸ
629 1413 712 1447 ἥμισυ
734 1412 785 1446 τῆς
807 1412 908 1443 πόλεως
925 1413 954 1437 ἐν

163 1458 348 1494 αἰχμαλωσίᾳ·
369 1460 394 1485 οἱ
415 1459 443 1485 δὲ
465 1459 623 1485 κατάλοιποι
648 1458 694 1484 τοῦ
718 1458 781 1485 λαοῦ
801 1467 850 1493 μου
867 1458 896 1483 οὐ
917 1457 952 1492 μὴ

163 1504 436 1540 ὲξολοθρευθήσονται
460 1507 491 1532 ἐκ
511 1505 561 1540 τῆς
588 1505 701 1535 πόλεως.
733 1515 740 1529 ι
768 1504 878 1539 Συνᾲδει
907 1504 953 1529 καὶ

161 1551 248 1577 ταῦτα
262 1551 317 1581 τοῖς
331 1549 549 1585 προτεθειμένοις
563 1550 608 1576 ἐπὶ
622 1550 660 1584 τῷ
671 1549 773 1584 ὀλέθρῳ
790 1549 835 1574 τοῦ
855 1549 952 1579 παντὸς

169 1595 302 1622 Ἰουδαίων
323 1595 425 1627 ἔθνους,
448 1595 602 1630 μετελθόντι
623 1596 721 1626 αὐτοὺς
746 1595 814 1634 μετὰ
835 1595 883 1629 τὴν
906 1594 952 1620 τοῦ
968 1608 987 1634 C

162 1641 279 1676 Χριστοῦ
293 1642 443 1677 παρουσίαν
457 1641 667 1677 πεπληρωμένα.
683 1641 759 1667 Μετὰ
774 1639 819 1667 οὗν
835 1640 883 1675 τὴν
901 1641 953 1666 ἀπὸ

163 1686 322 1718 Βαϐυλῶνος
343 1687 469 1713 ἐπάνοδον
485 1687 570 1713 ταῦτα
588 1688 601 1713 ὁ
620 1687 756 1722 Ζαχαρίας
774 1687 951 1722 προφητεύει,

163 1731 300 1764 θεσπίζων
321 1733 370 1767 τὴν
388 1733 440 1759 ὑπὸ
466 1733 607 1767 Ῥωμαίων
629 1733 813 1768 γενησομένην
832 1733 950 1767 ὑστάτην

163 1778 323 1814 πολιορκίαν
337 1778 384 1805 τοῦ
403 1778 477 1810 λαοῦ,
495 1780 535 1812 ἐφ’
591 1780 636 1805 τοῦ
654 1780 753 1811 παντὸς
769 1779 860 1811 ἔθνους
887 1780 952 1805 Ἰου-

162 1824 244 1851 δαίων
253 1825 414 1860 ὑποχειρίου
426 1826 481 1855 τοῖς
493 1825 631 1859 πολεμίοις
646 1826 840 1860 γενησομένου,
858 1827 953 1861 μόνους

163 1870 486 1905 φησὶητοὺςκαταλοίπους
496 1870 542 1896 τοῦ
554 1871 617 1896 λαοῦ
630 1870 807 1906 σωθήσεσθαι,
823 1872 951 1907 ἄντικρυς

163 1917 261 1949 αὐτοὺς
285 1917 349 1948 τοὺς
372 1917 591 1949 ἀποστόλουςτοῦ
618 1917 743 1952 Σωτῆρος
765 1917 842 1953 ἡμῶν
856 1917 952 1953 δηλῶν.

362 1973 424 2000 ΝΔ¹.
446 1973 518 2001 Ἀπὸ
535 1974 588 2001 τοῦ
606 1974 755 2008 Ἰερεμίου.

201 2029 211 2046 ι
236 2020 452 2055 Ἐπιστράφητε,
469 2020 523 2046 υἱοὶ
538 2020 733 2054 ἀφεστηκότες,
748 2020 822 2054 λέγει
842 2020 952 2056 Κύριος

163 2066 230 2092 διότι
241 2064 298 2099 ἐγὼ
308 2064 516 2100 κατακυριεύσω
527 2064 614 2100 ὑμῶν,
626 2066 673 2091 καὶ
680 2064 799 2100 λήψομαι
812 2066 893 2100 ὑμᾶς,
906 2065 953 2091 ἕνα

163 2112 195 2137 ἐκ
210 2110 325 2142 πόλεως,
343 2110 390 2137 καὶ
403 2109 450 2136 δύο
461 2110 492 2136 ἐκ
509 2111 634 2145 πατριᾶς·
654 2110 700 2137 καὶ
716 2109 816 2143 εἰσάξω
829 2111 900 2145 ὑμᾶς
914 2111 954 2142 εἰς

164 2155 243 2188 Σιὼν,
257 2156 305 2182 καὶ
318 2155 395 2182 δώσω
408 2157 472 2191 ὑμῖν
483 2156 615 2191 ποιμένας
626 2156 696 2183 κατὰ
706 2156 755 2192 τὴν
763 2156 877 2192 καρδίαν
890 2165 952 2192 μου,

163 2201 210 2228 καὶ
224 2200 406 2236 ποιμανοῦσιν
419 2202 501 2237 ὑμᾶς,
516 2202 705 2237 ποιμαίνοντες
717 2202 776 2237 μετ“
787 2203 950 2238 ἐπιστήμης.

163 2247 217 2274 Καὶ
248 2247 336 2278 ἔσται,
358 2247 406 2274 ἐὰν
431 2247 612 2284 πληθυνθῆτε,
635 2249 682 2274 καὶ
710 2248 855 2284 αὐξηθῆτε,
877 2249 950 2283 λέγει

163 2293 274 2328 Κύριος,
303 2294 332 2319 ὲν
352 2294 412 2325 ταῖς
433 2294 549 2330 ἡμέραις
563 2293 681 2325 ἐκείναις
696 2294 746 2320 οὐκ
770 2294 877 2330 ἐροῦσιν
898 2294 947 2321 ἔτι·

163 2339 286 2370 mam-.5;
308 2339 445 2375 Διαθήκης
463 2339 566 2375 Κυρίου
594 2339 702 2376 Ἰσραὴλ
720 2340 769 2366 οὐκ
786 2340 951 2376 ἀναϐήσεται

163 2385 209 2411 ἐπὶ
223 2384 351 2420 καρδίαν,
363 2384 422 2411 οὐδὲ
433 2385 658 2421 όνομασθήσεται,
673 2385 720 2412 καὶ
732 2385 762 2411 οὐ
774 2385 950 2420 ποιηθήσεται

163 2430 210 2456 ἔτι.
241 2440 251 2456 ι
284 2430 369 2466 Ὀμοῦ
394 2431 440 2457 καὶ
461 2431 490 2457 ἐν
511 2431 612 2463 τούτοις
638 2430 688 2465 τὴν
716 2430 881 2466 ἐπιστροφὴν
903 2430 950 2457 τοῦ

168 2476 277 2512 Ἰσραὴλ
294 2476 344 2512 τὴν
360 2477 389 2503 ὲν
403 2478 436 2512 τῇ
453 2477 587 2513 παρουσίᾳ
602 2476 649 2504 τοῦ
665 2476 791 2512 Σωτῆρος
803 2477 880 2512 ἡμῶν
899 2477 951 2512 ἰη-

163 2522 210 2549 οοῦ
226 2522 347 2558 Χριστοῦ
365 2523 547 2558 γενησομένην
563 2523 694 2555 θεσπίζει,
710 2522 770 2549 καθ’
787 2522 830 2557 ἢν,
855 2522 903 2549 ἕνα
917 2523 951 2549 ἐκ

163 2569 278 2601 πῶεως,
287 2568 387 2595 καὶδύο
395 2570 427 2595 ἐκ
436 2570 563 2605 πατριᾶς,
574 2570 620 2596 καὶ
629 2569 729 2605 σφόδρα
738 2568 894 2603 ὀλιγοστοὺς
902 2569 949 2595 καὶ

163 2614 270 2650 ἀριθμῷ
284 2614 395 2651 βραχεῖς
409 2615 597 2650 ἐκλεξάμενος,
609 2616 741 2651 ποιμένας
751 2615 803 2642 τῶν
815 2616 855 2646 είς
869 2614 950 2641 αὐτὸν

164 2661 383 2688 πεπιστευκότων
408 2660 492 2689 ἐθνῶν
513 2661 562 2696 (I),
581 2662 627 2688 καὶ
645 2661 816 2696 αὐξηθέντων
833 2661 879 2687 ἐπὶ
899 2660 950 2695 τῆς

168 2705 213 2740 γῆς
221 2708 250 2733 ἐν
259 2707 293 2741 τῇ
304 2706 432 2733 διἀὺτῶν
443 2707 558 2742 ἐσομένη
574 2707 667 2742 κλήσει
678 2717 732 2734 των
744 2707 837 2734 ἐθνῶν·
853 2716 862 2732 ι
875 2707 947 2733 Οὐκ-

167 2751 212 2783 έτι,
221 2753 313 2788 φησὶν,
323 2752 438 2788 ἐροῦσιν·
449 2754 571 2785 Κιὸωτδς
579 2753 713 2789 Διαθήκης
721 2754 832 2790 Κυρίου·
840 2764 849 2779 ι
857 2753 948 2780 οὐκέτι

169 2799 216 2832 γὰρ
231 2798 278 2824 ἑπί
294 2797 344 2830 τὰς
356 2798 478 2831 Μωσέως
491 2799 707 2835 ἁναδραμοῦνται
722 2799 949 2835 σωμᾳωωέοας

1006 988 1037 1014 Et
1055 997 1149 1015 rursus
1164 997 1211 1015 eos
1227 1010 1234 1021 ,
1252 990 1297 1024 qui
1318 991 1416 1024 reliqui
1436 991 1536 1017 iuerint
1550 999 1583 1018 ex
1601 991 1681 1018 Israel
1693 1011 1700 1023 ,
1719 992 1790 1019 solos

1006 1035 1095 1061 salvos
1110 1033 1235 1062 futuros.
1256 1043 1317 1061 cum
1342 1036 1508 1070 reliquarum
1531 1038 1651 1071 gentium
1671 1038 1790 1064 vocatio-

1005 1089 1052 1113 ne,
1072 1089 1153 1115 quam
1172 1082 1247 1108 initio
1265 1083 1414 1116 prophetia:
1432 1083 1606 1117 significavit.

1261 1181 1326 1209 LIII.
1353 1182 1373 1208 Α
1394 1181 1535 1209 lac/uaria.

1043 1235 1051 1250 ι
1067 1226 1136 1252 Ecce
1149 1225 1207 1254 dies
1223 1227 1312 1253 veniet
1327 1228 1352 1253 in
1369 1231 1404 1258 te,
1421 1231 1448 1254 et
1472 1228 1630 1255 dividentur
1642 1229 1728 1263 spolia
1746 1234 1790 1257 tua

1004 1271 1030 1297 in
1048 1275 1073 1297 te
1090 1281 1095 1298 :
1112 1276 1139 1297 et
1153 1273 1323 1306 congregabo
1347 1280 1442 1299 onmes
1459 1277 1552 1307 gentes
1574 1274 1601 1300 in
1623 1274 1790 1302 Hierusalem

1004 1317 1037 1343 ad
1058 1317 1167 1349 bellum,
1191 1322 1217 1344 et
1237 1320 1360 1352 capietur
1383 1319 1489 1348 civitas.
1517 1324 1543 1347 et
1564 1320 1727 1355 diripientur
1741 1321 1790 1348 do-

1005 1371 1075 1393 mus,
1092 1368 1118 1390 et
1131 1364 1259 1391 mulieres
1272 1364 1497 1399 inquinabuntur,
1511 1370 1535 1392 ct
1549 1366 1633 1393 exibit
1649 1366 1790 1393 dimidium

1004 1409 1122 1435 civitatis
1138 1410 1164 1436 in
1181 1411 1338 1445 captivitate
1354 1421 1360 1437 :
1377 1412 1473 1445 reliqui
1493 1420 1556 1438 vero
1569 1420 1601 1439 ex
1618 1413 1717 1447 popqu
1730 1421 1793 1440 meo

1004 1461 1057 1480 non
1082 1454 1229 1489 perdentur
1251 1455 1284 1482 de
1308 1456 1463 1483 civitate“.
1480 1466 1489 1481 ι
1514 1457 1704 1484 Consentanca
1729 1462 1794 1485 sunt

1004 1499 1061 1525 haec
1084 1500 1117 1526 iis
1132 1508 1193 1534 qua:
1217 1501 1357 1535 proposita
1386 1507 1450 1527 sunt
1465 1501 1498 1528 de
1523 1502 1634 1528 interitu
1658 1503 1793 1530 universa:

1005 1546 1122 1573 nationis
1135 1545 1302 1577 ludat-orum,
1313 1547 1357 1581 qui
1375 1547 1407 1573 ad
1422 1548 1481 1574 illas
1497 1552 1557 1582 post
1572 1548 1674 1575 Christi
1691 1549 1791 1576 adven-

1005 1596 1060 1618 tum
1080 1593 1211 1626 pervenit.
1234 1593 1296 1619 Ilmc
1318 1594 1390 1620 enim
1417 1593 1563 1622 Zacharias
1591 1599 1651 1629 post
1675 1595 1792 1623 reditum

1005 1639 1038 1666 de
1062 1639 1196 1674 Babylone
1216 1641 1390 1670 vaticinatur,
1417 1648 1518 1667 canens
1539 1646 1688 1668 extremam
1718 1643 1791 1670 illam

1006 1685 1095 1719 populi
1113 1687 1302 1717 vastationem,
1320 1695 1380 1721 qua:
1392 1695 1407 1713 a
1423 1687 1553 1714 Romanis
1568 1688 1708 1715 inferenda
1722 1694 1790 1722 erat,

1006 1732 1031 1758 in
1047 1740 1099 1766 qua
1119 1740 1180 1758 cum
1200 1737 1255 1759 tota
1270 1732 1382 1760 Iudaica
1397 1742 1463 1768 gens
1481 1736 1507 1760 in
1529 1735 1647 1761 hostium
1670 1740 1791 1770 potesta-

1005 1781 1057 1804 tem
1075 1782 1188 1803 ventura
1205 1784 1286 1810 esset,
1306 1779 1379 1805 solos
1399 1787 1446 1805 eos
1471 1779 1548 1810 dicit,
1567 1780 1612 1814 qui
1635 1780 1668 1807 de
1693 1781 1791 1814 popqu

1004 1824 1099 1858 reliqui
1118 1824 1228 1854 fuerint.
1245 1825 1335 1852 salvos
1353 1824 1409 1851 fore
1428 1835 1434 1851 ε
1449 1826 1488 1852 sic
1500 1833 1564 1852 sane
1577 1826 1715 1860 apostolos
1733 1825 1792 1852 Sal—

1006 1870 1106 1896 vatoris
1122 1871 1207 1896 nostri
1220 1871 1391 1905 apertissime
1406 1870 1578 1905 significans.

1255 1970 1322 1997 LIV.
1350 1970 1390 1997 Ab
1409 1970 1537 1997 Ieremia.

1041 2026 1051 2042 ‹
1067 2017 1275 2050 Convertimini,
1297 2017 1356 2048 lilii,
1373 2017 1420 2052 qui
1443 2016 1594 2049 defecistis,
1617 2015 1684 2043 dicit
1704 2016 1793 2047 Domi-

1004 2070 1077 2096 nus;
1105 2062 1234 2097 quoniam
1254 2069 1305 2097 ego
1324 2061 1486 2089 dominabor
1508 2062 1536 2088 in
1555 2061 1643 2093 vobis,
1669 2065 1697 2089 et
1719 2063 1792 2089 acci-

1004 2109 1076 2145 piam
1088 2117 1148 2141 vos,
1167 2116 1252 2136 unum
1270 2109 1304 2137 de
1324 2109 1444 2142 civitate,
1459 2113 1487 2136 et
1499 2109 1569 2137 duos
1584 2108 1618 2137 de
1636 2108 1748 2141 familia.
1765 2114 1792 2138 et

1004 2155 1137 2182 adducam
1153 2163 1202 2183 vos
1222 2156 1251 2183 in
1267 2155 1344 2188 Sion,
1367 2160 1394 2183 et
1408 2155 1479 2183 dabo
1504 2155 1581 2183 vobis
1599 2159 1725 2189 pastores
1747 2164 1792 2183 se-

1004 2203 1123 2228 cundum
1138 2209 1185 2228 θοι·
1202 2209 1302 2234 meum,
1318 2206 1346 2228 et
1363 2206 1476 2236 pascent
1493 2208 1552 2233 VOS,
1569 2205 1711 2236 pascentes
1728 2209 1790 2229 cum

1005 2248 1128 2275 scientia.
1155 2247 1186 2274 Et
1201 2248 1263 2280 erit,
1280 2255 1343 2275 eum
1367 2248 1542 2283 multiplicati
1557 2247 1666 2275 fueritis
1687 2253 1714 2275 et
1729 2255 1789 2275 cre—

1002 2294 1108 2325 veritis,
1132 2293 1197 2321 dicit
1220 2293 1364 2325 Dominus.
1380 2294 1407 2320 in
1433 2293 1530 2321 diebus
1555 2294 1611 2321 illis
1628 2301 1684 2321 non
1699 2294 1791 2322 dicent

1003 2339 1119 2374 amplius
1142 2347 1232 2366 :arca
1263 2338 1431 2367 Testamcnti
1464 2339 1570 2366 Domini
1601 2340 1701 2373 Israel,
1734 2349 1789 2369 non

1002 2385 1131 2414 ascendet
1158 2386 1185 2413 in
1212 2393 1271 2417 cor,
1288 2393 1377 2420 neque
1400 2386 1599 2417 nominabitur,
1622 2390 1649 2413 et
1668 2394 1723 2413 non
1744 2386 1789 2414 ﬁet

1003 2431 1159 2466 amplius".
1176 2440 1186 2457 ι
1204 2431 1233 2458 In
1248 2431 1291 2459 his
1304 2440 1414 2466 quoque
1429 2432 1636 2459 conversionem
1651 2431 1746 2464 Israel,
1759 2432 1787 2459 in

1002 2478 1121 2504 adventu
1137 2476 1288 2504 Salvatoris
1305 2478 1391 2505 nostri
1409 2477 1473 2504 Jesu
1489 2476 1593 2504 Christi
1607 2476 1725 2504 futuram
1741 2485 1774 2504 ca

1001 2524 1051 2555 nit,
1067 2523 1096 2549 in
1113 2530 1177 2557 qua,
1195 2530 1266 2549 cum»
1281 2530 1365 2549 unum
1390 2522 1423 2549 de
1442 2522 1550 2548 civitate
1564 2525 1591 2547 et
1612 2520 1681 2547 duos
1698 2520 1731 2548 de
1748 2520 1789 2547 fa-

1001 2569 1086 2601 milia,
1104 2572 1131 2595 et
1147 2567 1224 2595 valde
1238 2575 1340 2602 paucos
1367 2571 1394 2595 et
1410 2574 1524 2594 numero
1538 2567 1651 2601 exiguos
1665 2566 1786 2602 elegerit.

1000 2622 1095 2642 earum
1110 2622 1170 2649 qua:
1184 2614 1212 2641 in
1229 2614 1317 2649 ipsum
1331 2613 1497 2641 crediderint
1515 2612 1635 2648 gentium
1652 2617 1785 2647 pastores.

1000 2667 1117 2695 cumque
1132 2660 1160 2687 in
1181 2665 1253 2687 terra
1275 2663 1370 2694 gentes
1387 2660 1413 2686 in
1429 2667 1478 2686 sua
1498 2658 1618 2693 ipsarum
1633 2657 1725 2685 futura
1740 2665 1787 2685 vo-

1001 2707 1109 2734 catione
1125 2707 1262 2734 creverint
1280 2717 1286 2734 :
1311 2716 1320 2732 ι
1334 2705 1394 2733 Non
1422 2706 1503 2738 ultra,
1522 2706 1620 2741 inquit,
1635 2705 1669 2733 ab
1687 2705 1728 2733 eis
1744 2705 1787 2732 di-

1001 2758 1089 2785 cetur,
1115 2761 1179 2780 arca
1198 2752 1365 2781 Testamenti
1384 2751 1511 2784 Domini;
1528 2762 1537 2778 ι
1565 2760 1620 2779 non
1635 2751 1707 2779 enim
1727 2759 1784 2778 am-

1002 2799 1075 2835 ptius
1091 2799 1125 2827 ad
1149 2799 1250 2835 Moysis
1266 2799 1423 2835 corporales
1446 2799 1618 2827 adorationes
1633 2801 1784 2831 recurrent,

196 2874 217 2889 '°
233 2874 355 2911 Sophon.
373 2882 414 2908 III,
435 2876 510 2904 9-15.
547 2876 570 2893 ⁸¹
593 2876 707 2904 Zachar.
727 2877 857 2911 xuv,I,2.
894 2878 917 2895 ⁸³
932 2877 985 2905 Jer.
1004 2877 1036 2903 ll.
1054 2878 1147 2905 η-ιϋ.

198 2932 235 2968 (1)
255 2932 336 2962 Deest
354 2934 456 2968 aliqutd
471 2934 504 2963 ad
516 2934 906 2968 suii'ulciendamsententiam,
923 2935 950 2964 fo

1008 2937 1182 2973 καταστήσει.
1195 2937 1243 2965 Ευ.
