2071 3219
266 197 317 226 159

582 198 718 226 EUSEBII
737 194 975 225 CESARIENSIS
995 194 1069 222 OFP.
1092 193 1179 221 PARS
1197 193 1228 220 II.
1249 208 1284 212 —
1301 190 1548 219 AFOLOGETICA.

1834 189 1883 215 160

265 262 359 292 utpote
391 267 452 286 cum
479 261 519 288 eis
557 266 672 286 novum'
691 258 852 286 tradendum
884 258 920 284 sit
950 256 1048 283 Testa-

1104 254 1265 290 θρησκείας,
1294 253 1341 279 az:
1361 252 1456 285 καινῆς
1485 250 1619 286 Διαθήκης
1647 250 1736 281 αὐτοῖς
1766 249 1884 283 παραδοι

266 308 395 331 mentum.

515 350 570 386 84
581 349 637 378 LV.
650 350 689 376 Ab
703 349 800 376 eodem.

303 407 313 425 ι
328 397 575 432 Multiplicaverunt
595 397 748 431 impietates
772 402 852 427 suas,
876 393 1049 421 invaluerunt

267 445 295 473 In
311 443 499 472 aversiouibus
515 443 583 470 suis.
602 442 725 474 Quanam
745 449 778 469 ex
794 441 837 468 bis
853 440 985 475 propitius
1001 447 1049 467 ero

266 489 335 517 tibi?
356 489 404 516 ﬁlii
425 488 465 514 tui
486 488 690 522 dereliqueruut
713 494 766 518 me,
794 489 821 513 et
840 485 1000 521 iuraverunt
1020 484 1048 511 in

268 535 311 567 iis,
326 534 374 570 qui
389 533 427 560 dii
446 540 500 561 non
522 537 596 566 sunt,
620 537 648 560 et
667 531 788 560 saturavi
805 539 862 563 eos,
878 535 904 558 et
921 529 1049 557 moechati

268 584 344 610 sunt,
367 582 394 606 et
407 579 435 606 in
453 577 579 606 domibus
597 581 750 605 scortorum
767 575 965 606 habitaverunt,
986 574 1051 608 equi

271 625 383 652 libidine
412 623 509 659 perciti
530 626 693 653 evaserunt,
718 621 907 656 unusquisque
927 621 960 648 ad
981 627 1051 647 uxo-

268 678 324 698 rem
343 670 460 705 proximi
477 670 613 699 hinnitum
629 670 720 697 emisit
734 678 740 696 :
759 668 881 704 nunquid
895 675 948 694 non
969 674 1051 701 super

268 715 311 743 his
329 715 467 743 visitabo?
487 715 554 742 dicit
567 714 710 747 Dominus,
729 722 764 741 an
778 715 806 742 in
827 718 907 750 gente
925 714 972 740 tali
998 720 1051 740 non

269 759 416 786 ulciscetur
445 759 535 786 anima
563 758 643 786 mea?
676 758 823 786 Ascendite
849 759 1051 794 propugnacula

267 804 339 838 ejus,
356 809 383 831 et
393 804 517 839 jugulate
532 813 539 831 :
553 805 818 831 consummationem
832 811 897 832 vero
912 812 946 831 nc
961 804 1050 837 facile,

268 850 413 885 relinquite
422 850 580 878 l‘ulcimenta
587 850 657 884 ejus,
668 850 797 884 quoniam
807 849 914 876 Domini
925 850 1031 878 sunt".
1040 861 1049 876 ι

268 895 299 923 In
320 895 363 923 his
384 895 477 926 simul,
499 899 525 922 et
541 895 680 923 accusatio
700 896 785 923 totius
807 895 928 923 nationis
945 903 1050 927 eorum,

269 945 296 968 et
322 948 382 975 qua:
407 947 454 968 eos
476 941 612 975 oppressit
634 940 741 968 obsidio
765 940 903 967 indicatur
918 945 962 967 :et
984 949 1052 975 prze-
1068 937 1088 964 B

270 990 342 1013 terea
365 986 516 1018 residuum,
532 985 604 1020 quod
624 985 811 1012 fulcimentum
825 986 886 1020 ejus
906 985 1027 1012 nominat
1044 995 1051 1012 :

270 1039 331 1058 cum
355 1030 440 1065 ip'sius
461 1030 569 1057 Domini
591 1031 637 1059 sit.
665 1030 722 1058 Hoc
746 1038 811 1058 vero
833 1031 974 1058 residuum
991 1030 1051 1063 fuit,

270 1075 340 1110 quod
356 1083 388 1102 ex
403 1075 455 1102 [ide
470 1082 550 1109 quam
568 1075 595 1102 in
611 1075 752 1103 Christum
767 1075 814 1103 Dei
829 1076 933 1108 habuit,
950 1076 1052 1103 conﬁr-

270 1125 369 1147 matum
399 1120 601 1154 solidalumquc
617 1124 669 1152 est,
688 1124 718 1147 ut
731 1129 765 1148 nc
781 1122 814 1148 iis
831 1122 930 1149 similia
944 1126 1053 1156 patere-

270 1169 323 1197 tur,
338 1173 399 1200 quae
416 1166 546 1196 universa
564 1166 608 1192 illa
627 1173 693 1200 gens
714 1174 841 1200 perpessa
859 1171 911 1194 est.

516 1211 583 1239 LVI.
606 1212 643 1238 Ab
662 1211 807 1240 Ezechiele.

307 1265 318 1283 ι
338 1257 370 1285 Et
384 1257 483 1285 cadent
496 1258 631 1285 vulnerati
647 1258 675 1285 in
691 1258 780 1285 medio
792 1259 889 1292 vestri,
908 1262 935 1287 et
949 1266 1053 1293 cogno-

272 1303 354 1335 scetis
369 1303 442 1337 quod
462 1311 513 1337 ego
531 1302 674 1335 Dominus,
697 1312 758 1330 cum
780 1303 898 1331 abierint
913 1304 946 1330 de
965 1304 1053 1335 vobis,

271 1348 316 1383 qui
338 1348 528 1380 liberabuntur
550 1356 565 1375 a
589 1349 679 1383 gladio
705 1349 739 1376 ad
754 1353 859 1384 gentes,
883 1353 910 1376 et
929 1357 990 1376 cum
1006 1357 1055 1377 vos

271 1393 386 1428 dispersi
398 1393 474 1421 erilis
490 1401 538 1428 per
554 1393 689 1428 regiones,
708 1397 735 1421 et
755 1394 971 1422 recordabuntur
989 1395 1052 1426 mei,

270 1439 316 1474 qui
341 1439 447 1467 liberati
464 1442 545 1466 erunt
568 1447 601 1466 ex
626 1439 702 1467 vobis
719 1440 746 1466 in
772 1439 909 1474 gentibus,
930 1439 965 1466 ad
986 1447 1054 1475 quas

270 1484 370 1521 captivi
384 1484 460 1511 ducti
485 1484 540 1512 sint
549 1484 582 1512 ⁸⁵.
602 1494 610 1510 ι
633 1483 745 1511 Videtur
763 1492 829 1513 sane
844 1485 889 1511 hic
905 1485 970 1512 mihi
987 1492 1055 1519 quo-

270 1539 324 1566 que
342 1531 511 1558 concordare
526 1531 570 1563 iis,
586 1531 633 1566 qui
649 1538 664 1557 ιι
682 1531 794 1565 reliquis
812 1530 961 1566 prophetiis
977 1539 1055 1558 acce-

272 1581 316 1613 pta
342 1581 405 1604 sunt
422 1586 428 1603 :
445 1584 492 1604 eos
518 1577 590 1604 enim
608 1577 654 1611 qui
674 1576 779 1603 liberali
799 1580 896 1608 erunt,
919 1585 1052 1612 quosnam

271 1622 339 1650 alios
352 1621 465 1654 dixeris,
481 1623 533 1649 nisi
548 1622 621 1657 quod
645 1622 673 1649 in
695 1623 812 1654 caeteris,
834 1621 985 1655 residuum,
1005 1631 1053 1650 seu

272 1668 418 1702 reliquum,
435 1673 462 1695 et
477 1669 559 1699 stilla,
571 1672 598 1696 et
612 1675 669 1701 ros,
686 1669 778 1703 populi
793 1669 865 1697 illius
882 1670 1054 1699 nominatur?

272 1715 371 1750 quibus
388 1715 481 1750 utique
497 1714 776 1746 denominatiouibus,
795 1716 980 1750 apostolorum
995 1715 1055 1742 Sal-

272 1761 374 1788 vatoris
389 1761 475 1788 nostri
487 1765 640 1788 conventus
655 1760 801 1787 indicatur.
816 1761 849 1787 Ili
869 1769 933 1796 ergo
949 1762 1054 1788 liberati

272 1805 308 1834 ab
326 1806 437 1834 interitu
455 1807 589 1840 universa}
609 1807 718 1834 illorum
739 1807 859 1834 nationis
879 1811 906 1834 et
919 1815 934 1833 a
949 1808 1054 1842 disper-

272 1851 350 1878 sione
366 1851 483 1885 illorum,
500 1851 637 1879 recordati
657 1857 722 1880 sunt
739 1851 797 1884 Dei,
813 1856 843 1880 ut
868 1852 903 1879 sit
920 1854 1054 1880 conﬁten-

273 1897 348 1928 dum,
369 1904 401 1923 ea
415 1905 477 1932 qua:
491 1898 592 1932 scripta
605 1901 679 1928 sunt,
693 1898 726 1925 de
746 1898 788 1924 his
802 1898 887 1925 fuisse
901 1898 982 1926 dicta.

539 1955 617 1982 LVII.
638 1956 677 1983 Ab
687 1959 785 1984 eodem.

311 2011 320 2028 ι
334 2002 397 2029 Haec
411 2002 478 2030 dicit
500 2002 605 2030 Adonai
628 2002 760 2031 Dominus
775 2013 781 2030 :
794 2003 932 2038 Erpellam
956 2011 1002 2032 eos
1020 2004 1054 2031 ad

273 2051 376 2082 gentes,
394 2051 421 2075 et
435 2048 590 2083 dispergam
606 2056 654 2076 eos
670 2049 698 2076 in
713 2056 807 2076 omnes
823 2050 958 2083 natioucs,
974 2054 1000 2076 et
1014 2050 1055 2077 di-

273 2100 397 2127 spergam
413 2101 460 2121 eos
475 2094 503 2120 in
519 2101 628 2121 omnem
645 2098 744 2121 terram
759 2103 765 2121 :
779 2098 806 2121 et
819 2102 865 2121 ero
884 2094 924 2121 eis
945 2095 970 2121 in
992 2103 1055 2122 san~

272 2137 463 2166 ctiﬁcationem
481 2146 592 2173 parvam
610 2140 638 2166 in
650 2139 818 2174 regionibus,
835 2147 999 2174 quocunque
1013 2141 1055 2168 in-

273 2183 359 2217 gressi
378 2183 477 2211 fuerint
500 2185 575 2211 illuc.
592 2195 601 2210 ι
624 2184 673 2211 Hic
686 2193 794 2220 quoque
809 2186 861 2216 alio
876 2185 986 2212 nomine
1008 2193 1055 2215 eos

271 2229 388 2260 vocavit,
405 2230 450 2257 ubi
466 2230 709 2258 sanetilicationem
724 2239 833 2265 parvam
850 2231 929 2263 dixit,
946 2238 993 2258 eos
1008 2231 1054 2265 qui

1103 299 1264 335 θησομένης.

1323 343 1389 370 ME’.
1414 341 1484 369 ’Λπὸ
1499 342 1552 368 τοῦ
1571 341 1672 368 αὑτοῦ.

1140 401 1149 417 (
1167 389 1334 426 Ἑπλήθυναν
1344 388 1469 419 ἀσεϐείας
1479 386 1577 419 αὐτῶν,
1587 386 1698 421 ἴσχυσαν
1707 386 1734 411 ἑν
1748 386 1806 416 ταῖς
1816 385 1884 411 ἁπο-

1103 438 1233 474 στροφαῖς
1246 435 1345 462 αὐτῶν.
1357 435 1430 469 Ποίῳ
1446 433 1548 459 τούτων
1558 432 1636 464 ἵλεως
1646 431 1741 466 ἔσομαί
1754 440 1793 457 σοι
1805 440 1811 462 ;
1826 431 1884 457 Υίοί

1103 491 1149 510 σου
1160 482 1337 514 ἐγκατέλιπον
1353 489 1396 516 με,
1406 481 1452 506 καὶ
1461 478 1567 514 ὤμνυον
1575 479 1603 504 ὲν
1613 479 1668 509 τοῖς
1675 478 1725 504 οὐκ
1734 476 1792 504 οὖσι
1803 477 1882 509 θεοῖς,

1103 530 1150 556 καὶ
1171 529 1305 564 ὲχόρτασα
1321 527 1429 558 αὐτοὺς,
1451 526 1498 553 καὶ
1515 525 1671 560 ὲμοιχῶντο,
1691 525 1737 550 καὶ
1757 525 1785 550 ὲν
1801 523 1885 556 οἴκοις

1103 575 1209 611 πορνῶν
1225 573 1398 602 κατελύοσαν·
1427 572 1504 599 ἵπποι
1522 572 1683 606 θηλυμανεῖς
1707 569 1884 604 ἐγενήθησαν,

1102 623 1216 653 ἕκαστος
1233 621 1279 646 ἐπὶ
1298 620 1346 655 τὴν
1361 620 1477 653 γυναῖκα
1496 618 1542 644 τοῦ
1563 617 1675 653 πλησίον
1698 615 1884 651 ἐχρεμέτιζον.

1102 669 1148 704 Μὴ
1173 668 1218 693 ἐπὶ
1237 666 1340 698 τούτοις
1355 665 1405 692 οὐκ
1426 664 1620 699 ἐπισκέψομαι,
1645 662 1717 696 λέγει
1737 661 1846 696 Κύριος,
1867 660 1885 697 ἢ

1102 715 1132 740 ὲν
1156 713 1227 740 ἔθνει
1253 712 1291 748 τῷ
1316 713 1426 746 τοιούτῳ
1452 712 1503 738 οὐκ
1526 710 1665 745 ἐκδικήσει
1689 707 1794 743 ὴψυχή
1819 715 1884 742 μου;

1109 759 1239 794 Ἀνάσητε
1252 759 1297 785 ἐπὶ
1306 759 1369 790 τοὺς
1379 758 1562 793 προμαχῶνας
1579 756 1672 791 αὐτῆς,
1686 755 1731 781 καὶ
1744 753 1886 788 κατασφά-

1103 805 1176 839 ξατε.
1200 804 1358 831 Συντέλειαν
1373 804 1402 831 δὲ
1428 805 1463 840 μὴ
1486 805 1627 839 ποιήσητε·
1649 800 1826 828 ὑπολείπεσθε
1852 799 1887 827 τὰ

1104 850 1330 886 ὑποστηρίγματα
1342 850 1436 885 αὐτῆς⁸
1453 849 1494 876 ὅτι
1507 848 1553 875 τοῦ
1565 847 1667 884 Κυρίου
1681 847 1744 873 είσί.
1760 855 1769 872 ι
1787 846 1841 872 Καὶ
1858 846 1887 872 ὲν

1104 897 1207 928 τούτοις
1216 896 1283 931 ὁμοῦ
1293 895 1444 931 κατηγορία
1456 895 1503 921 τοῦ
1515 894 1613 926 παντὸς
1624 893 1716 925 ἔθνους
1727 892 1824 922 αὐτῶν,
1840 891 1884 918 καὶ

1102 944 1118 978 ἡ
1134 942 1297 978 μετελθοῦσα
1317 942 1415 973 αὐτοὺς
1431 941 1573 977 πολιορκία
1591 939 1726 975 δηλοῦται,
1745 939 1791 965 καὶ
1806 938 1887 965 πάλιν

1102 990 1132 1015 τὸ
1148 989 1332 1023 κατάλειμμα,
1352 989 1419 1023 ὅπερ
1437 988 1575 1023 στήριγμα
1595 985 1680 1020 αὐτῆς
1696 984 1823 1020 ὀνομάζει
1839 983 1887 1010 τοῦ

1101 1034 1203 1070 Κυρίου
1219 1033 1358 1067 τυγχάνον.
1383 1031 1466 1058 Τοῦτο
1487 1031 1515 1058 δὲ
1534 1029 1569 1066 ἦν
1590 1031 1621 1057 τὺ
1639 1029 1682 1057 διὰ
1705 1029 1755 1062 τῆς
1777 1029 1816 1059 είς
1841 1027 1886 1054 τὸν

1102 1078 1218 1112 Χριστὸν
1226 1077 1272 1104 τοῦ
1283 1076 1349 1103 Θεοῦ
1358 1077 1476 1107 πίστεως
1493 1075 1650 1109 δυναμωθὲν
1662 1074 1709 1100 καὶ
1725 1073 1885 1108 στερρωθὲν,

1102 1123 1139 1150 ὡς
1151 1122 1217 1158 μηδὲ
1228 1122 1261 1148 τὰ
1277 1123 1358 1157 ὃμοια.
1376 1122 1530 1157 ὑπομεῖναι,
1543 1118 1583 1152 οἷς
1596 1120 1627 1146 τὸ
1641 1120 1695 1146 πᾶν
1710 1119 1786 1150 ἔθνος
1798 1118 1887 1146 αὐτῶν

1102 1167 1255 1193 ἐπεπόνθει.

1293 1213 1363 1246 NG'.
1394 1212 1459 1239 Ἀπὸ
1477 1213 1529 1239 τοῦ
1552 1211 1694 1245 Ἐζεκιήλ.

1141 1269 1150 1284 ‹
1168 1259 1223 1286 Καὶ
1241 1259 1386 1286 πεσοῦνται
1403 1257 1569 1294 τραυματίαι
1586 1259 1615 1284 ἐν
1635 1258 1709 1292 μέσῳ
1732 1256 1819 1292 ὑμῶν,
1840 1256 1888 1283 καὶ

1103 1303 1295 1338 ἐπιγνώσεσθε,
1317 1305 1358 1330 ὅτι
1379 1303 1433 1338 ἐγὼ
1458 1303 1569 1339 Κύριος,
1590 1304 1619 1330 ὲν
1641 1303 1680 1338 τῷ
1707 1302 1830 1337 γενέσθαι
1857 1303 1887 1334 ἐξ

1104 1350 1180 1386 ὑμῶν
1203 1349 1424 1384 ἀνασωζομένους
1446 1350 1478 1375 ὲκ
1500 1349 1638 1384 ῥομφαίας
1658 1350 1686 1375 ἐν
1708 1350 1764 1380 τοῖς
1787 1347 1885 1378 ἔθνεσι.

1103 1397 1150 1423 καὶ
1164 1399 1192 1423 ἐν
1207 1396 1246 1431 τῷ
1262 1395 1468 1431 διασκορπισμῷ
1490 1395 1567 1430 ὑμῶν
1583 1397 1612 1421 ἐν
1623 1396 1682 1426 ταῖς
1698 1394 1810 1431 χώραις.
1831 1394 1887 1421 Καὶ

1106 1441 1304 1477 μνησθήσονταί
1322 1450 1371 1476 μου
1386 1442 1411 1467 οἱ
1432 1440 1632 1476 ἀνασωζόμενοι
1646 1440 1676 1472 ἐξ
1690 1440 1766 1475 ὑμῶν
1785 1441 1813 1466 ὲν
1830 1440 1887 1471 τοῖς

1104 1488 1217 1520 ἔθνεσιν,
1237 1485 1267 1514 οὗ
1280 1486 1526 1522 ῂχμαλωτεύθησαν
1549 1487 1616 1512 ἐκεῖ.
1635 1496 1644 1511 ι
1662 1487 1739 1512 Δοκεῖ
1759 1494 1804 1521 μοι
1822 1487 1887 1512 κάν-

1103 1533 1191 1560 ταῦθα
1213 1533 1333 1568 συνᾴδειν
1354 1534 1410 1564 τοῖς
1431 1532 1485 1559 ἀπὸ
1505 1532 1559 1558 τῶν
1581 1531 1681 1557 λοιπῶν
1703 1531 1886 1566 προφητειῶν.

1105 1579 1174 1610 Τοὺς
1187 1579 1241 1614 γὰρ
1250 1578 1472 1613 ἀνασωζομένους
1485 1577 1558 1609 τίνας
1572 1577 1605 1604 ἂν
1617 1577 1706 1608 εἴποις
1721 1577 1738 1612 ἦ
1753 1577 1783 1603 τὸ
1795 1578 1823 1602 ὲν
1834 1577 1889 1602 ἑτέ-

1107 1633 1161 1660 ροις
1176 1624 1368 1659 ὠνομασμένον
1389 1623 1554 1658 ὑπόλειμμα,
1573 1623 1621 1651 κα).
1635 1623 1684 1658 τὴν
1707 1623 1823 1657 σταγόνα
1841 1623 1888 1649 καὶ

1104 1669 1198 1705 δρόσον
1222 1668 1267 1695 τοῦ
1291 1667 1353 1694 λαοῦ
1378 1668 1497 1699 ἐκείνου,
1524 1668 1558 1695 δι’
1578 1664 1615 1694 ὧν
1641 1667 1766 1704 ἐδηλοῦτο
1792 1669 1808 1703 ἡ
1834 1667 1888 1695 τῶν

1105 1715 1257 1742 ἀποστόλων
1268 1714 1314 1741 τοῦ
1325 1715 1449 1750 Σωτῆρος
1464 1714 1540 1750 ἡμῶν
1555 1714 1682 1746 σύστασις
1696 1723 1702 1747 ;
1720 1711 1799 1740 Οὗτοι
1810 1713 1887 1747 γοῦν,

1105 1759 1286 1792 ἀνασωθέντες
1311 1761 1342 1787 ὲκ
1371 1760 1421 1794 τῆς
1449 1759 1585 1791 ἀπωλείας
1608 1759 1654 1786 τοῦ
1679 1760 1777 1791 παντὸς
1800 1759 1889 1786 αὐτῶν

1105 1807 1206 1838 ἔθνους,
1224 1807 1270 1834 καὶ
1286 1808 1314 1833 ἐν
1332 1806 1370 1842 τῷ
1394 1807 1604 1842 διασκορπισμῴ
1627 1807 1726 1838 αὐτῶν,
1751 1806 1889 1842 ἐμνήσθη-

1106 1861 1154 1878 σαν
1171 1851 1216 1878 τοῦ
1236 1852 1314 1884 Θεοῦ,
1329 1853 1366 1882 ὼς
1380 1851 1566 1887 ὁμολογεῖσθαι
1584 1851 1746 1887 περὶαύτῶν
1763 1851 1889 1887 εἰρῆσθαι

1106 1898 1138 1924 τὰ
1153 1897 1395 1934 ἀναγεγραμμένα.

1259 1950 1263 1954 ’
1326 1955 1387 1981 ΝΖ’.
1412 1954 1477 1981 Ἀπὸ
1493 1953 1545 1980 τοῦ
1564 1954 1667 1981 αὺτοῦ-

1142 2011 1151 2026 ι
1172 2001 1240 2029 Τάδε
1254 2001 1327 2036 λέγει
1350 2001 1459 2028 Ἀδωναῒ
1475 2001 1584 2037 Κύριος·
1603 2002 1644 2027 ὅτι
1667 1999 1823 2035 Ἀπώσομαι
1840 2001 1888 2027 αὐ-

1104 2048 1167 2079 τοὺς
1181 2048 1220 2079 είς
1235 2047 1272 2074 τὰ
1289 2047 1363 2082 ἔθνη,
1380 2048 1425 2073 καὶ
1445 2047 1612 2082 διασκορπιῶ
1628 2047 1725 2078 αὐτοὺς
1745 2047 1784 2078 είς
1800 2047 1890 2073 πάντα.

1105 2093 1138 2119 τὰ
1158 2092 1231 2129 ἔθνη,
1247 2082 1474 2128 καίδιασκορπιῶ
1489 2093 1587 2124 αὐτοὺς
1603 2094 1642 2124 εἰς
1657 2094 1744 2119 πᾶσαν
1764 2092 1812 2128 τὴν
1825 2093 1886 2127 γῆν·

1105 2140 1151 2166 καὶ
1162 2139 1257 2175 ἔσομαι
1271 2140 1360 2170 αὐτοῖς
1370 2140 1410 2171 είς
1422 2140 1544 2175 ἁγίασμα
1557 2139 1652 2175 μικρὸν
1662 2140 1690 2166 ὲν
1705 2141 1763 2171 ταῖς
1773 2139 1887 2176 χώραις,

1105 2182 1134 2211 οὗ
1151 2184 1184 2210 ἂν
1207 2184 1363 2211 εἰσέλθωσιν
1377 2186 1444 2211 ἐκεῖ.
1460 2194 1469 2210 ι
1496 2186 1550 2213 Καὶ
1563 2184 1679 2212 ἐνταῦθα
1703 2185 1803 2221 ἑτέρως
1823 2185 1886 2218 τοὺς

1105 2231 1200 2262 αὐτοὺς
1215 2230 1359 2265 κέκληκεν,
1379 2241 1389 2256 «
1405 2231 1526 2266 ἁγίασμα
1545 2231 1640 2266 μικρὸν
1658 2241 1666 2256 ι
1684 2231 1768 2258 εἰπὼν
1778 2232 1841 2263 τοὺς
1858 2231 1888 2264 ἐξ

271 2282 303 2309 ex
320 2275 373 2302 illis
397 2275 558 2310 superstites
574 2277 694 2304 mansuri
712 2277 767 2303 sint
786 2281 812 2304 et
827 2276 978 2304 iucolurnes
990 2277 1025 2304 ⁸⁸.
1040 2285 1050 2302 ι

1105 2275 1193 2302 αὐτῶν
1207 2275 1463 2311 ἁνασωθησομένους
1478 2276 1525 2303 καὶ
1536 2276 1825 2312 ὑπολειφθησομένους.

528 2331 618 2359 LVIII.
639 2333 677 2359 ΑΙ)
693 2333 793 2361 cadent.

305 2383 316 2401 ι
331 2375 364 2401 Et
387 2383 482 2403 omnes
509 2378 688 2412 suscipientes
712 2386 759 2406 eos
773 2378 828 2413 85
847 2378 998 2414 dispergam
1025 2379 1053 2406 in

268 2430 377 2451 omnem
397 2427 525 2450 ventum:
540 2429 566 2451 et
586 2424 704 2459 gladium
727 2424 861 2452 effundant
878 2433 892 2451 a
911 2430 985 2460 tergo
1003 2433 1051 2452 eo-

269 2475 340 2500 rum,
366 2471 393 2495 et
414 2473 581 2503 cognoscent
597 2470 670 2505 quod
693 2478 744 2505 ego
761 2469 902 2502 Dominus,
924 2470 988 2498 dum
1005 2471 1052 2498 di-

269 2520 393 2548 spergam
416 2521 463 2542 eos
484 2514 556 2544 inter
575 2519 680 2550 gentes,
706 2520 734 2543 et
753 2516 938 2544 disseminabo
958 2524 1005 2545 eos
1023 2517 1051 2544 in

269 2559 428 2593 regionibus
442 2570 448 2588 ι
465 2565 492 2589 et
512 2561 664 2596 relinquam
692 2570 723 2589 ex
745 2562 784 2591 eis
801 2563 876 2590 viros
892 2563 920 2590 iu
937 2571 1050 2591 numero

268 2611 301 2630 οι
324 2604 423 2639 gladio,
443 2611 471 2633 et
492 2614 525 2634 ex
549 2606 629 2639 fame,
652 2611 679 2634 et
700 2615 733 2639 ex
757 2611 864 2636 morte:
879 2613 907 2635 ut
923 2613 1050 2636 enarrent

268 2655 363 2676 omnes
379 2649 537 2685 iniquitates
555 2660 619 2680 suas
634 2652 662 2679 in
676 2654 813 2688 gentibus,
831 2661 994 2689 quocunque
1009 2655 1050 2681 in-

267 2693 355 2728 {russi
370 2693 471 2722 fuerint
486 2695 552 2723 illuc
570 2706 576 2724 :
591 2701 619 2725 et
632 2701 796 2733 cognoscent
807 2699 879 2733 quod
895 2706 944 2733 ego
960 2699 1051 2727 Domi-

271 2747 322 2766 nus
336 2740 368 2766 ⁸⁸.
386 2749 395 2766 ι
421 2740 449 2768 In
475 2744 561 2771 totius
578 2744 668 2779 populi
694 2744 880 2780 dispersione,
902 2746 984 2773 etiam
1006 2746 1050 2773 hic

270 2784 320 2811 sibi
340 2785 391 2819 ipsi
410 2787 569 2815 relicturum
593 2789 632 2816 ait
645 2797 747 2825 paucos
770 2798 895 2823 numero,
912 2798 965 2817 non
982 2791 1050 2817 alios

269 2831 362 2865 utique
377 2832 544 2867 signiﬁcans,
563 2843 644 2871 quam
664 2844 722 2868 eos,
740 2837 785 2871 qui
799 2838 919 2872 praedicti
938 2841 1011 2865 Sunt.

1324 2333 1389 2359 NII‘.
1415 2333 1480 2359 Ἀπὸ
1495 2333 1547 2360 τοῦ
1562 2333 1664 2360 αὑτοῦ.

1142 2388 1150 2404 ι
1171 2378 1226 2405 Καὶ
1242 2378 1345 2409 πάντας
1358 2379 1420 2409 τοὺς
1431 2378 1712 2414 ἀντιλαμϐανομένους
1728 2379 1817 2405 αὐτῶν
1827 2379 1887 2406 δια-

1105 2423 1197 2459 σπερῶ
1211 2425 1251 2455 εἰς
1265 2423 1354 2450 πάντα
1368 2424 1475 2458 ἄνεμον,
1491 2424 1537 2450 καὶ
1551 2424 1686 2459 ῥομφαίαν
1700 2424 1788 2460 ἐκχεῶ
1802 2425 1889 2451 ὀπίσω

1105 2470 1202 2500 αὐτῶν,
1215 2470 1262 2497 καὶ
1272 2469 1476 2503 ὲπιγνώσονται,
1490 2470 1530 2496 ὃτι
1541 2470 1596 2503 ἐγὼ
1609 2469 1719 2506 Κύριος,
1736 2471 1764 2496 ὲν
1780 2470 1819 2506 τῷ
1833 2470 1888 2497 δια-

1106 2515 1250 2551 σκορπίσαι
1267 2524 1300 2550 με
1313 2516 1341 2541 ὲν
1357 2516 1410 2546 τοῖς
1424 2514 1521 2546 ἔθνεσι,
1538 2516 1583 2541 καὶ
1597 2515 1733 2551 διασπερῶ
1749 2515 1846 2548 αὐτοὺς
1857 2515 1888 2543 ὲν

1105 2563 1164 2593 ταῖς
1184 2561 1295 2597 χώραις
1317 2562 1364 2588 καὶ
1378 2553 1555 2596 ὑπολείψομαι
1579 2561 1609 2593 ἐξ
1630 2561 1719 2588 αὐτῶν
1736 2561 1836 2597 ἄνδρας
1858 2562 1888 2588 ὲν

1105 2607 1213 2644 ἀριθμῷ
1226 2609 1258 2637 ἐκ
1273 2607 1418 2643 ῥομφαίας,
1437 2607 1483 2634 καὶ
1498 2608 1530 2633 ἐκ
1549 2607 1639 2642 λιμοῦ,
1653 2607 1699 2634 καὶ
1713 2608 1744 2634 ἐκ
1761 2607 1887 2639 θανάτου,

1104 2654 1177 2684 ὅπως
1196 2653 1410 2688 ὲκδιηγήσωνται
1429 2654 1518 2685 πάσας
1538 2653 1588 2684 τὰς
1611 2653 1724 2688 ἀνομίας
1749 2653 1838 2680 αὐτῶν
1858 2655 1887 2679 ὲν

1104 2702 1159 2732 τοῖς
1175 2699 1288 2730 ἔθνεσιν,
1314 2696 1344 2726 οὗ
1368 2699 1402 2726 ἂν
1421 2699 1576 2726 εἰσέλθωσιν
1591 2700 1656 2726 ἐκεῖ·
1679 2700 1724 2725 καὶ
1739 2699 1888 2734 γνώσονται

1103 2747 1143 2772 ὅτι
1170 2745 1225 2780 ἐγὼ
1248 2745 1359 2781 Κύριος.
1382 2755 1390 2771 ι
1422 2745 1482 2772 Ἐπὶ
1501 2747 1534 2782 τῇ
1556 2745 1602 2771 τοῦ
1624 2745 1722 2777 παντὸς
1749 2746 1814 2772 λαοῦ
1830 2746 1888 2773 δια-

1104 2792 1193 2827 σπορᾷ
1209 2791 1257 2818 καὶ
1275 2791 1322 2817 νῦν
1342 2791 1535 2825 ὑπολείψεσθαι
1551 2790 1639 2825 ἑαυτῷ
1656 2791 1761 2825 ὀλίγους
1775 2791 1886 2826 ἀριθμῷ

1105 2845 1196 2871 φησιν,
1215 2837 1266 2863 οὐδ’
1278 2837 1310 2873 υ.
1322 2837 1383 2873 οὐκ]
1402 2837 1496 2868 ἄλλους
1505 2836 1591 2872 δηλῶν
1602 2836 1654 2864 τῶν
1670 2837 1885 2872 προειρημένων.

302 2907 324 2928 ⁸³
336 2907 389 2944 ζει.
408 2918 432 2943 v,
450 2909 524 2938 640.
562 2912 583 2928 ⁸⁵
599 2911 696 2941 Ειοςίι.
716 2922 751 2947 vr,
768 2914 823 2943 7-9.
864 2915 886 2931 ⁸⁸⁵
899 2913 998 2943 Ezech.
1015 2922 1052 2947 ιι,

1104 2933 1109 2942 .
1149 2915 1170 2931 ⁸⁸
1186 2914 1283 2944 Ezezb.
1298 2922 1347 2946 xu,
1365 2914 1457 2943 M-IG.
