2071 3219
166 197 218 227 161

392 257 453 283 ΝΘΕ
472 256 537 283 Ἀπὸ
565 255 616 283 τοῦ
633 257 735 282 αὑτοῦ.

204 315 213 330 ι
232 304 302 331 Τάδε
320 304 394 339 λέγει
428 302 537 330 Ἀδωναῖ
559 302 676 338 Κύριος“
711 301 772 328 Ἐὰν
792 301 819 328 δὲ
842 301 888 328 καὶ
911 301 959 332 τὰς

175 352 311 386 τέσσαρας
338 350 491 385 ἐκδικήσεις
517 357 567 384 μου
588 348 638 380 τὰς
654 347 785 384 πονηρὰς,
809 347 958 383 ῥομφαίαν,

166 398 214 425 καὶ
229 397 318 433 λιμὸν,
350 397 398 423 καὶ
417 396 500 432 θηρία
520 395 636 430 πονηρὰ,
657 394 703 421 καὶ
721 394 836 421 θάνατον
860 393 959 426 ἐξαπο-

169 443 254 471 στελῶ
278 443 324 470 ἐπὶ
351 441 538 478 Ἰερουσαλὴμ,
563 440 610 468 τοῦ
626 439 812 476 ὲξολοθρεῦσαι
832 438 861 472 ἐξ
876 438 960 474 αὐτῆς

168 491 312 526 ἄνθρωπον
344 488 391 515 καὶ
414 488 522 523 κτῆνος,
547 488 594 514 καὶ
611 487 665 514 ἰδοὺ
687 485 910 521 ὑπολελειμμένοι
931 487 960 512 ὲν

169 537 250 572 αὐτῇ,
267 536 291 562 οἱ
306 534 517 569 ἀνασεσωμένοι.
541 543 550 558 ›
571 533 654 560 Οὐδὲν
679 532 711 559 ἂν
735 532 782 559 καὶ
802 531 890 558 ταῦτα
903 531 960 558 δια-

169 582 247 618 φέροι
263 581 317 607 τῶν
337 579 554 616 προειρημένων.

406 625 443 653 Ξ’.
466 625 531 652 Ἀπὸ
550 625 605 652 τοῦ
620 625 724 651 aurai.-

207 684 215 700 ι
232 673 323 705 Οὕτως
355 672 441 708 κρινῶ
460 672 543 707 ὑμᾶς,
575 671 650 705 λέγει
672 670 784 705 Κύριος,
808 669 855 695 καὶ
879 668 961 701 διάξω

169 720 241 757 ὑμᾶς
257 719 309 746 ὑπὸ
319 719 367 755 τὴν
394 719 490 755 ῥάϐδον
508 727 571 754 μου,
587 718 634 744 καὶ
658 716 757 750 εἰσάξω
774 716 846 751 ὑμᾶς
861 716 889 741 ἐν
902 715 961 749 ἀρι-

169 767 232 802 θμῷ
256 767 305 801 τῆς
326 765 463 801 Διαθὴκης
487 773 548 801 μου,
571 763 618 791 καὶ
643 764 744 797 ἐκλέξω
760 763 789 795 ἐξ
809 762 885 799 ὑμῶν
898 763 961 794 τοὺς

169 812 358 848 ἀφεστηκότας
369 812 416 838 καὶ
427 811 489 842 τοὺς
501 810 609 842 ἀσεϐεῖς
618 818 625 825 ⁶
637 810 702 836 διότι
714 811 746 836 ὲκ
753 809 803 844 τῆς
818 809 962 845 παροικίας

171 859 261 887 αὐτῶν
283 859 370 892 ἐξάξω
396 858 503 890 αὐτοὺς,
529 858 576 884 καὶ
601 858 639 889 εἰς
654 857 702 893 τὴν
721 857 773 892 γῆν
789 856 834 883 τοῦ
856 856 962 892 Ἰσραὴλ

170 907 221 932 οὐκ
246 905 454 932 εἰσελεύσονται,
474 915 482 929 ›
506 904 602 938 Σαφῶς
621 904 668 930 καὶ
683 904 711 929 ὲν
728 903 833 935 τούτοις
854 902 962 939 ἀριθμῴ

623 191 951 220 DEMONSTRATIONIS
970 191 1201 220 EVANGELICIE
1222 191 1284 220 LIB.
1306 192 1338 222 11.
1366 174 1370 178 ⁵

1748 194 1794 224 [6ft

1282 253 1350 281 LIX.
1372 254 1411 280 Ab
1436 253 1534 281 eodem.

1048 309 1057 326 α
1081 300 1141 328 Haec
1171 300 1238 328 dicit
1263 299 1367 328 Adonai
1397 299 1528 328 Dominus
1547 309 1554 327 ε
1570 299 1647 334 Quod
1671 301 1692 327 si
1716 301 1796 329 etiam

1010 351 1127 381 quatuor
1136 345 1253 373 ultiones
1261 353 1336 374 meas
1352 345 1447 378 malas,
1464 346 1593 381 gladium,
1609 350 1636 374 et
1653 345 1759 379 famem,
1770 352 1797 374 et

1010 391 1112 419 bestias
1128 391 1225 424 mahs,
1243 395 1270 419 et
1290 395 1405 418 mortem
1430 392 1548 419 emisero
1572 399 1653 426 super
1670 391 1796 421 Hierusa-

1010 438 1075 470 lem,
1093 438 1125 465 ad
1141 438 1308 473 perdendum
1329 446 1359 465 ex
1381 445 1411 466 ea
1426 437 1565 465 hominem
1586 442 1613 465 et
1632 438 1794 472 jumentum,

1010 489 1037 512 et
1050 492 1114 512 ecce
1128 484 1173 519 qui
1190 484 1276 512 relicti
1295 483 1396 511 fuerint
1413 485 1440 511 in
1456 491 1498 515 ea,
1515 484 1560 519 qui
1577 484 1731 511 conservati
1746 483 1766 500 "
1783 494 1793 511 ι

1010 535 1037 558 et
1056 535 1164 559 caetera.
1183 530 1246 558 Haec
1260 538 1369 566 quoque
1380 530 1447 557 nihil
1464 531 1544 565 plane
1556 530 1590 558 ab
1606 530 1640 557 iis
1653 537 1712 566 qua:
1730 537 1796 565 pra:-

1010 578 1084 604 dicta
1095 580 1170 609 sunt,
1186 576 1325 604 dilIerunt.

1287 622 1343 649 LX.
1366 622 1404 648 Ab
1425 622 1524 649 eadem.

1049 678 1058 695 ι
1082 669 1128 697 Sic
1144 669 1274 704 judicabo
1292 676 1350 700 vos,
1366 669 1433 696 dicit
1449 667 1581 695 Dominus
1604 677 1611 695 :
1628 671 1655 695 et
1667 667 1795 695 deducam

1011 724 1060 744 vos
1073 717 1123 744 sub
1141 716 1244 751 virgam
1259 723 1346 742 meam
1366 723 1372 741 :
1390 719 1417 742 ct
1434 715 1564 742 adducam
1583 714 1639 742 vos’
1647 715 1673 741 in
1687 722 1798 743 numetn

1012 762 1180 790 Testamenti
1197 761 1249 788 mei
1275 771 1281 789 :
1300 760 1333 788 Et
1356 761 1452 796 eligam
1481 768 1515 787 ex
1538 760 1615 788 vobis
1641 761 1753 790 rebelles
1769 766 1797 789 et

1013 809 1122 843 impios,
1139 808 1268 843 quoniam
1283 816 1315 835 ex
1333 807 1552 842 peregrinatione
1567 815 1661 834 eorum
1684 807 1795 836 educam

1012 863 1070 888 eos,
1084 858 1111 882 ct
1133 855 1161 881 in
1183 859 1284 882 terram
1306 853 1389 881 Israel
1407 861 1462 880 non
1485 853 1672 888 ingrediantur
1689 853 1721 881 ⁸⁸.
1742 864 1750 880 ι
1766 853 1796 882 In

1012 901 1055 928 his
1071 908 1180 936 quoque
1194 900 1346 936 perspicue,
1373 900 1486 935 exiguos
1501 906 1614 926 numero
1632 900 1681 927 sub
1696 900 1796 935 virgam

171 952 281 988 βραχεῖς
295 951 347 977 ὑπὸ
355 951 403 986 τὴν
422 951 518 986 ῥάϐδον
533 950 577 977 τοῦ
593 950 660 976 Θεοῦ
677 949 902 985 γενήσεσθαι,ὲπὶ
924 948 962 984 τῷ

1015 947 1061 975 Dei
1075 934 1205 975 venturos
1223 934 1346 978 aﬂirmat,
1361 934 1429 973 dum
1443 945 1541 981 reliqui
1556 953 1588 972 ex
1605 944 1686 973 Israel
1703 953 1718 972 a
1734 934 1797 981 pro-

170 1000 233 1030 τοὺς
261 998 370 1029 λοιποὺς
387 997 434 1024 τοῦ
458 996 564 1033 Ἰσραὴλ
580 996 778 1023 ἀποπεσεῖσθαι
799 996 853 1023 τῶν
877 996 962 1029 ⁷ἑπαγ-

170 1043 277 1078 γελιῶν,
310 1042 488 1080 μαρτύρεται.
512 1042 590 1068 Ἀλλὰ
618 1042 670 1077 γὰρ
695 1040 902 1072 ἁποδείξας,ὅτι
924 1040 962 1077 μὴ

169 1090 208 1122 ὡς
229 1089 322 1124 ἔτυχεν
349 1089 512 1125 ἁδιακρίτως
547 1089 629 1115 πᾶσιν
651 1087 744 1118 ἁπλῶς
766 1088 822 1118 τοῖς
841 1086 895 1113 ἀπὸ
915 1086 962 1113 τοῦ

176 1136 312 1162 Ἰουδαίων
326 1135 417 1167 ἔθνους
434 1135 545 1170 φαύλοις
559 1143 587 1160 τε
604 1133 650 1160 καὶ
662 1132 783 1163 ἀσεϐέσι,
801 1132 916 1163 καὶτοῖς
926 1131 962 1167 μὴ

170 1182 302 1214 τοιούτοις
317 1182 365 1213 τὰς
379 1181 432 1208 τῶν
458 1180 568 1214 ἀγαθῶν
585 1179 750 1214 ἐπαγγελίας
767 1179 791 1205 οἰ
808 1178 874 1205 θεῖοι
890 1178 962 1212 λόγοι

171 1228 378 1266 προεθέσπιζον,
389 1228 510 1259 σπανίοις
525 1226 552 1253 δὲ
564 1225 654 1252 αὐτῶν
663 1226 710 1252 καὶ
722 1223 830 1260 ἀριθμῷ
840 1224 962 1260 ληπτοῖς,

170 1277 230 1312 ἦτοι
244 1277 300 1308 τοῖς
310 1276 349 1307 είς
360 1275 405 1301 τὸν
420 1273 533 1310 Σωτῆρα
554 1275 601 1300 καὶ
620 1273 722 1308 Κύριον
740 1272 818 1308 ἡμῶν
829 1271 859 1304 ἐξ
875 1270 964 1298 αὐτῶν

171 1322 394 1354 πεπιστευκόσιν,
412 1321 428 1357 ἢ
456 1322 512 1353 τοῖς
527 1321 580 1357 πρὸ
594 1321 642 1356 τῆς
661 1319 811 1355 παρουσίας
826 1318 909 1346 αὑτοῦ
925 1318 964 1345 δε-

171 1370 372 1405 δικαιωμένοις,
399 1369 542 1404 αὐτάρκως
568 1367 686 1403 ἡγοῦμαι
709 1366 902 1402 δεδηλωκέναι,
923 1366 963 1392 ὅτι

175 1416 212 1452 μὴ
225 1416 389 1452 ἁδιακρίτως
412 1416 451 1447 εις
467 1415 589 1446 ἅπαντας
612 1413 756 1445 Ἰουδαίους
767 1412 801 1439 τὰ
819 1412 873 1439 τῶν
885 1412 964 1439 θείων

173 1462 344 1496 ἐπαγγελιῶν
379 1461 540 1497 ἐπληροῦτο,
558 1461 606 1487 καί
631 1460 672 1486 ὅτι
691 1460 728 1495 μὴ
743 1459 842 1494 μᾶλλον
862 1458 963 1490 αὐτοῖς,

173 1509 190 1544 ἦ
209 1511 265 1540 τοῖς
275 1509 304 1542 ἐξ
317 1509 400 1535 ἐθνῶν
411 1508 454 1535 τὸν
466 1508 581 1544 Χριστὸν
594 1507 641 1533 τοῦ
654 1506 721 1533 Θεοῦ
733 1505 965 1541 παραδεξαμένοις

171 1556 207 1581 τὰ
221 1555 274 1582 τῶν
289 1554 435 1591 προφητῶν
446 1554 612 1590 ὲφαρμόττει
625 1553 713 1587 λόγια.
731 1552 778 1585 Τίς
792 1552 820 1579 δὲ
835 1550 869 1588 ἧν
884 1551 964 1588 ήτῶν

173 1601 254 1628 θείων
272 1601 443 1636 ἐπαγγελιῶν
460 1600 573 1631 διάνοια,
591 1599 662 1626 κατὰ
681 1598 776 1634 καιρὸν
809 1599 855 1625 τὸν
878 1607 964 1635 προσ-

177 1649 277 1683 ήκοντα
302 1646 478 1684 παραστήσω.
509 1646 601 1672 Ταῦτα
616 1645 643 1672 δὲ
673 1645 709 1677 ὡς
739 1644 895 1680 ἀναγκαίως
921 1654 965 1680 μοι

175 1694 343 1721 συνείλεκται
359 1695 398 1726 εἰς
417 1693 527 1728 ἔλεγχον
549 1692 601 1718 τῶν
615 1693 646 1718 ὲκ
666 1691 827 1727 περιτομῆς,
841 1691 886 1717 ὑπ’
906 1690 967 1716 ἁλό-

173 1750 224 1776 γου
242 1741 425 1776 μεγαλαυχίας
457 1739 546 1775 μόνοις
569 1739 660 1770 αὐτοῖς
678 1737 722 1764 τὸν
737 1737 851 1773 Χριστὸν
875 1737 968 1772 ἐπιδη-

175 1789 283 1824 μήσειν,
302 1788 360 1822 οὐχὶ
369 1787 397 1812 δὲ
410 1787 457 1813 καὶ
479 1787 562 1813 πᾶσιν
584 1784 737 1820 ἀνθρώποις
753 1783 966 1818 ὲπαυθαδιζομέ-

174 1843 240 1866 νων,
257 1833 296 1865 εἷς
309 1841 338 1859 τε
352 1832 488 1865 ἀπόδειξιν
508 1831 556 1867 τῆς
573 1831 651 1866 ἡμῶν
664 1829 753 1857 αὐτῶν
770 1828 833 1865 περὶ
848 1829 882 1855 τὰ
896 1829 966 1855 ὲκεί-

175 1889 229 1906 νων
246 1879 323 1913 λόγια
350 1879 461 1912 εὐλόγου
479 1878 605 1912 σπουδῆς.
623 1877 740 1913 Συνέστη
754 1877 781 1903 δέ
797 1886 841 1912 μοι
861 1876 904 1903 διὰ.
919 1875 966 1902 τοῦ

176 1926 232 1962 πρὸ
244 1925 338 1952 τούτου
352 1924 565 1960 συγγράμματος
580 1923 626 1950 καὶ
643 1923 672 1949 τὸ
688 1923 773 1949 αἴτιον
783 1923 830 1950 τοῦ
845 1923 882 1958 μὴ
904 1923 967 1948 ’ίου-

175 1972 278 2004 δαῖζειν
295 1973 378 2007 ἡμᾶς,
396 1972 443 1997 καὶ
465 1971 548 1997 ταῦτα
560 1972 619 2002 ταῖς
636 1969 725 1996 αὐτῶν
743 1969 887 2004 χαίροντας
903 1976 968 2004 προ-

177 2019 304 2054 φητικαῖς
322 2018 341 2044 Γ
344 2019 452 2053 ραφαῖς.
481 2017 560 2043 Ἀλλὰ
588 2017 635 2043 καὶ
645 2016 736 2047 ὁποῖος
761 2017 774 2042 ό
789 2015 844 2050 βίος
868 2014 969 2049 τυγχά-

175 2072 227 2095 νει,
244 2065 258 2090 ὁ
271 2063 314 2090 διὰ
329 2063 376 2089 τοῦ
399 2062 517 2098 Χριστοῦ
537 2063 604 2088 πᾶσι
619 2063 675 2092 τοῖς
691 2060 779 2088 ἔθνεσι
794 2059 969 2095 κεκηρυγμέ-

175 2119 232 2142 νος,
247 2110 264 2144 ἧ
279 2118 308 2136 τε
342 2108 489 2144 ἀρχαιότης
512 2108 559 2135 τοῦ
588 2108 689 2143 τρόπου
715 2107 763 2142 τῆς
788 2106 968 2140 εὺαγγελικῆς

175 2155 326 2187 πολιτείας,
343 2155 381 2187 ὡς
407 2153 463 2181 οἶόν
484 2163 513 2181 τε
528 2152 572 2190 ἦν,
588 2154 617 2180 ὲν
636 2153 709 2189 αὐτῷ
727 2153 879 2189 διελήλυθα.
902 2151 969 2178 Τού-

176 2212 231 2229 των
247 2203 269 2229 δ’
284 2203 349 2238 ἡμῖν
365 2201 569 2237 προηνυμένων,
585 2198 635 2236 ἤδη
654 2199 717 2227 ποτὲ
736 2198 832 2236 καιρὸς
848 2199 969 2234 ἀπορρη-

176 2249 295 2284 τοτέρων
307 2247 426 2282 ἅψασθαι
439 2247 535 2281 λόγων,
549 2246 603 2273 τῶν
619 2247 682 2281 περὶ
696 2245 744 2280 τῆς
758 2245 828 2271 κατὰ
846 2244 891 2270 τὸν
909 2244 968 2270 Σω-

176 2296 250 2332 τῆρα
265 2295 311 2322 καὶ
324 2295 426 2329 Κύριον
441 2289 519 2330 ἡμῶν
537 2292 640 2328 Ἰησοῦν
654 2290 698 2318 τὸν
710 2291 827 2327 Χριστὸν
837 2290 884 2317 τοῦ
899 2289 966 2316 Θεοῦ

179 2340 315 2376 μυστικῆς
326 2339 490 2374 οἰκονομίας,
507 2339 554 2365 καὶ
566 2338 603 2370 ὡς
616 2337 648 2364 ἂν
663 2337 794 2372 μάθοιμεν
809 2335 854 2362 διὰ
867 2335 894 2362 τί
907 2335 965 2368 νῦν,

177 2386 235 2413 ἀλλ’
245 2386 275 2412 οὐ
298 2386 351 2421 πρὸ
367 2385 470 2417 τούτου,
485 2385 534 2420 τὴν
548 2386 588 2416 εἰς
599 2383 891 2419 ἃπαντας“ἀνθρώπους
906 2383 966 2408 ἐπι-

178 2434 291 2468 φάνειαν
312 2433 393 2459 αὑτοῦ
408 2431 549 2467 πεποίητο,
564 2432 611 2458 καὶ
626 2432 651 2458 τί
670 2432 699 2457 τὸ
716 2427 844 2465 αῐτιονῆν
862 2429 908 2455 τοῦ
929 2429 966 2464 μὴ

178 2480 262 2507 πάλαι
290 2479 432 2515 πρότερον,
458 2478 570 2513 ἔναγχος
587 2477 614 2504 δὲ
637 2478 682 2504 καὶ
707 2476 775 2512 μετὰ
796 2476 841 2502 τὸν
863 2475 968 2511 μακρὸν

179 2527 275 2557 αἰῶνα,
292 2526 375 2553 ἐθνῶν
383 2525 557 2561 ἀπάρξασθαι
572 2524 651 2551 αὑτὸν
665 2524 796 2559 κλήσεως,
806 2522 841 2548 τά
855 2530 884 2548 τε
902 2521 968 2549 ἄλλα

179 2573 229 2599 ὅσα
256 2572 355 2608 δήποτε
376 2571 426 2607 τῆς
452 2571 510 2598 κατ’
536 2571 615 2598 αὑτὸν
650 2570 805 2606 ἀπορρήτου
831 2567 969 2601 θεολογίας

179 2621 266 2646 οἰκεῖα
278 2618 424 2654 τυγχὰνει·
441 2619 480 2645 ἔτι
500 2618 551 2654 μὴν
568 2618 614 2644 καὶ
628 2616 661 2642 τὰ
681 2616 744 2651 περὶ
760 2615 809 2650 τῆς
831 2613 967 2649 ἐνανθρω-

179 2667 289 2701 πήσεως
300 2665 394 2696 αὑτοῦ,
405 2665 422 2691 ἃ
434 2665 479 2691 καὶ
496 2663 590 2700 πρῶτα
609 2662 638 2694 ἐξ
652 2663 747 2697 ἐτέρας
768 2661 847 2695 λόγου
869 2658 967 2695 ἀρχῆς,

179 2713 215 2744 ὡς
229 2713 296 2748 πρὸς
311 2713 374 2744 τοὺς
395 2712 536 2742 ἀπίστους,
549 2709 617 2741 τέως
632 2708 710 2736 αὑτὸν
730 2708 826 2744 βοηθὸν
843 2705 969 2733 ἐπικαλε-

180 2758 293 2793 σάμενοι
306 2758 351 2784 τὸν
364 2757 410 2784 τοῦ
423 2757 490 2784 Θεοῦ
506 2756 601 2790 Λόγον,
616 2755 680 2790 φέρε
694 2752 913 2788 διασκεψώμεθα.

1013 994 1106 1021 missis
1121 993 1228 1021 cadent.
1245 993 1279 1020 At
1294 993 1367 1020 enim
1383 1000 1445 1019 cum
1460 992 1676 1020 demonstratum
1689 999 1702 1019 a
1720 993 1797 1021 nobis

1013 1041 1049 1068 sit
1063 1047 1116 1067 non
1132 1039 1255 1072 fortuito,
1271 1047 1360 1074 neque
1384 1038 1531 1066 indiscrete
1557 1039 1684 1066 omnibUS
1696 1039 1797 1073 simpli-

1013 1085 1080 1112 citer
1096 1084 1217 1112 Iudaica
1231 1084 1320 1119 gentis
1334 1091 1397 1111 cum
1414 1083 1518 1111 vitiosis
1534 1088 1614 1118 atque
1628 1082 1727 1117 impiis,
1741 1088 1796 1111 tum

1013 1131 1095 1158 etiam
1121 1131 1156 1159 iis
1185 1130 1231 1165 qui
1251 1131 1319 1158 tales
1344 1137 1398 1157 non
1416 1130 1482 1161 sint,
1498 1131 1609 1158 oracula
1623 1129 1721 1162 divina,
1738 1130 1798 1158 illas

1013 1177 1146 1204 bonorum
1162 1176 1357 1211 promissiones
1372 1175 1517 1207 cecinisse,
1536 1175 1582 1203 sed
1598 1175 1689 1210 paucis
1704 1183 1796 1203 eorum

1014 1223 1147 1250 duntaxat
1161 1225 1189 1250 et
1210 1221 1290 1249 facile
1304 1222 1530 1254 numerabilibus,
1547 1221 1581 1250 iis
1597 1221 1729 1253 videlicet,
1751 1222 1795 1256 qui

1015 1269 1042 1296 in
1059 1269 1230 1296 Salvatorem
1254 1272 1282 1295 et
1306 1267 1452 1295 Dominum
1478 1271 1601 1295 nostrum
1627 1267 1796 1300 crediderint,

1014 1319 1062 1343 aut
1086 1316 1120 1343 iis
1140 1315 1187 1350 qui
1210 1320 1273 1343 ante
1296 1315 1357 1350 ejus
1374 1315 1519 1343 adventum
1540 1315 1607 1350 justi
1622 1315 1708 1343 cilecti
1733 1317 1794 1344 sint.

1014 1362 1130 1390 Abunde
1155 1369 1206 1390 nos
1232 1361 1350 1389 arbitror
1375 1361 1542 1396 declarasse,
1571 1361 1794 1398 quemadmodum

1014 1416 1046 1436 ea
1069 1416 1130 1444 quae
1153 1408 1187 1435 ad
1202 1407 1340 1444 promissa
1356 1407 1449 1435 divina
1466 1409 1613 1443 pertinent,
1630 1415 1680 1436 nm
1693 1408 1796 1436 indide-

1015 1459 1106 1482 renter
1114 1455 1142 1482 in
1148 1454 1276 1482 omnibus
1283 1453 1394 1486 Judzeis,
1404 1453 1484 1481 ﬁnem
1500 1455 1664 1490 acceperint.
1674 1458 1700 1482 et
1708 1463 1796 1490 quem-

1015 1500 1162 1528 admodum
1179 1507 1233 1527 non
1256 1500 1324 1535 ipsis
1348 1500 1445 1534 magis,
1461 1507 1542 1534 quam
1568 1500 1601 1527 iis
1624 1500 1664 1535 qui
1679 1499 1712 1527 de
1734 1508 1796 1536 grn-

1017 1547 1089 1574 tibus
1105 1550 1292 1579 assumuntur,
1311 1546 1358 1573 ubi
1377 1545 1518 1573 Christum
1542 1545 1588 1574 Dei
1613 1549 1794 1582 susceperunt,

1017 1593 1211 1629 prophetamm
1231 1598 1363 1628 responsa
1378 1593 1560 1620 .conveniant.
1579 1593 1660 1620 Porro
1674 1601 1794 1628 quamam

1019 1640 1100 1667 fuerit
1114 1639 1269 1666 divinorum
1291 1640 1487 1674 promissorum
1514 1639 1569 1674 86
1596 1640 1735 1672 sententia,
1750 1639 1794 1666 ubi

1019 1690 1127 1721 tempus
1149 1686 1200 1713 erit
1212 1686 1366 1713 ostendam.
1377 1685 1438 1713 "rec
1448 1689 1538 1712 autem
1550 1692 1634 1720 prope
1645 1686 1794 1713 necessario

1018 1739 1034 1759 a
1045 1739 1088 1758 me
1097 1731 1209 1759 collecta
1222 1734 1332 1765 sunt,ut
1340 1731 1501 1767 redarguam
1516 1738 1564 1758 eos
1578 1731 1624 1765 qui
1641 1729 1671 1757 ad
1685 1729 1795 1756 circurn-

1018 1776 1150 1804 cisionem
1171 1776 1317 1811 pertinent,
1333 1775 1450 1811 quadam
1466 1775 1541 1802 inani
1560 1774 1688 1809 jactantia
1701 1774 1792 1806 elatos,

1017 1827 1045 1851 et
1061 1823 1097 1850 ad
1120 1830 1150 1850 se
1171 1822 1244 1850 solos
1258 1822 1409 1854 Christum,
1433 1829 1489 1849 non
1503 1821 1537 1849 ad
1560 1828 1653 1848 omnes
1675 1819 1794 1847 homines

1017 1873 1163 1897 venturum
1176 1868 1351 1904 pertinaciter
1364 1868 1522 1904 gloriantes,
1539 1874 1590 1894 nec
1605 1875 1658 1894 non
1674 1870 1701 1893 ut
1711 1869 1783 1893 esten

1018 1916 1079 1943 dam
1105 1923 1202 1951 magna
1225 1922 1288 1942 eum
1310 1915 1415 1942 ratione
1439 1921 1500 1942 esse
1518 1913 1638 1941 studium
1665 1919 1781 1940 nosrum

1018 1970 1079 1990 cum
1097 1962 1181 1989 libros
1198 1961 1307 1988 illorum
1322 1965 1349 1988 et
1367 1960 1476 1987 oracula
1490 1959 1623 1987 versando
1644 1962 1791 1986 tractmius.

1018 2008 1174 2036 Constituta
1193 2012 1235 2035 est
1255 2015 1271 2034 a
1286 2014 1330 2033 me
1352 2006 1422 2033 libro
1442 2005 1582 2040 superiore
1602 2012 1693 2036 causa,
1709 2011 1749 2030 tur
1764 2004 1793 2030 in

1019 2062 1123 2082 morem
1143 2053 1286 2080 Iudaicum
1301 2059 1355 2079 non
1378 2051 1535 2083 recidimus,
1558 2050 1667 2078 tametsi
1684 2048 1791 2085 pnphe-

1019 2100 1081 2127 tieis
1111 2100 1219 2127 illorum
1244 2099 1354 2134 scriptis
1379 2098 1537 2133 gaudemus,
1551 2104 1601 2124 nec
1614 2097 1679 2123 item
1700 2095 1792 2128 uinus,

1020 2146 1173 2182 cujusmodi
1192 2153 1224 2173 ea
1244 2144 1279 2172 sit
1292 2145 1359 2177 vita,
1379 2151 1436 2179 quae
1455 2143 1564 2171 Christo
1578 2147 1700 2176 auctore,
1713 2141 1794 2169 )rnni-

1020 2193 1071 2219 bus
1092 2191 1218 2227 gentibus
1235 2190 1360 2217 nuntiata
1381 2188 1579 2224 praedicataque
1602 2187 1648 2219 sit,
1666 2191 1794 2222 qualique

1020 2238 1131 2273 antiqua
1154 2237 1191 2265 sit
1207 2236 1369 2272 evangelica:
1388 2235 1540 2270 reipublicae
1556 2234 1637 2266 ratio,
1663 2233 1691 2260 in
1705 2231 1792 2259 codem

984 2285 1006 2313 D
1020 2284 1163 2320 explanavi
1185 2290 1235 2319 pro
1257 2282 1375 2310 viribus.
1399 2281 1566 2316 Quapropter
1591 2280 1638 2315 qui
1665 2279 1713 2306 hac
1742 2277 1792 2304 ali-

1020 2331 1130 2367 quando
1150 2330 1258 2358 tandem
1279 2328 1453 2359 absolvimus,
1468 2327 1524 2363 jam
1543 2335 1617 2354 nunc
1636 2331 1732 2359 termus
1748 2331 1793 2350 ar-

1020 2379 1154 2406 bitramur
1174 2383 1247 2408 esse,
1265 2379 1296 2403 ut
1316 2374 1351 2402 de
1369 2374 1471 2401 occulta
1493 2377 1521 2401 et
1543 2371 1659 2408 mystica
1679 2369 1790 2402 ratione,

1020 2432 1081 2460 qum
1109 2424 1143 2451 ad
1169 2423 1338 2451 Salvatorem
1361 2424 1388 2448 et
1407 2419 1549 2447 Dominum
1569 2413 1683 2446 nosti-un
1697 2415 1791 2443 Iesum

1019 2471 1171 2504 Christum,
1183 2470 1228 2505 qui
1245 2468 1371 2496 Christus
1386 2470 1423 2494 est
1437 2466 1494 2498 Dei,
1507 2465 1635 2500 pertinet,
1653 2462 1792 2492 rccultiora

1021 2518 1084 2545 item
1108 2516 1231 2552 quaedam
1256 2515 1427 2551 attingamus,
1450 2517 1480 2541 ut
1497 2521 1559 2540 cum
1581 2512 1634 2539 hoc
1654 2508 1745 2536 tariter
1759 2508 1792 2535 il-

1021 2563 1067 2590 lud
1086 2562 1235 2594 discamus,
1259 2569 1340 2597 quam
1356 2561 1392 2588 ob
1407 2568 1458 2588 rem
1472 2566 1557 2590 nunc,
1572 2563 1599 2586 et
1616 2563 1659 2584 nm
1676 2554 1792 2581 antehae

1020 2610 1053 2637 ad
1070 2617 1165 2637 omnes
1182 2612 1275 2644 gentes
1299 2607 1443 2640 advenerit,
1465 2611 1493 2634 et
1508 2612 1633 2641 quaenam
1646 2608 1728 2630 causa
1743 2600 1791 2632 sit,

1022 2660 1052 2684 ut
1072 2663 1127 2683 non
1147 2655 1233 2682 multo
1253 2659 1325 2686 ante,
1341 2653 1387 2681 sed
1408 2660 1488 2688 iuper
1502 2652 1635 2680 duntaxat
1647 2652 1710 2684 post
1733 2655 1791 2674 ma—

1023 2710 1106 2739 gnum
1131 2708 1276 2729 numerum
1297 2700 1463 2731 saculorim,
1479 2704 1577 2725 vocare
1598 2698 1682 2732 geites
1705 2693 1791 2720 incoe-

1024 2749 1094 2785 perit
1111 2758 1117 2776 :
1133 2753 1192 2776 tum
1207 2748 1260 2776 alia
1275 2747 1397 2783 ejusdem
1413 2745 1523 2780 generis.
1536 2751 1595 2780 qua:
1610 2747 1708 2770 a'cana:
1719 2739 1791 2766 illius

179 2787 323 2840 theologia:
340 2804 449 2840 propria
467 2787 556 2835 sunt;
572 2787 686 2838 quaeque
707 2801 741 2828 ad
762 2787 840 2828 illum
856 2803 983 2836 spectant
996 2802 1147 2826 tractemus
1164 2807 1170 2824 :
1194 2797 1269 2829 item,
1297 2802 1350 2830 qua
1377 2793 1477 2821 raione
1494 2792 1539 2820 ille
1551 2792 1625 2819 hom.
1642 2789 1728 2840 factus
1744 2787 1790 2819 sit,

181 2859 241 2887 quae
256 2834 323 2879 sane
340 2834 430 2877 letizim
457 2851 546 2885 prima
562 2848 682 2876 omnium
704 2855 774 2874 novo
789 2847 907 2882 quodam
929 2849 1070 2880 assumpto
1096 2843 1218 2875 exordio,
1244 2842 1323 2878 quasi
1335 2840 1368 2868 ad
1398 2839 1514 2867 lnmines
1535 2836 1684 2866 incredulos
1703 2834 1792 2869 ipsum

181 2899 228 2928 Dei
249 2900 362 2928 verbum
381 2899 550 2930 invocantes,
577 2901 607 2924 ut
629 2904 680 2924 nos
705 2895 823 2930 adjuvet,
842 2901 891 2929 age
914 2895 971 2928 jam
989 2893 1204 2922 consideremus.

214 2956 236 2972 "
252 2955 354 2986 Ezech.
371 2949 483 2987 xlvfﬁl,
494 2954 540 2982 22.
578 2954 600 2970 ⁸⁸
617 2952 715 2982 Ezech.
733 2959 798 2982 xxx.
822 2949 918 2979 56-38.
