2071 3219
170 191 223 220 185

623 182 949 220 DEMONSTRATIONIS
969 191 1199 221 EVANGELICIE
1218 191 1280 221 LIB.
1302 192 1345 221 m.

1753 195 1803 223 Ιϐϐ

170 251 244 280 δτι-ως
257 251 283 277 οἱ
301 250 439 286 προφῆται
451 250 499 286 τὴν
512 250 558 277 τοῦ
572 250 735 286 Εὐαγγελίου
752 251 860 287 μνήμην
868 251 913 278 ἐπὶ
923 251 962 278 τοῐ

1024 253 1060 280 illi
1080 253 1127 280 uni
1143 261 1224 288 posise
1246 253 1462 286 accommodari,
1475 261 1507 281 ex
1522 254 1627 281 eventis
1643 254 1804 281 certissimis

172 296 290 332 Χριστοῦ
303 296 520 333 παρελάμϐανον.

1019 299 1074 333 jam
1098 300 1153 334 jam
1179 299 1428 334 comprobabimus,
1458 299 1492 329 si.
1520 299 1593 334 quod
1619 300 1803 328 necessarium

171 347 223 374 est,
240 343 319 378 prius
331 343 396 370 illud
409 344 582 379 contemplati
595 344 707 377 erimus,
723 345 954 380 quemadmodum
979 350 1117 382 prophetae
1134 347 1272 382 Evangelii
1288 346 1453 374 mentionem
1480 347 1507 373 in
1532 346 1642 374 Christo
1659 355 1713 374 non
1735 354 1804 381 prae-

175 390 358 417 termiserint.

172 446 273 480 ⁶Οπως
289 447 478 493 οὶὶίτρομῇτει
498 448 622 488 τὴνίτοῦ
634 450 818 493 Εὺργγξλίου
842 450 963 485 μνήμην

312 483 360 508 ἐπὶ
379 483 432 509 τοῦ
446 483 574 516 Χριστοῦ
590 483 829 519 παρελάμϐανον.

209 529 246 554 Α’.
269 537 278 554 t
297 529 348 555 Τοῦ
368 529 531 564 δηλωθέντος
552 531 656 567 μάρτυς
671 531 704 558 ἂν
725 532 767 568 εἴη
785 533 903 568 ῥήμασιν
915 531 964 558 αὺ-

171 575 227 605 τοῖς
247 574 371 606 Ἡσαΐας,
392 575 424 601 ὲκ
443 575 589 610 προσώπου
609 576 656 603 τοῦ
669 577 787 612 Χριστοῦ
810 576 962 613 κεκραγώς·

174 627 183 644 ι
200 619 313 654 Πνεῦμα
326 620 428 656 Κυρίου
439 621 482 648 ἐπ’
495 622 555 656 ἐμὲ,
566 618 596 648 οὗ
607 623 709 649 εἵνεκεν
726 622 816 658 ἔχρισε
831 631 874 658 με·
887 623 966 657 εὐαγ-

171 664 329 698 γελίσασθαι
343 668 459 702 πτωχοῖς
472 668 625 695 ἀπέσταλκέ
643 677 687 704 με,
701 669 817 704 κηρύξαι
827 669 964 705 αἰχμαλὼ-

173 719 230 742 τοις
245 712 352 746 ἄφεσιν,
372 713 419 739 καὶ
435 714 543 748 τυφλοῖς
564 714 720 750 ἀνάϐλεψιν·
740 725 749 741 ι
765 716 798 750 ἦν
812 725 873 742 τινα
898 725 964 752 ’προ⁸

173 757 288 792 φητείαν
299 759 313 784 ὸ
327 759 423 795 Σωτὴρ
435 759 514 795 ἡμῶν
528 760 556 786 ὲν
567 762 599 796 τῇ
616 762 759 796 συναγωγῇ
773 762 838 787 ποτε
852 761 962 788 διελθὼν

173 802 218 828 ἐπὶ
237 802 283 828 τοῦ
310 802 428 839 πλήθους
444 804 497 831 τῶν
517 805 660 837 Ἰουδαίων,
691 805 794 838 πτύξας
816 806 846 832 τὺ
861 806 961 841 βιϐλίον

172 847 233 875 εἷπε
244 857 250 863 ⁸
271 859 280 874 ι
297 850 418 886 Σήμερον
439 851 616 888 πεπλήρωται
631 853 647 888 ἡ
663 853 756 889 Γραφη
772 853 841 888 αῦτη
858 853 886 878 ἐν
906 854 961 884 τοῖς

173 896 239 936 ὠσὶν
253 896 341 932 ὑμῶν,
361 906 370 922 δ
390 898 436 923 καὶ
453 897 484 933 δὴ
505 898 609 924 ἐνθένδε
630 897 721 934 ἀρξάμ
736 907 780 930 νος
797 898 848 932 τῆς
860 898 962 930 οἰκείας
980 905 988 936 l’

173 942 344 974 διδασκαλίας
365 945 482 978 πτωχοῖς
505 944 694 979 εὐηγγελίζετο
719 945 774 971 τῶν
799 945 864 981 παρ’
889 945 963 980 αὐτῷ

175 989 368 1024 μακαρισμῶν,
389 990 562 1025 προτάττων-
582 1000 591 1015 ε
611 991 747 1025 Μακάριοι
763 991 786 1017 οἱ
804 991 906 1026 πτωχοὶ
925 991 963 1027 τῷ

173 1034 318 1070 πνεύματι,
339 1035 379 1061 ὅτι
390 1035 479 1062 αὐτῶν
493 1036 566 1062 ἐστιν
581 1037 596 1071 ἡ
608 1035 731 1070 βασιλεία
742 1037 796 1062 τῶν
812 1037 960 1072 οὐρανῶν.»

179 1080 259 1107 Ἀλλὰ
272 1081 319 1108 καὶ
335 1083 390 1113 τοῖς
402 1081 454 1107 ὑπὸ
469 1082 629 1117 πνευμάτων
643 1082 768 1118 πονηρῶν
781 1083 962 1118 ὁχλουμένοις,

173 1128 225 1154 ὑπό
241 1137 269 1154 τε
280 1128 413 1163 δαιμόνων
428 1127 527 1163 τρόπον
538 1128 717 1163 αἰχμαλώτων
734 1129 816 1155 παλαι
833 1129 963 1165 πρότερον

173 1174 397 1210 κεκρατημένοις,
415 1174 464 1208 τὴν
477 1173 572 1207 ἄφεσιν
585 1175 768 1209 προεκήρυττε
782 1175 845 1206 τοὺς
861 1175 963 1207 πάντας

173 1217 212 1248 εἰς
227 1217 382 1253 ἐλευθερίαν
393 1217 440 1242 καὶ
453 1217 529 1243 λύσιν
543 1216 597 1242 τῶν
612 1217 666 1243 ἀπὸ
677 1217 774 1248 κακίας
786 1217 890 1252 δεσμῶν
900 1218 963 1243 ἀνα-

173 1262 348 1298 καλούμενος,
370 1263 403 1290 δι’
417 1259 454 1289 ὦν
475 1263 603 1297 ἔφασκεν·
621 1273 630 1288 ‹
649 1263 731 1290 Δεῦτε
748 1264 816 1299 πρός
844 1272 877 1299 με
896 1263 963 1290 πάν·

172 1317 218 1340 τες
231 1310 256 1335 οἱ
270 1309 420 1341 κοπιῶντες
430 1310 476 1336 καὶ
493 1310 712 1345 πεφορτισμένοι,
726 1309 802 1344 κάγὼ
813 1309 963 1337 ἀναπαύσω

172 1356 254 1390 ὑμᾶς.
277 1365 286 1381 ι
303 1356 356 1382 Καὶ
372 1355 480 1389 τυφλοῖς
495 1355 523 1381 δὲ
547 1356 595 1392 τὴν
609 1356 754 1390 ἀνάϐλεψιν
770 1357 893 1392 παρεῖχε,
907 1357 962 1388 τοῖς

171 1401 222 1432 τὰς
238 1400 313 1434 ὄψεις
328 1400 375 1426 τοῦ
393 1399 517 1435 σώματος
533 1399 737 1435 διεψθαρμένοις
753 1399 783 1425 τὸ
795 1399 902 1434 βλέπειν
912 1399 963 1425 δω-

173 1446 315 1482 ρούμενος,
325 1446 396 1473 κατὰ
408 1446 527 1473 διάνοιαν
536 1447 592 1477 τοῖς
604 1446 687 1472 πάλαι
701 1445 765 1480 περὶ
776 1445 824 1480 τὴν
834 1445 962 1480 ἀληθειαν

171 1493 353 1520 ἀναϐλέπουσι
366 1492 415 1527 (l),
431 1493 460 1518 το
480 1492 536 1527 φῶς
552 1493 601 1527 τῆς
621 1491 735 1527 ἀληθοῦς
755 1491 894 1523 εὐσεϐείας
910 1500 961 1517 πα-

173 1538 259 1573 ρέχων
276 1539 352 1573 ὀρᾷν.
374 1538 424 1564 Τὸν
441 1537 490 1573 μὲν
501 1536 547 1564 οὖν
559 1537 674 1572 Χριστδν
691 1537 719 1562 εν
735 1536 852 1572 πρώτοις
872 1537 962 1563 αὐθέν-

1019 449 1094 483 Quod
1111 449 1242 484 prop/tete:
1257 449 1285 475 in
1299 449 1355 483 ipso
1371 447 1476 490 Christo
1491 448 1628 490 Evangelii
1648 450 1803 478 mentionem

1310 489 1512 518 assumpsermt.

1052 529 1071 555 1.
1091 529 1214 563 Hujusce
1230 529 1355 557 veritatis
1379 529 1458 556 testis
1473 529 1506 556 ad
1521 530 1632 556 verbum
1652 530 1687 557 sit
1703 530 1802 561 Isaias.

1017 574 1063 609 qui
1081 582 1112 601 ex
1136 582 1253 609 persona
1269 573 1371 601 Christi
1396 575 1507 607 clamat,
1527 584 1535 599 ι
1555 575 1676 610 Spiritus
1696 575 1802 603 Domini

1017 628 1101 656 super
1117 628 1170 652 me,
1194 623 1305 655 propter
1330 620 1402 655 quod
1426 621 1504 647 unxit
1528 629 1589 648 me:
1610 620 1803 656 Evangelizare

1018 667 1184 702 pauperibus
1201 666 1274 693 misit
1290 674 1350 698 me,
1365 666 1513 701 praedicare
1527 667 1642 701 captivis
1663 667 1803 694 remissio-

1017 721 1090 742 nem.
1103 716 1129 739 et
1150 712 1230 740 ets-cis
1248 712 1337 739 visum
1351 712 1374 727 ⁸⁸
1389 721 1395 739 :
1419 722 1427 738 ι
1446 720 1528 747 quam
1552 720 1617 739 sane
1634 712 1802 748 prophetiam

1016 757 1142 785 Salvator
1160 762 1252 794 noster
1268 758 1348 788 olim.
1363 759 1389 784 in
1403 762 1538 786 conventu
1555 759 1626 793 apud
1648 759 1802 786 multitudi-

1015 812 1075 831 nem
1106 804 1260 831 Judzeorum
1281 811 1342 831 cum
1362 805 1480 839 legisset,
1503 805 1657 842 librumque
1676 809 1736 840 post
1757 805 1797 832 le-

1014 850 1133 877 ctionem
1147 850 1297 885 plicuisset,
1314 850 1354 877 sic
1366 850 1472 877 locutus
1486 854 1528 877 est
1545 860 1550 876 :
1570 860 1579 875 ι
1599 850 1677 877 hodie
1692 851 1800 886 impleta

1014 901 1056 924 est
1083 897 1220 931 scriptura
1240 896 1298 924 haec
1326 896 1353 923 in
1380 896 1492 922 auribus
1514 896 1614 923 vestris
1631 896 1665 928 '°,
1683 906 1692 921 ι
1715 897 1801 930 proti-

1015 951 1119 977 nusque
1136 943 1197 970 hinc
1208 950 1288 970 suam
1308 942 1461 970 doctrinam
1482 949 1596 969 exorsus
1615 942 1800 977 evangelium

1013 990 1096 1024 cmpit
1117 989 1301 1023 pauperibus,
1323 996 1371 1016 eos
1398 989 1424 1015 in
1449 988 1686 1015 commendatione
1709 988 1801 1015 beato-

1013 1036 1133 1070 rum,qui
1154 1035 1224 1070 apud
1241 1043 1270 1062 se
1292 1035 1374 1062 futuri
1396 1035 1467 1066 sint,
1484 1035 1596 1070 reliquis
1610 1039 1778 1068 anteponens
1792 1043 1801 1061 :

1016 1091 1025 1107 ‹
1045 1082 1131 1114 Beati,
1145 1083 1242 1117 inquit,
1259 1089 1394 1117 pauperes
1410 1082 1517 1116 spiritu,
1534 1083 1662 1116 quoniam
1679 1082 1798 1116 ipsorum

1013 1134 1054 1155 est
1071 1136 1182 1163 regnum
1196 1128 1327 1154 ctelorum
1344 1128 1376 1155 π’.
1394 1137 1403 1153 )
1421 1127 1456 1154 lis
1473 1132 1601 1162 praeterea
1623 1128 1669 1162 qui
1688 1135 1703 1154 a
1720 1129 1801 1155 malis

1013 1174 1155 1208 spiritibus
1169 1177 1343 1204 vexarentur,
1356 1173 1457 1208 quique
1480 1181 1494 1200 a
1512 1173 1697 1205 daemonibus,
1712 1174 1800 1208 capti-

1013 1227 1109 1247 vorum
1133 1219 1230 1251 instar,
1252 1219 1308 1254 jam
1334 1219 1380 1246 ditt
1407 1223 1581 1250 tenerentur,
1611 1219 1798 1246 dimissionem

1013 1268 1076 1290 ante
1093 1264 1238 1296 nuntiavit,
1253 1271 1348 1290 omnes
1365 1263 1397 1290 ad
1415 1264 1568 1291 libertatem
1587 1267 1614 1290 ct
1635 1263 1798 1290 solutionem

1013 1317 1028 1336 a
1044 1309 1153 1337 malitia:
1175 1309 1292 1337 vinculis
1312 1309 1442 1340 inritans,
1467 1309 1558 1336 verbis
1579 1309 1656 1336 illis:
1680 1317 1690 1334 ί
1709 1310 1800 1336 venite

1014 1355 1046 1382 ad
1061 1363 1114 1388 me,
1132 1363 1228 1385 omnes
1239 1355 1286 1391 qui
1311 1355 1440 1382 laboratis
1461 1359 1487 1381 et
1501 1355 1606 1382 onerati
1621 1355 1697 1386 estis,
1712 1359 1738 1382 et
1748 1362 1800 1390 ego

1014 1401 1132 1428 reﬁciam
1149 1409 1198 1428 vos
1211 1402 1244 1426 ".
1270 1411 1278 1426 ι
1298 1400 1384 1428 Cmcis
1399 1409 1473 1432 vero,
1484 1401 1530 1436 qui
1543 1408 1690 1435 corporeus
1704 1401 1799 1428 oculos

1015 1447 1146 1474 haberent
1158 1451 1311 1481 corruptos,
1331 1447 1513 1482 integritatem
1527 1447 1692 1480 restituens,
1707 1446 1797 1474 visum

1014 1493 1129 1528 largitus
1143 1500 1196 1524 e51,
1216 1498 1245 1519 ut
1263 1492 1302 1520 sic
1315 1493 1491 1527 signiﬁcaret,
1506 1500 1535 1519 se
1548 1493 1580 1519 iis
1593 1494 1639 1527 qui
1650 1493 1714 1519 olim
1726 1492 1800 1519 veri-

1013 1542 1094 1566 tatem
1106 1547 1200 1574 parum
1216 1539 1396 1569 intuerentur,
1412 1539 1540 1565 virtutem
1556 1546 1609 1572 qua
1623 1539 1713 1565 lumen
1728 1545 1799 1566 veras

171 1592 220 1618 την
239 1583 286 1609 καὶ
307 1583 427 1619 ἀρχηγὸν
443 1582 551 1608 ἔσεσθαι
566 1582 616 1616 τῆς
637 1581 815 1615 εὐαγγελικῆς
832 1589 960 1617 πραγμα-

1014 1585 1120 1620 pietatis
1137 1585 1314 1620 respicerent,
1330 1593 1455 1620 erogare.
1469 1584 1608 1611 Christum
1625 1591 1690 1619 ergo
1703 1584 1730 1610 in
1744 1585 1798 1619 pri-

171 1629 244 1661 τείας
259 1630 274 1664 ἡ
295 1627 478 1664 παρατεϐεἶσα
494 1627 643 1663 προψητεία
668 1626 824 1662 παρίστησι.
841 1627 916 1653 Μετὰ
932 1627 960 1653 δὲ

171 1674 252 1701 αὐτὸν
270 1675 319 1709 τῆς
334 1673 419 1708 αὐτῆς
439 1672 590 1703 ὑποθέσεως
611 1671 749 1706 ὑπηρέτας
772 1671 878 1698 ἔσεσθαι
899 1672 962 1703 τοὺς

171 1719 253 1746 αὑτοῦ
279 1719 402 1754 μαθητὰς
425 1717 545 1749 Θεσπίζει
564 1718 578 1743 ὁ
594 1717 672 1748 αὐτὸς
687 1717 774 1749 λέγων
802 1717 958 1752 προφήτης·

174 1776 183 1791 ι
211 1765 254 1796 Ὠς
270 1765 366 1800 ὡραῖοι
381 1765 405 1790 οἱ
420 1764 498 1794 πόδες
513 1763 567 1789 τῶν
593 1762 842 1797 εὐαγγελιζομένων
859 1762 959 1797 ἀγαθὰ,

170 1812 188 1846 ἢ
212 1811 263 1837 τῶν
284 1810 533 1845 εὐαγγελιζομένων
558 1809 680 1845 εἰρήνην.
709 1818 718 1834 ι
748 1809 831 1835 Ἔνθα
862 1809 961 1844 σφόδρα

171 1856 408 1892 ἀπηκριϐωμένως
424 1855 541 1891 ὡραίους
556 1855 656 1890 ἔφησεν
672 1854 778 1881 ἔσεσθαι
800 1855 862 1886 τοὺς
881 1855 962 1886 πόδας

171 1904 224 1929 τῶν
245 1903 496 1938 εὐαγγελιζομένων
521 1902 554 1928 τὰ
577 1901 624 1928 τοῦ
647 1901 764 1936 Χριστοῦ
780 1901 880 1934 ἀγαθὰ,
904 1901 962 1933 πῶς

169 1951 220 1976 οὐκ
238 1949 350 1984 ἔμελλον
366 1949 461 1984 ὡραῖοι
478 1948 596 1978 ἔσεσθαι,
613 1947 638 1973 οἱ
655 1947 684 1972 ὲν
697 1947 781 1982 ὀλίγῳ
800 1947 847 1974 καὶ
867 1946 962 1982 βραχεῖ

168 1996 261 2030 χρόνῳ
283 1995 332 2031 τὴν
357 1996 445 2021 πᾶσαν
465 1993 710 2029 περιδραμούμενοι
726 1993 896 2028 οἰκουμένην,
914 1993 962 2019 καὶ

169 2042 261 2068 πάντα
276 2041 358 2067 τόπον
376 2039 567 2076 πληρώσαντες
580 2040 628 2075 τῆς
639 2040 702 2075 περὶ
715 2039 761 2066 τοῦ
778 2040 902 2075 Σωτῆρος
914 2039 960 2066 τοῦ

169 2087 275 2122 κόσμου
294 2087 436 2118 Θεοσεϐοῦς
446 2085 637 2117 διδασκαλίας;
665 2086 724 2111 ’Ότι
740 2085 768 2112 δὲ
787 2087 823 2121 μὴ
844 2087 961 2121 ῥήμασιν

167 2134 354 2170 ἀνορωπίνοις
370 2134 517 2168 ἐκέχρηντο
535 2133 575 2163 εἰς
591 2131 677 2158 πειθὼ
693 2132 746 2158 τῶν
767 2132 960 2167 ἀκροωμένων,

170 2180 238 2206 Θεοῦ
253 2180 281 2206 δὲ
298 2179 411 2214 δύναμις
426 2177 459 2214 ἦν
473 2179 489 2213 ἡ
506 2177 672 2213 συνεργοῦσα
683 2178 774 2209 αὺτοῖς
790 2178 818 2203 ἐν
832 2177 871 2212 τῷ
881 2177 961 2211 εὐαγ-

169 2225 272 2261 γελικῷ
290 2225 456 2261 κηρύγματι.
474 2224 551 2256 ἄλλος
565 2225 646 2250 πάλιν
659 2224 799 2260 προφήτης
815 2224 958 2258 ἀναφωνεί·

174 2281 185 2297 α
207 2271 308 2306 Κύριος
324 2270 402 2297 δώσει
421 2270 496 2306 ῥῆμα
508 2272 563 2301 τοῖς
583 2269 833 2304 εὐαγγελιζομένοις
849 2269 961 2304 δυνάμει

286 2327 296 2344 ι
316 2317 370 2344 Καὶ
395 2317 475 2343 πάλιν
489 2318 503 2343 ὁ
525 2317 647 2347 Ἠσαῖας’
667 2325 676 2341 ‹
703 2316 760 2341 Ἐπ’
784 2315 845 2351 ὅρος
862 2315 962 2350 ὑψηλὸν

171 2364 291 2400 ἀνάϐηθι
307 2365 321 2391 ὀ
343 2363 595 2398 εὐαγγελιζόμενος,
622 2361 700 2393 Σιὼν,
719 2361 825 2396 ὓψωσον
841 2362 873 2396 τῇ
891 2361 962 2396 ἰσχύϊ

172 2411 222 2446 τὴν
234 2411 325 2445 φωνήν
343 2418 390 2436 σου
401 2411 414 2436 ὁ
432 2408 672 2443 εὐαγγελιζόμενος
691 2408 723 2433 Ἱε
729 2407 876 2442 ρουσαλήμ*
890 2407 964 2441 ὑψώ-

174 2464 250 2486 σατε,
270 2455 307 2491 μὴ
322 2454 458 2490 φοϐεῖσθε,
472 2454 547 2480 εἰπὸν
572 2455 632 2484 ταῖς
649 2452 756 2478 πόλεσιν
788 2452 883 2482 Ἰούδα,
907 2452 961 2478 ἰδοὺ

171 2504 188 2528 ὀ
203 2502 268 2533 θεὸς
285 2501 372 2536 ὑμῶν,
392 2501 447 2527 ἰδοὺ
463 2500 564 2536 Κύριος
582 2499 650 2535 μετὰ
667 2498 757 2533 ἰςχύος
780 2498 896 2533 ἔρχεται,
916 2498 962 2524 καὶ

173 2549 188 2574 ὸ
206 2547 326 2582 βραχίων
348 2547 416 2582 μετὰ
439 2546 544 2581 κυρίας·
570 2546 623 2572 ἰδοῦ
645 2546 659 2570 ο
680 2543 774 2579 μισθὸς
796 2543 877 2570 αὑτοῦ
904 2544 961 2578 μετ’

174 2593 268 2623 αὑτοῦ,
284 2593 377 2619 καὶτὸ
398 2592 476 2627 ἔργον
499 2591 580 2618 αὑτοῦ
599 2591 717 2617 ἐναντίον
734 2589 826 2616 αὑτοῦ·
849 2590 885 2620 ὡς
904 2598 963 2615 ποι-

177 2639 230 2674 μὴν
246 2639 372 2673 ποιμανεῖ
384 2638 415 2664 τδ
431 2638 553 2673 ποίμνιον
568 2637 660 2667 αὐτοῦ,
679 2636 726 2662 καὶ
741 2637 768 2661 ὲν
785 2635 824 2670 τῷ
842 2635 962 2670 βραχίονι

175 2686 256 2712 αὑτοῦ
280 2685 389 2718 συνάξει
410 2686 504 2720 ἄρνας,
520 2685 567 2711 καί
582 2685 610 2709 ἐν
626 2684 723 2719 γαστρὶ
745 2682 858 2717 ἐχούσας
875 2690 962 2717 παρα-

176 2731 294 2758 καλέσει.
322 2741 331 2757 ι
355 2731 446 2758 Ταίτσ.
478 2731 506 2757 δὲ
528 2731 622 2758 ὁποίαν
641 2731 731 2766 ἔχεται
756 2731 884 2761 διάνοιαν,
910 2729 962 2765 ὁδῷ

208 2812 229 2826 "
247 2810 298 2837 lsa.
316 2818 372 2840 ut,
390 2810 415 2836 L
453 2811 476 2828 '°
492 2809 558 2836 Luc.
582 2815 619 2840 tv,
642 2808 682 2835 l8.
719 2809 740 2824 "
760 2807 854 2835 Matth.
871 2817 896 2839 ν,
911 2807 937 2834 5.

176 2848 198 2862 ’⁸
217 2847 267 2874 Isa.
288 2853 330 2875 ιι.
345 2843 438 2872 9-Η.’

211 2926 249 2959 (l)
267 2923 490 2958 lnterprcslcgit,
507 2921 655 2956 ὰναπήροις
672 2918 740 2947 οὖσι.

978 2807 999 2822 ἠ
1016 2805 1109 2832 Matth.
1127 2812 1164 2837 χι,
1187 2805 1232 2831 ‘28.

1013 1631 1065 1658 mis
1086 1636 1222 1658 auctorem
1240 1635 1267 1659 et
1283 1631 1379 1658 ducem
1401 1630 1523 1657 futurum
1539 1630 1629 1657 otnnis
1653 1631 1800 1664 pr0vinciae

1012 1677 1186 1712 evangelicm,
1202 1685 1233 1704 ea
1254 1685 1314 1712 qua:
1330 1677 1453 1712 exposita
1474 1680 1525 1707 est,
1551 1676 1692 1711 prophetia
1708 1676 1799 1703 decla-

1013 1727 1063 1749 rat.
1078 1723 1109 1748 At
1127 1726 1187 1757 post
1201 1722 1276 1748 illum
1292 1721 1413 1754 ejusdem
1433 1721 1566 1756 propositi
1583 1722 1724 1748 ministros
1740 1721 1799 1748 fore

1012 1768 1085 1796 illius
1121 1768 1285 1803 discipulos,
1317 1767 1386 1794 idem
1421 1767 1553 1802 propheta
1578 1767 1652 1795 canit
1667 1767 1761 1794 dicens
1789 1773 1796 1792 ι

1011 1815 1086 1850 89(
1105 1813 1191 1847 Quam
1204 1813 1321 1848 speciosi
1343 1813 1424 1848 pedes
1451 1813 1696 1848 evangelizantium
1724 1812 1797 1838 bona

1012 1868 1093 1896 quam
1116 1859 1364 1894 evangelizantium
1388 1866 1481 1894 pacem
1492 1858 1524 1884 ".
1539 1866 1548 1883 ι
1559 1855 1610 1885 Uhi
1624 1858 1703 1885 valde
1715 1864 1799 1884 accu-

1011 1910 1071 1933 rate
1099 1906 1238 1941 speciosos
1265 1905 1333 1932 dixit
1358 1904 1416 1932 fore
1440 1904 1521 1939 pedes
1550 1902 1798 1938 evangelizantium

1012 1950 1082 1977 bona
1098 1950 1210 1981 Christi,
1235 1950 1281 1985 qui
1297 1950 1368 1976 enim
1386 1949 1502 1983 speciosi
1525 1948 1609 1975 l‘uturi
1635 1956 1689 1975 non
1707 1953 1797 1978 erant,

1013 1996 1058 2031 qui
1074 1996 1101 2022 in
1115 1996 1212 2031 exiguo
1229 1996 1358 2030 brevique
1372 1999 1493 2029 tempore
1510 1998 1596 2021 totum
1608 1994 1701 2021 orbem
1719 1997 1799 2021 erant

1013 2042 1182 2078 percursuri,
1197 2047 1224 2069 ct
1242 2049 1349 2069 omnem
1371 2042 1460 2069 locum
1476 2046 1570 2068 sancta
1591 2040 1637 2066 illa
1653 2039 1686 2067 de
1703 2039 1798 2066 Salva-

1012 2092 1071 2115 tore
1084 2088 1175 2114 mundi
1189 2087 1312 2114 doctrina
1327 2087 1486 2121 impleturi?
1502 2085 1580 2118 Quod
1598 2089 1690 2112 autem
1705 2084 1800 2112 huma-

1011 2133 1054 2160 nis
1066 2133 1158 2160 verbis
1175 2140 1227 2159 non
1244 2135 1385 2159 uterentur
1401 2132 1434 2158 ad
1450 2131 1667 2166 persuadendum
1683 2130 1799 2157 audien-

1013 2179 1097 2209 tibus,
1115 2179 1161 2205 sed
1178 2178 1222 2204 Dei
1240 2178 1327 2204 virtus
1346 2181 1419 2205 esset
1435 2185 1496 2212 quae
1519 2185 1580 2204 cum
1602 2177 1655 2203 illis
1669 2176 1797 2205 faciebat.

1013 2225 1077 2253 dum
1095 2224 1270 2259 Evangelinm
1296 2223 1484 2258 praedicarent,
1501 2223 1570 2250 alius
1589 2230 1684 2250 rursus
1699 2222 1800 2248 clamat

1013 2271 1144 2306 propheta
1163 2279 1169 2297 :
1188 2279 1198 2295 ι
1217 2270 1349 2297 Dominus
1365 2269 1440 2296 dabit
1458 2269 1572 2295 verbum
1586 2267 1798 2302 evangelizanti-

1013 2317 1066 2344 bus
1087 2317 1187 2343 virtute
1206 2316 1323 2342 multa“
1339 2325 1346 2348 ;
1363 2325 1372 2341 ›
1394 2319 1420 2342 et
1443 2322 1539 2342 rursus
1559 2313 1652 2341 Isaias.
1677 2322 1686 2337 ι
1712 2310 1800 2344 Super

1014 2366 1133 2389 montem
1159 2361 1297 2388 excelsum
1320 2359 1436 2387 ascende
1454 2359 1500 2394 qui
1523 2358 1694 2392 evangelizas
1716 2355 1798 2389 Sion;

1014 2407 1113 2435 extolle
1128 2411 1259 2442 quantum
1275 2411 1351 2441 potes
1363 2413 1457 2432 vocem
1470 2409 1544 2431 tuam
1565 2404 1612 2438 qui
1627 2402 1799 2436 evangelizas

1015 2453 1183 2481 Hierusalem
1201 2460 1207 2478 :
1229 2452 1366 2483 extollite,
1393 2459 1427 2478 ne
1450 2451 1558 2482 timete;
1575 2449 1620 2476 dic
1642 2447 1798 2474 civitatibus

1014 2501 1094 2530 Juda,
1111 2508 1173 2527 ecce
1192 2499 1261 2526 Deus
1275 2502 1375 2529 vester,
1391 2505 1455 2525 cccc
1477 2496 1608 2522 Dominus
1623 2502 1684 2521 cum
1701 2493 1799 2520 robore

1014 2546 1099 2578 venit,
1109 2549 1136 2571 et
1148 2544 1287 2572 brachium
1299 2551 1361 2570 cum
1379 2547 1511 2578 potestate
1524 2551 1529 2567 :
1545 2548 1608 2568 ecce
1620 2546 1723 2566 merces
1739 2538 1799 2572 ejus

1014 2600 1076 2620 cum
1092 2599 1134 2622 eo,
1156 2596 1182 2618 ct
1195 2598 1263 2625 opus
1277 2590 1337 2624 ejus
1352 2597 1443 2616 coram
1462 2589 1520 2622 ipso
1538 2597 1544 2613 ε
1560 2590 1689 2621 tanquam
1705 2588 1800 2619 pastor

1014 2642 1108 2673 pascet
1124 2644 1230 2672 gregem
1248 2643 1339 2667 suum,
1355 2639 1382 2662 et
1397 2635 1424 2661 in
1436 2632 1547 2661 brachio
1562 2639 1612 2659 suo
1625 2629 1777 2665 congregab
1789 2634 1800 2656 t

1016 2691 1112 2719 agnos,
1124 2687 1150 2709 et
1163 2690 1210 2710 eas
1225 2690 1284 2717 quae
1294 2681 1321 2708 in
1335 2685 1414 2708 utero
1428 2679 1540 2710 habent,
1549 2676 1796 2705 consolabitur”.i

1016 2729 1148 2757 Cteterum
1168 2728 1223 2755 haec
1245 2734 1362 2762 quonam
1380 2733 1462 2754 sensu
1483 2722 1641 2758 accipienda
1657 2721 1722 2754 sint,
1736 2729 1800 2756 pro-

1270 2804 1292 2819 ⁸³
1312 2802 1363 2831 lsa.
1389 2809 1437 2836 ιιι,
1453 2802 1480 2829 7.
1528 2800 1550 2816 ³⁸
1565 2798 1636 2827 Psal.
1652 2806 1736 2829 vatl,
1754 2797 1798 2824 ιο.
