2071 3219
281 169 334 199 16³1

599 167 731 196 EUSEBII
747 166 985 196 C(ESABIENSIS
1001 167 1076 195 OPP.
1094 166 1185 195 PARS
1203 166 1236 195 ll.
1256 182 1292 187 —
1311 162 1550 194 APOLOGETICA

1855 157 1908 186 £68

279 229 367 265 gressi
391 229 498 264 longius
520 228 547 255 in
567 228 692 255 doctrina
713 227 868 262 evangelica
888 227 1040 255 videbimus
1058 237 1060 254 :

1118 226 1258 262 προϊόντες
1275 227 1346 252 κατὰ
1362 225 1411 261 τὴν
1431 225 1610 261 εὐαγγελικὴν
1632 224 1760 261 εἰσόμεθα
1779 223 1906 254 διδασκα-

280 276 389 304 interim
404 274 470 302 illud
485 274 618 305 constitit,
631 277 658 300 et
672 273 760 308 ipsum
777 273 963 309 Evangelium.
981 278 1008 301 et
1019 281 1065 300 no-

279 330 340 349 men
367 320 506 356 Evangelii
531 320 697 355 propheticis
720 319 835 347 vocibus
858 319 1063 354 comprobatum

280 368 363 397 fuisse
376 376 382 393 :
397 367 480 395 habes
497 370 624 402 przeterea
638 366 777 394 evidentes
791 366 1004 402 perspicuasquc
1017 367 1065 395 de-

278 414 500 444 monstrationes,
508 412 580 440 unde
593 412 700 439 initium
710 415 784 440 esset
793 417 969 448 accepturum
977 414 1065 441 Evan-

278 461 390 496 gelium,
409 460 441 487 ab
454 460 512 494 ipso
527 458 653 486 videlicet
667 458 787 492 Christo,
803 466 854 487 nec
868 467 922 486 non
934 467 982 494 per
994 467 1064 495 quos

280 505 350 532 foret
374 504 588 540 praedicandum,
607 513 656 540 per
680 506 752 532 illius
779 506 873 540 utique
899 506 1062 540 apostolos:

278 550 326 578 Sed
342 550 423 578 etiam
443 554 496 585 qua
512 551 614 578 virtute
626 553 699 577 esset
717 555 919 586 superaturum,
937 559 990 577 non
1012 551 1064 578 hu-

277 603 357 622 mana
382 596 495 623 scilicet.
510 596 588 628 Quod
613 596 702 631 ipsum
723 604 789 623 sane
804 605 838 624 ex
859 596 905 623 illo
929 597 1062 630 constitit,

280 646 290 666 ι
309 640 440 667 Dominus
454 640 530 668 dabit
553 641 666 668 verbum
690 641 943 676 evangelizantibus
963 642 1064 669 virtute

278 687 372 714 multa.
389 697 399 713 ι
417 687 560 723 Reliquum
577 688 723 723 igiturjam
742 691 794 720 est,
811 692 885 716 utex
899 689 993 716 multis
1004 697 1064 724 qua:

276 733 347 763 apud
365 732 493 760 Hebraeos
509 733 649 763 antiquius
665 741 697 760 ac
712 734 845 761 remotius
855 733 889 760 de
903 734 1012 761 Christo
1026 735 1065 762 di-

276 779 368 807 vinata
385 784 459 812 sunt,
478 787 563 814 pauca
578 780 769 815 anticipemus,
786 784 816 807 ut
832 781 923 809 discas
938 789 1063 816 quaenam

276 825 321 852 illa
335 829 438 855 essent.
458 833 519 860 quae
538 825 736 859 posterioribus
757 826 925 860 temporibus
942 825 1064 861 Evange-

276 871 342 898 lium
357 871 513 897 nuntiarent
525 870 657 903 futurum,
675 871 810 906 simulque
822 871 984 898 miraculum
1001 879 1064 906 pro-

1115 271 1184 298 λίαν·
1207 271 1276 306 πλὴν
1301 269 1369 297 ἀλλὰ
1396 270 1531 304 πέφανται
1542 269 1573 297 τὸ
1589 270 1764 305 Εὐαγγέλιον,
1781 272 1829 298 καὶ
1843 271 1906 299 τοῦ-

1114 326 1183 353 νομα
1200 317 1228 344 δὲ
1248 317 1295 343 τοῦ
1318 316 1494 351 Εὑαγγελίου,
1519 316 1563 343 διὰ
1582 317 1635 343 τῶν
1654 318 1830 353 προφητικῶν
1856 327 1907 354 με·

1116 363 1333 399 μαμυρημὲνον,
1350 363 1422 399 ἔχεις
1444 372 1474 390 τε
1497 362 1595 395 λευκὰς
1618 363 1665 390 καὶ
1685 364 1811 399 ἐναργεῖς
1835 364 1905 391 ἀπο-

1114 409 1220 442 δείξεις,
1234 410 1266 435 ὲκ
1277 409 1349 441 τίνος
1360 409 1408 445 μὲν
1421 408 1532 445 ἄρξεται
1543 408 1574 435 τὸ
1585 409 1758 443 Εὑαγγέλιον,
1773 409 1813 436 ὅτι
1829 409 1860 446 δὴ
1876 411 1905 444 ἐξ

1114 453 1196 482 αὐτοῦ
1211 455 1258 481 τοῦ
1274 455 1403 491 Χριστοῦ,
1420 455 1453 482 δι’
1469 452 1506 482 ὧν
1522 463 1550 482 τε
1566 455 1781 491 κηρυχθήσεται,
1799 455 1839 482 ὅτι
1860 456 1905 483 διὰ

1114 502 1167 528 τῶν
1183 502 1338 528 ἀποστόλων
1355 502 1447 529 αὑτοῦ·
1466 501 1534 528 ἀλλὰ
1554 501 1600 528 καὶ
1620 502 1684 537 ποίᾳ
1700 501 1814 538 δυνάμει
1837 510 1906 537 κρω

1114 549 1203 584 τήσει,
1227 549 1267 575 ὅτι
1295 548 1332 584 μὴ
1353 549 1521 584 ἀνθρωπεία.
1540 540 1572 575 Ὃ
1595 547 1628 583 δὴ
1645 548 1692 574 καὶ
1706 547 1772 574 αὐτὸ
1790 548 1904 584 συνέστη

1114 595 1159 622 διὰ
1173 595 1230 627 τοῦ,
1251 605 1259 620 ι
1274 594 1376 631 Κύριος
1392 595 1472 622 δώσει
1487 596 1562 631 ῥῆμα
1576 596 1632 627 τοῖς
1650 594 1905 630 εὐαγγελιζομένοις

1113 641 1225 677 δυνάμει
1237 641 1330 677 πολλῇ.
1347 651 1355 667 ι
1369 641 1442 677 Τίδὴ
1453 640 1498 669 οὖν
1513 642 1634 668 λείπεται
1648 642 1694 668 ἐπὶ
1709 642 1824 673 τοὺτοις,
1840 641 1856 677 ἢ
1872 642 1905 669 ἐκ

1115 687 1218 714 πολλῶν
1234 688 1311 722 ὀλίγα
1329 686 1472 724 προλαϐεῖν
1488 688 1542 715 τῶν
1561 690 1624 725 παρ’
1649 688 1783 725 Ἑϐραίοις
1805 688 1905 715 ἇνέκα-

1115 734 1160 761 θεν
1176 734 1299 770 περὶτοῦ
1311 734 1429 770 Χριστοῦ
1447 735 1706 769 προφητευομένων;
1725 735 1763 766 ὡς
1781 735 1814 762 ἂν
1832 735 1905 770 εἰδῇς

1113 780 1174 807 τίνα
1191 780 1299 806 ἔσεσθαι
1311 780 1342 807 τὸ
1352 781 1516 815 Εὐαγγέλιον
1531 782 1560 807 ὲν
1571 787 1694 816 υστερυις
1710 782 1813 817 καιροῖς
1822 781 1905 815 εὐηγ-

1114 826 1245 861 γελίζετο,
1263 827 1329 862 ὁμοῦ
1344 836 1375 853 τε
1394 828 1448 854 τῶν
1464 827 1610 863 προφητῶν
1625 827 1656 854 τὸ
1669 827 1761 863 θαῦμα
1783 827 1833 862 τῆς
1849 826 1904 852 τῶν

1116 872 1265 908 μελλόντων
1295 873 1484 909 προγνώσεως,
1511 873 1557 900 καὶ
1582 873 1635 900 τῶν
1659 873 1838 909 προρρήσεων
1868 872 1902 900 τὰ

276 916 430 951 phetarum,
449 916 495 951 qui
513 916 624 951 quidem
641 920 717 943 tanto
739 921 802 944 ante
817 916 907 943 futura
927 924 1060 951 cognove-

1113 919 1330 954 ἀποτελέσματα,
1350 919 1424 951 ὅπως
1451 920 1496 946 ἐπὶ
1522 920 1568 946 τὸν
1591 919 1704 955 Σωτῆρα
1727 919 1774 945 καὶ
1800 918 1902 954 Κύριον

277 962 347 994 rint,
363 962 482 996 itemque
501 961 626 995 ipsorum
649 962 823 988 oraculorum
838 964 944 994 eventa,
970 968 1063 995 quem-

276 1007 421 1035 admodum
446 1015 476 1034 ea
497 1007 525 1034 in
542 1006 683 1034 Salvatore
700 1011 726 1033 et
745 1006 860 1034 Domino
876 1011 971 1034 nostro
984 1006 1060 1038 Jesu,

276 1054 321 1088 qui
337 1054 463 1082 Christus
477 1057 519 1082 est
536 1053 591 1086 Dei,
608 1053 741 1089 completa
761 1053 925 1080 consistant.

276 1110 306 1139 ll.
326 1110 402 1145 Quod
423 1112 454 1138 de
469 1109 575 1139 Christo
600 1111 738 1138 vaticinati
764 1115 825 1137 sunt
848 1110 981 1144 prop/aeta:
1005 1109 1061 1137 He-

600 1146 739 1173 brazorum.

307 1192 416 1221 Primus
425 1194 617 1229 prophetarum
624 1193 740 1228 Moyses,
750 1193 832 1220 alium
841 1192 999 1228 prophetam
1009 1192 1063 1220 sibi

274 1240 392 1268 similem
417 1241 604 1268 suscitandum
628 1240 780 1267 denuntiat.
805 1238 860 1274 90
885 1239 953 1266 Cum
987 1239 1062 1266 enim

275 1286 346 1321 leges
358 1286 392 1312 ab
407 1286 466 1320 ipso
479 1285 575 1320 positae
588 1285 637 1312 soli
655 1285 774 1312 Judaicze
788 1286 861 1320 genti
872 1285 1060 1317 convenirent,

274 1331 356 1366 idque
372 1332 400 1358 in
419 1336 493 1359 terra
514 1331 607 1358 Judzea
626 1331 770 1363 duntaxat,
793 1335 839 1358 aut
861 1331 965 1358 circum
987 1338 1059 1363 eam,

273 1384 328 1404 non
343 1380 433 1404 autem
447 1377 471 1404 ei
487 1385 594 1412 quoque
607 1377 691 1412 genti,
710 1385 771 1412 qua:
787 1377 947 1411 longissime
959 1377 988 1403 in
1003 1379 1061 1403 ter-

274 1422 313 1449 ris
325 1422 517 1449 remotissimis
532 1422 654 1458 degeret,
666 1422 897 1458 quemadmodum
907 1423 984 1450 exiis
999 1430 1061 1457 quae

273 1467 350 1502 prius
365 1474 382 1493 a
398 1467 477 1494 nobis
491 1470 607 1493 tractata
625 1471 689 1494 sunt
704 1467 832 1502 cognosci
847 1467 944 1501 potuit,
960 1471 987 1494 et
997 1475 1060 1495 eum

272 1513 320 1548 qui
338 1518 411 1540 esset
421 1520 477 1539 non
492 1513 581 1540 solum
598 1512 764 1545 Iudaeorum,
779 1513 827 1540 sed
844 1513 926 1540 etiam
944 1513 1058 1540 aliarum

273 1559 394 1593 gentium
418 1559 501 1590 Deus,
531 1562 668 1593 oporteret
687 1558 721 1584 ad
740 1566 770 1586 se
795 1550 1014 1592 cognoscendum
1033 1564 1060 1586 et

273 1591 416 1634 colendum
432 1606 494 1633 vitae
509 1591 649 1633 hominum
665 1591 841 1641 Suppeditare
857 1612 900 1637 ea.
917 1614 977 1642 qua:
991 1614 1059 1634 eun-
1072 1591 1095 1623 δ

272 1653 325 1681 rtis
341 1653 404 1680 item
417 1653 543 1688 gentibus
556 1652 631 1679 utilia
642 1652 742 1690 forent,
757 1653 855 1680 merito
872 1653 986 1680 alterum
1000 1660 1061 1687 pro-

272 1701 393 1736 phetam,
411 1701 456 1736 qui
470 1701 545 1727 nulla
559 1700 586 1726 in
601 1702 678 1734 parte
694 1706 749 1726 suae
764 1699 852 1734 ipsius
867 1699 965 1726 rationi
978 1703 1060 1733 atque

272 1747 396 1774 instituto
419 1746 539 1776 cederet,
563 1746 597 1773 de
619 1744 733 1772 Iudaica
754 1750 834 1780 gente
857 1745 1057 1776 suscitandum,

273 1793 386 1820 oraculo
408 1792 533 1827 exposito
555 1791 670 1822 divinat,
687 1792 715 1819 in
730 1791 802 1818 hunc
817 1792 928 1818 modum
951 1791 990 1818 illi
1008 1791 1058 1826 ipsi

273 1840 328 1868 Deo
354 1840 548 1875 respondente.
571 1849 580 1865 ι
604 1839 767 1874 Prophetam
796 1839 936 1866 suscitabo
965 1838 1005 1865 eis
1025 1838 1059 1865 de

272 1888 403 1915 fratribus
415 1889 536 1922 ipsorum
548 1892 676 1921 tanquam
685 1891 721 1918 te,
729 1889 756 1914 et
763 1886 833 1913 dabo
845 1886 957 1913 verbum
968 1892 1057 1912 meum

272 1936 299 1961 in
316 1942 346 1962 os
359 1935 443 1964 illius,
460 1938 487 1960 ct
502 1934 630 1968 loquetur
643 1932 683 1960 eis
697 1932 775 1966 juxta
785 1939 865 1959 omne
876 1931 1058 1967 quodcunque

272 1981 437 2007 mandavero
453 1979 491 2006 illi
505 1987 510 2004 :
525 1983 552 2005 et
567 1979 648 2006 homo
661 1979 751 2006 omnis
765 1979 921 2013 quicunque
938 1986 992 2005 non
1007 1985 1057 2004 au-

272 2026 352 2054 dierit
368 2025 451 2053 verba
469 2025 528 2060 ejus
543 2031 713 2059 quaacunque
732 2024 859 2059 loquetur
882 2024 1013 2058 propheta
1030 2023 1057 2051 in

271 2074 382 2101 nomine
395 2080 466 2105 meo,
489 2079 538 2107 ego
556 2071 673 2098 ulciscar
693 2079 725 2098 ex
741 2072 817 2099 eo".
840 2081 848 2097 ι
869 2071 971 2098 Similia
994 2078 1058 2098 vero

273 2120 331 2154 ipse
346 2126 455 2154 quoque
471 2117 576 2154 Moyses
600 2118 652 2145 hoc
672 2117 811 2144 oraculum
826 2118 1008 2152 interpretans
1023 2117 1057 2144 ad

272 2165 400 2200 populum
417 2164 454 2190 ait
470 2173 475 2190 ς
494 2173 503 2188 ‹
521 2163 682 2198 Prophetam
695 2163 729 2190 de
740 2163 870 2191 fratribus
888 2164 986 2190 vestris
997 2167 1058 2190 tan-

271 2219 353 2247 quam
368 2218 412 2238 me
431 2210 574 2237 suscitabit
596 2209 728 2236 Doruinus
744 2208 832 2243 Deus;
850 2209 925 2236 illum
939 2209 1057 2236 audietis

272 2266 298 2285 In
320 2257 446 2284 omnibus
469 2262 639 2290 quaecunque
661 2255 805 2289 postulasti
828 2262 842 2280 a
864 2255 979 2283 Domino
1001 2254 1056 2282 Deo

272 2312 317 2331 tuo
331 2304 358 2330 in
383 2302 484 2334 Horeb,
500 2302 526 2329 in
539 2302 582 2329 die
597 2301 803 2329 concisionis”.
820 2311 829 2328 ι
847 2301 915 2328 Num
931 2302 1012 2336 igitur
1023 2309 1055 2328 ex

272 2351 305 2378 tis
330 2350 376 2385 qui
397 2355 457 2384 post
473 2348 582 2385 Moysen
605 2348 769 2376 exstiterunt
792 2347 943 2382 Prophetas,
959 2347 1054 2380 lsaias,

272 2396 385 2431 exempli
403 2395 501 2431 gratia,
517 2399 563 2422 aut
576 2394 721 2427 Jeremias,
739 2399 785 2421 aut
796 2393 932 2425 Ezechiel.
948 2397 994 2421 aut
1008 2394 1058 2421 Da-

272 2443 335 2474 niel,
351 2446 397 2468 aut
408 2442 479 2469 alius
495 2441 630 2476 quispiam
642 2440 675 2467 de
685 2441 793 2468 caeteris
808 2440 950 2467 duodecim
967 2441 1055 2476 legum

273 2491 367 2514 auctor
382 2486 466 2522 Moysi
480 2486 663 2514 conferendus
678 2487 800 2513 exstitit?
811 2494 991 2521 nequaquam.
1003 2486 1056 2514 Sed

273 2541 302 2560 ex
317 2533 372 2560 illis
386 2533 506 2564 tandem,
523 2534 586 2567 quis
598 2540 717 2566 unquam
732 2532 817 2567 Moysi
835 2533 934 2559 similia
950 2533 1057 2560 effecit?

273 2585 406 2612 nusquam
423 2579 524 2612 poteris
540 2579 641 2605 dicere.
660 2577 713 2605 Sed
729 2578 962 2613 quisqueillorum
978 2586 993 2605 a
1004 2580 1056 2614 pri-

273 2630 316 2649 mo
332 2623 364 2649 ad
378 2624 556 2650 novissimum
574 2631 753 2658 quoscunque
768 2624 946 2651 instituebant
961 2632 992 2651 ac
1003 2625 1054 2651 dov

274 2669 379 2700 cebant,
407 2670 438 2695 ad
458 2669 546 2704 ipsum
571 2670 681 2705 Moysen
706 2671 899 2702 remittebant,
925 2675 1006 2707 atque
1027 2673 1054 2700 in

274 2719 322 2740 hoc
339 2715 465 2748 populant
490 2715 731 2748 reprehendebant,
757 2716 828 2750 quod
846 2716 945 2751 Moysis
969 2718 1053 2752 legem

274 2767 325 2783 non
350 2762 498 2789 servasset,
526 2759 573 2786 sed
601 2766 695 2786 contra
724 2761 795 2786 illam
823 2760 941 2793 fecisset,
967 2770 1055 2797 neque

271 2804 346 2832 illum
370 2803 402 2829 ad
427 2803 574 2838 quidquam
600 2805 672 2832 aliud
692 2805 884 2838 hortabantur,
905 2807 958 2834 nisi
974 2807 1007 2834 ad
1023 2816 1053 2834 ea

248 2883 256 2897 ⁸
306 2879 329 2895 ’⁸
348 2878 423 2907 Dcul.
447 2888 525 2910 XVIII.
541 2882 639 2916 18,19.
678 2883 699 2899 “7
716 2882 783 2909 lbid.
796 2882 889 2915 15,16.

1114 965 1191 999 ἡμῶν
1212 965 1314 1000 Ἰησοῦν
1331 964 1375 991 τὸν
1393 964 1509 1000 Χριστὸν
1527 965 1573 992 τοῦ
1587 965 1654 991 Θεοῦ
1680 964 1838 991 συνίσταται
1851 972 1901 990 τιε-

1113 1011 1165 1046 π).η
1170 1009 1288 1046 ρωμένοι.

1112 1113 1150 1140 B‘.
1181 1113 1275 1145 Ὅπως
1297 1113 1362 1146 περὶ
1387 1112 1441 1138 τοῦ
1466 1112 1595 1146 Χριστοῦ
1620 1112 1852 1147 προανεςρώνουν
1873 1113 1902 1140 οι

1346 1148 1483 1181 Ἐϐραίων
1498 1147 1656 1182 προφῆται.

1147 1193 1258 1228 Πρῶτος
1272 1193 1417 1228 προφητῶν
1425 1194 1543 1229 Μωῦσῆς
1553 1194 1646 1230 ἕτερον
1656 1195 1797 1230 προφήτην
1809 1194 1902 1230 ὅμοιον

1113 1237 1186 1274 αὐτῷ
1207 1239 1411 1274 ὰναστήσασθαι
1438 1239 1652 1273 εὐαγγελίζεται.
1682 1240 1788 1275 Ἐπειδὴ
1809 1240 1863 1275 γὰρ
1883 1240 1901 1276 ὴ

1112 1287 1171 1313 κατ’
1189 1286 1269 1312 αὐτὸν
1285 1285 1430 1321 νομοθεσία
1454 1285 1526 1321 μόνῳ
1548 1285 1587 1321 τῷ
1609 1286 1742 1313 Ἰουδαίων
1763 1286 1902 1322 προσῆκεν

1112 1332 1193 1364 ἔθνει,
1204 1332 1251 1359 καὶ
1266 1332 1352 1367 τούτῳ
1366 1332 1411 1359 ἐπὶ
1430 1333 1478 1367 τῆς
1493 1332 1621 1363 Ἰουδαίας
1634 1332 1696 1367 γῆς,
1711 1333 1727 1367 ἢ
1749 1333 1821 1367 ἀμφὶ
1835 1331 1902 1358 ταύ-

1111 1387 1170 1415 την,
1185 1379 1246 1414 οὐχὶ
1266 1379 1294 1406 δὲ
1317 1379 1364 1405 καὶ
1381 1379 1421 1414 τῷ
1436 1379 1605 1415 πορρωτάτω
1621 1379 1670 1414 τῆς
1685 1379 1837 1414 ἀλλοδαπῆς
1849 1378 1902 1404 δια-

1111 1425 1231 1462 τρίϐοντι
1248 1425 1387 1452 ωνῶπται
1408 1425 1452 1452 διὰ
1469 1425 1523 1451 τῶν
1543 1424 1660 1460 πρόσθεν
1679 1425 1745 1460 ἡμῖν
1761 1433 1900 1460 γεγυμνα-

1112 1472 1227 1507 σμένων,
1240 1472 1309 1508 χρῆν
1321 1472 1349 1498 δὲ
1362 1472 1447 1507 δήπου
1460 1471 1506 1498 τὸν
1526 1471 1562 1507 μὴ
1578 1471 1657 1506 μόνον
1675 1471 1809 1497 Ἰουδαίων
1823 1471 1900 1502 Θεὸν,

1111 1518 1179 1544 ἀλλὰ
1195 1518 1242 1544 καὶ
1257 1518 1352 1552 ἐθνῶν,
1373 1517 1420 1544 καὶ
1441 1518 1475 1544 τὰ
1497 1518 1563 1544 πᾶσι
1581 1518 1637 1549 τοῖς
1662 1516 1752 1543 ἔθνεσι
1775 1516 1900 1552 λυσιτελῆ

1111 1564 1180 1600 πρὸς
1196 1564 1246 1599 τὴν
1264 1563 1346 1590 αὐτοῦ
1366 1563 1465 1598 γνῶσίν
1481 1572 1510 1590 τε
1528 1563 1574 1590 καὶ
1590 1563 1730 1590 εὐσέϐειαν
1750 1564 1900 1599 παρασχεῖν

1111 1610 1151 1645 τῷ
1168 1609 1227 1645 βίῳ·
1253 1610 1365 1641 εἰκότως
1382 1611 1524 1646 προφήτην
1545 1610 1637 1645 ἓτερον
1658 1611 1719 1636 κατ’
1742 1610 1817 1636 οὐδὲν
1838 1611 1902 1636 ἀπο-

1111 1655 1204 1682 δέοντα
1219 1656 1268 1690 τῆς
1285 1657 1344 1682 κατ’
1369 1655 1448 1683 αὑτὸν
1469 1656 1624 1691 οἰκονομίας
1639 1656 1671 1682 ὲκ
1692 1655 1739 1682 τοῦ
1764 1656 1900 1682 Ἰουδαίων

1111 1701 1203 1733 ἔθνους
1218 1703 1378 1738 ἀναστήσειν
1394 1702 1438 1728 διὰ
1454 1702 1578 1738 χρησμοῦ
1598 1701 1730 1734 θεσπίζει,
1753 1701 1848 1728 τοῦτον
1863 1702 1902 1732 εί-

1112 1748 1226 1783 ρηκότος
1242 1748 1324 1774 αὐτοῦ
1351 1748 1398 1774 τοῦ
1429 1747 1496 1774 Θεοῦ
1519 1748 1564 1774 τὸν
1585 1748 1695 1782 τρόπον·
1716 1757 1725 1773 ε
1753 1748 1902 1784 Προφήτην

1110 1794 1256 1829 ἀναστήσω
1269 1794 1360 1826 αὐτοῖς
1371 1795 1402 1820 ἐκ
1417 1794 1471 1821 τῶν
1488 1794 1608 1828 ἀδελφῶν
1624 1795 1722 1826 αὐτῶν,
1739 1794 1835 1830 ὥσπερ
1859 1795 1900 1828 σὲ,

1111 1838 1159 1868 καὶ
1172 1841 1252 1868 δώσω
1267 1842 1297 1868 τὺ
1312 1841 1388 1877 ῥῆμά
1400 1850 1450 1877 μου
1467 1842 1494 1867 ἐν
1506 1841 1544 1876 τῷ
1558 1841 1672 1876 στόματι
1689 1840 1781 1873 αὑτοῦ,
1798 1842 1845 1868 καὶ
1855 1841 1902 1868 λα-

1109 1887 1186 1922 λήσει
1209 1888 1299 1919 αὑτοῖς
1325 1888 1385 1914 καθ’
1401 1888 1415 1914 ὅ
1435 1896 1461 1913 τι
1479 1887 1511 1914 ἂν
1527 1888 1691 1923 ἐντέλλωμαι
1712 1888 1794 1924 αὐτῷ·
1817 1889 1864 1915 καὶ
1885 1889 1900 1916 6

1109 1931 1251 1968 ἄνθρωπος
1265 1932 1294 1964 ὃς
1306 1932 1338 1960 ἂν
1352 1933 1388 1968 μὴ
1405 1933 1509 1969 ἀκούσῃ
1519 1933 1573 1959 τῶν
1586 1933 1671 1967 λόγων
1684 1933 1778 1965 αὐτοῦ,
1797 1934 1848 1960 ὅσα
1866 1934 1901 1961 ἂν

1109 1978 1215 2014 λαλήσῃ
1230 1980 1243 2004 ὁ
1260 1979 1403 2015 προφήτης
1416 1979 1462 2005 ἐπὶ
1478 1979 1516 2014 τῷ
1539 1979 1650 2014 ὀνόματί
1673 1988 1732 2014 μου⁷
1754 1979 1809 2014 ἐγὼ
1828 1980 1901 2007 ἐκδι-

1109 2027 1186 2061 κήσω
1200 2026 1229 2059 ἐξ
1241 2026 1332 2052 αὐτοῦ.
1355 2035 1364 2051 ι
1380 2025 1419 2052 Τὰ
1434 2025 1514 2060 ὅμοια
1526 2025 1554 2051 δὲ
1576 2025 1623 2051 καὶ
1643 2025 1723 2056 αὐτὸς
1739 2025 1754 2052 ὁ
1779 2025 1900 2061 Μωῡσῆς

1109 2071 1177 2107 πρὸς
1187 2071 1233 2098 τὸν
1245 2072 1308 2100 λαὸν
1323 2071 1506 2107 διερμηνεύων
1518 2071 1547 2097 τὸ
1559 2070 1604 2098 τοῦ
1622 2070 1688 2097 Θεοῦ
1704 2070 1805 2105 λόγιον,
1820 2071 1897 2106 φησί.

1111 2126 1120 2142 ι
1142 2117 1284 2152 Προφήτην
1300 2118 1330 2143 ἐκ
1342 2116 1396 2143 τῶν
1409 2116 1528 2150 ἀδελφῶν
1543 2116 1618 2152 ὑμῶν
1634 2114 1672 2147 ὡς
1685 2116 1735 2151 ἐμὲ
1754 2117 1900 2152 ἀναστήσει
1928 2150 1932 2154 .

1108 2162 1210 2198 Κύριος
1228 2163 1243 2188 6
1264 2162 1329 2194 θεός
1353 2171 1411 2194 σου,
1442 2163 1523 2189 αὑτοῦ
1541 2161 1689 2189 ἀκούσεσθε
1713 2162 1783 2189 κατὰ
1810 2162 1900 2189 πάντα

1108 2209 1158 2236 ὅσα
1172 2210 1265 2245 ᾐτήσω
1278 2209 1353 2245 παρὰ
1366 2209 1470 2244 Κυρίου
1482 2209 1529 2236 τοῦ
1542 2208 1609 2235 Θεοῦ
1625 2210 1653 2236 ὲν
1669 2208 1768 2244 Χωρὴὸ
1782 2210 1815 2244 τῇ
1831 2208 1900 2244 ὴμέ-

1110 2265 1145 2292 ρᾳ
1161 2257 1210 2291 τῆς
1229 2256 1400 2291 Ἐκκλησίας.
1420 2266 1428 2282 ι
1447 2254 1510 2292 τΑρ*
1522 2254 1568 2282 οὖν
1583 2257 1607 2282 οἱ
1621 2256 1688 2291 μετὰ
1698 2255 1816 2282 Μωῡσέα
1832 2263 1899 2290 προ-

1108 2302 1201 2337 φῆται,
1232 2302 1355 2334 Ἡσαΐας,
1377 2301 1454 2338 φέρε,
1475 2301 1491 2338 ἦ
1516 2301 1656 2337 Ἱερεμίας,
1675 2301 1691 2336 ἢ
1715 2300 1853 2336 Ἰεζεκιὴλ,
1879 2300 1897 2336 ἢ

1108 2349 1216 2384 Δανιὴλ,
1243 2348 1259 2384 ἦ
1278 2357 1320 2380 τις
1339 2349 1431 2384 ἕτερος
1449 2349 1504 2375 τῶν
1526 2348 1639 2380 δώδεκα,
1652 2348 1764 2375 Μωῦσεί
1779 2347 1897 2383 κατέστη

1108 2395 1297 2431 παραπλήσιος
1321 2395 1487 2431 νομοθετηςς
1506 2394 1639 2430 οὐδαμῶς.
1669 2394 1749 2421 Ἀλλὰ
1770 2393 1806 2421 τὰ
1818 2393 1899 2429 ὅμοιά

1107 2449 1149 2473 τις
1161 2441 1272 2468 ἐκείνων
1285 2442 1396 2467 Μωῦσεί
1409 2441 1626 2475 διαπέπρακται;
1643 2441 1692 2467 οὐκ
1713 2440 1785 2467 ἔστιν
1798 2441 1896 2466 εἰπεῖν.

1108 2487 1244 2519 ’Ἕκαστος
1255 2487 1319 2522 γοῦν
1330 2487 1420 2514 αὐτῶν
1431 2487 1483 2513 ἀπὸ
1497 2486 1604 2522 πρώτου
1619 2487 1665 2513 καὶ
1684 2487 1724 2518 είς
1741 2485 1787 2512 τὸν
1806 2485 1899 2512 τελευ-

1109 2535 1193 2565 ταῖον,
1210 2534 1254 2560 ἐπὶ
1270 2532 1388 2561 Μωῡσὲα
1395 2535 1459 2564 τοὺς
1468 2533 1658 2568 ἀκροωμένους
1669 2532 1835 2567 ἀνέπεμπον,
1850 2532 1898 2558 καὶ

1109 2580 1154 2606 τόν
1166 2587 1196 2613 γε
1213 2579 1282 2606 κατὰ
1293 2579 1340 2606 τοῦ
1353 2577 1415 2605 λαοῦ
1426 2579 1533 2614 ἔλεγχον
1546 2578 1589 2605 διὰ
1601 2579 1649 2610 τὰς
1664 2578 1835 2614 παραϐάσεις
1849 2577 1896 2604 τοῦ

1109 2625 1249 2656 Μωῦσέως
1256 2625 1394 2651 ἐποιοῦντο
1403 2625 1495 2660 νόμου,
1510 2625 1680 2661 προῧτρεπόν
1692 2633 1721 2650 τε
1739 2624 1814 2650 οὐδὲν
1833 2623 1897 2651 ἄλλο

1109 2669 1125 2705 ἢ
1138 2670 1192 2696 τῶν
1204 2671 1279 2706 παρὰ
1292 2672 1403 2697 Μωῡσεῖ
1415 2671 1666 2706 νενομοθετημένων
1679 2669 1829 2705 ἐξέχεσθαι.
1847 2669 1898 2696 Οὖ-

1108 2715 1170 2742 δένα
1185 2716 1249 2750 γοῦν
1262 2716 1363 2743 τούτων
1382 2717 1482 2752 ὅμοιον,
1501 2717 1620 2751 Μωῦσῆς
1635 2716 1665 2742 δὲ
1680 2716 1743 2750 περὶ
1760 2715 1818 2747 ἐνὸς
1834 2715 1897 2750 ὠρι-

1111 2760 1216 2797 σμένως
1235 2763 1378 2796 ἀναφωνεῖ.
1400 2763 1465 2789 Τίνα
1484 2763 1572 2789 τοίνυν
1589 2763 1604 2789 ὁ
1626 2762 1748 2797 χρησμὸς
1771 2761 1895 2793 θεσπίζει

1108 2808 1220 2835 Μωῦσεί
1236 2809 1424 2845 παραπλήσιον
1441 2809 1549 2836 ἔσεσθαι
1563 2809 1704 2843 προφήτην
1722 2808 1737 2842 ἢ
1755 2807 1834 2842 μόνον
1847 2805 1895 2836 τὶν
