2071 3219
199 158 250 187 £69

634 157 958 187 DEMONSTRATIONIS
977 156 1208 187 EVANGELlCE
1228 157 1294 188 LIB.
1311 157 1356 186 Ill.

1761 162 1811 193 ιτο

196 216 311 252 Mm
334 216 382 243 καὶ
404 215 503 252 Κύριον
527 217 605 252 ἡμῶν
636 204 737 252 Ἰησοῦν
764 216 809 243 τὸν
840 216 970 252 Χριστόνς

1029 216 1142 244 ﬁrmiter
1164 216 1292 249 tenenda,
1313 224 1374 252 quae
1398 217 1426 244 in
1446 217 1505 252 lege
1521 214 1605 246 Musis
1625 218 1715 254 posita
1726 225 1809 247 .sunt.

196 261 290 293 Ὅπως
316 261 345 288 δὲ
359 261 431 288 τοῦτ’
454 262 557 297 εἴρηται
570 282 576 294 ,
598 262 791 297 διασκέψασθαι
818 263 973 297 ἀναγκαῖον.

194 305 315 340 Μωῦσῆς
341 306 448 341 πρῶτος
472 307 591 342 ἡγήσατο
624 306 670 333 τοῦ
706 307 835 333 Ἰουδαίων
871 306 972 337 ἔθνους.

193 350 289 385 Εὑρὼν
299 351 327 378 δὲ
342 351 439 382 αὐτοὺς
450 353 483 386 τῇ
495 353 565 378 κατὰ
577 352 741 386 Λίγυτπίους
755 352 876 387 πολυθέῳ
887 352 974 387 πλάνῃ

193 395 392 431 προσέχοντας,
428 397 535 432 πρῶτος
567 397 616 432 μὲν
652 398 752 433 ταύτης
785 398 973 433 ἀπέστρεψεν,

191 441 388 477 ἀπαραιτήτοις
402 442 547 477 τιμωρίαις
560 443 748 478 ἀπαγορεύσας
765 443 973 478 εἰδωλολατρεϊν·

191 484 301 519 πρῶτος
316 485 344 511 δὲ
358 486 449 517 αὐτοῖς
468 487 514 513 καὶ
534 487 583 521 τὴν
597 488 658 523 περὶ
675 489 820 523 μοναρχίας
837 488 974 522 θεολογίαν

192 529 365 564 κατήγγειλε,
380 531 425 556 τὸν
437 530 490 556 τῶν
505 531 632 558 ἁπάντων
643 533 822 568 Δημιουργὸν,
836 533 882 560 καὶ
896 542 973 568 ποιη-

192 574 241 610 τὴν
259 575 336 611 μόνον
356 576 542 611 παραγγείλας
569 577 665 604 σέϐειν·
681 578 787 613 πρῶτος
801 578 828 604 δὲ
842 579 887 604 καὶ
900 579 973 612 ἀγω-

190 623 241 656 γήν
258 630 317 648 τινα
343 622 483 654 θεοσεϐοῦς
506 623 562 657 βίου
579 624 635 654 τοῖς
654 624 744 655 αὐτοῖς
768 624 971 659 διαταξάμενος,

189 666 336 702 νομοθέτης
348 668 438 698 αὐτοῖς
454 667 580 698 εὐσεϐοῦς
594 668 728 700 πολιτείας
742 669 846 704 πρῶτος
860 669 906 695 καὶ
923 669 972 704 μό-

189 720 235 743 νος
246 712 441 740 ἀποδέδεικται.
452 714 530 740 Ἀλλὰ
544 714 591 740 καὶ
610 715 712 750 Ἰησοῦς
729 716 743 741 ὁ
756 715 872 751 Χριστὸς
889 716 970 741 Mur}-

190 759 233 783 σεί
248 759 454 794 παραπλησίως,
471 759 517 785 καὶ
535 760 601 786 πολὺ
618 760 779 796 κρειττόνως
798 761 903 795 πρῶτος
922 761 971 796 τῆς

187 804 249 830 κατ’
268 804 406 831 εὐσέϐειαν
421 805 595 837 διδασκαλίας
619 809 675 838 τοῖς
691 807 794 838 λοιποῖς
809 806 897 833 ἔθνεσι
922 816 971 833 κα-

188 849 327 885 θηγήσατο
342 851 390 877 καὶ
410 851 517 887 πρῶτος
531 852 684 887 ἀνατροπὴν
697 852 747 887 τῆς
765 852 825 879 καθ’
842 853 906 888 ὅλην
922 852 970 888 τὴν

1029 261 1138 288 Nullum
1168 262 1251 297 igitur
1271 262 1369 289 horum
1390 262 1428 289 illi
1447 263 1563 290 similem
1587 264 1689 292 dixeris
1706 275 1712 292 :
1736 267 1810 301 alqui

1029 307 1118 335 Moses
1133 308 1167 335 de
1187 316 1241 335 uno
1263 307 1395 335 duntaxat
1416 313 1489 336 certe
1504 317 1536 336 ac
1554 309 1663 337 delinite
1680 312 1810 346 loquitur.

1029 354 1178 385 Quemnam
1188 353 1268 387 igitur
1277 353 1358 379 alium
1369 352 1436 380 Mosi
1444 354 1559 381 similem
1571 354 1691 382 futurum
1700 357 1814 392 prophe—

1028 402 1082 425 tam
1098 398 1171 425 canit
1186 399 1328 426 oraculum
1341 399 1416 430 illud,
1427 400 1478 426 nisi
1498 393 1665 428 Salvatorem
1680 406 1708 429 et
1722 402 1813 430 Domi~

1028 451 1092 470 num
1107 447 1230 470 nostrum
1240 443 1331 471 Jesum
1341 444 1478 472 Christum
1488 445 1648 478 ‘IQuomodo
1659 452 1749 475 autem
1761 448 1812 476 hoc

1027 489 1128 517 dictum
1137 490 1341 525 sit,diligentius
1349 492 1526 526 contemplari
1534 500 1644 520 necesse
1650 492 1813 522 est.Primus

1027 535 1115 563 Moses
1127 537 1198 570 genti
1212 536 1331 564 Iudaicae
1342 537 1461 571 prtel'uit:
1473 546 1590 573 cumque
1601 547 1648 567 eos
1665 540 1812 575 depreher

1027 582 1111 609 disset
1123 581 1258 618 Egyptiis
1273 583 1523 618 superstitionibus,
1534 586 1734 621 multorumque
1750 587 1812 615 deo~

1027 636 1086 655 rum
1095 629 1169 656 cultu
1179 629 1333 663 implicitos,
1343 629 1448 664 primus
1458 630 1491 657 ab
1500 630 1532 658 iis
1542 631 1601 659 illos
1610 632 1717 664 avertit,
1727 633 1813 660 inevi-

1026 674 1155 701 tabilibus
1165 674 1305 709 suppliciis
1312 675 1430 701 cultores
1438 675 1645 703 simulacrorum
1658 677 1808 705 deterrens:

1025 719 1077 754 91
1093 723 1119 746 et
1144 720 1249 755 primus
1277 721 1317 748 eis
1344 721 1506 756 theologiam
1531 722 1658 754 ostendit,
1675 731 1734 750 eam
1751 732 1811 759 quas

1026 767 1108 793 unius
1119 766 1301 801 principatum
1313 767 1402 798 docet,
1416 768 1596 802 prazcepitque
1612 772 1640 795 ut
1656 777 1738 795 unum
1752 770 1812 804 opi-

1026 811 1102 838 ﬁcem
1130 816 1322 846 auctoremque
1347 820 1436 839 rerum
1462 814 1582 840 omnium
1598 814 1718 841 colerent
1734 824 1740 841 :
1755 815 1810 850 pri-

1026 866 1086 885 mus
1107 858 1188 885 etiam
1217 858 1349 893 religiosae
1363 859 1424 886 vita:
1438 859 1490 887 illis
1505 860 1701 888 institutionem
1714 870 1811 896 quam-

187 896 350 931 οἰκουμένην
375 897 594 933 εἰδωλολατρείας
622 898 781 933 εἰργάσατο·
811 898 917 934 πρῶτός
943 907 970 925 τε

1023 901 1084 928 dam
1115 902 1261 936 disponens
1287 906 1368 937 atque
1397 903 1551 938 assignans,
1576 905 1627 939 piae
1655 911 1811 941 sanctasque

187 942 236 976 τὴν
249 942 308 973 ἑνὸς
322 942 369 968 τοῦ
385 943 576 978 παμΰασιλέως
591 944 657 970 Θεοῦ
671 944 769 977 γνῶσίν
785 952 814 970 τε
832 945 879 970 καὶ
895 944 971 970 εὐσέ-

187 988 265 1015 ϐειαν
284 989 365 1015 πᾶσιν
383 989 536 1025 ἀνθρώποις
558 989 737 1025 προύϐάλετο,
753 989 845 1016 καινοῦ
867 999 896 1016 τε
914 989 970 1024 βίου

187 1034 234 1060 καὶ
244 1034 379 1066 πολιτείας
393 1035 528 1061 θεοσεϐἐσι
541 1035 730 1071 προσηκούσης
739 1036 845 1070 πρῶτος
855 1037 970 1069 είσαγω⁸

186 1081 252 1114 γεὺς
273 1081 320 1107 καὶ
336 1081 482 1117 νομοθέτης
502 1082 697 1108 ἀποδέδεικται.
723 1081 776 1108 Καὶ
792 1082 826 1108 τὰ
848 1081 928 1108 λοιπὰ
943 1082 971 1109 δὲ

185 1125 221 1153 τὰ
235 1127 299 1161 περὶ
312 1126 414 1162 κόσμου
433 1127 574 1161 γενέσεως,
588 1127 634 1153 καὶ
646 1127 679 1153 τὰ
694 1128 756 1162 περὶ
770 1127 857 1162 ψυχῆς
871 1128 971 1154 ἀθανα-

187 1171 259 1203 σίας,
274 1173 321 1198 καὶ
331 1172 380 1198 ὅσα
394 1172 460 1199 ἄλλα
476 1173 606 1207 φιλόσοφα
620 1173 740 1208 δόγματα
760 1173 868 1208 πρῶτος
887 1174 971 1200 Μωῦ-

188 1215 238 1250 σῆς
253 1216 292 1251 τῷ
315 1217 449 1243 Ἰουδαίων
468 1217 625 1253 παρέδωκεν
647 1217 734 1249 ἔθνει,
751 1218 835 1243 ταῦτα
857 1218 970 1253 θεοπρε-

186 1262 318 1298 πέστερον
334 1263 441 1298 πρῶτος
455 1265 510 1295 τοῖς
526 1264 628 1295 λοιποῖς
640 1264 743 1290 ἔθνεσιν
761 1263 864 1299 Ἰησοῦς
876 1266 889 1291 ό
904 1265 971 1299 Χρι-

187 1306 248 1338 στὸς
275 1307 320 1334 διὰ
346 1308 400 1335 τῶν
423 1308 503 1335 αὺτοῦ
533 1308 660 1344 μαθητῶν
684 1309 879 1343 κατήγγειλεν·
900 1308 969 1336 ὣστε

185 1352 305 1379 Μωῦσὲα
326 1353 375 1389 μὲν
399 1353 511 1385 εἰκότως
529 1353 636 1390 πρῶτον
658 1355 705 1381 καὶ
729 1354 807 1389 μόνον
830 1354 969 1386 εὐσεΰείας

185 1397 334 1433 νομοθέτην
356 1399 554 1434 ἀνηγορεῦσθαι
575 1399 721 1431 Ἰουδαίων,
752 1399 854 1434 Ἰησοῦν
878 1400 905 1426 δὲ
924 1399 969 1426 τὸν

185 1443 302 1478 Χριστὸν
314 1443 368 1470 τῶν
381 1443 464 1470 ἐθνῶν
476 1444 611 1475 ἁπάντων,
625 1444 696 1471 κατὰ
708 1443 755 1480 τὴν
769 1447 892 1479 φήσασαν
906 1445 969 1480 περὶ

185 1488 269 1515 αὑτοῦ
285 1490 466 1524 προφητείαν
481 1500 490 1515 ι
508 1490 693 1525 Κατάστησον,
710 1489 805 1525 Κύριε,
823 1490 969 1526 νομοθέτην

185 1535 230 1561 ἐπ’
252 1535 366 1567 αὐτούς·
391 1535 536 1570 γνώτωσαν
560 1536 633 1571 ἔθνη,
654 1537 694 1562 ὅτι
712 1536 847 1572 ἄνθρωποί
869 1538 930 1562 εισι.
957 1546 966 1562 ι

185 1581 269 1608 Πάλιν
277 1582 395 1617 Μωῦσῆς
406 1582 565 1617 θαυμασίοις
578 1582 669 1617 ἔργοις
680 1582 725 1608 καὶ
737 1582 971 1617 παραδοξοποιίαις

184 1627 234 1663 τὴν
251 1628 320 1663 πρὸς
343 1627 424 1654 αὐτοῦ
442 1627 671 1662 καταγγελθεῖσαν
695 1627 834 1653 εὐσέϐειαν
855 1626 971 1652 ἐπεπτώ-

184 1682 260 1701 σατο.
281 1674 417 1706 Ὡσαύτως
433 1674 461 1701 δὲ
481 1675 527 1701 κώ
542 1676 556 1700 ὀ
571 1674 696 1709 Χριστὸς,
712 1675 772 1705 ταῖς
787 1673 970 1707 ἀναγράπτοις

182 1720 416 1756 θαυματουργίαις
433 1720 499 1755 πρὸς
516 1721 606 1746 πίστιν
622 1720 675 1746 τῶν
688 1719 812 1755 ὁρώντων
833 1719 970 1754 κεχρημέ-

182 1775 240 1798 νος,
256 1766 291 1793 τὰ
313 1767 394 1793 καινὰ
418 1767 467 1801 τῆς
487 1767 665 1801 εὑαγγελικῆς
691 1766 861 1797 διδασκαλίας
887 1765 969 1792 αὐτοῦ

184 1812 334 1848 μαθήματα
348 1814 460 1848 amca-rh
465 1821 537 1839 σατο.
552 1812 635 1839 Πάλιν
643 1813 760 1847 Μωῦσῆς
769 1813 801 1838 ἐκ
814 1813 913 1848 πικρᾶς
921 1812 970 1847 τῆς

182 1859 231 1885 ὑπ’
246 1859 406 1893 Αἰγυπτίοις
416 1858 535 1890 δουλείας
550 1859 580 1885 τὸ
601 1859 732 1885 Ἰουδαίων
748 1858 822 1889 ἔθνος
837 1859 876 1889 εἰς
892 1858 969 1884 ὲλευ-

182 1904 277 1940 θερίαν
299 1905 498 1940 μετεστήσατο·
521 1905 568 1931 καὶ
592 1903 695 1939 Ἰησοῦς
716 1904 744 1930 δὲ
765 1905 779 1930 ὁ
799 1904 916 1940 Χριστὸς
938 1905 971 1930 ἐκ

181 1950 234 1985 τῆς
247 1950 300 1976 ὑπὸ
312 1951 368 1981 τοῖς
384 1951 509 1985 πονηροῖς
529 1950 636 1985 δαίμοσι
655 1950 800 1982 δυσσεὸοὖς
820 1950 867 1977 καὶ
886 1951 970 1984 Δίγυ-

182 1996 305 2032 πτιακῆς
323 1996 542 2031 είδωλολατρείας
565 1997 604 2027 είς
628 1996 782 2031 ἐλευθερίαν
806 1996 836 2022 τὸ
862 1996 970 2023 πάντων

181 2039 336 2076 ἀνθρώπων
360 2040 437 2075 γένος
458 2040 645 2067 ἀνεκαλέσατο.
671 2041 754 2067 Πάλιν
775 2041 894 2075 Μωῦσῆς
918 2042 970 2077 γῆν

182 2085 266 2120 ἁγίαν
287 2086 334 2112 καὶ
358 2085 468 2121 θεοφιλῆ
492 2086 548 2120 βίον
574 2088 602 2113 ὲν
624 2086 709 2123 ταύτῃ
732 2088 778 2113 καὶ
804 2088 970 2123 μακαριστὸν

180 2133 239 2164 τοῖς
257 2132 312 2158 τῶν
330 2132 420 2167 νόμων
442 2132 553 2167 φύλαξιν
573 2133 770 2168 ἐπηγγείλατο·
790 2134 920 2165 ὡσαύτως
942 2134 969 2159 δὲ

181 2177 230 2204 καὶ
257 2176 361 2212 Ἰησοῦς
376 2178 390 2203 ὁ
409 2178 534 2212 Χριστὸς,
555 2187 564 2203 ι
589 2178 738 2212 Μακάριοι,
760 2188 768 2204 ›
793 2178 885 2213 φησὶν,
906 2188 915 2204 ‹
945 2179 969 2205 οί

1024 946 1179 981 reipublicae
1196 946 1249 973 illis
1264 952 1360 974 auctor
1374 952 1401 974 et
1414 948 1519 981 primus
1531 953 1557 976 et
1569 950 1644 977 solus
1658 951 1784 985 apparuit
1800 960 1808 978 :

1024 991 1097 1026 atqui
1120 990 1199 1018 Jesus
1213 999 1321 1026 quoque
1334 992 1461 1021 Christus
1477 994 1549 1021 sicut
1565 994 1653 1022 Moses
1669 995 1807 1027 similiter.

1024 1044 1055 1063 ac
1084 1037 1168 1064 multo
1192 1037 1300 1072 quidem
1327 1039 1526 1068 excellentius:
1545 1041 1591 1075 qui
1620 1041 1724 1075 primus
1747 1042 1808 1076 ejus

1023 1082 1163 1112 doctrinas,
1191 1090 1252 1117 qua
1275 1090 1365 1111 veram
1388 1084 1545 1119 religionem
1564 1086 1681 1114 instituit
1698 1088 1809 1123 reliquis

1022 1127 1159 1162 gentibus.
1184 1132 1280 1154 auctor
1306 1132 1334 1155 et
1357 1130 1487 1164 magister
1508 1130 1570 1163 fuit,
1599 1135 1626 1158 et
1642 1132 1746 1166 primus
1761 1140 1809 1168 per

1023 1177 1107 1199 tottun
1126 1177 1260 1200 terrarum
1277 1173 1369 1200 orbem
1397 1175 1604 1203 simulacrorum
1618 1178 1720 1204 cultum
1731 1184 1809 1205 ever

1022 1218 1064 1250 tit,
1081 1217 1239 1253 primusque
1267 1218 1347 1246 unius
1374 1220 1496 1247 omnium
1517 1221 1588 1255 regis
1611 1221 1657 1249 Dei
1676 1222 1809 1257 cognitio«

1023 1271 1083 1290 nem
1109 1269 1136 1291 et
1164 1266 1343 1291 reverentiam
1369 1266 1474 1293 cunctis
1489 1267 1608 1294 ostendit
1628 1262 1784 1295 hominibus
1799 1288 1807 1301 ,

1021 1316 1152 1344 novaeque
1183 1310 1244 1337 vita}
1267 1318 1299 1337 ac
1325 1311 1376 1345 piis
1404 1311 1560 1340 hominibus
1587 1314 1806 1345 accommodatae,

1021 1356 1176 1390 reipublicae
1191 1357 1297 1390 primus
1316 1356 1497 1389 introductor,
1507 1358 1627 1393 legisque
1638 1359 1707 1385 lator
1723 1360 1808 1386 exsti-

1022 1401 1063 1428 tit.
1077 1401 1116 1428 Ad
1135 1402 1202 1433 haec,
1217 1409 1247 1429 ea
1262 1409 1322 1436 qua
1339 1402 1372 1429 de
1383 1403 1477 1430 mundi
1494 1408 1567 1436 ortu,
1584 1408 1611 1432 et
1625 1413 1685 1439 qua:
1699 1404 1733 1432 de
1746 1406 1807 1432 ani-

1021 1454 1072 1474 mae
1086 1447 1288 1475 immortalitate
1304 1448 1438 1481 feruntur,
1455 1449 1563 1484 aliaque
1579 1450 1670 1477 omnia
1692 1451 1810 1485 philoso-

1021 1493 1101 1528 phica
1124 1497 1258 1529 praecepta
1279 1502 1448 1530 quaecunque
1463 1495 1584 1530 ejusdem
1605 1500 1669 1523 sunt
1689 1497 1807 1531 generis,

1023 1541 1127 1575 primus
1146 1541 1233 1569 Moses
1249 1541 1403 1569 Iudaeorum
1421 1543 1531 1570 tradidit
1552 1540 1666 1569 nationi.
1681 1542 1732 1569 Sed
1750 1542 1807 1570 haec

1024 1586 1108 1612 multo
1136 1578 1270 1619 divinius,
1304 1588 1408 1622 p‘imus
1436 1589 1541 1615 caeteris
1575 1589 1700 1624 gentibus
1728 1588 1808 1616 Jesus

1022 1632 1148 1660 Christus
1167 1642 1213 1668 per
1229 1642 1293 1662 suos
1311 1635 1461 1670 discipulos
1473 1635 1680 1667 demonstravit,
1696 1640 1725 1662 ut
1742 1643 1809 1663 sane

1023 1679 1120 1706 merito
1147 1679 1247 1707 Mosem
1271 1681 1388 1715 primum
1418 1682 1561 1716 solumque
1582 1682 1690 1716 pietatis
1719 1682 1807 1716 legum

1023 1724 1133 1751 latorem
1159 1724 1313 1753 Judzeorum
1340 1727 1476 1762 appellare
1504 1735 1611 1761 azquum
1640 1727 1686 1758 sit,
1715 1726 1807 1754 Jesum

1023 1773 1113 1796 autem
1131 1770 1270 1798 Christum
1296 1773 1416 1808 gentium
1442 1773 1640 1804 universarum,
1657 1773 1727 1800 sicut
1744 1780 1809 1807 pro-

1023 1815 1112 1850 phetia
1126 1824 1186 1850 qua:
1195 1816 1226 1843 de
1243 1817 1288 1844 illo
1305 1823 1356 1850 est,
1371 1819 1445 1845 canit
1464 1829 1470 1845 :
1491 1828 1500 1844 ε
1518 1819 1669 1850 Constitue,
1683 1818 1806 1851 Domine,

1024 1860 1205 1895 legislatorem
1235 1870 1317 1897 super
1345 1871 1404 1896 eos,
1433 1867 1583 1898 agnoscant
1610 1868 1704 1899 gentes
1735 1865 1806 1899 quod

1023 1906 1145 1935 homines
1157 1909 1276 1937 ευριπ.»
1294 1907 1380 1937 Moses
1396 1914 1523 1944 praeterea
1538 1910 1621 1944 gestis
1638 1910 1810 1938 mirabilibus

1022 1958 1048 1980 et
1063 1954 1204 1989 prodigiis,
1223 1955 1378 1990 religionem
1394 1963 1408 1982 a
1426 1963 1456 1983 se
1471 1956 1623 1983 institutam
1638 1961 1664 1984 et
1680 1956 1806 1983 traditam

1023 1998 1203 2026 conﬁrmavit.
1230 2000 1323 2028 ltidem
1350 2000 1477 2029 Christus
1503 2001 1536 2029 iis
1563 2001 1721 2033 miraculis,
1747 2009 1808 2036 qua!

1023 2044 1104 2071 etiam
1120 2046 1230 2081 scriptis
1247 2046 1345 2073 tradita
1360 2055 1422 2075 esse
1439 2054 1535 2075 omnes
1549 2047 1675 2074 novimus
1694 2047 1728 2074 ad
1743 2047 1808 2074 lide-

1024 2090 1088 2117 lium
1102 2091 1264 2120 intuentium
1280 2100 1358 2124 usus,
1395 2092 1474 2121 novis
1497 2100 1553 2121 suas
1577 2091 1709 2120 doctrina:
1726 2099 1811 2121 evan-

1022 2136 1114 2170 gelicae
1144 2137 1298 2172 praeceptis,
1328 2138 1505 2165 stabilitatem
1536 2145 1568 2165 ac
1599 2138 1807 2173 perpetuitatem

1023 2180 1156 2215 adiunxit.
1172 2182 1278 2209 Rursus
1291 2182 1379 2210 Moses
1393 2186 1500 2217 gentem
1518 2182 1660 2210 Iudaicam
1680 2183 1715 2209 ab
1738 2183 1810 2210 into-

181 2224 295 2259 πραεῖς,
314 2223 355 2249 ὃτι
377 2223 451 2250 αὐτοὶ
471 2224 704 2259 κληρονομήσουσι
726 2224 774 2260 τὴν
787 2225 849 2259 γῆν.
872 2235 880 2251 ι
897 2225 968 2251 Πολὺ

1024 2225 1127 2253 lerabili
1154 2227 1295 2259 servitute,
1309 2236 1360 2262 qua
1377 2228 1411 2254 ab
1426 2227 1562 2263 Egyptiis
1582 2229 1764 2263 premebatur,
1780 2230 1808 2257 in

183 2269 326 2304 κρείττονα
347 2269 409 2304 γῆν,
427 2270 533 2305 ἀληθῶς
549 2271 595 2296 καὶ
613 2271 691 2304 ἁγίαν
711 2272 758 2298 καὶ
773 2270 894 2307 θεοφιλῆ,
909 2272 970 2306 οὐχὶ

183 2314 232 2351 τὴν
249 2315 296 2342 ἐπὶ
312 2315 362 2350 τῆς
388 2315 529 2348 Ἰουδαίας,
547 2317 587 2342 ὅτι
612 2317 694 2352 μηδὲν
715 2317 765 2351 τῆς
786 2317 882 2351 λοιπῆς
900 2317 968 2353 αὕτη

182 2361 335 2397 διενήνοχεν
345 2381 352 2393 ,
368 2361 435 2388 ἀλλὰ
449 2362 497 2398 τὴν
513 2363 571 2388 κατ’
590 2362 702 2398 οὐρανὸν
719 2362 818 2397 ψυχαῖς
838 2362 971 2397 φιλοθέοις

182 2408 385 2443 προσήκουσαν,
400 2409 456 2440 τοῖς
475 2408 635 2443 κατορθοῦσι
653 2409 698 2434 τὸν
709 2409 776 2444 πρὸς
801 2409 882 2435 αὑτοῦ
903 2418 970 2436 κατ-

181 2453 351 2489 ηγγελμένον
368 2453 423 2488 βίον
440 2454 632 2489 ὑποσχόμενος.
654 2455 685 2481 ‘0
705 2455 736 2490 δὴ
768 2455 813 2481 καὶ
832 2455 970 2490 παριστὰς

182 2498 353 2535 λευκότερον,
372 2501 429 2531 τοῖς
451 2500 519 2535 πρὸς
539 2500 621 2526 αὑτοῦ
640 2500 868 2535 μακαριζομένοις
892 2501 968 2536 βασι-

182 2546 257 2572 λείαν
279 2545 403 2581 οὐρανῶν
422 2546 594 2581 κατήγγειλε.
622 2546 676 2573 Καὶ
699 2546 781 2577 ἄλλας
804 2546 833 2573 δὲ
857 2546 971 2581 πράξεις

183 2591 274 2628 εὕροις
294 2591 327 2618 ἂν
342 2592 394 2618 ὐπὺ
412 2592 457 2618 τοῦ
473 2592 597 2627 Σωτῆρος
611 2591 689 2627 ἡμῶν
708 2592 842 2627 κρείττονι
862 2591 877 2627 ἦ
899 2592 969 2618 κατὰ

182 2637 303 2665 Μωῦσέα
313 2637 426 2673 δυνάμει
440 2637 593 2671 γεγονυίας,
610 2637 802 2672 παραπλησίας
818 2645 849 2671 γε
864 2638 916 2672 μὴν
925 2635 969 2669 αἷς

183 2682 230 2710 καὶ
244 2682 260 2709 ό
270 2683 391 2715 Μωῠοῆς
404 2682 575 2718 διεπράξατο.
592 2679 653 2708 υἶον
668 2682 705 2714 ὡς
722 2683 767 2708 ἐπὶ
781 2683 969 2718 παραδείγμα-

183 2734 238 2758 τος,
259 2726 381 2761 Μωῡσῆς
393 2725 489 2761 ἑφεξῆς
502 2726 706 2761 τεσσαράκοντα
720 2728 825 2763 ἡμέρας
842 2727 969 2764 ἐνήστευ-

185 2780 240 2805 σεν,
253 2772 319 2808 ὡςή
337 2772 431 2808 Γραφὴ
454 2772 589 2807 μαρτυρεῖ
603 2772 718 2805 λέγουσα
730 2781 736 2788 ·
758 2782 767 2799 t
787 2774 839 2799 Καὶ
855 2771 890 2808 ἦν
913 2775 971 2801 ἐκεῖ

219 2860 243 2877 ³⁸
258 2860 329 2890 Psal.
347 2868 384 2892 Ix,
400 2847 456 2887 21..
476 2861 503 2888 .⁹⁹
523 2859 618 2887 Matth.
635 2868 663 2894 ν,
684 2861 710 2888 6.

266 2910 404 2939 ΡΑτιιοι.
426 2908 485 2939 Gtt.
503 2907 602 2939 XXII.

1023 2272 1174 2299 libertatem
1191 2274 1347 2301 vindicavit.
1358 2273 1482 2301 Christus
1499 2282 1618 2308 quoque,
1630 2282 1710 2301 omne
1722 2282 1808 2309 genus

1023 2317 1183 2351 humanum,
1202 2319 1236 2345 ab
1258 2319 1341 2354 impio
1362 2323 1443 2353 atque
1472 2319 1629 2354 {Egyptiaco
1647 2319 1809 2346 simulacro-

1022 2370 1082 2390 rum
1098 2363 1183 2396 cultu,
1198 2372 1254 2399 quo
1277 2365 1328 2391 sub
1354 2365 1434 2392 malis
1462 2365 1630 2392 daemonibus
1655 2365 1808 2398 tenebatur,

1022 2410 1160 2436 revocavit
1181 2411 1214 2437 ad
1239 2410 1402 2438 libertatem.
1435 2411 1556 2446 Denique
1591 2411 1679 2451 Moses
1707 2414 1809 2438 terram

1022 2459 1156 2487 sanctam,
1183 2459 1210 2483 et
1229 2456 1256 2483 in
1285 2464 1317 2483 ea
1345 2457 1426 2483 vitam
1448 2457 1503 2484 Deo
1524 2462 1627 2492 gratam
1652 2460 1678 2484 et
1702 2456 1808 2484 beatam

1023 2500 1067 2532 iis,
1083 2501 1129 2535 qui
1155 2502 1227 2537 leges
1253 2507 1403 2535 servarent,
1431 2503 1566 2538 promisit.
1589 2502 1677 2529 Simili
1704 2503 1809 2530 ratione

1023 2546 1102 2574 Jesus
1115 2547 1254 2580 Christus,
1275 2558 1283 2574 ι
1300 2549 1386 2582 Beati,
1398 2550 1496 2584 inquit,
1512 2549 1601 2579 mites,
1616 2548 1744 2582 quoniam
1758 2548 1809 2582 ipsi

1024 2593 1200 2626 possidebunt
1216 2597 1315 2621 terram
1324 2594 1357 2626 ’9,
1379 2605 1388 2620 ι
1403 2595 1483 2629 longe
1497 2594 1591 2628 utique
1604 2592 1744 2620 meliorem
1759 2596 1812 2619 ter-

1022 2645 1091 2670 ram,
1110 2647 1228 2674 vereque
1254 2644 1377 2667 sanctam
1400 2648 1431 2668 ac
1454 2639 1508 2667 Deo
1533 2643 1649 2675 gratam,
1675 2646 1728 2665 non
1750 2645 1810 2665 eam

1023 2692 1083 2719 qua:
1097 2689 1138 2712 est
1152 2685 1178 2712 in
1190 2685 1293 2718 Judma,
1307 2694 1367 2721 quae
1379 2687 1459 2721 plane
1473 2694 1488 2712 a
1506 2686 1618 2720 reliquis
1629 2685 1697 2712 nihil
1711 2684 1810 2715 diﬁcrt,

1024 2729 1071 2757 sed
1093 2730 1140 2758 Dei
1161 2732 1338 2760 amatricibus
1355 2732 1380 2758 in
1398 2732 1468 2759 ctelo
1483 2731 1628 2759 animabus
1647 2730 1826 2757 convenienvr

1024 2780 1088 2809 lem,
1103 2776 1157 2812 92
1174 2777 1207 2805 iis
1230 2777 1276 2812 qui
1298 2778 1405 2806 vivendi
1432 2778 1566 2807 rationem
1594 2784 1610 2804 a
1639 2784 1668 2804 se
1695 2776 1810 2812 positam

1654 2912 1671 2940 θ
