2071 3219
284 159 331 185 Hi

603 158 741 186 EL'SEBH.
754 157 996 190 CASSARIENSIS
1012 157 1087 185 OPP.
1109 158 1198 186 PARS
1219 158 1249 185 Il.
1273 173 1308 178 —
1326 158 1574 187 APOLOGETICA.

1840 162 1892 188 172

279 217 356 251 plene
371 216 585 247 observaverint,
602 217 750 251 pollicitus.
765 216 842 249 Quod
859 217 966 251 quidem
982 225 1057 252 aper-

1112 218 1231 253 Μωῡσῆς
1243 218 1329 244 ἔναντι
1342 218 1441 253 Κυρίου
1450 218 1650 253 τεσσαράκοντα
1659 218 1763 254 ἡμέρας
1778 220 1823 246 καὶ
1831 229 1859 246 τε
1864 229 1892 246 σ-

277 263 331 290 tius
348 262 471 289 indicans
486 263 530 294 iis,
544 270 612 298 quos
629 263 699 297 apud
715 271 743 289 se
757 258 849 290 beatos
868 263 974 290 futuros
991 271 1058 298 prae-

275 308 511 343 dicabat,regnum
526 308 657 336 caelorum
670 308 824 343 appellavit.
835 307 980 339 Caeterum,
991 308 1059 336 alias

275 361 383 389 quoque
398 361 442 381 res
458 361 472 379 a
488 353 627 380 Salvatore
639 358 733 381 nostro
746 359 835 388 gestas
849 354 980 386 invenies,
999 361 1058 388 qua!

275 401 375 427 virtute
399 400 477 435 longe
497 400 671 434 praestiterint
691 400 735 432 iis,
754 407 822 434 quas
849 400 936 427 Moses
962 399 1056 431 edidit,

276 453 398 480 magnam
416 450 505 473 tamen
521 453 581 473 cum
599 446 727 472 Mosaieis
748 446 801 473 illis
818 447 947 473 habentes
963 445 1059 473 simili-

276 492 407 518 tudinem.
424 491 545 526 Exempli
558 492 644 526 gratia
665 501 671 518 :
689 491 777 519 Moses
794 495 866 518 totos
878 491 1058 526 quadraginta

276 537 333 564 dies
350 537 458 571 jejunus
479 537 538 564 fuit.
554 537 620 563 Nam
637 537 778 572 Scriptura
799 538 850 564 hoc
872 537 911 564 illi
940 537 1059 564 testimo-

276 583 349 610 nium
366 583 482 616 cxhibet,
501 592 510 607 ι
531 588 557 609 et
573 583 632 615 fuit,
654 583 752 617 inquit,
770 583 858 610 Moses
875 583 930 610 illic
945 583 972 609 in
989 591 1058 609 con-

276 633 368 662 spectu
398 627 512 654 Domini.
536 627 718 662 Quadraginta
745 628 804 655 dies
826 632 853 655 et
878 627 1058 662 quadraginta

276 666 369 698 noctes
397 679 492 706 panem
519 679 572 698 non
596 671 662 702 edit,
680 675 706 699 et
724 679 822 706 aquam
845 680 898 698 non
926 672 1029 699 bibit':
1046 681 1055 698 ›

276 718 367 744 itidem
390 718 471 743 etiam
491 717 629 744 Christus.
647 717 752 744 Etenim
775 718 815 744 sic
838 718 970 752 scriptum
991 721 1031 744 est
1049 727 1055 744 :

277 772 286 787 ι
304 767 330 789 ct
345 763 474 797 agebatur
493 763 519 789 in
533 762 671 790 desertum
687 763 864 797 quadraginta
880 763 948 795 dies,
964 766 991 790 et
1003 766 1060 789 ten-

274 808 383 834 tabatur
394 816 408 834 a
420 808 573 841 diabolo,et
583 808 651 834 nihil
663 808 780 835 comedit
798 808 824 834 in
839 807 935 835 diebus
951 808 1030 834 illis”.
1047 817 1056 833 I

274 853 380 880 Rursus
399 853 487 880 Moses
503 854 529 880 in
542 853 649 880 deserto
668 853 793 880 alimenta
815 854 914 889 populo
931 854 1056 889 praebuit.

1110 264 1263 298 σαράκοντα
1282 265 1396 295 νύκτας,
1414 265 1495 301 ἄρτον
1510 264 1559 290 οὐκ
1573 264 1671 299 ἔφαγε,
1686 265 1733 291 καὶ
1752 265 1823 302 ὕδωρ
1841 267 1892 293 οὐκ

1109 308 1194 335 ἔπιεν.
1223 318 1232 334 ι
1265 308 1398 340 Ὡσαύτως
1424 309 1451 334 δὲ
1481 309 1527 335 καὶ
1549 310 1563 335 ὁ
1587 310 1711 345 Χριστός.
1735 310 1890 346 Γέγραπται

1109 353 1187 387 γοῦν·
1213 362 1221 378 ι
1244 353 1297 379 Καὶ
1320 353 1402 388 ἦγετο
1422 354 1461 384 εἰς
1487 353 1535 388 τὴν
1562 354 1663 389 ἔρημον
1690 356 1892 390 τεσσαράκοντα

1109 399 1222 434 ἡμέρας,
1243 399 1439 434 πειραζόμενος
1456 399 1508 425 ὑπὸ
1527 399 1574 425 τοῦ
1597 400 1730 432 διαϐόλου,
1752 401 1802 437 και
1817 401 1892 428 οὐδὲν

1109 445 1207 479 ἔφαγεν
1225 446 1254 471 ἐν
1268 446 1326 476 ταῖς
1340 445 1458 480 ἡμέραις
1472 445 1615 476 ἐκείναις.»
1635 446 1688 472 Καὶ
1710 446 1790 472 πάλιν
1809 447 1892 473 Mor")-

1109 490 1159 525 σῆς
1175 491 1202 516 ὲν
1221 491 1253 526 τῇ
1272 491 1366 525 ἐρήμῳ
1387 490 1488 525 τροφὰς
1509 490 1547 525 τῷ
1562 490 1618 525 λαῷ
1634 491 1763 526 παρέσχε.
1777 491 1857 525 Λέγει
1868 491 1891 517 δ’

1108 534 1154 562 οὖν
1170 537 1186 570 ὴ
1204 536 1314 570 Γραφή·
1343 545 1352 561 ι
1384 535 1449 562 Ἰδοὺ
1467 535 1522 570 ἐγὼ
1539 535 1634 570 δίδωμι
1660 535 1724 570 ὑμῖν
1745 535 1842 571 ἄρτους
1860 537 1892 562 ἐκ

1108 581 1155 607 τοῦ
1178 581 1302 615 οὐρανοῦ.
1329 592 1337 606 ι
1355 581 1408 607 Καὶ
1431 582 1487 616 μετ’
1511 581 1604 614 ὀλίγα·
1627 589 1636 606 ι
1661 580 1783 614 Ἐγένετο
1808 590 1892 608 κατα-

1087 641 1091 644 -
1109 629 1266 663 παυομένης
1290 628 1337 662 τῆς
1353 628 1447 663 δρόσου
1465 627 1555 662 κύκλῳ
1571 628 1620 662 τῆς
1637 627 1826 663 παρεμϐολῆς,
1845 629 1892 654 καὶ

1111 674 1164 700 ἰδοὺ
1186 674 1231 699 ἐπὶ
1248 673 1391 709 πρόσωπον
1408 674 1457 708 τῆς
1475 674 1576 709 ἐρήμου
1594 673 1691 699 λεπτὸν
1713 673 1778 699 ὡσεὶ
1800 673 1892 708 κόριον

1109 718 1213 749 λευκὸν,
1230 718 1295 744 ὡσεὶ
1314 718 1400 751 πάγος
1417 718 1462 743 ἐπὶ
1478 718 1527 752 τῆς
1544 719 1604 752 γῆς.
1626 727 1634 743 ι
1657 718 1711 744 Καὶ
1725 719 1738 744 ὁ
1753 718 1846 753 Σωτὴρ
1862 718 1892 744 δὲ

1109 764 1155 790 καὶ
1171 764 1272 799 Κύριος
1289 764 1366 798 ἡμῶν
1385 763 1514 794 ὡσαύτως
1536 764 1602 798 φησὶ
1626 763 1692 798 πρὸς
1714 764 1775 794 τοὺς
1795 763 1891 790 ἑαυτοῦ
1926 762 1928 765 ’

1110 809 1248 845 μαθητάς·
1269 819 1278 835 ι
1293 809 1324 835 Τί
1339 809 1520 843 διαλογίζεσθε
1539 809 1568 835 ἐν
1585 809 1699 841 ἑαυτοῖς,
1715 808 1890 842 ὀλιγόπιστοι,

1109 856 1149 881 ὅτι
1166 855 1263 891 ἄρτους
1282 856 1331 881 οὐκ
1358 855 1485 887 ὲλάὸετε;
1503 854 1578 881 οὔπω
1599 856 1683 881 νοεῖτε
1702 855 1762 880 οὐδὲ
1786 863 1891 889 μνημο-

273 899 341 926 Nam
370 899 509 934 Scriptura
534 901 573 927 sic
593 900 672 926 habet
693 909 699 926 :
717 909 726 925 ι
747 899 816 927 Ecce
844 907 894 934 ego
918 900 953 927 do
980 900 1057 927 vobis

1108 901 1198 927 νεύετε
1220 902 1282 933 τοὺς
1299 901 1378 927 πέντε
1393 902 1491 936 ἄρτους
1507 901 1561 927 τῶν
1583 901 1820 935 πεντακισχιλίων,
1843 901 1891 927 καὶ

273 953 358 980 panes
381 946 413 973 de
438 946 535 972 cmlo‘.
556 955 564 971 ι
584 945 616 972 Ει
631 946 713 980 paulo
738 950 841 980 post”
863 945 975 973 Factum
1000 950 1053 977 est,

275 991 372 1025 inquit,
391 998 454 1018 cum
472 991 641 1018 subsedisset
658 998 704 1017 ros
719 992 819 1018 circum
837 996 936 1022 castra,
951 994 977 1017 et
993 998 1057 1018 ecce

274 1044 356 1071 super
371 1035 467 1063 faciem
488 1036 588 1063 deserti
616 1036 751 1062 minutum
775 1036 854 1070 quasi
881 1035 1056 1063 coriandrum

274 1084 374 1114 album,
384 1083 460 1118 quasi
473 1083 532 1118 gelu
547 1089 629 1116 super
641 1086 741 1108 terram
750 1081 771 1108 δ.
784 1091 792 1107 ι
810 1081 934 1108 Salvator
949 1088 1056 1116 quoque

273 1137 304 1156 ac
317 1129 448 1156 Dominus
462 1132 556 1155 noster
571 1128 605 1154 ad
617 1128 767 1163 discipulos
784 1135 866 1155 suos:
890 1137 899 1153 ι
915 1127 997 1160 Quid,
1018 1128 1056 1154 in-

273 1176 340 1210 quit,
350 1174 507 1210 cogitatisin
515 1174 591 1201 vobis
600 1174 675 1208 ipsis,
686 1174 794 1200 modica:
807 1174 878 1204 lidci,
889 1173 960 1208 quod
973 1181 1056 1208 panes

273 1229 326 1247 non
348 1220 508 1254 accepistis?
529 1219 649 1246 nondum
665 1220 752 1251 scitis,
770 1227 856 1253 neque
876 1219 1056 1246 recordamini

273 1265 393 1300 quinque
414 1272 497 1298 panes
518 1264 639 1298 quinque
650 1264 784 1290 millium?
797 1268 824 1291 et
843 1269 909 1299 quot
924 1265 1056 1299 cophinos

274 1310 432 1344 recepistis?
442 1317 529 1344 neque
543 1314 656 1344 septem,
671 1314 788 1344 quatuor
803 1310 936 1337 millium?
952 1314 978 1336 et
991 1315 1057 1344 quot

274 1360 381 1391 sportas
406 1356 540 1382 tulistis?"
556 1365 565 1381 ι
580 1354 644 1381 Item
665 1355 771 1390 Moyses
789 1363 836 1390 per
849 1355 967 1382 medium
983 1363 1057 1382 mare

275 1401 414 1436 ingressus
428 1406 479 1432 est,
490 1400 644 1436 populoque
659 1401 765 1427 itineris
782 1400 836 1427 dux
854 1400 914 1427 fuit.
925 1400 969 1427 Sic
984 1401 1055 1427 enim

275 1447 355 1473 habet
370 1446 509 1480 Scriptura
529 1456 534 1473 :
556 1455 564 1472 ι
586 1446 710 1473 Extendit
733 1446 820 1473 Moses
849 1454 960 1473 manum
977 1454 1055 1473 suam

274 1492 301 1518 in
318 1500 411 1519 mare:
425 1497 451 1518 et
467 1492 596 1519 subduxit
611 1491 741 1519 Dominus
765 1499 840 1519 mare
860 1496 940 1519 vento
964 1497 1056 1519 austro

274 1538 392 1564 violento
417 1542 501 1565 totum
517 1538 598 1569 diem,
617 1542 642 1564 et
659 1538 721 1569 fecit
743 1545 816 1564 mare
841 1538 954 1568 siceum,
973 1542 999 1565 et
1015 1538 1057 1565 di-

274 1583 332 1610 visa
348 1587 391 1610 est
410 1591 490 1618 aqua,
508 1588 534 1611 et
559 1584 727 1610 transierunt
755 1583 801 1610 ﬁhi
827 1582 909 1610 Israel
934 1591 981 1618 per
1000 1591 1056 1610 me-

273 1629 347 1656 dium
367 1637 442 1656 mare
459 1629 485 1656 in
499 1631 618 1660 sicco,et
631 1637 700 1664 aqua
713 1630 751 1657 eis
767 1637 860 1657 murus
876 1637 891 1656 a
903 1629 1016 1661 dextris,
1030 1635 1057 1656 et

274 1683 367 1701 murus
397 1682 412 1701 a
439 1675 577 1703 sinistris"
600 1685 606 1702 :
633 1685 642 1700 ι
667 1676 747 1702 simili
773 1679 918 1710 potestate,
943 1684 974 1703 ac
1001 1675 1056 1703 Deo

272 1721 352 1748 etiam
372 1722 589 1750 conveniuntius.
603 1720 682 1748 Jesus
702 1722 747 1756 qni
761 1721 888 1749 Christus
901 1725 942 1749 est
959 1721 1015 1755 Dei,
1029 1722 1056 1749 in

273 1766 416 1800 superﬁcie
435 1767 518 1793 maris
543 1767 697 1802 ingrediens
714 1766 822 1794 Petrum
840 1767 902 1794 item
921 1768 955 1794 ad
971 1775 999 1795 se
1015 1768 1058 1794 in-

272 1812 367 1839 cedere
381 1820 463 1847 super
483 1813 576 1840 eadem
595 1812 667 1840 fecit.
687 1812 754 1839 Nam
779 1813 819 1840 sie
841 1813 971 1847 scriptum
989 1817 1030 1840 est
1048 1823 1055 1840 :

275 1866 284 1882 ι
298 1857 400 1890 Quarta
423 1862 512 1885 autem
533 1859 624 1893 vigilia
649 1859 750 1889 noctis,
763 1859 837 1886 venit
851 1859 932 1886 Jesus
944 1859 977 1885 ad
994 1859 1056 1886 illos

272 1904 413 1930 ambulans
425 1911 506 1938 supra
522 1911 607 1935 mare,
617 1908 712 1931 etcum
723 1904 857 1931 vidissent
870 1904 946 1930 illum
959 1904 1056 1931 ambu-

272 1949 373 1975 lantem
382 1957 462 1983 supra
471 1957 555 1981 mare,
563 1950 717 1976 conturbati
727 1954 790 1977 sunt
798 1950 819 1976 ⁷.
832 1959 840 1975 ι
851 1949 881 1975 Ει
891 1950 969 1985 paulo
977 1954 1054 1985 post:

276 2003 284 2019 ι
297 1994 474 2028 llespondens
491 1998 579 2021 autem
595 1995 632 2021 illi
642 1994 748 2026 Petrus,
762 1995 830 2022 dixit
840 2005 846 2022 τ
858 1995 979 2027 Domine,
992 1996 1013 2022 si
1027 2000 1055 2022 tu

273 2040 383 2074 es.jube
392 2048 434 2067 me
442 2040 533 2067 venire
543 2040 576 2066 ad
588 2046 613 2067 te
624 2049 705 2075 super
714 2048 815 2075 aquas:
825 2041 870 2068 ille
881 2046 970 2068 autem
977 2041 1054 2073 dixit,

274 2085 340 2113 Veni
359 2097 364 2113 :
385 2091 412 2113 et
428 2087 597 2114 descendens
616 2087 649 2114 de
674 2087 736 2114 navi
760 2087 875 2121 Petrus,
899 2088 1056 2115 ambulabat

273 2141 354 2168 supra
378 2135 492 2168 aquas“.
513 2143 522 2159 ι
545 2133 648 2161 Rursus
667 2133 765 2166 Moses,
781 2139 860 2161 vento
879 2138 972 2161 austro
997 2135 1056 2160 vio-

273 2180 344 2206 lento
369 2188 444 2207 mare
467 2180 582 2206 solidum
605 2180 678 2207 feeit.
704 2179 770 2206 Nam
788 2179 929 2215 Scriptura
947 2189 953 2206 :
975 2189 983 2204 ι
1003 2179 1057 2206 Ex»-

272 2226 369 2255 tendit,
385 2225 438 2260 93
449 2226 543 2260 'inquit
559 2246 565 2257 ,
585 2225 672 2252 Moses
689 2233 797 2251 manum
824 2232 907 2259 super
923 2231 1007 2256 mare,
1028 2229 1055 2251 et

273 2272 382 2299 sustulit
399 2271 527 2298 Dominus
539 2279 613 2299 mare
633 2274 712 2298 vento
726 2276 819 2298 austro
833 2271 952 2298 violento
965 2290 972 2302 ,
996 2280 1004 2294 ι
1022 2277 1052 2297 ac

272 2317 411 2352 subiungit
425 2327 432 2344 :
454 2327 463 2342 ι
485 2317 624 2344 Steterunt
639 2316 717 2343 unda:
729 2317 756 2343 in
773 2317 862 2344 medio
873 2317 939 2342 mari
957 2315 1054 2342 “.nEa-

271 2363 332 2390 deni
345 2364 448 2390 ratione
463 2370 494 2389 ac
510 2363 594 2389 multo
608 2362 716 2396 quidem
732 2361 916 2395 prmstantius,
931 2360 1054 2388 Salvator

272 2413 364 2434 noster
383 2417 391 2432 ι
411 2407 546 2441 increpuit
562 2411 669 2433 ventun‘.
697 2410 723 2432 et
742 2413 816 2433 mare
832 2425 839 2437 ,
867 2409 894 2432 et
917 2405 987 2432 facta
1013 2410 1055 2432 est

272 2453 454 2487 tranquillitas
468 2459 565 2487 magna
580 2452 612 2478 ¹⁰.
632 2461 640 2477 ›
655 2450 738 2478 Mosis
753 2451 816 2477 item
833 2450 932 2481 vultus,
946 2457 1007 2476 cum
1023 2449 1056 2477 de

273 2503 363 2525 monte
379 2497 568 2529 descenderet,
594 2498 759 2524 cernebatur
777 2497 871 2531 plenus
888 2496 983 2531 gloria.
1011 2496 1057 2522 Sic

273 2545 345 2570 enim
359 2544 491 2578 scriptum
504 2548 546 2570 est
562 2551 569 2569 :
594 2552 603 2567 ι
624 2542 796 2569 Descendens
813 2546 901 2569 autem
919 2542 1006 2570 Moses
1023 2541 1057 2569 de

275 2594 367 2616 monte
379 2608 387 2621 ,
407 2590 466 2624 ipse
480 2589 618 2617 nesciebat
639 2589 711 2623 quod
733 2588 899 2623 glorilicatus
924 2593 996 2615 esset
1013 2596 1058 2615 as-

278 2640 372 2670 pecuis
381 2636 451 2662 cutis
458 2635 535 2662 faciei
544 2635 682 2666 suae,dum
690 2635 723 2661 ad
734 2635 821 2669 ipsum
836 2634 991 2668 loqueretur
1009 2643 1015 2661 :
1030 2639 1057 2661 et

277 2682 344 2708 vidit
371 2682 480 2712 Aaron,
502 2689 650 2716 omnesque
679 2681 799 2708 seniores
827 2680 942 2706 ﬁliorum
973 2680 1056 2707 Israel

275 2725 367 2752 Mosen
383 2745 389 2756 ,
416 2729 443 2751 et
467 2729 525 2752 erat
551 2726 716 2760 glorilicatus
741 2730 866 2760 aspectus
886 2725 956 2752 cutis
976 2725 1054 2752 faciei

311 2840 318 2854 '
334 2839 417 2866 Exod.
435 2845 527 2870 uxtv,
543 2838 587 2865 28.
625 2840 635 2854 ²
650 2838 716 2865 Luc.
732 2845 767 2867 Iv.
782 2838 840 2865 1-2.
877 2839 886 2853 ³
901 2838 984 2865 Exod.
1001 2845 1056 2869 xvt,
1075 2837 1101 2864 5.

275 2873 368 2904 Ἠλὶ
407 2874 417 2889 ⁷
432 2873 526 2901 Matth.
539 2881 593 2904 xtv,
606 2873 651 2906 εδ,
663 2873 708 2900 26.
747 2873 756 2889 ⁸
771 2873 838 2900 Ibid.
851 2873 940 2907 28,29.
979 2874 990 2888 ν
1002 2872 1056 2899 Exo

1107 2880 1157 2905 Inv,
1170 2871 1265 2905 “2|,‘22.

1107 947 1203 979 πόσους
1219 947 1345 981 κοφίνους
1357 946 1466 973 ἐλάϐετε
1477 955 1484 978 ;
1499 947 1557 972 οὐδὲ
1569 948 1631 977 τοὺς
1645 947 1715 973 ἑπτὰ
1726 947 1780 972 τῶν
1793 955 1891 982 τετρα-

1107 992 1257 1027 κισχιλίων,
1285 993 1331 1019 καὶ
1351 992 1436 1022 πόσας
1459 992 1590 1027 σπυρίδας
1614 992 1738 1024 ὲλάϐετε;
1769 1001 1778 1018 ι
1804 993 1889 1018 Πάλιν

1107 1038 1225 1073 Μωῧσῆς
1235 1037 1278 1064 διὰ
1292 1038 1376 1073 μέσης
1388 1038 1436 1073 τῆς
1446 1038 1582 1072 θαλάσσης
1595 1037 1695 1072 διῆλθε,
1708 1038 1755 1064 καὶ
1768 1038 1814 1064 τὸν
1827 1038 1889 1064 λαὸν

1106 1083 1239 1118 ώδήγησε.
1258 1083 1338 1117 Λέγει
1352 1083 1373 1109 δ’
1386 1081 1430 1109 οὖν
1447 1083 1463 1117 ἡ
1481 1083 1590 1117 Γραφή·
1609 1094 1617 1107 ι
1643 1082 1771 1115 Ἐξέτεινε
1787 1083 1890 1118 Μωσῆς

1106 1128 1154 1163 τὴν
1179 1130 1257 1164 χεῖρα
1282 1128 1364 1155 αὑτοῦ
1386 1129 1432 1154 ἐπὶ
1454 1129 1503 1164 τὴν
1524 1128 1669 1160 θάλασσαν,
1699 1130 1744 1155 καὶ
1765 1130 1889 1164 ὺπήγαγε

1107 1174 1208 1208 Κύριος
1229 1174 1276 1208 τὴν
1297 1174 1432 1200 θάλασσαν
1456 1174 1548 1209 ἀνέμῳ
1572 1175 1641 1209 νότῳ
1663 1175 1741 1209 βιαίῳ
1762 1175 1825 1209 ὅλην
1840 1174 1890 1210 τὴν

1107 1219 1224 1254 ἡμέραν,
1246 1220 1291 1245 καὶ
1310 1220 1420 1254 ἐποίησε
1434 1220 1482 1254 τὴν
1500 1219 1636 1246 θάλασσαν
1649 1220 1743 1256 ξηρὰν,
1756 1221 1802 1247 καὶ
1814 1220 1889 1255 ἐσχί-

1108 1265 1156 1300 σθη
1175 1264 1204 1290 τὸ
1219 1264 1300 1300 ὕδωρ,
1322 1265 1368 1291 καὶ
1386 1265 1490 1300 διῆλθον
1508 1267 1531 1292 οἱ
1551 1267 1603 1292 υίοὶ
1622 1266 1726 1302 Ἰσραὴλ
1739 1266 1783 1292 διὰ
1805 1266 1890 1301 μέσης

1106 1312 1154 1346 τῆς
1177 1310 1313 1345 θαλάσσης
1336 1313 1405 1337 κατὰ
1428 1311 1457 1338 τὸ
1476 1312 1567 1347 Ξηρὺν,
1588 1313 1634 1338 καὶ
1658 1313 1686 1338 τὸ
1709 1313 1779 1347 ὕδωρ
1799 1313 1890 1344 αὐτοῖς

1106 1357 1194 1390 τεῖχος
1205 1357 1237 1381 ἐκ
1244 1356 1349 1388 δεξιῶν,
1360 1357 1407 1382 καὶ
1417 1358 1504 1391 τεῖχος
1515 1357 1543 1390 ἐξ
1560 1358 1732 1392 εὐωνύμων.»
1753 1357 1889 1389 Ὡσαύτως

1106 1401 1135 1426 δὲ
1161 1401 1207 1427 καὶ
1235 1401 1333 1436 μᾶλλον
1357 1401 1585 1437 θεοπρεπέα-τερον
1613 1402 1715 1437 Ἰησοῦς
1737 1403 1751 1428 ὁ
1773 1403 1890 1437 Χριστὸς

1107 1447 1152 1473 τοῦ
1179 1446 1244 1473 Θεοῦ
1278 1447 1324 1473 ἐπὶ
1360 1447 1409 1482 τῆς
1442 1447 1578 1482 θαλάσσης
1611 1448 1807 1483 περιπατήσας,
1842 1448 1890 1474 καί

1106 1493 1151 1519 τὸν
1172 1494 1273 1528 Πέτρον
1292 1493 1393 1528 βαίνειν
1415 1494 1458 1519 ἐπ’
1481 1494 1565 1528 αὐτῆς
1586 1494 1706 1528 ἐποίησε.
1734 1494 1889 1528 Γέγραπται

1107 1539 1130 1565 δ’
1149 1536 1204 1565 οὗν·
1233 1548 1242 1564 ι
1264 1538 1388 1574 Τετάρτῃ
1409 1539 1436 1565 δὲ
1461 1539 1567 1574 φυλακῇ
1588 1539 1636 1573 τῆς
1657 1539 1752 1570 νυκτὸς
1772 1537 1851 1574 ἦλθεν
1875 1539 1891 1565 6

1114 1584 1215 1619 Ἰησοῦς
1232 1584 1298 1620 πρὸς
1322 1585 1420 1616 αὐτοὺς
1435 1584 1592 1620 περιπατῶν
1609 1585 1654 1610 ἐπὶ
1669 1587 1716 1619 τῆς
1737 1584 1888 1619 θαλάσσης·

1107 1631 1153 1657 καὶ
1172 1631 1270 1662 [δόντες
1290 1631 1369 1657 αὐτὸν
1388 1631 1587 1665 περιπατοῦντα
1605 1632 1649 1657 ἐπὶ
1670 1633 1718 1666 τῆς
1742 1630 1888 1665 θαλάσσης,

1107 1676 1304 1712 ἐταράχθησαν.
1327 1686 1336 1702 ι
1362 1677 1417 1703 Καὶ
1440 1677 1498 1712 μετ’
1515 1677 1607 1710 ὀλίγαι
1637 1687 1645 1702 ι
1674 1670 1890 1712 Ἀποκριθεὶξδὲ

1107 1722 1179 1756 αὐτῷ
1195 1723 1209 1748 ὁ
1227 1722 1328 1758 Πέτρος
1345 1721 1422 1748 εἷπε·
1448 1722 1544 1757 Κύριε,
1562 1724 1585 1747 εἰ
1602 1723 1632 1748 σὺ
1657 1720 1689 1754 εἷ,
1713 1722 1838 1748 κέλευσόν
1857 1730 1890 1756 με

1107 1767 1192 1794 ἐλθεῖν
1210 1769 1276 1803 πρὸς
1293 1769 1321 1794 σὲ
1341 1768 1387 1794 ἐπὶ
1416 1768 1449 1794 τὰ
1473 1768 1564 1794 ὕδατα.
1591 1769 1619 1794 '0
1633 1769 1660 1794 δὲ
1680 1766 1765 1794 εἶπεν.
1797 1767 1890 1794 Ἐλθέ·

1107 1815 1153 1840 καὶ
1185 1815 1306 1846 καταϐὰς
1338 1814 1391 1841 ἀπὸ
1414 1814 1460 1840 τοῦ
1498 1814 1590 1840 πλοίου
1624 1815 1726 1849 Πέτρος
1761 1813 1892 1849 περιεπά-

1107 1867 1188 1893 τησεν
1212 1860 1258 1885 ἐπὶ
1279 1859 1312 1886 τὰ
1333 1859 1425 1886 ὕδατα.
1445 1869 1453 1884 ι
1477 1859 1560 1885 Πάλιν
1581 1860 1700 1894 Μωῡσῆς
1715 1858 1807 1894 ἀνέμῳ
1822 1859 1891 1894 νότῳ

1108 1903 1185 1938 βιαίῳ
1210 1904 1293 1938 ἔπηξε
1313 1904 1361 1939 τὴν
1387 1904 1532 1931 θάλασσαν.
1549 1905 1630 1938 Λέγει
1644 1904 1665 1930 δ’
1680 1902 1725 1930 οὖν
1742 1905 1758 1938 ὴ
1778 1905 1889 1939 Γραφή·

1110 1960 1118 1975 ι
1147 1950 1275 1982 Ἐξέτεινε
1290 1950 1318 1976 δὲ
1331 1951 1449 1985 Μωῦσῆς
1464 1950 1510 1985 τὴν
1526 1952 1604 1986 χεῖρα
1620 1951 1665 1976 ἐπὶ
1678 1950 1725 1985 τὴν
1742 1950 1889 1981 θάλασσαν,

1108 1995 1152 2021 καὶ
1180 1995 1304 2030 ὺπήγαγε
1334 1994 1435 2027 Κύριος
1461 1995 1510 2030 τὴν
1537 1994 1674 2021 θάλασσαν
1704 1995 1796 2030 ἀνέμῳ
1822 1995 1892 2030 νότῳ

1108 2041 1196 2075 βιαίῳ.
1223 2050 1231 2065 ι
1259 2040 1313 2066 Καὶ
1333 2040 1476 2075 ἐπιφέρει·
1505 2050 1512 2065 ι
1538 2041 1641 2075 Ἑπάγη
1667 2040 1701 2066 τὰ
1726 2041 1836 2076 κύματα
1862 2042 1891 2067 ἐν

1108 2087 1182 2121 μέσῳ
1195 2087 1244 2120 τῆς
1263 2085 1409 2120 θαλάσσης.
1431 2096 1440 2111 ι
1462 2085 1597 2116 Ὡσαύτως
1614 2085 1642 2112 δὲ
1659 2086 1705 2112 καὶ
1718 2086 1783 2112 πολὺ
1800 2094 1891 2121 κρειτ-

1105 2131 1188 2162 τόνως
1204 2131 1218 2156 ὁ
1235 2130 1328 2165 Σωτὴρ
1346 2130 1423 2165 ἡμῶν
1445 2130 1594 2164 ἐπετίμησε
1620 2129 1658 2164 τῷ
1682 2130 1773 2165 ἀνέμῳ
1795 2130 1841 2156 καὶ
1856 2132 1889 2166 τῇ

1107 2175 1236 2210 θαλάσσῃ,
1260 2176 1305 2201 καὶ
1322 2176 1429 2209 ἐγένετο
1445 2175 1548 2209 γαλήνη
1567 2174 1681 2209 μεγάλη.
1701 2174 1783 2201 Πάλιν
1808 2175 1891 2201 Muri-

1107 2221 1174 2252 σέως
1191 2220 1243 2247 ἀπὸ
1259 2220 1305 2246 τοῦ
1322 2221 1400 2256 ὅρους
1414 2220 1561 2251 κατιόντος,
1583 2220 1613 2245 τὸ
1628 2219 1770 2254 πρόσωπον
1787 2220 1892 2260 ἑωρᾶτο

1107 2267 1212 2303 πλήρης
1234 2267 1321 2302 δόξης.
1340 2267 1494 2302 Γέγραπται
1516 2267 1538 2292 δ’
1555 2265 1615 2293 οὖν·
1641 2275 1650 2291 ι
1670 2266 1849 2292 Καταϐαίνων
1867 2266 1890 2291 δ’

1107 2314 1186 2345 αὐτὸς
1202 2315 1233 2340 ὲκ
1249 2313 1294 2339 τοῦ
1307 2313 1385 2349 ὅρους
1399 2314 1526 2348 Μωῦσῆς,
1543 2313 1592 2348 ουκ
1603 2313 1670 2348 ᾔδει,
1684 2313 1724 2338 ὅτι
1736 2312 1891 2344 δεδόξασται

1107 2361 1122 2395 ὴ
1141 2360 1200 2394 ὄψις
1217 2359 1262 2385 τοῦ
1279 2359 1381 2394 χρωτὸς
1398 2359 1443 2386 τοῦ
1466 2358 1610 2394 προσώπου
1633 2358 1724 2388 αὐτοῦ,
1742 2359 1771 2384 ὲν
1792 2357 1830 2392 τῷ
1844 2358 1893 2384 αὺ-

1108 2405 1154 2432 τὸν
1170 2404 1259 2431 λαλεῖν
1282 2405 1370 2439 αὐτῷ·
1388 2405 1433 2431 καὶ
1457 2402 1524 2430 εἶδεν
1544 2403 1656 2439 Ἀαρὼν,
1681 2403 1728 2429 καὶ
1747 2403 1845 2434 πάντες
1866 2403 1892 2429 οἰ

1107 2451 1286 2486 πρεσϐύτεροι
1306 2451 1359 2477 τῶν
1381 2449 1446 2476 υἱῶν
1465 2449 1570 2484 Ἰσραὴλ
1586 2449 1630 2476 τὸν
1647 2449 1774 2484 Μωῦσῆν,
1793 2449 1838 2474 καὶ
1857 2446 1893 2484 ἦν

1106 2495 1285 2531 δεδοξασμένη
1305 2497 1322 2531 ἡ
1345 2495 1405 2529 ὄψις
1418 2495 1464 2521 τοῦ
1482 2495 1584 2531 χρωτὸς
1606 2494 1650 2521 τοῦ
1672 2494 1817 2529 προσώπου
1842 2495 1892 2520 αὺ-

1107 2541 1161 2568 τοῦ.
1183 2552 1192 2567 ι
1214 2541 1348 2572 Ὡσαύτως
1370 2541 1399 2567 δὲ
1423 2541 1469 2567 καὶ
1489 2541 1555 2567 πολὺ
1572 2541 1750 2576 διαφερόντως
1765 2541 1779 2566 ὁ
1796 2540 1894 2575 ἡμέτε-

1109 2595 1154 2622 ρος
1166 2587 1271 2622 Σωτὴρ,
1287 2586 1431 2620 ἀναγαγὼν
1447 2588 1509 2618 τοὺς
1525 2586 1621 2613 ἐαυτοῦ
1638 2586 1760 2621 μαθητὰς
1775 2587 1814 2617 εἰς
1830 2586 1894 2621 ὅρος

1110 2632 1210 2667 ὑψηλὸν
1236 2633 1305 2664 λίαν,
1327 2632 1525 2668 μετεμορφώθη
1551 2632 1704 2668 ἔμπροσθεν
1724 2632 1822 2663 αὐτῶν,
1846 2632 1894 2658 καὶ

1109 2678 1212 2714 ἔλαμψε
1226 2679 1256 2705 τὸ
1273 2679 1416 2714 πρόσωπον
1430 2679 1511 2705 αὑτοῦ
1528 2679 1565 2710 ὡς
1581 2679 1595 2704 ὁ
1610 2678 1694 2713 ἥλιος,
1708 2677 1741 2704 τὰ
1756 2677 1784 2704 δὲ
1800 2677 1895 2712 ἱμάτια

1108 2724 1190 2752 αὑτοῦ
1207 2725 1313 2759 ἐγένετο
1329 2725 1412 2751 λευκὰ
1431 2725 1469 2756 ὡς
1484 2725 1515 2751 τὸ
1527 2724 1593 2759 φῶς.
1617 2724 1700 2750 Πάλιν
1715 2724 1832 2758 Μωῦσῆς
1848 2723 1895 2749 λε-

1142 2837 1152 2852 δ
1164 2836 1230 2863 lliid.
1248 2837 1341 2868 13,”.
1379 2838 1390 2853 ⁸
1408 2835 1502 2863 Matth.
1521 2843 1578 2867 va,
1596 2835 1669 2863 8-l0.
1709 2835 1718 2850 ‘
1734 2834 1820 2861 Exod.
1836 2842 1895 2868 ΧΠ,

1305 2873 1326 2888 ⁸³
1344 2871 1438 2899 Matth.
1451 2871 1571 2902 vn|,26:
1588 2870 1654 2898 Luc.
1673 2879 1730 2900 vni,
1747 2870 1792 2897 26.
