2071 3219
160 165 213 193 ΞΒ

616 162 944 195 DEMONSTRATIONIS
966 160 1195 207 EVANGELICAE
1215 162 1281 194 Lm.
1304 161 1348 194 ut.

1746 168 1797 193 ΓΗ

160 220 227 256 πρδν
244 221 405 258 ἒκαθάρισε.
421 222 575 259 Γέγραπται
590 223 613 250 δ’
629 221 691 251 οὖν·
713 234 724 249 ι
744 224 799 251 Καὶ
816 224 871 251 ἰδοὺ
885 224 946 250 Μα-

1003 223 1057 258 ejus
1074 224 1106 251 ¹¹.
1122 233 1132 249 ι
1150 222 1237 250 Simili
1250 223 1366 255 ratione,
1381 226 1408 249 et
1427 222 1507 258 longe
1530 220 1640 254 quidem
1655 222 1791 250 excellen-

163 267 207 302 ρία
225 267 356 304 λεπριῗπα
379 269 444 296 ὡσεὶ
464 268 540 304 χιών.
561 280 571 296 ι
598 271 652 297 Καὶ
671 271 729 306 μετ’
747 270 842 304 ὀλίγαν
865 279 875 295 ι
896 270 950 296 Καὶ

161 313 256 348 ἐϐόησε
269 315 391 350 Μωῡσῆς
413 315 479 350 πρὸς
499 315 611 351 Κύριον,
629 317 733 350 λέγων·
755 317 783 342 '0
801 316 877 348 Θεὸς,
893 316 950 342 δέο-

163 368 221 395 μαι1
239 359 313 386 ἴασαι
326 361 420 395 αὑτήν.
438 371 447 387 ι
467 360 602 393 Ὡσαύτως
615 362 701 388 δὲκαὶ
717 362 820 396 μείζονι
838 362 950 396 δυνάμει

161 405 285 439 ἐξουσίας
309 407 323 432 ὁ
345 406 463 442 Χριστὸς
489 407 536 433 τοῦ
561 407 638 439 Θεοῦ,
659 407 853 443 προσελθόντος
876 407 950 442 αὐτῷ

161 451 262 487 λεττροῦ
276 452 321 478 καὶ
330 453 474 487 φήσαντος,
489 462 499 478 σ
511 453 572 479 Ἐὰν
582 453 671 490 θέλῃς,
687 453 797 480 δύνασαί
816 463 849 488 με
868 453 951 480 καθα-

162 497 247 532 ρίσαι,
276 498 457 533 ἀπεκρίνατο·
481 498 564 529 Θέλω,
583 499 776 534 καθαρίσθητι·
795 499 838 525 καὶ
852 499 950 525 ἐκαθα-

163 543 243 578 ρίσθη
275 543 357 569 αὐτοῦ
383 544 514 580 ήλέπρα.
538 555 547 570 ι
575 545 657 572 Πάλιν
685 546 803 580 Μωῠσῆς
828 545 951 581 δακτύλῳ

162 589 229 615 Θεοῦ
241 590 324 625 ἔφησε
337 590 383 617 τὸν
404 591 485 625 νόμον
502 592 663 626 γεγράφθαι.
683 592 838 627 Γέγραπται
854 592 874 618 δ’
892 590 949 618 οὖν·

164 643 175 659 ε
198 635 254 661 Καὶ
276 635 359 661 ἔδωκε
381 635 419 670 τῷ
444 636 565 667 Μωῦσεῖ,
589 636 668 670 ἡνίκα
693 636 847 662 κατέπαυσε
864 636 951 662 λαλῶν

161 680 236 716 αὐτῷ
257 682 285 707 ἐν
299 681 337 716 τῷ
356 681 413 717 ὄρει
431 682 504 713 ΣινΞι,
528 682 577 713 τὰς
592 679 643 707 δύο
660 682 764 713 πλάκας
786 682 831 708 τοῦ
852 690 952 717 μαρτυ-

164 726 233 760 ρίου,
252 727 357 758 πλάκας
373 727 474 759 λιθίνας
498 728 691 763 γεγραμμένας
712 728 750 763 τῷ
767 729 889 764 δακτύλῳ
906 729 951 755 τοῦ

162 771 241 798 Θεοῦ.
259 783 268 798 ι
288 773 342 799 Καὶ
362 774 390 799 ὲν
404 775 436 809 τῇ
462 773 575 807 Ἐξὸδῳ·
594 783 602 799 ι
624 773 707 800 Εἶπον
723 772 769 800 οὖν
787 776 811 800 ol
835 775 952 801 ὲπαοιδοὶ

162 818 202 852 τῷ
219 818 335 853 Φαραὼ-
363 829 372 844 ‹
393 820 531 852 Δάκτυλος
548 820 614 847 Θεοῦ
629 822 686 846 ἐστι
714 821 800 847 τοῦτο.
824 831 832 845 ι
858 821 953 847 Ὡσαύ-

162 872 217 894 τως
234 863 262 889 δὲ
283 864 330 890 καὶ
353 864 457 899 Ἰησοῦς
477 866 491 891 ὁ
512 865 629 901 Χριστὸς
643 866 690 892 τοῦ
714 866 781 892 θεοῦ
799 868 855 897 τοῖς
871 867 952 900 Φαρι-

1002 268 1056 295 tius
1071 287 1080 300 ,
1095 267 1220 295 Salvator
1233 271 1327 295 noster
1344 276 1353 292 ι
1366 273 1429 293 cum
1445 266 1570 293 duxisset
1588 273 1653 293 suos
1669 265 1791 300 discipu-

1002 315 1042 341 los
1058 314 1084 340 in
1104 317 1223 341 montem
1239 314 1377 341 excelsum
1401 313 1496 345 valde,
1520 312 1731 348 transfiguratus
1749 312 1791 339 est

1002 367 1092 387 coram
1108 360 1159 391 eis,
1176 364 1203 386 et
1218 359 1385 395 resplenduit
1402 359 1484 386 facies
1499 359 1559 393 ejus
1581 362 1609 385 ιιι
1629 358 1690 391 sol,
1706 358 1790 385 vesti-

1003 411 1095 432 menta
1118 410 1209 432 autem
1229 406 1288 440 ejus
1316 405 1386 432 facta
1414 409 1478 433 sunt
1501 405 1560 431 alba
1578 405 1649 432 sicut
1666 405 1712 431 lux
1728 405 1759 431 ¹¹.
1779 413 1788 429 ι

1003 451 1090 478 Moses
1105 452 1169 478 item
1189 451 1325 486 leprosum
1345 451 1495 478 inundavit.
1509 450 1649 485 Siquidem
1658 451 1789 485 scriptum

1001 501 1043 524 est
1060 506 1066 524 :
1085 506 1094 522 ι
1119 497 1151 523 Ει
1165 505 1228 524 ecce
1244 497 1327 523 Maria
1343 498 1417 531 lepra
1434 498 1552 524 candens
1575 498 1646 524 sicttt
1664 498 1710 524 nix
1723 497 1754 523 ¹³.
1778 506 1787 522 ι

1002 542 1034 569 Ει
1050 543 1129 577 paulo
1147 547 1207 577 post
1224 553 1230 569 :
1253 552 1262 567 ι
1287 542 1319 569 Et
1333 543 1457 569 clamavit
1472 542 1558 570 Moses
1575 543 1607 570 ad
1631 542 1789 575 Dominum,

1002 589 1095 615 dicens
1111 598 1117 615 :
1137 588 1219 622 Deus,
1234 589 1359 620 obsecro,
1378 596 1443 616 sana
1459 596 1518 616 eam
1531 589 1561 616 υ.
1582 598 1591 614 ›
1615 587 1702 615 Simili
1725 595 1790 623 ergo

1002 634 1108 661 ratione
1123 654 1130 667 ,
1149 635 1196 661 sed
1213 635 1291 669 longe
1307 635 1402 668 majori
1426 639 1560 669 potestate
1576 635 1702 662 Christus
1716 634 1763 662 Dei
1780 652 1788 667 ,

1002 688 1064 707 cum
1089 680 1122 707 ad
1147 688 1208 707 eum
1238 681 1364 715 leprosos
1394 682 1576 711 accessisset.
1596 681 1788 715 dixissetquex

1005 735 1014 750 ι
1027 725 1055 751 Si
1071 726 1122 755 vis.
1137 730 1214 760 potes
1225 733 1268 753 me
1282 726 1423 753 mundare.
1435 726 1601 761 Respondit:
1618 725 1695 756 Volo.
1713 734 1790 752 mun-

1003 770 1078 802 dare,
1095 775 1121 798 et
1136 771 1265 798 mundata
1280 776 1321 798 est
1337 772 1397 805 ejus
1413 772 1486 806 lepra
1502 773 1533 798 ’⁵.
1555 781 1564 797 ›
1582 771 1689 798 Rursus
1701 770 1790 799 Moses

1003 816 1088 851 digito
1106 816 1152 844 Dei
1176 817 1305 851 scriptam
1327 824 1388 844 esse
1413 818 1497 852 legem
1523 817 1674 844 affirmavit.
1689 816 1791 851 Nempe

1004 865 1043 889 sic
1060 864 1192 897 scriptum
1218 867 1260 890 est
1278 873 1283 890 :
1302 872 1310 888 ι
1330 863 1362 890 Ει
1383 863 1457 890 dedit
1478 863 1567 895 Mosi,
1587 872 1647 890 cum
1665 863 1790 891 desiisset

163 908 250 941 σαίοις
271 909 361 943 ἔλεγεν
374 919 380 925 ·
394 919 403 935 ι
416 911 446 936 El
462 910 489 937 δὲ
504 912 532 937 ὲν
554 911 675 946 δακτύλῳ
691 911 756 937 Θεοῦ
779 912 902 938 ἐκϐάλλω
918 912 950 938 τὰ

1004 908 1076 943 loqui
1090 908 1123 934 ad
1136 916 1197 935 eum
1212 909 1238 935 in
1251 913 1342 935 monte
1358 907 1423 935 Sina
1436 930 1443 942 ,
1459 909 1527 936 duas
1541 909 1649 936 tabulas
1666 909 1790 937 testimo-

162 954 296 989 δαιμόνια,
313 964 321 980 ι
340 956 402 990 Ἐφ’
423 956 493 988 ὂλοις
513 956 617 988 τούτοις
640 958 758 991 Μωῡσῆς
778 958 951 992 μετωνόμασε

161 1000 209 1026 τὸν
231 1001 343 1035 Ἰησοῦν.
363 1000 498 1033 Ὡσαύτως
515 1002 542 1028 δὲ
560 1003 605 1028 καὶ
628 1004 641 1029 ὁ
659 1003 753 1039 Σωτὴρ
775 1001 820 1029 τὸν
844 1003 952 1037 Σίμωνα

164 1045 276 1080 Πέτρον.
289 1046 344 1073 κω.
354 1047 431 1073 πάλιν
445 1055 451 1063 ·
465 1048 582 1083 Μωῦσῆς
596 1049 746 1083 κατέστησε
758 1048 795 1083 τῷ
808 1049 863 1083 λαῷ
876 1050 952 1084 ἡγου-

165 1091 262 1125 μένους
279 1091 469 1127 ὲόδομήκοντα.
486 1093 567 1126 Λέγει
581 1093 602 1119 δ’
622 1092 667 1120 οὗν
683 1094 698 1128 ἡ
712 1094 805 1129 Γραφή
819 1102 824 1108 ·
844 1105 852 1119 ι
870 1095 952 1121 Συνά-

162 1137 233 1170 γαγέ
252 1145 294 1172 μοι
317 1137 499 1173 ἑϐδομήκοντα
525 1139 706 1174 ἄνδραςδὶιπὺ
729 1139 782 1165 τῶν
805 1140 952 1175 πρεσϐυτέ-

163 1190 219 1217 ρων
238 1182 356 1217 Ἰσραὴλ,
371 1184 418 1210 καὶ
435 1184 525 1217 ἀφελῶ
543 1184 596 1210 ἀπὸ
612 1184 658 1210 τοῦ
677 1184 831 1220 πνεύματος
848 1185 893 1211 τοῦ
908 1186 953 1211 ἐπὶ

165 1228 216 1258 σοὶ,
239 1228 286 1254 καὶ
306 1228 429 1264 ἐπιθήσω
444 1231 486 1255 ἐπ’
504 1230 602 1261 αὐτούς
615 1237 621 1245 ·
644 1231 690 1256 καὶ
708 1232 861 1266 συνήγαγεν
879 1231 952 1258 ἐϐδο-

166 1272 287 1306 μήκοντα
301 1272 409 1308 ἄνδρας.
429 1283 437 1299 ι
459 1274 594 1306 Ὡσαύτως
610 1275 638 1301 δὲ
655 1276 701 1301 καὶ
717 1276 731 1301 ὀ
743 1276 836 1312 Σωτὴρ
853 1277 954 1303 ἀνέδει-

164 1318 209 1350 ξεν
223 1318 306 1344 αὑτοῦ
322 1318 445 1353 μαθητὰς
459 1320 652 1355 ἑϐδομήκοντα,
670 1322 715 1347 καὶ
731 1321 888 1348 ἀπέστειλεν
902 1323 953 1350 ἀνὰ

162 1363 211 1389 δύο
223 1363 278 1399 πρὸ
289 1364 435 1399 προσώπου
450 1365 541 1392 αὐτοῦ.
556 1367 609 1392 Καὶ
626 1367 706 1393 πάλιν
720 1368 839 1403 Μωΰπῆς
851 1368 954 1395 δώδεκα

163 1409 264 1444 ἄνδρας
284 1409 420 1445 ἐξέπεμψε
433 1411 480 1446 τὴν
497 1412 548 1447 γῆν
570 1413 834 1448 κατασκεψομένους.
860 1415 954 1441 Ὡσαύ-

163 1463 218 1486 τως
235 1455 263 1481 es
278 1455 325 1482 καὶ
346 1456 412 1482 πολὺ
428 1458 550 1492 κρεῖττον
566 1459 579 1484 δ
595 1458 729 1494 ἡμέτερος
744 1459 838 1494 Σωτὴρ
851 1460 954 1486 δώδεκα

162 1502 330 1534 ἀποστόλους
361 1503 549 1536 ἐξαπέστειλεν
577 1504 775 1538 ἐπισκέψασθαι
806 1506 893 1532 πάντα
920 1506 954 1533 τὰ

1003 956 1041 982 nii
1059 975 1065 986 ,
1087 955 1195 982 tabulas
1210 956 1331 990 lapideas
1344 956 1460 990 scriptas
1474 956 1561 991 digito
1576 955 1622 982 Dei
1640 955 1670 982 ’⁸.
1692 966 1700 980 ι
1716 955 1749 981 Et
1764 956 1791 982 in

1005 1001 1098 1028 Exodo
1116 1011 1121 1028 :
1142 1009 1150 1026 ι
1171 1001 1303 1028 Dixerunt
1327 1002 1408 1036 igitur
1429 1002 1612 1029 incantatores
1635 1001 1769 1028 Pharaoni
1782 1019 1789 1032 .

1003 1047 1104 1082 digitus
1119 1046 1166 1075 Dei
1188 1051 1230 1074 est
1247 1047 1291 1074 hic
1316 1048 1348 1074 ¹⁷.
1376 1058 1384 1073 ι
1402 1047 1494 1074 Itidem
1509 1047 1589 1075 Jesus
1610 1055 1729 1082 quoque,
1744 1046 1791 1082 qui

1003 1093 1129 1121 Christus
1146 1097 1187 1120 est
1203 1093 1249 1120 Dei
1263 1113 1270 1124 ,
1283 1092 1428 1120 Pharisaris
1440 1093 1547 1120 diccbat
1566 1102 1572 1119 :
1588 1102 1597 1118 ι
1613 1092 1642 1119 Si
1658 1097 1747 1119 autem
1764 1093 1790 1118 in

1003 1139 1088 1173 digito
1104 1139 1150 1166 Dei
1164 1138 1244 1172 ejicio
1256 1138 1389 1165 daemonia
1402 1139 1432 1165 ’³.
1449 1148 1457 1164 ι
1471 1138 1511 1165 Ad
1526 1138 1582 1164 haec
1596 1138 1687 1165 omnia
1701 1137 1792 1165 Moses

1003 1184 1188 1211 denominavit
1202 1184 1294 1212 Jesuut
1320 1184 1401 1211 Nave.
1429 1183 1490 1210 Pari
1503 1184 1609 1210 ratione
1633 1183 1714 1210 etiam
1730 1182 1791 1209 Sal-

1003 1236 1081 1258 valor
1098 1231 1235 1258 Simonem
1252 1231 1372 1258 Petrum.
1396 1231 1484 1265 Atque
1502 1231 1565 1256 item
1585 1229 1674 1256 Moses
1689 1229 1793 1257 consti-

1004 1277 1055 1303 tuit
1072 1277 1171 1311 populo
1184 1297 1192 1308 ,
1209 1277 1254 1311 qui
1280 1280 1428 1310 prazesseut
1444 1276 1626 1310 septuaginta.
1646 1274 1786 1309 Siquidem

1004 1321 1071 1348 dicit
1088 1321 1228 1355 Scriptura
1244 1331 1250 1348 :
1270 1331 1278 1345 (
1299 1321 1437 1355 Congrega
1455 1320 1520 1346 milii
1537 1320 1707 1355 septuaginta
1719 1319 1792 1346 viros

1004 1368 1037 1395 de
1051 1368 1206 1395 senioribus
1222 1367 1304 1394 lsracl
1320 1386 1327 1399 ,
1344 1370 1371 1394 et
1387 1366 1508 1393 auferam
1532 1365 1565 1392 de
1578 1366 1676 1400 spiritu
1697 1364 1743 1399 qui
1764 1364 1790 1391 in

1004 1418 1030 1440 te
1047 1418 1088 1441 est
1102 1434 1108 1445 ,
1125 1418 1151 1440 et
1168 1414 1309 1440 immittam
1329 1413 1355 1440 in
1367 1420 1414 1439 eos
1428 1422 1434 1439 :
1455 1417 1482 1439 et
1497 1412 1669 1446 congregavit
1684 1415 1792 1445 septual

1004 1460 1077 1494 ginta
1093 1461 1167 1487 viros
1187 1460 1218 1485 ".
1236 1469 1244 1484 |
1263 1459 1308 1486 Sic
1320 1459 1401 1486 etiam
1417 1459 1474 1493 ipse
1490 1457 1614 1485 Salvator
1634 1466 1642 1482 (
1665 1457 1792 1492 designa-

1004 1507 1042 1532 vit
1054 1514 1118 1533 suos
1135 1506 1284 1541 discipulos
1301 1505 1481 1539 septuaginta,
1495 1508 1521 1531 et
1545 1504 1618 1530 misit
1635 1504 1713 1530 hinos
1728 1507 1793 1529 ante

163 1547 239 1583 ἔθνη.
258 1548 342 1574 Πάλιν
356 1549 474 1584 Μωῡσῆς
498 1550 638 1585 νομοθετεῖ
653 1551 752 1584 λέγων’
774 1561 782 1576 ι
805 1552 840 1577 Οὐ
859 1552 952 1585 φονεύ-

1007 1550 1102 1578 faciem
1132 1559 1208 1577 suam
1230 1552 1263 1578 '°.
1282 1561 1290 1576 ι
1309 1550 1416 1577 Rursus
1442 1549 1531 1576 Moses
1554 1548 1696 1576 duodecim
1718 1549 1792 1575 viros

165 1601 233 1625 σεις,
256 1594 287 1620 οὐ
307 1594 426 1628 κλέψεις,
449 1595 499 1621 οὐκ
519 1596 702 1631 ἐπιορκήσεις.
722 1606 731 1622 ι
756 1597 784 1623 Ὀ
808 1597 835 1623 δὲ
859 1598 953 1633 Σωτὴρ

163 1638 256 1674 ἡμῶν,
274 1639 416 1666 ἐπιτείνων
438 1640 483 1665 τὸν
500 1640 592 1675 νόμον,
615 1641 644 1666 οὺ
668 1641 699 1667 τὸ
719 1641 840 1675 φονεύειν
863 1642 952 1676 μόνον,

164 1684 234 1710 ἀλλὰ
257 1685 302 1710 καὶ
323 1685 354 1710 τὺ
377 1684 528 1720 θυμοῦσθαι
552 1686 735 1721 ἀπαγορεύει”
759 1687 818 1712 ἀντὶ
841 1686 888 1713 τοῦ
916 1687 954 1723 μὴ

166 1729 313 1765 μοιχεύειν,
338 1730 400 1766 μηδ’
414 1731 560 1765 ἐμϐλέπειν
582 1733 692 1766 γυναικὶ
715 1733 782 1768 μετὰ
808 1734 954 1769 ἐπιθυμίας

165 1775 317 1803 ἀκολάστου
341 1779 480 1812 παραινεῖ·
503 1778 562 1804 ἀντι
584 1787 613 1804 τε
637 1778 683 1805 τοῦ
707 1779 743 1814 μὴ
766 1779 901 1812 κλέπτειν,
920 1781 953 1807 τὰ

164 1823 254 1849 οἰκεῖα
269 1824 326 1854 τοῖς
346 1823 448 1849 ἐνδεέσι
470 1824 611 1859 προΐεσθαι
630 1826 810 1860 προστάττει·
832 1827 953 1862 ὑπερϐὰς

163 1867 193 1895 δὲ
207 1869 253 1894 καὶ
267 1868 297 1894 τὸ
320 1869 466 1904 ἐπιορκεῖν,
490 1870 538 1905 τὴν
560 1871 647 1906 ἀρχὴν
663 1871 728 1906 μηδὲ
743 1872 855 1906 ὀμνύναι
875 1882 955 1909 νομο-

165 1915 250 1943 θετεῖ.
267 1917 321 1943 Καὶ
339 1916 365 1943 τί
384 1926 417 1952 με
431 1918 470 1944 δεῖ
488 1918 617 1953 μηκύνειν
634 1919 679 1945 τὸν
699 1919 777 1952 λόγον
793 1920 832 1950 εἰς
847 1919 954 1945 ἀπόδει-

164 1961 207 1995 ξιν
224 1962 271 1988 τοῦ
286 1962 321 1988 τὰ
336 1963 522 1998 παραπλήσια,
542 1965 589 1990 καὶ
603 1966 686 1998 ἐγγὺς
703 1965 822 2000 ἀλλήλων
840 1973 953 2000 πεποιη-

165 2008 243 2034 κέναι
263 2009 382 2035 Μωῡσέα
404 2009 450 2036 καὶ
471 2009 570 2045 Ἰησοῦν
590 2010 635 2036 τὸν
657 2011 771 2046 Σωτῆρα
791 2011 836 2036 καὶ
853 2010 953 2045 Κύριον

164 2054 262 2088 ὴμῶνς
287 2054 389 2088 Παρὸν,
410 2055 463 2090 ὅτῳ
487 2055 571 2090 φίλον,
594 2057 640 2082 ἐπὶ
659 2056 755 2091 σχολῆς
773 2055 953 2088 ἀναλέξασθαι

164 2098 261 2124 ταῦτα.
280 2099 356 2125 Ἐπεὶ
370 2100 416 2125 καὶ
433 2101 478 2127 τὸν
495 2101 607 2127 θάνατον
627 2101 765 2132 Μωῡσέως
785 2101 884 2135 μηδένα
898 2109 951 2134 φα-

165 2143 209 2169 σὶν
227 2144 387 2177 ἐγνωκέναι,
414 2144 479 2179 μηδὲ
496 2145 543 2180 τὴν
563 2145 650 2181 ταφὴν
667 2145 748 2171 αὐτοῦ
761 2154 767 2160 '
789 2145 883 2181 ὥσπερ
906 2144 952 2172 οὖν

164 2189 226 2215 οὐδὲ
239 2189 286 2216 τοῦ
300 2190 425 2225 Σωτῆρος
447 2190 524 2225 ἡμῶν
542 2190 590 2226 τὴν
608 2191 676 2225 μετὰ
689 2191 738 2226 τὴν
753 2191 897 2218 ἀναϐίωσιν
912 2192 952 2223 εἱς

1005 1597 1095 1624 emisit
1122 1601 1222 1624 terram
1252 1597 1443 1631 exploratur-os
1461 1596 1494 1622 ¹¹.
1515 1594 1614 1622 Noster
1642 1592 1697 1630 94
1727 1595 1791 1621 item

1005 1641 1141 1674 Salvator,
1171 1642 1310 1675 multoque
1337 1640 1417 1667 etiam
1444 1639 1616 1674 pratstantius
1648 1638 1792 1665 duodecim

1004 1687 1141 1721 apostolos
1155 1686 1243 1713 emisit
1255 1706 1262 1718 ,
1286 1685 1318 1712 ad
1336 1684 1520 1719 inspiciendas
1537 1691 1631 1710 omnes
1648 1687 1741 1716 gentes
1756 1683 1790 1707 “.

1004 1731 1110 1759 Rursus
1136 1730 1225 1758 Moses
1248 1731 1323 1764 ponit
1350 1730 1435 1765 legem
1460 1737 1520 1764 quae
1537 1728 1619 1755 dicit:
1642 1737 1650 1753 ι
1671 1727 1728 1754 Νοιι
1745 1735 1791 1754 oc-

1004 1777 1088 1809 cides,
1103 1784 1155 1803 non
1174 1776 1363 1806 mmehaberis,
1382 1783 1434 1802 non
1450 1774 1596 1805 fttraberis,
1615 1781 1667 1800 non
1683 1773 1790 1807 pejera‘

1003 1823 1045 1850 bis
1059 1822 1091 1850 ’³,
1111 1832 1120 1848 ι
1135 1822 1169 1848 At
1185 1821 1310 1849 Salvator
1328 1826 1420 1849 noster
1436 1821 1494 1855 lege
1509 1821 1658 1856 proposita,
1676 1827 1728 1846 non
1745 1825 1792 1846 oc-

1004 1871 1096 1898 cidere
1110 1871 1209 1902 solum,
1226 1870 1273 1897 sed
1286 1870 1368 1897 etiam
1395 1869 1476 1897 irasci
1504 1869 1629 1904 prohibet
1644 1868 1677 1901 ",
1694 1873 1719 1894 et
1742 1876 1792 1903 pro

1003 1925 1035 1943 eo
1051 1917 1121 1951 quod
1140 1917 1242 1944 dictum
1261 1921 1312 1947 est,
1331 1924 1385 1943 non
1403 1915 1544 1946 ntmchari,
1567 1923 1602 1942 ne
1617 1915 1715 1941 intueri
1731 1915 1792 1949 qui-

1004 1963 1063 1990 dem
1079 1963 1218 1990 mttlierem
1234 1970 1296 1989 cum
1320 1963 1451 1997 petulanti
1471 1962 1598 1997 cupidine
1616 1962 1789 1989 admouet":

1003 2014 1029 2035 et
1046 2016 1094 2043 pro
1108 2017 1140 2036 eo
1152 2009 1222 2044 quod
1236 2013 1288 2041 est,
1306 2017 1359 2036 non
1383 2008 1485 2041 furari,
1509 2017 1551 2036 res
1572 2009 1696 2044 proprias
1720 2008 1791 2035 india

1004 2055 1129 2089 gentibus
1159 2055 1269 2090 elargiri
1299 2055 1414 2090 imperat
1436 2055 1458 2070 ”
1484 2064 1489 2081 :
1516 2055 1598 2081 etiam
1630 2054 1694 2081 illud
1714 2054 1792 2089 longe

1003 2101 1160 2128 transiliens
1175 2101 1246 2135 quod
1266 2105 1318 2134 est,
1335 2109 1389 2128 non
1416 2101 1547 2136 peierare,
1567 2108 1601 2127 ne
1626 2100 1719 2134 jurare
1731 2099 1792 2134 qui-

1003 2146 1063 2174 detu
1077 2147 1131 2174 ullo
1143 2146 1223 2173 modo
1240 2147 1357 2174 instituit
1369 2147 1402 2174 "’.
1419 2147 1447 2173 Et
1462 2147 1526 2181 quid
1541 2154 1583 2174 me
1596 2147 1720 2173 oratione
1732 2146 1792 2173 lon-s

1003 2194 1063 2228 gius
1079 2193 1188 2228 provehi
1208 2201 1322 2220 necesse
1336 2197 1393 2226 est,-
1420 2197 1450 2219 ut
1467 2193 1651 2220 demonstrem
1670 2193 1769 2221 similia
1782 2213 1791 2225 ,

164 2235 215 2270 τὴν
229 2235 343 2271 θεότητα
357 2236 516 2272 μεταϐολήν.
535 2238 566 2264 Εἰ
581 2237 612 2273 δὴ
628 2236 673 2264 οὖν
689 2238 733 2264 διὰ
749 2238 803 2265 τῶν
818 2239 952 2265 τοσούτων

1005 2239 1173 2274 ﬁnitimaque
1189 2240 1259 2266 inter
1274 2247 1314 2271 se,
1333 2239 1426 2267 Mosen
1442 2247 1474 2267 ac
1491 2238 1675 2272 Salvatorem,
1698 2237 1792 2265 Domi-

163 2281 253 2313 οὐδεὶς
269 2282 319 2317 μὲν
342 2282 430 2315 ἄλλος,
455 2284 533 2320 μόνος
547 2284 575 2309 δὲ
596 2285 610 2309 6
625 2284 718 2319 Σωτὴρ
736 2285 812 2319 ἡμῶν
831 2285 953 2320 παρέστη

163 2326 199 2353 τὰ
212 2328 391 2363 παραπλήσια
405 2329 515 2356 Μωῡσετ
535 2329 780 2365 διαπεπραγμένος,
797 2331 844 2357 θέα
861 2331 952 2357 λοιπὸν

164 2371 212 2398 ἐπὶ
231 2372 314 2406 μόνον
328 2372 420 2404 αὑτὸν,
436 2373 482 2399 καὶ
498 2373 551 2399 οὐδ’
566 2374 607 2407 ἐφ’
622 2373 712 2408 ἕτερον
734 2374 879 2409 ἀναφέρειν
899 2373 951 2409 χρὴ

164 2417 214 2450 τὴν
235 2416 313 2452 παρὰ
333 2418 443 2443 Mai-30's!
465 2419 642 2453 προφητείαν,
663 2419 696 2444 δι’
718 2416 752 2453 ἦς
771 2419 861 2453 ὅμοιον
878 2419 952 2454 αὑτῷ

165 2463 352 2498 παραστήσειν
369 2463 384 2489 ὁ
405 2463 470 2495 Θεὸς
493 2463 633 2490 ἐθέσπισεν
655 2463 752 2490 εἰπών’
776 2476 784 2489 ι
806 2465 951 2500 Προφήτην

163 2508 197 2534 ἐκ
210 2507 266 2534 τῶν
281 2508 404 2543 ἀδελφῶν
420 2509 508 2535 αὐτῶν
523 2510 667 2546 ἀναστήσω
683 2511 783 2542 αὐτοῖς,
799 2510 893 2545 ὥσπερ
910 2518 950 2542 σε,

163 2554 211 2580 καὶ
229 2553 308 2581 δώσω
325 2554 356 2581 τὺ
377 2555 453 2590 ῥῆμά
472 2564 522 2590 μου
541 2557 570 2581 ὲν
586 2556 624 2591 τῷ
644 2556 757 2592 στόματι
777 2556 859 2583 αὑτοῦ
872 2565 878 2571 ·
905 2556 951 2582 καὶ

162 2598 275 2635 λαλήσει
297 2600 398 2633 αὐτοῖς,
422 2601 492 2627 καθὰ
516 2601 548 2627 ἂν
570 2602 731 2637 ἐντείλωμαι
754 2602 837 2637 αὐτῷ.
861 2603 915 2628 Καὶ
939 2603 952 2628 ὁ

162 2645 307 2681 ἄνθρωπος
318 2645 348 2678 ὃς
359 2646 393 2673 ἂν
409 2646 446 2682 μὴ
461 2646 564 2683 ἀκούσῃ
576 2646 629 2673 τῶν
642 2647 726 2681 λόγων
743 2647 835 2678 αὑτοῦ,
854 2648 905 2674 ὅσα
920 2647 952 2674 ἂν

138 2707 142 2711 -
160 2690 266 2727 λαλήσῃ
282 2693 297 2718 ό
311 2692 454 2727 προφήτης
472 2692 517 2717 ἐπὶ
538 2691 577 2726 τῷ
593 2692 704 2726 ὀνόματί
720 2702 780 2728 μου,
805 2692 861 2727 ὲγὼ
877 2693 950 2719 ὲκδιλ

161 2737 239 2773 κήσω
261 2737 291 2769 ὲε
305 2737 398 2764 αὑτοῦ.
419 2747 428 2763 t
447 2738 532 2769 Αὐτός
546 2746 575 2763 τε
593 2739 720 2773 Μωῡσῆς,
741 2739 809 2774 πρὸς
826 2739 872 2765 τὸν
888 2738 950 2765 λαὸν

215 2784 237 2800 ¹¹
255 2783 341 2811 Exod.
354 2791 447 2817 xxxiv,
469 2784 565 2816 29,50.
625 2785 645 2800 ²¹
660 2785 753 2812 Matth.
780 2793 845 2818 xvu.
866 2787 923 2814 1-5.

163 2819 186 2854 ξ·
198 2817 287 2854 Exod.
305 2827 379 2854 xxxi.
404 2820 448 2847 l8.
504 2821 525 2837 ¹⁷
542 2819 625 2848 Exod.
651 2828 711 2854 vm,
740 2821 782 2848 l9.

161 2852 184 2869 ⁹¹
198 2852 275 2882 Deut.
294 2863 314 2884 I,
328 2851 374 2883 εἴη
432 2856 454 2871 ¹¹
469 2855 563 2882 Matth.
579 2863 607 2888 ι,
625 2856 682 2883 1-5.

161 2887 184 2905 ⁵
200 2888 267 2917 ibid.
288 2889 334 2918 δι.

979 2787 999 2802 ¹²
1014 2787 1093 2815 Nttm.
1116 2795 1165 2817 xtl.
1185 2788 1228 2816 10.

838 2822 859 2837 ’⁸⁸
876 2821 942 2848 Luc.
962 2830 1003 2853 ιι,
1026 2823 1070 2850 20.

740 2857 762 2872 "
781 2853 866 2884 Exod.
884 2865 929 2891 xx,
947 2857 1036 2885 15-16.

1003 2293 1123 2320 numque
1138 2289 1261 2313 nostrum
1287 2285 1399 2312 fecisse?
1422 2293 1484 2311 cum
1506 2286 1654 2319 unicuique
1677 2285 1789 2318 volenti,

1004 2331 1032 2357 in
1049 2331 1104 2357 otio
1119 2330 1183 2357 talia
1200 2330 1329 2365 colligere
1353 2330 1510 2357 facillimum
1531 2331 1581 2357 sit?
1605 2330 1710 2357 Etenim
1726 2337 1790 2357 cum

1004 2376 1087 2404 Mosis
1112 2380 1224 2403 mortem
1241 2376 1350 2403 novisse
1367 2377 1501 2404 neminetn
1521 2376 1614 2403 dicant
1627 2396 1633 2407 ,
1653 2384 1684 2402 ac
1700 2383 1734 2403 ne
1745 2384 1791 2404 se-

1003 2422 1126 2456 pulcrum
1144 2420 1253 2455 quidem
1268 2420 1328 2454 eius
1339 2439 1347 2453 ,
1366 2428 1454 2455 neque
1471 2420 1562 2447 itidem
1581 2420 1728 2447 Salvatoris
1741 2428 1790 2447 no-

1002 2467 1052 2494 stri
1065 2470 1126 2501 post
1147 2466 1262 2493 reditum
1287 2473 1366 2493 suum
1391 2466 1418 2493 in
1438 2466 1539 2498 vitam,
1568 2466 1745 2492 mutationem
1762 2465 1790 2493 in

1003 2512 1121 2547 speciem
1137 2511 1255 2538 divinant
1270 2512 1415 2546 quisquam
1430 2511 1500 2538 scire
1514 2511 1610 2546 potuit.
1628 2511 1654 2537 Si
1670 2511 1752 2546 igitur
1763 2512 1790 2538 in

1003 2563 1058 2585 tam
1080 2558 1173 2585 multis
1193 2558 1275 2585 rebus
1294 2558 1364 2585 alius
1379 2566 1475 2590 nemo,
1501 2557 1547 2585 sed
1572 2557 1646 2585 solus
1665 2556 1790 2585 Salvator

1003 2606 1106 2635 noster,
1122 2603 1168 2637 qui
1183 2611 1243 2630 eum
1267 2602 1341 2630 Mose
1363 2603 1567 2630 similitudinem
1586 2602 1720 2629 factorum
1738 2603 1789 2630 ha-

1003 2649 1103 2680 buerit,
1129 2649 1245 2683 proferri
1263 2653 1362 2683 potest,
1381 2652 1507 2683 superest
1526 2649 1582 2682 jam
1605 2652 1634 2675 ut
1662 2649 1689 2675 in
1713 2649 1788 2676 illum

1005 2702 1090 2721 unum
1107 2699 1271 2729 spectemus.
1284 2695 1376 2730 Neque
1396 2702 1461 2722 vero
1477 2695 1511 2722 ad
1536 2695 1616 2721 alium
1636 2695 1788 2730 quempiam

1005 2739 1154 2767 referamus
1181 2741 1366 2776 prophetiam.
1384 2748 1444 2775 qua:
1474 2739 1546 2774 apud
1572 2739 1664 2767 Mosen
1682 2744 1787 2771 exstat.

1287 2789 1309 2804 “
1324 2788 1390 2815 lhid.
1406 2789 1448 2816 (ὅ.
1508 2788 1528 2803 ”
1540 2787 1703 2819 Mattlt.vttt,
1723 2787 1789 2815 2.5.

1130 2823 1243 2850 "Num.
1272 2831 1312 2853 XI.
1334 2823 1375 2855 l6,
1403 2821 1446 2852 l7.
1469 2823 1513 2850 ει.
1572 2823 1594 2838 ¹⁰
1612 2822 1677 2849 Luc.
1706 2830 1733 2853 x,
1764 2823 1774 2848 l

1089 2858 1111 2874 “
1128 2857 1221 2886 Matth.
1243 2867 1268 2893 ν,
1291 2858 1334 2885 22.
1393 2858 1494 2885 "ibid.
1520 2857 1565 2886 28.
1619 2858 1641 2874 ⁸⁸⁸
1659 2857 1726 2884 Ibid.
1743 2857 1784 2885 Ili.
