2071 3219
313 158 365 188 175

640 159 775 188 EUSEBII
792 159 1034 188 CESABIENSIS
1050 159 1125 188 OPP.
1146 159 1237 188 PARS
1256 161 1288 189 ll.
1305 177 1339 182 —
1355 161 1605 190 APOLOGETICA.

1881 168 1928 195 I76

310 221 337 248 in
361 228 414 255 qua
433 220 470 247 illi
485 219 600 248 similem
616 220 813 248 suseitaturum
839 228 868 247 se
885 219 956 247 Deus
981 226 1076 254 respon

1127 219 1194 255 ,τὴν
1209 219 1256 247 τοῦ
1272 220 1340 246 Θεοῦ
1361 220 1545 256 διερμηνεύων
1569 222 1671 258 φωνὴν,
1690 224 1807 260 ἔφησεν·
1829 236 1838 251 ι
1859 227 1927 262 Προ-

307 266 363 297 det,
380 265 494 293 dicens:
515 275 524 291 ι
543 265 706 301 Prophetam
717 273 750 293 ex
759 265 889 292 fratribus
900 272 995 292 eorum
1009 265 1094 292 susci-

306 314 371 341 tabo
383 313 436 344 eis,
453 316 584 347 tanquam
599 316 634 342 te,
647 316 673 340 et
687 312 758 339 dabo
777 311 890 339 verbum
907 319 997 338 meum
1017 311 1045 338 in
1061 319 1093 339 os

306 360 390 391 illius,
412 363 439 386 et
465 359 594 393 loquetur
609 358 649 386 eis
677 357 908 393 quemadmodum
929 357 1092 384 mandavero

306 405 365 438 illi;
398 409 426 432 et
457 404 546 431 omnis
573 403 655 431 homo
683 403 840 438 quicunque
879 410 934 430 non
973 403 1090 430 audierit

305 451 386 478 verba
419 451 512 482 illius,
540 457 708 485 quascunque
734 450 860 484 loquetur
899 449 1031 484 propheta
1063 449 1090 476 in

304 496 415 523 nomine
449 504 509 522 meo
524 516 530 526 ,
554 503 604 530 ego
626 495 742 521 ulciscar
765 502 797 521 ex
818 502 851 521 eo
876 494 917 520 ηε
940 504 949 519 ›
980 494 1092 528 ipseque

303 540 394 568 Moses
417 541 463 568 Dei
484 549 577 568 vocem
599 540 632 568 ad
651 540 779 575 populum
802 540 1003 574 interpretans,
1028 540 1065 565 ait
1082 548 1088 566 :

306 596 315 612 ι
333 586 494 620 Prophelatn
518 593 550 613 ex
574 585 705 612 fratribus
722 586 819 612 vestris
834 584 979 612 suscitabit
996 583 1089 611 Domi-

300 640 354 660 nus
368 631 439 660 Deus
461 636 560 662 vester.
591 631 665 658 illum
683 630 800 657 audietis
826 631 852 657 in
867 630 995 657 omnibus
1016 637 1090 664 qua:-

302 686 408 713 cunque
428 677 570 713 postulasti
595 684 609 703 a
632 676 746 703 Domino
759 675 814 702 Deo
831 680 878 702 tuo
895 675 921 702 in
938 675 1045 702 Choreb
1061 675 1088 702 in

300 725 344 752 die
365 724 506 752 concionis
520 723 552 750 ".
577 733 585 749 ι
608 722 684 756 Quod
706 726 796 750 autem
820 727 881 757 post
909 721 1003 749 Mosen
1026 727 1089 748 ante

300 769 469 797 Salvatorem
489 774 614 796 nostrum
638 768 730 795 nullus
746 767 940 803 prophetarum
961 766 1028 795 Mosi
1050 768 1089 795 si-

300 815 374 842 milis
390 815 555 846 surrexerit,
581 814 693 848 antiqua
716 812 858 848 Scriptura
877 813 1021 849 perspicue
1037 813 1087 841 do-

1144 264 1232 299 φήτην
1253 265 1285 291 ὲκ
1307 264 1361 291 τῶν
1385 266 1504 300 ἀδελφῶν
1524 267 1600 302 ὑμῶν
1624 269 1769 305 ἀναστήσει
1793 271 1895 308 Κύριος
1915 275 1928 301 6

1142 308 1208 341 Θεὸς
1221 310 1309 345 ἡμῶν.
1324 311 1410 338 Αὑτοῦ
1429 313 1576 340 ἀκούσεσθε
1591 315 1660 342 κατὰ
1674 316 1761 343 πάντα
1775 318 1824 344 ὅσα
1837 320 1929 355 ᾐτήσω

1142 355 1217 390 παρὰ
1231 356 1333 391 Κυρίου
1345 357 1392 383 τοῦ
1407 357 1474 384 Θεοῦ
1495 368 1542 385 σου
1561 361 1590 386 ὲν
1604 361 1705 396 Χωρὴῦ
1727 363 1758 397 τῇ
1776 363 1868 400 ἡμέρᾳ
1882 365 1928 400 τῆς

1142 401 1298 436 ἐκκλησίας.
1325 412 1334 428 ι
1354 403 1412 429 Ὂτι
1436 404 1464 430 δὲ
1503 405 1556 432 τῶν
1583 406 1652 441 μετὰ
1681 407 1800 435 Μωῡσέα
1825 419 1927 447 προφή-

1140 447 1195 473 τῶν
1217 448 1303 480 οὐδεὶς
1329 449 1383 484 πρὸ
1405 450 1454 476 τοῦ
1483 451 1609 487 Σωτῆρος
1634 453 1713 488 ήμῶν
1740 455 1832 489 ὅμοιος
1866 458 1927 492 ἐγή-

1140 501 1236 528 γερται
1258 494 1379 527 Μωῦσεῖ,
1404 496 1497 531 σαφῶς
1516 498 1532 532 ή
1557 498 1659 526 παλαιὰ
1683 500 1777 536 Γραφὴ
1798 501 1925 536 διδάσκει,

1140 537 1255 572 λέγουσα
1266 548 1272 554 ·
1291 549 1299 565 ι
1318 541 1372 567 Καὶ
1387 541 1437 568 οὐκ
1448 542 1546 578 ἀνέστη
1561 543 1601 570 ἔτι
1613 546 1756 581 προφήτης
1772 548 1801 573 ὲν
1809 548 1924 583 Ἰσραὴλ,

1139 583 1177 614 ὡς
1191 584 1321 619 Μωῡσῆς,
1343 586 1371 612 ὃν
1392 586 1461 621 ἔγνω
1475 587 1577 623 Κύριος
1599 591 1744 625 πρόσωπον
1761 594 1831 619 κατὰ
1844 594 1925 629 πρόσ-

1142 637 1215 656 ωπον
1231 631 1259 656 ὲν
1289 632 1355 657 πᾶσι
1369 633 1424 663 τοῖς
1440 633 1563 668 σημείοις
1580 635 1626 661 καὶ
1641 636 1746 672 τέρασι.
1765 648 1773 663 ι
1788 639 1924 666 Δέδεικται

1138 675 1227 701 τοίνυν
1240 675 1270 702 τὸ
1284 676 1374 703 ἔνθεον
1385 678 1492 713 πνεῦμα
1504 679 1547 706 διὰ
1560 681 1697 713 Μωῡσέως
1708 683 1771 718 περὶ
1782 683 1828 709 τοῦ

1139 728 1184 756 ρος
1195 720 1272 756 ἡμῶν
1283 721 1412 749 θεσπίσαν
1425 732 1432 738 ·
1449 725 1472 750 εί
1484 725 1515 758 δὴ
1529 725 1609 760 μόνος
1620 726 1711 758 αὐτὸς,
1725 728 1771 753 καὶ
1783 728 1836 754 οὐδ’
1847 728 1924 761 ἄλλος

1137 766 1228 801 ὅμοιος
1238 767 1277 802 τῷ
1290 768 1400 794 Μωῡσεῖ
1410 769 1530 803 γεγονὼς
1544 772 1602 802 ταῖς
1615 771 1696 798 αὑτοῦ
1711 773 1850 805 Μωῦσέως
1866 783 1922 808 φω-

1138 813 1197 843 ναῖς
1208 813 1360 845 ἀκολούθως
1374 815 1498 850 συνέστη.
1512 816 1612 851 Σκέῲαι
1626 817 1653 843 δὲ
1667 817 1712 844 καὶ
1727 818 1809 854 ἄλλην
1819 828 1923 856 προφη-

298 865 352 893 cct,
368 861 413 888 ubi
430 861 487 887 ait:
509 870 518 886 ‹
536 860 568 886 Ει
592 868 646 887 non
663 859 780 887 surrexit
807 859 877 886 ultra
905 859 1035 895 propheta
1058 859 1076 886 it

1137 857 1211 884 τείαν
1227 858 1408 894 ἀνάγραπτον.
1430 861 1537 896 Ἐπειδὴ
1549 861 1602 898 γὰρ
1618 863 1662 888 τὸν
1681 863 1793 899 Σωτῆρα
1809 866 1855 891 καὶ
1869 865 1925 892 Κύο

298 907 382 934 Israel
397 907 468 934 sicut
484 906 590 937 Moses,
615 914 694 940 quem
710 906 815 933 noverit
829 906 959 933 Dominus
972 905 1039 933 facie
1051 913 1076 933 at

1284 890 1303 894 ..
1531 890 1537 896 .
1555 890 1560 895 .
1587 890 1592 898 .
1752 890 1765 899 ..
1850 890 1854 891 ν
1869 890 1906 892 -—~

1139 911 1195 938 ριον
1204 904 1291 939 ἡμῶν,
1304 905 1446 940 ἄνθρωπον
1456 906 1525 933 κατὰ
1541 907 1629 943 σάρκα
1643 909 1784 944 γενόμενον
1796 911 1827 936 ἐκ
1841 911 1923 946 σπέρ-

298 953 411 984 faciem,
437 953 463 980 in
490 953 616 980 omnibus
641 952 726 987 signis
751 955 832 986 atque
860 952 993 986 portentis
1018 952 1050 978 ³⁸.
1073 962 1081 977 ι

296 998 410 1026 Constat
441 998 523 1034 igitur
549 998 669 1024 divinum
698 997 823 1032 spiritum
855 1005 903 1032 per
934 997 1025 1024 Mosen
1050 997 1084 1024 de

298 1043 439 1071 Salvatore
453 1049 548 1071 nostro
558 1043 692 1070 cecinisse
704 1051 710 1069 :
730 1041 864 1077 siquidem
877 1050 962 1069 unum
975 1042 1063 1077 ipsum
1075 1061 1081 1073 ,

294 1098 345 1117 nec
362 1090 443 1116 alium
458 1089 612 1124 quempiam
631 1088 698 1116 Mosi
718 1088 833 1115 similem
854 1088 1003 1120 exstitisse,
1019 1096 1084 1123 qua-

294 1136 347 1164 lem
364 1136 450 1170 ipsius
465 1135 548 1162 Mosis
568 1134 650 1161 verba
665 1134 834 1165 describunt,
848 1134 905 1168 jam
920 1134 1082 1168 comproba-

294 1186 351 1209 tum
374 1185 425 1208 est.
443 1181 576 1208 Cteterum
591 1200 598 1212 ,
617 1184 710 1214 specta
726 1180 807 1206 aliam
833 1187 944 1215 quoque
964 1181 1081 1214 prophe-

294 1228 359 1254 tiam
383 1226 437 1261 95
462 1227 577 1261 publica:
601 1226 743 1261 scripturae
769 1225 996 1252 commendatam.
1012 1225 1079 1252 Nam

293 1281 354 1300 curn
380 1273 547 1300 Salvatorem
571 1276 598 1299 et
619 1272 762 1299 Dominum
785 1275 921 1303 nostrum,
941 1271 1079 1298 hominem

292 1320 397 1346 ratione
414 1319 591 1346 humanitatis
605 1318 639 1346 de
655 1318 759 1345 semine
777 1318 862 1345 Israel
883 1321 984 1349 ortum,
999 1318 1079 1344 innu-

292 1365 438 1392 merabiles
453 1369 602 1392 conventus
618 1365 643 1391 in
658 1365 785 1391 omnibus
797 1364 923 1399 gentibus
935 1363 1077 1390 Dominum

291 1410 436 1445 appellent,
460 1413 570 1444 propter
595 1409 714 1436 divinam
740 1410 800 1443 ejus
822 1410 951 1436 virtutem
970 1409 1039 1436 hanc
1052 1409 1076 1437 ei

291 1456 497 1490 appellationem
515 1456 666 1482 tribuentes
684 1464 690 1482 :
709 1454 816 1490 Moyses
825 1463 944 1490 quoque,
959 1455 1076 1490 qui,hoc

290 1501 384 1527 divino
407 1496 510 1536 Spiritu
535 1501 653 1531 afﬂatus,
670 1506 847 1536 cognoverat,
867 1501 1018 1528 enuntiavit
1046 1501 1072 1528 in

289 1546 363 1574 hunc
378 1548 487 1574 modum
505 1556 511 1574 :
533 1557 542 1572 ι
563 1547 652 1574 Exibit
680 1547 760 1574 homo
773 1547 805 1574 de
822 1547 926 1574 semine
947 1547 1008 1582 ejus
1024 1547 1075 1583 (di-
1087 1563 1108 1592 ρ

288 1593 325 1619 cit
351 1597 441 1620 autem
470 1593 504 1620 de
532 1592 624 1627 Israel)
645 1597 672 1620 et
692 1592 879 1619 dominabitur
898 1593 1035 1628 gentibus,
1048 1597 1074 1620 et

286 1639 434 1666 extolletur
449 1647 561 1673 regnum
577 1639 679 1674 ejus“.
699 1649 708 1665 ι
722 1638 799 1672 Quod
811 1639 834 1666 si
849 1639 940 1666 nullus
954 1646 1074 1674 unquam

285 1686 357 1713 alius
377 1694 409 1714 e1
432 1686 465 1713 iis
485 1686 654 1720 principibus
668 1690 695 1713 et
712 1686 830 1720 regibus,
845 1685 891 1720 qui
909 1685 935 1711 in
955 1685 1074 1713 circum-

285 1733 389 1760 cisione
414 1733 598 1767 regnaverint.
615 1733 762 1759 multarum
789 1732 909 1766 gentium
942 1730 1072 1759 Dominus

283 1781 450 1808 constitutus
474 1783 515 1807 est
544 1779 629 1814 (nulla
659 1779 732 1806 enim
759 1778 873 1806 historia
899 1778 951 1806 hoc
965 1779 1071 1813 habet),

284 1827 383 1853 clamat
407 1829 497 1852 autem
521 1830 547 1852 et
570 1824 736 1852 vociferatur
750 1824 853 1851 veritas
868 1824 902 1851 de
913 1832 967 1851 uno
979 1823 1073 1852 Salva-

283 1877 343 1899 tore
360 1876 454 1899 nostro
471 1881 478 1898 :
494 1871 570 1898 illum
587 1872 680 1906 utique
692 1871 748 1906 jam
762 1869 919 1901 Dominum,
936 1878 1025 1906 neque
1044 1871 1071 1898 id

283 1917 363 1944 labiis
376 1921 492 1948 tantum,
510 1916 558 1943 sed
576 1916 719 1943 atl’ectione
733 1916 932 1947 sincerissima,
946 1916 1072 1944 innume-

283 1962 382 1990 rabiles
407 1963 528 1989 omnium
559 1962 700 1989 nationum
727 1965 878 1989 conventus
907 1963 1031 1990 contiteri
1062 1971 1068 1989 :

282 2009 347 2043 quid
371 2008 444 2035 ultra
462 2008 519 2042 jam
547 2008 661 2043 impedit
677 2015 710 2035 ne
727 2008 803 2034 illum
818 2015 879 2035 esse
895 2007 1070 2039 dicamus,de

281 2062 335 2088 quo
360 2053 509 2088 prophetiae
537 2053 663 2080 exstant?
687 2052 764 2086 Quod
779 2057 869 2080 autem
884 2053 990 2089 Moyses
1012 2055 1070 2081 haec

280 2106 335 2126 non
352 2098 492 2125 indeﬁnite
504 2098 643 2133 praedicat,
656 2105 742 2133 neque
756 2098 889 2125 immenso
908 2098 1026 2133 quodam
1042 2102 1069 2126 et

280 2144 448 2172 inconstanti
462 2148 583 2179 tempore
593 2144 751 2171 vaticinium
767 2144 975 2176 adumbret,sed
991 2146 1068 2172 valde

279 2191 455 2226 providenter
468 2196 594 2218 eventum
607 2198 697 2217 rerum
713 2197 782 2225 quas
799 2190 966 2224 praedixerit,
981 2190 1069 2218 deter-

1137 957 1222 983 ματος
1245 950 1362 986 Ἰσραὴλ,
1381 952 1465 987 μυρία
1482 953 1570 988 πλήθη
1587 954 1615 980 ὲν
1629 955 1694 980 πᾶσι
1706 957 1761 986 τοῖς
1778 955 1864 982 ἔθνεσι
1877 965 1924 982 κυ-

1137 995 1262 1030 ριολογεί,
1284 996 1334 1031 τῆς
1349 997 1439 1023 ἐνθέου
1454 998 1595 1033 δυνάμεως
1621 1000 1702 1026 αὑτοῦ
1722 1001 1800 1036 χάριν
1822 1002 1923 1038 Κύριον

1133 1040 1322 1075 ὁμολογοῦντα,
1341 1043 1387 1069 καὶ
1404 1044 1483 1070 τοῦτο
1503 1043 1582 1071 πάλιν
1602 1045 1721 1080 Μωῦσῆς
1747 1047 1861 1074 συνιδὼν
1883 1049 1921 1084 τῷ

1134 1086 1197 1122 θείῳ
1213 1088 1360 1123 Πνεύματι,
1373 1088 1417 1115 διὰ
1430 1089 1479 1124 τῆς
1495 1090 1577 1117 αὐτοῦ
1589 1092 1695 1127 γραφῆς
1710 1092 1801 1119 τοῦτον
1817 1095 1922 1129 ἀνεφώ-

1131 1142 1197 1169 νησε
1219 1134 1264 1161 τὸν
1291 1134 1405 1170 τρόπον·
1437 1145 1446 1160 ‹
1463 1135 1646 1169 Ἐξελεύσεται
1670 1137 1811 1174 ἄνθρωπος
1829 1140 1861 1167 ἐκ
1875 1141 1920 1168 τοῦ

1133 1179 1288 1215 σπέρματος
1302 1180 1384 1207 αὑτοῦ
1399 1180 1488 1216 (λέγει
1499 1182 1527 1207 δὲ
1541 1182 1588 1208 τοῦ
1603 1183 1711 1218 Ἰσραήλ
1724 1184 1800 1218 ),καὶ
1815 1186 1920 1220 κυριεύο

1131 1234 1172 1251 σει
1182 1225 1275 1257 ἐθνῶν,
1293 1226 1340 1252 καὶ
1356 1226 1528 1262 ὑψωθήσεται
1543 1228 1558 1262 ἡ
1571 1227 1694 1262 βασιλεία
1710 1229 1802 1256 αὐτοῦ.
1820 1241 1830 1257 ›
1847 1231 1918 1269 Είδὴ

1132 1270 1224 1306 μηδεὶς
1239 1271 1316 1303 ἄλλος
1331 1271 1440 1298 πώποτε
1457 1272 1510 1298 τῶν
1524 1273 1556 1299 ὲκ
1567 1274 1716 1309 περιτομῆς
1725 1275 1861 1310 ἀρχόντων
1873 1277 1919 1304 καὶ

1131 1316 1262 1351 βασιλέων
1290 1318 1384 1353 κύριος
1408 1318 1492 1345 ὲθνῶν
1515 1319 1618 1345 πολλῶν
1645 1320 1777 1356 κατέστη·
1797 1321 1918 1358 (οὐδεμία

1129 1363 1182 1398 γὰρ
1200 1364 1305 1400 ἱστορία
1316 1363 1390 1400 δηλοῖ
1399 1363 1477 1390 τοῦτο
1486 1364 1505 1398 ’)
1519 1364 1566 1400 βοᾷ
1578 1365 1606 1391 δὲ
1618 1365 1664 1391 καὶ
1677 1366 1813 1401 κέκραγεν
1827 1368 1842 1402 ἡ
1857 1367 1918 1403 ἀλή-

1128 1409 1187 1435 θεια
1207 1410 1252 1435 ἐπὶ
1274 1409 1354 1444 μόνου
1371 1410 1418 1436 τοῦ
1434 1411 1559 1445 Σωτῆρος
1577 1411 1671 1446 ἡμῶν·
1690 1412 1730 1438 ὃτι
1746 1406 1788 1448 ’δὴ
1816 1413 1917 1448 Κύριον

1127 1454 1217 1485 αὑτὸν,
1236 1455 1282 1480 καὶ
1297 1455 1346 1481 οὐκ
1364 1455 1427 1481 αὐτὸ
1446 1456 1524 1490 μόνον
1543 1457 1598 1487 τοῖς
1620 1457 1729 1491 χείλεσι,
1749 1458 1867 1484 διαθέσει
1888 1459 1916 1486 δὶ

1126 1501 1307 1537 γνησιωτάτῃ,
1338 1502 1421 1536 μυρία
1444 1501 1533 1537 πλήθη
1560 1502 1589 1535 ἐξ
1614 1503 1739 1529 ἁπάντων
1760 1503 1814 1530 τῶν
1832 1504 1916 1532 ἐθνῶν

1125 1546 1258 1581 ὁμολογεῖ,
1285 1547 1310 1573 τί
1331 1547 1429 1582 δήποτε
1457 1548 1581 1583 ἐμποδὼν
1609 1549 1645 1584 μὴ
1671 1549 1731 1584 οὐχ).
1749 1550 1830 1576 αὑτὸν
1846 1548 1916 1578 εἶναι

1127 1592 1241 1627 φάσκειν
1255 1593 1301 1619 τὸν
1316 1593 1566 1629 προφητευόμενονς
1584 1594 1643 1621 Ὅτι
1653 1595 1681 1620 δὲ
1694 1596 1813 1631 Μωῡσῆς
1825 1596 1912 1623 ταῦτα

1125 1638 1175 1664 οὐκ
1188 1638 1386 1674 ἀπεριορίστως
1400 1640 1537 1675 προλέγει,
1552 1640 1605 1666 οὐδ’
1618 1641 1657 1672 είς
1669 1640 1780 1677 ἄπειρον
1792 1642 1838 1668 καὶ
1851 1643 1914 1669 ἀπε-

1125 1683 1252 1719 ρίμετρον
1268 1685 1362 1720 χρόνον
1374 1685 1542 1717 ἐπισκιάζων
1557 1681 1605 1721 τὴν
1621 1687 1782 1722 πρόρρησιν,
1792 1688 1822 1714 οὗ
1841 1689 1913 1724 μάλα

1123 1729 1151 1754 δὲ
1162 1729 1283 1765 ἀκριϐῶς
1296 1730 1345 1766 τὴν
1357 1731 1412 1757 τῶν
1429 1731 1672 1767 προφητευομένων
1684 1733 1795 1760 ἔκϐασιν
1806 1734 1913 1769 χρόνοις

1122 1775 1283 1811 ὡρισμένοις
1299 1778 1486 1813 περιγράφων,
1503 1779 1584 1805 ἄκουε
1602 1777 1645 1806 οἶα
1667 1781 1713 1806 καὶ
1733 1781 1796 1815 περὶ
1815 1781 1911 1807 τούτου

1123 1821 1259 1854 θεσπίζει·
1289 1833 1298 1848 ι
1321 1824 1378 1850 Οὐκ
1407 1825 1525 1860 ἐκλείψει
1555 1826 1646 1861 ἅρχων
1677 1826 1706 1858 ἐξ
1739 1827 1831 1858 Ἰούδα,
1864 1828 1911 1854 καὶ

1121 1867 1271 1903 ἡγούμενος
1282 1870 1313 1895 ὲκ
1327 1869 1381 1895 τῶν
1399 1869 1493 1905 μηρῶν
1512 1870 1603 1903 αὐτοῦ,
1621 1871 1673 1903 ἕως
1682 1871 1714 1898 ἂν
1725 1871 1787 1907 ἔλθῃ
1840 1873 1910 1899 ἁπό-

1121 1922 1223 1940 κειται·
1241 1915 1288 1941 καὶ
1297 1915 1378 1946 αὐτὸς
1390 1916 1535 1950 προσδοκία
1545 1915 1638 1942 ἐθνῶν.
1655 1926 1664 1942 ι
1677 1918 1714 1943 Δι’
1726 1914 1762 1944 ὧν
1772 1917 1801 1943 οὺ
1814 1918 1911 1944 διαλεί-

1120 1959 1182 1993 ψειν
1202 1959 1266 1995 ἑξῆς
1282 1961 1330 1987 καὶ
1344 1961 1415 1987 κατὰ
1431 1961 1553 1997 διαδοχὴν
1567 1962 1734 1997 ἡγουμένους
1750 1963 1796 1989 καὶ
1811 1963 1911 1998 ἄρχον-

1119 2015 1168 2038 τας
1187 2006 1241 2032 τῶν
1262 2006 1396 2032 Ἰουδαίων
1412 2005 1515 2038 ἔθνους,
1534 2007 1613 2042 μέχρι
1625 2007 1675 2042 τῆς
1689 2007 1736 2034 τοῦ
1753 2008 1909 2043 προσδοκω-

1121 2052 1201 2087 μένου
1222 2052 1372 2087 παρουσίας
1391 2053 1579 2086 ἀποφαίνεται.
1601 2052 1781 2080 Διαλιπόντων
1801 2054 1830 2080 δὲ
1852 2054 1908 2081 τῶν

1119 2099 1183 2134 παρ’
1196 2098 1286 2129 αὐτοῖς
1304 2098 1450 2133 ἀρχόντων,
1463 2098 1628 2133 παρέσεσθαι
1642 2099 1686 2125 τὸν
1701 2100 1908 2134 προφητευόμεο

1119 2153 1172 2171 νον.
1196 2144 1295 2170 Ἰούδαν
1309 2143 1337 2170 δὲ
1353 2144 1399 2170 νῦν
1414 2144 1444 2170 οὺ
1460 2144 1509 2179 τὴν
1523 2143 1607 2179 φυλὴν
1623 2145 1759 2179 ὀνομάζει,
1773 2144 1829 2171 ἀλλ’
1845 2145 1906 2172 ἐπεὶ

1118 2191 1187 2217 κατά
1203 2199 1262 2216 τινα
1278 2190 1471 2225 προσωνυμίαν
1486 2190 1514 2215 ἐν
1529 2191 1584 2221 τοῖς
1605 2189 1673 2225 μετά
1692 2189 1776 2216 ταῦτα
1799 2191 1906 2225 χρόνοις

278 2237 390 2264 minatis
412 2237 582 2272 temporibus
601 2236 822 2268 circumscribat,
844 2236 890 2262 illa
909 2236 1066 2270 planissime

1127 2237 1171 2262 ίιπὸ
1199 2235 1340 2271 βασιλικῆς
1363 2235 1449 2270 φυλῆς
1471 2236 1520 2270 τῆς
1542 2235 1625 2262 Ἰούδα
1649 2236 1679 2262 τὸ
1699 2237 1752 2262 πᾶν
1773 2236 1905 2264 Ἰουδαίων

278 2280 408 2312 indicant,
424 2288 485 2315 quae
500 2281 534 2307 de
549 2281 599 2308 hac
619 2288 729 2315 quoque
747 2288 776 2307 re
798 2281 873 2308 canit
891 2289 898 2307 :
919 2289 928 2305 ι
946 2280 1004 2307 Non
1019 2281 1067 2309 de»

277 2325 359 2359 ticiet,
377 2326 475 2361 inquit,
496 2327 622 2361 princeps
642 2327 676 2353 de
692 2325 773 2358 Juda,
797 2334 886 2361 neque
906 2325 958 2353 dux
977 2326 1010 2353 de
1027 2327 1067 2354 fe-

276 2372 399 2401 moribus
423 2373 493 2407 cjus,
510 2372 598 2400 donec
616 2372 706 2399 veniat
726 2372 770 2399 eui
796 2372 944 2407 repositum
960 2377 1003 2399 est
1017 2381 1023 2400 :
1039 2376 1065 2399 et

276 2418 335 2453 ipse
351 2419 520 2454 exspectatio
536 2419 656 2453 gentium
667 2418 718 2445 “'.
739 2427 748 2443 ι
770 2417 875 2450 Quibus
894 2417 984 2445 verbis
1010 2425 1064 2444 non

275 2463 418 2492 defuturos
434 2464 562 2499 deinceps
581 2464 709 2491 ductores
726 2471 757 2490 ac
777 2464 926 2498 principes,
947 2463 994 2498 qui
1011 2463 1062 2490 sibi

276 2509 346 2537 inter
360 2518 390 2537 se
404 2511 562 2537 continuata
586 2511 656 2538 serie
678 2509 828 2537 succedant
851 2510 885 2537 de
910 2515 989 2545 gente
1015 2508 1063 2536 Ju-

275 2555 364 2586 daica,
383 2563 469 2590 usque
485 2556 518 2583 ad
544 2556 614 2590 ejus,
631 2556 677 2591 qui
702 2559 887 2591 exspectatur,
902 2556 1059 2586 adventum,

274 2601 409 2629 enuntiat.
437 2602 515 2634 Quod
543 2603 564 2630 si
590 2602 727 2642 principes
743 2602 814 2636 apud
834 2602 942 2629 Judaeos
959 2601 1062 2629 defece-

274 2646 340 2678 rint,
355 2647 534 2675 adventurum
550 2657 623 2680 eum,
635 2649 682 2683 qui
692 2656 725 2676 ex
738 2649 859 2676 oraculis
873 2651 1059 2683 exspectatur.

273 2689 372 2718 Judam
393 2700 459 2719 vero
486 2693 530 2720 hic
554 2702 608 2721 non
630 2695 718 2729 ipsam
742 2694 843 2721 tribum
861 2693 996 2728 intelligit,
1013 2692 1060 2720 sed

275 2738 405 2771 quoniam
443 2737 666 2767 denominatione
701 2739 818 2774 quadam
861 2738 1060 2774 posterioribus

273 2783 443 2817 temporibus
467 2792 482 2811 a
508 2785 591 2820 regali
615 2786 688 2813 trith
702 2785 781 2816 Juda,
798 2785 888 2812 omnis
901 2784 1057 2812 Jndzeorum

272 2829 346 2856 natio
360 2828 432 2856 dicta
449 2835 501 2863 est,
520 2831 555 2858 ita
570 2832 679 2867 quidem
704 2836 732 2859 ut
754 2831 834 2858 hodie
847 2838 956 2866 quoque
969 2829 1056 2857 Judzci

307 2885 329 2900 ”
354 2885 430 2912 Deut.
460 2894 539 2920 xvttl,
558 2887 652 2918 18,19.
691 2887 712 2902 "
728 2886 794 2914 ibid.
813 2885 905 2916 i5,16.
945 2885 967 2901 "
985 2884 1064 2913 Deut.
1080 2892 1171 2917 xxxiv,
1191 2883 1280 2914 10,31.

1119 2280 1193 2312 ἔθνος
1216 2281 1407 2317 ἐχρημάτιζεν,
1434 2281 1472 2312 ὡς
1490 2280 1535 2306 καὶ
1555 2281 1594 2312 είς
1619 2281 1737 2316 σήμερον
1767 2281 1905 2312 Ἰουδαίοις

1118 2325 1312 2361 ὀνομάζεσθαι·
1330 2326 1432 2361 σφόδρα
1442 2325 1605 2360 θαυμαστῶς
1621 2326 1667 2352 καὶ
1682 2326 1854 2361 προφητικῷ
1872 2326 1904 2352 τὸ

1118 2373 1172 2399 πᾶν
1187 2372 1261 2404 ἔθνος
1287 2372 1419 2399 Ἰουδαίων
1437 2370 1585 2406 ὠνόμασεν,
1604 2370 1745 2406 ώσπεροῦν
1762 2372 1809 2397 καὶ
1823 2372 1903 2406 ἡμεῖς

1124 2419 1265 2449 Ἰουδαίους
1287 2416 1535 2453 προσαγορεύομεν.
1555 2413 1622 2442 Εἶτά
1636 2424 1701 2451 φησι
1718 2415 1754 2451 μὴ
1772 2416 1903 2451 πρότερον

1116 2461 1250 2496 ἐκλείψειν
1261 2462 1293 2487 ἐκ
1307 2460 1352 2487 τοῦ
1370 2460 1462 2491 ἔθνους
1480 2459 1568 2486 αὐτῶν
1581 2460 1712 2495 ἄρχοντας
1723 2461 1769 2486 καὶ
1784 2461 1903 2495 ἡγουμέ-

1115 2516 1187 2539 νους,
1221 2507 1237 2542 ἢ
1267 2508 1392 2542 παρεῖναι
1419 2506 1464 2532 τὸν
1486 2506 1734 2542 προφητευόμενον·
1756 2506 1850 2532 τούτου
1872 2506 1902 2532 δὲ

1115 2553 1284 2584 ἐπιστάντος,
1311 2551 1544 2586 καταλυθήσεσθαι
1567 2552 1615 2587 μὲν
1640 2552 1738 2579 αὐτίκα
1761 2552 1811 2587 τὴν
1833 2552 1901 2578 Ἰου-

1114 2599 1197 2625 δαίων
1213 2597 1309 2633 ἁρχὴν,
1331 2595 1411 2623 αὑτὸν
1434 2596 1462 2622 δὲ
1477 2596 1526 2622 οὐκ
1543 2596 1582 2622 ἔτι
1609 2596 1750 2628 Ἰουδαίων,
1772 2595 1855 2621 ἐθνῶν
1871 2595 1900 2622 δὲ

1114 2642 1223 2669 ἔσεσθαι
1239 2641 1409 2677 προσδοκίαν.
1429 2640 1483 2667 Καὶ
1500 2640 1578 2667 τοῦτο
1594 2640 1622 2666 δὲ
1639 2641 1685 2666 ἐπὶ
1702 2641 1751 2675 μὲν
1764 2639 1818 2666 τῶν
1834 2648 1901 2676 προ-

1114 2689 1206 2725 φητῶν
1229 2688 1279 2714 οὐκ
1299 2686 1331 2713 ἂν
1347 2686 1437 2713 δύναιο
1458 2685 1633 2722 ἐφαρμόζειν,
1651 2686 1697 2713 ἐπὶ
1713 2686 1740 2712 δὲ
1756 2686 1834 2721 μόνον
1853 2686 1900 2712 τὸν

1113 2735 1226 2770 Σωτῆρα
1234 2734 1281 2761 καὶ
1293 2734 1392 2769 Κύριον
1403 2731 1489 2768 ἡμῶν.
1509 2731 1582 2767 Ἅμα
1596 2740 1625 2758 τε
1639 2731 1693 2767 γὰρ
1706 2732 1786 2763 αὐτὸς
1796 2732 1836 2763 είς
1851 2732 1900 2758 ἀν-

1113 2781 1238 2817 θρώπους
1261 2779 1363 2815 παρῆν,
1393 2779 1439 2805 καὶ
1456 2778 1486 2804 τὺ
1506 2777 1639 2804 Ἰουδαίων
1658 2777 1794 2813 καθῄρητο
1820 2777 1898 2813 βασί-

1109 2828 1196 2855 λειον·
1210 2825 1360 2853 ἐκλελοίπει
1373 2825 1400 2852 δὲ
1417 2824 1584 2860 παραχρῆμα
1605 2825 1619 2850 ὁ
1634 2824 1665 2850 ὲκ
1679 2824 1818 2859 προγόνων
1837 2824 1898 2852 διασ-

1325 2882 1346 2897 ³⁶
1360 2881 1424 2910 ibid.
1439 2880 1482 2908 l0.
1520 2880 1554 2896 ³¹¹
1570 2879 1636 2908 Gen.
1656 2887 1728 2912 ηις,
1745 2880 1788 2909 10.
