2071 3219
157 214 207 243 177

604 217 939 252 LDEMONSTRATIONIS
956 218 1183 248 ενΑΝαΕυαΕ
1199 218 1263 247 LIB.
1282 220 1328 248 lli.

1734 219 1786 247 178

156 275 238 310 δοχῆς
251 275 346 310 ἄρχων
360 276 459 309 αὐτῶν,
477 277 521 304 καὶ
533 277 548 304 6
563 277 632 304 κατὰ
645 278 746 313 νόμους
760 279 823 311 τοὺς
837 280 936 307 οἰκείου

989 307 990 310 η
1005 279 1190 312 nominentur,
1199 279 1277 307 valde
1288 279 1450 307 mirabiliter
1465 283 1492 306 ct
1508 278 1664 314 prophetice
1676 286 1784 307 omnem

157 319 320 356 ἡγούμενος,
333 322 487 355 Αὐγούστου
502 323 563 349 τότε
576 323 684 359 πρώτου
701 324 841 359 Ῥωμαίων
855 333 950 361 μοναρ-

158 367 303 402 χήσαντος,
328 368 448 403 Ἡρώδου
463 377 492 396 τε
507 369 536 402 ἐξ
547 369 703 404 ἀλλοφύλων
717 369 801 397 ἐθνῶν
817 370 948 405 βασιλέως

158 411 247 439 αὐτῶν
268 414 464 446 καταστάντος.
482 416 537 442 Καὶ
557 417 582 443 οἰ
598 416 646 451 μὲν
670 416 868 448 ὲκλελοίπεσαν,
889 418 903 443 6
919 417 947 444 δὲ

157 457 306 493 προσδοκία
319 459 372 485 τῶν
384 460 444 486 καθ’
459 461 523 497 ὅλης
533 462 584 497 τῆς
599 463 758 498 οἰκουμένης
774 462 867 496 ἐθνῶν,
879 463 948 490 κατὰ

157 503 207 538 τὴν
227 503 304 530 θείαν
328 506 480 541 πρόρρησιν
505 507 709 543 άναπέφανται’
733 508 771 540 ὼς
795 509 840 536 καὶ
863 509 947 536 εἰσέτι

156 548 205 576 νῦν
228 550 334 582 πάντας
359 552 422 584 τοὺς
445 552 474 586 ἐξ
493 553 620 580 ἁπάντων
637 554 691 581 τῶν
708 554 792 581 ὲθνῶν
809 555 848 586 εἰς
867 555 946 581 αὐτὸν

156 597 372 630 πεπιστευκότας
391 598 440 634 τῆς
453 599 524 626 κατὰ
540 599 606 626 Θεὸν
620 600 708 628 αὐτῶν
721 600 882 636 προσδοκίας
898 601 946 637 τὴν

156 642 253 670 ἐλπίδα
263 645 307 670 ἐπ’
318 644 393 680 αὑτῴ
406 645 538 672 τίθεσθαι.
551 647 605 674 Καὶ
617 647 737 682 Μωῠσῆς
753 648 801 682 μὲν
817 648 945 679 τοσαῦτα,

156 689 204 715 καὶ
231 689 266 716 τὰ
287 690 388 717 τούτων
405 691 486 727 ἔτερα
500 693 585 719 πλείω
603 693 666 729 περὶ
680 693 727 720 τοῦ
744 694 861 728 Χριστοῦ
878 694 946 730 πρὸς

157 735 261 766 πάντας
289 737 363 771 ἡμᾶς
385 737 606 772 εὐαγγελίζεται·
631 739 733 774 ἀδελφὰ
758 740 786 766 δε
802 741 875 776 αὐτῷ
899 742 945 767 καὶ

161 780 276 813 Ἡσαΐας
290 783 488 819 ἀφωρισμένως
504 786 568 822 περί
583 795 654 818 τινος
670 787 728 819 ἑνὸς
743 788 775 814 ὲκ
790 787 946 823 σπέρματος

155 829 204 854 καὶ
230 828 355 864 διαδοχῆς
380 830 463 857 Δαὸὶδ
493 831 540 858 τοῦ
565 832 696 867 βασιλέως
726 833 944 869 ἁναστησομένου

154 875 253 906 ταῦτα,
289 876 430 911 προλέγει·
451 887 460 903 ι
494 878 675 912 Ἐξελεύσεται
703 880 799 916 ῥάϐδος
830 881 862 907 ἐκ
894 880 944 915 τῆς

155 921 234 956 ῥίζης
271 923 380 954 Ἰεσσαὶ,
420 925 467 951 καὶ
497 925 576 958 ἄνθος
605 927 638 953 ὲκ
667 927 716 962 τῆς
747 927 825 963 ῥίζης
861 928 943 955 αὐτοῦ

153 967 329 1002 ἀναὸἠσεται,
362 970 408 1009 καὶ
437 971 622 998 ἀναπαύσεται
657 968 701 998 ἐπ’
729 973 809 999 αὑτὸν
837 973 944 1009 πνεῦμα

152 1011 200 1038 τοῦ
224 1012 309 1045 Θεοῦ,
343 1013 453 1049 πνεῦμα
489 1016 585 1050 σοφίας
614 1017 661 1043 καὶ
692 1017 840 1050 συνέσεως·
863 1027 872 1044 ι
897 1019 944 1045 καὶ

152 1055 187 1081 τὰ
223 1055 312 1084 λοιπά.
345 1056 403 1085 Εἷθ*
430 1059 535 1091 ὑποϐὰς
562 1061 626 1096 ἑξῆς
657 1063 818 1099 προφητικῷ
852 1064 945 1099 τρόπῳ

152 1102 202 1137 τὴν
233 1102 287 1129 τῶν
323 1103 479 1139 ἀλλοφύλων
514 1105 599 1133 ἐθνῶν
639 1106 783 1143 βαρϐάρων
826 1118 855 1136 τε
897 1110 944 1136 καὶ

156 1146 303 1184 Ἑλλήνων,
327 1150 382 1177 τῶν
404 1159 434 1177 τε
458 1151 636 1187 ἀγριωτάτων
656 1154 702 1180 καὶ
723 1153 944 1190 θηριωδεστάτων

150 1194 304 1230 ἀνθρώπων
319 1196 367 1232 τὴν
378 1197 423 1224 ἐπὶ
439 1197 469 1224 τὺ
478 1199 565 1234 πρᾶον
578 1199 623 1226 καὶ
639 1200 742 1236 ἥμερον
757 1201 801 1228 διὰ
812 1202 861 1237 τῆς
878 1203 943 1238 Χρι-

151 1239 216 1266 στοῦ
239 1241 414 1274 διδασκαλίας
432 1245 618 1281 γενησομένην
638 1246 787 1282 μεταϐολὴν
809 1247 940 1280 θεσπίζει.

150 1285 264 1320 Δέγειδ⁸
276 1285 340 1314 οὖν·
358 1298 368 1314 ε
383 1289 438 1315 Καὶ
449 1289 702 1326 συμϐοσκηθήσεται
717 1291 798 1324 λύκος
814 1293 881 1328 μετὰ
894 1294 942 1329 ἀρ-

149 1331 205 1364 νὸς,
216 1332 264 1374 καὶ
278 1333 410 1369 πάρδαλις
427 1336 661 1363 συναναπαύσεται
676 1338 771 1373 ἐρίφῳ,
784 1338 831 1364 καὶ
842 1339 942 1374 μοσχά-

150 1385 221 1413 ριον,
232 1378 279 1404 καὶ
292 1378 400 1414 ταῦρος,
415 1380 462 1406 καὶ
476 1381 542 1407 λέων
555 1381 612 1416 ἅμα
626 1381 847 1418 βοσκηθήσονται,
867 1393 876 1410 ι
895 1385 942 1411 καὶ

149 1427 183 1447 τα
198 1422 300 1454 τούτοις
313 1425 501 1460 παραπλήσια,
515 1425 534 1452 ἃ
550 1426 595 1453 καὶ
615 1427 690 1462 παρὰ
705 1428 788 1460 πόδας
803 1428 941 1463 διασαφῶν

149 1468 306 1503 ἑρμηνεύει,
322 1471 426 1505 φήσας·
445 1481 454 1496 ι
470 1472 524 1498 Καὶ
538 1472 614 1499 ἔσται
629 1473 644 1499 ὁ
656 1474 834 1509 ἀνιστάμενος
847 1474 940 1510 ἄρχειν

147 1514 246 1545 ἐθνῶν,
265 1517 308 1542 ἐπ’
327 1516 402 1552 αὐτῷ
423 1517 485 1553 ἔθνη
507 1517 656 1546 ἐλπιοῦσιν.
684 1530 692 1546 ι
714 1520 811 1555 Σαφῶς
830 1521 882 1557 γὰρ
905 1522 939 1549 τὰ

147 1560 235 1594 ἄλογα
253 1561 399 1597 θρέμματα
411 1564 459 1590 καὶ
472 1564 535 1595 τοὺς
549 1565 842 1602 προκαταλελειμένους
854 1567 940 1604 θῆρας

147 1606 209 1633 οὐδὲ
231 1607 326 1638 ἄλλους
348 1606 417 1634 εἶναι
433 1609 486 1635 τῶν
501 1609 594 1641 ἐθνῶν,
616 1611 662 1638 τοῦ
686 1611 835 1648 θηριώδους
859 1614 940 1642 ἔνεκα

145 1651 260 1687 τρόπου,
272 1652 432 1688 διεσάφησεν
444 1662 451 1669 ο
475 1651 512 1681 ὧν
526 1654 610 1681 ἐθνῶν
626 1655 718 1692 ἄρξειν
732 1658 797 1693 φησὶ
814 1658 860 1684 τὸν
881 1659 940 1686 ἀνι-

148 1697 283 1732 στάμενον
307 1699 339 1724 ὲκ
357 1700 512 1735 σπέρματος
535 1702 642 1728 Ἰεσσαί·
660 1703 706 1737 ἀφ’
723 1701 752 1730 οὗ
768 1703 799 1740 δὴ
814 1705 828 1731 6
845 1705 939 1741 Σωτὴρ

147 1744 194 1770 καὶ
213 1744 314 1780 Κύριος
330 1746 409 1780 ἡμῶν
423 1746 633 1781 γενεαλογεῖται,
653 1749 694 1782 ἐφ’
711 1749 740 1776 ὃν
753 1749 786 1776 τὰ
802 1751 842 1782 είς
857 1751 938 1777 αὑτὸν

147 1791 312 1818 πιστεύοντα
334 1792 397 1828 ἔθνη
425 1794 509 1820 εἰσέτι
535 1794 582 1820 νῦν
602 1794 706 1827 ἐλπίζει
730 1795 881 1831 συμφώνως
904 1799 937 1833 τῇ

146 1839 300 1873 προρρήσει
309 1848 316 1854 ·
337 1848 346 1863 ι
359 1839 413 1865 Καὶ
424 1839 499 1866 ἔσται
515 1841 528 1866 6
541 1840 718 1875 ἀνιστάμενος
735 1841 827 1876 ἄρχειν
841 1842 936 1875 ἐθνῶν⁹

145 1884 191 1909 ἐπ’
208 1884 283 1919 αὖτῷ
292 1884 355 1920 ἔθνη
374 1885 505 1912 ὲλπιοῦσι.
522 1895 531 1911 ›
545 1885 630 1912 Τοῦτο
640 1886 671 1921 δὴ
684 1887 804 1922 παράθες
815 1889 871 1920 τοῖς
887 1897 936 1915 πα-

147 1930 183 1964 ρὰ
195 1929 307 1956 Μωῡσεῖ
322 1931 480 1965 φερομένοις
495 1931 656 1958 διαστέλλων
679 1933 727 1959 καὶ
747 1933 777 1959 τὸ
792 1934 850 1969 μὲν,
865 1944 874 1959 ι
887 1935 935 1961 ’Έ⁸

145 1983 208 2002 cur
231 1977 246 2002 6
258 1976 435 2011 ἀνιστάμενος
452 1977 545 2012 ἄρχειν
569 1978 664 2010 ἐθνῶν,
682 1988 691 2004 ›
712 1979 867 2015 ἑφάρμοσον
884 1980 933 2015 τῷ,

147 2030 158 2047 ι
173 2021 344 2054 ἐξελεύσεται
355 2022 497 2057 ἄνθρωπος
510 2024 542 2049 ἐκ
554 2023 602 2049 τοῦ
617 2024 771 2060 σπέρματος
784 2025 876 2058 αὐτοῦ,
888 2027 936 2053 καὶ

144 2067 286 2102 κυριεύσει
302 2068 386 2094 ἐθνῶν
400 2067 518 2094 πολλῶν·
535 2079 544 2094 ι
561 2070 608 2096 καὶ
621 2070 660 2101 τὸ,
676 2079 685 2096 ι
707 2071 766 2098 Ἐπ’
782 2071 855 2107 αὐτῷ
871 2072 934 2109 ἔθνη

143 2113 285 2144 ἐλπιοῦσι,
306 2123 315 2139 ι
333 2113 384 2149 τῷ,
408 2124 417 2140 ι
442 2115 495 2141 Καὶ
512 2115 591 2147 αὐτὸς
614 2115 689 2143 ἔσται
717 2118 865 2153 προσδοκία
888 2118 934 2145 t0-

143 2159 208 2185 νῶν.
228 2169 237 2184 ›
253 2159 285 2185 Τί
298 2159 352 2195 γὰρ
363 2159 485 2195 διαφέρει
497 2161 621 2195 φάσκειν,
640 2162 699 2188 Ἐπ’
713 2163 786 2198 αὐτῷ
806 2163 869 2199 ἔθνη
889 2165 933 2191 ὲλ-

144 2205 263 2236 πιοῦσιν,
277 2205 394 2241 milii-.6;
407 2206 482 2232 ἔσται
504 2207 651 2242 προσδοκία
666 2207 749 2235 ἐθνῶν
762 2218 769 2241 ;
787 2209 868 2237 πάλιν
884 2211 905 2236 δ’
920 2212 934 2238 6

142 2251 224 2282 αὐτὸς
244 2250 357 2283 Ἡσαΐας
372 2251 474 2288 προῖὼν
491 2253 553 2288 περὶ
563 2253 609 2280 τοῦ
630 2254 747 2289 Χριστοῦ
766 2255 851 2282 ταῦτα
865 2264 926 2292 προ-

142 2296 255 2331 agn-.553:
266 2306 272 2311 ·
287 2306 297 2322 ι
316 2297 379 2324 Ἰδοὺ
395 2298 409 2324 ὁ
423 2300 487 2330 παῖς
503 2307 553 2334 μου
571 2299 601 2326 ὃν
617 2300 738 2336 ᾑρέτισα,
759 2302 773 2326 6
791 2302 933 2338 ἀγαπητός

143 2350 203 2377 μου,
215 2343 255 2374 εἰς
266 2342 296 2369 ὃν
309 2343 454 2378 εὐδόκησεν
466 2345 482 2378 ἡ
496 2343 567 2380 ψυχή
584 2353 645 2380 μου,
658 2346 747 2381 κρίσιν
763 2348 818 2378 τοῖς
828 2347 931 2374 ἔθνεσιν

141 2388 238 2420 ἐξοίσει
249 2397 255 2403 ”
276 2399 285 2414 ι
305 2389 351 2415 καὶ
372 2389 507 2425 ἐπιφέρει,
524 2399 532 2415 ι
547 2391 619 2423 Ἕως
635 2390 668 2418 ἂν
678 2391 717 2418 θῶ
733 2393 779 2419 ἐπὶ
798 2394 848 2429 γῆς
871 2395 931 2430 κρί-

140 2442 194 2465 σιν,
212 2435 258 2461 καὶ
270 2436 299 2461 ὲν
313 2435 351 2470 τῷ
367 2435 479 2471 ὀνόματι
496 2437 578 2463 αὑτοῦ
594 2437 657 2473 ἔθνη
674 2438 822 2466 ἐλπιοῦσιν.
837 2450 844 2464 ι
859 2441 928 2476 Ἤδη

137 2478 263 2513 δεύτερον
279 2479 307 2505 ἐν
321 2479 426 2511 τούτοις
436 2481 450 2506 ὁ
466 2482 609 2517 προφήτης
623 2482 653 2508 τὸ
665 2483 758 2519 ἐπὶτῷ
773 2485 881 2520 Χριστῷ
894 2487 928 2513 τὰ

137 2523 201 2558 ἔθνη
214 2524 336 2550 ὲλπίσειν
351 2524 466 2556 τίθεται,
483 2525 617 2562 ἀνώτερον
633 2527 731 2554 εἰπών·
752 2538 761 2553 ι
780 2529 838 2555 Ἐπ’
854 2530 928 2566 αὐτῷ

137 2568 199 2604 ἔθνη
227 2569 397 2596 ἐλπιοῦσιν.»
416 2571 544 2598 Ἐνταῦθα
565 2572 608 2604 δὲ,
622 2573 676 2599 Καὶ
700 2574 729 2599 ὲν
755 2574 794 2610 τῷ
817 2575 927 2610 ὀνόματι

136 2614 218 2641 αὑτοῦ
229 2615 293 2650 ἔθνη
311 2615 444 2643 ὲλπιοῦσι.
463 2617 592 2644 Λέλεκται
609 2619 637 2645 δὲ
662 2620 710 2646 καὶ
725 2619 763 2655 τῷ
782 2621 874 2653 Δαῦὶδ,
889 2621 927 2654 ὡς

135 2660 189 2696 ἄρα
202 2671 211 2687 ι
230 2660 278 2688 Ἐκ
288 2662 337 2688 τοῦ
354 2663 461 2698 καρποῦ
473 2664 522 2699 τῆς
537 2665 639 2696 κοιλίας
649 2666 731 2692 αὐτοῦ
745 2666 926 2703 ἁναστήσεταί

134 2715 176 2739 τις
192 2708 256 2743 περὶ
273 2705 303 2734 οὗ
318 2708 384 2743 ἑξῆς
401 2718 481 2744 φησιν
504 2711 518 2736 6
533 2710 615 2742 Θεός·
641 2721 649 2736 ι
665 2711 749 2744 Αὐτὸς
766 2713 924 2740 ἐπικαλέσε-

135 2754 178 2780 ταὶ
195 2763 240 2790 με,
257 2755 353 2791 πατήρ
365 2763 416 2790 μου
429 2754 454 2782 εἴ
466 2756 497 2782 σύ
508 2765 514 2771 ·
535 2756 612 2791 κάγὼ
628 2758 796 2794 πρωτότοκον
808 2759 924 2796 θήσομαι

134 2800 222 2827 αἰκάν.
237 2811 246 2826 ι
260 2801 317 2828 Kal
341 2802 406 2835 περὶ
425 2802 519 2828 τούτου
542 2802 570 2829 δὲ
595 2803 674 2830 πάλιν
698 2803 822 2840 εἴρηται·
847 2814 855 2830 ι
871 2806 925 2832 Καὶ

134 2846 346 2883 κατακυριεύσει
364 2846 417 2873 ἀπὸ
434 2847 569 2883 θαλάσσης
586 2848 638 2880 ἕως
653 2848 798 2886 θαλάσσης,
811 2850 856 2877 καὶ
872 2850 925 2878 ἀπὸ

165 2934 248 2963 "lea.
269 2943 308 2964 ιι.
333 2934 390 2965 με.
429 2935 450 2950 ⁸³
475 2934 539 2962 ibid.
553 2936 578 2963 ϐ.
617 2935 640 2951 ”
661 2935 725 2963 ibid.
759 2935 799 2965 10.

1001 324 1142 352 Judaicam
1169 330 1275 361 gentem
1293 325 1390 353 Judam
1416 325 1577 358 nominavit.
1593 333 1660 353 sane
1681 329 1712 352 ut
1735 333 1786 354 nos

1002 377 1111 405 quoque
1125 369 1233 397 Iudaeos
1258 371 1395 406 appellare
1409 371 1601 398 consuevimus
1615 380 1622 398 :
1639 374 1697 398 tum
1715 371 1786 398 καιτ-

1001 420 1058 442 mat
1075 423 1128 443 non
1152 417 1228 451 prius
1243 417 1384 444 defuturos
1402 417 1436 444 de
1447 422 1527 452 gente
1544 417 1664 452 ipsorum
1686 417 1787 452 princi-

1000 469 1054 496 pes,
1073 468 1104 489 ac
1128 462 1222 494 duces.
1236 471 1317 498 quam
1334 463 1358 491 is
1373 463 1509 496 adveniat,
1532 472 1613 499 quem
1642 464 1786 499 prophetia

1000 507 1146 543 significat.
1163 508 1250 536 Porro
1265 509 1308 537 hic
1325 510 1406 537 simul
1419 514 1501 545 atque
1515 511 1664 543 advenerit,
1677 510 1786 538 Iudaeo.—

1000 561 1061 581 rum
1077 555 1184 589 quidem
1201 555 1382 590 principatum
1397 564 1458 584 esse
1467 557 1682 590 dissolvendum,
1696 557 1785 592 ipsum

999 607 1064 628 vero
1083 608 1137 627 non
1159 599 1314 628 Iudaeorum
1342 602 1469 637 amplius.
1501 602 1549 630 sed
1575 605 1697 638 gentium
1727 602 1784 631 fore

998 646 1229 681 exspectationem
1246 657 1252 674 :
1269 647 1343 683 quod
1353 648 1462 683 quidem
1480 649 1567 684 ipsum
1580 649 1644 676 nulli
1664 656 1784 684 unquam

1000 692 1193 728 prophetarum
1215 694 1435 726 accommodare.
1451 695 1498 722 sed
1519 695 1564 721 uni
1583 694 1714 722 duntaxat
1729 693 1785 720 Sal-

999 739 1088 765 vatori
1103 738 1274 774 Dominoque
1294 744 1398 771 nostro,
1416 741 1528 775 poteris.
1540 741 1596 776 96
1608 740 1674 767 Nam
1702 740 1784 768 simul

999 789 1080 820 atque
1099 785 1144 812 ille
1160 785 1194 813 ad
1211 785 1336 814 homines
1357 787 1439 818 vertit,
1455 786 1609 813 Judazorum
1626 787 1697 820 regia
1718 785 1784 813 sub-

998 831 1051 858 lata
1069 835 1120 865 est,
1141 831 1328 867 continuoque
1343 831 1450 859 illorum
1469 832 1595 867 princeps
1608 832 1716 862 defecit.
1736 831 1782 866 qui

998 877 1106 912 quidem
1136 877 1286 912 majoribus
1308 877 1366 905 suis
1390 878 1558 910 succederet,
1571 883 1652 912 atque
1668 885 1698 904 ex
1720 877 1783 912 legi-

997 924 1049 952 bus
1074 924 1190 958 propriis
1211 923 1265 950 illis
1287 927 1426 958 praeesset.
1449 923 1528 950 Tunc
1550 923 1622 950 enim
1642 922 1782 957 Augustus

962 962 982 989 Β
996 969 1183 996 humanorum
1202 970 1307 1005 primus
1320 969 1425 1004 accepit
1443 969 1584 1004 imperium
1599 978 1605 996 ε
1621 973 1647 996 et
1662 968 1782 996 Herodes

995 1017 1029 1044 ab
1055 1016 1176 1043 externis
1200 1015 1327 1051 gentibus
1352 1016 1467 1048 accitus,
1480 1016 1589 1042 illorum
1613 1022 1660 1042 rex
1678 1015 1781 1042 consti-

995 1064 1069 1088 tutus
1084 1065 1135 1088 est.
1151 1060 1183 1086 Et
1195 1060 1234 1087 illi
1252 1060 1361 1095 quidem
1375 1060 1542 1092 defecerunt,
1558 1060 1602 1086 hic
1615 1064 1703 1087 autem
1719 1067 1782 1094 gen-

994 1106 1061 1132 tinm
1078 1114 1126 1141 per
1140 1110 1226 1132 totum
1243 1110 1379 1133 terrarum
1401 1106 1495 1133 orbem
1511 1105 1687 1140 exspectatio,
1707 1105 1780 1132 sicut

993 1152 1126 1179 divinitus
1150 1151 1309 1186 praedictum
1332 1151 1432 1182 fuerat,
1450 1151 1606 1178 declaratus
1629 1154 1670 1177 est
1689 1160 1695 1177 :
1712 1150 1780 1178 adeo

993 1198 1114 1233 quidem,
1141 1201 1170 1224 ut
1196 1205 1268 1224 nunc
1297 1205 1406 1232 quoque
1439 1204 1535 1224 omnes
1565 1197 1721 1232 quicunque
1745 1204 1780 1224 ex

993 1244 1121 1270 omnibus
1141 1244 1270 1278 gentibus
1287 1244 1314 1270 in
1331 1243 1406 1270 illum
1425 1243 1551 1275 credunt,
1568 1243 1779 1277 exspectationis

993 1297 1050 1316 sua:
1080 1289 1229 1317 secundum
1253 1289 1347 1321 Deum,
1365 1289 1392 1316 in
1415 1289 1462 1316 illo
1488 1296 1562 1324 spem
1591 1293 1732 1323 reponant.
1746 1287 1780 1315 Et

994 1335 1100 1370 Moyses
1126 1335 1238 1370 quidem
1268 1335 1325 1362 haec
1347 1335 1455 1369 aliaque
1472 1334 1515 1362 his
1528 1334 1605 1369 plura
1619 1335 1653 1361 de
1667 1334 1777 1361 Christo

991 1382 1120 1410 omnibus
1145 1382 1224 1410 nobis
1250 1380 1365 1409 feliciter
1384 1381 1504 1414 nuntiat;
1520 1381 1544 1408 ei
1566 1387 1631 1407 vero
1650 1387 1778 1415 germana

992 1426 1076 1455 Isaias
1093 1434 1201 1462 qttoque
1217 1425 1327 1454 deﬁnite
1344 1426 1378 1453 de
1398 1434 1453 1454 uno
1475 1431 1552 1454 certo
1581 1434 1652 1461 rege,
1675 1427 1721 1461 qui
1743 1434 1777 1453 ex

992 1475 1095 1503 semine
1115 1482 1147 1502 ac
1166 1474 1342 1502 successione
1363 1473 1448 1500 David
1465 1474 1499 1500 sit
1518 1473 1704 1504 suscitandns,
1720 1471 1777 1500 haec

995 1521 1070 1548 canit
1084 1530 1090 1547 :
1103 1528 1113 1545 ι
1130 1519 1290 1554 Egredietur
1311 1519 1385 1554 virga
1402 1519 1435 1546 de
1450 1518 1541 1546 radice
1566 1517 1652 1550 Iesse,
1678 1524 1705 1545 et
1726 1518 1777 1545 llos

990 1566 1024 1594 de
1044 1567 1136 1594 radice
1161 1566 1220 1600 ejus
1250 1566 1389 1598 ascendet,
1418 1569 1445 1592 et
1465 1565 1618 1599 requiescet
1641 1571 1722 1598 super
1743 1570 1776 1590 eo

953 1631 973 1658 C
991 1612 1104 1647 spiritus
1129 1609 1186 1645 Dei,
1203 1612 1316 1646 spiritus
1340 1611 1480 1646 sapientia:
1493 1614 1521 1638 et
1543 1610 1697 1637 intellectus
1709 1609 1741 1641 ",
1762 1618 1772 1635 ι

990 1663 1016 1685 et
1036 1658 1150 1693 reliqua.
1168 1657 1237 1685 Tum
1254 1658 1362 1693 longius
1379 1664 1553 1693 progressus,
1568 1663 1644 1683 more
1659 1656 1775 1691 prophe-

989 1705 1053 1736 tico,
1070 1709 1244 1731 externarum
1260 1704 1381 1738 gentium
1401 1707 1429 1730 et
1443 1702 1634 1733 barbararum.
1651 1709 1701 1728 nec
1719 1709 1775 1729 non

989 1758 1050 1778 cum
1074 1749 1241 1781 Graecorum,
1268 1753 1325 1776 tum
1342 1748 1552 1784 asperrimorum
1581 1755 1613 1775 ac
1636 1747 1775 1775 ferocissi-

988 1803 1095 1823 morum
1106 1795 1260 1826 bominum,
1283 1794 1402 1821 futuram
1423 1795 1450 1821 in
1466 1794 1546 1821 mites
1564 1796 1772 1828 mansuctosque

991 1850 1081 1870 mores
1101 1849 1134 1869 ex
1155 1841 1280 1868 doctrina
1303 1840 1404 1868 Christi
1428 1839 1617 1872 mutationem,
1641 1839 1774 1875 prmdicit.

989 1886 1058 1915 Sunt
1077 1891 1167 1914 autem
1190 1887 1250 1921 ejus
1269 1886 1349 1913 verba
1368 1886 1425 1913 haec
1441 1894 1448 1912 :
1469 1893 1478 1911 ι
1502 1885 1533 1911 Ει
1550 1889 1677 1920 pascetur
1691 1885 1773 1912 simul

988 1934 1068 1968 lupus
1087 1940 1149 1960 cum
1165 1940 1244 1968 agno,
1257 1936 1284 1959 et
1300 1931 1401 1967 pardus
1413 1931 1493 1958 simul
1515 1931 1637 1966 quiescet
1648 1938 1709 1958 cum
1723 1931 1773 1957 hae-

986 1980 1022 2007 do
1036 1988 1044 2006 :
1057 1982 1084 2006 et
1100 1978 1201 2006 vitulus
1217 1982 1244 2005 et
1256 1981 1351 2004 laurus
1366 1981 1393 2004 et
1408 1977 1450 2004 leo
1460 1977 1540 2005 simul
1556 1980 1703 2012 pascentur
1711 1969 1744 2008 “,
1761 1986 1770 2004 ι

986 2029 1013 2052 et
1030 2024 1083 2051 alia
1101 2023 1143 2051 his
1166 2023 1264 2051 similia
1280 2033 1286 2050 :
1301 2029 1361 2058 quae
1383 2022 1464 2050 etiam
1480 2030 1496 2050 e
1514 2022 1628 2056 vestigio
1651 2022 1773 2057 planiora

985 2067 1104 2096 elliciens
1125 2068 1331 2103 interpretatur,
1346 2068 1392 2094 ubi
1409 2067 1446 2094 ait
1462 2075 1470 2094 :
1490 2077 1499 2093 ι
1516 2067 1548 2094 Et
1559 2067 1622 2099 erit,
1639 2068 1685 2102 qui
1707 2075 1772 2095 sur—

986 2114 1025 2150 git
1046 2114 1080 2141 ad
1102 2114 1289 2149 imperandum
1303 2114 1440 2150 gentibus,
1464 2114 1491 2140 in
1507 2121 1540 2141 eo
1564 2117 1658 2149 gentes
1678 2121 1773 2148 spera-

985 2160 1096 2188 bunt".
1119 2169 1128 2186 ι
1152 2160 1235 2187 Plane
1255 2161 1326 2187 enim
1347 2159 1518 2186 irrationalia
1537 2159 1582 2186 illa
1594 2159 1728 2194 jumenta,
1744 2162 1772 2187 et

985 2214 1054 2241 quas
1074 2206 1129 2233 illic
1151 2204 1274 2240 praedixit
1288 2205 1403 2236 belluas,
1420 2205 1510 2231 nullas
1524 2212 1585 2232 esse
1601 2204 1669 2232 alias
1688 2211 1771 2239 quam

986 2253 1060 2288 ipsas
1076 2255 1171 2287 gentes
1197 2255 1307 2286 propter
1327 2258 1422 2278 earum
1440 2250 1542 2277 ferinos
1562 2257 1662 2282 mores,
1680 2249 1772 2277 decla-

986 2299 1056 2324 ravit
1073 2307 1079 2325 :
1098 2297 1198 2332 quibus
1218 2304 1283 2324 sane
1299 2296 1424 2331 gentibus
1443 2297 1638 2331 imperaturum
1655 2295 1771 2322 allirmat

984 2351 1056 2375 enm,
1080 2343 1125 2378 qui
1151 2342 1237 2377 surgit
1257 2342 1291 2369 de
1306 2341 1409 2368 semine
1427 2340 1503 2368 Jesse
1521 2349 1527 2367 :
1545 2347 1577 2367 ex
1593 2347 1648 2374 quo
1667 2339 1771 2367 semine

985 2389 1110 2417 Salvator
1142 2394 1169 2416 et
1198 2389 1328 2416 Dominus
1360 2392 1455 2415 noster
1482 2388 1615 2415 oriundus
1637 2387 1770 2422 pradica-

983 2440 1037 2468 tur,
1063 2437 1089 2462 in
1130 2443 1209 2470 quem
1238 2439 1342 2470 gentes.
1377 2442 1438 2470 qua:
1470 2434 1497 2461 in
1523 2434 1611 2468 ipsum
1641 2433 1767 2464 credunt,

981 2484 1063 2510 etiam
1085 2490 1158 2509 nunc
1184 2486 1303 2516 sperant,
1320 2481 1371 2516 ipsi
1395 2481 1487 2515 utique
1503 2480 1630 2506 vaticinio
1650 2486 1769 2506 Consen-

981 2533 1061 2557 tanea
1076 2529 1217 2558 facientes.
1237 2527 1308 2562 quod
1327 2527 1365 2553 ait
1383 2535 1410 2554 τι
1429 2525 1462 2552 Ει
1478 2526 1540 2556 erit,
1553 2526 1598 2559 qui
1617 2525 1703 2560 surgit
1717 2525 1768 2551 im—

981 2583 1077 2610 perare
1101 2574 1236 2610 gentibus.
1261 2573 1287 2600 in
1315 2573 1374 2607 ipso
1390 2578 1484 2607 gentes
1501 2571 1659 2605 sperabunt.
1679 2579 1688 2596 ι
1712 2570 1768 2597 Hoc

981 2622 1064 2657 igitur
1085 2620 1215 2656 apponito
1230 2620 1264 2647 iis
1291 2627 1352 2654 quae
1369 2618 1440 2654 apud
1456 2617 1565 2653 Moysen
1587 2617 1720 2647 feruntur.
1735 2624 1767 2644 ac

979 2667 1150 2702 distinguito.
1166 2666 1197 2693 Et
1212 2666 1278 2693 illud
1297 2665 1407 2699 quidem
1424 2673 1430 2692 :
1451 2673 1459 2689 ι
1478 2663 1546 2694 Erit.
1556 2663 1601 2698 qui
1616 2664 1702 2699 surgit
1715 2663 1767 2690 im-

980 2719 1076 2748 perare
1090 2711 1227 2747 gentibus,
1243 2720 1251 2736 ι
1269 2718 1330 2737 cum
1349 2710 1396 2736 illo
1410 2709 1567 2744 componito
1583 2718 1590 2735 :
1609 2717 1619 2734 ι
1639 2707 1769 2744 Egredie—

980 2763 1025 2786 tur
1039 2758 1120 2785 homo
1139 2757 1171 2785 de
1187 2757 1291 2785 semine
1306 2757 1376 2790 ejus.
1391 2759 1418 2782 et
1432 2755 1617 2783 dominabitur
1639 2755 1766 2790 gentibus

978 2804 1081 2832 multis.
1105 2814 1114 2830 ι
1131 2803 1163 2831 Et
1179 2803 1245 2832 illud
1266 2813 1272 2831 :
1294 2813 1303 2830 ι
1324 2802 1351 2829 In
1373 2802 1432 2837 ipso
1458 2807 1551 2837 gentes
1581 2802 1761 2836 sperabunt.)

977 2858 1038 2878 cutn
1070 2850 1116 2878 illo
1135 2860 1142 2878 :
1164 2860 1173 2877 ι
1194 2849 1226 2877 Ει
1248 2850 1305 2885 ipse
1333 2850 1384 2877 erit
1413 2849 1580 2884 exspectatio
1605 2848 1736 2884 gentium.
1751 2855 1762 2872 ι
