2071 3219
303 207 354 237 179

640 207 779 235 ΕΕΞΕΒΠ
792 208 1030 236 (ΣΑΞΞΑΠΙΕΝΞΙΞ
1051 209 1095 237 0P

1148 210 1237 238 PARS
1257 211 1287 239 ll.
1304 226 1338 232 ——
1356 212 1604 242 APOLOGETlCA.

1872 216 1924 244 £80

301 268 371 302 Quid
386 268 458 296 enim
474 267 587 295 interest
601 266 724 300 dicasne,
741 269 769 295 in
795 268 854 303 ipso
876 273 970 304 gentes
991 276 1084 304 spera-

1147 271 1265 305 ιοταμῶν
1276 270 1327 303 ἕως
1341 271 1466 307 περάτων
1480 273 1529 307 τῆς
1543 272 1713 308 οἰκουμένης.
1730 282 1740 299 ι
1756 273 1810 300 Καὶ
1826 271 1922 306 αὖθις·

302 316 381 348 bunt,
398 314 452 350 97
475 322 510 341 an
532 321 596 341 vero
609 323 615 340 :
629 314 687 349 ipse
700 315 752 341 erit
767 316 934 350 exspectatio
947 316 1085 350 gentium?

302 358 407 386 Rursus
431 366 495 386 vero
520 358 588 386 idem
607 358 703 391 Isaias,
719 359 842 386 oratione
858 366 1036 394 progressus,
1052 359 1086 388 de

302 405 413 433 Christo
439 405 496 432 haec
521 405 627 432 divinat
646 414 652 431 :
670 414 679 430 ‹
695 403 764 431 Ecce
791 413 859 440 puer
884 413 980 437 meus,
1005 413 1086 440 quem

304 452 372 486 elegi
387 462 393 478 :
412 451 528 478 dilectus
544 459 620 478 meus
633 471 640 482 ,
657 450 685 476 in
703 458 757 485 quo
774 451 938 486 cumplacuit
954 451 1006 478 sibi
1022 452 1087 482 anim

305 505 348 524 ma
366 505 424 524 mea
439 507 444 524 :
461 497 595 531 judicium
611 497 739 531 gentibus
757 496 876 531 proferet
891 497 924 528 ",
941 508 950 523 ι
964 505 995 524 ac
1011 498 1089 525 dein—

304 551 368 578 ceps
385 543 508 578 adjungit
524 552 530 570 :
548 552 557 567 ι
570 542 657 569 donec
670 547 752 577 ponat
766 542 793 568 in
811 546 882 570 terra
894 543 1027 577 judicium
1039 563 1045 573 ,
1062 547 1089 570 et

304 590 331 617 in
351 589 462 617 nomine
480 589 541 623 ejus
557 594 651 623 gentes
666 588 818 624 sperabunt
831 588 873 616 "z
891 597 899 612 ι
918 589 945 616 in
962 589 1005 616 his
1020 588 1089 616 Proc

303 635 384 670 pheta
409 634 465 669 jam
492 634 613 662 secundo
635 639 729 668 gentes
754 633 781 660 in
803 632 912 661 Christo
934 638 1090 668 speraturas

305 681 394 715 ponit,
410 688 472 707 cum
502 680 629 714 superius
644 681 710 708 illud
727 680 846 708 dixerit:
868 689 877 705 ι
899 681 926 707 in
944 681 1003 715 ipso
1025 688 1091 715 gen-

304 731 346 754 tes
358 727 508 760 sperabunt
522 726 554 752 ³⁷.
569 732 577 747 ι
594 725 643 753 llic
661 734 725 753 vero
740 735 746 753 :
761 736 770 752 ‹
786 727 813 753 ίη
829 727 938 753 nomine
951 726 1010 760 ejus
1026 735 1092 761 gem

303 777 345 800 tes
361 773 519 807 sperabunt.
539 782 547 798 ι
564 771 651 798 Etiam
669 773 720 807 ipsi
739 771 822 799 David
837 772 940 799 dictum
954 778 995 800 est
1011 772 1044 806 ³⁸,
1058 772 1092 799 de

305 817 395 845 fructu
410 818 513 845 ventris
527 818 587 851 ejus
602 818 790 845 suscitandum
806 826 866 845 esse
880 818 1024 852 quemdam
1037 838 1043 850 ,
1058 817 1092 845 de

305 871 361 899 quo
377 864 508 899 deinceps
523 864 560 891 ait
574 864 645 892 Deus
659 873 665 890 :
690 873 699 889 ι
717 864 775 899 ipse
792 864 928 891 invocabit
941 871 999 894 me,
1016 867 1094 898 pater

307 918 384 937 meus
399 918 429 937 es
446 915 473 936 tu
484 931 491 944 ,
507 914 536 938 et
547 918 598 945 ego
613 910 825 945 primogenitum
840 918 938 945 ponam
956 918 1016 937 eum
1030 911 1062 937 ".
1081 920 1089 936 ι

307 955 375 982 Nam
391 955 424 983 de
443 956 494 982 hoc
512 964 608 983 rursus
623 956 724 983 dictum
746 960 787 983 est
803 965 809 982 :
824 965 833 981 ι
851 955 883 982 Et
906 955 1092 982 dominabitur
1107 947 1128 976 Β

308 1008 323 1028 a
340 1002 406 1028 mari
425 1009 510 1036 usque
525 1001 557 1028 ad
576 1009 670 1034 mare,
694 1006 720 1029 et
741 1010 756 1028 a
778 1001 936 1029 ﬂuminibus
958 1009 1044 1036 usque
1058 1002 1091 1029 ad

307 1047 439 1075 terminos
452 1048 527 1074 orbis
540 1051 621 1074 terra:
634 1048 666 1074 ⁸⁰.
686 1057 694 1073 ›
708 1047 739 1073 Εῐ
753 1055 848 1074 rursus
863 1057 869 1075 :
886 1057 894 1073 ι
912 1047 1012 1075 Omnes
1027 1056 1092 1083 gen-

309 1097 350 1119 tes
365 1093 483 1120 servient
497 1093 521 1119 ei
533 1113 540 1122 .
559 1097 585 1120 et
600 1094 797 1120 benedicentur
812 1093 838 1120 in
855 1099 880 1120 tc
893 1101 989 1121 omnes
1004 1094 1092 1121 tribus

308 1143 387 1165 terra:
405 1139 437 1165 “.
456 1148 464 1164 ι
478 1137 611 1165 Praeterea
627 1142 716 1165 autem
742 1138 818 1165 locus
839 1139 947 1173 quidem
968 1142 1060 1165 certus
1077 1145 1092 1164 a

310 1184 423 1211 lilichaza
439 1185 558 1216 canitur,
576 1185 603 1211 in
621 1192 676 1219 quo
690 1185 713 1211 is
728 1185 850 1212 oriturus
866 1185 917 1216 sit.
935 1185 968 1212 de
984 1192 1039 1219 quo
1054 1185 1094 1211 fe-

308 1234 408 1257 runtur
428 1235 467 1257 tot
489 1230 616 1257 vaticinia
632 1239 639 1256 :
653 1239 662 1255 ι
679 1229 713 1257 Et
737 1235 776 1261 tu.
802 1231 901 1265 inquit,
923 1230 1092 1262 Bethlehem,

310 1277 408 1303 domus
423 1275 561 1310 Euphrata
573 1297 579 1308 ,
598 1276 710 1302 minima
724 1284 754 1303 es
771 1279 799 1302 ut
814 1276 853 1303 sis
870 1276 897 1302 in
910 1276 1030 1303 millibus
1044 1275 1094 1302 Ju-

310 1322 345 1349 da
358 1331 364 1348 ε
378 1329 411 1348 ex
425 1326 451 1348 te
466 1322 532 1348 mihi
545 1321 700 1356 egredietur
711 1322 781 1355 dux,
798 1322 844 1356 qui
859 1326 951 1356 pascet
964 1322 1093 1356 populum

311 1376 401 1395 meum
427 1367 526 1401 Israel,
552 1373 579 1394 et
601 1368 690 1395 exitus
712 1368 772 1402 ejus
793 1368 827 1394 ab
847 1367 926 1394 initio
950 1375 983 1394 cx
999 1368 1094 1395 diebus

311 1414 402 1441 seaculi
415 1414 437 1429 δ’
451 1423 457 1440 :
476 1424 484 1439 ι
499 1416 526 1440 et
538 1421 633 1441 omnes
650 1413 825 1445 confitentur,
839 1413 866 1440 in
879 1411 1034 1440 Bethlehem
1050 1412 1095 1440 Je-

311 1467 372 1487 sum
388 1459 527 1486 Christum
543 1467 605 1486 esse
620 1463 724 1487 natum.
743 1459 814 1492 Quin
827 1459 908 1486 etiam
926 1459 1021 1486 incola:
1035 1460 1094 1493 ejus

311 1506 364 1533 loci
380 1506 537 1540 speluncam
553 1505 652 1532 ibidem
667 1510 820 1533 monstrant
834 1505 867 1533 iis
878 1526 885 1539 ,
899 1506 945 1540 qui
961 1506 994 1532 ab
1005 1509 1095 1533 exter-

313 1553 355 1579 nis
376 1552 456 1579 terris
476 1552 601 1579 venerint
621 1552 654 1578 ad
678 1552 877 1586 spectandum:
897 1555 924 1578 et
945 1551 1022 1579 locus
1034 1552 1095 1586 qui—

311 1598 372 1626 dem
388 1598 432 1625 hic
446 1598 491 1625 ubi
509 1602 585 1625 ortus
600 1598 660 1632 ejus
674 1598 782 1625 futurus
796 1597 863 1630 fuit,
878 1597 1024 1632 praedictus
1042 1602 1094 1626 est.

312 1643 401 1679 ipsius
416 1651 479 1671 vero
494 1647 571 1671 ortus
588 1643 750 1671 miraculum
764 1665 770 1676 ,
789 1651 862 1671 nunc
882 1643 999 1671 obscure
1017 1651 1048 1670 ac
1067 1643 1096 1670 (i-

312 1694 425 1725 gurale,
439 1697 512 1716 nunc
526 1689 606 1724 plane
619 1693 646 1716 et
662 1693 755 1724 aperte
769 1689 846 1723 ponit
860 1687 944 1716 lsaias
960 1698 965 1715 :
982 1688 1098 1715 obscure

312 1735 422 1771 quidem
434 1755 441 1767 ,
462 1736 507 1763 ubi
531 1735 585 1762 ait:
604 1745 613 1761 ι
630 1735 764 1768 Domine,
784 1735 846 1770 quis
858 1735 976 1762 credidit
993 1734 1098 1763 auditui

312 1781 429 1809 nostro?
450 1785 477 1808 et
501 1781 645 1808 brachium
669 1781 777 1808 Domini
803 1781 848 1808 cui
872 1781 1019 1809 revelatum
1039 1781 1100 1808 est?

313 1827 537 1855 annuntiavimus
562 1834 654 1854 coram
679 1834 726 1858 eo,
748 1826 827 1861 quasi
848 1827 998 1861 puerulus,
1020 1826 1098 1860 quasi

313 1873 391 1900 radix
409 1874 437 1899 in
452 1876 525 1900 terra
541 1873 647 1900 sitienti
664 1872 697 1900 ⁸⁸.
713 1882 722 1898 ι
738 1872 790 1899 Pro
805 1880 860 1906 quo
877 1872 973 1906 Aquila
990 1871 1099 1906 quidem

314 1919 354 1946 sic
375 1919 570 1954 interpretatus
591 1923 652 1946 est:
671 1928 680 1944 (
698 1918 731 1945 Et
754 1918 949 1953 prmdicabitur
969 1922 1100 1953 tanquam

316 1963 388 1997 quod
407 1964 490 1990 ubere
512 1963 633 1990 nutritur
654 1963 680 1989 in
704 1962 800 1990 facient
828 1963 903 1996 ejus,
925 1966 952 1990 et
972 1967 1100 1998 tanquam

316 2007 394 2034 radix
407 2007 441 2034 de
452 2011 526 2035 terra
542 2009 625 2035 invia.
641 2018 650 2034 ι
663 2007 832 2035 Theodotion
844 2016 909 2036 vero
921 2018 929 2035 :
941 2017 950 2034 ‹
965 2008 998 2034 Et
1009 2016 1102 2036 ascen-

316 2053 362 2081 det
377 2054 448 2081 sicut
461 2055 533 2089 quod
548 2055 618 2082 lacte
633 2055 715 2082 alitur
729 2062 820 2082 coram
836 2062 885 2086 eo,
899 2059 925 2082 et
939 2055 1009 2082 sicut
1024 2055 1101 2082 radix

317 2098 344 2128 in
362 2103 432 2126 terra
447 2100 561 2127 sitienti.
578 2109 586 2125 ι
602 2099 653 2127 llis
667 2099 740 2126 enim
756 2100 847 2127 verbis
861 2107 922 2126 cum
935 2100 1101 2127 mentionem

317 2146 412 2173 fecerit
427 2145 558 2180 propheta
573 2146 606 2173 de
622 2145 735 2173 brachio
752 2145 877 2177 Domini,
893 2147 965 2179 quod
979 2149 1038 2172 erat
1053 2144 1101 2172 Dei

316 2189 435 2218 Verbum
448 2199 455 2217 :
471 2201 480 2217 ι
491 2191 589 2218 Coram
604 2198 647 2223 eo,
660 2191 763 2226 inquit,
787 2191 1009 2218 annuntiavilnus
1024 2190 1101 2225 quasi

316 2237 460 2272 puerulum
487 2237 650 2269 lactentem,
675 2241 703 2264 ct
725 2237 772 2271 qui
796 2237 879 2264 ubere
903 2237 1052 2268 nutriatur,
1075 2240 1102 2263 et

316 2283 396 2318 quasi
413 2282 532 2309 radicem
549 2282 582 2309 de
598 2285 671 2309 terra
689 2282 761 2309 invia
776 2291 782 2313 ;
801 2292 809 2308 ι
824 2282 869 2309 ubi
890 2282 1020 2316 puerulus
1041 2281 1102 2316 qui-

317 2328 378 2355 dem
395 2327 454 2358 ille.
473 2327 519 2361 qui
535 2327 618 2354 ubere
632 2331 714 2361 atque
730 2327 799 2354 lacte
816 2327 946 2357 nutritur.
965 2327 1043 2361 plane
1056 2335 1102 2354 or-

317 2378 374 2402 tum
392 2373 495 2400 Christi
513 2373 647 2400 declarat.
667 2372 752 2400 Terra
768 2380 833 2402 vero
849 2373 921 2399 invia
938 2377 964 2399 et
986 2373 1100 2406 sitiens,

315 2419 372 2454 98
386 2419 519 2454 virginem
542 2426 603 2454 qua:
624 2419 699 2445 illum
723 2418 803 2445 enixa
818 2423 875 2450 est,
899 2426 980 2453 quam
998 2419 1103 2446 scilicet

317 2464 409 2491 nullus
423 2465 465 2491 vir
479 2464 564 2496 adiit,
578 2463 611 2491 de
625 2471 678 2498 qua
692 2464 817 2498 quamvis
832 2464 904 2491 invia
915 2483 924 2496 ,
937 2465 1046 2492 laudata
1059 2465 1103 2492 illa

317 2509 396 2537 radix
418 2509 538 2544 prodiit.
560 2513 588 2537 et
611 2510 656 2544 qui
681 2510 784 2542 ubere,
805 2510 930 2545 lacteque
953 2511 1103 2538 nutriretur

317 2555 460 2589 puerulus.
479 2555 580 2584 Verum
596 2556 655 2583 haec
671 2556 831 2584 adumbrata
848 2556 995 2583 admodum
1018 2556 1103 2591 signi-

318 2599 427 2628 ﬁcavit:
452 2601 576 2635 apertius
598 2607 664 2628 vero
687 2599 756 2631 idem
781 2600 915 2635 propheta
941 2601 1102 2627 sententiam

319 2650 396 2671 suam
419 2644 626 2679 interpretatur,
643 2645 688 2673 ubi
707 2646 744 2673 ait
758 2655 763 2672 :
780 2654 789 2670 ι
806 2644 876 2671 Ecce
890 2644 966 2680 virgo
981 2644 1007 2671 in
1026 2648 1103 2671 utero

319 2688 423 2723 capiet,
439 2693 465 2717 et
481 2690 568 2724 pariet
586 2690 687 2723 tilium,
700 2694 727 2720 et
740 2690 875 2722 vocabunt
891 2697 990 2721 nomen
1019 2690 1079 2723 ejus
1091 2699 1100 2716 ι

355 2766 376 2780 ²¹
393 2765 444 2793 lsa.
459 2774 524 2797 xcn.
539 2768 564 2794 1.

320 2800 341 2816 *⁸
369 2801 434 2834 ibid.
451 2802 493 2831 Η,
509 2802 551 2829 l7.
589 2802 611 2820 ⁸³
626 2802 704 2830 Mich.
724 2811 749 2834 ν,
768 2803 794 2834 2,
832 2803 854 2818 ⁸³
868 2803 919 2831 lsa.
937 2811 995 2834 LIII,
1014 2803 1077 2836 i,‘2._

357 2882 393 2915 (Ι)
415 2881 490 2913 MSS"
509 2884 562 2918 Τῆς
579 2884 607 2910 δὲ
617 2885 748 2918 γενέσεως
763 2883 845 2910 αὑτοῦ
860 2884 889 2909 τὺ
911 2883 1002 2918 θαῦμα
1013 2902 1019 2912 ,
1040 2882 1105 2908 ποτὲ

382 2918 414 2944 δι’
426 2917 601 2953 αἰνιγμάτων,
617 2917 680 2946 πετι
695 2919 722 2946 δὲ
736 2920 782 2946 καί
792 2919 950 2959 λευκότερον
963 2917 977 2945 ὀ
994 2917 1106 2948 Ἡσαΐας

602 2767 624 2783 ³⁸
638 2767 702 2796 ibid.
716 2767 742 2796 4.
780 2768 800 2782 ³⁷
818 2767 868 2795 lsa.
883 2776 921 2799 xt,
935 2768 978 2795 'lO.
1016 2767 1068 2794 "ll
1081 2769 1145 2803 Reg.

1139 327 1148 342 ι
1161 317 1253 343 Πάντα
1266 317 1300 343 τὰ
1323 317 1386 353 ἔθνη
1403 318 1588 344 δουλεύσουσιν
1606 317 1695 353 αὐτῷ,
1712 318 1759 344 καὶ
1781 318 1925 355 ὲνευλογη-

1137 363 1264 397 θήσονται
1281 364 1310 389 ὲν
1324 363 1365 389 σοὶ
1377 364 1461 390 πᾶσαι
1478 364 1505 390 αἱ
1519 364 1599 397 φυλαὶ
1614 364 1664 398 τῆς
1677 365 1736 399 γῆς.
1751 376 1760 389 ι
1777 365 1832 392 Καὶ
1844 365 1925 396 τόπος

1136 409 1164 435 δέ
1181 417 1223 440 τις
1239 409 1319 436 πάλιν
1334 409 1523 444 ἀφωρισμένος
1546 409 1596 444 τῆς
1618 409 1664 436 τοῦ
1686 410 1924 446 προφητευομένου

1137 455 1269 488 γενέσεως
1283 454 1439 486 θεσπίζεται
1450 455 1501 482 ὑπὸ
1508 455 1622 490 Μιχαίου
1631 455 1764 489 λέγοντος·
1781 466 1790 481 ι
1807 457 1862 483 Καὶ
1878 457 1922 489 σὺ,

1140 501 1272 536 Βηθλεὲμ,
1284 499 1357 532 οἶκος
1365 501 1411 527 τοῦ
1428 500 1567 536 Εὑφραθᾶ,
1578 500 1714 534 ὀλιγοστὸς
1723 499 1748 527 εἷ
1760 501 1808 527 τοῦ
1818 499 1887 528 εἶναι
1896 503 1924 528 ἐν

1138 545 1255 581 χιλιάσιν
1272 546 1374 572 Ἰούδα”
1393 545 1425 572 ὲκ
1437 545 1484 572 σοῦ
1505 554 1549 581 μοι
1574 545 1741 578 ἐξελεύσεται
1764 546 1924 581 ἡγούμενος,

1139 594 1213 625 ὅστις
1230 595 1357 628 ποιμανεῖ
1374 593 1419 619 τὸν
1444 593 1507 620 λαόν
1535 602 1584 628 μου
1607 593 1653 619 τὸν
1679 593 1803 628 Ἰσραήλ·
1831 594 1878 619 καὶ
1898 594 1926 620 αἱ

1139 637 1222 669 ἔξοδοι
1239 637 1320 664 αὺτοῦ
1340 637 1466 673 ἀπαρχῆς
1489 637 1518 670 ἐξ
1535 637 1644 672 ἡμερῶν
1667 637 1773 669 αἰῶνος.
1786 647 1795 664 ι
1817 638 1928 673 Ὠμολὼ

1140 691 1223 718 γηται
1236 683 1264 709 δὲ
1282 682 1358 718 παρὰ
1375 683 1431 714 τοῖς
1444 683 1536 714 πᾶσιν,
1557 683 1596 709 ὅτι
1613 683 1642 709 ἐν
1658 682 1784 718 Βηθλεὲμ
1796 683 1927 718 ἐγεννήθη

1147 728 1250 763 Ίησοῦς
1262 730 1275 755 ὁ
1289 729 1413 764 Χριστὸς,
1429 729 1467 759 ὡς
1479 728 1526 755 καὶ¹
1542 729 1672 764 σπήλαιον
1687 729 1840 755 δείκνυσθαι
1860 729 1929 764 πρὸς

1141 773 1195 800 τῶν
1210 773 1362 809 ἐπιχωρίων
1378 773 1470 800 αὐτόθι
1481 776 1536 805 τοῖς
1548 774 1594 800 ὲπϊ
1609 774 1673 800 θέαν
1685 774 1739 800 ἀπὸ
1754 774 1802 809 τῆς
1813 774 1926 801 ἀλλοδα-

1143 819 1196 854 πῆς
1207 819 1423 854 ἀφικνουμένοις.
1440 820 1494 846 Καὶ
1509 820 1522 845 ὁ
1542 820 1590 855 μὲν
1602 820 1683 851 τόπος
1699 817 1785 852 οὗτος,
1806 820 1870 848 ἔνθα
1884 830 1931 855 γε-

1143 865 1288 900 γεννῆσθαι
1301 865 1422 900 ἔμελλεν,
1436 866 1583 901 προείρητο
1592 875 1598 881 ·
1611 867 1653 898 τίς
1667 866 1695 892 δὲ
1707 867 1753 893 καὶ
1770 867 1931 902 λευκότερον

1143 912 1157 937 ὁ
1176 911 1288 943 Ἡσαΐας
1304 912 1469 947 παρίστησι,
1490 913 1522 939 δι’
1537 914 1704 948 αἰνιγμάτων
1724 913 1772 948 μὲν
1794 913 1849 948 (l),
1867 914 1931 940 ὅταν

1143 957 1225 992 λέγῃ·
1245 966 1254 982 ι
1274 956 1369 992 Κύριε,
1387 957 1428 988 τίς
1442 958 1585 984 ἐπίστευσε
1603 960 1635 993 τῇ
1655 959 1723 994 ἀκοῇ
1744 959 1833 994 ἡμῶν,
1857 960 1904 986 καὶ
1917 960 1932 985 ὁ

1144 1002 1261 1038 βραχίων
1290 1003 1391 1038 Κυρίου
1423 1003 1474 1029 τίνι
1502 1003 1701 1039 ἀπεκαλύφθη;
1731 1005 1932 1040 ἀνηγγείλαμεν

1144 1048 1262 1076 ἐναντίον
1277 1048 1360 1075 αὐτοῦ
1375 1049 1412 1080 ὡς
1428 1050 1542 1080 παιδίον,
1560 1050 1597 1078 ὡς
1613 1050 1674 1085 ῥίζα
1691 1051 1719 1077 ἐν
1740 1052 1774 1085 γῇ
1790 1051 1905 1086 διψώσῃ.
1919 1060 1928 1076 ι

1150 1094 1219 1120 Ἀνθ“
1232 1092 1263 1121 οὗ
1283 1097 1296 1122 ὁ
1317 1095 1365 1130 μὲν
1391 1095 1506 1127 Ἀκύλας
1525 1097 1698 1131 ἡρμήνευσεν
1721 1096 1821 1128 οὕτως·
1848 1107 1857 1122 ι
1878 1098 1933 1124 Καὶ

1144 1141 1362 1176 ἀναρρηθήσεται
1376 1142 1412 1173 ὡς
1426 1142 1607 1176 τιτθιζόμενον
1621 1143 1660 1172 εἰς
1677 1142 1820 1177 πρόσωπον
1833 1141 1929 1173 αὐτοῦ,

1145 1186 1192 1212 καὶ
1216 1186 1253 1218 ὡς
1270 1186 1331 1222 ρίζα
1358 1187 1411 1213 ἀπὸ
1434 1187 1485 1222 γῆς
1511 1187 1612 1213 ἀϐάτου
1630 1196 1636 1204 ν
1654 1197 1663 1212 ι
1682 1188 1696 1213 ὀ
1716 1187 1745 1213 δὲ
1766 1187 1931 1213 Θεοδοτίων·

1147 1242 1156 1258 ι
1172 1232 1218 1258 καὶ
1243 1232 1409 1267 ἀναϐήσεται
1430 1233 1467 1264 ὡς
1488 1232 1603 1268 θηλάζον
1625 1232 1737 1258 ἐνώπιον
1766 1232 1864 1264 αὐτοῦ,
1885 1232 1934 1258 καὶ

1145 1278 1182 1310 ὼς
1196 1278 1257 1313 ῥίζα
1267 1279 1295 1304 ἐν
1307 1280 1342 1313 γῇ
1355 1278 1467 1314 διψώσῃ.
1483 1289 1491 1303 ι
1504 1278 1553 1305 Διὰ
1567 1278 1620 1314 γὰρ
1632 1278 1732 1305 τούτων
1745 1278 1934 1313 μνημονεύσας

1145 1325 1159 1350 ὁ
1175 1325 1316 1360 προφήτης
1333 1324 1379 1351 τοῦ
1402 1323 1541 1359 βραχίονος
1563 1323 1610 1350 τοῦ
1629 1324 1747 1359 Κυρίου,
1761 1324 1791 1355 ὃς
1806 1322 1840 1359 ἦν
1855 1325 1869 1350 ὁ
1885 1323 1933 1350 τοῦ

1146 1370 1212 1397 Θεοῦ
1227 1370 1314 1404 λόγος,
1329 1380 1338 1395 ι
1356 1370 1485 1396 Ἐνώπιον
1499 1370 1592 1400 αὑτοῦ,
1609 1380 1617 1395 ι
1640 1370 1732 1406 φησὶν,
1750 1379 1759 1395 ε
1772 1370 1935 1404 ἀνηγγείλα-

1148 1426 1197 1452 μεν
1213 1417 1250 1448 ὡς
1271 1417 1376 1443 παιδίον
1399 1416 1513 1451 θηλάζον
1530 1417 1575 1442 καὶ
1603 1417 1803 1452 τιτθιςόμενον,
1825 1417 1872 1442 καὶ
1897 1417 1935 1447 ὡς

1148 1462 1224 1498 ῥίζαν
1238 1462 1291 1490 ἀπδ
1305 1463 1356 1497 γῆς
1369 1462 1479 1488 ἀϐάτου.
1492 1471 1500 1486 ι
1516 1462 1552 1488 Τὸ
1568 1462 1615 1497 μὲν
1627 1461 1674 1488 οὖν
1689 1461 1792 1488 παιδίον
1805 1462 1834 1487 τὸ
1849 1461 1935 1487 τιτθι-

1148 1507 1260 1543 ζόμενον
1272 1508 1318 1535 καὶ
1337 1507 1451 1542 θηλάζον
1468 1508 1596 1543 ἄντικρυς
1611 1507 1659 1542 τὴν
1678 1507 1783 1541 γένεσιν
1805 1507 1852 1533 τοῦ
1868 1507 1937 1542 Χρι-

1151 1553 1212 1580 στοῦ
1227 1554 1314 1588 δηλοῖ·
1333 1555 1349 1588 ἡ
1365 1553 1392 1579 δὲ
1403 1553 1437 1588 γῆ
1453 1553 1552 1584 ἄϐατος
1566 1553 1613 1578 καὶ
1626 1552 1730 1587 διψῶσα
1745 1552 1793 1587 τὴν
1811 1553 1935 1588 ἀποκυή-

1149 1607 1233 1624 σασαν
1257 1598 1337 1624 αὑτὸν
1355 1597 1486 1633 παρθένον
1500 1617 1507 1628 ,
1565 1597 1649 1628 οὐδεὶς
1666 1596 1735 1632 ἀνὴρ
1758 1596 1935 1631 ἐπιϐέϐηκεν,

1149 1644 1194 1678 ἀφ’
1214 1642 1258 1679 ἦς,
1282 1643 1381 1678 καίπερ
1406 1642 1505 1669 ἀϐάτου
1533 1642 1740 1677 τυγχανούσης,
1759 1641 1892 1677 προῆλθεν
1918 1641 1936 1676 ἡ

1149 1689 1319 1724 εὐλογημένη
1344 1687 1415 1724 ῥίζα,
1437 1687 1529 1715 καὶτὸ
1549 1686 1732 1722 τιτθιζόμενον
1750 1687 1796 1714 καὶ
1819 1685 1937 1721 θηλάζον

1149 1735 1263 1762 παιδίον.
1289 1735 1367 1761 Ἀλλὰ
1391 1734 1477 1761 ταῦτα
1500 1734 1549 1768 μὲν
1574 1733 1794 1768 ὲπεσκιασμένως
1810 1732 1936 1767 ᾐνίξατο·

1149 1781 1314 1816 γυμνότερον
1331 1780 1358 1806 δὲ
1373 1780 1387 1806 ὁ
1401 1779 1482 1810 αὐτὸς
1496 1778 1641 1814 ἑρμηνεύει
1655 1779 1798 1814 προφήτης
1812 1778 1862 1813 τὴν
1878 1778 1936 1804 διάν

1149 1834 1234 1857 νοιαν,
1255 1827 1296 1852 ἐπ’
1315 1825 1346 1852 ἂν
1370 1825 1455 1861 λέγῃ·
1476 1833 1485 1849 ι
1507 1824 1571 1850 Ἰδοὺ
1592 1824 1608 1857 ἡ
1633 1823 1764 1858 παρθένος
1788 1823 1816 1850 ὲν
1837 1823 1937 1858 γαστρὶ

1150 1870 1275 1905 λήψεται,
1291 1871 1337 1896 καὶ
1352 1869 1459 1902 τέξεται
1484 1869 1558 1901 υἱὸν,
1575 1869 1622 1894 καὶ
1639 1868 1780 1895 καλέσουσι
1796 1867 1826 1894 τὸ
1850 1867 1937 1902 ὄνομα

1150 1916 1231 1944 αὐτοῦ
1257 1915 1315 1951 μεθ’
1333 1915 1410 1950 ἡμῶν
1425 1916 1439 1941 ὁ
1453 1914 1529 1946 Θεὸς.
1544 1924 1552 1938 ›
1568 1914 1651 1940 Τοῦτο
1667 1914 1720 1949 γὰρ
1744 1913 1889 1949 ἐρμηνεύει
1907 1912 1939 1939 ’ὼ

1154 1971 1162 1988 ι
1185 1961 1366 1996 Ἐμμανουήλ.
1383 1970 1391 1986 ι
1406 1960 1523 1987 Τοιαῦτα
1532 1961 1595 1996 περὶ
1609 1960 1660 1994 τῆς
1668 1961 1707 1991 εἰς
1724 1959 1883 1994 ἀνθρώπους
1892 1967 1938 1994 γε·

1151 2007 1251 2038 νέσεως
1265 2005 1312 2032 τοῦ
1330 2005 1446 2041 Χριστοῦ
1467 2004 1548 2031 πάλαι
1573 2005 1705 2039 πρότερον
1720 2005 1783 2039 παρ’
1803 2003 1939 2038 Ἑϐραίοις

1153 2051 1354 2087 μεμελετάσθω.
1382 2052 1454 2086 Μήτι
1474 2048 1519 2076 οὖν
1537 2050 1657 2081 ἐπίδοξον
1679 2059 1739 2076 τινα
1760 2050 1904 2084 δυνάστην,
1921 2049 1938 2084 ἢ

1152 2097 1299 2132 τύραννον,
1317 2097 1333 2132 ἦ
1356 2104 1416 2125 τινα
1437 2095 1523 2127 ἄλλως
1542 2095 1596 2122 τῶν
1614 2095 1646 2122 τὰ
1665 2095 1769 2130 μεγάλα
1794 2093 1866 2120 κατὰ
1894 2094 1940 2120 τὸν

1153 2143 1208 2178 βίον
1225 2142 1390 2177 δυναμένων,
1401 2142 1446 2168 τὸν
1465 2141 1700 2177 προφητευόμενον
1717 2140 1940 2174 ὑπογράφουσινς

1151 2189 1201 2215 οὐκ
1217 2188 1290 2214 ἐστιν
1307 2189 1393 2213 εἰπεῖν
1405 2196 1410 2201 ·
1424 2187 1464 2213 ὅτι
1483 2186 1549 2222 μηδὲ
1562 2185 1647 2220 ἐφάνη
1659 2185 1788 2215 τοιοῦτος.
1803 2184 1872 2210 Ἀλλ’
1885 2181 1941 2215 οἷος

1152 2235 1236 2269 ἐφάνη
1250 2234 1288 2269 τῷ
1305 2233 1363 2269 βίῳ,
1375 2233 1493 2264 τοιοῦτον
1507 2232 1586 2258 αὑτὸν
1602 2231 1649 2257 καὶ
1661 2231 1806 2256 ἐθέσπισαν
1819 2229 1939 2259 ἔσεσθαι,

1151 2280 1201 2315 τῆς
1233 2279 1360 2314 ἀληθείας
1388 2279 1446 2311 κατ’
1472 2277 1547 2305 οὐδὲν
1577 2276 1811 2311 ἀπολελειμμένοι.
1847 2274 1939 2301 Εἰπὼν

1152 2326 1174 2354 δ’
1190 2323 1236 2352 οὖν
1252 2326 1266 2351 ὁ
1277 2325 1390 2356 Ἡσαΐας
1400 2333 1406 2340 ι
1418 2334 1426 2349 ι
1440 2322 1649 2358 Ἀνηγγείλαμεν
1665 2322 1777 2348 ἐνώπιον
1794 2320 1887 2351 αὑτοῦ,
1904 2320 1942 2351 ὡς

1155 2372 1270 2402 παιδίον,
1287 2371 1324 2403 ὡς
1339 2370 1400 2406 ῥίζα
1417 2371 1445 2397 ὲν
1458 2371 1493 2406 γῇ
1510 2368 1628 2404 διψώσῃ·
1651 2377 1659 2392 ι
1677 2367 1738 2401 ἑξῆς
1754 2366 1882 2394 συνάπτει
1899 2365 1943 2391 λέ-

1155 2427 1225 2452 γων·
1243 2428 1251 2443 ι
1266 2418 1322 2445 Ούκ
1337 2417 1410 2444 ἔστιν
1430 2414 1499 2446 εἶδος
1514 2413 1587 2449 αὐτῷ
1603 2414 1662 2440 οὐδὲ
1675 2413 1753 2445 δόξα·
1772 2413 1819 2439 καὶ
1834 2411 1941 2446 εἴδομεν

1157 2463 1249 2494 αὑτὸν,
1269 2463 1316 2490 καὶ
1330 2463 1380 2488 οὐκ
1396 2459 1467 2496 εἶχεν
1485 2458 1554 2494 εἶδος
1581 2459 1640 2485 οὐδὲ
1655 2458 1766 2489 κάλλος·
1793 2457 1840 2484 καὶ
1857 2454 1890 2492 ἦν
1913 2457 1943 2482 τὸ

1157 2507 1225 2540 εἶδος
1248 2507 1329 2535 αὑτοῦ
1353 2507 1448 2542 ἄτιμον
1472 2506 1518 2532 καὶ
1542 2503 1664 2531 ἐκλεῖπον
1679 2502 1753 2538 παρᾶ
1780 2502 1841 2533 τοὺς
1868 2502 1943 2533 υἱοὺς

1155 2553 1209 2581 τῶν
1226 2551 1387 2588 ἀνθρώπων.
1405 2550 1573 2585 Ἀνθρωπος,
1586 2549 1614 2576 ὲν
1628 2547 1717 2582 πληγῇ
1736 2546 1782 2577 ὢν,
1799 2546 1845 2572 καὶ
1864 2545 1943 2576 εἰδὼς

1156 2599 1248 2634 φέρειν
1267 2597 1419 2633 μαλακίαν,
1438 2594 1587 2630 ἡτιμᾴσθη,
1605 2593 1652 2625 καὶ
1670 2593 1718 2619 οὐκ
1733 2591 1869 2626 ἐλογίσθη.
1883 2600 1892 2615 ι
1910 2591 1943 2616 Τί

1156 2642 1202 2671 οὖν
1224 2643 1346 2669 λείπεται
1374 2641 1419 2675 ἐπὶ
1442 2640 1560 2671 τούτοις
1584 2639 1614 2665 El
1639 2638 1692 2673 γὰρ
1708 2638 1835 2672 προεῖπον
1859 2635 1942 2664 αὐτοῦ

1158 2689 1261 2725 φυλὴν,
1284 2689 1331 2715 καὶ
1357 2687 1450 2721 γένος,
1474 2687 1521 2714 καὶ
1536 2685 1635 2721 τρόπον
1651 2683 1799 2718 γενέσεως,
1825 2681 1870 2709 καὶ
1894 2681 1943 2716 τῆς

1165 2775 1213 2797 vn.
1228 2766 1270 2793 l2.
1308 2766 1329 2781 ³³
1346 2765 1417 2792 Psal.
1430 2771 1561 2794 Lxxxvnl,
1573 2761 1668 2792 27,28.
1707 2762 1729 2777 ⁸ο
1745 2761 1815 2788 Psal.
1829 2767 1904 2792 Lxxr,
1915 2758 1941 2785 8.

1159 2881 1316 2916 παρίστησι,
1334 2879 1365 2905 δι’
1380 2877 1547 2913 αἰνιγμάτων
1562 2877 1621 2911 μέν,
1638 2884 1665 2904 κ.
1687 2884 1712 2902 τ.
1725 2875 1761 2908 λ.,
1779 2879 1805 2902 et
1824 2874 1865 2903 sic
1880 2874 1942 2910 legit

1161 2922 1306 2950 tnterpt'es.
