2071 3219
194 210 241 238 Ml

644 213 967 242 DEMONSTRATIONIS
988 203 1215 242 EVANGELICJE
1236 213 1299 241 LIB.
1320 213 1367 240 Ill.

1754 212 1801 240 l8?

193 269 333 304 Παρθένου
352 271 382 297 τὺ
399 271 489 307 θαῦμα
509 272 555 299 καὶ
573 273 629 307 βίου
650 274 764 309 τρόπον.
783 273 926 300 ἀκόλουθον

1028 273 1173 301 Nobiscum
1186 273 1266 304 Deus.
1279 273 1330 299 hoc
1340 271 1412 300 enim
1423 271 1557 307 signiﬁcat
1565 280 1574 296 1
1586 269 1783 297 Emmanuel“.
1792 281 1802 297 ›

150 314 153 316 ’
191 315 254 350 ἑξῆς
271 315 339 351 μηδὲ
350 316 400 351 τὴν
416 317 541 353 τελευτὴν
558 319 749 354 ἀποσιωπῆσαι
769 319 860 345 αὐτοῦ.
878 320 910 345 Τί
928 318 974 346 οὖν

190 362 237 388 καί
258 362 323 397 περὶ
347 362 449 398 ταύτης
478 363 591 396 Ἡσαΐας
614 364 753 398 θεσπίζει;
773 375 781 390 ‹
801 365 972 400 Ἀνθρωπος,

189 407 272 443 φησὶν
283 428 290 440 ,
311 408 340 434 ὲν
355 408 444 444 πληγῇ
461 409 515 441 ὢν,
543 411 590 437 καὶ
618 410 694 442 εἰδὼς
711 412 804 447 φέρειν
821 411 972 446 μαλακίαν,

188 452 327 488 ἠτιμάσθη
351 453 398 479 καὶ
418 455 468 480 οὐκ
503 455 638 490 ἐλογίσθη.
666 452 750 488 Οὗτος
771 456 819 488 τὰς
840 457 974 492 ἁμαρτίας

187 499 267 533 ἡμῶν
292 499 384 534 φέρει,
409 500 455 526 καὶ
472 501 537 536 περὶ
554 502 633 537 ἡμῶν
661 502 802 529 ὀδυνᾶσαι)
821 503 868 529 καὶ
895 504 974 538 ἡμεῖς

187 545 370 579 ἐλογισάμεθα
386 546 465 573 αὑτὸν
483 545 550 573 εἶναι
566 548 594 574 ἐν
611 548 683 582 πόνῳ
697 549 743 575 καὶ
761 549 790 574 ὲν
809 549 910 584 πληγῇ,
927 549 973 575 καὶ

186 592 216 617 ὲν
233 591 368 617 κακώσει·
385 592 465 623 αὐτὸς
480 592 508 618 δὲ
533 594 734 629 ὲτραυματίσθη
757 594 799 621 διὰ
819 594 867 626 τὰς
884 596 972 631 ἁμαρ-

185 637 248 668 τίας
262 637 349 672 ἡμῶν,
367 638 414 664 καὶ
428 638 627 673 μεμαλάκισται
637 639 680 665 διὰ
694 639 743 671 τὰς
759 639 873 674 ἀνομίας
883 640 970 675 ἡμῶν.

185 681 301 708 Παιδεία
315 683 426 718 εἰρήνης
442 683 521 718 ἡμῶν
535 685 577 710 ἐπ’
593 684 684 716 αὑτὸν,
701 684 739 719 τῷ
756 684 868 720 μώλωπι
889 684 971 711 αὐτοῦ

184 729 267 764 ἡμεῖς
292 729 414 765 ίάθημεν.
440 730 543 761 Πάντες
564 730 601 762 ὠς
621 730 742 765 πρόϐατα
761 730 970 766 ἐπλανήθημεν,

184 774 233 801 καὶ
247 775 348 814 Κύριος
364 775 520 811 παρέδωκεν
539 775 620 802 αὑτὸν
636 777 696 808 ταῖς
710 776 856 812 ἁμαρτίαις
875 776 953 812 ἡμῶν
963 785 969 791 ·

183 821 234 847 καὶ
246 821 326 852 αὐτὸς
340 821 384 847 διὰ
400 822 430 848 τὺ
445 821 619 848 κεκακῶσθαι
636 822 685 848 οὐκ
707 822 808 856 ἀνοίγει
831 822 861 849 τὸ
885 823 970 858 στόμα

183 866 279 892 αὑτοῦ.
304 867 347 898 Ὠς
362 867 496 902 πρόϐατον
512 867 558 894 ἐπὶ
576 867 681 902 σφαγὴν
693 867 772 902 ἤχθη,
781 869 827 894 καὶ
838 868 875 900 ὡς
887 869 970 904 ἀμνὸς

182 911 275 938 ἔναντι
290 911 336 938 τοῦ
356 913 492 948 κείροντος
512 913 627 948 ἄφωνος,
647 912 732 944 οὕτως
753 913 802 939 οὐκ
823 914 924 947 ἀνοίγει
940 914 970 940 τὸ

1027 319 1102 346 Talia
1119 319 1152 346 de
1165 319 1267 346 Christi
1283 318 1355 353 apud
1371 318 1494 345 homines
1511 317 1615 351 origine
1630 316 1734 350 antiqui
1753 315 1802 343 lle-

1025 366 1160 393 braaorum
1183 365 1321 400 prophetae
1344 364 1552 391 meditabantur.
1577 362 1705 396 Nunquid
1724 362 1802 396 igitur

1024 412 1157 438 illustrem
1175 410 1318 446 quemdam
1335 410 1483 445 principem
1495 429 1502 441 ,
1521 412 1568 436 aut
1581 414 1725 444 tyrannum
1736 427 1743 438 ,
1758 411 1802 434 aut

1024 457 1125 492 alioqui
1151 464 1235 484 unum
1259 464 1371 490 eorum,
1399 454 1445 490 qui
1470 454 1616 489 plurimum
1643 457 1755 488 possunt
1776 454 1803 479 in

1023 503 1096 534 vita,
1121 510 1183 529 eum
1205 502 1238 528 de
1260 509 1315 536 quo
1337 501 1522 527 vaticinantur
1545 499 1725 526 describunt?
1749 505 1803 525 non

1023 551 1113 582 potest
1127 547 1199 574 dici:
1216 548 1343 581 quoniam
1362 554 1396 572 ne
1417 544 1543 580 apparuit
1562 544 1671 578 quidem
1695 542 1800 577 aliquid

1023 594 1085 621 tale.
1098 593 1150 621 Sed
1165 594 1254 628 qualis
1268 593 1325 627 ipse
1339 592 1414 618 visus
1427 595 1468 618 est
1482 591 1535 618 vita
1547 611 1553 622 ,
1568 590 1647 616 talem
1662 590 1725 616 item
1741 596 1804 615 eum

1024 639 1081 667 fore
1097 639 1273 671 cecinerunt,
1289 638 1340 665 hac
1359 637 1452 671 utique
1468 637 1494 663 in
1517 644 1545 663 re
1566 635 1634 662 nihil
1654 642 1669 661 a
1690 634 1803 661 veritate

1023 686 1192 713 aberrantes.
1215 684 1362 719 Postquam
1375 691 1439 718 ergo
1453 682 1536 709 Isaias
1556 682 1623 709 dixit
1639 691 1645 708 :
1664 690 1672 706 ι
1688 681 1803 708 Annuu-

1021 731 1150 758 tiavimus
1171 738 1262 757 coram
1284 738 1334 760 eo,
1355 729 1433 763 quasi
1455 728 1603 762 puerulus,
1626 726 1705 761 quasi
1726 725 1803 752 radix

1022 777 1049 804 in
1071 781 1143 804 terra
1167 776 1272 804 sitienti
1292 775 1325 808 ⁸⁵,
1344 785 1352 802 ι
1368 775 1497 809 deinceps
1521 773 1662 808 adjungit,
1688 773 1799 799 dicens:

1025 832 1034 848 ι
1048 822 1106 850 Non
1131 829 1172 850 est
1196 823 1300 857 species
1324 822 1366 855 ei,
1393 829 1481 856 neque
1502 821 1610 855 gloria:
1631 823 1658 846 et
1680 818 1800 846 vidimus

1021 876 1082 896 eum
1091 888 1098 900 ,
1110 873 1137 895 et
1153 876 1205 895 non
1222 869 1316 895 habuit
1328 867 1444 903 speciem
1457 874 1544 901 neque
1556 864 1799 900 pulchritudinem:

1021 917 1049 939 et
1065 913 1116 939 fuit
1131 913 1236 948 species
1252 913 1312 947 ejus
1330 912 1389 939 sine
1403 912 1508 938 honore
1523 910 1653 937 deﬁciens
1667 917 1722 944 prae
1739 909 1800 935 ﬁliis

182 956 287 991 στόμα·
313 957 362 992 τὴν
380 957 476 991 γενεὰν
502 956 583 983 αὐτοῦ
607 957 648 988 τίς
674 956 846 991 διηγήσεται;
868 957 908 982 ὅτι
929 956 967 982 αἴ-

1023 959 1173 986 hominum.
1188 958 1275 985 Homo
1286 965 1347 985 cum
1361 958 1437 992 plaga
1451 961 1540 988 esset,
1555 956 1645 983 sciens
1658 955 1729 982 ferre
1742 955 1802 980 lan-

183 1010 261 1037 ρεται
288 1002 341 1029 ἀπὸ
362 1003 412 1038 τῆς
430 1003 482 1038 γῆς
508 1003 524 1038 ἡ
543 1002 599 1037 ζωὴ
616 1002 713 1028 αὑτοῦ·
736 1012 745 1028 ι
759 1002 804 1028 καὶ
830 1002 863 1028 τὰ
880 1002 969 1028 λοιπά.

182 1047 315 1083 Σημαίνει
343 1048 372 1074 δὲ
400 1048 444 1074 διὰ
478 1047 599 1078 τούτων,
630 1048 668 1079 ὡς
703 1047 756 1083 ἄρα
786 1049 800 1073 ὁ
832 1048 968 1084 Χριστὸς,

179 1091 262 1123 ἐκτὸς
301 1093 391 1128 πάσης
423 1094 552 1129 ὑπάρχων
585 1093 789 1129 πλημμελείας,
819 1093 868 1125 τὰς
901 1095 970 1130 ὑπὲρ

180 1138 334 1174 ἀνθρώπων
367 1139 504 1174 ἁμαρτίας
536 1141 576 1172 εἰς
607 1140 700 1166 ἑαυτὸν
730 1140 896 1172 ἁναδέξεται.
926 1141 970 1167 Διὸ

181 1185 230 1211 καὶ
271 1184 396 1211 πείσεται
430 1185 463 1211 τὰ
501 1185 554 1212 τῶν
592 1185 790 1221 ἡμαρτηκότων
822 1185 869 1212 καὶ
901 1186 969 1221 ὑπὲρ

179 1229 260 1265 ἡμῶν
276 1229 478 1266 ὀδυνηθήσεται,
493 1231 548 1257 ἀλλ’
563 1231 612 1266 οὐχ
623 1231 693 1266 ὑπὲρ
710 1230 817 1257 ἑαυτοῦ.
834 1231 865 1257 Εἰ
882 1231 909 1257 δὲ
923 1231 970 1258 καὶ

179 1275 449 1311 τραυματισθήσεται
475 1276 565 1310 λόγοις
582 1276 760 1312 βλασφήμοις,
774 1277 820 1303 καὶ
835 1276 908 1302 τοῦτ’
923 1277 968 1312 ἕρ-

179 1329 229 1354 γον
245 1320 387 1347 ἐπαιτῶν
401 1322 541 1357 ἡμετέρων
557 1322 698 1357 ἁμαρτιῶν
710 1330 716 1336 ·
733 1322 792 1348 ἐπεὶ
816 1322 862 1348 καὶ
879 1331 968 1357 μεμα-

178 1366 308 1393 λάκιαται
319 1366 364 1393 διὰ
375 1366 423 1398 τὰς
435 1367 572 1402 ἁμαρτίας
589 1367 676 1402 ἡμῶν,
696 1368 770 1399 ὅπως
786 1369 876 1403 ἡμεῖς,
895 1369 967 1395 ἀνει-

178 1411 295 1446 ληφάτος
321 1411 403 1438 αὐτοῦ
423 1412 457 1439 τὰ
479 1413 601 1449 ἡμέτερα
617 1414 825 1449 ἁμπλακήματα
838 1435 844 1444 ,
866 1414 912 1440 καὶ
934 1414 968 1440 τὰ

176 1457 230 1492 τῆς
240 1458 376 1493 ἡμετέρας
398 1461 497 1489 κακίας
521 1459 675 1494 τραύματα,
697 1460 735 1495 τῷ
755 1459 868 1494 μώλωπι
886 1460 967 1486 αὑτοῦ

179 1502 310 1538 ῐαθῶμεν.
327 1504 382 1530 Καὶ
403 1503 436 1530 τὰ
455 1504 505 1539 μὲν
522 1505 594 1531 αἴτια
610 1502 646 1531 ὦν
666 1506 730 1541 παρ’
744 1505 896 1541 ἀνθρώποις
909 1506 967 1532 πεί-

179 1556 258 1574 σεται
272 1550 287 1575 ό
303 1550 505 1585 ἀναμάρτητος,
517 1550 603 1577 ταῦτα
615 1549 658 1586 ἦν.
676 1551 808 1578 Ἰουδαίων
818 1552 846 1578 δὲ
856 1553 908 1578 τῶν
922 1552 966 1579 τὸν

177 1594 294 1622 θάνατον
310 1596 384 1631 αὑτῷ
404 1598 649 1632 συσκευασαμένων
670 1599 730 1624 οὐδὲ
758 1599 934 1634 ὑπειδόμενος
952 1601 966 1626 ὁ

178 1639 331 1675 θαυμάσιος
344 1642 495 1677 προφήτης,
508 1642 655 1678 διαρρήδην
667 1643 821 1678 ἀπελέγχει,
833 1645 878 1670 καὶ
891 1645 968 1671 τοῦτο

178 1688 310 1721 ἄντικρυς
340 1687 504 1722 σχετλιάζων
526 1688 573 1714 καὶ
592 1687 692 1722 λέγων·
714 1698 722 1714 ι
746 1690 810 1715 Ἀπὸ
830 1690 883 1716 τῶν
906 1691 968 1716 ἀνο-

180 1731 251 1765 μιῶν
267 1731 313 1757 τοῦ
342 1731 407 1758 λαοῦ
423 1741 472 1767 μου
500 1732 568 1767 ἤχθη
595 1733 633 1764 εἰς
651 1733 774 1760 θάνατον.
800 1744 808 1760 ι
831 1733 886 1761 Εἶτ’
908 1736 967 1762 ἐπεὶ

179 1777 362 1813 παραχρῆμα,
378 1779 424 1804 καὶ
441 1779 490 1804 οὐκ
504 1780 543 1810 εἰς
561 1779 667 1814 μακρὰν
681 1780 750 1814 μετὰ
764 1781 813 1816 τὴν
833 1781 902 1807 κατὰ
919 1782 966 1808 τοῦ

177 1823 299 1858 Χριστοῦ
312 1823 413 1858 τόλμαν
425 1825 439 1850 ὸ
452 1824 586 1860 παντελὴς
602 1826 700 1857 αὐτοὺς
713 1826 844 1861 μετῆλθεν
858 1827 967 1862 ὄλεθρος

178 1868 408 1903 πολιορκηθέντας
444 1871 495 1896 ὑπὸ
521 1871 680 1906 Ῥωμαίων,
705 1872 764 1898 οὐδὲ
787 1872 865 1899 τοῦτο
886 1883 968 1910 παρι-

175 1913 242 1945 δὼν,
252 1915 372 1948 ἐπιλέγει
381 1923 388 1929 ·
400 1924 409 1939 ‹
421 1915 476 1941 Καὶ
489 1915 566 1942 δώσω
575 1917 639 1947 τοὺς
645 1925 712 1952 πονη
718 1918 779 1952 pob;
789 1918 848 1944 ἀντὶ
859 1919 908 1953 τῆς
919 1928 966 1946 τα-

177 1960 232 1994 φῆς
246 1959 337 1992 αὐτοῦ,
359 1961 479 1992 καὶτοὺς
495 1961 639 1992 πλουσίους
646 1963 707 1988 ἀντὶ
721 1962 834 1990 θανάτου
847 1964 940 1991 αὑτοῦ.
954 1975 963 1991 ι

179 2005 280 2041 Ἤρκει
303 2006 352 2041 μὲν
380 2004 425 2033 οὖν
441 2007 487 2033 ἐπὶ
516 2008 620 2040 τούτοις
632 2009 781 2044 ἐπιγράψαι
798 2010 846 2045 τὴν
861 2019 967 2046 προφη-

175 2050 264 2082 τείαν,
280 2053 303 2077 εἰ
320 2052 400 2087 μηδέν
412 2061 438 2078 τι
463 2053 542 2079 πλέον
559 2053 668 2080 ἔσεσθαι
686 2055 755 2090 μετὰ
770 2055 818 2090 τὴν
836 2056 883 2081 τοῦ
901 2057 967 2091 Χρι-

177 2097 242 2124 στοῦ
259 2098 386 2133 τελευτὴν
403 2099 492 2134 ἑώρα’
508 2101 569 2126 ἐπεὶ
587 2100 615 2126 δὲ
627 2101 689 2127 ὅσον
699 2101 774 2128 οὔπω
790 2101 884 2138 ἔμελλε
899 2103 967 2138 μετὰ

175 2142 226 2178 τῆν
254 2143 390 2179 τελευτὴν,
416 2145 432 2179 ἢ
452 2145 519 2179 μετὰ
546 2145 594 2180 τὴν
612 2146 701 2182 ταφὴν
727 2147 895 2175 παλινοστεῖν
920 2149 966 2176 καὶ

175 2188 317 2219 ἀναϐιοῦν,
338 2189 378 2215 ἔτι
406 2191 470 2225 περὶ
500 2191 582 2217 αὐτοῦ
601 2192 748 2219 καὶταῦτα
777 2194 964 2230 προστίθησιν,

175 2233 242 2267 ἑξῆς
263 2233 412 2268 ἐπιλέγων
433 2244 442 2260 ‹
467 2236 522 2262 Καὶ
551 2236 652 2272 Κύριος
677 2237 800 2271 βούλεται
819 2239 964 2275 καθαρίσαι

175 2279 257 2305 αὑτὸν
271 2280 319 2314 τῆς
332 2281 448 2316 πληγῆς.
470 2281 531 2307 Ἐὰν
541 2281 609 2308 δῶτε
626 2291 658 2308 πε
664 2283 688 2318 pi
701 2284 846 2319 ἁμαρτίας,
863 2286 878 2320 ἡ
891 2285 963 2321 ψυχὴ
982 2282 1004 2310 D

174 2325 252 2361 ὑμῶν
269 2326 362 2361 ὄψεται
380 2328 490 2362 σπέρμα
516 2328 661 2364 μακρόϐιον
673 2338 680 2343 ·
703 2331 749 2356 καὶ
766 2330 888 2365 βούλεται
907 2333 963 2359 Κύ-

177 2378 234 2405 ριος
249 2371 358 2405 ἀφελεῖν
373 2373 426 2398 ἀπὸ
440 2373 487 2399 τοῦ
503 2373 584 2399 πόνου
594 2374 645 2408 τῆς
663 2374 752 2409 ψυχῆς
767 2376 859 2409 αὑτοῦ,
877 2377 962 2412 δεῖξαι

174 2416 249 2451 αὖτῷ
264 2416 330 2451 φῶς.
351 2427 359 2442 ι
382 2417 527 2454 Ἀνὼτερον
540 2419 634 2451 εἰπὼν,
649 2430 657 2445 ι
672 2420 812 2456 ἄνθρωπος
828 2423 857 2448 ὲν
873 2423 962 2460 πληγῇ

174 2461 223 2494 ὢν,
245 2463 291 2489 καὶ
309 2463 388 2495 εἰδὼς
405 2464 497 2500 φέρειν
523 2465 658 2500 μαλακίαν
681 2476 689 2491 ι
707 2466 754 2493 νῦν
772 2467 840 2503 μετὰ
857 2469 902 2495 τὸν
916 2469 964 2496 θά-

172 2517 252 2535 νατον
270 2510 352 2536 αὐτοῦ
369 2511 417 2536 καὶ
431 2511 480 2546 τὴν
496 2511 594 2547 ταφὴν,
612 2521 621 2537 ι
637 2512 748 2548 Κύριος,
761 2524 769 2539 ι
784 2515 860 2550 φησὶ,
879 2525 889 2540 ι
902 2515 964 2550 βού-

173 2556 250 2583 λεται
268 2556 415 2591 καθαρίσαι
424 2556 504 2583 αὐτὸν
514 2557 564 2592 τῆς
578 2557 694 2593 πληγῆς.
708 2569 717 2584 ι
732 2560 785 2585 Καὶ
797 2560 855 2591 πῶς
865 2560 940 2588 ἔσται
953 2571 960 2595 ;

176 2611 186 2625 ο
205 2601 269 2627 Ἐὰν
282 2601 360 2633 δῶτε,
381 2611 390 2627 ι
406 2602 482 2636 φησὶ,
501 2612 510 2627 ι
527 2603 591 2638 περὶ
601 2604 747 2640 ἁμαρτίας,
769 2606 784 2640 ή
803 2605 874 2641 ψυχὴ
886 2606 962 2641 ὑμῶν

172 2648 267 2682 ὕψεται
281 2648 391 2683 σπέρμα
407 2648 570 2684 μακρόϐιον·
595 2659 603 2674 ι
617 2650 646 2675 οὐ
663 2651 728 2676 πᾶσι
743 2649 797 2687 γὰρ
813 2652 916 2685 ἐφεῖται
932 2653 962 2679 τὸ

173 2693 323 2729 μακρόϐιον
337 2693 385 2720 τοῦ
411 2693 529 2730 Χριστοῦ
555 2695 664 2730 σπέρμα
685 2697 807 2728 συνιδεῖν,
831 2697 847 2732 ἢ
874 2698 963 2733 μόνοις

172 2742 228 2772 τοῖς
238 2739 518 2775 ἐξομολογησαμένοις
539 2741 586 2767 καὶ
598 2740 633 2766 τὰ
650 2741 724 2776 δῶρα
737 2742 770 2768 τὰ
788 2743 857 2779 ὑπὲρ
873 2744 962 2779 ἀμαρ-

172 2786 236 2812 τιῶν
249 2786 419 2822 προσάγουσι
429 2786 468 2821 τῷ
484 2785 553 2820 Θεῷ.
571 2786 667 2813 Μόνων
681 2788 732 2823 γὰρ
747 2788 847 2815 τούτων
861 2790 877 2824 ἡ
890 2789 961 2825 ψυχὴ

172 2832 266 2868 ﬂerat
292 2832 405 2868 σπέρμα
429 2832 576 2868 μακρόϐιον
595 2832 624 2858 τὸ
641 2833 685 2859 τοῦ
699 2834 826 2869 Χριστοῦ,
841 2835 899 2869 ἦτοι
913 2836 962 2870 τὴν

203 2922 289 2949 “lsa.
311 2921 414 2950 νιι.1ιι.
455 2922 476 2937 ³⁸
493 2921 545 2949 lsa.
561 2930 620 2955 Lm,
633 2923 660 2950 ‘2.

700 2924 722 2943 "'
736 2923 801 2952 ibid.
829 2925 888 2952 2-4.
927 2925 948 2942 ⁸⁷
962 2924 1025 2952 ibid.
1043 2925 1097 2952 4-8,
1137 2924 1160 2939 ⁸⁸
1185 2925 1250 2952 ibid.
1265 2925 1290 2952 8.

1022 1012 1131 1039 guorem
1153 1008 1326 1038 contemptus
1349 1008 1407 1036 est,
1431 1007 1458 1030 et
1475 1010 1528 1029 non
1546 1005 1722 1036 computatus
1738 1000 1771 1026 “.
1788 1009 1798 1024 ι

1021 1050 1090 1083 Quid
1113 1049 1146 1076 ad
1167 1050 1223 1076 [nec
1244 1050 1326 1084 igitur
1347 1049 1496 1083 superest?
1514 1047 1580 1074 Nam
1603 1055 1664 1074 cum
1686 1047 1759 1073 illius
1774 1050 1801 1072 et

1021 1098 1120 1124 tribum
1131 1118 1138 1128 ,
1153 1101 1179 1124 et
1194 1105 1293 1132 genus,
1306 1101 1333 1124 et
1348 1097 1457 1123 modum
1472 1095 1602 1123 nascendi
1616 1115 1624 1126 ,
1637 1099 1664 1122 et
1680 1095 1798 1130 Virginis

1021 1143 1182 1170 miraculum
1194 1163 1200 1174 ,
1216 1139 1243 1170 et
1260 1143 1322 1169 vitae
1338 1150 1440 1169 morem
1464 1141 1655 1177 prazdixerint,
1676 1141 1801 1176 sequitur

1020 1186 1148 1223 deinceps
1162 1208 1169 1220 ,
1187 1192 1217 1214 ut
1233 1195 1266 1215 ne
1280 1191 1395 1214 mortem
1410 1187 1520 1222 quidem
1539 1186 1679 1221 ejustaciti
1693 1191 1802 1222 praeter-

1019 1233 1108 1260 ierint.
1130 1233 1182 1261 Sed
1206 1234 1270 1268 quid
1285 1233 1391 1260 laudent
1406 1233 1481 1260 canit
1493 1234 1575 1260 etiam
1586 1232 1619 1260 de
1632 1233 1682 1260 hac
1698 1232 1800 1259 Isaias?

1022 1289 1030 1305 ι
1046 1280 1151 1312 Homo,
1167 1280 1274 1315 inquit,
1290 1288 1351 1306 cum
1368 1281 1395 1306 in
1411 1280 1488 1314 plaga
1503 1283 1592 1311 esset,
1616 1279 1705 1306 sciens
1730 1279 1801 1306 ferre

1019 1326 1175 1361 languorem
1187 1346 1194 1358 ,
1216 1330 1386 1361 c0ntcmptus
1398 1331 1439 1353 est
1450 1331 1476 1353 et
1488 1333 1542 1352 non
1553 1328 1724 1359 computatus
1738 1333 1744 1351 :
1756 1324 1801 1352 hic

1019 1377 1129 1408 peccata
1144 1376 1236 1399 nostra
1254 1372 1322 1404 fert,
1345 1376 1372 1400 et
1393 1380 1441 1407 pro
1458 1373 1536 1399 nobis
1549 1375 1592 1399 est
1604 1371 1631 1398 in
1649 1370 1757 1401 dolore.
1774 1374 1802 1397 et

1018 1427 1068 1446 nos
1082 1419 1297 1446 existimavimus
1312 1427 1373 1446 eum
1389 1426 1450 1446 esse
1463 1419 1489 1445 in
1504 1418 1596 1444 labore
1610 1437 1617 1449 ,
1629 1421 1656 1443 et
1668 1418 1695 1443 in
1710 1418 1795 1452 plaga.

1017 1468 1044 1492 et
1063 1464 1089 1490 in
1106 1464 1249 1491 alllictione
1263 1473 1268 1490 :
1284 1464 1341 1498 ipse
1354 1467 1444 1490 autem
1460 1464 1620 1490 vulneratus
1634 1465 1676 1490 est
1691 1467 1801 1497 propter

1017 1513 1129 1544 peccata
1142 1513 1235 1536 nostra
1245 1529 1251 1541 ,
1265 1513 1292 1536 et
1306 1509 1458 1536 inﬁrmatus
1469 1513 1509 1535 est
1521 1513 1632 1543 propter
1643 1508 1800 1542 iniquitates

1017 1559 1136 1583 nostras.
1146 1555 1275 1582 Doctrina
1285 1555 1359 1590 pacis
1368 1559 1468 1582 nostrae
1477 1562 1560 1589 super
1567 1561 1640 1585 eum,
1651 1554 1735 1580 livore
1741 1553 1801 1587 ejus

1018 1609 1068 1628 nos
1083 1601 1170 1628 sanati
1184 1609 1289 1628 sumus.
1304 1599 1404 1627 Omnes
1417 1604 1546 1634 tanquam
1559 1606 1622 1625 oves
1636 1599 1798 1628 erravimus.

1019 1650 1044 1674 et
1054 1646 1185 1674 Dominus
1194 1646 1305 1673 tradidit
1313 1654 1374 1672 eum
1383 1646 1500 1680 peccatis
1508 1645 1610 1672 nostris
1621 1654 1626 1671 :
1636 1650 1661 1671 et
1670 1645 1728 1679 ipse
1739 1650 1800 1671 cum

1019 1696 1173 1722 vexaretur,
1187 1700 1240 1719 non
1253 1692 1390 1726 aperiebat
1401 1699 1432 1719 os
1443 1699 1533 1719 suum.
1548 1690 1630 1724 Quasi
1641 1691 1700 1717 Ovis
1711 1690 1744 1716 ad
1755 1698 1800 1717 oc-

1019 1737 1150 1764 cisionem
1165 1737 1264 1763 ductus
1275 1741 1327 1768 est,
1341 1740 1368 1763 et
1382 1737 1452 1764 sicut
1464 1743 1549 1770 agnus
1562 1743 1655 1762 coram
1670 1736 1801 1763 tondente

1017 1790 1071 1809 non
1089 1783 1195 1817 aperuit
1209 1790 1256 1809 os:
1268 1782 1469 1817 generationem
1488 1781 1548 1816 ejus
1565 1782 1626 1816 quis
1643 1781 1802 1808 enarrabit?

1018 1830 1146 1863 quoniam
1163 1829 1268 1855 tollitur
1289 1829 1322 1856 de
1339 1833 1411 1855 terra
1431 1829 1485 1855 vita
1500 1827 1560 1862 ejus
1574 1827 1606 1861 ⁸⁷,
1625 1837 1633 1853 ι
1647 1832 1674 1854 et
1686 1828 1800 1862 reliqua.

1018 1874 1084 1900 Nam
1105 1874 1147 1901 his
1159 1874 1249 1901 verbis
1272 1873 1405 1908 signiﬁcat
1418 1873 1555 1901 Christum
1570 1873 1657 1908 ipsum
1672 1873 1780 1908 quidem
1793 1894 1801 1906 ,

1017 1920 1141 1955 quamvis
1150 1919 1184 1946 ab
1191 1920 1264 1946 omni
1273 1923 1383 1954 peccato
1393 1919 1522 1952 alienum,
1535 1923 1624 1946 tamen
1635 1923 1745 1954 peccata
1754 1919 1803 1945 ho-

1018 1965 1120 1991 minum
1130 1972 1178 1999 pro
1191 1964 1258 1999 ipsis
1270 1964 1426 1991 hominibus
1435 1965 1462 1990 in
1472 1965 1589 1999 seipsum
1598 1968 1800 1999 suscepturum.

1017 2010 1072 2045 99
1086 2010 1221 2042 Quocirca
1235 2011 1316 2037 etiam
1331 2018 1362 2037 ea
1378 2011 1506 2046 patietur,
1522 2019 1582 2045 qua:
1604 2012 1648 2045 qui
1673 2018 1803 2045 peccave-

1018 2057 1074 2082 rint
1088 2056 1143 2090 pati
1159 2056 1257 2088 solent,
1273 2059 1299 2082 et
1322 2063 1371 2090 pro
1395 2056 1475 2083 nobis
1500 2056 1613 2086 dolebit,
1638 2064 1692 2083 non
1712 2062 1802 2083 autent

1018 2110 1067 2137 pro
1081 2103 1182 2137 seipse.
1197 2102 1273 2134 Quod
1289 2103 1312 2129 si
1326 2103 1551 2130 vulnerabituret
1562 2103 1652 2130 verbis
1662 2103 1804 2138 probrosis

1020 2150 1149 2182 ferietur,
1176 2149 1227 2176 hoc
1248 2148 1313 2176 item
1340 2153 1496 2175 nostrorum
1520 2152 1693 2183 peccatorum
1720 2157 1804 2176 causa

1019 2196 1064 2223 ﬁet
1079 2205 1085 2222 :
1102 2202 1165 2222 nam
1182 2194 1306 2221 inﬁrmus
1321 2201 1429 2229 quoque
1444 2193 1534 2222 factus
1555 2199 1597 2222 est
1612 2200 1722 2230 propter
1742 2204 1805 2230 pec-

1019 2245 1080 2269 cata
1093 2246 1198 2271 nostra,
1213 2244 1242 2267 ut
1264 2247 1314 2267 nos
1326 2239 1463 2271 videlicet,
1479 2247 1540 2266 cum
1566 2240 1610 2267 ille
1629 2241 1727 2268 delicta
1755 2249 1804 2268 no-
1840 2259 1845 2264 .

1018 2291 1085 2319 stra,
1101 2290 1255 2321 nostraeque
1278 2285 1389 2313 malitia
1405 2285 1518 2312 vulnera
1536 2286 1727 2322 assumpserit,
1743 2287 1803 2321 ejus

1019 2333 1104 2360 livore
1117 2339 1245 2359 sanemur
1260 2341 1266 2358 :
1284 2335 1312 2359 et
1326 2339 1420 2358 eorum
1435 2331 1544 2366 quidem
1566 2339 1627 2366 quae
1646 2332 1691 2360 ille
1708 2333 1803 2360 insons

1017 2380 1052 2406 ab
1073 2378 1228 2405 hominibus
1251 2385 1384 2413 passurus
1401 2382 1470 2409 erat,
1496 2378 1537 2404 hie
1559 2378 1668 2405 fuerunt
1692 2384 1801 2406 causae:

1016 2423 1125 2452 Judmos
1140 2428 1229 2451 autem
1244 2423 1290 2458 qui
1306 2423 1343 2450 illi
1360 2427 1474 2450 mortem
1487 2424 1648 2455 attulerunt,
1665 2432 1801 2460 nusquam
1820 2435 1821 2439 π

1017 2471 1119 2498 veritus
1151 2471 1278 2505 propheta
1310 2471 1461 2502 mirabilis,
1491 2471 1542 2497 hoc
1573 2470 1663 2504 ipsum
1695 2478 1804 2504 quoque

1017 2515 1159 2550 perspicue
1181 2516 1330 2550 redarguit,
1351 2517 1428 2550 plane
1449 2509 1613 2551 deplorans,
1628 2523 1659 2542 ac
1683 2515 1777 2542 dicens
1795 2523 1800 2541 :

1020 2570 1030 2586 ι
1047 2560 1087 2588 Ex
1108 2560 1297 2596 iniquitatibus
1320 2563 1411 2597 populi
1426 2562 1477 2589 mei
1500 2562 1597 2589 ductus
1614 2565 1656 2588 est
1676 2561 1708 2588 ad
1725 2567 1800 2587 mor—

1016 2609 1070 2633 tem
1080 2606 1112 2631 ⁸⁸.
1137 2615 1146 2631 ›
1172 2605 1274 2633 Deinde
1298 2613 1373 2638 vero,
1391 2608 1520 2641 quoniam
1549 2608 1614 2640 cito,
1643 2617 1730 2643 neque
1763 2610 1799 2636 ita

1017 2651 1103 2678 multo
1117 2655 1178 2686 post
1198 2651 1319 2679 nefarios
1339 2652 1471 2680 adversus
1483 2653 1623 2680 Christum
1645 2663 1739 2687 ausus,
1753 2663 1801 2682 ex-

1016 2701 1119 2725 tremus
1135 2698 1167 2724 ad
1184 2698 1245 2725 illos
1261 2706 1292 2725 ex
1315 2698 1458 2726 obsidione
1474 2699 1659 2727 Romanorum
1672 2701 1803 2730 interitus

1015 2746 1075 2770 erat
1088 2747 1229 2775 venturus,
1243 2751 1278 2771 ne
1291 2743 1343 2770 hoc
1358 2743 1466 2778 quidem
1482 2746 1602 2780 praeterit
1617 2746 1735 2778 silentio,
1754 2747 1801 2774 Sed

1013 2788 1151 2824 adjungit:
1165 2798 1174 2814 ι
1186 2788 1219 2815 Ει
1228 2789 1298 2816 dabo
1309 2789 1457 2817 sceleratos
1468 2799 1516 2825 pro
1530 2793 1669 2826 sepultura
1684 2793 1744 2827 ejus
1756 2813 1763 2824 ,
1777 2799 1801 2820 el

1014 2834 1111 2862 divites
1128 2842 1176 2869 pro
1193 2839 1280 2862 morte
1296 2835 1355 2870 ejus
1366 2835 1388 2851 δν
1405 2846 1410 2862 :
1433 2846 1442 2861 ι
1457 2840 1483 2862 et
1504 2841 1615 2871 poterat—
1624 2839 1733 2873 quidem
1755 2838 1798 2866 his

1330 2925 1352 2941 δ’
1364 2925 1428 2952 ibid.
1443 2926 1468 2953 9.
