  <div class='ocr_page' id='page_1' title='image "/cluster/home/n/w/nwhite01/storage/ocr_20150623/22/njp.32101077772497/109.png"; bbox 0 0 2071 3219; ppageno 0'>
   <div class='ocr_carea' id='block_1_1' title="bbox 284 206 337 233">
    <p class='ocr_par' dir='ltr' id='par_1_1' title="bbox 284 206 337 233">
     <span class='ocr_line' id='line_1_1' title="bbox 284 206 337 233; baseline -0.019 0"><span class='ocrx_word' id='word_1_1' title='bbox 284 206 337 233; x_wconf 75' lang='lat' dir='ltr'><strong>I83</strong></span> 
     </span>
    </p>
   </div>
   <div class='ocr_carea' id='block_1_2' title="bbox 615 204 1582 234">
    <p class='ocr_par' dir='ltr' id='par_1_2' title="bbox 615 204 1582 234">
     <span class='ocr_line' id='line_1_2' title="bbox 615 204 1582 234; baseline 0 -1"><span class='ocrx_word' id='word_1_2' title='bbox 615 205 750 234; x_wconf 83' lang='lat' dir='ltr'><strong>EUSEBII</strong></span> <span class='ocrx_word' id='word_1_3' title='bbox 769 204 1007 233; x_wconf 63' lang='lat' dir='ltr'><strong>CESARIENSIS</strong></span> <span class='ocrx_word' id='word_1_4' title='bbox 1024 205 1098 233; x_wconf 88' lang='lat' dir='ltr'><strong>OPP.</strong></span> <span class='ocrx_word' id='word_1_5' title='bbox 1121 205 1211 233; x_wconf 74' lang='lat' dir='ltr'><strong>PARS</strong></span> <span class='ocrx_word' id='word_1_6' title='bbox 1228 205 1261 233; x_wconf 89' lang='lat' dir='ltr'><strong>ll.</strong></span> <span class='ocrx_word' id='word_1_7' title='bbox 1282 220 1317 226; x_wconf 96' lang='lat'><strong>—</strong></span> <span class='ocrx_word' id='word_1_8' title='bbox 1333 205 1582 234; x_wconf 79' lang='lat' dir='ltr'><strong>APOLOGETICA.</strong></span> 
     </span>
    </p>
   </div>
   <div class='ocr_carea' id='block_1_3' title="bbox 1841 208 1894 236">
    <p class='ocr_par' dir='ltr' id='par_1_3' title="bbox 1841 208 1894 236">
     <span class='ocr_line' id='line_1_3' title="bbox 1841 208 1894 236; baseline 0 -1"><span class='ocrx_word' id='word_1_9' title='bbox 1841 208 1894 236; x_wconf 67' lang='grc' dir='ltr'>«ει</span> 
     </span>
    </p>
   </div>
   <div class='ocr_carea' id='block_1_4' title="bbox 282 261 1058 300">
    <p class='ocr_par' dir='ltr' id='par_1_4' title="bbox 282 261 1058 297">
     <span class='ocr_line' id='line_1_4' title="bbox 282 261 1058 297; baseline 0.001 -9"><span class='ocrx_word' id='word_1_10' title='bbox 282 261 452 297; x_wconf 82' lang='lat' dir='ltr'><strong>prophetiam</strong></span> <span class='ocrx_word' id='word_1_11' title='bbox 472 261 633 295; x_wconf 84' lang='lat' dir='ltr'><strong>terminare,</strong></span> <span class='ocrx_word' id='word_1_12' title='bbox 656 263 680 290; x_wconf 88' lang='lat' dir='ltr'><strong>si</strong></span> <span class='ocrx_word' id='word_1_13' title='bbox 704 262 770 289; x_wconf 85' lang='lat' dir='ltr'><strong>nihil</strong></span> <span class='ocrx_word' id='word_1_14' title='bbox 793 261 909 296; x_wconf 84' lang='lat' dir='ltr'><strong>amplius</strong></span> <span class='ocrx_word' id='word_1_15' title='bbox 937 261 1058 289; x_wconf 90' lang='lat' dir='ltr'><strong>futurum</strong></span> 
     </span>
    </p>
   </div>
   <div class='ocr_carea' id='block_1_5' title="bbox 1109 261 1894 300">
    <p class='ocr_par' dir='ltr' id='par_1_5' title="bbox 1110 261 1894 300">
     <span class='ocr_line' id='line_1_5' title="bbox 1110 261 1894 300; baseline 0.004 -12"><span class='ocrx_word' id='word_1_16' title='bbox 1110 261 1216 289; x_wconf 81' lang='grc' dir='ltr'>αἰώνιον</span> <span class='ocrx_word' id='word_1_17' title='bbox 1244 262 1316 297; x_wconf 76' lang='grc' dir='ltr'><strong>ζωὴν</strong></span> <span class='ocrx_word' id='word_1_18' title='bbox 1337 262 1429 295; x_wconf 75' lang='grc' dir='ltr'>αὑτοῦ,</span> <span class='ocrx_word' id='word_1_19' title='bbox 1445 264 1494 299; x_wconf 73' lang='grc' dir='ltr'>τὴν</span> <span class='ocrx_word' id='word_1_20' title='bbox 1513 263 1581 298; x_wconf 74' lang='grc' dir='ltr'>μετὰ</span> <span class='ocrx_word' id='word_1_21' title='bbox 1599 263 1644 290; x_wconf 75' lang='grc' dir='ltr'><strong>τὸν</strong></span> <span class='ocrx_word' id='word_1_22' title='bbox 1668 264 1790 295; x_wconf 78' lang='grc' dir='ltr'>θάνατον,</span> <span class='ocrx_word' id='word_1_23' title='bbox 1811 265 1828 300; x_wconf 75' lang='grc' dir='ltr'><strong>ἢ</strong></span> <span class='ocrx_word' id='word_1_24' title='bbox 1847 266 1894 291; x_wconf 61' lang='grc' dir='ltr'><strong>τὸν</strong></span> 
     </span>
    </p>
   </div>
   <div class='ocr_carea' id='block_1_6' title="bbox 284 307 1061 344">
    <p class='ocr_par' dir='ltr' id='par_1_6' title="bbox 284 307 1061 344">
     <span class='ocr_line' id='line_1_6' title="bbox 284 307 1061 344; baseline 0.001 -10"><span class='ocrx_word' id='word_1_25' title='bbox 284 312 345 343; x_wconf 85' lang='lat' dir='ltr'><strong>post</strong></span> <span class='ocrx_word' id='word_1_26' title='bbox 358 307 458 335; x_wconf 86' lang='lat' dir='ltr'><strong>Christi</strong></span> <span class='ocrx_word' id='word_1_27' title='bbox 485 313 599 336; x_wconf 92' lang='lat' dir='ltr'><strong>mortem</strong></span> <span class='ocrx_word' id='word_1_28' title='bbox 625 308 749 341; x_wconf 93' lang='lat' dir='ltr'><strong>vidisset,</strong></span> <span class='ocrx_word' id='word_1_29' title='bbox 770 309 817 336; x_wconf 88' lang='lat' dir='ltr'><strong>sed</strong></span> <span class='ocrx_word' id='word_1_30' title='bbox 832 308 971 344; x_wconf 87' lang='lat' dir='ltr'><strong>quoniam,</strong></span> <span class='ocrx_word' id='word_1_31' title='bbox 986 309 1061 336; x_wconf 87' lang='lat' dir='ltr'><strong>brevi</strong></span> 
     </span>
    </p>
   </div>
   <div class='ocr_carea' id='block_1_7' title="bbox 283 353 1060 389">
    <p class='ocr_par' dir='ltr' id='par_1_7' title="bbox 283 353 1060 389">
     <span class='ocr_line' id='line_1_7' title="bbox 283 353 1060 389; baseline 0.001 -9"><span class='ocrx_word' id='word_1_32' title='bbox 283 361 359 380; x_wconf 86' lang='lat' dir='ltr'><strong>mora</strong></span> <span class='ocrx_word' id='word_1_33' title='bbox 379 353 532 388; x_wconf 87' lang='lat' dir='ltr'><strong>interjecta,</strong></span> <span class='ocrx_word' id='word_1_34' title='bbox 548 358 607 382; x_wconf 83' lang='lat' dir='ltr'><strong>erat</strong></span> <span class='ocrx_word' id='word_1_35' title='bbox 625 362 639 381; x_wconf 75' lang='grc' dir='ltr'><strong>τι</strong></span> <span class='ocrx_word' id='word_1_36' title='bbox 658 359 746 382; x_wconf 90' lang='lat' dir='ltr'><strong>morte</strong></span> <span class='ocrx_word' id='word_1_37' title='bbox 760 355 817 382; x_wconf 85' lang='lat' dir='ltr'><strong>sive</strong></span> <span class='ocrx_word' id='word_1_38' title='bbox 829 361 844 381; x_wconf 86' lang='lat' dir='ltr'><strong>a</strong></span> <span class='ocrx_word' id='word_1_39' title='bbox 864 354 1004 389; x_wconf 74' lang='lat' dir='ltr'><strong>sepultura</strong></span> <span class='ocrx_word' id='word_1_40' title='bbox 1018 362 1060 381; x_wconf 82' lang='lat' dir='ltr'><strong>re-</strong></span> 
     </span>
    </p>
   </div>
   <div class='ocr_carea' id='block_1_8' title="bbox 282 399 1061 435">
    <p class='ocr_par' dir='ltr' id='par_1_8' title="bbox 282 399 1061 435">
     <span class='ocr_line' id='line_1_8' title="bbox 282 399 1061 435; baseline 0.003 -10"><span class='ocrx_word' id='word_1_41' title='bbox 282 399 458 434; x_wconf 79' lang='lat' dir='ltr'><strong>migraturus,</strong></span> <span class='ocrx_word' id='word_1_42' title='bbox 476 403 558 435; x_wconf 89' lang='lat' dir='ltr'><strong>atque</strong></span> <span class='ocrx_word' id='word_1_43' title='bbox 585 400 613 427; x_wconf 91' lang='lat' dir='ltr'><strong>in</strong></span> <span class='ocrx_word' id='word_1_44' title='bbox 639 401 722 427; x_wconf 88' lang='lat' dir='ltr'><strong>vitam</strong></span> <span class='ocrx_word' id='word_1_45' title='bbox 750 400 945 431; x_wconf 70' lang='lat' dir='ltr'><strong>restituendus.</strong></span> <span class='ocrx_word' id='word_1_46' title='bbox 962 399 995 427; x_wconf 87' lang='lat' dir='ltr'><strong>de</strong></span> <span class='ocrx_word' id='word_1_47' title='bbox 1010 399 1061 427; x_wconf 87' lang='lat' dir='ltr'><strong>hac</strong></span> 
     </span>
    </p>
   </div>
   <div class='ocr_carea' id='block_1_9' title="bbox 281 443 1061 480">
    <p class='ocr_par' dir='ltr' id='par_1_9' title="bbox 281 443 1061 480">
     <span class='ocr_line' id='line_1_9' title="bbox 281 443 1061 480; baseline 0 -10"><span class='ocrx_word' id='word_1_48' title='bbox 281 452 390 479; x_wconf 88' lang='lat' dir='ltr'><strong>quoque</strong></span> <span class='ocrx_word' id='word_1_49' title='bbox 406 452 435 472; x_wconf 92' lang='lat' dir='ltr'><strong>re</strong></span> <span class='ocrx_word' id='word_1_50' title='bbox 456 444 585 480; x_wconf 80' lang='lat' dir='ltr'><strong>deinceps</strong></span> <span class='ocrx_word' id='word_1_51' title='bbox 612 445 669 472; x_wconf 58' lang='lat' dir='ltr'><strong>hac</strong></span> <span class='ocrx_word' id='word_1_52' title='bbox 698 445 782 478; x_wconf 90' lang='lat' dir='ltr'><strong>addit,</strong></span> <span class='ocrx_word' id='word_1_53' title='bbox 803 445 843 472; x_wconf 86' lang='lat' dir='ltr'><strong>sic</strong></span> <span class='ocrx_word' id='word_1_54' title='bbox 860 445 954 472; x_wconf 88' lang='lat' dir='ltr'><strong>dicens</strong></span> <span class='ocrx_word' id='word_1_55' title='bbox 973 454 979 471; x_wconf 93' lang='lat'><strong>:</strong></span> <span class='ocrx_word' id='word_1_56' title='bbox 1000 453 1010 469; x_wconf 80' lang='grc' dir='ltr'><strong>ι</strong></span> <span class='ocrx_word' id='word_1_57' title='bbox 1028 443 1061 470; x_wconf 87' lang='lat' dir='ltr'><strong>Et</strong></span> 
     </span>
    </p>
   </div>
   <div class='ocr_carea' id='block_1_10' title="bbox 282 489 1061 526">
    <p class='ocr_par' dir='ltr' id='par_1_10' title="bbox 282 489 1061 526">
     <span class='ocr_line' id='line_1_10' title="bbox 282 489 1061 526; baseline 0.001 -10"><span class='ocrx_word' id='word_1_58' title='bbox 282 489 412 517; x_wconf 69' lang='lat' dir='ltr'><strong>Dominus</strong></span> <span class='ocrx_word' id='word_1_59' title='bbox 432 491 489 517; x_wconf 89' lang='lat' dir='ltr'><strong>vult</strong></span> <span class='ocrx_word' id='word_1_60' title='bbox 507 498 622 525; x_wconf 85' lang='lat' dir='ltr'><strong>purgare</strong></span> <span class='ocrx_word' id='word_1_61' title='bbox 638 498 699 518; x_wconf 90' lang='lat' dir='ltr'><strong>eum</strong></span> <span class='ocrx_word' id='word_1_62' title='bbox 721 498 735 517; x_wconf 87' lang='lat' dir='ltr'><strong>a</strong></span> <span class='ocrx_word' id='word_1_63' title='bbox 751 491 826 526; x_wconf 81' lang='lat' dir='ltr'><strong>plaga</strong></span> <span class='ocrx_word' id='word_1_64' title='bbox 847 491 870 518; x_wconf 92' lang='lat' dir='ltr'><strong>si</strong></span> <span class='ocrx_word' id='word_1_65' title='bbox 887 491 1012 522; x_wconf 85' lang='lat' dir='ltr'><strong>traditus,</strong></span> <span class='ocrx_word' id='word_1_66' title='bbox 1025 491 1061 517; x_wconf 83' lang='lat' dir='ltr'><strong>sit</strong></span> 
     </span>
    </p>
   </div>
   <div class='ocr_carea' id='block_1_11' title="bbox 282 536 1059 572">
    <p class='ocr_par' dir='ltr' id='par_1_11' title="bbox 282 536 1059 572">
     <span class='ocr_line' id='line_1_11' title="bbox 282 536 1059 572; baseline 0.001 -10"><span class='ocrx_word' id='word_1_67' title='bbox 282 543 331 570; x_wconf 89' lang='lat' dir='ltr'><strong>pro</strong></span> <span class='ocrx_word' id='word_1_68' title='bbox 341 540 461 570; x_wconf 81' lang='lat' dir='ltr'><strong>peccato.</strong></span> <span class='ocrx_word' id='word_1_69' title='bbox 473 536 568 563; x_wconf 82' lang='lat' dir='ltr'><strong>Anima</strong></span> <span class='ocrx_word' id='word_1_70' title='bbox 575 541 665 564; x_wconf 82' lang='lat' dir='ltr'><strong>vestra</strong></span> <span class='ocrx_word' id='word_1_71' title='bbox 676 537 777 564; x_wconf 82' lang='lat' dir='ltr'><strong>videbit</strong></span> <span class='ocrx_word' id='word_1_72' title='bbox 787 545 878 564; x_wconf 81' lang='lat' dir='ltr'><strong>semen</strong></span> <span class='ocrx_word' id='word_1_73' title='bbox 890 537 1038 572; x_wconf 73' lang='lat' dir='ltr'><strong>longrevum</strong></span> <span class='ocrx_word' id='word_1_74' title='bbox 1051 546 1059 564; x_wconf 74' lang='grc' dir='ltr'><strong>ι</strong></span> 
     </span>
    </p>
   </div>
   <div class='ocr_carea' id='block_1_12' title="bbox 281 581 1062 617">
    <p class='ocr_par' dir='ltr' id='par_1_12' title="bbox 281 581 1062 617">
     <span class='ocr_line' id='line_1_12' title="bbox 281 581 1062 617; baseline 0.003 -10"><span class='ocrx_word' id='word_1_75' title='bbox 281 585 309 608; x_wconf 86' lang='lat' dir='ltr'><strong>et</strong></span> <span class='ocrx_word' id='word_1_76' title='bbox 324 581 381 608; x_wconf 90' lang='lat' dir='ltr'><strong>vult</strong></span> <span class='ocrx_word' id='word_1_77' title='bbox 407 581 537 609; x_wconf 85' lang='lat' dir='ltr'><strong>Dominus</strong></span> <span class='ocrx_word' id='word_1_78' title='bbox 553 582 662 610; x_wconf 85' lang='lat' dir='ltr'><strong>auferre</strong></span> <span class='ocrx_word' id='word_1_79' title='bbox 687 591 702 609; x_wconf 90' lang='lat' dir='ltr'><strong>a</strong></span> <span class='ocrx_word' id='word_1_80' title='bbox 713 583 805 609; x_wconf 87' lang='lat' dir='ltr'><strong>labore</strong></span> <span class='ocrx_word' id='word_1_81' title='bbox 829 582 928 610; x_wconf 66' lang='lat' dir='ltr'><strong>anima</strong></span> <span class='ocrx_word' id='word_1_82' title='bbox 945 582 1016 617; x_wconf 79' lang='lat' dir='ltr'><strong>ejus,</strong></span> <span class='ocrx_word' id='word_1_83' title='bbox 1031 586 1062 609; x_wconf 94' lang='lat' dir='ltr'><strong>ut</strong></span> 
     </span>
    </p>
   </div>
   <div class='ocr_carea' id='block_1_13' title="bbox 282 627 1060 662">
    <p class='ocr_par' dir='ltr' id='par_1_13' title="bbox 282 627 1060 662">
     <span class='ocr_line' id='line_1_13' title="bbox 282 627 1060 662; baseline 0.001 -9"><span class='ocrx_word' id='word_1_84' title='bbox 282 627 408 654; x_wconf 77' lang='lat' dir='ltr'><strong>ostendat</strong></span> <span class='ocrx_word' id='word_1_85' title='bbox 424 628 447 654; x_wconf 89' lang='lat' dir='ltr'><strong>ci</strong></span> <span class='ocrx_word' id='word_1_86' title='bbox 465 628 551 655; x_wconf 83' lang='lat' dir='ltr'><strong>lucem</strong></span> <span class='ocrx_word' id='word_1_87' title='bbox 560 628 594 654; x_wconf 77' lang='lat'><strong>&#39;°.</strong></span> <span class='ocrx_word' id='word_1_88' title='bbox 607 637 616 654; x_wconf 68' lang='grc' dir='ltr'><strong>ι</strong></span> <span class='ocrx_word' id='word_1_89' title='bbox 634 627 684 661; x_wconf 87' lang='lat' dir='ltr'><strong>Qui</strong></span> <span class='ocrx_word' id='word_1_90' title='bbox 701 628 825 662; x_wconf 84' lang='lat' dir='ltr'><strong>superius</strong></span> <span class='ocrx_word' id='word_1_91' title='bbox 839 627 907 654; x_wconf 77' lang='lat' dir='ltr'><strong>dixit</strong></span> <span class='ocrx_word' id='word_1_92' title='bbox 926 636 954 654; x_wconf 74' lang='grc' dir='ltr'>ει</span> <span class='ocrx_word' id='word_1_93' title='bbox 974 627 1060 654; x_wconf 84' lang='lat' dir='ltr'><strong>Homo</strong></span> 
     </span>
    </p>
   </div>
   <div class='ocr_carea' id='block_1_14' title="bbox 284 673 1061 709">
    <p class='ocr_par' dir='ltr' id='par_1_14' title="bbox 284 673 1061 709">
     <span class='ocr_line' id='line_1_14' title="bbox 284 673 1061 709; baseline 0 -9"><span class='ocrx_word' id='word_1_94' title='bbox 284 673 312 700; x_wconf 89' lang='lat' dir='ltr'><strong>in</strong></span> <span class='ocrx_word' id='word_1_95' title='bbox 328 673 404 708; x_wconf 75' lang='lat' dir='ltr'><strong>plaga</strong></span> <span class='ocrx_word' id='word_1_96' title='bbox 421 675 598 706; x_wconf 85' lang='lat' dir='ltr'><strong>constitutus,</strong></span> <span class='ocrx_word' id='word_1_97' title='bbox 617 684 626 700; x_wconf 70' lang='grc' dir='ltr'><strong>ι</strong></span> <span class='ocrx_word' id='word_1_98' title='bbox 643 678 670 701; x_wconf 93' lang='lat' dir='ltr'><strong>et</strong></span> <span class='ocrx_word' id='word_1_99' title='bbox 683 683 692 699; x_wconf 87' lang='grc'><em>‹</em></span> <span class='ocrx_word' id='word_1_100' title='bbox 711 674 756 708; x_wconf 88' lang='lat' dir='ltr'><strong>qui</strong></span> <span class='ocrx_word' id='word_1_101' title='bbox 769 673 843 701; x_wconf 92' lang='lat' dir='ltr'><strong>novit</strong></span> <span class='ocrx_word' id='word_1_102' title='bbox 859 673 929 701; x_wconf 91' lang='lat' dir='ltr'><strong>ferre</strong></span> <span class='ocrx_word' id='word_1_103' title='bbox 947 673 1061 709; x_wconf 82' lang='lat' dir='ltr'><strong>languo-</strong></span> 
     </span>
    </p>
   </div>
   <div class='ocr_carea' id='block_1_15' title="bbox 282 719 1057 754">
    <p class='ocr_par' dir='ltr' id='par_1_15' title="bbox 282 719 1057 754">
     <span class='ocr_line' id='line_1_15' title="bbox 282 719 1057 754; baseline 0.003 -10"><span class='ocrx_word' id='word_1_104' title='bbox 282 725 349 750; x_wconf 87' lang='lat' dir='ltr'><strong>rem.</strong></span> <span class='ocrx_word' id='word_1_105' title='bbox 379 728 389 744; x_wconf 71' lang='grc' dir='ltr'><strong>ι</strong></span> <span class='ocrx_word' id='word_1_106' title='bbox 414 727 486 746; x_wconf 87' lang='lat' dir='ltr'><strong>nunc</strong></span> <span class='ocrx_word' id='word_1_107' title='bbox 509 723 568 754; x_wconf 89' lang='lat' dir='ltr'><strong>post</strong></span> <span class='ocrx_word' id='word_1_108' title='bbox 589 723 702 746; x_wconf 85' lang='lat' dir='ltr'><strong>mortem</strong></span> <span class='ocrx_word' id='word_1_109' title='bbox 733 719 792 753; x_wconf 76' lang='lat' dir='ltr'><strong>ejus</strong></span> <span class='ocrx_word' id='word_1_110' title='bbox 821 723 849 746; x_wconf 86' lang='lat' dir='ltr'><strong>et</strong></span> <span class='ocrx_word' id='word_1_111' title='bbox 871 719 1057 754; x_wconf 83' lang='lat' dir='ltr'><strong>sepulturam:</strong></span> 
     </span>
    </p>
   </div>
   <div class='ocr_carea' id='block_1_16' title="bbox 284 761 1060 798">
    <p class='ocr_par' dir='ltr' id='par_1_16' title="bbox 284 761 1060 798">
     <span class='ocr_line' id='line_1_16' title="bbox 284 761 1060 798; baseline 0 -9"><span class='ocrx_word' id='word_1_112' title='bbox 284 771 294 788; x_wconf 83' lang='lat' dir='ltr'><strong>I</strong></span> <span class='ocrx_word' id='word_1_113' title='bbox 309 761 450 794; x_wconf 87' lang='lat' dir='ltr'><strong>Dominus,</strong></span> <span class='ocrx_word' id='word_1_114' title='bbox 466 763 565 798; x_wconf 86' lang='lat' dir='ltr'><strong>inquit,</strong></span> <span class='ocrx_word' id='word_1_115' title='bbox 585 764 641 790; x_wconf 89' lang='lat' dir='ltr'><strong>vult</strong></span> <span class='ocrx_word' id='word_1_116' title='bbox 653 771 770 798; x_wconf 88' lang='lat' dir='ltr'><strong>purgare</strong></span> <span class='ocrx_word' id='word_1_117' title='bbox 782 771 845 790; x_wconf 90' lang='lat' dir='ltr'><strong>eum</strong></span> <span class='ocrx_word' id='word_1_118' title='bbox 860 770 875 790; x_wconf 88' lang='lat' dir='ltr'><strong>a</strong></span> <span class='ocrx_word' id='word_1_119' title='bbox 891 764 981 798; x_wconf 77' lang='lat' dir='ltr'><strong>plaga,</strong></span> <span class='ocrx_word' id='word_1_120' title='bbox 1003 772 1012 789; x_wconf 80' lang='grc' dir='ltr'><strong>ι</strong></span> <span class='ocrx_word' id='word_1_121' title='bbox 1033 767 1060 791; x_wconf 92' lang='lat' dir='ltr'><strong>et</strong></span> 
     </span>
    </p>
   </div>
   <div class='ocr_carea' id='block_1_17' title="bbox 282 807 1060 843">
    <p class='ocr_par' dir='ltr' id='par_1_17' title="bbox 282 807 1060 843">
     <span class='ocr_line' id='line_1_17' title="bbox 282 807 1060 843; baseline 0.003 -10"><span class='ocrx_word' id='word_1_122' title='bbox 282 808 330 842; x_wconf 94' lang='lat' dir='ltr'><strong>qul</strong></span> <span class='ocrx_word' id='word_1_123' title='bbox 348 807 399 834; x_wconf 87' lang='lat' dir='ltr'><strong>hoc</strong></span> <span class='ocrx_word' id='word_1_124' title='bbox 418 808 480 834; x_wconf 85' lang='lat' dir='ltr'><strong>fiet?</strong></span> <span class='ocrx_word' id='word_1_125' title='bbox 503 817 511 833; x_wconf 86' lang='grc' dir='ltr'><strong>ι</strong></span> <span class='ocrx_word' id='word_1_126' title='bbox 531 807 554 835; x_wconf 89' lang='lat' dir='ltr'><strong>si</strong></span> <span class='ocrx_word' id='word_1_127' title='bbox 567 808 693 839; x_wconf 83' lang='lat' dir='ltr'><strong>traditus,</strong></span> <span class='ocrx_word' id='word_1_128' title='bbox 710 808 808 842; x_wconf 86' lang='lat' dir='ltr'><strong>inquit,</strong></span> <span class='ocrx_word' id='word_1_129' title='bbox 825 807 906 835; x_wconf 85' lang='lat' dir='ltr'><strong>fuerit</strong></span> <span class='ocrx_word' id='word_1_130' title='bbox 928 816 977 843; x_wconf 92' lang='lat' dir='ltr'><strong>pro</strong></span> <span class='ocrx_word' id='word_1_131' title='bbox 996 816 1060 843; x_wconf 89' lang='lat' dir='ltr'><strong>pec-</strong></span> 
     </span>
    </p>
   </div>
   <div class='ocr_carea' id='block_1_18' title="bbox 280 852 1056 889">
    <p class='ocr_par' dir='ltr' id='par_1_18' title="bbox 280 852 1056 889">
     <span class='ocr_line' id='line_1_18' title="bbox 280 852 1056 889; baseline 0 -10"><span class='ocrx_word' id='word_1_132' title='bbox 280 856 352 884; x_wconf 89' lang='lat' dir='ltr'><strong>cato,</strong></span> <span class='ocrx_word' id='word_1_133' title='bbox 377 852 468 879; x_wconf 83' lang='lat' dir='ltr'><strong>anima</strong></span> <span class='ocrx_word' id='word_1_134' title='bbox 489 855 579 880; x_wconf 86' lang='lat' dir='ltr'><strong>vestra</strong></span> <span class='ocrx_word' id='word_1_135' title='bbox 609 853 710 880; x_wconf 83' lang='lat' dir='ltr'><strong>videbit</strong></span> <span class='ocrx_word' id='word_1_136' title='bbox 735 861 826 881; x_wconf 86' lang='lat' dir='ltr'><strong>semen</strong></span> <span class='ocrx_word' id='word_1_137' title='bbox 858 854 1028 889; x_wconf 65' lang='lat' dir='ltr'><strong>longaevum;</strong></span> <span class='ocrx_word' id='word_1_138' title='bbox 1046 863 1056 879; x_wconf 77' lang='grc' dir='ltr'><strong>ι</strong></span> 
     </span>
    </p>
   </div>
   <div class='ocr_carea' id='block_1_19' title="bbox 281 898 1059 935">
    <p class='ocr_par' dir='ltr' id='par_1_19' title="bbox 281 898 1059 935">
     <span class='ocr_line' id='line_1_19' title="bbox 281 898 1059 935; baseline 0.004 -10"><span class='ocrx_word' id='word_1_139' title='bbox 281 906 335 925; x_wconf 91' lang='lat' dir='ltr'><strong>non</strong></span> <span class='ocrx_word' id='word_1_140' title='bbox 352 898 425 926; x_wconf 89' lang='lat' dir='ltr'><strong>enim</strong></span> <span class='ocrx_word' id='word_1_141' title='bbox 439 899 566 927; x_wconf 88' lang='lat' dir='ltr'><strong>omnibus</strong></span> <span class='ocrx_word' id='word_1_142' title='bbox 581 906 742 927; x_wconf 87' lang='lat' dir='ltr'><strong>concessum</strong></span> <span class='ocrx_word' id='word_1_143' title='bbox 757 904 800 927; x_wconf 91' lang='lat' dir='ltr'><strong>est</strong></span> <span class='ocrx_word' id='word_1_144' title='bbox 815 901 964 935; x_wconf 58' lang='lat' dir='ltr'><strong>longaevum</strong></span> <span class='ocrx_word' id='word_1_145' title='bbox 980 901 1059 928; x_wconf 90' lang='lat' dir='ltr'><strong>Chri-</strong></span> 
     </span>
    </p>
   </div>
   <div class='ocr_carea' id='block_1_20' title="bbox 1111 308 1894 345">
    <p class='ocr_par' dir='ltr' id='par_1_20' title="bbox 1111 308 1894 345">
     <span class='ocr_line' id='line_1_20' title="bbox 1111 308 1894 345; baseline 0.005 -11"><span class='ocrx_word' id='word_1_146' title='bbox 1111 308 1172 334; x_wconf 78' lang='grc' dir='ltr'>καθ’</span> <span class='ocrx_word' id='word_1_147' title='bbox 1189 308 1253 343; x_wconf 72' lang='grc' dir='ltr'>ὅλης</span> <span class='ocrx_word' id='word_1_148' title='bbox 1264 308 1314 343; x_wconf 81' lang='grc' dir='ltr'>τῆς</span> <span class='ocrx_word' id='word_1_149' title='bbox 1332 309 1491 344; x_wconf 67' lang='grc' dir='ltr'><strong>οἰκουμένης</strong></span> <span class='ocrx_word' id='word_1_150' title='bbox 1511 310 1695 345; x_wconf 80' lang='grc' dir='ltr'>ὲπισπαρέντα</span> <span class='ocrx_word' id='word_1_151' title='bbox 1713 310 1795 337; x_wconf 73' lang='grc' dir='ltr'>αὑτοῦ</span> <span class='ocrx_word' id='word_1_152' title='bbox 1815 311 1894 345; x_wconf 80' lang='grc' dir='ltr'>λόγον</span> 
     </span>
    </p>
   </div>
   <div class='ocr_carea' id='block_1_21' title="bbox 1113 355 1890 392">
    <p class='ocr_par' dir='ltr' id='par_1_21' title="bbox 1113 355 1890 392">
     <span class='ocr_line' id='line_1_21' title="bbox 1113 355 1890 392; baseline 0.004 -11"><span class='ocrx_word' id='word_1_153' title='bbox 1113 355 1259 390; x_wconf 77' lang='grc' dir='ltr'>μακρόϐιον</span> <span class='ocrx_word' id='word_1_154' title='bbox 1287 355 1425 391; x_wconf 77' lang='grc' dir='ltr'>ἐσόμενον,</span> <span class='ocrx_word' id='word_1_155' title='bbox 1453 357 1499 382; x_wconf 80' lang='grc' dir='ltr'>καὶ</span> <span class='ocrx_word' id='word_1_156' title='bbox 1520 357 1559 388; x_wconf 78' lang='grc' dir='ltr'><strong>εἰς</strong></span> <span class='ocrx_word' id='word_1_157' title='bbox 1584 356 1614 383; x_wconf 80' lang='grc' dir='ltr'>τὸ</span> <span class='ocrx_word' id='word_1_158' title='bbox 1637 357 1680 383; x_wconf 82' lang='grc' dir='ltr'><strong>ἀεὶ</strong></span> <span class='ocrx_word' id='word_1_159' title='bbox 1702 357 1890 392; x_wconf 78' lang='grc' dir='ltr'><strong>διαρκέσοντα.</strong></span> 
     </span>
    </p>
   </div>
   <div class='ocr_carea' id='block_1_22' title="bbox 1111 399 1891 437">
    <p class='ocr_par' dir='ltr' id='par_1_22' title="bbox 1111 399 1891 437">
     <span class='ocr_line' id='line_1_22' title="bbox 1111 399 1891 437; baseline 0.004 -11"><span class='ocrx_word' id='word_1_160' title='bbox 1111 400 1195 426; x_wconf 81' lang='grc' dir='ltr'>Πάλιν</span> <span class='ocrx_word' id='word_1_161' title='bbox 1222 399 1356 436; x_wconf 81' lang='grc' dir='ltr'><strong>ἀνώτερον</strong></span> <span class='ocrx_word' id='word_1_162' title='bbox 1378 400 1473 432; x_wconf 81' lang='grc' dir='ltr'>εἰπὼν,</span> <span class='ocrx_word' id='word_1_163' title='bbox 1493 411 1502 426; x_wconf 79' lang='grc' dir='ltr'><strong>ι</strong></span> <span class='ocrx_word' id='word_1_164' title='bbox 1521 401 1575 428; x_wconf 70' lang='grc' dir='ltr'><strong>Καὶ</strong></span> <span class='ocrx_word' id='word_1_165' title='bbox 1605 403 1685 436; x_wconf 83' lang='grc' dir='ltr'>ἡμεῖς</span> <span class='ocrx_word' id='word_1_166' title='bbox 1712 402 1891 437; x_wconf 74' lang='grc' dir='ltr'><strong>ἐλογισάμεθα</strong></span> 
     </span>
    </p>
   </div>
   <div class='ocr_carea' id='block_1_23' title="bbox 1111 444 1891 482">
    <p class='ocr_par' dir='ltr' id='par_1_23' title="bbox 1111 444 1891 482">
     <span class='ocr_line' id='line_1_23' title="bbox 1111 444 1891 482; baseline 0.004 -10"><span class='ocrx_word' id='word_1_167' title='bbox 1111 447 1190 473; x_wconf 65' lang='grc' dir='ltr'>αὑτὸν</span> <span class='ocrx_word' id='word_1_168' title='bbox 1201 444 1268 473; x_wconf 77' lang='grc' dir='ltr'>εἶναι</span> <span class='ocrx_word' id='word_1_169' title='bbox 1284 447 1312 473; x_wconf 79' lang='grc' dir='ltr'>ἐν</span> <span class='ocrx_word' id='word_1_170' title='bbox 1328 446 1409 481; x_wconf 83' lang='grc' dir='ltr'>πόνῳ,</span> <span class='ocrx_word' id='word_1_171' title='bbox 1430 456 1439 472; x_wconf 84' lang='grc'><strong>›</strong></span> <span class='ocrx_word' id='word_1_172' title='bbox 1451 447 1498 473; x_wconf 81' lang='grc' dir='ltr'>νῦν</span> <span class='ocrx_word' id='word_1_173' title='bbox 1518 447 1586 481; x_wconf 78' lang='grc' dir='ltr'>μετὰ</span> <span class='ocrx_word' id='word_1_174' title='bbox 1605 447 1653 481; x_wconf 73' lang='grc' dir='ltr'>τὴν</span> <span class='ocrx_word' id='word_1_175' title='bbox 1668 448 1773 482; x_wconf 74' lang='grc' dir='ltr'>σφαγὴν</span> <span class='ocrx_word' id='word_1_176' title='bbox 1789 448 1836 474; x_wconf 70' lang='grc' dir='ltr'><strong>καὶ</strong></span> <span class='ocrx_word' id='word_1_177' title='bbox 1845 449 1891 476; x_wconf 76' lang='grc' dir='ltr'>τὸν</span> 
     </span>
    </p>
   </div>
   <div class='ocr_carea' id='block_1_24' title="bbox 1111 491 1892 528">
    <p class='ocr_par' dir='ltr' id='par_1_24' title="bbox 1111 491 1892 528">
     <span class='ocr_line' id='line_1_24' title="bbox 1111 491 1892 528; baseline 0.001 -10"><span class='ocrx_word' id='word_1_178' title='bbox 1111 491 1223 518; x_wconf 77' lang='grc' dir='ltr'>θάνατον</span> <span class='ocrx_word' id='word_1_179' title='bbox 1243 491 1334 523; x_wconf 79' lang='grc' dir='ltr'>αὑτοῦ,</span> <span class='ocrx_word' id='word_1_180' title='bbox 1357 491 1436 526; x_wconf 76' lang='grc' dir='ltr'>φησίν</span> <span class='ocrx_word' id='word_1_181' title='bbox 1447 500 1453 506; x_wconf 90' lang='grc'>·</span> <span class='ocrx_word' id='word_1_182' title='bbox 1474 501 1483 516; x_wconf 86' lang='grc'><strong><em>‹</em></strong></span> <span class='ocrx_word' id='word_1_183' title='bbox 1501 491 1555 517; x_wconf 83' lang='grc' dir='ltr'>Καὶ</span> <span class='ocrx_word' id='word_1_184' title='bbox 1572 491 1693 526; x_wconf 71' lang='grc' dir='ltr'>βούλεται</span> <span class='ocrx_word' id='word_1_185' title='bbox 1710 491 1810 528; x_wconf 80' lang='grc' dir='ltr'>Κύριος</span> <span class='ocrx_word' id='word_1_186' title='bbox 1825 493 1892 527; x_wconf 82' lang='grc' dir='ltr'>ἀφε-</span> 
     </span>
    </p>
   </div>
   <div class='ocr_carea' id='block_1_25' title="bbox 1110 536 1891 573">
    <p class='ocr_par' dir='ltr' id='par_1_25' title="bbox 1110 536 1891 573">
     <span class='ocr_line' id='line_1_25' title="bbox 1110 536 1891 573; baseline 0.003 -11"><span class='ocrx_word' id='word_1_187' title='bbox 1110 537 1166 563; x_wconf 87' lang='grc' dir='ltr'>λεῖν</span> <span class='ocrx_word' id='word_1_188' title='bbox 1180 536 1235 564; x_wconf 77' lang='grc' dir='ltr'><strong>ἀπὸ</strong></span> <span class='ocrx_word' id='word_1_189' title='bbox 1256 537 1302 563; x_wconf 84' lang='grc' dir='ltr'>τοῦ</span> <span class='ocrx_word' id='word_1_190' title='bbox 1327 537 1407 563; x_wconf 81' lang='grc' dir='ltr'>πόνου</span> <span class='ocrx_word' id='word_1_191' title='bbox 1429 537 1479 572; x_wconf 84' lang='grc' dir='ltr'>τῆς</span> <span class='ocrx_word' id='word_1_192' title='bbox 1494 536 1584 572; x_wconf 76' lang='grc' dir='ltr'>ψυχῆς</span> <span class='ocrx_word' id='word_1_193' title='bbox 1609 536 1699 569; x_wconf 76' lang='grc' dir='ltr'>αὐτοῦ,</span> <span class='ocrx_word' id='word_1_194' title='bbox 1714 537 1798 570; x_wconf 76' lang='grc' dir='ltr'>δεῖξαι</span> <span class='ocrx_word' id='word_1_195' title='bbox 1818 538 1891 573; x_wconf 76' lang='grc' dir='ltr'>αὐτῷ</span> 
     </span>
    </p>
   </div>
   <div class='ocr_carea' id='block_1_26' title="bbox 1111 581 1891 618">
    <p class='ocr_par' dir='ltr' id='par_1_26' title="bbox 1111 581 1891 618">
     <span class='ocr_line' id='line_1_26' title="bbox 1111 581 1891 618; baseline 0.004 -11"><span class='ocrx_word' id='word_1_196' title='bbox 1111 581 1177 616; x_wconf 77' lang='grc' dir='ltr'>φῶς,</span> <span class='ocrx_word' id='word_1_197' title='bbox 1195 591 1204 607; x_wconf 70' lang='grc' dir='ltr'><strong>ο</strong></span> <span class='ocrx_word' id='word_1_198' title='bbox 1225 582 1301 608; x_wconf 81' lang='grc' dir='ltr'>Ἐπεὶ</span> <span class='ocrx_word' id='word_1_199' title='bbox 1323 582 1412 609; x_wconf 82' lang='grc' dir='ltr'>τοίνυν</span> <span class='ocrx_word' id='word_1_200' title='bbox 1427 582 1585 617; x_wconf 76' lang='grc' dir='ltr'>βεϐούληται</span> <span class='ocrx_word' id='word_1_201' title='bbox 1603 582 1714 618; x_wconf 74' lang='grc' dir='ltr'>Κύριος,</span> <span class='ocrx_word' id='word_1_202' title='bbox 1727 583 1741 609; x_wconf 82' lang='grc' dir='ltr'><strong>ὸ</strong></span> <span class='ocrx_word' id='word_1_203' title='bbox 1757 583 1809 610; x_wconf 83' lang='grc' dir='ltr'><strong>τῶν</strong></span> <span class='ocrx_word' id='word_1_204' title='bbox 1823 583 1891 610; x_wconf 78' lang='grc' dir='ltr'>ὅλων</span> 
     </span>
    </p>
   </div>
   <div class='ocr_carea' id='block_1_27' title="bbox 1110 626 1891 664">
    <p class='ocr_par' dir='ltr' id='par_1_27' title="bbox 1110 626 1891 664">
     <span class='ocr_line' id='line_1_27' title="bbox 1110 626 1891 664; baseline 0.003 -11"><span class='ocrx_word' id='word_1_205' title='bbox 1110 626 1175 659; x_wconf 69' lang='grc' dir='ltr'>Θεὸς</span> <span class='ocrx_word' id='word_1_206' title='bbox 1191 627 1338 662; x_wconf 76' lang='grc' dir='ltr'><strong>καθαρίσαι</strong></span> <span class='ocrx_word' id='word_1_207' title='bbox 1361 627 1440 653; x_wconf 71' lang='grc' dir='ltr'>αὑτὸν</span> <span class='ocrx_word' id='word_1_208' title='bbox 1453 627 1502 662; x_wconf 79' lang='grc' dir='ltr'>τῆς</span> <span class='ocrx_word' id='word_1_209' title='bbox 1520 627 1634 662; x_wconf 77' lang='grc' dir='ltr'>πληγῆς,</span> <span class='ocrx_word' id='word_1_210' title='bbox 1659 627 1704 654; x_wconf 80' lang='grc' dir='ltr'>καὶ</span> <span class='ocrx_word' id='word_1_211' title='bbox 1721 628 1804 660; x_wconf 77' lang='grc' dir='ltr'>δεῖξαι</span> <span class='ocrx_word' id='word_1_212' title='bbox 1818 629 1891 664; x_wconf 70' lang='grc' dir='ltr'>αὐτῷ</span> 
     </span>
    </p>
   </div>
   <div class='ocr_carea' id='block_1_28' title="bbox 1110 672 1888 709">
    <p class='ocr_par' dir='ltr' id='par_1_28' title="bbox 1110 672 1888 709">
     <span class='ocr_line' id='line_1_28' title="bbox 1110 672 1888 709; baseline 0.003 -11"><span class='ocrx_word' id='word_1_213' title='bbox 1110 672 1178 706; x_wconf 77' lang='grc' dir='ltr'>φῶς,</span> <span class='ocrx_word' id='word_1_214' title='bbox 1192 672 1298 704; x_wconf 73' lang='grc' dir='ltr'>πάντως</span> <span class='ocrx_word' id='word_1_215' title='bbox 1314 681 1364 698; x_wconf 78' lang='grc' dir='ltr'><strong>που</strong></span> <span class='ocrx_word' id='word_1_216' title='bbox 1377 672 1523 708; x_wconf 80' lang='grc' dir='ltr'>βουληθεὶς,</span> <span class='ocrx_word' id='word_1_217' title='bbox 1533 673 1660 708; x_wconf 76' lang='grc' dir='ltr'>πράξειεν</span> <span class='ocrx_word' id='word_1_218' title='bbox 1670 673 1704 700; x_wconf 85' lang='grc' dir='ltr'>ἂν</span> <span class='ocrx_word' id='word_1_219' title='bbox 1714 673 1728 699; x_wconf 77' lang='grc' dir='ltr'><strong>ὃ</strong></span> <span class='ocrx_word' id='word_1_220' title='bbox 1743 673 1888 709; x_wconf 71' lang='grc' dir='ltr'>ἠϐουλήθη.</span> 
     </span>
    </p>
   </div>
   <div class='ocr_carea' id='block_1_29' title="bbox 1109 715 1892 754">
    <p class='ocr_par' dir='ltr' id='par_1_29' title="bbox 1109 715 1892 754">
     <span class='ocr_line' id='line_1_29' title="bbox 1109 715 1892 754; baseline 0.001 -11"><span class='ocrx_word' id='word_1_221' title='bbox 1109 717 1191 744; x_wconf 76' lang='grc' dir='ltr'>Οὐδὲν</span> <span class='ocrx_word' id='word_1_222' title='bbox 1207 718 1261 754; x_wconf 78' lang='grc' dir='ltr'>γάρ</span> <span class='ocrx_word' id='word_1_223' title='bbox 1284 719 1359 744; x_wconf 79' lang='grc' dir='ltr'>ἐστιν</span> <span class='ocrx_word' id='word_1_224' title='bbox 1375 718 1390 744; x_wconf 83' lang='grc' dir='ltr'>ὃ</span> <span class='ocrx_word' id='word_1_225' title='bbox 1406 717 1443 753; x_wconf 87' lang='grc' dir='ltr'>μὴ</span> <span class='ocrx_word' id='word_1_226' title='bbox 1460 718 1562 752; x_wconf 86' lang='grc' dir='ltr'>γίνεται</span> <span class='ocrx_word' id='word_1_227' title='bbox 1584 715 1620 744; x_wconf 85' lang='grc' dir='ltr'>ὧν</span> <span class='ocrx_word' id='word_1_228' title='bbox 1649 718 1790 752; x_wconf 68' lang='grc' dir='ltr'>βούλεται·</span> <span class='ocrx_word' id='word_1_229' title='bbox 1815 718 1892 745; x_wconf 55' lang='lat' dir='ltr'><strong>i609-</strong></span> 
     </span>
    </p>
   </div>
   <div class='ocr_carea' id='block_1_30' title="bbox 1109 762 1889 799">
    <p class='ocr_par' dir='ltr' id='par_1_30' title="bbox 1109 762 1889 799">
     <span class='ocr_line' id='line_1_30' title="bbox 1109 762 1889 799; baseline 0.001 -10"><span class='ocrx_word' id='word_1_230' title='bbox 1109 763 1178 799; x_wconf 82' lang='grc' dir='ltr'>λήθη</span> <span class='ocrx_word' id='word_1_231' title='bbox 1203 763 1232 790; x_wconf 81' lang='grc' dir='ltr'>δὲ</span> <span class='ocrx_word' id='word_1_232' title='bbox 1258 762 1404 797; x_wconf 70' lang='grc' dir='ltr'><strong>καθαρίσαι</strong></span> <span class='ocrx_word' id='word_1_233' title='bbox 1432 762 1512 789; x_wconf 83' lang='grc' dir='ltr'>αὑτὸν</span> <span class='ocrx_word' id='word_1_234' title='bbox 1541 763 1587 789; x_wconf 82' lang='grc' dir='ltr'>καὶ</span> <span class='ocrx_word' id='word_1_235' title='bbox 1611 763 1695 796; x_wconf 76' lang='grc' dir='ltr'>δεῖξαι</span> <span class='ocrx_word' id='word_1_236' title='bbox 1719 763 1794 798; x_wconf 76' lang='grc' dir='ltr'>αὐτῷ</span> <span class='ocrx_word' id='word_1_237' title='bbox 1816 764 1889 797; x_wconf 62' lang='grc' dir='ltr'><strong>φῶςθ</strong></span> 
     </span>
    </p>
   </div>
   <div class='ocr_carea' id='block_1_31' title="bbox 1109 808 1891 844">
    <p class='ocr_par' dir='ltr' id='par_1_31' title="bbox 1109 808 1891 844">
     <span class='ocr_line' id='line_1_31' title="bbox 1109 808 1891 844; baseline -0.001 -8"><span class='ocrx_word' id='word_1_238' title='bbox 1109 809 1234 844; x_wconf 77' lang='grc' dir='ltr'>ἐποίησεν</span> <span class='ocrx_word' id='word_1_239' title='bbox 1256 810 1309 844; x_wconf 80' lang='grc' dir='ltr'>ἄρα</span> <span class='ocrx_word' id='word_1_240' title='bbox 1325 808 1411 835; x_wconf 75' lang='grc' dir='ltr'>ταῦτα</span> <span class='ocrx_word' id='word_1_241' title='bbox 1437 817 1444 823; x_wconf 90' lang='grc'><strong>·</strong></span> <span class='ocrx_word' id='word_1_242' title='bbox 1464 808 1510 835; x_wconf 74' lang='grc' dir='ltr'>καὶ</span> <span class='ocrx_word' id='word_1_243' title='bbox 1521 808 1670 844; x_wconf 75' lang='grc' dir='ltr'>καθαρίσας</span> <span class='ocrx_word' id='word_1_244' title='bbox 1693 809 1773 836; x_wconf 72' lang='grc' dir='ltr'>αὑτὸν</span> <span class='ocrx_word' id='word_1_245' title='bbox 1792 809 1891 842; x_wconf 77' lang='grc' dir='ltr'>ἔδειξεν</span> 
     </span>
    </p>
   </div>
   <div class='ocr_carea' id='block_1_32' title="bbox 1108 854 1890 890">
    <p class='ocr_par' dir='ltr' id='par_1_32' title="bbox 1108 854 1890 890">
     <span class='ocr_line' id='line_1_32' title="bbox 1108 854 1890 890; baseline -0.001 -8"><span class='ocrx_word' id='word_1_246' title='bbox 1108 855 1183 890; x_wconf 89' lang='grc' dir='ltr'><strong>αὐτῷ</strong></span> <span class='ocrx_word' id='word_1_247' title='bbox 1199 855 1265 889; x_wconf 69' lang='grc' dir='ltr'>φῶς.</span> <span class='ocrx_word' id='word_1_248' title='bbox 1284 855 1337 881; x_wconf 74' lang='grc' dir='ltr'><strong>Καὶ</strong></span> <span class='ocrx_word' id='word_1_249' title='bbox 1352 855 1411 881; x_wconf 74' lang='grc' dir='ltr'><strong>ἐπεὶ</strong></span> <span class='ocrx_word' id='word_1_250' title='bbox 1422 854 1563 890; x_wconf 75' lang='grc' dir='ltr'>ἐϐουλήθη,</span> <span class='ocrx_word' id='word_1_251' title='bbox 1575 855 1622 882; x_wconf 79' lang='grc' dir='ltr'>καὶ</span> <span class='ocrx_word' id='word_1_252' title='bbox 1641 855 1780 890; x_wconf 73' lang='grc' dir='ltr'>βουληθεὶς</span> <span class='ocrx_word' id='word_1_253' title='bbox 1797 855 1890 890; x_wconf 70' lang='grc' dir='ltr'>ἀφεῖλε</span> 
     </span>
    </p>
   </div>
   <div class='ocr_carea' id='block_1_33' title="bbox 1109 900 1890 936">
    <p class='ocr_par' dir='ltr' id='par_1_33' title="bbox 1109 900 1890 936">
     <span class='ocr_line' id='line_1_33' title="bbox 1109 900 1890 936; baseline 0.001 -9"><span class='ocrx_word' id='word_1_254' title='bbox 1109 902 1153 928; x_wconf 84' lang='grc' dir='ltr'>τὸν</span> <span class='ocrx_word' id='word_1_255' title='bbox 1169 901 1248 927; x_wconf 84' lang='grc' dir='ltr'>πόνον</span> <span class='ocrx_word' id='word_1_256' title='bbox 1269 900 1318 935; x_wconf 76' lang='grc' dir='ltr'>τῆς</span> <span class='ocrx_word' id='word_1_257' title='bbox 1344 901 1432 936; x_wconf 62' lang='grc' dir='ltr'>ςιυχῆς</span> <span class='ocrx_word' id='word_1_258' title='bbox 1448 901 1540 933; x_wconf 73' lang='grc' dir='ltr'>αὐτοῦ,</span> <span class='ocrx_word' id='word_1_259' title='bbox 1557 902 1604 927; x_wconf 74' lang='grc' dir='ltr'>καὶ</span> <span class='ocrx_word' id='word_1_260' title='bbox 1618 901 1716 933; x_wconf 71' lang='grc' dir='ltr'>ἔδειξεν</span> <span class='ocrx_word' id='word_1_261' title='bbox 1732 901 1806 936; x_wconf 81' lang='grc' dir='ltr'><strong>αὑτῷ</strong></span> <span class='ocrx_word' id='word_1_262' title='bbox 1822 902 1890 936; x_wconf 76' lang='grc' dir='ltr'>φῶς,</span> 
     </span>
    </p>
   </div>
   <div class='ocr_carea' id='block_1_34' title="bbox 280 944 1058 982">
    <p class='ocr_par' dir='ltr' id='par_1_34' title="bbox 280 944 1058 981">
     <span class='ocr_line' id='line_1_34' title="bbox 280 944 1058 981; baseline 0.005 -10"><span class='ocrx_word' id='word_1_263' title='bbox 280 944 315 971; x_wconf 86' lang='lat' dir='ltr'><strong>sli</strong></span> <span class='ocrx_word' id='word_1_264' title='bbox 333 951 425 971; x_wconf 83' lang='lat' dir='ltr'><strong>semen</strong></span> <span class='ocrx_word' id='word_1_265' title='bbox 443 944 553 976; x_wconf 88' lang='lat' dir='ltr'><strong>intueri,</strong></span> <span class='ocrx_word' id='word_1_266' title='bbox 567 945 614 972; x_wconf 86' lang='lat' dir='ltr'><strong>sed</strong></span> <span class='ocrx_word' id='word_1_267' title='bbox 635 945 668 972; x_wconf 85' lang='lat' dir='ltr'><strong>iis</strong></span> <span class='ocrx_word' id='word_1_268' title='bbox 681 946 748 973; x_wconf 84' lang='lat' dir='ltr'><strong>solis</strong></span> <span class='ocrx_word' id='word_1_269' title='bbox 763 946 810 981; x_wconf 88' lang='lat' dir='ltr'><strong>qui</strong></span> <span class='ocrx_word' id='word_1_270' title='bbox 825 947 1017 980; x_wconf 84' lang='lat' dir='ltr'><strong>conﬁteantur,</strong></span> <span class='ocrx_word' id='word_1_271' title='bbox 1031 951 1058 975; x_wconf 91' lang='lat' dir='ltr'><strong>et</strong></span> 
     </span>
    </p>
   </div>
   <div class='ocr_carea' id='block_1_35' title="bbox 1109 944 1891 982">
    <p class='ocr_par' dir='ltr' id='par_1_35' title="bbox 1109 947 1891 982">
     <span class='ocr_line' id='line_1_35' title="bbox 1109 947 1891 982; baseline 0.003 -9"><span class='ocrx_word' id='word_1_272' title='bbox 1109 947 1218 979; x_wconf 75' lang='grc' dir='ltr'><strong>εἰκότως</strong></span> <span class='ocrx_word' id='word_1_273' title='bbox 1232 949 1246 973; x_wconf 86' lang='grc' dir='ltr'><strong>δ</strong></span> <span class='ocrx_word' id='word_1_274' title='bbox 1262 947 1405 982; x_wconf 64' lang='grc' dir='ltr'>Προφήτης</span> <span class='ocrx_word' id='word_1_275' title='bbox 1420 947 1605 978; x_wconf 80' lang='grc' dir='ltr'>ὲπισυνάπτει,</span> <span class='ocrx_word' id='word_1_276' title='bbox 1616 947 1701 982; x_wconf 79' lang='grc' dir='ltr'>λέγων</span> <span class='ocrx_word' id='word_1_277' title='bbox 1711 956 1717 962; x_wconf 93' lang='grc'><strong>·</strong></span> <span class='ocrx_word' id='word_1_278' title='bbox 1734 957 1743 972; x_wconf 73' lang='grc' dir='ltr'><strong>ι</strong></span> <span class='ocrx_word' id='word_1_279' title='bbox 1757 948 1805 974; x_wconf 72' lang='grc' dir='ltr'>Διὰ</span> <span class='ocrx_word' id='word_1_280' title='bbox 1812 947 1891 975; x_wconf 80' lang='grc' dir='ltr'>τοῦτο</span> 
     </span>
    </p>
   </div>
   <div class='ocr_carea' id='block_1_36' title="bbox 280 990 1059 1027">
    <p class='ocr_par' dir='ltr' id='par_1_36' title="bbox 280 990 1059 1027">
     <span class='ocr_line' id='line_1_36' title="bbox 280 990 1059 1027; baseline 0.006 -11"><span class='ocrx_word' id='word_1_281' title='bbox 280 997 394 1017; x_wconf 79' lang='lat' dir='ltr'><strong>innucra</strong></span> <span class='ocrx_word' id='word_1_282' title='bbox 423 990 537 1018; x_wconf 78' lang='lat' dir='ltr'><strong>oﬂ&#39;erant</strong></span> <span class='ocrx_word' id='word_1_283' title='bbox 562 990 616 1018; x_wconf 88' lang='lat' dir='ltr'><strong>Deo</strong></span> <span class='ocrx_word' id='word_1_284' title='bbox 641 999 689 1026; x_wconf 86' lang='lat' dir='ltr'><strong>pro</strong></span> <span class='ocrx_word' id='word_1_285' title='bbox 714 994 841 1027; x_wconf 83' lang='lat' dir='ltr'><strong>peccatis.</strong></span> <span class='ocrx_word' id='word_1_286' title='bbox 870 993 972 1021; x_wconf 91' lang='lat' dir='ltr'><strong>Horum</strong></span> <span class='ocrx_word' id='word_1_287' title='bbox 986 994 1059 1021; x_wconf 88' lang='lat' dir='ltr'><strong>enim</strong></span> 
     </span>
    </p>
   </div>
   <div class='ocr_carea' id='block_1_37' title="bbox 280 1036 1057 1074">
    <p class='ocr_par' dir='ltr' id='par_1_37' title="bbox 280 1036 1057 1074">
     <span class='ocr_line' id='line_1_37' title="bbox 280 1036 1057 1074; baseline 0.006 -13"><span class='ocrx_word' id='word_1_288' title='bbox 280 1036 412 1062; x_wconf 80' lang='lat' dir='ltr'><strong>duntaxat</strong></span> <span class='ocrx_word' id='word_1_289' title='bbox 435 1036 529 1062; x_wconf 82' lang='lat' dir='ltr'><strong>anima</strong></span> <span class='ocrx_word' id='word_1_290' title='bbox 544 1037 645 1064; x_wconf 78' lang='lat' dir='ltr'><strong>videbit</strong></span> <span class='ocrx_word' id='word_1_291' title='bbox 665 1045 758 1064; x_wconf 85' lang='lat' dir='ltr'><strong>semen</strong></span> <span class='ocrx_word' id='word_1_292' title='bbox 781 1038 931 1074; x_wconf 83' lang='lat' dir='ltr'><strong>longaan</strong></span> <span class='ocrx_word' id='word_1_293' title='bbox 945 1038 1057 1071; x_wconf 89' lang='lat' dir='ltr'><strong>Christi,</strong></span> 
     </span>
    </p>
   </div>
   <div class='ocr_carea' id='block_1_38' title="bbox 280 1081 1058 1118">
    <p class='ocr_par' dir='ltr' id='par_1_38' title="bbox 280 1081 1058 1118">
     <span class='ocr_line' id='line_1_38' title="bbox 280 1081 1058 1118; baseline 0.006 -11"><span class='ocrx_word' id='word_1_294' title='bbox 280 1081 331 1108; x_wconf 86' lang='lat' dir='ltr'><strong>hoc</strong></span> <span class='ocrx_word' id='word_1_295' title='bbox 342 1085 393 1112; x_wconf 74' lang='lat' dir='ltr'><strong>est,</strong></span> <span class='ocrx_word' id='word_1_296' title='bbox 407 1085 454 1108; x_wconf 90' lang='lat' dir='ltr'><strong>aut</strong></span> <span class='ocrx_word' id='word_1_297' title='bbox 470 1085 598 1109; x_wconf 73' lang='lat' dir='ltr'><strong>aeternam</strong></span> <span class='ocrx_word' id='word_1_298' title='bbox 620 1083 700 1110; x_wconf 91' lang='lat' dir='ltr'><strong>vitam</strong></span> <span class='ocrx_word' id='word_1_299' title='bbox 716 1083 775 1118; x_wconf 79' lang='lat' dir='ltr'><strong>cjus</strong></span> <span class='ocrx_word' id='word_1_300' title='bbox 790 1088 852 1118; x_wconf 87' lang='lat' dir='ltr'><strong>post</strong></span> <span class='ocrx_word' id='word_1_301' title='bbox 870 1088 996 1116; x_wconf 83' lang='lat' dir='ltr'><strong>mortem,</strong></span> <span class='ocrx_word' id='word_1_302' title='bbox 1013 1088 1058 1112; x_wconf 87' lang='lat' dir='ltr'><strong>aut</strong></span> 
     </span>
    </p>
   </div>
   <div class='ocr_carea' id='block_1_39' title="bbox 279 1126 1059 1162">
    <p class='ocr_par' dir='ltr' id='par_1_39' title="bbox 279 1126 1059 1162">
     <span class='ocr_line' id='line_1_39' title="bbox 279 1126 1059 1162; baseline 0.006 -9"><span class='ocrx_word' id='word_1_303' title='bbox 279 1126 402 1161; x_wconf 79' lang='lat' dir='ltr'><strong>ejusdem</strong></span> <span class='ocrx_word' id='word_1_304' title='bbox 421 1127 532 1154; x_wconf 87' lang='lat' dir='ltr'><strong>verbum</strong></span> <span class='ocrx_word' id='word_1_305' title='bbox 548 1135 595 1162; x_wconf 89' lang='lat' dir='ltr'><strong>per</strong></span> <span class='ocrx_word' id='word_1_306' title='bbox 612 1131 696 1155; x_wconf 90' lang='lat' dir='ltr'><strong>totum</strong></span> <span class='ocrx_word' id='word_1_307' title='bbox 712 1134 846 1156; x_wconf 81' lang='lat' dir='ltr'><strong>terrarum</strong></span> <span class='ocrx_word' id='word_1_308' title='bbox 863 1130 955 1157; x_wconf 91' lang='lat' dir='ltr'><strong>orbem</strong></span> <span class='ocrx_word' id='word_1_309' title='bbox 971 1130 1059 1158; x_wconf 89' lang='lat' dir='ltr'><strong>disse-</strong></span> 
     </span>
    </p>
   </div>
   <div class='ocr_carea' id='block_1_40' title="bbox 279 1172 1059 1210">
    <p class='ocr_par' dir='ltr' id='par_1_40' title="bbox 279 1172 1059 1210">
     <span class='ocr_line' id='line_1_40' title="bbox 279 1172 1059 1210; baseline 0.004 -11"><span class='ocrx_word' id='word_1_310' title='bbox 279 1174 422 1204; x_wconf 82' lang='lat' dir='ltr'><strong>minatum,</strong></span> <span class='ocrx_word' id='word_1_311' title='bbox 438 1172 511 1208; x_wconf 91' lang='lat' dir='ltr'><strong>quod</strong></span> <span class='ocrx_word' id='word_1_312' title='bbox 528 1173 678 1208; x_wconf 63' lang='lat' dir='ltr'><strong>longaevum</strong></span> <span class='ocrx_word' id='word_1_313' title='bbox 694 1174 814 1202; x_wconf 89' lang='lat' dir='ltr'><strong>futurum</strong></span> <span class='ocrx_word' id='word_1_314' title='bbox 826 1180 880 1207; x_wconf 84' lang='lat' dir='ltr'><strong>est,</strong></span> <span class='ocrx_word' id='word_1_315' title='bbox 899 1183 1059 1210; x_wconf 80' lang='lat' dir='ltr'><strong>semperque</strong></span> 
     </span>
    </p>
   </div>
   <div class='ocr_carea' id='block_1_41' title="bbox 278 1218 1059 1256">
    <p class='ocr_par' dir='ltr' id='par_1_41' title="bbox 278 1218 1059 1256">
     <span class='ocr_line' id='line_1_41' title="bbox 278 1218 1059 1256; baseline 0.004 -11"><span class='ocrx_word' id='word_1_316' title='bbox 278 1219 451 1246; x_wconf 86' lang='lat' dir='ltr'><strong>duraturum.</strong></span> <span class='ocrx_word' id='word_1_317' title='bbox 479 1218 596 1252; x_wconf 81' lang='lat' dir='ltr'><strong>Rursus,</strong></span> <span class='ocrx_word' id='word_1_318' title='bbox 613 1221 659 1255; x_wconf 85' lang='lat' dir='ltr'><strong>qui</strong></span> <span class='ocrx_word' id='word_1_319' title='bbox 689 1221 814 1256; x_wconf 83' lang='lat' dir='ltr'><strong>superius</strong></span> <span class='ocrx_word' id='word_1_320' title='bbox 842 1221 946 1249; x_wconf 78' lang='lat' dir='ltr'><strong>dixerat</strong></span> <span class='ocrx_word' id='word_1_321' title='bbox 965 1229 973 1248; x_wconf 92' lang='lat'><strong>:</strong></span> <span class='ocrx_word' id='word_1_322' title='bbox 995 1231 1005 1247; x_wconf 76' lang='grc' dir='ltr'><strong>ι</strong></span> <span class='ocrx_word' id='word_1_323' title='bbox 1026 1221 1059 1248; x_wconf 86' lang='lat' dir='ltr'><strong>Et</strong></span> 
     </span>
    </p>
   </div>
   <div class='ocr_carea' id='block_1_42' title="bbox 279 1265 1060 1302">
    <p class='ocr_par' dir='ltr' id='par_1_42' title="bbox 279 1265 1060 1302">
     <span class='ocr_line' id='line_1_42' title="bbox 279 1265 1060 1302; baseline 0.003 -10"><span class='ocrx_word' id='word_1_324' title='bbox 279 1271 330 1292; x_wconf 87' lang='lat' dir='ltr'><strong>nos</strong></span> <span class='ocrx_word' id='word_1_325' title='bbox 345 1265 500 1298; x_wconf 84' lang='lat' dir='ltr'><strong>putavimus</strong></span> <span class='ocrx_word' id='word_1_326' title='bbox 522 1265 596 1292; x_wconf 93' lang='lat' dir='ltr'><strong>illum</strong></span> <span class='ocrx_word' id='word_1_327' title='bbox 617 1274 679 1293; x_wconf 87' lang='lat' dir='ltr'><strong>esse</strong></span> <span class='ocrx_word' id='word_1_328' title='bbox 699 1266 726 1293; x_wconf 89' lang='lat' dir='ltr'><strong>in</strong></span> <span class='ocrx_word' id='word_1_329' title='bbox 742 1267 853 1294; x_wconf 87' lang='lat' dir='ltr'><strong>labore:</strong></span> <span class='ocrx_word' id='word_1_330' title='bbox 877 1276 886 1293; x_wconf 75' lang='grc' dir='ltr'><strong>ι</strong></span> <span class='ocrx_word' id='word_1_331' title='bbox 909 1275 982 1294; x_wconf 87' lang='lat' dir='ltr'><strong>nunc</strong></span> <span class='ocrx_word' id='word_1_332' title='bbox 999 1272 1060 1302; x_wconf 89' lang='lat' dir='ltr'><strong>post</strong></span> 
     </span>
    </p>
   </div>
   <div class='ocr_carea' id='block_1_43' title="bbox 279 1309 1059 1346">
    <p class='ocr_par' dir='ltr' id='par_1_43' title="bbox 279 1309 1059 1346">
     <span class='ocr_line' id='line_1_43' title="bbox 279 1309 1059 1346; baseline 0.005 -10"><span class='ocrx_word' id='word_1_333' title='bbox 279 1309 380 1337; x_wconf 65' lang='lat' dir='ltr'><strong>caedem</strong></span> <span class='ocrx_word' id='word_1_334' title='bbox 407 1314 576 1346; x_wconf 86' lang='lat' dir='ltr'><strong>mortemque</strong></span> <span class='ocrx_word' id='word_1_335' title='bbox 589 1311 659 1346; x_wconf 83' lang='lat' dir='ltr'><strong>ejus,</strong></span> <span class='ocrx_word' id='word_1_336' title='bbox 682 1312 743 1339; x_wconf 87' lang='lat' dir='ltr'><strong>ait:</strong></span> <span class='ocrx_word' id='word_1_337' title='bbox 763 1321 772 1337; x_wconf 83' lang='grc' dir='ltr'><strong>ι</strong></span> <span class='ocrx_word' id='word_1_338' title='bbox 791 1311 825 1339; x_wconf 86' lang='lat' dir='ltr'><strong>Et</strong></span> <span class='ocrx_word' id='word_1_339' title='bbox 847 1312 905 1339; x_wconf 86' lang='lat' dir='ltr'><strong>vult</strong></span> <span class='ocrx_word' id='word_1_340' title='bbox 928 1312 1059 1341; x_wconf 75' lang='lat' dir='ltr'><strong>Dominus</strong></span> 
     </span>
    </p>
   </div>
   <div class='ocr_carea' id='block_1_44' title="bbox 278 1355 1058 1392">
    <p class='ocr_par' dir='ltr' id='par_1_44' title="bbox 278 1355 1058 1392">
     <span class='ocr_line' id='line_1_44' title="bbox 278 1355 1058 1392; baseline 0.004 -9"><span class='ocrx_word' id='word_1_341' title='bbox 278 1355 387 1384; x_wconf 85' lang='lat' dir='ltr'><strong>auferre</strong></span> <span class='ocrx_word' id='word_1_342' title='bbox 404 1364 419 1383; x_wconf 92' lang='lat' dir='ltr'><strong>a</strong></span> <span class='ocrx_word' id='word_1_343' title='bbox 438 1357 531 1384; x_wconf 87' lang='lat' dir='ltr'><strong>labore</strong></span> <span class='ocrx_word' id='word_1_344' title='bbox 546 1358 644 1385; x_wconf 65' lang='lat' dir='ltr'><strong>animm</strong></span> <span class='ocrx_word' id='word_1_345' title='bbox 667 1357 737 1392; x_wconf 82' lang='lat' dir='ltr'><strong>ejus,</strong></span> <span class='ocrx_word' id='word_1_346' title='bbox 761 1363 790 1384; x_wconf 96' lang='lat' dir='ltr'><strong>ut</strong></span> <span class='ocrx_word' id='word_1_347' title='bbox 814 1358 941 1386; x_wconf 86' lang='lat' dir='ltr'><strong>ostendat</strong></span> <span class='ocrx_word' id='word_1_348' title='bbox 965 1359 990 1386; x_wconf 89' lang='lat' dir='ltr'><strong>ei</strong></span> <span class='ocrx_word' id='word_1_349' title='bbox 1015 1359 1058 1386; x_wconf 94' lang='lat' dir='ltr'><strong>lu-</strong></span> 
     </span>
    </p>
   </div>
   <div class='ocr_carea' id='block_1_45' title="bbox 278 1401 1057 1438">
    <p class='ocr_par' dir='ltr' id='par_1_45' title="bbox 278 1401 1057 1438">
     <span class='ocr_line' id='line_1_45' title="bbox 278 1401 1057 1438; baseline 0.003 -10"><span class='ocrx_word' id='word_1_350' title='bbox 278 1408 348 1429; x_wconf 89' lang='lat' dir='ltr'><strong>cem.</strong></span> <span class='ocrx_word' id='word_1_351' title='bbox 371 1412 381 1428; x_wconf 75' lang='grc' dir='ltr'><strong>ι</strong></span> <span class='ocrx_word' id='word_1_352' title='bbox 401 1401 535 1435; x_wconf 85' lang='lat' dir='ltr'><strong>Quoniam</strong></span> <span class='ocrx_word' id='word_1_353' title='bbox 558 1403 642 1437; x_wconf 89' lang='lat' dir='ltr'><strong>igitur</strong></span> <span class='ocrx_word' id='word_1_354' title='bbox 670 1402 830 1430; x_wconf 84' lang='lat' dir='ltr'><strong>deliberavit</strong></span> <span class='ocrx_word' id='word_1_355' title='bbox 858 1402 997 1435; x_wconf 86' lang='lat' dir='ltr'><strong>Dominus,</strong></span> <span class='ocrx_word' id='word_1_356' title='bbox 1012 1404 1057 1438; x_wconf 89' lang='lat' dir='ltr'><strong>qui</strong></span> 
     </span>
    </p>
   </div>
   <div class='ocr_carea' id='block_1_46' title="bbox 279 1445 1060 1484">
    <p class='ocr_par' dir='ltr' id='par_1_46' title="bbox 279 1445 1060 1484">
     <span class='ocr_line' id='line_1_46' title="bbox 279 1445 1060 1484; baseline 0.001 -10"><span class='ocrx_word' id='word_1_357' title='bbox 279 1445 352 1475; x_wconf 86' lang='lat' dir='ltr'><strong>Deus</strong></span> <span class='ocrx_word' id='word_1_358' title='bbox 366 1452 408 1475; x_wconf 89' lang='lat' dir='ltr'><strong>est</strong></span> <span class='ocrx_word' id='word_1_359' title='bbox 431 1448 551 1475; x_wconf 84' lang='lat' dir='ltr'><strong>universi</strong></span> <span class='ocrx_word' id='word_1_360' title='bbox 570 1455 686 1483; x_wconf 84' lang='lat' dir='ltr'><strong>purgare</strong></span> <span class='ocrx_word' id='word_1_361' title='bbox 699 1448 774 1475; x_wconf 92' lang='lat' dir='ltr'><strong>illum</strong></span> <span class='ocrx_word' id='word_1_362' title='bbox 791 1456 807 1474; x_wconf 87' lang='lat' dir='ltr'><strong>a</strong></span> <span class='ocrx_word' id='word_1_363' title='bbox 830 1448 923 1484; x_wconf 84' lang='lat' dir='ltr'><strong>plaga,</strong></span> <span class='ocrx_word' id='word_1_364' title='bbox 940 1449 1019 1483; x_wconf 77' lang='lat'><strong>100</strong></span> <span class='ocrx_word' id='word_1_365' title='bbox 1032 1453 1060 1476; x_wconf 92' lang='lat' dir='ltr'><strong>et</strong></span> 
     </span>
    </p>
   </div>
   <div class='ocr_carea' id='block_1_47' title="bbox 279 1493 1056 1530">
    <p class='ocr_par' dir='ltr' id='par_1_47' title="bbox 279 1493 1056 1530">
     <span class='ocr_line' id='line_1_47' title="bbox 279 1493 1056 1530; baseline 0.003 -10"><span class='ocrx_word' id='word_1_366' title='bbox 279 1494 422 1522; x_wconf 75' lang='lat' dir='ltr'><strong>ostendere</strong></span> <span class='ocrx_word' id='word_1_367' title='bbox 434 1493 461 1521; x_wconf 96' lang='lat' dir='ltr'><strong>in</strong></span> <span class='ocrx_word' id='word_1_368' title='bbox 478 1495 565 1521; x_wconf 87' lang='lat' dir='ltr'><strong>lucem</strong></span> <span class='ocrx_word' id='word_1_369' title='bbox 580 1503 587 1522; x_wconf 88' lang='lat'><strong>:</strong></span> <span class='ocrx_word' id='word_1_370' title='bbox 604 1495 760 1522; x_wconf 84' lang='lat' dir='ltr'><strong>necessario</strong></span> <span class='ocrx_word' id='word_1_371' title='bbox 772 1494 876 1529; x_wconf 85' lang='lat' dir='ltr'><strong>utique,</strong></span> <span class='ocrx_word' id='word_1_372' title='bbox 893 1495 940 1530; x_wconf 89' lang='lat' dir='ltr'><strong>qui</strong></span> <span class='ocrx_word' id='word_1_373' title='bbox 962 1495 1056 1528; x_wconf 88' lang='lat' dir='ltr'><strong>voluit,</strong></span> 
     </span>
    </p>
   </div>
   <div class='ocr_carea' id='block_1_48' title="bbox 278 1539 1059 1577">
    <p class='ocr_par' dir='ltr' id='par_1_48' title="bbox 278 1539 1059 1577">
     <span class='ocr_line' id='line_1_48' title="bbox 278 1539 1059 1577; baseline 0.003 -10"><span class='ocrx_word' id='word_1_374' title='bbox 278 1540 305 1568; x_wconf 85' lang='lat' dir='ltr'><strong>id</strong></span> <span class='ocrx_word' id='word_1_375' title='bbox 328 1539 406 1566; x_wconf 81' lang='lat' dir='ltr'><strong>faciet</strong></span> <span class='ocrx_word' id='word_1_376' title='bbox 425 1540 497 1574; x_wconf 89' lang='lat' dir='ltr'><strong>quod</strong></span> <span class='ocrx_word' id='word_1_377' title='bbox 525 1540 619 1567; x_wconf 87' lang='lat' dir='ltr'><strong>voluit.</strong></span> <span class='ocrx_word' id='word_1_378' title='bbox 635 1540 706 1567; x_wconf 84' lang='lat' dir='ltr'><strong>Nihil</strong></span> <span class='ocrx_word' id='word_1_379' title='bbox 729 1540 801 1567; x_wconf 90' lang='lat' dir='ltr'><strong>enim</strong></span> <span class='ocrx_word' id='word_1_380' title='bbox 815 1544 857 1568; x_wconf 89' lang='lat' dir='ltr'><strong>est</strong></span> <span class='ocrx_word' id='word_1_381' title='bbox 878 1548 971 1568; x_wconf 88' lang='lat' dir='ltr'><strong>eorum</strong></span> <span class='ocrx_word' id='word_1_382' title='bbox 999 1549 1059 1577; x_wconf 84' lang='lat' dir='ltr'><strong>quae</strong></span> 
     </span>
    </p>
   </div>
   <div class='ocr_carea' id='block_1_49' title="bbox 278 1586 1059 1622">
    <p class='ocr_par' dir='ltr' id='par_1_49' title="bbox 278 1586 1059 1622">
     <span class='ocr_line' id='line_1_49' title="bbox 278 1586 1059 1622; baseline 0.001 -9"><span class='ocrx_word' id='word_1_383' title='bbox 278 1586 337 1614; x_wconf 78' lang='lat' dir='ltr'><strong>vult</strong></span> <span class='ocrx_word' id='word_1_384' title='bbox 351 1586 424 1621; x_wconf 88' lang='lat' dir='ltr'><strong>quod</strong></span> <span class='ocrx_word' id='word_1_385' title='bbox 437 1594 491 1613; x_wconf 93' lang='lat' dir='ltr'><strong>non</strong></span> <span class='ocrx_word' id='word_1_386' title='bbox 508 1586 555 1613; x_wconf 84' lang='lat' dir='ltr'><strong>fiat</strong></span> <span class='ocrx_word' id='word_1_387' title='bbox 572 1595 580 1614; x_wconf 90' lang='lat'><strong>:</strong></span> <span class='ocrx_word' id='word_1_388' title='bbox 596 1586 681 1614; x_wconf 85' lang='lat' dir='ltr'><strong>voluit</strong></span> <span class='ocrx_word' id='word_1_389' title='bbox 695 1590 784 1614; x_wconf 88' lang='lat' dir='ltr'><strong>autem</strong></span> <span class='ocrx_word' id='word_1_390' title='bbox 800 1594 914 1622; x_wconf 86' lang='lat' dir='ltr'><strong>purgare</strong></span> <span class='ocrx_word' id='word_1_391' title='bbox 931 1587 1017 1620; x_wconf 86' lang='lat' dir='ltr'><strong>illum,</strong></span> <span class='ocrx_word' id='word_1_392' title='bbox 1032 1592 1059 1615; x_wconf 91' lang='lat' dir='ltr'><strong>et</strong></span> 
     </span>
    </p>
   </div>
   <div class='ocr_carea' id='block_1_50' title="bbox 1109 992 1892 1029">
    <p class='ocr_par' dir='ltr' id='par_1_50' title="bbox 1109 992 1892 1029">
     <span class='ocr_line' id='line_1_50' title="bbox 1109 992 1892 1029; baseline 0.001 -10"><span class='ocrx_word' id='word_1_393' title='bbox 1109 993 1190 1024; x_wconf 78' lang='grc' dir='ltr'>αὐτὸς</span> <span class='ocrx_word' id='word_1_394' title='bbox 1212 993 1408 1028; x_wconf 77' lang='grc' dir='ltr'>κληρονομήσει</span> <span class='ocrx_word' id='word_1_395' title='bbox 1432 992 1555 1024; x_wconf 74' lang='grc' dir='ltr'>πολλοὺς,</span> <span class='ocrx_word' id='word_1_396' title='bbox 1577 993 1691 1020; x_wconf 79' lang='grc' dir='ltr'>καὶτῶν</span> <span class='ocrx_word' id='word_1_397' title='bbox 1708 993 1824 1028; x_wconf 84' lang='grc' dir='ltr'>ἰσχυρῶν</span> <span class='ocrx_word' id='word_1_398' title='bbox 1843 1002 1892 1029; x_wconf 88' lang='grc' dir='ltr'>με-</span> 
     </span>
    </p>
   </div>
   <div class='ocr_carea' id='block_1_51' title="bbox 1110 1037 1890 1075">
    <p class='ocr_par' dir='ltr' id='par_1_51' title="bbox 1110 1037 1890 1075">
     <span class='ocr_line' id='line_1_51' title="bbox 1110 1037 1890 1075; baseline 0.001 -10"><span class='ocrx_word' id='word_1_399' title='bbox 1110 1040 1162 1075; x_wconf 82' lang='grc' dir='ltr'>ριεῖ</span> <span class='ocrx_word' id='word_1_400' title='bbox 1179 1038 1273 1065; x_wconf 79' lang='grc' dir='ltr'>σκῦλα.</span> <span class='ocrx_word' id='word_1_401' title='bbox 1296 1048 1304 1064; x_wconf 73' lang='grc' dir='ltr'><strong>ι</strong></span> <span class='ocrx_word' id='word_1_402' title='bbox 1323 1038 1406 1065; x_wconf 86' lang='grc' dir='ltr'>Ἔνθα</span> <span class='ocrx_word' id='word_1_403' title='bbox 1415 1037 1505 1064; x_wconf 72' lang='grc' dir='ltr'>λοιπὸν</span> <span class='ocrx_word' id='word_1_404' title='bbox 1518 1038 1568 1074; x_wconf 72' lang='grc' dir='ltr'>ἤδη</span> <span class='ocrx_word' id='word_1_405' title='bbox 1586 1039 1633 1065; x_wconf 78' lang='grc' dir='ltr'><strong>καὶ</strong></span> <span class='ocrx_word' id='word_1_406' title='bbox 1646 1039 1694 1074; x_wconf 85' lang='grc' dir='ltr'>τῆς</span> <span class='ocrx_word' id='word_1_407' title='bbox 1710 1039 1890 1074; x_wconf 75' lang='grc' dir='ltr'>κληρονομίας</span> 
     </span>
    </p>
   </div>
   <div class='ocr_carea' id='block_1_52' title="bbox 1108 1083 1889 1119">
    <p class='ocr_par' dir='ltr' id='par_1_52' title="bbox 1108 1083 1889 1119">
     <span class='ocr_line' id='line_1_52' title="bbox 1108 1083 1889 1119; baseline 0 -9"><span class='ocrx_word' id='word_1_408' title='bbox 1108 1083 1154 1110; x_wconf 84' lang='grc' dir='ltr'>τοῦ</span> <span class='ocrx_word' id='word_1_409' title='bbox 1170 1085 1192 1110; x_wconf 86' lang='grc' dir='ltr'>Χ</span> <span class='ocrx_word' id='word_1_410' title='bbox 1197 1083 1287 1119; x_wconf 65' lang='lat' dir='ltr'><strong>pta-:06</strong></span> <span class='ocrx_word' id='word_1_411' title='bbox 1300 1084 1332 1118; x_wconf 79' lang='grc' dir='ltr'>μέ</span> <span class='ocrx_word' id='word_1_412' title='bbox 1337 1092 1435 1119; x_wconf 86' lang='grc' dir='ltr'>μνηται</span> <span class='ocrx_word' id='word_1_413' title='bbox 1442 1083 1479 1118; x_wconf 81' lang='grc' dir='ltr'>τῷ</span> <span class='ocrx_word' id='word_1_414' title='bbox 1486 1083 1602 1119; x_wconf 80' lang='grc' dir='ltr'>δευτέρῳ</span> <span class='ocrx_word' id='word_1_415' title='bbox 1615 1092 1647 1110; x_wconf 88' lang='grc' dir='ltr'>συ</span> <span class='ocrx_word' id='word_1_416' title='bbox 1652 1084 1766 1118; x_wconf 60' lang='grc' dir='ltr'>μςξώνως</span> <span class='ocrx_word' id='word_1_417' title='bbox 1781 1084 1889 1119; x_wconf 76' lang='grc' dir='ltr'>ψαλμῷ,</span> 
     </span>
    </p>
   </div>
   <div class='ocr_carea' id='block_1_53' title="bbox 1107 1126 1892 1164">
    <p class='ocr_par' dir='ltr' id='par_1_53' title="bbox 1107 1126 1892 1164">
     <span class='ocr_line' id='line_1_53' title="bbox 1107 1126 1892 1164; baseline 0.001 -9"><span class='ocrx_word' id='word_1_418' title='bbox 1107 1129 1140 1155; x_wconf 84' lang='grc' dir='ltr'>δι’</span> <span class='ocrx_word' id='word_1_419' title='bbox 1151 1126 1180 1155; x_wconf 72' lang='grc' dir='ltr'><strong>οὗ</strong></span> <span class='ocrx_word' id='word_1_420' title='bbox 1198 1128 1261 1164; x_wconf 75' lang='grc' dir='ltr'>περὶ</span> <span class='ocrx_word' id='word_1_421' title='bbox 1285 1129 1334 1163; x_wconf 80' lang='grc' dir='ltr'>τῆς</span> <span class='ocrx_word' id='word_1_422' title='bbox 1349 1128 1492 1164; x_wconf 69' lang='grc' dir='ltr'>ἐπιϐουλῆς</span> <span class='ocrx_word' id='word_1_423' title='bbox 1513 1129 1564 1163; x_wconf 70' lang='grc' dir='ltr'>τῆς</span> <span class='ocrx_word' id='word_1_424' title='bbox 1583 1129 1642 1156; x_wconf 73' lang='grc' dir='ltr'>κατ’</span> <span class='ocrx_word' id='word_1_425' title='bbox 1660 1129 1740 1156; x_wconf 76' lang='grc' dir='ltr'><strong>αὐτοῦ</strong></span> <span class='ocrx_word' id='word_1_426' title='bbox 1761 1138 1892 1156; x_wconf 78' lang='grc' dir='ltr'>συσκευαο</span> 
     </span>
    </p>
   </div>
   <div class='ocr_carea' id='block_1_54' title="bbox 1109 1173 1890 1210">
    <p class='ocr_par' dir='ltr' id='par_1_54' title="bbox 1109 1173 1890 1210">
     <span class='ocr_line' id='line_1_54' title="bbox 1109 1173 1890 1210; baseline 0.003 -10"><span class='ocrx_word' id='word_1_427' title='bbox 1109 1174 1218 1209; x_wconf 81' lang='grc' dir='ltr'>σθεὶσης</span> <span class='ocrx_word' id='word_1_428' title='bbox 1234 1174 1363 1208; x_wconf 77' lang='grc' dir='ltr'>ὀνομαστὶ</span> <span class='ocrx_word' id='word_1_429' title='bbox 1387 1173 1517 1205; x_wconf 80' lang='grc' dir='ltr'><strong>θεσπίσας</strong></span> <span class='ocrx_word' id='word_1_430' title='bbox 1531 1175 1544 1200; x_wconf 86' lang='grc' dir='ltr'>ὁ</span> <span class='ocrx_word' id='word_1_431' title='bbox 1558 1173 1635 1208; x_wconf 80' lang='grc' dir='ltr'>λόγος</span> <span class='ocrx_word' id='word_1_432' title='bbox 1661 1175 1689 1201; x_wconf 85' lang='grc' dir='ltr'>ὲν</span> <span class='ocrx_word' id='word_1_433' title='bbox 1708 1175 1756 1209; x_wconf 80' lang='grc' dir='ltr'><strong>τῷ,</strong></span> <span class='ocrx_word' id='word_1_434' title='bbox 1775 1184 1783 1200; x_wconf 81' lang='grc' dir='ltr'><strong>ι</strong></span> <span class='ocrx_word' id='word_1_435' title='bbox 1800 1175 1890 1210; x_wconf 86' lang='grc' dir='ltr'><strong>Παρὲ-</strong></span> 
     </span>
    </p>
   </div>
   <div class='ocr_carea' id='block_1_55' title="bbox 1109 1218 1891 1256">
    <p class='ocr_par' dir='ltr' id='par_1_55' title="bbox 1109 1218 1891 1256">
     <span class='ocr_line' id='line_1_55' title="bbox 1109 1218 1891 1256; baseline 0.004 -12"><span class='ocrx_word' id='word_1_436' title='bbox 1109 1226 1208 1253; x_wconf 73' lang='grc' dir='ltr'>στησαν</span> <span class='ocrx_word' id='word_1_437' title='bbox 1229 1218 1254 1244; x_wconf 89' lang='grc' dir='ltr'>οἱ</span> <span class='ocrx_word' id='word_1_438' title='bbox 1277 1218 1395 1252; x_wconf 80' lang='grc' dir='ltr'>βασιλεῖς</span> <span class='ocrx_word' id='word_1_439' title='bbox 1422 1218 1470 1253; x_wconf 81' lang='grc' dir='ltr'>τῆς</span> <span class='ocrx_word' id='word_1_440' title='bbox 1486 1219 1547 1254; x_wconf 75' lang='grc' dir='ltr'>γῆς,</span> <span class='ocrx_word' id='word_1_441' title='bbox 1560 1219 1606 1245; x_wconf 81' lang='grc' dir='ltr'>καὶ</span> <span class='ocrx_word' id='word_1_442' title='bbox 1625 1220 1649 1246; x_wconf 84' lang='grc' dir='ltr'>οἱ</span> <span class='ocrx_word' id='word_1_443' title='bbox 1664 1219 1792 1254; x_wconf 82' lang='grc' dir='ltr'>ἄρχοντες</span> <span class='ocrx_word' id='word_1_444' title='bbox 1810 1221 1891 1256; x_wconf 80' lang='grc' dir='ltr'>συνή-</span> 
     </span>
    </p>
   </div>
   <div class='ocr_carea' id='block_1_56' title="bbox 1108 1263 1888 1300">
    <p class='ocr_par' dir='ltr' id='par_1_56' title="bbox 1108 1263 1888 1300">
     <span class='ocr_line' id='line_1_56' title="bbox 1108 1263 1888 1300; baseline 0.003 -10"><span class='ocrx_word' id='word_1_445' title='bbox 1108 1263 1209 1298; x_wconf 85' lang='grc' dir='ltr'>χθησαν</span> <span class='ocrx_word' id='word_1_446' title='bbox 1228 1264 1273 1290; x_wconf 76' lang='grc' dir='ltr'><strong>ἐπὶ</strong></span> <span class='ocrx_word' id='word_1_447' title='bbox 1293 1263 1322 1290; x_wconf 83' lang='grc' dir='ltr'>τὸ</span> <span class='ocrx_word' id='word_1_448' title='bbox 1336 1263 1400 1290; x_wconf 77' lang='grc' dir='ltr'>αὐτὸ</span> <span class='ocrx_word' id='word_1_449' title='bbox 1422 1264 1490 1290; x_wconf 80' lang='grc' dir='ltr'>κατὰ</span> <span class='ocrx_word' id='word_1_450' title='bbox 1511 1264 1558 1290; x_wconf 79' lang='grc' dir='ltr'>τοῦ</span> <span class='ocrx_word' id='word_1_451' title='bbox 1573 1265 1675 1300; x_wconf 77' lang='grc' dir='ltr'>Κυρίου</span> <span class='ocrx_word' id='word_1_452' title='bbox 1693 1266 1739 1291; x_wconf 83' lang='grc' dir='ltr'>καὶ</span> <span class='ocrx_word' id='word_1_453' title='bbox 1761 1265 1829 1292; x_wconf 79' lang='grc' dir='ltr'>κατὰ</span> <span class='ocrx_word' id='word_1_454' title='bbox 1842 1266 1888 1292; x_wconf 81' lang='grc' dir='ltr'>τοῦ</span> 
     </span>
    </p>
   </div>
   <div class='ocr_carea' id='block_1_57' title="bbox 1108 1309 1889 1347">
    <p class='ocr_par' dir='ltr' id='par_1_57' title="bbox 1108 1309 1889 1347">
     <span class='ocr_line' id='line_1_57' title="bbox 1108 1309 1889 1347; baseline 0.004 -12"><span class='ocrx_word' id='word_1_455' title='bbox 1108 1309 1226 1344; x_wconf 79' lang='grc' dir='ltr'>Χριστοῦ</span> <span class='ocrx_word' id='word_1_456' title='bbox 1241 1309 1333 1342; x_wconf 75' lang='grc' dir='ltr'>αὐτοῦ,</span> <span class='ocrx_word' id='word_1_457' title='bbox 1355 1309 1417 1344; x_wconf 77' lang='grc' dir='ltr'>ἑξῆς</span> <span class='ocrx_word' id='word_1_458' title='bbox 1434 1309 1568 1344; x_wconf 82' lang='grc' dir='ltr'>ἐπιλέγει·</span> <span class='ocrx_word' id='word_1_459' title='bbox 1590 1320 1598 1336; x_wconf 84' lang='grc' dir='ltr'><strong>ι</strong></span> <span class='ocrx_word' id='word_1_460' title='bbox 1623 1311 1723 1346; x_wconf 76' lang='grc' dir='ltr'>Κύριος</span> <span class='ocrx_word' id='word_1_461' title='bbox 1737 1309 1797 1337; x_wconf 77' lang='grc' dir='ltr'>εἷπε</span> <span class='ocrx_word' id='word_1_462' title='bbox 1820 1311 1889 1347; x_wconf 70' lang='grc' dir='ltr'>πρὸς</span> 
     </span>
    </p>
   </div>
   <div class='ocr_carea' id='block_1_58' title="bbox 1110 1353 1887 1393">
    <p class='ocr_par' dir='ltr' id='par_1_58' title="bbox 1110 1353 1887 1393">
     <span class='ocr_line' id='line_1_58' title="bbox 1110 1353 1887 1393; baseline 0.005 -13"><span class='ocrx_word' id='word_1_463' title='bbox 1110 1354 1158 1389; x_wconf 83' lang='grc' dir='ltr'><strong>μέ·</strong></span> <span class='ocrx_word' id='word_1_464' title='bbox 1173 1354 1236 1386; x_wconf 79' lang='grc' dir='ltr'>Υἱός</span> <span class='ocrx_word' id='word_1_465' title='bbox 1261 1363 1312 1390; x_wconf 87' lang='grc' dir='ltr'>μου</span> <span class='ocrx_word' id='word_1_466' title='bbox 1342 1353 1367 1381; x_wconf 77' lang='grc' dir='ltr'><strong>εἰ</strong></span> <span class='ocrx_word' id='word_1_467' title='bbox 1394 1355 1437 1388; x_wconf 85' lang='grc' dir='ltr'><strong>σὺ,</strong></span> <span class='ocrx_word' id='word_1_468' title='bbox 1461 1355 1516 1390; x_wconf 77' lang='grc' dir='ltr'><strong>ἐγὼ</strong></span> <span class='ocrx_word' id='word_1_469' title='bbox 1539 1357 1656 1392; x_wconf 84' lang='grc' dir='ltr'>σήμερον</span> <span class='ocrx_word' id='word_1_470' title='bbox 1675 1357 1824 1393; x_wconf 75' lang='grc' dir='ltr'><strong>γεγέννηκά</strong></span> <span class='ocrx_word' id='word_1_471' title='bbox 1842 1366 1887 1384; x_wconf 79' lang='grc' dir='ltr'>σε’</span> 
     </span>
    </p>
   </div>
   <div class='ocr_carea' id='block_1_59' title="bbox 1107 1399 1889 1439">
    <p class='ocr_par' dir='ltr' id='par_1_59' title="bbox 1107 1399 1889 1439">
     <span class='ocr_line' id='line_1_59' title="bbox 1107 1399 1889 1439; baseline 0.008 -15"><span class='ocrx_word' id='word_1_472' title='bbox 1107 1399 1217 1435; x_wconf 78' lang='grc' dir='ltr'>αἶτησαι</span> <span class='ocrx_word' id='word_1_473' title='bbox 1227 1401 1291 1436; x_wconf 78' lang='grc' dir='ltr'>παρ’</span> <span class='ocrx_word' id='word_1_474' title='bbox 1302 1400 1378 1436; x_wconf 79' lang='grc' dir='ltr'>ἐμοῦ,</span> <span class='ocrx_word' id='word_1_475' title='bbox 1389 1402 1436 1428; x_wconf 78' lang='grc' dir='ltr'><strong>καὶ</strong></span> <span class='ocrx_word' id='word_1_476' title='bbox 1444 1401 1521 1428; x_wconf 83' lang='grc' dir='ltr'><strong>δώσω</strong></span> <span class='ocrx_word' id='word_1_477' title='bbox 1531 1410 1570 1428; x_wconf 89' lang='grc' dir='ltr'><strong>σοι</strong></span> <span class='ocrx_word' id='word_1_478' title='bbox 1580 1402 1642 1437; x_wconf 76' lang='grc' dir='ltr'>ἔθνη</span> <span class='ocrx_word' id='word_1_479' title='bbox 1651 1403 1698 1438; x_wconf 79' lang='grc' dir='ltr'>τὴν</span> <span class='ocrx_word' id='word_1_480' title='bbox 1710 1403 1889 1439; x_wconf 77' lang='grc' dir='ltr'>κληρονομίαν</span> 
     </span>
    </p>
   </div>
   <div class='ocr_carea' id='block_1_60' title="bbox 1108 1445 1887 1484">
    <p class='ocr_par' dir='ltr' id='par_1_60' title="bbox 1108 1445 1887 1484">
     <span class='ocr_line' id='line_1_60' title="bbox 1108 1445 1887 1484; baseline 0.005 -14"><span class='ocrx_word' id='word_1_481' title='bbox 1108 1452 1166 1476; x_wconf 88' lang='grc' dir='ltr'>σου,</span> <span class='ocrx_word' id='word_1_482' title='bbox 1183 1445 1229 1471; x_wconf 80' lang='grc' dir='ltr'>καὶ</span> <span class='ocrx_word' id='word_1_483' title='bbox 1249 1445 1298 1480; x_wconf 79' lang='grc' dir='ltr'><strong>τὴν</strong></span> <span class='ocrx_word' id='word_1_484' title='bbox 1319 1447 1481 1481; x_wconf 81' lang='grc' dir='ltr'>κατάσχεσιν</span> <span class='ocrx_word' id='word_1_485' title='bbox 1504 1456 1549 1473; x_wconf 77' lang='grc' dir='ltr'><strong>σου</strong></span> <span class='ocrx_word' id='word_1_486' title='bbox 1568 1448 1601 1474; x_wconf 71' lang='grc' dir='ltr'>τὲ</span> <span class='ocrx_word' id='word_1_487' title='bbox 1616 1448 1720 1483; x_wconf 77' lang='grc' dir='ltr'>πέρατα</span> <span class='ocrx_word' id='word_1_488' title='bbox 1734 1449 1783 1484; x_wconf 79' lang='grc' dir='ltr'>τῆς</span> <span class='ocrx_word' id='word_1_489' title='bbox 1797 1449 1857 1484; x_wconf 71' lang='grc' dir='ltr'>γῆς,</span> <span class='ocrx_word' id='word_1_490' title='bbox 1877 1459 1887 1474; x_wconf 74' lang='grc' dir='ltr'><strong>ι</strong></span> 
     </span>
    </p>
   </div>
   <div class='ocr_carea' id='block_1_61' title="bbox 1108 1489 1887 1529">
    <p class='ocr_par' dir='ltr' id='par_1_61' title="bbox 1108 1489 1887 1529">
     <span class='ocr_line' id='line_1_61' title="bbox 1108 1489 1887 1529; baseline 0.004 -12"><span class='ocrx_word' id='word_1_491' title='bbox 1108 1491 1200 1518; x_wconf 78' lang='grc' dir='ltr'>Ταῦτα</span> <span class='ocrx_word' id='word_1_492' title='bbox 1215 1491 1238 1517; x_wconf 87' lang='grc' dir='ltr'>δ’</span> <span class='ocrx_word' id='word_1_493' title='bbox 1252 1489 1298 1518; x_wconf 76' lang='grc' dir='ltr'>οὖν</span> <span class='ocrx_word' id='word_1_494' title='bbox 1308 1491 1342 1518; x_wconf 69' lang='grc' dir='ltr'><strong>τὰ</strong></span> <span class='ocrx_word' id='word_1_495' title='bbox 1355 1492 1417 1527; x_wconf 78' lang='grc' dir='ltr'>ἔθνη</span> <span class='ocrx_word' id='word_1_496' title='bbox 1429 1493 1498 1519; x_wconf 84' lang='grc' dir='ltr'>καὶό</span> <span class='ocrx_word' id='word_1_497' title='bbox 1512 1494 1653 1529; x_wconf 66' lang='grc' dir='ltr'>προφήτης</span> <span class='ocrx_word' id='word_1_498' title='bbox 1668 1494 1775 1529; x_wconf 73' lang='grc' dir='ltr'>ᾐνίξατο</span> <span class='ocrx_word' id='word_1_499' title='bbox 1787 1494 1871 1520; x_wconf 83' lang='grc' dir='ltr'>εἰπών</span> <span class='ocrx_word' id='word_1_500' title='bbox 1880 1503 1887 1510; x_wconf 87' lang='grc'><strong>·</strong></span> 
     </span>
    </p>
   </div>
   <div class='ocr_carea' id='block_1_62' title="bbox 1111 1537 1888 1575">
    <p class='ocr_par' dir='ltr' id='par_1_62' title="bbox 1111 1537 1888 1575">
     <span class='ocr_line' id='line_1_62' title="bbox 1111 1537 1888 1575; baseline 0.005 -12"><span class='ocrx_word' id='word_1_501' title='bbox 1111 1547 1120 1563; x_wconf 76' lang='grc' dir='ltr'><strong>ι</strong></span> <span class='ocrx_word' id='word_1_502' title='bbox 1131 1537 1180 1564; x_wconf 84' lang='grc' dir='ltr'>Διὰ</span> <span class='ocrx_word' id='word_1_503' title='bbox 1185 1537 1263 1564; x_wconf 79' lang='grc' dir='ltr'>τοῦτο</span> <span class='ocrx_word' id='word_1_504' title='bbox 1269 1538 1346 1570; x_wconf 81' lang='grc' dir='ltr'>αὐτὸς</span> <span class='ocrx_word' id='word_1_505' title='bbox 1353 1539 1547 1575; x_wconf 78' lang='grc' dir='ltr'>κληρονομήσει</span> <span class='ocrx_word' id='word_1_506' title='bbox 1554 1540 1676 1572; x_wconf 76' lang='grc' dir='ltr'>πολλούς’</span> <span class='ocrx_word' id='word_1_507' title='bbox 1689 1550 1696 1565; x_wconf 77' lang='grc' dir='ltr'><strong>ι</strong></span> <span class='ocrx_word' id='word_1_508' title='bbox 1705 1541 1751 1567; x_wconf 81' lang='grc' dir='ltr'>καὶ</span> <span class='ocrx_word' id='word_1_509' title='bbox 1759 1540 1888 1574; x_wconf 69' lang='grc' dir='ltr'>ἑπιλέγεν</span> 
     </span>
    </p>
   </div>
   <div class='ocr_carea' id='block_1_63' title="bbox 1111 1583 1890 1620">
    <p class='ocr_par' dir='ltr' id='par_1_63' title="bbox 1111 1583 1890 1620">
     <span class='ocr_line' id='line_1_63' title="bbox 1111 1583 1890 1620; baseline 0.005 -11"><span class='ocrx_word' id='word_1_510' title='bbox 1111 1591 1120 1608; x_wconf 77' lang='lat' dir='ltr'><strong>t</strong></span> <span class='ocrx_word' id='word_1_511' title='bbox 1134 1583 1187 1609; x_wconf 75' lang='grc' dir='ltr'><strong>Καὶ</strong></span> <span class='ocrx_word' id='word_1_512' title='bbox 1200 1583 1254 1610; x_wconf 86' lang='grc' dir='ltr'><strong>τῶν</strong></span> <span class='ocrx_word' id='word_1_513' title='bbox 1273 1584 1390 1619; x_wconf 82' lang='grc' dir='ltr'>ἰσχυρῶν</span> <span class='ocrx_word' id='word_1_514' title='bbox 1416 1586 1505 1620; x_wconf 84' lang='grc' dir='ltr'>μεριεῖ</span> <span class='ocrx_word' id='word_1_515' title='bbox 1522 1585 1615 1612; x_wconf 78' lang='grc' dir='ltr'>σκῦλα.</span> <span class='ocrx_word' id='word_1_516' title='bbox 1640 1595 1649 1611; x_wconf 71' lang='grc' dir='ltr'><strong>ι</strong></span> <span class='ocrx_word' id='word_1_517' title='bbox 1667 1585 1725 1612; x_wconf 85' lang='grc' dir='ltr'>Τῶν</span> <span class='ocrx_word' id='word_1_518' title='bbox 1745 1586 1798 1620; x_wconf 80' lang='grc' dir='ltr'><strong>γὰρ</strong></span> <span class='ocrx_word' id='word_1_519' title='bbox 1815 1586 1890 1613; x_wconf 55' lang='lat' dir='ltr'><strong>sum</strong></span> 
     </span>
    </p>
   </div>
   <div class='ocr_carea' id='block_1_64' title="bbox 278 1624 1058 1669">
    <p class='ocr_par' dir='ltr' id='par_1_64' title="bbox 278 1632 1058 1669">
     <span class='ocr_line' id='line_1_64' title="bbox 278 1632 1058 1669; baseline 0.001 -9"><span class='ocrx_word' id='word_1_520' title='bbox 278 1632 420 1660; x_wconf 86' lang='lat' dir='ltr'><strong>ostendere</strong></span> <span class='ocrx_word' id='word_1_521' title='bbox 435 1632 475 1660; x_wconf 92' lang='lat' dir='ltr'><strong>illi</strong></span> <span class='ocrx_word' id='word_1_522' title='bbox 491 1633 598 1665; x_wconf 87' lang='lat' dir='ltr'><strong>lucem;</strong></span> <span class='ocrx_word' id='word_1_523' title='bbox 612 1632 676 1660; x_wconf 90' lang='lat' dir='ltr'><strong>fecit</strong></span> <span class='ocrx_word' id='word_1_524' title='bbox 693 1633 775 1668; x_wconf 80' lang='lat' dir='ltr'><strong>igitur</strong></span> <span class='ocrx_word' id='word_1_525' title='bbox 790 1633 862 1661; x_wconf 76' lang='lat' dir='ltr'><strong>haec:</strong></span> <span class='ocrx_word' id='word_1_526' title='bbox 877 1637 903 1661; x_wconf 88' lang='lat' dir='ltr'><strong>et</strong></span> <span class='ocrx_word' id='word_1_527' title='bbox 920 1641 981 1661; x_wconf 92' lang='lat' dir='ltr'><strong>cum</strong></span> <span class='ocrx_word' id='word_1_528' title='bbox 993 1642 1058 1669; x_wconf 91' lang='lat' dir='ltr'><strong>pur-</strong></span> 
     </span>
    </p>
   </div>
   <div class='ocr_carea' id='block_1_65' title="bbox 1109 1624 1888 1669">
    <p class='ocr_par' dir='ltr' id='par_1_65' title="bbox 1109 1630 1888 1668">
     <span class='ocr_line' id='line_1_65' title="bbox 1109 1630 1888 1668; baseline 0.003 -12"><span class='ocrx_word' id='word_1_529' title='bbox 1109 1639 1180 1666; x_wconf 87' lang='grc' dir='ltr'>μεων</span> <span class='ocrx_word' id='word_1_530' title='bbox 1193 1631 1247 1657; x_wconf 87' lang='grc' dir='ltr'><strong>τῶν</strong></span> <span class='ocrx_word' id='word_1_531' title='bbox 1264 1631 1467 1666; x_wconf 85' lang='grc' dir='ltr'>ἀντικειμένων,</span> <span class='ocrx_word' id='word_1_532' title='bbox 1488 1631 1515 1657; x_wconf 82' lang='grc' dir='ltr'>αἱ</span> <span class='ocrx_word' id='word_1_533' title='bbox 1531 1632 1614 1658; x_wconf 83' lang='grc' dir='ltr'>πάλαι</span> <span class='ocrx_word' id='word_1_534' title='bbox 1627 1632 1680 1658; x_wconf 80' lang='grc' dir='ltr'><strong>τῶν</strong></span> <span class='ocrx_word' id='word_1_535' title='bbox 1693 1632 1776 1658; x_wconf 78' lang='grc' dir='ltr'>ἐθνῶν</span> <span class='ocrx_word' id='word_1_536' title='bbox 1793 1630 1888 1668; x_wconf 81' lang='grc' dir='ltr'>ἦρχον,</span> 
     </span>
    </p>
   </div>
   <div class='ocr_carea' id='block_1_66' title="bbox 277 1678 1058 1716">
    <p class='ocr_par' dir='ltr' id='par_1_66' title="bbox 277 1678 1058 1716">
     <span class='ocr_line' id='line_1_66' title="bbox 277 1678 1058 1716; baseline 0.003 -11"><span class='ocrx_word' id='word_1_537' title='bbox 277 1678 383 1714; x_wconf 88' lang='lat' dir='ltr'><strong>gaverit</strong></span> <span class='ocrx_word' id='word_1_538' title='bbox 398 1679 485 1711; x_wconf 87' lang='lat' dir='ltr'><strong>illum,</strong></span> <span class='ocrx_word' id='word_1_539' title='bbox 497 1678 616 1706; x_wconf 85' lang='lat' dir='ltr'><strong>ostendit</strong></span> <span class='ocrx_word' id='word_1_540' title='bbox 630 1679 668 1705; x_wconf 94' lang='lat' dir='ltr'><strong>illi</strong></span> <span class='ocrx_word' id='word_1_541' title='bbox 692 1679 779 1716; x_wconf 76' lang='lat' dir='ltr'><strong>lucem</strong></span> <span class='ocrx_word' id='word_1_542' title='bbox 793 1688 799 1707; x_wconf 91' lang='lat'><strong>:</strong></span> <span class='ocrx_word' id='word_1_543' title='bbox 813 1683 841 1707; x_wconf 93' lang='lat' dir='ltr'><strong>et</strong></span> <span class='ocrx_word' id='word_1_544' title='bbox 857 1680 986 1714; x_wconf 90' lang='lat' dir='ltr'><strong>quoniam</strong></span> <span class='ocrx_word' id='word_1_545' title='bbox 1009 1688 1058 1707; x_wconf 88' lang='lat' dir='ltr'><strong>vo-</strong></span> 
     </span>
    </p>
   </div>
   <div class='ocr_carea' id='block_1_67' title="bbox 278 1723 1058 1762">
    <p class='ocr_par' dir='ltr' id='par_1_67' title="bbox 278 1723 1058 1762">
     <span class='ocr_line' id='line_1_67' title="bbox 278 1723 1058 1762; baseline 0.003 -12"><span class='ocrx_word' id='word_1_546' title='bbox 278 1723 339 1755; x_wconf 82' lang='lat' dir='ltr'><strong>luit.</strong></span> <span class='ocrx_word' id='word_1_547' title='bbox 359 1729 386 1752; x_wconf 88' lang='lat' dir='ltr'><strong>et</strong></span> <span class='ocrx_word' id='word_1_548' title='bbox 401 1725 495 1752; x_wconf 84' lang='lat' dir='ltr'><strong>volens</strong></span> <span class='ocrx_word' id='word_1_549' title='bbox 507 1724 621 1762; x_wconf 78' lang='lat' dir='ltr'><strong>abstulit</strong></span> <span class='ocrx_word' id='word_1_550' title='bbox 637 1724 756 1751; x_wconf 85' lang='lat' dir='ltr'><strong>laborem</strong></span> <span class='ocrx_word' id='word_1_551' title='bbox 773 1725 807 1752; x_wconf 89' lang='lat' dir='ltr'><strong>ab</strong></span> <span class='ocrx_word' id='word_1_552' title='bbox 823 1725 915 1752; x_wconf 88' lang='lat' dir='ltr'><strong>anima</strong></span> <span class='ocrx_word' id='word_1_553' title='bbox 931 1724 1014 1758; x_wconf 80' lang='lat' dir='ltr'><strong>illius,</strong></span> <span class='ocrx_word' id='word_1_554' title='bbox 1030 1728 1058 1752; x_wconf 92' lang='lat' dir='ltr'><strong>et</strong></span> 
     </span>
    </p>
   </div>
   <div class='ocr_carea' id='block_1_68' title="bbox 277 1769 1059 1806">
    <p class='ocr_par' dir='ltr' id='par_1_68' title="bbox 277 1769 1059 1806">
     <span class='ocr_line' id='line_1_68' title="bbox 277 1769 1059 1806; baseline -0.001 -8"><span class='ocrx_word' id='word_1_555' title='bbox 277 1770 396 1798; x_wconf 88' lang='lat' dir='ltr'><strong>ostendit</strong></span> <span class='ocrx_word' id='word_1_556' title='bbox 419 1771 457 1797; x_wconf 88' lang='lat' dir='ltr'><strong>illi</strong></span> <span class='ocrx_word' id='word_1_557' title='bbox 482 1771 570 1798; x_wconf 89' lang='lat' dir='ltr'><strong>lucem</strong></span> <span class='ocrx_word' id='word_1_558' title='bbox 585 1790 593 1803; x_wconf 86' lang='lat'><strong>,</strong></span> <span class='ocrx_word' id='word_1_559' title='bbox 609 1770 707 1798; x_wconf 87' lang='lat' dir='ltr'><strong>merito</strong></span> <span class='ocrx_word' id='word_1_560' title='bbox 720 1769 855 1806; x_wconf 81' lang='lat' dir='ltr'><strong>Propheta</strong></span> <span class='ocrx_word' id='word_1_561' title='bbox 879 1770 1015 1806; x_wconf 89' lang='lat' dir='ltr'><strong>sequitur,</strong></span> <span class='ocrx_word' id='word_1_562' title='bbox 1031 1774 1059 1798; x_wconf 90' lang='lat' dir='ltr'><strong>et</strong></span> 
     </span>
    </p>
   </div>
   <div class='ocr_carea' id='block_1_69' title="bbox 277 1815 1059 1852">
    <p class='ocr_par' dir='ltr' id='par_1_69' title="bbox 277 1815 1059 1852">
     <span class='ocr_line' id='line_1_69' title="bbox 277 1815 1059 1852; baseline 0.001 -9"><span class='ocrx_word' id='word_1_563' title='bbox 277 1816 338 1844; x_wconf 86' lang='lat' dir='ltr'><strong>ait:</strong></span> <span class='ocrx_word' id='word_1_564' title='bbox 358 1825 367 1842; x_wconf 83' lang='grc' dir='ltr'><strong>ι</strong></span> <span class='ocrx_word' id='word_1_565' title='bbox 399 1815 513 1852; x_wconf 83' lang='lat' dir='ltr'><strong>Propter</strong></span> <span class='ocrx_word' id='word_1_566' title='bbox 543 1816 595 1844; x_wconf 89' lang='lat' dir='ltr'><strong>hoc</strong></span> <span class='ocrx_word' id='word_1_567' title='bbox 614 1816 673 1851; x_wconf 89' lang='lat' dir='ltr'><strong>ipse</strong></span> <span class='ocrx_word' id='word_1_568' title='bbox 694 1815 864 1844; x_wconf 62' lang='lat' dir='ltr'><strong>haereditabit</strong></span> <span class='ocrx_word' id='word_1_569' title='bbox 891 1817 1009 1849; x_wconf 89' lang='lat' dir='ltr'><strong>multos,</strong></span> <span class='ocrx_word' id='word_1_570' title='bbox 1031 1820 1059 1844; x_wconf 89' lang='lat' dir='ltr'><strong>et</strong></span> 
     </span>
    </p>
   </div>
   <div class='ocr_carea' id='block_1_70' title="bbox 278 1860 1057 1897">
    <p class='ocr_par' dir='ltr' id='par_1_70' title="bbox 278 1860 1057 1897">
     <span class='ocr_line' id='line_1_70' title="bbox 278 1860 1057 1897; baseline 0.001 -10"><span class='ocrx_word' id='word_1_571' title='bbox 278 1860 389 1888; x_wconf 77' lang='lat' dir='ltr'><strong>fortium</strong></span> <span class='ocrx_word' id='word_1_572' title='bbox 416 1860 519 1888; x_wconf 85' lang='lat' dir='ltr'><strong>dividet</strong></span> <span class='ocrx_word' id='word_1_573' title='bbox 546 1861 633 1896; x_wconf 87' lang='lat' dir='ltr'><strong>spolia</strong></span> <span class='ocrx_word' id='word_1_574' title='bbox 652 1861 697 1888; x_wconf 75' lang='grc' dir='ltr'><strong>⁸¹ε</strong></span> <span class='ocrx_word' id='word_1_575' title='bbox 725 1870 734 1887; x_wconf 74' lang='grc' dir='ltr'><strong>ι</strong></span> <span class='ocrx_word' id='word_1_576' title='bbox 753 1861 798 1888; x_wconf 88' lang='lat' dir='ltr'><strong>ubi</strong></span> <span class='ocrx_word' id='word_1_577' title='bbox 820 1861 903 1896; x_wconf 92' lang='lat' dir='ltr'><strong>(quod</strong></span> <span class='ocrx_word' id='word_1_578' title='bbox 922 1862 1057 1897; x_wconf 88' lang='lat' dir='ltr'><strong>reliquum</strong></span> 
     </span>
    </p>
   </div>
   <div class='ocr_carea' id='block_1_71' title="bbox 279 1904 1058 1941">
    <p class='ocr_par' dir='ltr' id='par_1_71' title="bbox 279 1904 1058 1941">
     <span class='ocr_line' id='line_1_71' title="bbox 279 1904 1058 1941; baseline 0 -9"><span class='ocrx_word' id='word_1_579' title='bbox 279 1905 340 1941; x_wconf 90' lang='lat' dir='ltr'><strong>fuit)</strong></span> <span class='ocrx_word' id='word_1_580' title='bbox 356 1905 412 1940; x_wconf 86' lang='lat' dir='ltr'><strong>jam</strong></span> <span class='ocrx_word' id='word_1_581' title='bbox 430 1905 597 1933; x_wconf 63' lang='lat' dir='ltr'><strong>hereditatis</strong></span> <span class='ocrx_word' id='word_1_582' title='bbox 614 1904 695 1932; x_wconf 91' lang='lat' dir='ltr'><strong>etiam</strong></span> <span class='ocrx_word' id='word_1_583' title='bbox 713 1904 815 1933; x_wconf 87' lang='lat' dir='ltr'><strong>Christi</strong></span> <span class='ocrx_word' id='word_1_584' title='bbox 831 1906 996 1933; x_wconf 88' lang='lat' dir='ltr'><strong>mentionem</strong></span> <span class='ocrx_word' id='word_1_585' title='bbox 1018 1905 1058 1932; x_wconf 86' lang='lat' dir='ltr'><strong>fa-</strong></span> 
     </span>
    </p>
   </div>
   <div class='ocr_carea' id='block_1_72' title="bbox 278 1950 1058 1986">
    <p class='ocr_par' dir='ltr' id='par_1_72' title="bbox 278 1950 1058 1986">
     <span class='ocr_line' id='line_1_72' title="bbox 278 1950 1058 1986; baseline 0 -8"><span class='ocrx_word' id='word_1_586' title='bbox 278 1951 327 1982; x_wconf 90' lang='lat' dir='ltr'><strong>cit,</strong></span> <span class='ocrx_word' id='word_1_587' title='bbox 346 1951 383 1978; x_wconf 92' lang='lat' dir='ltr'><strong>illi</strong></span> <span class='ocrx_word' id='word_1_588' title='bbox 397 1951 501 1985; x_wconf 86' lang='lat' dir='ltr'><strong>psalmo</strong></span> <span class='ocrx_word' id='word_1_589' title='bbox 514 1955 697 1978; x_wconf 86' lang='lat' dir='ltr'><strong>consentanea</strong></span> <span class='ocrx_word' id='word_1_590' title='bbox 712 1950 817 1981; x_wconf 86' lang='lat' dir='ltr'><strong>dicens.</strong></span> <span class='ocrx_word' id='word_1_591' title='bbox 831 1951 858 1978; x_wconf 92' lang='lat' dir='ltr'><strong>in</strong></span> <span class='ocrx_word' id='word_1_592' title='bbox 872 1959 927 1986; x_wconf 91' lang='lat' dir='ltr'><strong>quo</strong></span> <span class='ocrx_word' id='word_1_593' title='bbox 942 1951 976 1979; x_wconf 89' lang='lat' dir='ltr'><strong>de</strong></span> <span class='ocrx_word' id='word_1_594' title='bbox 991 1951 1058 1979; x_wconf 88' lang='lat' dir='ltr'><strong>insi-</strong></span> 
     </span>
    </p>
   </div>
   <div class='ocr_carea' id='block_1_73' title="bbox 278 1995 1057 2025">
    <p class='ocr_par' dir='ltr' id='par_1_73' title="bbox 278 1995 1057 2025">
     <span class='ocr_line' id='line_1_73' title="bbox 278 1995 1057 2025; baseline 0.004 -3"><span class='ocrx_word' id='word_1_595' title='bbox 278 1995 333 2024; x_wconf 89' lang='lat' dir='ltr'><strong>diis</strong></span> <span class='ocrx_word' id='word_1_596' title='bbox 347 1996 478 2024; x_wconf 87' lang='lat' dir='ltr'><strong>adversus</strong></span> <span class='ocrx_word' id='word_1_597' title='bbox 498 1996 573 2024; x_wconf 91' lang='lat' dir='ltr'><strong>illum</strong></span> <span class='ocrx_word' id='word_1_598' title='bbox 594 1997 759 2024; x_wconf 84' lang='lat' dir='ltr'><strong>constructis</strong></span> <span class='ocrx_word' id='word_1_599' title='bbox 779 1997 940 2024; x_wconf 84' lang='lat' dir='ltr'><strong>nominatim</strong></span> <span class='ocrx_word' id='word_1_600' title='bbox 955 2005 1057 2025; x_wconf 90' lang='lat' dir='ltr'><strong>canens</strong></span> 
     </span>
    </p>
   </div>
   <div class='ocr_carea' id='block_1_74' title="bbox 278 2041 1058 2078">
    <p class='ocr_par' dir='ltr' id='par_1_74' title="bbox 278 2041 1058 2078">
     <span class='ocr_line' id='line_1_74' title="bbox 278 2041 1058 2078; baseline 0.004 -10"><span class='ocrx_word' id='word_1_601' title='bbox 278 2041 430 2075; x_wconf 88' lang='lat' dir='ltr'><strong>oraculum,</strong></span> <span class='ocrx_word' id='word_1_602' title='bbox 455 2042 500 2069; x_wconf 88' lang='lat' dir='ltr'><strong>ubi</strong></span> <span class='ocrx_word' id='word_1_603' title='bbox 525 2043 583 2069; x_wconf 89' lang='lat' dir='ltr'><strong>ait:</strong></span> <span class='ocrx_word' id='word_1_604' title='bbox 603 2051 612 2067; x_wconf 80' lang='grc' dir='ltr'><strong>ι</strong></span> <span class='ocrx_word' id='word_1_605' title='bbox 640 2042 793 2070; x_wconf 83' lang='lat' dir='ltr'><strong>Astiterunt</strong></span> <span class='ocrx_word' id='word_1_606' title='bbox 817 2050 894 2078; x_wconf 87' lang='lat' dir='ltr'><strong>reges</strong></span> <span class='ocrx_word' id='word_1_607' title='bbox 920 2048 1008 2074; x_wconf 77' lang='lat' dir='ltr'><strong>terrae.</strong></span> <span class='ocrx_word' id='word_1_608' title='bbox 1031 2047 1058 2071; x_wconf 89' lang='lat' dir='ltr'><strong>et</strong></span> 
     </span>
    </p>
   </div>
   <div class='ocr_carea' id='block_1_75' title="bbox 277 2088 1057 2124">
    <p class='ocr_par' dir='ltr' id='par_1_75' title="bbox 277 2088 1057 2124">
     <span class='ocr_line' id='line_1_75' title="bbox 277 2088 1057 2124; baseline 0.003 -9"><span class='ocrx_word' id='word_1_609' title='bbox 277 2088 416 2124; x_wconf 78' lang='lat' dir='ltr'><strong>principes</strong></span> <span class='ocrx_word' id='word_1_610' title='bbox 427 2092 613 2116; x_wconf 88' lang='lat' dir='ltr'><strong>convenerunt</strong></span> <span class='ocrx_word' id='word_1_611' title='bbox 628 2088 655 2115; x_wconf 93' lang='lat' dir='ltr'><strong>in</strong></span> <span class='ocrx_word' id='word_1_612' title='bbox 669 2096 753 2115; x_wconf 92' lang='lat' dir='ltr'><strong>unum</strong></span> <span class='ocrx_word' id='word_1_613' title='bbox 766 2088 898 2116; x_wconf 86' lang='lat' dir='ltr'><strong>adversus</strong></span> <span class='ocrx_word' id='word_1_614' title='bbox 913 2089 1057 2117; x_wconf 86' lang='lat' dir='ltr'><strong>Dominum</strong></span> 
     </span>
    </p>
   </div>
   <div class='ocr_carea' id='block_1_76' title="bbox 277 2126 1057 2170">
    <p class='ocr_par' dir='ltr' id='par_1_76' title="bbox 277 2126 1057 2170">
     <span class='ocr_line' id='line_1_76' title="bbox 277 2126 1057 2170; baseline 0.003 -10"><span class='ocrx_word' id='word_1_615' title='bbox 277 2138 305 2161; x_wconf 90' lang='lat' dir='ltr'><strong>et</strong></span> <span class='ocrx_word' id='word_1_616' title='bbox 317 2133 447 2161; x_wconf 85' lang='lat' dir='ltr'><strong>adversus</strong></span> <span class='ocrx_word' id='word_1_617' title='bbox 460 2133 599 2161; x_wconf 86' lang='lat' dir='ltr'><strong>Christum</strong></span> <span class='ocrx_word' id='word_1_618' title='bbox 611 2134 672 2169; x_wconf 88' lang='lat' dir='ltr'><strong>ejus</strong></span> <span class='ocrx_word' id='word_1_619' title='bbox 686 2134 724 2168; x_wconf 82' lang='lat'><strong>&quot;;</strong></span> <span class='ocrx_word' id='word_1_620' title='bbox 746 2143 754 2160; x_wconf 75' lang='grc' dir='ltr'><strong>ι</strong></span> <span class='ocrx_word' id='word_1_621' title='bbox 770 2134 897 2170; x_wconf 83' lang='lat' dir='ltr'><strong>deinceps</strong></span> <span class='ocrx_word' id='word_1_622' title='bbox 912 2126 1035 2170; x_wconf 85' lang='lat' dir='ltr'><strong>adjungit</strong></span> <span class='ocrx_word' id='word_1_623' title='bbox 1049 2143 1057 2162; x_wconf 87' lang='lat'><strong>:</strong></span> 
     </span>
    </p>
   </div>
   <div class='ocr_carea' id='block_1_77' title="bbox 280 2179 1059 2216">
    <p class='ocr_par' dir='ltr' id='par_1_77' title="bbox 280 2179 1059 2216">
     <span class='ocr_line' id='line_1_77' title="bbox 280 2179 1059 2216; baseline 0.001 -10"><span class='ocrx_word' id='word_1_624' title='bbox 280 2188 291 2206; x_wconf 71' lang='grc' dir='ltr'><strong>ε</strong></span> <span class='ocrx_word' id='word_1_625' title='bbox 311 2179 443 2208; x_wconf 87' lang='lat' dir='ltr'><strong>Dominus</strong></span> <span class='ocrx_word' id='word_1_626' title='bbox 459 2180 526 2208; x_wconf 78' lang='lat' dir='ltr'><strong>dixit</strong></span> <span class='ocrx_word' id='word_1_627' title='bbox 538 2180 570 2207; x_wconf 90' lang='lat' dir='ltr'><strong>ad</strong></span> <span class='ocrx_word' id='word_1_628' title='bbox 588 2188 641 2212; x_wconf 87' lang='lat' dir='ltr'><strong>me,</strong></span> <span class='ocrx_word' id='word_1_629' title='bbox 654 2179 738 2208; x_wconf 80' lang='lat' dir='ltr'><strong>Filius</strong></span> <span class='ocrx_word' id='word_1_630' title='bbox 756 2188 832 2208; x_wconf 86' lang='lat' dir='ltr'><strong>meus</strong></span> <span class='ocrx_word' id='word_1_631' title='bbox 846 2188 876 2208; x_wconf 88' lang='lat' dir='ltr'><strong>es</strong></span> <span class='ocrx_word' id='word_1_632' title='bbox 888 2185 928 2214; x_wconf 93' lang='lat' dir='ltr'><strong>tu,</strong></span> <span class='ocrx_word' id='word_1_633' title='bbox 945 2189 995 2216; x_wconf 79' lang='lat' dir='ltr'><strong>ego</strong></span> <span class='ocrx_word' id='word_1_634' title='bbox 1011 2181 1059 2208; x_wconf 52' lang='lat' dir='ltr'><strong>lio-</strong></span> 
     </span>
    </p>
   </div>
   <div class='ocr_carea' id='block_1_78' title="bbox 224 2225 1060 2262">
    <p class='ocr_par' dir='ltr' id='par_1_78' title="bbox 224 2225 1060 2262">
     <span class='ocr_line' id='line_1_78' title="bbox 224 2225 1060 2262; baseline -0.001 -8"><span class='ocrx_word' id='word_1_635' title='bbox 224 2256 229 2261; x_wconf 45' lang='lat'><strong><em>.</em></strong></span> <span class='ocrx_word' id='word_1_636' title='bbox 278 2226 322 2254; x_wconf 91' lang='lat' dir='ltr'><strong>die</strong></span> <span class='ocrx_word' id='word_1_637' title='bbox 333 2226 413 2262; x_wconf 87' lang='lat' dir='ltr'><strong>genui</strong></span> <span class='ocrx_word' id='word_1_638' title='bbox 426 2230 472 2253; x_wconf 90' lang='lat' dir='ltr'><strong>te:</strong></span> <span class='ocrx_word' id='word_1_639' title='bbox 492 2226 601 2262; x_wconf 86' lang='lat' dir='ltr'><strong>postula</strong></span> <span class='ocrx_word' id='word_1_640' title='bbox 619 2233 698 2257; x_wconf 88' lang='lat' dir='ltr'><strong>ame,</strong></span> <span class='ocrx_word' id='word_1_641' title='bbox 714 2230 741 2253; x_wconf 84' lang='lat' dir='ltr'><strong>et</strong></span> <span class='ocrx_word' id='word_1_642' title='bbox 755 2226 826 2253; x_wconf 83' lang='lat' dir='ltr'><strong>dabo</strong></span> <span class='ocrx_word' id='word_1_643' title='bbox 840 2226 889 2253; x_wconf 89' lang='lat' dir='ltr'><strong>tibi</strong></span> <span class='ocrx_word' id='word_1_644' title='bbox 903 2231 997 2262; x_wconf 85' lang='lat' dir='ltr'><strong>gentes</strong></span> <span class='ocrx_word' id='word_1_645' title='bbox 1009 2225 1060 2253; x_wconf 67' lang='lat' dir='ltr'><strong>hae-</strong></span> 
     </span>
    </p>
   </div>
   <div class='ocr_carea' id='block_1_79' title="bbox 277 2272 1059 2307">
    <p class='ocr_par' dir='ltr' id='par_1_79' title="bbox 277 2272 1059 2307">
     <span class='ocr_line' id='line_1_79' title="bbox 277 2272 1059 2307; baseline 0 -7"><span class='ocrx_word' id='word_1_646' title='bbox 277 2273 419 2300; x_wconf 83' lang='lat' dir='ltr'><strong>reditatem</strong></span> <span class='ocrx_word' id='word_1_647' title='bbox 441 2275 526 2304; x_wconf 85' lang='lat' dir='ltr'><strong>tuam,</strong></span> <span class='ocrx_word' id='word_1_648' title='bbox 549 2276 575 2300; x_wconf 93' lang='lat' dir='ltr'><strong>et</strong></span> <span class='ocrx_word' id='word_1_649' title='bbox 595 2272 795 2307; x_wconf 81' lang='lat' dir='ltr'><strong>possessionem</strong></span> <span class='ocrx_word' id='word_1_650' title='bbox 821 2277 894 2299; x_wconf 85' lang='lat' dir='ltr'><strong>tuam</strong></span> <span class='ocrx_word' id='word_1_651' title='bbox 928 2272 1059 2300; x_wconf 87' lang='lat' dir='ltr'><strong>terminos</strong></span> 
     </span>
    </p>
   </div>
   <div class='ocr_carea' id='block_1_80' title="bbox 277 2317 1057 2353">
    <p class='ocr_par' dir='ltr' id='par_1_80' title="bbox 277 2317 1057 2353">
     <span class='ocr_line' id='line_1_80' title="bbox 277 2317 1057 2353; baseline -0.004 -7"><span class='ocrx_word' id='word_1_652' title='bbox 277 2318 397 2346; x_wconf 68' lang='lat' dir='ltr'><strong>terrae&quot;.</strong></span> <span class='ocrx_word' id='word_1_653' title='bbox 416 2328 426 2344; x_wconf 72' lang='grc' dir='ltr'><strong>ι</strong></span> <span class='ocrx_word' id='word_1_654' title='bbox 439 2317 494 2345; x_wconf 80' lang='lat' dir='ltr'><strong>llas</strong></span> <span class='ocrx_word' id='word_1_655' title='bbox 508 2318 590 2353; x_wconf 92' lang='lat' dir='ltr'><strong>igitur</strong></span> <span class='ocrx_word' id='word_1_656' title='bbox 608 2321 713 2353; x_wconf 75' lang='lat' dir='ltr'><strong>gentes,</strong></span> <span class='ocrx_word' id='word_1_657' title='bbox 728 2318 809 2345; x_wconf 88' lang='lat' dir='ltr'><strong>etiam</strong></span> <span class='ocrx_word' id='word_1_658' title='bbox 827 2317 958 2352; x_wconf 76' lang='lat' dir='ltr'><strong>propheta</strong></span> <span class='ocrx_word' id='word_1_659' title='bbox 978 2318 1057 2344; x_wconf 88' lang='lat' dir='ltr'><strong>intel-</strong></span> 
     </span>
    </p>
   </div>
   <div class='ocr_carea' id='block_1_81' title="bbox 277 2362 1059 2398">
    <p class='ocr_par' dir='ltr' id='par_1_81' title="bbox 277 2362 1059 2398">
     <span class='ocr_line' id='line_1_81' title="bbox 277 2362 1059 2398; baseline -0.004 -6"><span class='ocrx_word' id='word_1_660' title='bbox 277 2364 354 2397; x_wconf 81' lang='lat' dir='ltr'><strong>lexit,</strong></span> <span class='ocrx_word' id='word_1_661' title='bbox 372 2372 434 2392; x_wconf 91' lang='lat' dir='ltr'><strong>cum</strong></span> <span class='ocrx_word' id='word_1_662' title='bbox 450 2364 519 2391; x_wconf 80' lang='lat' dir='ltr'><strong>dixit</strong></span> <span class='ocrx_word' id='word_1_663' title='bbox 534 2372 540 2389; x_wconf 93' lang='lat'>:</span> <span class='ocrx_word' id='word_1_664' title='bbox 559 2372 570 2389; x_wconf 72' lang='grc' dir='ltr'><strong><em>α</em></strong></span> <span class='ocrx_word' id='word_1_665' title='bbox 595 2362 707 2398; x_wconf 84' lang='lat' dir='ltr'><strong>Propter</strong></span> <span class='ocrx_word' id='word_1_666' title='bbox 725 2364 776 2390; x_wconf 90' lang='lat' dir='ltr'><strong>hoc</strong></span> <span class='ocrx_word' id='word_1_667' title='bbox 803 2363 862 2398; x_wconf 89' lang='lat' dir='ltr'><strong>ipse</strong></span> <span class='ocrx_word' id='word_1_668' title='bbox 890 2362 1059 2390; x_wconf 72' lang='lat' dir='ltr'><strong>limreditabit</strong></span> 
     </span>
    </p>
   </div>
   <div class='ocr_carea' id='block_1_82' title="bbox 276 2408 1056 2445">
    <p class='ocr_par' dir='ltr' id='par_1_82' title="bbox 276 2408 1056 2445">
     <span class='ocr_line' id='line_1_82' title="bbox 276 2408 1056 2445; baseline -0.005 -7"><span class='ocrx_word' id='word_1_669' title='bbox 276 2413 388 2442; x_wconf 81' lang='lat' dir='ltr'><strong>multos,</strong></span> <span class='ocrx_word' id='word_1_670' title='bbox 400 2414 446 2438; x_wconf 79' lang='grc' dir='ltr'>»οι</span> <span class='ocrx_word' id='word_1_671' title='bbox 459 2409 584 2445; x_wconf 86' lang='lat' dir='ltr'><strong>adjungit</strong></span> <span class='ocrx_word' id='word_1_672' title='bbox 601 2418 608 2436; x_wconf 87' lang='lat'>:</span> <span class='ocrx_word' id='word_1_673' title='bbox 625 2418 634 2435; x_wconf 77' lang='grc' dir='ltr'><strong>ι</strong></span> <span class='ocrx_word' id='word_1_674' title='bbox 649 2408 682 2435; x_wconf 87' lang='lat' dir='ltr'><strong>Et</strong></span> <span class='ocrx_word' id='word_1_675' title='bbox 698 2408 808 2435; x_wconf 80' lang='lat' dir='ltr'><strong>fortium</strong></span> <span class='ocrx_word' id='word_1_676' title='bbox 823 2408 927 2436; x_wconf 84' lang='lat' dir='ltr'><strong>dividet</strong></span> <span class='ocrx_word' id='word_1_677' title='bbox 941 2409 1056 2443; x_wconf 68' lang='lat' dir='ltr'><strong>spotia.»</strong></span> 
     </span>
    </p>
   </div>
   <div class='ocr_carea' id='block_1_83' title="bbox 278 2454 1061 2491">
    <p class='ocr_par' dir='ltr' id='par_1_83' title="bbox 278 2454 1061 2491">
     <span class='ocr_line' id='line_1_83' title="bbox 278 2454 1061 2491; baseline -0.004 -8"><span class='ocrx_word' id='word_1_678' title='bbox 278 2456 418 2491; x_wconf 82' lang='lat' dir='ltr'><strong>Siquidem</strong></span> <span class='ocrx_word' id='word_1_679' title='bbox 434 2463 448 2482; x_wconf 88' lang='lat' dir='ltr'><strong>a</strong></span> <span class='ocrx_word' id='word_1_680' title='bbox 467 2455 649 2491; x_wconf 79' lang='lat' dir='ltr'><strong>potestatibus</strong></span> <span class='ocrx_word' id='word_1_681' title='bbox 668 2455 823 2486; x_wconf 86' lang='lat' dir='ltr'><strong>contrariis,</strong></span> <span class='ocrx_word' id='word_1_682' title='bbox 839 2462 899 2489; x_wconf 78' lang='lat' dir='ltr'><strong>quae</strong></span> <span class='ocrx_word' id='word_1_683' title='bbox 919 2454 996 2489; x_wconf 90' lang='lat' dir='ltr'><strong>prius</strong></span> <span class='ocrx_word' id='word_1_684' title='bbox 1019 2454 1061 2481; x_wconf 91' lang='lat' dir='ltr'><strong>in-</strong></span> 
     </span>
    </p>
   </div>
   <div class='ocr_carea' id='block_1_84' title="bbox 277 2499 1060 2537">
    <p class='ocr_par' dir='ltr' id='par_1_84' title="bbox 277 2499 1060 2537">
     <span class='ocr_line' id='line_1_84' title="bbox 277 2499 1060 2537; baseline -0.003 -9"><span class='ocrx_word' id='word_1_685' title='bbox 277 2507 318 2530; x_wconf 91' lang='lat' dir='ltr'><strong>ter</strong></span> <span class='ocrx_word' id='word_1_686' title='bbox 333 2507 427 2537; x_wconf 83' lang='lat' dir='ltr'><strong>gentes</strong></span> <span class='ocrx_word' id='word_1_687' title='bbox 441 2501 665 2533; x_wconf 74' lang='lat' dir='ltr'><strong>dominabantur,</strong></span> <span class='ocrx_word' id='word_1_688' title='bbox 681 2501 726 2528; x_wconf 90' lang='lat' dir='ltr'><strong>ubi</strong></span> <span class='ocrx_word' id='word_1_689' title='bbox 745 2501 882 2536; x_wconf 66' lang='lat' dir='ltr'><strong>subjectus</strong></span> <span class='ocrx_word' id='word_1_690' title='bbox 905 2501 1010 2528; x_wconf 89' lang='lat' dir='ltr'><strong>animas</strong></span> <span class='ocrx_word' id='word_1_691' title='bbox 1026 2499 1060 2526; x_wconf 90' lang='lat' dir='ltr'><strong>li-</strong></span> 
     </span>
    </p>
   </div>
   <div class='ocr_carea' id='block_1_85' title="bbox 276 2545 1061 2582">
    <p class='ocr_par' dir='ltr' id='par_1_85' title="bbox 276 2545 1061 2582">
     <span class='ocr_line' id='line_1_85' title="bbox 276 2545 1061 2582; baseline -0.001 -8"><span class='ocrx_word' id='word_1_692' title='bbox 276 2547 453 2580; x_wconf 84' lang='lat' dir='ltr'><strong>beravit,tum</strong></span> <span class='ocrx_word' id='word_1_693' title='bbox 467 2548 547 2582; x_wconf 86' lang='lat' dir='ltr'><strong>quasi</strong></span> <span class='ocrx_word' id='word_1_694' title='bbox 559 2547 646 2582; x_wconf 85' lang='lat' dir='ltr'><strong>spolia</strong></span> <span class='ocrx_word' id='word_1_695' title='bbox 660 2546 783 2581; x_wconf 77' lang='lat' dir='ltr'><strong>quzedaln</strong></span> <span class='ocrx_word' id='word_1_696' title='bbox 799 2546 858 2574; x_wconf 88' lang='lat' dir='ltr'><strong>suis</strong></span> <span class='ocrx_word' id='word_1_697' title='bbox 874 2545 965 2573; x_wconf 91' lang='lat' dir='ltr'><strong>divisit</strong></span> <span class='ocrx_word' id='word_1_698' title='bbox 977 2546 1061 2573; x_wconf 70' lang='lat' dir='ltr'><strong>disci&lt;</strong></span> 
     </span>
    </p>
   </div>
   <div class='ocr_carea' id='block_1_86' title="bbox 276 2591 1062 2627">
    <p class='ocr_par' dir='ltr' id='par_1_86' title="bbox 276 2591 1062 2627">
     <span class='ocr_line' id='line_1_86' title="bbox 276 2591 1062 2627; baseline -0.003 -7"><span class='ocrx_word' id='word_1_699' title='bbox 276 2593 359 2627; x_wconf 86' lang='lat' dir='ltr'><strong>pulis.</strong></span> <span class='ocrx_word' id='word_1_700' title='bbox 375 2592 493 2621; x_wconf 85' lang='lat' dir='ltr'><strong>Proinde</strong></span> <span class='ocrx_word' id='word_1_701' title='bbox 517 2593 603 2620; x_wconf 84' lang='lat' dir='ltr'><strong>isaias</strong></span> <span class='ocrx_word' id='word_1_702' title='bbox 627 2592 665 2619; x_wconf 93' lang='lat' dir='ltr'><strong>ait</strong></span> <span class='ocrx_word' id='word_1_703' title='bbox 677 2593 710 2620; x_wconf 92' lang='lat' dir='ltr'><strong>de</strong></span> <span class='ocrx_word' id='word_1_704' title='bbox 724 2592 777 2619; x_wconf 89' lang='lat' dir='ltr'><strong>illis</strong></span> <span class='ocrx_word' id='word_1_705' title='bbox 793 2601 799 2619; x_wconf 86' lang='lat'><strong>:</strong></span> <span class='ocrx_word' id='word_1_706' title='bbox 818 2601 827 2617; x_wconf 80' lang='grc' dir='ltr'><strong>ι</strong></span> <span class='ocrx_word' id='word_1_707' title='bbox 847 2591 880 2618; x_wconf 86' lang='lat' dir='ltr'><strong>Et</strong></span> <span class='ocrx_word' id='word_1_708' title='bbox 896 2592 1062 2619; x_wconf 66' lang='lat' dir='ltr'><strong>lmtabuntur</strong></span> 
     </span>
    </p>
   </div>
   <div class='ocr_carea' id='block_1_87' title="bbox 278 2637 1058 2674">
    <p class='ocr_par' dir='ltr' id='par_1_87' title="bbox 278 2637 1058 2674">
     <span class='ocr_line' id='line_1_87' title="bbox 278 2637 1058 2674; baseline 0 -9"><span class='ocrx_word' id='word_1_709' title='bbox 278 2646 371 2666; x_wconf 90' lang='lat' dir='ltr'><strong>coram</strong></span> <span class='ocrx_word' id='word_1_710' title='bbox 386 2643 423 2670; x_wconf 82' lang='lat' dir='ltr'><strong>te.</strong></span> <span class='ocrx_word' id='word_1_711' title='bbox 430 2639 502 2666; x_wconf 84' lang='lat' dir='ltr'><strong>sicut</strong></span> <span class='ocrx_word' id='word_1_712' title='bbox 516 2639 563 2674; x_wconf 92' lang='lat' dir='ltr'><strong>qui</strong></span> <span class='ocrx_word' id='word_1_713' title='bbox 577 2637 702 2666; x_wconf 85' lang='lat' dir='ltr'><strong>dividunt</strong></span> <span class='ocrx_word' id='word_1_714' title='bbox 715 2638 801 2673; x_wconf 87' lang='lat' dir='ltr'><strong>spolia</strong></span> <span class='ocrx_word' id='word_1_715' title='bbox 813 2639 846 2664; x_wconf 76' lang='lat'><strong>“.</strong></span> <span class='ocrx_word' id='word_1_716' title='bbox 868 2647 877 2663; x_wconf 74' lang='grc' dir='ltr'><strong>ι</strong></span> <span class='ocrx_word' id='word_1_717' title='bbox 895 2637 926 2665; x_wconf 85' lang='grc' dir='ltr'><strong>Ει</strong></span> <span class='ocrx_word' id='word_1_718' title='bbox 936 2637 1058 2665; x_wconf 85' lang='lat' dir='ltr'><strong>Psalmo-</strong></span> 
     </span>
    </p>
   </div>
   <div class='ocr_carea' id='block_1_88' title="bbox 277 2682 1057 2718">
    <p class='ocr_par' dir='ltr' id='par_1_88' title="bbox 277 2682 1057 2718">
     <span class='ocr_line' id='line_1_88' title="bbox 277 2682 1057 2718; baseline -0.003 -7"><span class='ocrx_word' id='word_1_719' title='bbox 277 2691 339 2716; x_wconf 81' lang='lat' dir='ltr'><strong>rum</strong></span> <span class='ocrx_word' id='word_1_720' title='bbox 367 2689 487 2711; x_wconf 86' lang='lat' dir='ltr'><strong>auctor:</strong></span> <span class='ocrx_word' id='word_1_721' title='bbox 517 2693 526 2709; x_wconf 82' lang='grc' dir='ltr'><strong>ι</strong></span> <span class='ocrx_word' id='word_1_722' title='bbox 561 2683 703 2714; x_wconf 86' lang='lat' dir='ltr'><strong>Dominus,</strong></span> <span class='ocrx_word' id='word_1_723' title='bbox 719 2683 817 2718; x_wconf 89' lang='lat' dir='ltr'><strong>inquit,</strong></span> <span class='ocrx_word' id='word_1_724' title='bbox 843 2682 918 2710; x_wconf 79' lang='lat' dir='ltr'><strong>dabit</strong></span> <span class='ocrx_word' id='word_1_725' title='bbox 945 2683 1057 2710; x_wconf 90' lang='lat' dir='ltr'><strong>verbum</strong></span> 
     </span>
    </p>
   </div>
   <div class='ocr_carea' id='block_1_89' title="bbox 277 2729 1057 2764">
    <p class='ocr_par' dir='ltr' id='par_1_89' title="bbox 277 2729 1057 2764">
     <span class='ocr_line' id='line_1_89' title="bbox 277 2729 1057 2764; baseline -0.004 -6"><span class='ocrx_word' id='word_1_726' title='bbox 277 2729 528 2764; x_wconf 84' lang='lat' dir='ltr'><strong>evangelizantibus</strong></span> <span class='ocrx_word' id='word_1_727' title='bbox 547 2729 647 2757; x_wconf 88' lang='lat' dir='ltr'><strong>virtute</strong></span> <span class='ocrx_word' id='word_1_728' title='bbox 673 2729 757 2756; x_wconf 88' lang='lat' dir='ltr'><strong>multa</strong></span> <span class='ocrx_word' id='word_1_729' title='bbox 773 2738 779 2756; x_wconf 94' lang='lat'>:</span> <span class='ocrx_word' id='word_1_730' title='bbox 798 2737 845 2756; x_wconf 77' lang='lat' dir='ltr'><strong>rex</strong></span> <span class='ocrx_word' id='word_1_731' title='bbox 863 2729 993 2755; x_wconf 82' lang='lat' dir='ltr'><strong>virtutum</strong></span> <span class='ocrx_word' id='word_1_732' title='bbox 1013 2729 1057 2756; x_wconf 92' lang='lat' dir='ltr'><strong>di-</strong></span> 
     </span>
    </p>
   </div>
   <div class='ocr_carea' id='block_1_90' title="bbox 278 2774 1057 2810">
    <p class='ocr_par' dir='ltr' id='par_1_90' title="bbox 278 2774 1057 2810">
     <span class='ocr_line' id='line_1_90' title="bbox 278 2774 1057 2810; baseline -0.001 -8"><span class='ocrx_word' id='word_1_733' title='bbox 278 2775 352 2807; x_wconf 83' lang='lat' dir='ltr'><strong>lecti,</strong></span> <span class='ocrx_word' id='word_1_734' title='bbox 367 2775 467 2810; x_wconf 87' lang='lat' dir='ltr'><strong>speciei</strong></span> <span class='ocrx_word' id='word_1_735' title='bbox 479 2774 578 2802; x_wconf 83' lang='lat' dir='ltr'><strong>domus</strong></span> <span class='ocrx_word' id='word_1_736' title='bbox 591 2775 712 2802; x_wconf 86' lang='lat' dir='ltr'><strong>dividere</strong></span> <span class='ocrx_word' id='word_1_737' title='bbox 726 2775 854 2810; x_wconf 82' lang='lat' dir='ltr'><strong>spolia&quot;.</strong></span> <span class='ocrx_word' id='word_1_738' title='bbox 871 2784 880 2800; x_wconf 74' lang='grc' dir='ltr'><strong>ι</strong></span> <span class='ocrx_word' id='word_1_739' title='bbox 896 2774 991 2801; x_wconf 89' lang='lat' dir='ltr'><strong>Merito</strong></span> <span class='ocrx_word' id='word_1_740' title='bbox 1006 2775 1057 2809; x_wconf 84' lang='lat' dir='ltr'><strong>igi-</strong></span> 
     </span>
    </p>
   </div>
   <div class='ocr_carea' id='block_1_91' title="bbox 277 2819 1059 2856">
    <p class='ocr_par' dir='ltr' id='par_1_91' title="bbox 277 2819 1059 2856">
     <span class='ocr_line' id='line_1_91' title="bbox 277 2819 1059 2856; baseline -0.001 -7"><span class='ocrx_word' id='word_1_741' title='bbox 277 2826 322 2850; x_wconf 85' lang='lat' dir='ltr'><strong>tur</strong></span> <span class='ocrx_word' id='word_1_742' title='bbox 333 2820 377 2848; x_wconf 88' lang='lat' dir='ltr'><strong>hic</strong></span> <span class='ocrx_word' id='word_1_743' title='bbox 389 2827 498 2856; x_wconf 88' lang='lat' dir='ltr'><strong>quoque</strong></span> <span class='ocrx_word' id='word_1_744' title='bbox 514 2819 548 2848; x_wconf 89' lang='lat' dir='ltr'><strong>de</strong></span> <span class='ocrx_word' id='word_1_745' title='bbox 571 2820 679 2848; x_wconf 83' lang='lat' dir='ltr'><strong>Christo</strong></span> <span class='ocrx_word' id='word_1_746' title='bbox 704 2821 764 2848; x_wconf 89' lang='lat' dir='ltr'><strong>ait:</strong></span> <span class='ocrx_word' id='word_1_747' title='bbox 789 2820 902 2855; x_wconf 79' lang='lat' dir='ltr'><strong>Propter</strong></span> <span class='ocrx_word' id='word_1_748' title='bbox 926 2821 977 2848; x_wconf 90' lang='lat' dir='ltr'><strong>hoc</strong></span> <span class='ocrx_word' id='word_1_749' title='bbox 1001 2821 1059 2856; x_wconf 87' lang='lat' dir='ltr'><strong>ipse</strong></span> 
     </span>
    </p>
   </div>
   <div class='ocr_carea' id='block_1_92' title="bbox 313 2895 1058 2932">
    <p class='ocr_par' dir='ltr' id='par_1_92' title="bbox 313 2897 1058 2932">
     <span class='ocr_line' id='line_1_92' title="bbox 313 2897 1058 2932; baseline -0.003 -6"><span class='ocrx_word' id='word_1_750' title='bbox 313 2899 336 2915; x_wconf 88' lang='lat'>&quot;</span> <span class='ocrx_word' id='word_1_751' title='bbox 350 2899 402 2927; x_wconf 74' lang='lat' dir='ltr'><strong>lsa.</strong></span> <span class='ocrx_word' id='word_1_752' title='bbox 418 2907 477 2932; x_wconf 83' lang='lat' dir='ltr'><strong>LIII,</strong></span> <span class='ocrx_word' id='word_1_753' title='bbox 491 2899 534 2926; x_wconf 76' lang='grc'><strong>10.</strong></span> <span class='ocrx_word' id='word_1_754' title='bbox 572 2899 592 2915; x_wconf 89' lang='grc'><strong>⁵¹</strong></span> <span class='ocrx_word' id='word_1_755' title='bbox 609 2898 676 2926; x_wconf 84' lang='lat' dir='ltr'><strong>ibid.</strong></span> <span class='ocrx_word' id='word_1_756' title='bbox 694 2899 734 2926; x_wconf 73' lang='grc'><strong>12.</strong></span> <span class='ocrx_word' id='word_1_757' title='bbox 773 2898 796 2914; x_wconf 84' lang='lat'>”</span> <span class='ocrx_word' id='word_1_758' title='bbox 813 2897 884 2926; x_wconf 82' lang='lat' dir='ltr'><strong>Psal.</strong></span> <span class='ocrx_word' id='word_1_759' title='bbox 899 2905 928 2931; x_wconf 87' lang='grc' dir='ltr'>ιι,</span> <span class='ocrx_word' id='word_1_760' title='bbox 940 2897 966 2925; x_wconf 73' lang='grc'><strong>2.</strong></span> <span class='ocrx_word' id='word_1_761' title='bbox 1005 2898 1027 2912; x_wconf 71' lang='grc'><strong>⁵³</strong></span> <span class='ocrx_word' id='word_1_762' title='bbox 1044 2897 1058 2924; x_wconf 84' lang='grc' dir='ltr'><strong>ί]</strong></span> 
     </span>
    </p>
   </div>
   <div class='ocr_carea' id='block_1_93' title="bbox 1109 2895 1405 2932">
    <p class='ocr_par' dir='ltr' id='par_1_93' title="bbox 1125 2895 1405 2928">
     <span class='ocr_line' id='line_1_93' title="bbox 1125 2895 1405 2928; baseline -0.004 -5"><span class='ocrx_word' id='word_1_763' title='bbox 1125 2895 1182 2927; x_wconf 78' lang='lat'><strong>7,8.</strong></span> <span class='ocrx_word' id='word_1_764' title='bbox 1221 2896 1243 2912; x_wconf 78' lang='lat'>”</span> <span class='ocrx_word' id='word_1_765' title='bbox 1258 2897 1309 2924; x_wconf 65' lang='grc' dir='ltr'><strong>ιω.</strong></span> <span class='ocrx_word' id='word_1_766' title='bbox 1327 2903 1363 2928; x_wconf 80' lang='grc' dir='ltr'>ιιι,</span> <span class='ocrx_word' id='word_1_767' title='bbox 1380 2896 1405 2923; x_wconf 79' lang='grc'><strong>5.</strong></span> 
     </span>
    </p>
   </div>
   <div class='ocr_carea' id='block_1_94' title="bbox 1107 1675 1888 1712">
    <p class='ocr_par' dir='ltr' id='par_1_94' title="bbox 1107 1675 1888 1712">
     <span class='ocr_line' id='line_1_94' title="bbox 1107 1675 1888 1712; baseline 0.003 -11"><span class='ocrx_word' id='word_1_768' title='bbox 1107 1675 1155 1707; x_wconf 86' lang='grc' dir='ltr'><strong>τὰς</strong></span> <span class='ocrx_word' id='word_1_769' title='bbox 1171 1676 1340 1711; x_wconf 74' lang='grc' dir='ltr'>ὑποχειρίους</span> <span class='ocrx_word' id='word_1_770' title='bbox 1352 1677 1499 1712; x_wconf 75' lang='grc' dir='ltr'>ῥυσάμενος</span> <span class='ocrx_word' id='word_1_771' title='bbox 1508 1675 1657 1712; x_wconf 68' lang='grc' dir='ltr'>ψυχὰς,οἷα</span> <span class='ocrx_word' id='word_1_772' title='bbox 1670 1677 1700 1712; x_wconf 86' lang='grc' dir='ltr'><strong>δή</strong></span> <span class='ocrx_word' id='word_1_773' title='bbox 1715 1686 1775 1704; x_wconf 87' lang='grc' dir='ltr'>τινα</span> <span class='ocrx_word' id='word_1_774' title='bbox 1792 1677 1888 1710; x_wconf 80' lang='grc' dir='ltr'>σκῦλα,</span> 
     </span>
    </p>
   </div>
   <div class='ocr_carea' id='block_1_95' title="bbox 1106 1721 1889 1758">
    <p class='ocr_par' dir='ltr' id='par_1_95' title="bbox 1106 1721 1889 1758">
     <span class='ocr_line' id='line_1_95' title="bbox 1106 1721 1889 1758; baseline 0.004 -11"><span class='ocrx_word' id='word_1_775' title='bbox 1106 1723 1162 1753; x_wconf 80' lang='grc' dir='ltr'>τοῖς</span> <span class='ocrx_word' id='word_1_776' title='bbox 1171 1721 1279 1753; x_wconf 81' lang='grc' dir='ltr'>οἰκείοις</span> <span class='ocrx_word' id='word_1_777' title='bbox 1296 1722 1412 1757; x_wconf 81' lang='grc' dir='ltr'>διένειμε</span> <span class='ocrx_word' id='word_1_778' title='bbox 1429 1722 1570 1757; x_wconf 82' lang='grc' dir='ltr'>μαθηταῖς.</span> <span class='ocrx_word' id='word_1_779' title='bbox 1589 1723 1635 1749; x_wconf 81' lang='grc' dir='ltr'>Διό</span> <span class='ocrx_word' id='word_1_780' title='bbox 1648 1731 1729 1758; x_wconf 74' lang='grc' dir='ltr'>φησιν</span> <span class='ocrx_word' id='word_1_781' title='bbox 1746 1724 1759 1749; x_wconf 81' lang='grc' dir='ltr'>ὁ</span> <span class='ocrx_word' id='word_1_782' title='bbox 1777 1723 1889 1755; x_wconf 75' lang='grc' dir='ltr'>Ἡσαΐας</span> 
     </span>
    </p>
   </div>
   <div class='ocr_carea' id='block_1_96' title="bbox 1107 1767 1889 1804">
    <p class='ocr_par' dir='ltr' id='par_1_96' title="bbox 1107 1767 1889 1804">
     <span class='ocr_line' id='line_1_96' title="bbox 1107 1767 1889 1804; baseline 0.001 -10"><span class='ocrx_word' id='word_1_783' title='bbox 1107 1767 1172 1803; x_wconf 72' lang='grc' dir='ltr'>περὶ</span> <span class='ocrx_word' id='word_1_784' title='bbox 1185 1768 1290 1795; x_wconf 59' lang='grc' dir='ltr'>αὐτῶν</span> <span class='ocrx_word' id='word_1_785' title='bbox 1312 1777 1321 1793; x_wconf 79' lang='grc' dir='ltr'><strong>ι</strong></span> <span class='ocrx_word' id='word_1_786' title='bbox 1339 1769 1394 1794; x_wconf 81' lang='grc' dir='ltr'><strong>Καὶ</strong></span> <span class='ocrx_word' id='word_1_787' title='bbox 1414 1768 1648 1804; x_wconf 73' lang='grc' dir='ltr'>εὐφρανθήσονται</span> <span class='ocrx_word' id='word_1_788' title='bbox 1662 1768 1776 1795; x_wconf 78' lang='grc' dir='ltr'>ἐνώπιόν</span> <span class='ocrx_word' id='word_1_789' title='bbox 1797 1777 1844 1794; x_wconf 88' lang='grc' dir='ltr'><strong>σου</strong></span> <span class='ocrx_word' id='word_1_790' title='bbox 1859 1769 1889 1795; x_wconf 86' lang='grc' dir='ltr'>ὃν</span> 
     </span>
    </p>
   </div>
   <div class='ocr_carea' id='block_1_97' title="bbox 1107 1813 1888 1849">
    <p class='ocr_par' dir='ltr' id='par_1_97' title="bbox 1107 1813 1888 1849">
     <span class='ocr_line' id='line_1_97' title="bbox 1107 1813 1888 1849; baseline 0.001 -10"><span class='ocrx_word' id='word_1_791' title='bbox 1107 1814 1206 1849; x_wconf 84' lang='grc' dir='ltr'>τρόπον</span> <span class='ocrx_word' id='word_1_792' title='bbox 1231 1815 1254 1840; x_wconf 88' lang='grc' dir='ltr'>οἱ</span> <span class='ocrx_word' id='word_1_793' title='bbox 1269 1813 1448 1849; x_wconf 83' lang='grc' dir='ltr'>διαιρούμενοι.</span> <span class='ocrx_word' id='word_1_794' title='bbox 1469 1814 1564 1842; x_wconf 79' lang='grc' dir='ltr'>σκῦλα.</span> <span class='ocrx_word' id='word_1_795' title='bbox 1581 1824 1589 1840; x_wconf 80' lang='grc' dir='ltr'><strong>ι</strong></span> <span class='ocrx_word' id='word_1_796' title='bbox 1608 1814 1662 1840; x_wconf 79' lang='grc' dir='ltr'>Καὶ</span> <span class='ocrx_word' id='word_1_797' title='bbox 1683 1816 1697 1841; x_wconf 83' lang='grc' dir='ltr'><strong>ό</strong></span> <span class='ocrx_word' id='word_1_798' title='bbox 1719 1814 1869 1849; x_wconf 55' lang='lat' dir='ltr'><strong>v&#39;axpwt;</strong></span> <span class='ocrx_word' id='word_1_799' title='bbox 1881 1822 1888 1829; x_wconf 92' lang='grc'>·</span> 
     </span>
    </p>
   </div>
   <div class='ocr_carea' id='block_1_98' title="bbox 1111 1859 1889 1895">
    <p class='ocr_par' dir='ltr' id='par_1_98' title="bbox 1111 1859 1889 1895">
     <span class='ocr_line' id='line_1_98' title="bbox 1111 1859 1889 1895; baseline 0.003 -12"><span class='ocrx_word' id='word_1_800' title='bbox 1111 1868 1121 1883; x_wconf 75' lang='grc' dir='ltr'><strong>ι</strong></span> <span class='ocrx_word' id='word_1_801' title='bbox 1138 1859 1238 1895; x_wconf 77' lang='grc' dir='ltr'>Κύριος</span> <span class='ocrx_word' id='word_1_802' title='bbox 1260 1859 1338 1886; x_wconf 75' lang='grc' dir='ltr'>δώσει</span> <span class='ocrx_word' id='word_1_803' title='bbox 1359 1860 1434 1895; x_wconf 71' lang='grc' dir='ltr'>ῥῆμα</span> <span class='ocrx_word' id='word_1_804' title='bbox 1459 1861 1514 1891; x_wconf 81' lang='grc' dir='ltr'>τοῖς</span> <span class='ocrx_word' id='word_1_805' title='bbox 1536 1859 1786 1894; x_wconf 78' lang='grc' dir='ltr'>εὐαγγελιζομένοις</span> <span class='ocrx_word' id='word_1_806' title='bbox 1808 1859 1889 1885; x_wconf 80' lang='grc' dir='ltr'>δυνά-</span> 
     </span>
    </p>
   </div>
   <div class='ocr_carea' id='block_1_99' title="bbox 1110 1903 1889 1940">
    <p class='ocr_par' dir='ltr' id='par_1_99' title="bbox 1110 1903 1889 1940">
     <span class='ocr_line' id='line_1_99' title="bbox 1110 1903 1889 1940; baseline -0.003 -9"><span class='ocrx_word' id='word_1_807' title='bbox 1110 1914 1155 1940; x_wconf 90' lang='grc' dir='ltr'><strong>μει</strong></span> <span class='ocrx_word' id='word_1_808' title='bbox 1171 1905 1270 1940; x_wconf 77' lang='grc' dir='ltr'>πολλῇ·</span> <span class='ocrx_word' id='word_1_809' title='bbox 1286 1906 1300 1932; x_wconf 86' lang='grc' dir='ltr'>ὁ</span> <span class='ocrx_word' id='word_1_810' title='bbox 1316 1904 1439 1939; x_wconf 79' lang='grc' dir='ltr'>βασιλεὺς</span> <span class='ocrx_word' id='word_1_811' title='bbox 1455 1905 1508 1930; x_wconf 82' lang='grc' dir='ltr'><strong>τῶν</strong></span> <span class='ocrx_word' id='word_1_812' title='bbox 1522 1905 1659 1939; x_wconf 76' lang='grc' dir='ltr'>δυνάμεων</span> <span class='ocrx_word' id='word_1_813' title='bbox 1674 1904 1720 1931; x_wconf 71' lang='grc' dir='ltr'>τοῦ</span> <span class='ocrx_word' id='word_1_814' title='bbox 1736 1903 1889 1938; x_wconf 78' lang='grc' dir='ltr'>ἀγαπητοῦ,</span> 
     </span>
    </p>
   </div>
   <div class='ocr_carea' id='block_1_100' title="bbox 1108 1950 1890 1986">
    <p class='ocr_par' dir='ltr' id='par_1_100' title="bbox 1108 1950 1890 1986">
     <span class='ocr_line' id='line_1_100' title="bbox 1108 1950 1890 1986; baseline -0.001 -9"><span class='ocrx_word' id='word_1_815' title='bbox 1108 1952 1140 1986; x_wconf 80' lang='grc' dir='ltr'><strong>τῇ</strong></span> <span class='ocrx_word' id='word_1_816' title='bbox 1155 1951 1300 1986; x_wconf 84' lang='grc' dir='ltr'>ὼραιότητι</span> <span class='ocrx_word' id='word_1_817' title='bbox 1316 1950 1361 1977; x_wconf 80' lang='grc' dir='ltr'>τοῦ</span> <span class='ocrx_word' id='word_1_818' title='bbox 1383 1951 1456 1978; x_wconf 76' lang='grc' dir='ltr'>οἴκου</span> <span class='ocrx_word' id='word_1_819' title='bbox 1477 1950 1611 1977; x_wconf 81' lang='grc' dir='ltr'>διελέσθαι</span> <span class='ocrx_word' id='word_1_820' title='bbox 1631 1951 1726 1977; x_wconf 76' lang='grc' dir='ltr'>σκῦλα.</span> <span class='ocrx_word' id='word_1_821' title='bbox 1748 1961 1757 1976; x_wconf 74' lang='grc' dir='ltr'><strong>ι</strong></span> <span class='ocrx_word' id='word_1_822' title='bbox 1771 1951 1890 1981; x_wconf 81' lang='grc' dir='ltr'>Εἰκότως</span> 
     </span>
    </p>
   </div>
   <div class='ocr_carea' id='block_1_101' title="bbox 1108 1997 1888 2033">
    <p class='ocr_par' dir='ltr' id='par_1_101' title="bbox 1108 1997 1888 2033">
     <span class='ocr_line' id='line_1_101' title="bbox 1108 1997 1888 2033; baseline -0.003 -9"><span class='ocrx_word' id='word_1_823' title='bbox 1108 1998 1250 2032; x_wconf 79' lang='grc' dir='ltr'>τοιγαροῦν</span> <span class='ocrx_word' id='word_1_824' title='bbox 1275 1998 1322 2024; x_wconf 69' lang='grc' dir='ltr'>καὶ</span> <span class='ocrx_word' id='word_1_825' title='bbox 1347 1997 1462 2024; x_wconf 79' lang='grc' dir='ltr'>ἐνταῦθα</span> <span class='ocrx_word' id='word_1_826' title='bbox 1489 1998 1552 2033; x_wconf 76' lang='grc' dir='ltr'>περὶ</span> <span class='ocrx_word' id='word_1_827' title='bbox 1574 1997 1619 2024; x_wconf 76' lang='grc' dir='ltr'>τοῦ</span> <span class='ocrx_word' id='word_1_828' title='bbox 1650 1997 1767 2033; x_wconf 80' lang='grc' dir='ltr'>Χριστοῦ</span> <span class='ocrx_word' id='word_1_829' title='bbox 1788 2005 1888 2032; x_wconf 77' lang='grc' dir='ltr'>φησιν·</span> 
     </span>
    </p>
   </div>
   <div class='ocr_carea' id='block_1_102' title="bbox 1111 2042 1890 2078">
    <p class='ocr_par' dir='ltr' id='par_1_102' title="bbox 1111 2042 1890 2078">
     <span class='ocr_line' id='line_1_102' title="bbox 1111 2042 1890 2078; baseline -0.003 -9"><span class='ocrx_word' id='word_1_830' title='bbox 1111 2052 1120 2068; x_wconf 73' lang='grc' dir='ltr'><strong>ι</strong></span> <span class='ocrx_word' id='word_1_831' title='bbox 1140 2043 1189 2070; x_wconf 77' lang='grc' dir='ltr'>Διά</span> <span class='ocrx_word' id='word_1_832' title='bbox 1208 2043 1285 2069; x_wconf 75' lang='grc' dir='ltr'>τοῦτο</span> <span class='ocrx_word' id='word_1_833' title='bbox 1312 2044 1392 2075; x_wconf 75' lang='grc' dir='ltr'>αὐτὸς</span> <span class='ocrx_word' id='word_1_834' title='bbox 1415 2043 1611 2078; x_wconf 85' lang='grc' dir='ltr'>κληρονομήσει</span> <span class='ocrx_word' id='word_1_835' title='bbox 1633 2043 1756 2075; x_wconf 72' lang='grc' dir='ltr'>πολλοὺς,</span> <span class='ocrx_word' id='word_1_836' title='bbox 1770 2043 1817 2070; x_wconf 62' lang='grc' dir='ltr'><strong>καλ¹</strong></span> <span class='ocrx_word' id='word_1_837' title='bbox 1836 2042 1890 2068; x_wconf 81' lang='grc' dir='ltr'><strong>τῶν</strong></span> 
     </span>
    </p>
   </div>
   <div class='ocr_carea' id='block_1_103' title="bbox 1111 2088 1890 2124">
    <p class='ocr_par' dir='ltr' id='par_1_103' title="bbox 1111 2088 1890 2124">
     <span class='ocr_line' id='line_1_103' title="bbox 1111 2088 1890 2124; baseline 0.001 -9"><span class='ocrx_word' id='word_1_838' title='bbox 1111 2089 1226 2124; x_wconf 83' lang='grc' dir='ltr'>ἰσχυρῶν</span> <span class='ocrx_word' id='word_1_839' title='bbox 1253 2090 1340 2124; x_wconf 75' lang='grc' dir='ltr'>μεριεῖ</span> <span class='ocrx_word' id='word_1_840' title='bbox 1355 2088 1451 2115; x_wconf 79' lang='grc' dir='ltr'>σκῦλα.</span> <span class='ocrx_word' id='word_1_841' title='bbox 1467 2099 1476 2115; x_wconf 79' lang='grc' dir='ltr'><strong>ι</strong></span> <span class='ocrx_word' id='word_1_842' title='bbox 1490 2089 1538 2116; x_wconf 85' lang='grc' dir='ltr'><strong>Διὰ</strong></span> <span class='ocrx_word' id='word_1_843' title='bbox 1555 2091 1629 2116; x_wconf 84' lang='grc' dir='ltr'>ποῖον</span> <span class='ocrx_word' id='word_1_844' title='bbox 1650 2090 1677 2116; x_wconf 82' lang='grc' dir='ltr'>δὲ</span> <span class='ocrx_word' id='word_1_845' title='bbox 1699 2089 1786 2120; x_wconf 81' lang='grc' dir='ltr'>τοῦτο,</span> <span class='ocrx_word' id='word_1_846' title='bbox 1810 2089 1890 2116; x_wconf 78' lang='grc' dir='ltr'>πάλιν</span> 
     </span>
    </p>
   </div>
   <div class='ocr_carea' id='block_1_104' title="bbox 1109 2132 1891 2170">
    <p class='ocr_par' dir='ltr' id='par_1_104' title="bbox 1109 2132 1891 2170">
     <span class='ocr_line' id='line_1_104' title="bbox 1109 2132 1891 2170; baseline -0.001 -8"><span class='ocrx_word' id='word_1_847' title='bbox 1109 2134 1172 2170; x_wconf 72' lang='grc' dir='ltr'><strong>ἑξῆς</strong></span> <span class='ocrx_word' id='word_1_848' title='bbox 1186 2135 1316 2166; x_wconf 81' lang='grc' dir='ltr'>διδάσκει,</span> <span class='ocrx_word' id='word_1_849' title='bbox 1334 2135 1430 2170; x_wconf 81' lang='grc' dir='ltr'>φήσας·</span> <span class='ocrx_word' id='word_1_850' title='bbox 1450 2144 1458 2160; x_wconf 78' lang='grc' dir='ltr'><strong>ι</strong></span> <span class='ocrx_word' id='word_1_851' title='bbox 1472 2135 1540 2161; x_wconf 78' lang='grc' dir='ltr'>Ἀνθ⁴</span> <span class='ocrx_word' id='word_1_852' title='bbox 1556 2132 1593 2162; x_wconf 76' lang='grc' dir='ltr'>ὧν</span> <span class='ocrx_word' id='word_1_853' title='bbox 1606 2135 1738 2170; x_wconf 81' lang='grc' dir='ltr'>παρεδόθη</span> <span class='ocrx_word' id='word_1_854' title='bbox 1753 2136 1792 2166; x_wconf 86' lang='grc' dir='ltr'><strong>εἰς</strong></span> <span class='ocrx_word' id='word_1_855' title='bbox 1806 2134 1891 2162; x_wconf 75' lang='grc' dir='ltr'>θάνα-</span> 
     </span>
    </p>
   </div>
   <div class='ocr_carea' id='block_1_105' title="bbox 1108 2180 1890 2217">
    <p class='ocr_par' dir='ltr' id='par_1_105' title="bbox 1108 2180 1890 2217">
     <span class='ocr_line' id='line_1_105' title="bbox 1108 2180 1890 2217; baseline -0.003 -9"><span class='ocrx_word' id='word_1_856' title='bbox 1108 2190 1153 2208; x_wconf 87' lang='grc' dir='ltr'><strong>τον</strong></span> <span class='ocrx_word' id='word_1_857' title='bbox 1168 2182 1184 2217; x_wconf 84' lang='grc' dir='ltr'><strong>ἡ</strong></span> <span class='ocrx_word' id='word_1_858' title='bbox 1197 2181 1269 2216; x_wconf 77' lang='grc' dir='ltr'>ψυχὴ</span> <span class='ocrx_word' id='word_1_859' title='bbox 1282 2180 1374 2212; x_wconf 80' lang='grc' dir='ltr'>αὑτοῦ,</span> <span class='ocrx_word' id='word_1_860' title='bbox 1393 2181 1439 2208; x_wconf 76' lang='grc' dir='ltr'>καὶ</span> <span class='ocrx_word' id='word_1_861' title='bbox 1449 2182 1477 2207; x_wconf 78' lang='grc' dir='ltr'>ὲν</span> <span class='ocrx_word' id='word_1_862' title='bbox 1492 2183 1547 2213; x_wconf 87' lang='grc' dir='ltr'>τοῖς</span> <span class='ocrx_word' id='word_1_863' title='bbox 1563 2181 1672 2217; x_wconf 81' lang='grc' dir='ltr'>ἀνόμοις</span> <span class='ocrx_word' id='word_1_864' title='bbox 1687 2180 1810 2216; x_wconf 75' lang='grc' dir='ltr'>ἐλογίσθη</span> <span class='ocrx_word' id='word_1_865' title='bbox 1821 2189 1828 2195; x_wconf 69' lang='grc' dir='ltr'><strong>ι</strong></span> <span class='ocrx_word' id='word_1_866' title='bbox 1843 2180 1890 2206; x_wconf 77' lang='grc' dir='ltr'>καὶ</span> 
     </span>
    </p>
   </div>
   <div class='ocr_carea' id='block_1_106' title="bbox 1109 2226 1891 2262">
    <p class='ocr_par' dir='ltr' id='par_1_106' title="bbox 1109 2226 1891 2262">
     <span class='ocr_line' id='line_1_106' title="bbox 1109 2226 1891 2262; baseline -0.001 -8"><span class='ocrx_word' id='word_1_867' title='bbox 1109 2227 1189 2258; x_wconf 70' lang='grc' dir='ltr'>αὐτὸς</span> <span class='ocrx_word' id='word_1_868' title='bbox 1205 2227 1341 2262; x_wconf 81' lang='grc' dir='ltr'>ἁμαρτίας</span> <span class='ocrx_word' id='word_1_869' title='bbox 1354 2226 1456 2254; x_wconf 81' lang='grc' dir='ltr'>πολλῶν</span> <span class='ocrx_word' id='word_1_870' title='bbox 1467 2227 1598 2261; x_wconf 88' lang='grc' dir='ltr'>ἀνήνεγκε</span> <span class='ocrx_word' id='word_1_871' title='bbox 1609 2236 1615 2241; x_wconf 94' lang='grc'><strong>·</strong></span> <span class='ocrx_word' id='word_1_872' title='bbox 1628 2228 1674 2253; x_wconf 78' lang='grc' dir='ltr'>καὶ</span> <span class='ocrx_word' id='word_1_873' title='bbox 1685 2227 1727 2253; x_wconf 72' lang='grc' dir='ltr'><strong>διὰ</strong></span> <span class='ocrx_word' id='word_1_874' title='bbox 1741 2226 1790 2257; x_wconf 80' lang='grc' dir='ltr'><strong>τὰς</strong></span> <span class='ocrx_word' id='word_1_875' title='bbox 1801 2227 1891 2262; x_wconf 83' lang='grc' dir='ltr'>ἁμαρ-</span> 
     </span>
    </p>
   </div>
   <div class='ocr_carea' id='block_1_107' title="bbox 1109 2272 1891 2308">
    <p class='ocr_par' dir='ltr' id='par_1_107' title="bbox 1109 2272 1891 2308">
     <span class='ocr_line' id='line_1_107' title="bbox 1109 2272 1891 2308; baseline 0 -9"><span class='ocrx_word' id='word_1_876' title='bbox 1109 2273 1169 2304; x_wconf 76' lang='grc' dir='ltr'>τίας</span> <span class='ocrx_word' id='word_1_877' title='bbox 1189 2272 1278 2299; x_wconf 78' lang='grc' dir='ltr'>αὐτῶν</span> <span class='ocrx_word' id='word_1_878' title='bbox 1308 2273 1453 2308; x_wconf 83' lang='grc' dir='ltr'>παρεδόθη.</span> <span class='ocrx_word' id='word_1_879' title='bbox 1471 2282 1480 2297; x_wconf 78' lang='grc' dir='ltr'><strong>ι</strong></span> <span class='ocrx_word' id='word_1_880' title='bbox 1505 2274 1577 2299; x_wconf 76' lang='grc' dir='ltr'>Ἀντὶ</span> <span class='ocrx_word' id='word_1_881' title='bbox 1598 2273 1697 2300; x_wconf 79' lang='grc' dir='ltr'>τούτων</span> <span class='ocrx_word' id='word_1_882' title='bbox 1711 2273 1764 2308; x_wconf 77' lang='grc' dir='ltr'><strong>γὰρ</strong></span> <span class='ocrx_word' id='word_1_883' title='bbox 1780 2273 1891 2308; x_wconf 59' lang='grc' dir='ltr'>ἀμειϐά</span> 
     </span>
    </p>
   </div>
   <div class='ocr_carea' id='block_1_108' title="bbox 1112 2319 1891 2354">
    <p class='ocr_par' dir='ltr' id='par_1_108' title="bbox 1112 2319 1891 2354">
     <span class='ocr_line' id='line_1_108' title="bbox 1112 2319 1891 2354; baseline 0 -9"><span class='ocrx_word' id='word_1_884' title='bbox 1112 2328 1190 2354; x_wconf 88' lang='grc' dir='ltr'>μενος</span> <span class='ocrx_word' id='word_1_885' title='bbox 1218 2319 1298 2345; x_wconf 78' lang='grc' dir='ltr'>αὑτὸν</span> <span class='ocrx_word' id='word_1_886' title='bbox 1312 2320 1326 2345; x_wconf 88' lang='grc' dir='ltr'><strong>ὀ</strong></span> <span class='ocrx_word' id='word_1_887' title='bbox 1342 2319 1436 2354; x_wconf 77' lang='grc' dir='ltr'>Πατὴρ</span> <span class='ocrx_word' id='word_1_888' title='bbox 1459 2319 1507 2354; x_wconf 79' lang='grc' dir='ltr'>τῆς</span> <span class='ocrx_word' id='word_1_889' title='bbox 1526 2319 1648 2353; x_wconf 78' lang='grc' dir='ltr'>ὑπακοῆς</span> <span class='ocrx_word' id='word_1_890' title='bbox 1668 2319 1715 2345; x_wconf 73' lang='grc' dir='ltr'>καὶ</span> <span class='ocrx_word' id='word_1_891' title='bbox 1730 2319 1777 2353; x_wconf 81' lang='grc' dir='ltr'>τῆς</span> <span class='ocrx_word' id='word_1_892' title='bbox 1789 2319 1891 2354; x_wconf 75' lang='grc' dir='ltr'>ὑπομο-</span> 
     </span>
    </p>
   </div>
   <div class='ocr_carea' id='block_1_109' title="bbox 1110 2364 1891 2400">
    <p class='ocr_par' dir='ltr' id='par_1_109' title="bbox 1110 2364 1891 2400">
     <span class='ocr_line' id='line_1_109' title="bbox 1110 2364 1891 2400; baseline 0 -10"><span class='ocrx_word' id='word_1_893' title='bbox 1110 2365 1158 2399; x_wconf 78' lang='grc' dir='ltr'>νῆς</span> <span class='ocrx_word' id='word_1_894' title='bbox 1167 2364 1257 2395; x_wconf 68' lang='grc' dir='ltr'>ἕνεκα,</span> <span class='ocrx_word' id='word_1_895' title='bbox 1274 2364 1420 2400; x_wconf 81' lang='grc' dir='ltr'>δεδώρηται</span> <span class='ocrx_word' id='word_1_896' title='bbox 1433 2364 1506 2398; x_wconf 77' lang='grc' dir='ltr'>αὐτῷ</span> <span class='ocrx_word' id='word_1_897' title='bbox 1515 2364 1548 2390; x_wconf 90' lang='grc' dir='ltr'><strong>τά</strong></span> <span class='ocrx_word' id='word_1_898' title='bbox 1562 2365 1716 2399; x_wconf 80' lang='grc' dir='ltr'>ὲγκείμενα.</span> <span class='ocrx_word' id='word_1_899' title='bbox 1730 2364 1826 2398; x_wconf 81' lang='grc' dir='ltr'>Γέγονε</span> <span class='ocrx_word' id='word_1_900' title='bbox 1837 2364 1891 2400; x_wconf 80' lang='grc' dir='ltr'>γὰρ</span> 
     </span>
    </p>
   </div>
   <div class='ocr_carea' id='block_1_110' title="bbox 1110 2408 1892 2446">
    <p class='ocr_par' dir='ltr' id='par_1_110' title="bbox 1110 2408 1892 2446">
     <span class='ocr_line' id='line_1_110' title="bbox 1110 2408 1892 2446; baseline 0.001 -11"><span class='ocrx_word' id='word_1_901' title='bbox 1110 2409 1228 2444; x_wconf 79' lang='grc' dir='ltr'>ὑπήκοος</span> <span class='ocrx_word' id='word_1_902' title='bbox 1245 2409 1284 2445; x_wconf 81' lang='grc' dir='ltr'>τῷ</span> <span class='ocrx_word' id='word_1_903' title='bbox 1299 2410 1385 2446; x_wconf 70' lang='lat' dir='ltr'><strong>Haupt</strong></span> <span class='ocrx_word' id='word_1_904' title='bbox 1407 2409 1487 2444; x_wconf 84' lang='grc' dir='ltr'>μέχρι</span> <span class='ocrx_word' id='word_1_905' title='bbox 1500 2408 1630 2436; x_wconf 78' lang='grc' dir='ltr'>θανάτου·</span> <span class='ocrx_word' id='word_1_906' title='bbox 1651 2410 1691 2436; x_wconf 80' lang='grc' dir='ltr'>διὸ</span> <span class='ocrx_word' id='word_1_907' title='bbox 1703 2411 1749 2436; x_wconf 75' lang='grc' dir='ltr'>καὶ</span> <span class='ocrx_word' id='word_1_908' title='bbox 1763 2410 1892 2445; x_wconf 89' lang='grc' dir='ltr'>κληρονο-</span> 
     </span>
    </p>
   </div>
   <div class='ocr_carea' id='block_1_111' title="bbox 1110 2453 1891 2490">
    <p class='ocr_par' dir='ltr' id='par_1_111' title="bbox 1110 2453 1891 2490">
     <span class='ocr_line' id='line_1_111' title="bbox 1110 2453 1891 2490; baseline 0 -10"><span class='ocrx_word' id='word_1_909' title='bbox 1110 2454 1191 2489; x_wconf 80' lang='grc' dir='ltr'>μήσει</span> <span class='ocrx_word' id='word_1_910' title='bbox 1206 2454 1328 2485; x_wconf 78' lang='grc' dir='ltr'>πολλοὺς.</span> <span class='ocrx_word' id='word_1_911' title='bbox 1339 2454 1386 2480; x_wconf 69' lang='grc' dir='ltr'>καὶ</span> <span class='ocrx_word' id='word_1_912' title='bbox 1395 2454 1425 2479; x_wconf 78' lang='grc' dir='ltr'>οὺ</span> <span class='ocrx_word' id='word_1_913' title='bbox 1444 2453 1586 2489; x_wconf 83' lang='grc' dir='ltr'>πρότερον,</span> <span class='ocrx_word' id='word_1_914' title='bbox 1597 2454 1664 2480; x_wconf 85' lang='grc' dir='ltr'><strong>ἀλλά</strong></span> <span class='ocrx_word' id='word_1_915' title='bbox 1679 2454 1747 2490; x_wconf 83' lang='grc' dir='ltr'>μετὰ</span> <span class='ocrx_word' id='word_1_916' title='bbox 1754 2454 1784 2480; x_wconf 83' lang='grc' dir='ltr'>τὸ</span> <span class='ocrx_word' id='word_1_917' title='bbox 1800 2462 1891 2489; x_wconf 82' lang='grc' dir='ltr'>παρα-</span> 
     </span>
    </p>
   </div>
   <div class='ocr_carea' id='block_1_112' title="bbox 1107 2499 1892 2536">
    <p class='ocr_par' dir='ltr' id='par_1_112' title="bbox 1107 2499 1892 2536">
     <span class='ocr_line' id='line_1_112' title="bbox 1107 2499 1892 2536; baseline 0 -9"><span class='ocrx_word' id='word_1_918' title='bbox 1107 2500 1215 2536; x_wconf 84' lang='grc' dir='ltr'>δοθῆναι</span> <span class='ocrx_word' id='word_1_919' title='bbox 1229 2501 1268 2532; x_wconf 83' lang='grc' dir='ltr'><strong>εἰς</strong></span> <span class='ocrx_word' id='word_1_920' title='bbox 1277 2500 1389 2527; x_wconf 83' lang='grc' dir='ltr'>θάνατον</span> <span class='ocrx_word' id='word_1_921' title='bbox 1398 2499 1445 2535; x_wconf 84' lang='grc' dir='ltr'>τὴν</span> <span class='ocrx_word' id='word_1_922' title='bbox 1454 2500 1542 2535; x_wconf 75' lang='grc' dir='ltr'>ψυχὴν</span> <span class='ocrx_word' id='word_1_923' title='bbox 1559 2499 1653 2531; x_wconf 70' lang='grc' dir='ltr'>αὐτοῦ,</span> <span class='ocrx_word' id='word_1_924' title='bbox 1671 2501 1718 2526; x_wconf 77' lang='grc' dir='ltr'>καὶ</span> <span class='ocrx_word' id='word_1_925' title='bbox 1727 2501 1756 2526; x_wconf 85' lang='grc' dir='ltr'>ὲν</span> <span class='ocrx_word' id='word_1_926' title='bbox 1769 2501 1824 2532; x_wconf 79' lang='grc' dir='ltr'>τοῖς</span> <span class='ocrx_word' id='word_1_927' title='bbox 1833 2500 1892 2527; x_wconf 88' lang='grc' dir='ltr'>ἀνό-</span> 
     </span>
    </p>
   </div>
   <div class='ocr_carea' id='block_1_113' title="bbox 1110 2545 1890 2582">
    <p class='ocr_par' dir='ltr' id='par_1_113' title="bbox 1110 2545 1890 2582">
     <span class='ocr_line' id='line_1_113' title="bbox 1110 2545 1890 2582; baseline -0.001 -10"><span class='ocrx_word' id='word_1_928' title='bbox 1110 2555 1169 2582; x_wconf 87' lang='grc' dir='ltr'>μοις</span> <span class='ocrx_word' id='word_1_929' title='bbox 1183 2545 1349 2580; x_wconf 84' lang='grc' dir='ltr'>λογισθῆναι,</span> <span class='ocrx_word' id='word_1_930' title='bbox 1365 2545 1532 2577; x_wconf 78' lang='grc' dir='ltr'>θεσπίζεται.</span> <span class='ocrx_word' id='word_1_931' title='bbox 1549 2546 1598 2572; x_wconf 86' lang='grc' dir='ltr'>Διά</span> <span class='ocrx_word' id='word_1_932' title='bbox 1611 2545 1697 2571; x_wconf 71' lang='grc' dir='ltr'>ταῦτα</span> <span class='ocrx_word' id='word_1_933' title='bbox 1714 2545 1767 2581; x_wconf 79' lang='grc' dir='ltr'><strong>γὰρ</strong></span> <span class='ocrx_word' id='word_1_934' title='bbox 1781 2547 1890 2581; x_wconf 81' lang='grc' dir='ltr'>εἴρηται</span> 
     </span>
    </p>
   </div>
   <div class='ocr_carea' id='block_1_114' title="bbox 1109 2590 1892 2628">
    <p class='ocr_par' dir='ltr' id='par_1_114' title="bbox 1109 2590 1892 2628">
     <span class='ocr_line' id='line_1_114' title="bbox 1109 2590 1892 2628; baseline -0.004 -8"><span class='ocrx_word' id='word_1_935' title='bbox 1109 2593 1321 2628; x_wconf 85' lang='grc' dir='ltr'>κληρονομήσειν</span> <span class='ocrx_word' id='word_1_936' title='bbox 1330 2592 1451 2623; x_wconf 82' lang='grc' dir='ltr'>πολλοὺς,</span> <span class='ocrx_word' id='word_1_937' title='bbox 1466 2591 1513 2617; x_wconf 73' lang='grc' dir='ltr'>καὶ</span> <span class='ocrx_word' id='word_1_938' title='bbox 1524 2591 1578 2617; x_wconf 81' lang='grc' dir='ltr'><strong>τῶν</strong></span> <span class='ocrx_word' id='word_1_939' title='bbox 1589 2590 1707 2626; x_wconf 82' lang='grc' dir='ltr'>ἰσχυρῶν</span> <span class='ocrx_word' id='word_1_940' title='bbox 1725 2591 1846 2626; x_wconf 85' lang='grc' dir='ltr'>μερισειν</span> <span class='ocrx_word' id='word_1_941' title='bbox 1857 2591 1892 2617; x_wconf 82' lang='grc' dir='ltr'>τὰ</span> 
     </span>
    </p>
   </div>
   <div class='ocr_carea' id='block_1_115' title="bbox 1107 2636 1892 2673">
    <p class='ocr_par' dir='ltr' id='par_1_115' title="bbox 1107 2636 1892 2673">
     <span class='ocr_line' id='line_1_115' title="bbox 1107 2636 1892 2673; baseline -0.004 -8"><span class='ocrx_word' id='word_1_942' title='bbox 1107 2637 1344 2673; x_wconf 65' lang='grc' dir='ltr'>σιῦλα.Ἡγοῧμαι</span> <span class='ocrx_word' id='word_1_943' title='bbox 1357 2637 1385 2664; x_wconf 79' lang='grc' dir='ltr'>δὲ</span> <span class='ocrx_word' id='word_1_944' title='bbox 1396 2637 1589 2672; x_wconf 76' lang='grc' dir='ltr'>ἀναμφιλόγως</span> <span class='ocrx_word' id='word_1_945' title='bbox 1603 2637 1652 2673; x_wconf 83' lang='grc' dir='ltr'>τὴν</span> <span class='ocrx_word' id='word_1_946' title='bbox 1667 2638 1699 2663; x_wconf 83' lang='grc' dir='ltr'>ἐκ</span> <span class='ocrx_word' id='word_1_947' title='bbox 1708 2637 1812 2672; x_wconf 85' lang='grc' dir='ltr'>νεκρῶν</span> <span class='ocrx_word' id='word_1_948' title='bbox 1826 2636 1892 2663; x_wconf 86' lang='grc' dir='ltr'>ἀνά-</span> 
     </span>
    </p>
   </div>
   <div class='ocr_carea' id='block_1_116' title="bbox 1107 2682 1889 2719">
    <p class='ocr_par' dir='ltr' id='par_1_116' title="bbox 1107 2682 1889 2719">
     <span class='ocr_line' id='line_1_116' title="bbox 1107 2682 1889 2719; baseline -0.004 -7"><span class='ocrx_word' id='word_1_949' title='bbox 1107 2693 1201 2712; x_wconf 82' lang='grc' dir='ltr'>στασιν</span> <span class='ocrx_word' id='word_1_950' title='bbox 1216 2683 1263 2711; x_wconf 80' lang='grc' dir='ltr'>τοῦ</span> <span class='ocrx_word' id='word_1_951' title='bbox 1279 2683 1516 2719; x_wconf 73' lang='grc' dir='ltr'>προφητευομένου</span> <span class='ocrx_word' id='word_1_952' title='bbox 1525 2683 1569 2710; x_wconf 80' lang='grc' dir='ltr'><strong>διὰ</strong></span> <span class='ocrx_word' id='word_1_953' title='bbox 1584 2683 1686 2710; x_wconf 85' lang='grc' dir='ltr'>τούτων</span> <span class='ocrx_word' id='word_1_954' title='bbox 1698 2682 1889 2718; x_wconf 81' lang='grc' dir='ltr'>παρίστασθαι.</span> 
     </span>
    </p>
   </div>
   <div class='ocr_carea' id='block_1_117' title="bbox 1107 2728 1892 2766">
    <p class='ocr_par' dir='ltr' id='par_1_117' title="bbox 1107 2728 1892 2766">
     <span class='ocr_line' id='line_1_117' title="bbox 1107 2728 1892 2766; baseline -0.005 -8"><span class='ocrx_word' id='word_1_955' title='bbox 1107 2731 1169 2762; x_wconf 87' lang='grc' dir='ltr'>Πῶς</span> <span class='ocrx_word' id='word_1_956' title='bbox 1184 2730 1238 2766; x_wconf 88' lang='grc' dir='ltr'><strong>γὰρ</strong></span> <span class='ocrx_word' id='word_1_957' title='bbox 1254 2729 1339 2761; x_wconf 72' lang='grc' dir='ltr'>ἄλλως</span> <span class='ocrx_word' id='word_1_958' title='bbox 1353 2729 1492 2764; x_wconf 76' lang='grc' dir='ltr'>ἐπινοῆσαι</span> <span class='ocrx_word' id='word_1_959' title='bbox 1508 2729 1617 2756; x_wconf 82' lang='grc' dir='ltr'>δυνατὸν</span> <span class='ocrx_word' id='word_1_960' title='bbox 1634 2729 1671 2760; x_wconf 80' lang='grc' dir='ltr'><strong>ὡς</strong></span> <span class='ocrx_word' id='word_1_961' title='bbox 1692 2728 1826 2764; x_wconf 74' lang='grc' dir='ltr'>πρόϐατον</span> <span class='ocrx_word' id='word_1_962' title='bbox 1846 2728 1892 2754; x_wconf 76' lang='grc' dir='ltr'><strong>ἐπὶ</strong></span> 
     </span>
    </p>
   </div>
   <div class='ocr_carea' id='block_1_118' title="bbox 1107 2772 1892 2810">
    <p class='ocr_par' dir='ltr' id='par_1_118' title="bbox 1107 2772 1892 2810">
     <span class='ocr_line' id='line_1_118' title="bbox 1107 2772 1892 2810; baseline -0.004 -9"><span class='ocrx_word' id='word_1_963' title='bbox 1107 2775 1213 2810; x_wconf 70' lang='grc' dir='ltr'>σφαγὴν</span> <span class='ocrx_word' id='word_1_964' title='bbox 1237 2774 1363 2810; x_wconf 79' lang='grc' dir='ltr'>ἀχθέντα,</span> <span class='ocrx_word' id='word_1_965' title='bbox 1389 2775 1435 2801; x_wconf 78' lang='grc' dir='ltr'>καὶ</span> <span class='ocrx_word' id='word_1_966' title='bbox 1461 2774 1515 2801; x_wconf 87' lang='grc' dir='ltr'><strong>ἀπὸ</strong></span> <span class='ocrx_word' id='word_1_967' title='bbox 1538 2774 1591 2800; x_wconf 85' lang='grc' dir='ltr'><strong>τῶν</strong></span> <span class='ocrx_word' id='word_1_968' title='bbox 1616 2773 1736 2808; x_wconf 80' lang='grc' dir='ltr'>ἀνομιῶν</span> <span class='ocrx_word' id='word_1_969' title='bbox 1760 2772 1806 2800; x_wconf 76' lang='grc' dir='ltr'>τοῦ</span> <span class='ocrx_word' id='word_1_970' title='bbox 1827 2773 1892 2799; x_wconf 69' lang='grc' dir='ltr'>Ἴου-η</span> 
     </span>
    </p>
   </div>
   <div class='ocr_carea' id='block_1_119' title="bbox 1107 2817 1892 2855">
    <p class='ocr_par' dir='ltr' id='par_1_119' title="bbox 1107 2817 1892 2855">
     <span class='ocr_line' id='line_1_119' title="bbox 1107 2817 1892 2855; baseline -0.003 -9"><span class='ocrx_word' id='word_1_971' title='bbox 1107 2819 1188 2846; x_wconf 77' lang='grc' dir='ltr'>δαίων</span> <span class='ocrx_word' id='word_1_972' title='bbox 1203 2819 1268 2846; x_wconf 83' lang='grc' dir='ltr'>λαοῦ</span> <span class='ocrx_word' id='word_1_973' title='bbox 1285 2818 1391 2855; x_wconf 85' lang='grc' dir='ltr'>θανάτῳ</span> <span class='ocrx_word' id='word_1_974' title='bbox 1411 2818 1605 2855; x_wconf 74' lang='grc' dir='ltr'>παραδοθέντα,</span> <span class='ocrx_word' id='word_1_975' title='bbox 1628 2819 1673 2845; x_wconf 69' lang='grc' dir='ltr'>καὶ</span> <span class='ocrx_word' id='word_1_976' title='bbox 1694 2818 1760 2854; x_wconf 81' lang='grc' dir='ltr'>μετὰ</span> <span class='ocrx_word' id='word_1_977' title='bbox 1784 2817 1892 2852; x_wconf 71' lang='grc' dir='ltr'>ἀνόμων</span> 
     </span>
    </p>
   </div>
   <div class='ocr_carea' id='block_1_120' title="bbox 1443 2894 1705 2926">
    <p class='ocr_par' dir='ltr' id='par_1_120' title="bbox 1443 2894 1705 2926">
     <span class='ocr_line' id='line_1_120' title="bbox 1443 2894 1705 2926; baseline 0 -4"><span class='ocrx_word' id='word_1_978' title='bbox 1443 2896 1464 2912; x_wconf 85' lang='grc'><strong><em>³⁸</em></strong></span> <span class='ocrx_word' id='word_1_979' title='bbox 1476 2895 1548 2922; x_wconf 73' lang='lat' dir='ltr'><strong>Psal.</strong></span> <span class='ocrx_word' id='word_1_980' title='bbox 1559 2902 1642 2926; x_wconf 73' lang='grc' dir='ltr'>ιιι-ιι.</span> <span class='ocrx_word' id='word_1_981' title='bbox 1663 2894 1705 2922; x_wconf 74' lang='grc'><strong>12.</strong></span> 
     </span>
    </p>
   </div>
  </div>
