2071 3219
176 202 229 229 185

623 198 950 228 DEHO‘NSTRATIONIS
969 199 1198 228 EVANGELlClE
1218 199 1285 228 LIB.
1306 199 1351 227 Ill.

1752 202 1804 230 l86

174 259 345 293 λογισθέντα,
353 260 424 295 ταφῇ
434 267 462 285 τε
474 258 659 295 παραδοθέντα
666 267 672 274 ·
681 257 740 286 εἶτα
750 259 952 296 καθαριζόμενσ

1015 258 1185 288 hareditabit
1201 259 1346 291 multos,et
1360 258 1471 286 fortium
1487 257 1589 286 dividet
1603 258 1699 293 spolia.
1711 258 1797 291 Quam

174 305 225 332 ὑπὸ
237 304 284 331 τοῦ
308 305 422 340 Κυρίου,
438 304 484 331 καὶ
504 305 562 339 φῶς
578 305 643 340 παρ’
660 304 734 340 αὐτῷ
755 305 896 341 ὀψόμενον,
914 305 960 333 καὶ

174 350 392 386 κληρονομοῦντα
406 350 528 382 πολλοὺς,
543 351 590 377 καὶ
611 350 697 377 σκῦλα
713 353 769 383 τοῖς
783 351 891 383 οἰκείοις
905 351 962 378 δια-

174 395 308 430 νέμοντας
324 395 379 422 Καὶ
398 396 484 428 ἄλλως
504 396 532 423 δὲ
555 396 620 432 περὶ
638 397 687 431 τῆς
703 396 770 431 μετὰ
786 397 831 423 τὸν
847 397 960 423 θάνατον

174 441 349 474 ἀναίιώσεως
364 441 446 468 αὑτοῦ
468 442 541 476 λέγει
561 451 610 469 που
633 442 808 478 προφητεύων
828 444 859 468 ἐκ
874 451 959 478 προσ-

173 487 247 514 ώπου
270 487 317 514 τοῦ
341 487 458 523 Χριστοῦ
487 489 501 514 ὁ
523 488 621 515 Δαῦίδα
642 498 651 513 ι
672 489 729 514 Οὐκ
755 489 960 522 ἐγκαταλείψεις

172 532 221 567 τὴν
239 531 328 568 ψυχήν
348 541 398 568 μου
422 533 462 564 είς
475 533 550 569 ᾅδην,
565 534 624 560 οὐδὲ
639 533 733 564 δώσεις
745 534 817 560 ὅσιόν
835 542 879 560 σου
897 535 959 561 ίδείν

172 576 330 613 διαφθοράν.
349 588 358 603 ι
375 578 429 604 Καὶ
446 578 539 605 πάλιν³
558 588 566 604 t
584 579 679 615 Κύριε,
700 580 838 615 ἀνήγαγες
853 581 883 612 ἐξ
896 581 958 616 ᾇδου

172 624 221 659 τὴν
238 624 327 660 ψυχήν
348 633 409 659 μου,
428 624 532 656 ἔσωσας
550 634 583 660 με
605 626 659 652 ἀπὸ
672 626 725 652 τῶν
743 626 959 653 καταϐαινόντων

172 670 213 702 tl;
227 670 336 697 λάκκον.
357 680 367 696 ι
388 671 442 697 Καὶ
455 671 552 697 πάλιν
571 681 580 696 ι
607 672 635 698 Ὁ
653 671 727 707 ὑψῶν
746 681 779 707 με
794 673 825 699 ὲκ
838 672 892 699 τῶν
909 681 959 699 πυ-

171 714 226 741 λῶν
240 716 287 742 τοῦ
306 715 431 748 θανάτου,
445 717 519 749 ὅπως
536 717 569 743 ἂν
586 717 733 752 ὲξαγγείλω
750 719 839 750 πάσας
857 719 905 750 τὰς
920 720 958 745 al-

171 761 259 794 νέσεις
275 771 332 789 σου.
353 772 362 788 ι
384 763 494 795 Τούτοις
513 763 540 789 δὲ
563 764 644 790 πᾶσιν
659 764 816 799 ἀντιϐλέψαι
830 765 957 792 δύνασθαι

171 806 232 833 οὖδὲ
248 807 312 838 τοὺς
335 807 435 843 σφόδρα
461 809 716 843 ἀγνωμονεστάτους
739 810 866 845 ἠγοῦμαι.
885 810 957 846 Πλὴν

171 851 239 879 ἀλλὰ
263 852 313 888 τῆς
330 853 437 880 Ἡσαΐου
462 853 628 889 προφητείας
650 854 681 880 τὸ
705 854 889 891 συμπέρασμα
908 855 957 891 τὴν

170 898 256 925 πάλαι
270 899 376 934 στείραν
393 899 439 926 καὶ
452 899 553 934 ἔρημον
568 898 635 925 Θεοῦ
650 899 748 934 ψυχὴν,
762 900 778 935 ἢ
795 901 842 926 καὶ
858 900 956 935 μᾶλλον

1013 310 1104 335 autem
1122 306 1158 334 ob
1174 313 1233 334 rem
1249 306 1302 333 hoc
1316 305 1355 334 illi
1379 305 1473 333 datum
1495 305 1549 338 sit,
1564 305 1644 332 docet
1658 304 1797 339 deinceps,

1013 352 1061 379 ubi
1075 352 1113 379 ait
1125 361 1132 379 :
1152 361 1162 377 ι
1178 351 1233 379 Pro
1243 358 1276 379 eo
1285 350 1359 386 quod
1377 351 1475 377 tradita
1487 355 1528 378 est
1542 351 1569 377 in
1581 354 1696 377 mortem
1709 350 1798 378 anima

1013 398 1084 432 ejus,
1101 401 1128 424 et
1141 406 1202 424 cum
1221 398 1323 432 iniquis
1335 397 1484 432 deputatus
1500 401 1542 424 est
1555 406 1561 424 :
1577 401 1604 423 et
1618 396 1675 431 ipse
1687 402 1798 431 peccata

1014 443 1160 470 multorum
1177 443 1252 474 tulit,
1271 447 1297 470 et
1316 448 1426 478 propter
1442 447 1552 477 peccata
1566 450 1661 470 eorum
1682 443 1798 470 traditus

1012 493 1054 514 est
1067 488 1101 514 ⁵⁸.
1122 497 1131 513 ι
1150 487 1203 514 Pro
1222 488 1265 514 his
1281 488 1353 515 enim
1369 495 1548 515 remunerans
1566 487 1641 514 illum
1656 487 1747 519 Pater,
1765 496 1798 515 eo

1013 532 1085 568 quod
1101 532 1174 559 dicto
1198 533 1311 559 audiens
1337 532 1418 558 fuerit
1448 531 1798 566 sustinueritque,donavit

1013 579 1088 605 illum
1109 578 1143 605 iis
1155 586 1215 613 qua:
1238 578 1361 613 exposita
1381 582 1454 604 sunt.
1473 577 1573 605 Factus
1587 577 1659 604 enim
1674 582 1717 604 est
1732 577 1797 604 obe—

1012 625 1089 652 diens
1113 624 1185 651 Patri
1214 632 1301 658 usque
1331 623 1364 650 ad
1392 627 1525 650 mortem:
1543 630 1628 657 quare
1648 623 1796 649 multorum

1012 678 1120 705 quoque
1153 670 1339 697 haareditatem
1367 673 1580 697 consecuturum
1605 669 1681 696 illum
1710 670 1795 699 canit.

1012 724 1065 743 non
1078 716 1153 751 prius
1169 720 1261 744 tamen
1278 724 1358 751 quam
1375 717 1474 744 tradita
1491 716 1572 743 fuerit
1587 717 1676 742 anima
1691 715 1751 750 ejus
1768 715 1795 742 in

1011 767 1136 795 mortem,
1152 768 1179 790 et
1189 770 1250 790 cum
1265 763 1366 798 iniquis
1384 763 1421 790 sit
1438 763 1596 797 deputatus.
1611 761 1725 796 Propter
1738 761 1795 788 hac

1010 808 1082 835 enim
1090 807 1191 834 dictum
1200 812 1253 839 est,
1263 808 1338 835 illum
1351 807 1573 835 hareditaturum
1585 806 1695 838 multos,
1704 810 1732 832 et
1741 805 1797 833 for-

1011 855 1076 880 tium
1093 854 1243 881 divisurum
1261 854 1358 888 spolia.
1380 853 1450 880 Puto
1474 856 1563 879 autem
1580 852 1732 879 indubitate
1752 858 1794 878 re-

1009 898 1160 926 versionem
1175 898 1234 933 ejus
1247 906 1262 925 a
1273 898 1386 924 mortuis
1397 897 1542 932 signiﬁcari
1551 896 1650 923 talibus
1659 894 1792 922 oraculis:

169 942 220 978 τὴν
241 942 271 975 ἐξ
291 943 376 969 ἐθνῶν
397 944 557 978 Ἐκκλησίαν
573 945 785 979 εὐαγγελίζεται,
806 946 952 978 ἀκολούθως

1013 943 1088 977 101
1104 943 1151 978 qui
1164 943 1235 970 enim
1258 942 1316 970 ﬁeri
1342 946 1440 977 potest,
1460 946 1489 968 ut
1505 942 1584 969 aliter
1595 941 1628 968 de
1645 948 1678 968 eo
1694 940 1792 968 intelli-

169 989 203 1022 τῇ
227 988 329 1024 θεωρίᾳ
351 988 404 1015 τῶν
428 989 589 1024 εἰρημένων.
614 990 720 1026 Ἐπειδὴ
736 991 790 1027 γὰρ
813 992 846 1018 τὰ
871 993 958 1019 πάντα

167 1033 202 1059 δι’
229 1034 314 1069 αὐτὴν
339 1035 353 1060 ὀ
377 1035 492 1070 Χριστὸς
513 1035 666 1070 ὑπέμεινεν,
687 1037 797 1068 εἰκότως
822 1038 891 1073 μετὰ
909 1038 958 1069 τὰς

169 1079 234 1114 περὶ¹
256 1079 338 1106 αὑτοῦ
352 1081 517 1116 προρρήσεις
539 1082 663 1117 ἐπιφέρει
686 1082 787 1116 λέγων·
805 1092 813 1108 t
833 1084 957 1118 Εὐφράν-

167 1125 231 1159 θητι
252 1126 345 1161 στείρα
361 1127 377 1161 ἡ
393 1127 424 1152 ού
444 1126 581 1158 τίκτουσα,
598 1128 677 1163 ῥῆξον
697 1129 743 1154 καὶ
759 1128 854 1164 βόησον
871 1130 887 1163 ἡ
908 1129 957 1155 οὐκ

166 1171 314 1199 ὠδίνουσα·
334 1173 374 1199 ὅτι
391 1174 474 1200 πολλὰ
491 1174 524 1200 τὰ
542 1174 624 1201 τέκνα
644 1175 692 1209 τῆς
709 1175 811 1210 ἐρήμου
828 1176 925 1210 μᾶλλον
939 1176 955 1211 ἢ

166 1218 216 1252 τῆς
233 1219 348 1254 ἐχούσης
365 1219 409 1245 τὸν
425 1220 519 1255 ἄνδρα.
533 1218 600 1246 Eius
619 1221 673 1256 γὰρ
689 1220 802 1255 Κύριος·
821 1221 956 1248 Πλάτυνον

166 1263 212 1289 τὸν
230 1264 312 1291 τόπον
325 1264 375 1299 τῆς
387 1265 488 1300 σκηνῆς
503 1274 549 1292 σου
567 1267 613 1293 καὶ
629 1266 682 1293 τῶν
697 1267 813 1293 αύλαιῶν
828 1276 884 1299 σου,
904 1268 955 1303 πῆ-

167 1309 221 1341 ξαν,
246 1310 283 1345 μὴ
307 1310 388 1347 φείσῃ
404 1319 410 1326 ·
427 1311 558 1338 πλάτυνον
581 1312 615 1338 τὰ
637 1313 813 1348 σχοινίσματά
828 1323 883 1345 σου,
908 1315 955 1341 καὶ

165 1355 229 1386 τοὺς
241 1356 395 1387 πασσάλους
412 1365 458 1383 σου
473 1358 647 1392 κατίσχυσαν·
664 1358 703 1385 ἔτι
720 1360 759 1390 εἰς
776 1360 808 1386 τὰ
823 1359 896 1393 δεξιὰ
909 1362 954 1388 καὶ

166 1401 207 1432 εἰς
221 1400 256 1427 τὰ
271 1402 402 1438 ἀριστερὰ
422 1403 580 1435 ἐκπέτασον,
597 1404 643 1430 καὶ
660 1405 689 1430 τὸ
705 1405 814 1441 σπέρμα
828 1416 873 1433 σου
891 1407 952 1443 ἔθνη

164 1447 374 1483 κληρονομήσει.
393 1458 401 1473 ι
425 1448 556 1476 Ἐνταῦοα
574 1450 602 1476 δὲ
627 1450 674 1485 τὴν
692 1451 721 1483 ἐξ
737 1451 824 1479 ἐθνῶν
841 1453 955 1489 Ἐκκλη·

165 1493 226 1520 αἶαν
239 1493 301 1519 καθ’
315 1493 378 1527 ὅλης
388 1494 437 1534 τῆς
451 1495 612 1530 οίκουμένης
629 1496 822 1533 ὲξηπλωμένην
840 1499 886 1525 καὶ
901 1500 953 1526 ἀπὸ

164 1540 302 1567 ἀνατολῶν
314 1540 389 1576 ἡλίου
404 1541 485 1576 μέχρι
498 1542 605 1577 δυσμῶν
621 1544 835 1579 παρατείνουσαν
849 1546 863 1571 ὁ
875 1546 953 1580 λόγος

164 1585 381 1620 εὐαγγελίζεται,
401 1587 555 1621 σαφέστατα
580 1588 658 1614 τοῦτο
681 1590 814 1625 παριστὰς
827 1591 871 1617 διὰ
887 1592 933 1618 τοῦ
945 1601 951 1607 ”

166 1642 176 1657 ε
195 1632 250 1658 Καὶ
263 1632 294 1659 τὸ
312 1633 421 1668 σπέρμα
443 1641 489 1659 σου
502 1633 564 1669 ἔθνη
583 1634 789 1671 κληρονομήσει.
806 1646 814 1662 ι
828 1637 953 1670 Ιίλείονος

163 1678 192 1704 δὲ
203 1677 364 1714 ἐξεργασίας
378 1679 510 1714 δεομένων
524 1679 577 1706 τῶν
592 1680 662 1707 κατὰ
675 1682 720 1708 τὸν
732 1682 823 1715 τόπον,
839 1684 952 1719 ἀρκούν-

163 1733 218 1755 τως
240 1725 288 1751 ἐπὶ
315 1724 362 1751 τοῦ
395 1726 527 1761 παρόντος
552 1726 628 1753 ταῦθ’
660 1728 724 1763 ἡμῖν
751 1730 950 1765 έπιτετμήσοω.

163 1769 282 1796 Πλεῖστα
294 1770 317 1797 δ’
331 1770 364 1797 ἂν
381 1771 428 1797 καὶ
439 1772 519 1802 αὐτὸς
532 1772 578 1798 ἐπὶ
603 1774 700 1809 σχολῆς
717 1775 894 1808 ἀναλέξασθαι
908 1777 953 1803 δύ-

163 1824 224 1842 ναιο
243 1817 307 1852 περὶ
320 1816 368 1842 τοῦ
385 1818 574 1853 προκειμένου.
593 1819 647 1845 Καὶ
666 1821 681 1855 ἡ
699 1821 822 1855 παροῦσα
837 1822 865 1848 δὲ
880 1831 952 1858 πρα-

163 1862 284 1897 γματεία
305 1862 355 1897 τῆς
375 1863 554 1899 εὖαγγελικῆς
578 1865 741 1898 ἀποδείξεως
766 1868 835 1894 κατὰ
858 1869 951 1903 καιρὸν

163 1907 269 1934 ἕκαστα
295 1907 485 1943 παραδώσεταί
511 1917 539 1935 τε
566 1909 612 1934 καὶ
639 1909 811 1944 ἑρμηνεύσει.
831 1911 905 1943 Τέως
923 1911 950 1937 δὲ

163 1953 211 1980 tu).
226 1951 271 1979 τοῦ
288 1953 420 1988 παρόντος
440 1954 489 1989 τῆς
503 1954 556 1981 τῶν
578 1954 726 1990 προφητῶν
752 1956 815 1990 περὶ
835 1957 884 1992 τῆς
904 1957 950 1983 τοῦ

163 1998 289 2034 Σωτῆρος
299 1999 376 2034 ήμῶν
392 2000 580 2035 προρρήσεως,
595 2001 641 2027 καὶ
653 2001 690 2032 ὡς
706 2002 786 2028 πᾶσιν
799 2002 951 2038 ἀνθρώποις

162 2045 212 2080 τὴν
228 2044 281 2071 τῶν
299 2044 448 2080 μελλόντων
463 2046 571 2080 ἀγαθῶν
587 2047 734 2082 παρουσίαν
751 2048 949 2082 εὐηγγελίζετο,

163 2090 264 2122 ἱκανῶς
278 2090 335 2126 ἔχει
347 2091 381 2117 τὰ
394 2092 536 2127 εἰρημένα,
549 2093 793 2128 προαναφιυνοῦντα
812 2094 950 2129 προφήτου

161 2136 233 2168 τινὸς
244 2136 346 2171 ἄφιξιν,
363 2137 410 2164 καὶ
425 2138 563 2165 εὐσέϐειαν
577 2139 720 2174 νομοθέτου
737 2140 848 2166 Μωῦσεῖ
863 2149 950 2176 παρα-

161 2182 285 2217 πλησίου,
301 2183 379 2216 γένος
394 2192 424 2210 τε
442 2183 532 2215 αὐτοῦ,
554 2184 600 2210 καὶ
623 2184 718 2219 φυλὴν,
732 2185 778 2211 καὶ
797 2184 877 2211 τόπον
890 2185 949 2211 ὅθεν

162 2228 365 2263 προελεύσεται,
378 2230 472 2265 χρόνον
491 2229 520 2256 ’ἡ
537 2230 598 2256 καθ’
610 2230 638 2256 ὂν
652 2230 721 2265 ἣξει,
751 2231 949 2266 προφητεύεται

1009 1001 1115 1028 gamus,
1132 993 1178 1028 qui
1191 997 1319 1028 tanquam
1332 993 1391 1019 ovis
1411 993 1444 1019 ad
1458 992 1624 1020 occisionem
1639 992 1675 1019 sit
1684 991 1794 1023 ductus,

1008 1045 1035 1066 et
1059 1040 1093 1066 ab
1119 1040 1309 1074 iniquitatibus
1331 1039 1437 1066 Judaici
1450 1038 1543 1073 populi
1557 1038 1673 1065 traditus
1698 1037 1735 1065 sit
1758 1037 1793 1064 ad

1008 1089 1133 1117 mortem,
1147 1090 1174 1112 et
1189 1093 1251 1112 cum
1270 1085 1371 1120 iniquis
1396 1085 1543 1119 deputatus
1555 1104 1563 1116 ,
1592 1083 1794 1118 sepulturaeque

1007 1130 1214 1158 commendatus
1232 1150 1239 1161 ,
1258 1129 1357 1156 deinde
1370 1133 1502 1164 purgatus
1523 1137 1537 1155 a
1557 1127 1694 1155 Domino?
1708 1133 1735 1155 et
1749 1128 1794 1155 lu-

1007 1183 1065 1202 cem
1079 1183 1160 1210 penes
1173 1183 1202 1203 se
1214 1176 1323 1202 visurus
1339 1175 1385 1207 sit,
1401 1178 1428 1201 et
1441 1174 1589 1200 multorttm
1605 1173 1792 1200 bareditatem

1007 1224 1216 1253 consecuturus,
1231 1226 1257 1247 et
1272 1220 1330 1248 suis
1346 1220 1433 1255 spolia
1451 1219 1591 1247 divisurus
1609 1219 1620 1246 '3
1645 1218 1698 1246 Sed
1714 1219 1794 1246 aliter

1006 1274 1115 1302 quoque
1131 1266 1163 1293 de
1176 1266 1250 1293 illius
1265 1265 1354 1292 reditu
1370 1265 1397 1292 in
1410 1265 1504 1296 vitam,
1520 1269 1582 1299 post
1600 1267 1714 1290 mortem
1726 1263 1794 1290 dicit

1006 1313 1123 1348 quodam
1141 1313 1200 1339 loco
1219 1312 1373 1339 vaticinans
1385 1311 1469 1338 David
1484 1320 1516 1338 ex
1537 1318 1652 1346 persona
1663 1310 1765 1338 Christi
1783 1319 1790 1337 :

1008 1369 1017 1385 ι
1035 1359 1095 1386 Non
1110 1359 1248 1393 relinques
1264 1358 1382 1385 animam
1413 1366 1500 1385 meam
1527 1357 1554 1385 in
1570 1357 1688 1390 inferno,
1704 1364 1793 1391 neque

1005 1406 1083 1433 dabis
1099 1409 1223 1433 sanctum
1246 1412 1322 1432 tuttm
1339 1405 1431 1432 videre
1448 1404 1652 1440 corruptionem
1668 1403 1702 1430 ".
1732 1411 1742 1428 ι
1760 1402 1792 1429 Et

1005 1452 1068 1479 alibi
1086 1460 1108 1478 τι
1127 1451 1249 1483 Domine,
1259 1451 1378 1478 eduxisti
1393 1451 1427 1477 ab
1439 1450 1547 1477 inferno
1560 1450 1678 1476 animam
1693 1456 1790 1479 meam.

1005 1496 1115 1523 salvasti
1140 1504 1183 1522 me
1203 1504 1218 1522 a
1243 1495 1477 1523 descendentibus
1505 1495 1532 1521 in
1557 1496 1646 1521 lacum
1666 1494 1702 1522 ³³.
1730 1504 1739 1520 ι
1757 1493 1791 1520 Et

1004 1541 1066 1568 alibi
1081 1551 1088 1568 ;
1105 1551 1114 1566 t
1132 1541 1183 1574 Qui
1196 1541 1299 1569 exultas
1316 1549 1358 1568 me
1372 1541 1405 1568 de
1417 1541 1503 1575 portis
1520 1541 1624 1572 mortis,
1641 1543 1670 1567 ut
1683 1547 1790 1567 annun-

1004 1588 1066 1615 tiem
1093 1596 1188 1615 omnes
1221 1587 1392 1615 laudationes
1426 1592 1487 1615 tuas
1505 1587 1540 1614 ”.
1568 1597 1576 1613 ι
1604 1587 1705 1614 Contra
1731 1594 1791 1613 om-

1004 1634 1048 1661 nia
1072 1634 1129 1662 haac
1152 1633 1294 1661 intendere
1310 1634 1391 1660 ullam
1416 1634 1514 1664 aciem,
1532 1641 1567 1661 ne
1584 1633 1790 1661 inimicissimos

1002 1679 1111 1715 quidem
1128 1685 1209 1714 atque
1224 1680 1425 1714 ingratissimos
1434 1687 1513 1714 posse
1528 1679 1654 1706 arbitror.
1675 1678 1789 1706 Verum.

1003 1729 1092 1753 tamen
1107 1725 1168 1760 ejus
1187 1726 1334 1761 pr0phetiae
1351 1726 1504 1758 conclusio,
1519 1725 1598 1760 cujus
1612 1730 1708 1752 auctor
1733 1725 1790 1752 isa-

1003 1773 1054 1805 ias,
1075 1772 1195 1800 sterilem
1208 1772 1281 1798 illam
1296 1772 1433 1806 quondam
1450 1776 1476 1799 et
1489 1771 1624 1799 desertam
1639 1779 1654 1798 a
1667 1771 1722 1798 Deo
1733 1772 1789 1799 ani-

1003 1825 1084 1849 mam,
1101 1821 1146 1844 aut
1162 1818 1250 1852 potius
1264 1817 1413 1844 Ecclesiam
1435 1817 1468 1844 de
1481 1817 1608 1852 gentibus
1633 1817 1787 1848 collectam,

1003 1864 1070 1891 laetis
1089 1864 1212 1895 vocibus,
1243 1864 1372 1898 bonoque
1393 1864 1490 1890 nuntio
1506 1864 1693 1898 prosequitur,
1724 1870 1788 1890 cum

1002 1910 1056 1937 illis
1072 1910 1165 1945 utique
1177 1910 1405 1944 recordans,qu:e
1416 1910 1472 1944 jam
1490 1910 1664 1944 contemplati
1681 1916 1786 1937 sumus.

1001 1955 1068 1982 Nam
1100 1963 1161 1983 cum
1182 1960 1293 1991 propter
1304 1963 1365 1982 eam
1381 1956 1506 1982 Christus
1528 1956 1619 1982 omnia
1632 1955 1789 1989 pertulerit,

1002 2002 1099 2029 merito
1121 2006 1182 2037 post
1201 2010 1231 2029 ea
1247 2021 1255 2034 ,
1283 2009 1343 2036 qum
1358 2002 1391 2029 de
1406 2002 1452 2028 illo
1469 2001 1612 2037 praedixit,
1638 2000 1761 2035 adjungit
1776 2008 1785 2028 :

1004 2057 1014 2072 ι
1030 2047 1144 2079 Laetare,
1162 2048 1261 2082 inquit,
1280 2048 1379 2074 sterilis
1395 2056 1456 2082 qua:
1470 2055 1524 2074 non
1535 2048 1621 2082 paris,
1637 2047 1787 2074 vociferare

1001 2098 1027 2120 et
1042 2094 1140 2125 clama,
1162 2101 1222 2128 quae
1239 2101 1292 2120 non
1309 2094 1429 2128 parturis
1447 2101 1453 2119 :
1478 2094 1607 2129 quoniam
1634 2094 1712 2120 intuiti
1738 2094 1786 2121 lilii

1001 2139 1114 2166 deserta
1129 2141 1226 2174 magis,
1242 2147 1324 2174 quam
1351 2140 1410 2175 ejus
1423 2148 1484 2175 quae
1502 2141 1583 2168 habet
1598 2140 1698 2167 virutn.
1715 2140 1786 2168 Dixit

1000 2186 1071 2212 enim
1093 2186 1222 2214 Dominus
1237 2196 1243 2213 :
1263 2187 1351 2213 Dilata
1370 2187 1461 2213 locum
1479 2187 1589 2214 tentorii
1619 2187 1670 2219 tui,
1684 2191 1712 2214 et
1727 2187 1784 2221 pel-

1001 2231 1040 2259 les
1053 2231 1292 2259 tabernaculorum
1311 2237 1419 2260 tuorutn
1435 2233 1496 2267 ﬁge,
1512 2241 1546 2259 ne
1562 2240 1658 2268 parcas
1672 2242 1678 2260 :
1701 2233 1784 2259 dilata

162 2275 208 2302 καὶ
224 2276 341 2310 γένεσιν,
359 2277 407 2303 καὶ
422 2277 558 2313 τελευτὴν,
575 2279 620 2304 καὶ
633 2279 788 2311 ἀναϐίωσιν,
803 2281 849 2306 καὶ
864 2281 948 2316 ἀρχὴν

1004 2277 1137 2305 funiculus
1155 2282 1226 2309 tuos,
1240 2282 1266 2305 et
1291 2278 1383 2305 clavos
1396 2284 1456 2305 tuos
1475 2279 1639 2305 corrobora:
1667 2279 1784 2313 amplius

160 2320 210 2356 τὴν
223 2321 294 2348 κατά
313 2321 423 2348 πάντων
437 2322 535 2349 ἐθνῶν·
557 2323 575 2349 δι
595 2324 627 2358 δὴ
651 2324 738 2350 πάντα
754 2325 886 2361 παρέστη,
900 2326 947 2352 καὶ

160 2366 201 2392 ἔτι
218 2366 316 2402 μᾶλλον
327 2367 372 2393 διὰ
385 2367 438 2393 τῶν
452 2367 514 2403 έξῆς
530 2370 734 2404 παραστήσεται
751 2371 796 2396 ἐπὶ
811 2371 889 2406 μόνον
902 2371 947 2397 τὸν

160 2411 273 2448 Σωτῆρα
289 2413 337 2440 καὶ
358 2413 458 2450 Κύριον
482 2415 560 2450 ἡμῶν
583 2418 843 2452 συμπεπερασμένα.
869 2417 947 2445 Ἀλλὰ

158 2457 244 2485 ταῦτα.
261 2459 311 2494 μὲν
333 2459 387 2486 ἀπὸ
406 2460 460 2486 τῶν
481 2461 559 2497 ἱερῶν
582 2461 678 2496 λογίων
704 2464 759 2494 τοῖς
776 2464 946 2491 πιστεύουσιν

158 2503 250 2536 αὐτοῖς
266 2504 494 2541 παρα-τεθήσεται·
507 2508 562 2538 τοῖς
578 2507 599 2532 δ’
612 2507 753 2534 ἀπειθοῦσι
768 2510 827 2540 ταῖς
842 2518 947 2545 προφη-

157 2550 246 2582 τικαῖς
261 2550 386 2586 Γμφαῖς
408 2551 479 2583 ἰδίως
496 2553 696 2588 ἀπαντήσομεν,
717 2554 754 2585 ὡς
769 2555 833 2590 περὶ
850 2556 946 2591 ἀνδρὸς

157 2595 258 2628 κοινοῦ,
274 2597 322 2623 καὶ
339 2599 395 2628 τοῖς
412 2596 514 2629 λοιποῖς
530 2600 717 2635 παραπλησίου
734 2601 802 2632 τέως
817 2601 866 2637 τὴν
886 2602 944 2634 ἐξέ-

156 2652 233 2671 τασιν
247 2645 420 2681 ποιούμενοι·
433 2646 486 2679 ἵνα,
498 2647 597 2674 ὁπόταν
615 2648 723 2674 πάντων
740 2649 793 2675 τῶν
807 2650 835 2682 ἐξ
849 2651 944 2683 αἰῶνος

157 2688 307 2725 βοηθέντων
317 2691 347 2717 ὲν
364 2690 527 2727 ἀνθρώποις,
552 2693 618 2719 πολὺ
641 2695 772 2729 κρείττων
787 2696 944 2732 ἁσυγκρίτῳ

155 2735 274 2771 ὑπεροχῇ
292 2736 340 2763 καὶ
359 2736 494 2773 διαφέρων
515 2738 649 2773 ἀναφανῇ,
669 2740 826 2774 τοτηνικάδε
843 2742 889 2768 καὶ
910 2742 943 2769 τὰ

156 2781 217 2817 περὶ
229 2781 282 2817 τῆς
295 2781 435 2818 θειοτέρας
451 2783 533 2810 αὑτοῦ
548 2785 653 2819 φύσεως
669 2785 738 2812 κατὰ
750 2787 844 2822 καιρὸν
856 2787 943 2815 διαλά-

155 2825 254 2861 ῦωμεν,
273 2826 303 2859 ἐξ
319 2827 443 2863 ἐναργῶν
456 2827 509 2863 τῶν
522 2827 683 2860 ἀποδείξεων
697 2830 890 2864 παριστῶντες,
905 2831 941 2862 ὡς

1000 2324 1032 2351 ad
1049 2323 1170 2351 dextram
1183 2329 1209 2352 et
1221 2325 1254 2352 ad
1270 2325 1407 2352 sinistram
1421 2325 1545 2356 extende,
1560 2329 1587 2352 et
1603 2332 1693 2351 sctneu
1709 2328 1784 2351 tuum

999 2377 1092 2407 gentes
1121 2371 1290 2399 hazrcditabit
1304 2371 1336 2397 °°.
1360 2381 1369 2396 ι
1387 2371 1435 2399 llis
1461 2375 1551 2397 autem
1579 2371 1670 2397 verbis
1690 2370 1784 2397 Eccle-

1000 2419 1069 2445 siam
1085 2418 1119 2445 de
1131 2417 1257 2453 gentibus
1275 2417 1428 2448 collectam,
1442 2422 1468 2444 et
1495 2421 1553 2443 toto
1567 2417 1632 2443 orbe
1647 2421 1782 2442 terrarum

999 2464 1137 2495 diﬂ'usatn,
1153 2467 1179 2489 ct
1196 2463 1230 2489 ab
1244 2466 1304 2488 ortu
1335 2462 1401 2489 solis
1423 2462 1456 2489 ad
1479 2470 1606 2489 occasum
1632 2465 1781 2493 extentam,

999 2509 1139 2536 oraculum
1155 2509 1239 2536 laetari
1254 2509 1341 2542 jubet,
1355 2508 1512 2543 planissime
1525 2508 1575 2534 hoc
1588 2507 1677 2541 ipsum
1698 2507 1783 2541 signi-

999 2556 1094 2588 ﬁcans,
1109 2556 1154 2582 ubi
1181 2556 1236 2582 ait:
1257 2564 1266 2580 (
1286 2555 1318 2581 Et
1332 2563 1424 2582 semen
1437 2560 1513 2581 tuum
1529 2558 1623 2588 gentes
1639 2553 1783 2581 haeredita-

998 2601 1046 2628 bit.
1067 2611 1076 2627 ι
1093 2600 1161 2628 Cum
1176 2604 1266 2628 autem
1279 2601 1425 2635 longiorem
1438 2599 1655 2634 explanationem
1673 2599 1782 2626 deside-

998 2651 1057 2674 rent
1067 2655 1109 2679 ea,
1124 2656 1184 2682 qua:
1198 2648 1230 2674 ad
1256 2648 1328 2674 hunc
1345 2647 1433 2674 locum
1450 2650 1583 2681 spectant,
1606 2645 1713 2673 abunde
1732 2654 1781 2672 n0-

997 2694 1039 2721 bis
1055 2693 1112 2720 haec
1123 2693 1278 2728 compendii
1297 2694 1385 2720 locum
1405 2692 1563 2726 explebunt.
1585 2691 1652 2718 Nam
1669 2695 1699 2718 tu
1711 2699 1780 2726 quo-

995 2746 1048 2772 que
1060 2746 1107 2772 per
1120 2738 1205 2765 otium
1216 2738 1301 2764 multa
1318 2738 1395 2772 plura
1408 2737 1540 2771 colligere
1547 2737 1658 2771 poteris,
1673 2743 1734 2770 quae
1745 2736 1776 2763 ad

995 2785 1066 2812 idern
1083 2785 1251 2819 propositum
1264 2788 1397 2818 spectent.
1414 2782 1465 2810 Sed
1475 2784 1562 2818 ipsum
1573 2791 1680 2818 quoque
1696 2790 1779 2810 evan-

996 2831 1087 2867 gelica:
1105 2830 1346 2858 demonstrationis
1380 2831 1547 2864 propositum
1570 2830 1642 2865 qttod
1660 2836 1731 2856 nunc
1749 2828 1777 2855 in

185 2906 209 2922 "
221 2907 276 2936 Isa.
295 2915 355 2940 utl,
367 2906 410 2935 l2.
448 2907 470 2923 "
485 2906 556 2935 Psal.
571 2915 616 2941 xv,
633 2907 676 2935 l0.
714 2908 737 2924 ⁸⁸
748 2908 818 2937 Psal.
830 2909 939 2940 amni.
978 2910 999 2926 ”
1013 2908 1083 2938 Psal.
1101 2917 1138 2941 Ix.
1154 2910 1196 2937 1’5.
1235 2910 1257 2924 ‘°
1269 2910 1318 2937 lsa.
1330 2917 1384 2941 ιιγ,
1401 2909 1457 2936 l-‘S.
