2071 3219
304 196 356 223 187

643 198 776 224 EUSEBll
795 196 1033 225 (ΣᾸΞΞΑΒῘΕΝΒΙΞ
1053 197 1072 224 0

1123 218 1127 225 .
1146 196 1236 223 PARS
1250 196 1282 223 ll.
1302 211 1335 215 —
1354 194 1600 223 APOLOGETICA.

1867 194 1920 223 188

300 253 427 280 manibus
441 256 493 285 est,
508 253 595 280 tradet
614 262 663 281 suo
677 258 798 289 tempore
814 259 895 288 atque
916 257 1072 290 interpreta-

1133 255 1182 280 οὐκ
1196 253 1366 288 ἀνθρωπείας
1383 253 1435 288 ἄρα
1451 250 1485 288 ἦν
1504 252 1610 286 φύσεως
1629 253 1645 287 ἡ
1660 252 1722 287 περὶ
1743 251 1823 278 αὐτὸν
1839 251 1919 279 δῦναι·

298 299 373 326 bitur
386 299 503 333 singula.
527 299 636 326 Interim
661 307 726 326 vero
739 299 810 335 quod
835 301 867 326 ad
881 300 1081 335 praedictionem

299 344 551 379 divinationemque
580 345 766 380 propheticam
783 345 817 372 de
832 345 972 373 Salvatore
987 351 1081 373 nostro

299 389 425 424 pertinet,
442 389 569 423 quodque
585 389 647 416 item
661 389 693 416 ad
710 390 736 417 id
751 391 823 425 quod
836 398 867 418 ea
879 390 1018 425 pradictio
1026 398 1081 418 om-

298 443 349 462 nes
365 435 490 462 homines
515 443 610 462 eorum
632 435 763 462 bonorum
782 436 859 470 102
879 436 996 463 adventu
1013 444 1080 471 gau-

298 479 362 508 dere
375 481 486 514 jubebat
498 488 558 515 quae
573 481 809 514 exspectabantur,
825 481 858 509 iis
867 489 926 516 quae
935 481 992 515 jam
1004 481 1076 508 dicta

298 530 363 553 sunt
383 526 503 552 contenti
531 534 592 552 esse
618 534 782 560 possumus:
799 535 858 561 qua:
878 527 986 560 quidem
1000 527 1080 562 plane

298 574 442 600 enuntiant
455 573 592 607 propheta:
609 573 752 607 cujusdam
768 572 926 605 adventum,
940 578 966 600 et
991 574 1080 608 legum

298 619 419 647 auctoris
433 618 559 652 pietatem
575 619 620 652 qui
636 618 702 645 Mosi
717 618 813 646 similis
833 618 940 646 futurus
954 619 999 651 sit,
1016 626 1081 646 nec-

1136 308 1195 335 μις·
1211 297 1251 330 οἷς
1268 298 1419 330 ἀκολούθως
1434 298 1481 325 καὶ
1495 298 1530 324 τὰ
1540 298 1589 333 τῆς
1603 299 1663 324 κατ’
1675 298 1754 324 αὑτὸν
1768 297 1916 332 θεολογίας,

1133 346 1171 378 ὡς
1184 343 1239 372 οἷόν
1252 353 1280 371 τε
1295 345 1367 371 ἐστὶν
1381 345 1446 379 ἡμῖν
1457 344 1630 375 ἐποπτεῦσαι,
1645 343 1822 378 ποιησόμεθα.
1842 344 1917 370 Ἐπεὶ

1133 391 1221 417 τοίνυν
1231 391 1283 417 τῶν
1296 391 1416 418 ἀπίστων
1427 390 1451 416 οἱ
1466 389 1574 421 πλείους
1585 390 1670 424 γόητα
1682 388 1838 415 καὶπλάνον
1849 390 1917 416 ἀπο-

1133 436 1285 468 καλοῦντες,
1303 436 1350 463 καὶ
1365 436 1474 471 μυρίαις
1494 435 1587 467 ἄλλαις
1604 435 1780 470 κακηγορίαις
1798 434 1917 470 βλασφη-

1134 482 1246 518 μοῦντες
1267 482 1356 513 αὑτὸν,
1373 481 1449 508 οὔπω
1471 482 1517 508 καὶ
1540 481 1586 507 νῦν
1609 481 1749 511 παύονται,
1771 480 1847 515 φέρε,
1869 480 1915 507 καὶ

1132 527 1200 563 πρὸς
1220 527 1329 559 τούτους
1346 526 1566 563 ἀποκρινώμεθα,
1586 526 1689 552 οἴκοθεν
1710 526 1759 561 μὲν
1781 525 1865 557 οὐδὲν,
1885 525 1915 559 ἐξ

1133 573 1220 600 αὐτῶν
1234 573 1261 599 δὲ
1278 573 1331 599 τῶν
1346 572 1427 599 αὑτοῦ
1447 572 1552 606 φωνῶν,
1570 572 1615 598 καὶ
1634 569 1667 607 ἧς
1689 571 1828 607 παρέδωκε
1842 571 1915 598 διδα-

1134 618 1246 650 σκαλίας
1257 620 1306 650 τὰς
1320 618 1484 654 παραθέσεις
1498 617 1663 651 ποιούμενοι.

298 673 352 691 non
381 665 503 699 ejusdem
533 673 627 700 genus,
651 670 678 693 et
709 665 820 698 tribum,
847 671 874 693 et
894 666 981 693 locum
1009 667 1080 694 unde
1103 667 1226 694 exiturus
1242 685 1250 697 ,
1276 670 1302 693 et
1324 670 1430 700 tempus
1446 673 1500 700 quo
1522 670 1651 692 venturus
1681 665 1725 692 sit.
1743 663 1914 690 Vaticinatur

301 713 433 744 praeterea
445 713 472 737 et
488 714 590 742 ortum,
608 715 634 737 et
644 714 770 741 mortem,
796 715 823 737 et
837 710 952 737 reditum
967 711 994 736 in
1005 710 1099 741 vitam,
1120 713 1148 737 et
1162 710 1342 744 principatum
1359 709 1386 736 in
1398 709 1527 736 omnibus
1539 708 1676 743 gentibus,
1690 715 1750 743 quae
1769 715 1834 734 sane
1857 707 1914 740 jam

297 763 414 782 evenere
445 756 558 782 omnia:
577 760 603 782 et
620 756 705 790 magis
733 756 814 783 etiam
845 756 974 790 deinceps
991 763 1020 783 ex
1042 755 1085 786 iis,
1107 763 1168 789 quae
1198 755 1324 782 dicentur
1350 754 1506 787 constabit,
1531 755 1557 781 in
1587 762 1642 781 uno
1659 752 1797 780 Salvatore
1815 761 1845 780 ac
1860 752 1914 780 Do-

297 801 373 828 mino
391 807 487 828 nostro
515 810 546 828 ea
581 803 661 829 linem
687 802 836 837 accepisse.
862 802 989 835 Sedhtec
1009 810 1070 837 qua:
1086 802 1119 829 de
1137 802 1239 830 Sanctis
1253 802 1372 829 oraculis
1383 807 1493 836 accepta
1505 801 1596 833 vides,
1617 801 1650 829 iis
1662 801 1708 835 qui
1723 801 1846 831 credunt,
1864 808 1914 827 ex-

295 848 384 882 posita
409 852 494 875 sunt:
511 849 545 875 iis
563 853 652 875 autem
677 848 723 883 qui
751 856 805 875 non
831 849 956 881 ercdunt,
974 855 1098 876 seorsum
1119 849 1225 876 obviam
1252 849 1361 883 scriptis
1383 849 1549 884 propheticis
1566 849 1674 881 ibimus,
1693 853 1774 884 atque
1805 849 1913 876 interim

296 898 423 928 tanquam
438 893 470 920 de
485 894 622 920 communi
636 894 704 926 viro,
723 898 750 921 et
765 895 811 929 qui
831 895 943 929 reliquis
956 894 1037 921 fuerit
1051 895 1150 922 similis
1173 895 1343 929 inquirentus
1366 905 1372 922 :
1395 899 1424 922 ut
1449 904 1510 922 cum
1535 896 1663 923 omnibus
1687 896 1733 930 qui
1755 903 1873 930 unquam
1898 903 1913 922 a

295 939 407 967 condito
421 946 478 965 aevo
504 938 573 966 inter
592 939 715 966 homines
735 939 862 966 celebrati
881 940 959 970 sint,
985 940 1070 965 multo
1091 940 1263 974 przestantior
1279 944 1306 966 et
1330 939 1535 974 incomparabili
1565 940 1681 975 quadam
1710 940 1855 967 eminentia
1870 947 1915 967 su-

296 985 386 1020 perior
414 985 580 1018 apparuerit,
600 993 661 1011 cum
677 993 708 1012 ea
722 993 829 1020 quoque
851 993 910 1020 quae
933 985 966 1012 ad
988 985 1147 1012 diviniorem
1167 986 1226 1020 ejus
1241 989 1365 1012 naturam
1392 989 1517 1020 spectant
1537 990 1732 1020 pertractemus
1753 996 1758 1013 :
1784 990 1810 1013 et
1840 986 1913 1021 quod

295 1027 383 1054 virtus
403 1036 463 1062 qua:
483 1029 510 1055 in
532 1030 578 1056 illo
602 1034 662 1057 erat
687 1031 760 1057 nulla
787 1031 905 1058 humana
921 1036 1018 1058 natura
1046 1035 1193 1064 constaret,
1209 1032 1370 1060 certissimis
1390 1032 1666 1059 demoustralionibus
1680 1033 1885 1067 comprobemus
1903 1041 1911 1060 :

295 1072 390 1100 ordine
415 1074 543 1108 deinceps
559 1080 697 1110 sequetur,
715 1081 744 1103 ut
759 1084 790 1103 ea
808 1084 990 1111 proponamus
1001 1077 1208 1112 contemplanda
1221 1085 1270 1111 pro
1285 1077 1398 1106 viribus,
1413 1085 1472 1112 quae
1499 1077 1532 1104 ad
1558 1085 1617 1105 eam
1643 1078 1804 1113 theologiam
1829 1079 1914 1113 perti-

294 1123 369 1149 nent,
385 1127 445 1153 qua:
464 1120 538 1146 illum
561 1121 699 1155 complexa
714 1125 766 1149 est.
790 1121 921 1154 Quoniam
942 1122 1024 1156 igitur
1040 1122 1126 1155 major
1153 1129 1215 1156 pars
1232 1129 1324 1148 eorum
1340 1122 1385 1156 qui
1410 1130 1464 1149 non
1488 1123 1614 1155 credunt,
1630 1127 1728 1150 vocant
1742 1124 1816 1150 illum
1842 1132 1913 1159 pra?-

293 1165 463 1199 stigiatorcm
490 1173 522 1192 ac
548 1166 736 1199 seductorem,
767 1168 888 1202 aliasque
905 1167 1117 1196 innumerabiles
1136 1168 1287 1195 calumnias
1309 1168 1336 1194 in
1352 1168 1426 1194 illum
1453 1169 1656 1196 exsecrabiliter
1681 1169 1795 1203 jactant,
1817 1178 1849 1197 ac
1878 1179 1912 1197 ne

294 1220 367 1238 nunc
384 1213 492 1247 quidem
517 1213 647 1240 desinunt
666 1215 798 1248 ejusmodi
814 1216 912 1250 probra
925 1216 1090 1251 contingere,
1112 1219 1218 1250 tempus
1231 1215 1285 1250 jam
1302 1215 1408 1242 videtur
1434 1223 1496 1243 esse
1525 1220 1554 1243 ut
1572 1218 1652 1244 etiam
1669 1218 1729 1245 istis
1744 1219 1909 1252 respondea-

295 1265 366 1289 mus,
385 1259 419 1285 de
445 1264 539 1286 nostro
564 1261 672 1294 quidem
696 1262 764 1288 nihil
779 1262 934 1294 atterentes.
965 1263 1012 1290 sed
1027 1263 1060 1290 de
1082 1262 1206 1290 doctrinm
1224 1271 1304 1297 quam
1320 1263 1378 1298 ipse
1401 1263 1549 1298 publicavit
1565 1269 1752 1298 assumentes,
1772 1266 1842 1301 quod
1866 1267 1910 1293 hic

295 1311 474 1338 apponamus.

294 1360 338 1388 lll.
354 1361 484 1389 Adversus
502 1371 545 1389 eos
561 1363 605 1398 qui
620 1363 752 1404 Christum
764 1365 809 1392 Dei
819 1366 980 1393 seductorem
990 1367 1071 1401 fuisse

1123 1364 1157 1391 l"'.
1176 1363 1253 1397 Πρὸς
1264 1362 1333 1395 τοὺς
1345 1362 1681 1405 πέάιὊνηύπειρηξρίτᾳς
1693 1367 1842 1401 γεγονέναι
1856 1369 1910 1397 τὸν

598 1399 763 1426 existinlanl.

328 1441 516 1477 lnterrogandi
535 1443 617 1478 igitur
628 1449 702 1477 sunt,
721 1454 785 1472 num
798 1447 860 1481 quis
875 1455 994 1482 unquam
1004 1448 1073 1475 alius

295 1488 358 1514 huic
374 1488 472 1515 similis
487 1489 617 1516 seductor
632 1499 664 1517 ex
681 1491 804 1519 historiis
821 1493 942 1527 ipsorum
959 1494 1073 1528 prol'erri

295 1534 392 1567 possit,
407 1534 454 1569 qui
470 1536 862 1572 mansuetudinis,probitatis,
877 1541 1072 1575 temperantiae,

294 1580 438 1614 omnisque
452 1581 562 1615 reliqum
583 1583 691 1610 virtutis
713 1584 746 1611 iis
770 1592 839 1619 quos
862 1587 999 1614 seduxerit
1019 1595 1074 1615 ma-

294 1627 379 1660 gister
394 1631 420 1653 et
434 1631 531 1654 auctor
545 1629 699 1656 exstiterit:
718 1634 744 1658 et
758 1635 848 1658 utrum
860 1632 901 1660 l‘as
915 1634 950 1661 sit
976 1634 1009 1661 iis
1025 1643 1074 1662 no-

294 1671 414 1698 minibus
431 1679 529 1699 vocare
542 1681 614 1700 eum:
633 1675 678 1708 qui
695 1683 729 1702 ne
745 1676 844 1703 intueri
877 1678 986 1712 quidem
1011 1687 1073 1707 mu-

293 1716 387 1743 lierem
404 1725 465 1744 cum
480 1719 611 1752 petulanti
628 1720 777 1754 cupiditate
801 1723 947 1756 permittit:
964 1728 991 1750 et
1008 1733 1072 1752 num

293 1760 318 1787 is
344 1762 481 1794 seductor,
498 1763 543 1796 qui
564 1771 700 1791 summum
730 1766 907 1802 philosophi:e
937 1768 1072 1804 fastigium

292 1807 435 1834 tradiderit
452 1827 459 1839 ,
492 1809 697 1844 discipulosque
725 1819 789 1839 suos
821 1813 967 1846 docuerit,
1000 1823 1073 1850 quae-

293 1861 400 1888 cunque
434 1854 601 1888 possideaut)
623 1857 711 1888 bona.
751 1858 934 1893 indigentibus
973 1861 1073 1896 imper-

295 1897 351 1929 tiri,
371 1902 398 1924 et
423 1898 524 1926 laboris
551 1900 670 1927 studium
707 1909 739 1928 ac
758 1902 960 1931 beneliceutiam
995 1906 1072 1941 103

293 1943 402 1977 plurimi
436 1944 524 1971 facere
553 1955 560 1972 :
591 1950 617 1972 et
643 1950 732 1973 utrum
759 1948 885 1976 seductor
911 1951 945 1981 is,
975 1952 1020 1985 qui
1045 1952 1072 1978 in

293 1989 467 2016 multitudine
495 1991 618 2024 populari
644 2011 652 2022 ,
679 1992 706 2018 in
727 1993 830 2027 plebeio
863 1995 1072 2031 turbulentoque

1366 1398 1496 1431 Χριστὸν
1511 1399 1563 1426 τοῦ
1581 1401 1665 1427 Θεοῦ.

1160 1444 1290 1470 Πευστέον
1311 1443 1342 1479 δὴ
1378 1444 1466 1470 αὐτῶν
1495 1444 1584 1471 εἴποτέ
1611 1455 1653 1477 τις
1685 1447 1761 1480 ἄλλος
1791 1450 1908 1482 τοιοῦτος

1125 1490 1222 1521 πλάνος
1236 1490 1371 1525 ἱστόρηται
1386 1490 1545 1525 πραότητος,
1563 1491 1608 1518 καὶ
1631 1492 1789 1526 ἐπιεικείας,
1803 1504 1909 1531 σωφρο-

1125 1535 1206 1570 σύνης
1231 1544 1261 1562 τε
1291 1536 1336 1562 καὶ
1358 1536 1407 1570 τῆς
1435 1535 1515 1571 ἄλλης
1537 1537 1637 1572 ἀρετῆς
1660 1539 1818 1572 διδάσκαλος
1851 1544 1909 1575 τοῖς

1123 1581 1312 1616 ἀπατωμένοις
1333 1581 1450 1616 γεγονὼς
1475 1582 1574 1614 αἴτιος⁸
1598 1584 1644 1610 καὶ
1670 1586 1694 1611 εί
1719 1585 1827 1621 θεμιτὸν
1852 1588 1909 1614 τού-

1124 1636 1178 1659 τοις
1203 1628 1349 1654 ἀποκαλεῖν
1376 1630 1430 1660 τοῖς
1457 1629 1569 1664 ὀνόμασι
1596 1633 1641 1656 τον
1671 1631 1737 1666 μηδὲ
1763 1633 1908 1667 ἐμϐλέπειν

1126 1673 1193 1708 μετὰ
1227 1673 1373 1708 ἐπιθυμίας
1393 1674 1541 1701 ἀκολάστου
1565 1675 1686 1708 γυναιξὶν
1708 1677 1906 1714 ἐπιτρέψαντα·

1124 1719 1170 1744 καὶ
1195 1719 1218 1744 εἰ
1244 1718 1340 1749 πλάνος
1362 1719 1376 1744 ὁ
1400 1718 1449 1753 τὴν
1475 1720 1513 1750 είς
1537 1719 1619 1754 ἄκρον
1642 1721 1778 1755 παραδοὺς
1799 1723 1906 1756 φιλοσο-

1124 1764 1187 1798 φίαν
1203 1765 1231 1790 ὲν
1244 1764 1281 1799 τῷ
1295 1765 1357 1794 τοὺς
1372 1764 1499 1800 φοιτητὰς
1517 1765 1650 1792 παῶεύειν
1666 1766 1718 1792 τῶν
1732 1768 1907 1803 ὑπαρχόντων

1124 1808 1222 1834 ὲνδεέσι
1245 1810 1391 1839 κοινωνεῖν.
1414 1810 1460 1835 καὶ
1479 1809 1509 1835 τὸ
1526 1809 1666 1842 φιλόπονον
1689 1812 1735 1837 καὶ
1752 1814 1907 1840 κοινωνικὸν

1123 1854 1187 1888 περὶ
1204 1853 1300 1880 πολλοῦ
1317 1854 1446 1880 τίθεσθαι·
1462 1855 1508 1880 καὶ
1528 1856 1552 1881 εί
1575 1855 1672 1887 πλάνος
1694 1857 1708 1882 ὁ
1733 1858 1782 1892 τῆς
1806 1858 1907 1893 πανδή-

1125 1907 1185 1934 μου,
1205 1899 1252 1926 καὶ
1271 1899 1407 1933 ἀγελαίου,
1430 1900 1476 1926 καὶ
1497 1899 1663 1936 Θορυῧώδους
1691 1903 1830 1934 συνουσίας
1846 1904 1907 1929 ἁνε-

1122 1944 1231 1979 γείρων,
1244 1945 1374 1971 διδάσκων
1390 1945 1418 1971 δὲ
1432 1945 1514 1980 μόνην
1533 1945 1702 1978 ἀσπάζεσθαι
1721 1948 1769 1982 τὴν
1790 1949 1852 1983 περὶ
1871 1950 1907 1976 τὰ

1123 1989 1181 2016 θεῖα
1193 1990 1269 2024 λόγια
1286 1991 1392 2026 σχολήν.
1413 1991 1442 2017 ’0
1467 1991 1495 2018 δὲ
1512 1992 1610 2024 παντὸς
1631 1993 1681 2028 μὲν
1707 1994 1821 2028 ψεύδους
1837 1996 1906 2022 ἀπο-

291 2040 374 2067 grcge
389 2035 489 2060 versari
507 2035 641 2068 prohibet,
659 2037 745 2063 solum
761 2042 849 2065 autem
868 2047 958 2067 rerum
972 2041 1072 2068 divitia-

1123 2037 1239 2070 τρέπων,
1259 2037 1307 2072 τὴν
1324 2037 1347 2063 δ’
1367 2037 1493 2072 ἀλήθειαν
1517 2038 1568 2072 πρὸ
1587 2040 1685 2070 παντὸς
1704 2042 1785 2075 τιμᾷν
1804 2050 1904 2076 παραι-

292 2086 352 2104 rum
367 2079 487 2105 studium
505 2087 553 2106 sua
574 2081 699 2108 doctrina
723 2084 904 2111 commendat.
922 2085 974 2117 Qui
991 2094 1072 2120 porro

292 2123 350 2149 tieri
367 2128 466 2157 potest,
485 2128 513 2150 ut
537 2125 560 2151 is
583 2125 679 2152 merito
699 2127 855 2153 nominetur
871 2127 1009 2161 seductor,
1025 2130 1071 2164 qui

290 2171 317 2194 et
340 2168 375 2195 ab
396 2169 469 2195 oumi
495 2170 636 2197 mendacio
657 2171 803 2204 deterreat,
827 2178 853 2199 et
875 2174 908 2199 ad
931 2176 1070 2202 veritatem

290 2218 387 2247 praﬂer
399 2220 494 2241 cuncta
510 2216 562 2242 alia
576 2217 790 2251 amplectendam
803 2219 981 2246 adhortetur?
996 2224 1071 2248 utne

287 2257 349 2291 jure
372 2259 480 2292 quidem
501 2260 618 2294 juraudo
645 2262 708 2288 velit
732 2271 781 2290 nos
807 2264 947 2298 indigere?
969 2269 1071 2299 quanto

288 2309 378 2330 autem
401 2305 490 2332 minus
513 2306 650 2341 perjurio?
667 2319 675 2333 ι
691 2307 731 2335 Sit
753 2309 825 2336 cnim
849 2318 939 2338 sermo
957 2316 1046 2339 vester
1062 2322 1067 2339 :

289 2347 347 2380 Est,
363 2353 404 2376 est
419 2359 424 2376 :
439 2358 501 2382 non,
521 2358 574 2378 non
587 2352 607 2367 θ’
622 2361 627 2378 :
647 2361 657 2377 ι
676 2357 701 2378 ct
716 2354 781 2387 quid
796 2362 837 2381 me
851 2355 927 2389 plura
944 2356 1070 2391 colligere

287 2398 404 2429 oportet,
424 2403 484 2422 cum
502 2404 532 2423 ex
552 2397 596 2428 iis,
612 2405 673 2432 qua:
690 2398 745 2432 jam
762 2400 834 2426 dicta
852 2404 925 2432 sunt,
943 2401 1021 2435 plane
1038 2403 1069 2428 li-

286 2444 346 2467 ceat
361 2441 477 2473 discere,
494 2443 631 2477 quodnam
648 2444 728 2472 fuerit
742 2446 802 2480 ejus
819 2447 974 2481 reipublicae
989 2447 1069 2474 insti-

285 2489 383 2517 tutum.
401 2495 463 2521 qua:
485 2488 520 2515 ab
544 2489 591 2516 illo
606 2490 676 2517 iutcr
693 2491 816 2519 homines
832 2493 864 2519 ad
883 2494 945 2520 vita:
963 2494 1067 2530 utilita-

285 2533 337 2557 tem
349 2531 524 2560 disseminata
542 2535 602 2562 est?
616 2543 649 2563 ex
663 2544 727 2571 qua,
744 2545 797 2564 non
815 2539 894 2566 modo
916 2547 969 2566 non
986 2540 1068 2567 sedu-

285 2579 402 2608 ctorem,
415 2579 460 2605 sed
477 2587 539 2606 vere
554 2581 673 2608 divinum
685 2583 837 2617 quemdam,
853 2589 880 2611 et
896 2585 994 2612 divinae
1012 2586 1068 2620 pie-

283 2623 421 2656 tatemque
436 2625 564 2658 amplexae
580 2626 768 2662 philosophiae,
791 2637 844 2656 non
867 2631 1020 2658 communis
1036 2632 1068 2658 il-

283 2665 336 2693 lius
362 2671 388 2693 et
414 2669 534 2703 vulgaris
559 2671 794 2705 introductorem,
824 2676 913 2703 omnis
942 2677 1066 2705 veritatis

1123 2081 1184 2107 νῶν·
1197 2082 1234 2113 ὡς
1249 2083 1309 2117 μηδ’
1321 2082 1445 2117 εὐορκίας
1459 2083 1571 2114 δεῐσῡαι,
1589 2084 1685 2111 πολλοῦ
1700 2085 1740 2112 δεῖ
1755 2087 1903 2123 ἐπιορκεῖν

1125 2135 1134 2151 t
1149 2127 1237 2154 Ἔστω
1251 2127 1304 2162 γὰρ
1324 2128 1399 2162 ὑμῶν
1421 2127 1451 2153 τὸ
1467 2129 1518 2154 Ναὶ
1540 2129 1593 2160 ναὶ,
1612 2131 1642 2157 τὸ
1660 2131 1689 2157 οὗ
1707 2131 1747 2157 οὗ·
1769 2142 1778 2158 ›
1796 2134 1853 2164 πῶς
1873 2134 1905 2160 ἂν

1122 2172 1220 2204 πλάνος
1236 2174 1346 2205 ἐνδίκως
1363 2174 1541 2210 ὀνομασθείης
1559 2176 1613 2202 Καὶ
1631 2176 1656 2202 τί
1676 2185 1708 2211 με
1725 2178 1776 2213 χρὴ
1795 2179 1905 2205 πλείονα

1121 2218 1167 2244 νῦν
1194 2218 1292 2253 λέγειν,
1316 2221 1401 2255 παρὸν
1421 2222 1452 2248 ἐκ
1480 2222 1532 2248 τῶν
1557 2222 1673 2256 πρόσθεν
1693 2224 1843 2258 εἰρημένων
1862 2225 1905 2256 τίς

1121 2271 1185 2290 ποτε
1206 2262 1239 2299 ἦν
1258 2265 1357 2300 τρόπος
1375 2266 1475 2299 γνῶναι
1495 2266 1544 2301 τῆς
1562 2267 1607 2294 ὑπ’
1623 2267 1704 2294 αὐτοῦ
1720 2270 1904 2304 κατασπαρεί-

1121 2319 1169 2346 σης
1181 2311 1218 2345 τῷ
1230 2311 1278 2346 βίῳ
1295 2311 1438 2343 πολιτείας,
1451 2312 1496 2346 ἀφ’
1512 2310 1545 2348 ἦς
1558 2313 1606 2347 οὐχ
1622 2313 1695 2344 ὅπως
1707 2313 1815 2346 πλάνον,
1835 2315 1904 2341 ἀλλά

1119 2365 1178 2383 τινα
1192 2356 1261 2382 θεῖον
1273 2357 1309 2387 ὡς
1323 2357 1438 2392 ἀληθῶς,
1457 2358 1503 2383 καὶ
1524 2357 1608 2390 θείας,
1628 2359 1672 2384 καὶ
1691 2359 1828 2391 εὐσεϐοῦς,
1845 2360 1902 2386 ἀλλ’

1118 2403 1149 2428 οὐ
1166 2403 1213 2437 τῆς
1235 2402 1325 2436 κοινῆς
1347 2403 1392 2428 καὶ
1414 2403 1551 2438 πανδήμου
1577 2404 1732 2439 φιλοσοφίας
1755 2406 1903 2441 εἰσηγητὴν

1119 2449 1172 2479 πᾶς
1191 2449 1204 2474 ό
1230 2448 1377 2484 φιλαλήθης
1396 2449 1475 2475 αὑτὸν
1499 2449 1662 2486 ὁμολογήσαι
1681 2450 1730 2482 ἄν;
1760 2451 1810 2477 Τὸν
1837 2451 1902 2485 γοῦν

1119 2495 1174 2530 βίον
1189 2495 1242 2522 τῶν
1258 2495 1338 2522 πάλαι
1353 2495 1485 2529 Θεοφιλῶν
1505 2495 1637 2530 Ἐϐραίων
1653 2496 1702 2531 ἤδη
1725 2505 1783 2528 πως
1805 2496 1835 2529 ἐξ
1855 2497 1903 2523 ἀν-

1118 2540 1232 2576 θρώπων
1256 2540 1412 2567 ἀπολωλότα
1441 2541 1520 2576 μόνος
1543 2542 1773 2577 ἀνανεωσάμενος,
1793 2543 1842 2569 οὐκ
1861 2545 1902 2576 είς

1119 2587 1228 2622 βραχεῖς
1248 2588 1294 2614 καὶ
1317 2588 1451 2622 μετρίους,
1478 2587 1534 2613 ἀλλ’
1550 2589 1589 2619 είς
1607 2587 1666 2614 ὅλον
1683 2589 1842 2622 ὲφαπλῶσαι
1855 2590 1902 2616 τὸν

1117 2634 1217 2668 κόσμον
1232 2633 1417 2659 semesum
1437 2633 1480 2660 διὰ
1495 2633 1542 2660 τοῦ
1563 2633 1669 2669 πρώτου
1687 2635 1902 2670 συγγράμματος

1116 2680 1164 2714 τῆς
1179 2679 1318 2715 παρούσης
1333 2679 1496 2711 ὑποθέσεως
1513 2680 1546 2706 δι’
1561 2677 1591 2706 οἴ)
1606 2681 1736 2715 πάρεστιν
1749 2681 1901 2716 ἀνθρώποις

283 2715 389 2738 amator
413 2713 448 2740 sit
465 2715 652 2745 confessurus.
680 2718 746 2745 Nam
774 2720 846 2754 quod
873 2721 937 2748 illud
958 2723 1064 2750 vivendi

1123 2725 1163 2750 ἐπὶ
1175 2725 1288 2760 σπείρας
1307 2726 1362 2756 τοῖς
1378 2725 1438 2751 καθ’
1456 2725 1519 2760 ὅλης
1540 2727 1588 2760 τῆς
1606 2727 1766 2763 οἰκουμένης
1785 2728 1830 2754 τὸν
1846 2729 1900 2755 τῶν

283 2755 458 2789 institutum,
493 2767 547 2794 quo
579 2761 751 2791 Hebrtcorum
783 2766 984 2800 antiquissimi,
1014 2768 1061 2795 Dei

283 2800 373 2834 amici,
394 2802 443 2829 viri
468 2805 623 2840 utebantur,
640 2810 765 2845 quodque
780 2810 834 2846 jam
853 2819 886 2840 ex
906 2813 1061 2842 hominibus

317 2877 338 2892 ⁶¹
365 2877 458 2906 Matth.
472 2888 498 2911 v,
519 2882 562 2909 57.

1116 2770 1244 2804 θεοψιλῶν
1258 2771 1368 2797 ἐκείνων
1383 2772 1453 2806 ἀμφὶ
1463 2772 1508 2798 τὸν
1524 2772 1647 2808 Ἀϐραὰμ
1660 2773 1772 2808 μυρίους
1782 2783 1811 2800 τε
1822 2775 1900 2807 ὅσους

1117 2814 1237 2849 ζηλωτὰς
1252 2816 1302 2842 οὐκ
1318 2815 1346 2847 ἐξ
1365 2816 1496 2851 Ἑλλήνιον
1510 2817 1598 2852 μόνον,
1614 2818 1679 2844 ἀλλὰ
1694 2819 1740 2845 καὶ
1755 2819 1901 2856 ﬂagtium»:
