2071 3219
666 208 994 238 DEMONSTRATIONIS
1013 209 1243 237 EVANGELICE
1264 209 1327 237 LIB.
1347 208 1390 237 111.

1779 208 1831 237 190

204 268 254 304 τῆς
265 268 382 295 ἐκείνων
397 268 538 301 θεοσεσοῦς
551 268 688 300 πολιτείας
701 269 848 302 ἀποδεῖξαι.
872 268 953 295 Ἀλλὰ
962 268 992 295 τὰ

1047 269 1247 304 quodammodo
1272 268 1430 300 interierat,
1454 267 1530 295 solus
1559 267 1617 301 ipse
1642 267 1831 299 renovaverit,

207 313 256 349 μὲν
270 313 428 349 ὴθικώτερα
440 314 489 350 τῆς
501 313 674 346 διδασκαλίας
689 314 771 341 αὐτοῦ
786 313 907 341 τοιαῦτα.
928 314 997 349 Φέρε

205 359 233 386 δὲ
250 358 417 395 σκεψώμεθα
444 360 480 395 μὴ
503 360 559 396 ἄρα
574 360 640 387 ποτὲ
654 361 668 386 ὁ
683 360 782 392 πλάνος
796 359 871 395 αὐτῷ
887 359 997 395 περὶτὰ

207 405 362 441 κυριώτατα
380 406 433 432 τῶν
460 406 601 441 δογμάτων
617 407 782 440 κατεγίνετο.
796 403 859 441 1'Ap‘
877 403 923 432 οὖν
937 406 997 441 οὐχ).

209 451 281 487 μόνῳ
295 452 334 486 τῷ
352 451 518 487 παμϐασιλεί
532 452 591 488 Θεῷ
614 452 652 487 τῷ
673 453 719 478 καὶ
728 452 855 487 οὐρανοῦ,
872 453 917 478 καὶ
934 451 995 487 γῆς,

207 498 255 523 καὶ
285 497 331 524 τοῦ
363 497 518 532 σύμπαντος
547 498 648 533 κόσμου
679 498 835 534 δημιουργῷ
858 498 937 529 αὑτός
967 506 995 523 τε

207 543 384 578 ἀνακείμενος
401 544 446 570 καὶ
460 545 522 575 τοὺς
538 544 666 579 φοιτητὰς
684 544 826 579 προσάγων
843 544 996 579 ἀναγέγρα-

207 597 292 621 πται;
311 589 399 615 Εἰσέτι
417 598 446 615 τε
465 590 511 616 καὶ
526 590 605 625 δεῦρο
625 591 649 615 οἱ
667 590 716 624 τῆς
728 590 900 621 διδασκαλίας
913 590 995 615 αὑτοῦ

206 633 280 668 λόγοι
297 635 384 662 πάντα
402 635 517 670 Ἕλληνα
533 636 579 661 καὶ
593 636 728 671 βάρϐαρον
744 636 798 662 ἅνω
816 635 864 670 τὴν
878 635 995 662 διάνοιαν

207 680 277 716 πρὸς
291 680 336 707 τὸν
352 681 481 707 ἀνωτάτω
494 682 559 707 Θεὸν
573 681 713 716 ἀνάγουσι,
731 683 823 708 πᾶσαν
836 681 935 716 ὁρατὴν
947 681 996 715 φύ-

208 734 251 753 σιν
267 726 449 762 ὑπεράψαντα.
466 726 537 763 Ἀρα
553 726 599 754 οὖν
621 728 658 763 μὴ
678 728 763 759 οὕτως
776 726 809 763 ἦν
824 729 838 754 ὸ
854 727 960 759 πλάνος,
979 728 994 762 ἦ

205 772 249 798 ὅτι
263 772 300 808 μὴ
313 774 363 809 καὶ
375 773 482 805 πλείους
502 774 588 800 σέϐειν
604 774 681 805 θεοὺς
697 774 728 800 ἐκ
743 774 791 809 τῆς
810 774 938 800 ἀνωτάτω
949 773 995 800 καὶ

207 817 293 852 μόνης
306 807 422 852 ἀληθοῦς
435 818 572 853 θεολογίας
587 820 631 846 τὸν
643 820 679 850 ὡς
694 807 799 854 ἀληθῶς
814 820 912 846 πλάνον
926 828 993 855 τρα-

205 863 368 898 ῃλισθέντα
382 867 533 901 συγχωρεῖ;
556 865 624 891 Ἀλλ’
643 862 719 896 οὗτος
736 866 766 892 οὺ
784 865 924 901 νεώτερος,
940 866 994 892 οὐδ’

206 910 306 941 οἰκεῖος
323 910 397 945 αὐτῷ
407 911 495 945 λόγος,
506 913 561 942 τοῖς
576 911 597 937 δ’
614 912 646 937 ἐκ
665 911 770 947 μακροῦ
785 912 864 938 πάλιν
875 911 994 945 Θεοφιλε-

1050 324 1138 351 neqtie
1160 316 1189 343 in
1206 321 1307 350 paucos
1323 318 1351 342 et
1367 314 1500 346 modicos,
1523 314 1571 341 sed
1587 314 1614 340 in
1631 317 1718 340 totum
1737 314 1832 341 orbem

1047 361 1196 393 diﬂuderit,
1210 361 1238 387 in
1255 360 1344 396 primo
1360 359 1443 394 hujus
1457 359 1548 394 operis
1564 359 1634 386 libro
1646 359 1714 386 satis
1726 366 1741 385 a
1752 359 1831 386 nobis

1048 412 1189 435 ostensum
1211 412 1252 434 est
1271 417 1277 434 :
1295 415 1343 442 per
1366 414 1446 441 quem
1471 407 1565 440 utique
1586 407 1648 432 licet
1675 405 1831 433 hominibus

1045 453 1101 487 jam
1120 452 1257 479 turmatim
1273 452 1299 478 in
1317 455 1374 477 toto
1390 450 1465 481 orbe,
1483 450 1555 477 illius
1572 450 1644 481 vitae,
1659 449 1844 483 religioneinr

1048 506 1100 533 qiie
1122 498 1252 532 aiitplcxa:
1275 496 1439 531 reipublicae,
1458 504 1539 531 quatit
1559 499 1586 522 et
1611 495 1669 530 ipse
1693 495 1829 521 Abraham

1046 550 1072 571 et
1087 544 1132 578 qui
1155 551 1202 578 per
1223 543 1291 569 idem
1312 547 1418 576 tempus
1435 542 1525 568 vixere
1545 541 1640 568 sectati
1659 544 1733 572 sunt,
1750 541 1830 566 innu-

1047 590 1191 617 merabiles
1207 597 1261 616 non
1279 589 1365 615 solum
1382 596 1414 615 ex
1428 587 1540 618 Grtecis,
1562 586 1608 613 sed
1625 587 1706 613 etiam
1721 594 1752 612 ex
1767 586 1830 612 bar~

1047 637 1131 668 baris,
1147 636 1319 663 aemulatores
1338 635 1490 661 ostendere.
1506 633 1536 659 Et
1562 633 1634 660 illius
1651 633 1760 667 quidem
1777 633 1827 659 do-

1046 683 1140 709 ctrinae
1166 689 1228 716 pars
1244 689 1303 715 qiiie
1325 680 1357 706 ad
1379 687 1467 706 mores
1488 679 1604 713 pertinet
1633 679 1729 712 magis.
1755 678 1829 712 ejus-

1046 727 1130 754 modi.
1147 727 1223 754 Nunc
1239 727 1380 753 videmnus
1396 729 1486 750 utrum
1500 723 1653 750 seductoris
1669 730 1776 754 nomen,
1790 722 1827 748 illi

1046 774 1074 800 in
1088 781 1120 800 eo
1134 780 1231 807 genere
1247 777 1443 806 praeceptorum
1455 766 1610 799 conveniat;
1628 768 1698 803 quod
1711 768 1829 795 maxime

1046 818 1210 844 dominamur.
1232 816 1326 843 Nonne
1351 816 1433 850 igitur
1458 814 1491 841 de
1515 814 1560 840 illo
1580 814 1667 848 palam
1696 814 1827 847 scriptum

1045 867 1100 895 est,
1115 862 1343 898 quemadmodum
1360 862 1411 888 soli
1426 861 1547 887 omnium
1564 860 1619 894 regi
1643 859 1706 889 Deo.
1723 863 1750 885 et
1765 859 1828 885 cmli

1046 918 1077 936 ac
1091 914 1182 940 terrae,
1197 909 1343 942 mundique
1359 907 1478 934 universi
1495 907 1596 941 opilici,
1610 911 1636 932 et
1650 906 1706 939 ipse
1719 904 1827 931 deditus

205 963 250 981 σιν
271 955 405 991 Ἑϐραίοις
416 957 575 999 προσφιλὴς,
587 945 728 992 ὡσπεροῦν
743 957 875 984 δέδεικται
889 958 931 983 διὰ
945 958 992 992 τῆς

1046 956 1137 988 fuerit,
1155 960 1182 982 et
1193 955 1386 982 commendare
1402 961 1466 980 suos
1479 953 1627 987 discipulos
1640 950 1829 978 consueverit?

205 1002 473 1036 Προπαρασκευῆς,
486 1003 550 1038 παρ’
565 1000 601 1028 ὧν
616 1003 665 1038 ἤδη
677 1003 724 1029 καὶ
734 1003 787 1030 τῶν
801 1003 868 1029 νέων
888 1003 993 1037 φιλοσό-

205 1054 264 1080 φων
281 1047 374 1079 παῖδες
387 1048 420 1074 τὰ
438 1048 541 1083 μεγάλα
556 1048 735 1083 ὠφελημένοι,
751 1049 789 1084 τῷ
798 1049 911 1083 δόγματι
930 1057 992 1074 συν-

203 1092 370 1128 ηρέσθησαν.
387 1094 563 1129 Σεμνύνονται
580 1096 611 1129 γέ
628 1103 668 1121 τοι
698 1095 744 1121 καὶ
755 1095 843 1121 αὐτῶν
861 1095 992 1130 Ἑλλήνων

204 1138 233 1163 οἱ
252 1137 410 1172 λογιώτατοι
432 1140 478 1166 ἐπὶ
502 1141 634 1175 χρησμοῖς
653 1140 706 1166 τῶν
721 1140 827 1166 οἰκείων
849 1140 927 1171 θεῶν,
942 1137 992 1166 ὧδέ

204 1190 266 1214 πως
282 1183 411 1219 Ἐϐραίων
424 1186 645 1220 μνημονεύουσιν·

1047 1001 1099 1028 Sed
1122 1008 1212 1027 nonne
1238 1000 1319 1026 etiam
1342 1007 1414 1025 nunc
1444 999 1517 1025 illius
1540 997 1671 1024 doctrina:
1695 1001 1828 1031 praecepta

1047 1054 1152 1077 omnes,
1166 1050 1193 1072 et
1213 1044 1322 1071 Griecos
1334 1049 1360 1071 et
1376 1043 1508 1070 barbaros
1527 1043 1560 1068 ad
1575 1050 1730 1076 supremum
1746 1041 1827 1067 Deum

1046 1100 1154 1119 sursum
1174 1094 1264 1118 mente
1280 1090 1423 1123 animoque
1440 1088 1654 1123 percipiendum,
1678 1091 1704 1113 et
1720 1093 1828 1113 omnem

1046 1137 1178 1164 visibilem
1207 1140 1332 1162 naturain
1357 1133 1557 1168 despiciendam
1582 1131 1734 1159 extollunt?
1763 1138 1827 1156 num

1046 1183 1129 1218 igitur
1140 1183 1183 1208 liic'
1195 1181 1243 1208 fuit
1256 1180 1400 1208 seductor?
1420 1187 1453 1205 an
1472 1187 1535 1205 vero
1550 1178 1622 1212 quod
1636 1178 1727 1211 plures
1740 1176 1829 1203 colere

205 1228 273 1255 deos
291 1236 323 1255 ex
340 1237 466 1263 suprema
486 1234 512 1257 et
532 1230 588 1257 sola
611 1238 674 1257 vera
692 1230 825 1264 theologia
846 1237 918 1261 eum,
953 1229 998 1264 qui
1017 1236 1111 1255 revera
1128 1228 1155 1254 iii
1174 1234 1293 1253 errorem
1323 1232 1442 1260 prreceps
1463 1225 1498 1251 sit
1524 1224 1615 1258 lapsus
1646 1230 1699 1249 non
1718 1221 1829 1256 pennit-

205 1273 297 1300 titfat
310 1274 354 1301 hic
368 1283 421 1301 non
440 1283 545 1307 recens,
561 1284 648 1311 neque
661 1276 734 1303 illius
749 1276 874 1310 proprius
887 1283 988 1306 sermo,
1023 1275 1070 1302 sed
1089 1283 1122 1301 ex
1146 1274 1231 1300 multo
1258 1277 1378 1306 tempore
1402 1271 1499 1306 priscis
1529 1270 1574 1296 Dei
1598 1269 1748 1295 cultoribus
1776 1267 1828 1294 lle-

206 1319 288 1347 brais
302 1327 459 1352 consuetus,
482 1323 707 1356 quemadmodum
722 1326 748 1349 et
765 1322 792 1349 in
806 1322 1005 1357 Pra'paratioue
1025 1325 1165 1348 ostensum
1186 1324 1237 1350 est,
1254 1327 1286 1344 ex
1316 1326 1368 1352 qua
1384 1319 1438 1351 jam
1464 1323 1536 1343 nunc
1550 1323 1610 1342 cum
1634 1320 1757 1341 recentes
1773 1314 1831 1348 phi-

206 1366 314 1402 losophi
349 1375 474 1402 magnam
509 1369 651 1395 utilitatem
681 1372 843 1404 acceperint,
871 1371 958 1404 ipsum
993 1368 1123 1395 doctrina:
1161 1374 1247 1401 genus
1271 1366 1527 1400 comprobaverunt.
1551 1364 1684 1390 Caeterum
1707 1363 1826 1397 ipsorum

205 1414 288 1439 etiam
306 1413 384 1449 104
395 1413 550 1441 Graecorum
572 1415 722 1442 doctissimi
745 1423 856 1443 suorum
891 1415 1004 1443 deorum
1037 1413 1156 1441 oraculis
1184 1412 1344 1447 gloriantur.
1370 1412 1403 1439 de
1432 1412 1552 1439 chl‘IBiS
1577 1412 1603 1438 iii
1627 1411 1698 1438 hunc
1718 1409 1827 1436 modum

205 1462 370 1488 mentionem
387 1461 550 1489 facientibus
567 1471 574 1489 :

205 1516 319 1543 Μοῦνοι
332 1516 471 1543 Χαλδαῖοι
484 1517 596 1551 σοφίην
610 1518 716 1551 λάχον,
733 1518 778 1550 ἠδ’
791 1517 836 1551 ἄρ’
857 1518 990 1550 Ἐϐραῖοί,

201 1553 423 1585 Αὑτοτένεθλω·
439 1551 553 1578 ἄνακτα
568 1552 755 1587 σεόαζόμενοι
774 1553 847 1579 Θεὸν
862 1552 970 1587 ἁγνῶς.

205 1638 356 1671 Χαλδαίους
375 1639 403 1666 δὲ
425 1640 488 1672 τοὺς
512 1640 609 1671 αὐτοὺς
623 1640 666 1667 διὰ
680 1640 725 1666 τὸν
748 1640 871 1676 Ἀϐραὰμ
886 1641 992 1676 ὠνόμα-

207 1693 263 1717 σιν,
284 1685 344 1711 ἐπεὶ
359 1685 490 1717 Χαλδαῖος
512 1684 544 1721 ἦν
565 1686 595 1712 τὸ
615 1686 701 1720 γένος,
727 1687 764 1718 ὼς
784 1688 937 1722 ἱστορεῖται.
961 1688 991 1713 Εἰ

204 1730 239 1768 δὴ
257 1729 303 1758 οὖν
318 1732 365 1758 καὶ
385 1731 520 1767 πρόπαλαι
541 1732 633 1764 παῖδες
655 1732 786 1769 Ἑϐραίων
799 1733 851 1760 τῶν
862 1733 893 1768 δὴ
915 1732 992 1768 μάλι-

206 1785 269 1807 στα.
283 1777 408 1813 καὶπρὸς
423 1777 476 1804 τῶν
498 1778 628 1813 χρησμῶν
653 1779 698 1804 ἐπὶ
715 1779 794 1814 σοφίᾳ
817 1787 992 1814 μεμαρτυρη-

207 1823 296 1858 μένων
313 1823 358 1849 ἐπὶ
375 1823 452 1858 μόνον
474 1823 518 1850 τὸν
538 1824 645 1850 πάντων
661 1824 824 1860 δημιουργὸν
841 1825 905 1850 Θεὸν
927 1825 992 1858 ἀνῆ-

205 1877 255 1903 γον
270 1869 301 1895 τὸ
325 1869 417 1901 σέϐας·
433 1869 458 1896 τί
479 1870 519 1896 δεῖ
536 1870 644 1901 πλάνον,
659 1871 717 1905 οὐχὶ
734 1871 761 1897 δὲ
779 1870 934 1905 Θαυμαστὸν
948 1871 992 1896 εὐ-

207 1914 315 1946 σεϐείας
329 1915 485 1943 διδάσκαλον
496 1915 634 1951 ὁμολογεῖν
646 1916 754 1947 τοῦτον;
766 1916 794 1948 ὃς
807 1916 841 1942 τὰ
855 1917 991 1952 πρόπαλαι

206 1959 288 1995 μόνος
304 1962 358 1992 τοῖς
372 1961 521 1995 θεοφιλέσιν
544 1962 677 1997 Ἑϐραίοις
700 1962 857 1996 ἐγνωσμένα
875 1963 913 1993 είς
927 1962 992 1988 πάν-

204 2013 256 2037 τας
270 2005 428 2041 ἀνθρώπους
450 2006 557 2043 ἀοράτῳ
574 2008 619 2034 καὶ
637 2007 720 2042 ὲνῢέῳ
740 2007 851 2041 δυνάμει
873 2017 993 2043 προαγα-

205 2051 263 2085 γὼν
280 2050 443 2086 ἑξήπλωσεν·
460 2052 530 2078 ὥστε
550 2053 646 2088 μηκέτι
661 2053 729 2079 κατὰ
744 2054 773 2079 τὸ
790 2054 901 2080 παλαιὸν
925 2054 991 2089 βρα-

205 2098 264 2132 χεῖς
274 2105 348 2129 τινας
366 2098 411 2123 καὶ
423 2098 532 2134 ἀριθμῷ
548 2098 665 2134 ληπτοὺς
679 2099 760 2134 ὀρθὰς
777 2100 839 2135 περὶ
860 2099 926 2125 Θεοῦ
950 2101 993 2134 φέ-

206 2150 265 2178 ρειν
284 2142 371 2174 δόξας,
385 2143 453 2169 ἀλλὰ
471 2144 552 2179 μυρία
568 2144 657 2179 πλήθη
678 2144 820 2180 βαρϐάρων
837 2145 889 2171 τῶν
910 2145 992 2172 πάλαι

205 2188 438 2223 θηριωδεστάτων,
457 2189 553 2223 λογίων
568 2199 597 2217 τε
615 2191 660 2217 καὶ
690 2191 820 2226 Ἑλλήνων
837 2192 950 2226 ἀνδρῶν,
967 2193 991 2218 οἳ

204 2235 262 2266 τοῖς
279 2234 361 2261 πάλαι
381 2236 532 2271 προφήταις
544 2236 590 2262 καὶ
602 2236 714 2268 δικαίοις
725 2237 852 2272 ἀνδράσιν
869 2238 990 2264 εὐσεϐεῖν

1047 1516 1116 1544 Solis
1137 1515 1267 1543 Clialdtm's
1281 1516 1411 1549 sapientia
1422 1515 1538 1549 contigit,
1557 1520 1635 1549 atque

1048 1552 1177 1581 Hebrwis,
1192 1553 1236 1583 qui
1249 1559 1280 1578 ca:
1292 1560 1318 1577 se
1330 1552 1455 1586 genitum,
1473 1559 1605 1585 regemque
1620 1551 1747 1586 deumque

1047 1587 1120 1613 Pura
1137 1592 1220 1613 mente
1233 1586 1331 1617 colunt,
1351 1591 1427 1620 atque
1446 1594 1524 1611 unum
1541 1594 1634 1611 numen
1650 1585 1772 1612 adora/il.

1019 1633 1025 1641 ¹
1042 1642 1185 1669 Chaldaios
1200 1646 1289 1668 autem
1300 1642 1409 1669 eosdem
1425 1645 1535 1676 propter
1547 1641 1683 1667 Abraham
1701 1641 1826 1667 nomina-

1043 1688 1091 1719 vit,
1110 1690 1167 1723 qiii,
1196 1693 1224 1715 ut
1244 1690 1380 1716 memoria:
1396 1690 1531 1724 proditum
1548 1693 1600 1719 est,
1626 1696 1725 1723 genere
1744 1688 1827 1715 Chal-

1043 1733 1117 1760 daeus
1132 1733 1191 1760 fuit.
1213 1733 1241 1760 Si
1258 1734 1340 1768 igitur
1355 1735 1435 1761 etiam
1460 1735 1494 1761 ab
1513 1735 1632 1768 antiquis
1651 1742 1738 1768 usque
1757 1738 1827 1760 tein-

1043 1779 1166 1812 poribus,
1189 1779 1304 1810 llcbi'aai,
1330 1781 1375 1814 qui
1395 1780 1512 1806 maxime
1531 1779 1565 1806 ab
1581 1779 1700 1806 oraculis
1718 1786 1826 1813 quoque

1043 1824 1182 1858 sapientia:
1203 1825 1386 1851 testiinonium
1413 1829 1587 1859 aeceperuiit,
1608 1826 1634 1851 in
1653 1833 1736 1851 unum
1761 1832 1821 1850 om—

1042 1871 1117 1896 nium
1141 1878 1231 1897 rerum
1260 1870 1382 1905 opiﬁcem
1406 1870 1490 1898 Deum
1516 1871 1701 1897 adorationum
1725 1871 1826 1905 dirige-

1042 1917 1118 1948 bant,
1139 1925 1188 1943 cur
1206 1917 1377 1944 seductorem
1404 1917 1532 1950 amplius,
1549 1924 1580 1943 ac
1596 1924 1649 1943 non
1667 1916 1756 1951 potius
1774 1917 1825 1942 nii-

1043 1962 1156 1988 rabilcni
1177 1962 1317 1997 religionis
1338 1963 1508 1997 magistrum,
1527 1963 1598 1989 hunc
1609 1963 1663 1996 jain
1683 1962 1767 1990 fuisse
1785 1962 1825 1988 fa-

1042 2008 1168 2035 teamur?
1190 2010 1235 2042 qui
1260 2016 1292 2036 ea
1319 2016 1378 2043 quae
1400 2009 1536 2043 quondam
1564 2009 1629 2035 solis
1654 2008 1700 2035 Dei
1729 2009 1824 2036 ainii-is

1043 2053 1162 2081 Hebraeis
1179 2055 1287 2089 cognita
1301 2059 1388 2085 erant,
1406 2055 1432 2081 in
1454 2059 1568 2082 cunctos
1587 2054 1710 2082 homines
1729 2054 1825 2081 invisi-

1042 2101 1101 2131 bili,
1115 2101 1259 2136 dirinaqiie
1282 2102 1380 2128 virtute
1397 2102 1507 2136 protulit
1522 2110 1553 2128 ac
1569 2102 1708 2128 delitavit‘?
1727 2105 1754 2127 ut
1771 2109 1825 2127 non

1043 2145 1168 2179 amplius,
1190 2146 1260 2172 sicut
1279 2146 1353 2179 prius
1365 2146 1443 2180 pauci
1459 2146 1569 2180 quidam
1587 2149 1614 2172 et
1631 2145 1824 2174 numerabiles,

1044 2195 1132 2217 rectas
1147 2191 1179 2217 de
1197 2190 1250 2217 Deo
1267 2191 1382 2217 habeant
1394 2192 1547 2225 opiniones,
1560 2191 1606 2218 sed
1619 2195 1769 2217 conventus
1784 2191 1826 2216 iii-

1043 2237 1225 2264 numerabilcs
1248 2242 1302 2263 tam
1324 2238 1463 2264 hominum
1486 2238 1674 2269 barbarorum,
1697 2238 1742 2270 qui
1760 2237 1824 2264 oliiii

204 2280 306 2315 ὁμοίως
321 2280 364 2307 διὰ
375 2282 457 2316 μόνης
473 2282 521 2316 τῆς
538 2281 619 2308 αὑτοῦ
633 2283 772 2317 δυνάμεως
783 2283 990 2318 ἐπαιδεύθησαν.

1044 2282 1172 2310 ferissimi
1188 2288 1275 2314 erant,
1288 2291 1367 2318 quam
1381 2284 1544 2318 sapientium
1557 2289 1584 2311 et
1599 2283 1764 2315 Graecorum,
1777 2283 1824 2317 qui

212 2325 292 2352 Ἀλλά
313 2325 344 2361 δὴ
365 2326 395 2352 τὸ
419 2327 508 2362 τρίτον
534 2326 706 2362 σκεψώμεθα,
723 2329 758 2363 μή
781 2330 838 2357 ποτ’
850 2329 903 2364 ἄρα
919 2330 990 2356 τοῦτ’

203 2369 240 2407 ἦν
248 2372 281 2398 δι’
292 2372 306 2398 ὃ
325 2372 423 2399 πλάνον
435 2373 515 2399 αὐτόν
530 2382 622 2409 φησιν,
635 2375 676 2400 ὅτι
693 2375 728 2409 μὴ
751 2374 904 2409 βουθυσίαις
925 2377 992 2411 μηδὲ

204 2417 282 2450 ζώων
297 2419 401 2453 ἀλόγων
428 2421 544 2454 σφαγαῖς
564 2420 624 2455 μηδ’
648 2421 744 2455 αἵμασι
765 2423 811 2448 καὶ
831 2423 907 2457 πυρὶ,
926 2423 991 2458 μηδὲ

203 2465 260 2495 τοῖς
274 2465 327 2491 ἀπὸ
349 2465 399 2500 γῆς
413 2466 645 2501 ἀναθυμιωμένοις
665 2467 694 2493 τὸ
711 2467 781 2494 Οεῖον
798 2469 880 2503 τιμᾷν
905 2469 991 2495 διετά-

203 2509 279 2542 ξατο.
294 2510 415 2537 Ταπεινὰ
430 2512 477 2546 μὲν
494 2513 539 2538 καὶ
555 2512 641 2548 γεώδη
656 2512 740 2539 ταῦτα
758 2514 804 2540 καὶ
827 2515 875 2549 τῆς
891 2515 990 2541 ἀθανάο

202 2563 250 2582 του
265 2556 371 2590 φύσεως
388 2557 510 2592 οὐδαμῶς
534 2559 620 2585 οἰκεῖα
642 2559 827 2594 λογισάμενος,
846 2561 940 2596 κρίνας
963 2562 990 2588 δὲ

203 2601 294 2637 πάσης
312 2601 407 2634 θυσίας
435 2604 655 2639 προσηνεστάτην
678 2606 724 2631 καὶ
748 2605 838 2640 ἡδεῖαν
861 2604 930 2634 εἶναι
952 2608 990 2643 τῷ

202 2646 263 2682 Θεῷ
278 2647 327 2683 τὴν
350 2648 405 2674 τῶν
425 2649 532 2675 οἰκείων
555 2650 668 2677 ἐντολῶν
691 2652 868 2687 κατόρθωσιν,
893 2653 926 2680 δι’
953 2651 990 2680 ὧν

201 2692 278 2728 αὐτῷ
291 2693 398 2728 σώματι
416 2695 463 2720 καὶ
479 2694 552 2729 ψυχῇ
562 2695 789 2731 κεκαθαρμένους,
806 2697 843 2732 νῷ
863 2706 892 2723 τε
916 2697 990 2724 διαυ-

179 2773 187 2775 _
200 2738 246 2771 γιτ
255 2737 302 2764 καὶ
317 2737 447 2773 δόγμασιν
461 2739 598 2766 εὐσεϐέσιν
614 2742 843 2776 κεκοσμημένους,
857 2742 904 2777 τὴν
922 2744 990 2778 πρὸς

200 2784 246 2810 τὸν
261 2784 328 2811 Θεὸν
348 2785 506 2819 ἐξομοίωσιν
522 2786 717 2821 ἀπομιμεῖσθαι
731 2788 863 2820 ἐδίδασκε,
876 2789 988 2825 διαρρή-

200 2829 249 2865 δην
263 2830 385 2864 φάσκων·
407 2840 417 2856 ι
442 2831 554 2858 Ἐσεσοε
578 2832 683 2863 τέλειοι,
701 2833 738 2864 ὡς
758 2834 772 2859 ὁ
796 2834 888 2870 Πατὴρ
912 2835 988 2870 ὑμῶν

201 2874 302 2908 “huic
315 2877 397 2904 ἐστιν.
418 2886 427 2902 ι
444 2877 475 2903 Εἰ
491 2876 522 2912 δὴ
542 2877 628 2904 ταῦτά
650 2886 691 2910 τις
717 2878 849 2914 Ἐλλήνων
867 2880 987 2916 αἰτιῷτο,

201 2921 268 2948 “tu
282 2921 321 2958 μὴ
335 2921 399 2957 φίλα
410 2923 466 2954 τοῖς
479 2923 588 2955 οἰκείοις
602 2923 771 2956 διδασκάλοις
787 2925 901 2960 φρονῶν,
919 2926 986 2960 οἵγε,

1043 2330 1216 2364 antiquorum
1244 2330 1454 2364 prophetarum,
1478 2331 1671 2365 jiistoriiinque
1702 2330 1823 2356 virorum

1043 2376 1199 2410 religionem
1212 2377 1349 2411 amplecti,
1362 2377 1418 2404 sola
1436 2377 1509 2403 illitis
1523 2377 1622 2403 virtute
1640 2376 1728 2403 edocti
1743 2375 1826 2402 sunt?

1044 2422 1095 2449 Sed
1115 2423 1170 2456 jain
1198 2423 1307 2449 tertium
1333 2423 1398 2449 illud
1417 2423 1643 2456 contemplemur,
1670 2430 1734 2448 iitiiii
1762 2429 1824 2448 vere

1042 2468 1117 2494 illiiiu
1143 2468 1313 2495 seductorem
1340 2469 1484 2503 appellent,
1506 2467 1578 2502 quod
1602 2475 1657 2494 iion
1681 2467 1824 2494 sacriﬁciis

1041 2514 1134 2545 boiiin,
1155 2521 1242 2548 neque
1261 2515 1402 2541 brutorum
1425 2515 1582 2541 animalium
1602 2513 1822 2542 inactationibiis.

1041 2567 1129 2593 neque
1143 2561 1287 2587 cruoribus
1313 2565 1394 2595 atque
1412 2561 1482 2594 igne,
1502 2568 1588 2595 neque
1608 2560 1641 2586 iis
1660 2560 1743 2586 rebus
1764 2567 1824 2593 qua:

1041 2605 1073 2632 de
1086 2609 1157 2632 terra
1174 2612 1325 2633 nascuntur
1344 2607 1473 2637 incensis,
1490 2607 1660 2633 divinitatem
1676 2606 1766 2632 colere
1782 2605 1824 2631 in-

1041 2652 1151 2679 stituit:
1171 2661 1267 2688 nempe
1284 2654 1397 2680 humilia
1423 2653 1480 2680 haec
1502 2657 1662 2683 etterrena.
1688 2652 1826 2678 immorta-

1040 2699 1114 2732 lique
1130 2703 1234 2725 natura:
1257 2699 1332 2725 nullo
1350 2699 1430 2726 modo
1446 2698 1635 2725 convenientia
1650 2697 1822 2728 existimans,

1037 2744 1220 2779 judicansque
1241 2745 1316 2771 omni
1339 2744 1475 2772 sacriﬁcio
1502 2745 1605 2780 gratius
1618 2743 1822 2778 jiicundiusqiie

1040 2789 1095 2817 Deo
1112 2798 1211 2818 munus
1227 2791 1329 2822 offerri,
1352 2799 1413 2817 cuni
1430 2791 1492 2825 quis
1512 2792 1584 2818 illius
1601 2796 1733 2825 praecr'pta
1745 2791 1823 2825 plene

1039 2835 1235 2867 observaverit,
1249 2843 1296 2870 per
1308 2843 1368 2870 qua:
1385 2835 1444 2870 ipso
1459 2843 1584 2869 corpore,
1603 2836 1746 2869 animaque
1760 2842 1823 2869 pur—

1039 2883 1128 2914 gates,
1144 2884 1289 2916 menteque
1303 2881 1388 2908 nitida
1408 2889 1440 2908 ac
1454 2881 1571 2909 decretis
1586 2881 1721 2916 religiosis
1734 2880 1824 2907 inibu-

1039 2930 1092 2962 tos,
1110 2927 1173 2954 dum
1188 2934 1219 2954 ea
1236 2927 1336 2954 iniitaii
1358 2927 1446 2958 docet.
1465 2934 1523 2961 quae
1546 2927 1649 2955 similes
1666 2926 1719 2954 Deo
1734 2926 1819 2953 homi-
