2071 3219
244 191 293 218 191

575 191 709 219 EUSEBII
729 191 968 219 CJESARIENSIS
984 191 1059 220 OPP.
1079 192 1167 220 PARS
1183 193 1216 220 ll.
1236 208 1271 213 —
1290 193 1538 221 APOLOGETIGA.

1812 185 1864 214 192

243 258 293 278 nes
306 249 434 283 eﬂiciant,
451 257 517 277 suos
528 250 616 284 palam
633 250 761 282 instituit,
780 250 874 278 dicens
888 259 894 277 :
911 259 920 276 ‹
935 250 1028 278 Estote

1084 251 1116 283 ii;
1132 251 1214 283 εἰκὸς,
1230 253 1258 285 ἐξ
1277 252 1355 288 ἡμῶν
1376 252 1545 287 ἀφελόμενοι,
1564 249 1624 276 ἐπεὶ
1645 251 1691 274 καὶ
1711 247 1770 283 μεθ’
1789 249 1864 282 ἡμᾶς

243 295 369 332 perfecti,
383 295 454 322 sicut
469 294 551 322 Pater
564 300 653 323 vester
663 295 800 330 perfectus
820 299 863 323 est
873 296 905 323 ".
921 305 931 321 ι
947 295 1024 328 Quod

243 343 267 369 si
292 341 354 376 quis
377 340 533 368 Graecorum
561 341 618 368 haec
643 341 834 376 reprehendat.
858 342 881 368 is
907 340 975 369 sciat
997 349 1026 369 se

243 387 325 413 etiam
343 386 555 421 praeceptoribus
573 387 631 413 suis
642 386 778 413 contraria
792 387 902 417 sentire,
921 387 967 421 qui
987 387 1027 412 vi-

1078 298 1203 332 γεγὸνασι
1216 299 1272 330 τοῖς
1286 298 1400 333 χρόνοις,
1417 298 1489 332 λέγω
1512 297 1540 323 δὲ
1560 295 1627 331 μετὰ
1642 294 1690 329 τὴν
1715 293 1864 329 προϐεϐλη-

1082 345 1164 379 μένην
1179 345 1244 379 ἡμτν
1258 345 1310 371 ὑπὸ
1323 344 1369 371 τοῦ
1383 344 1507 379 Σωτῆρος
1516 343 1600 379 ’ἡμῶν
1618 340 1799 372 διδασκαλίαν,
1820 338 1864 367 οἷα

1079 389 1111 425 δὴ
1127 390 1271 425 ἐγγράφως
1283 390 1447 426 ὡμολόγουν.

244 433 353 462 delicet,
374 436 402 459 ut
426 440 475 467 par
495 437 546 463 est,
577 432 660 459 multa
687 440 702 459 a
725 432 803 460 nobis
830 433 909 460 utilia
929 433 1030 466 edocti,
1045 435 1146 471 quippe
1169 438 1216 472 qui
1238 438 1318 465 nobis
1348 438 1429 465 etiam
1447 441 1567 470 tempore
1600 435 1700 463 fuerint
1730 435 1865 470 posterio-

243 487 299 511 res.
317 479 379 506 dico
397 484 486 505 autem
499 486 530 506 ea
543 478 669 506 doctrina
680 486 741 513 quae
757 479 835 507 nobis
850 487 865 506 a
886 478 1027 507 Salvatore
1044 486 1140 509 nostro
1150 485 1277 518 exposita
1290 488 1342 516 est,
1356 484 1419 511 audi
1429 484 1484 518 jam
1501 490 1573 510 nunc
1593 483 1683 518 qualia
1715 482 1780 514 sint,
1804 488 1866 517 qua:

245 527 349 561 scripto
365 526 510 553 fateantur.

247 583 325 619 105
334 583 415 619 Quod
421 582 486 619 nihil
496 590 585 619 eorum
593 590 651 616 qua:
659 581 690 608 de
699 586 769 608 terra
777 582 916 619 prodeunt,
927 588 1028 616 oportet

280 616 382 654 iit-nmio
399 618 455 654 Deo
468 616 603 654 incendere
617 622 663 654 aut
681 618 844 654 sacri/icore.
859 618 899 644 Ex
913 618 1029 654 Porphy-

280 655 320 680 rio
333 653 370 679 De
387 652 547 679 abstinentia
561 652 593 677 ab
607 652 744 679 animatis.

281 716 292 732 ι
311 707 366 734 Deo
389 714 506 738 summo,
532 707 602 733 sicut
620 706 731 740 quidam
750 707 793 734 vir
814 707 924 742 sapiens
948 708 1028 741 dixit,

244 752 312 780 nihil
331 760 424 780 eorum
441 760 502 787 quae
522 752 556 778 ad
575 760 673 781 sensus
695 754 832 788 pertinent
853 755 911 781 sive
932 753 1028 780 incen-

244 799 349 829 dentes,
371 799 429 826 sive
446 797 654 825 denominantes
676 799 756 834 (nihil
772 799 844 826 enim
864 803 907 826 est
922 807 1028 831 eorum,

243 852 305 879 quae
319 844 432 871 materia
448 849 587 876 constant,
601 844 672 879 quod
686 852 739 871 non
753 845 878 879 protinus
894 845 918 872 ei
932 845 968 872 sit
983 845 1031 871 im-

245 890 389 922 mundum,
408 890 454 924 qui
471 898 568 924 expers
585 895 627 917 est
644 891 733 916 omnis
746 891 874 918 materiae.
891 890 981 924 Quare
996 898 1030 918 ne

1083 573 1142 599 Ὅτι
1158 573 1248 600 οὐδὲν
1263 573 1321 600 τῶν
1333 574 1391 601 ἀπὸ
1406 573 1462 608 γῆς
1476 573 1532 608 χρὴ
1549 572 1588 606 τῷ
1605 573 1653 600 ἐπὶ
1671 572 1791 600 πάντων
1805 574 1866 607 Θεῷ

1119 609 1188 635 οὔτε
1210 608 1318 642 θυμιᾷν
1333 610 1400 635 οὔτε
1424 610 1515 635 θύειν.
1537 608 1607 635 Ἀπὸ
1620 608 1678 635 τῶν
1696 610 1865 643 Πορφυρίου

1118 643 1188 677 Περὶ
1203 644 1347 678 ἐμψύχων
1360 644 1479 678 ἀποχῆς
1494 644 1543 678 (ί)-

1120 709 1129 725 ι
1145 699 1203 735 Θεῷ
1225 701 1273 735 μὲν
1291 699 1329 735 τῷ
1350 700 1395 726 ἐπὶ
1417 701 1508 732 πᾶσιν,
1529 700 1566 731 ὣς
1585 708 1627 731 τις
1642 697 1711 735 ἀνὴρ
1732 701 1811 735 σοφὸς
1827 700 1864 734 (2)

1083 747 1151 782 ἔφη,
1170 747 1251 782 μηδὲν
1265 747 1318 774 τῶν
1335 746 1470 782 αἰσθητῶν
1488 747 1555 782 μήτε
1572 745 1680 777 θύοντες
1695 746 1756 781 μήτ’
1773 747 1867 773 ὲπονο-

1085 793 1223 828 μάζοντες,
1243 793 1328 828 (οὐδὲν
1347 792 1400 828 γὰρ
1417 792 1520 824 ἕνυλον,
1541 792 1555 819 ὃ
1580 793 1616 828 μὴ
1637 792 1675 827 τῷ
1695 793 1768 828 ἀΰλῳ
1787 792 1867 824 εὐθύς

1083 841 1155 866 ἐστιν
1178 839 1340 874 ἀκάθαρτον.
1359 839 1404 864 Διὺ
1425 838 1485 864 οὐδὲ
1507 838 1583 872 λόγος
1605 838 1679 873 αὐτῷ
1697 838 1752 865 οὗθ’
1767 839 1781 865 ὁ
1797 839 1868 865 κατὰ

1083 885 1173 920 φωνὴν
1189 886 1295 916 οἰκεῖος,
1323 883 1378 910 οὗθ’
1397 886 1411 911 ὁ
1430 884 1513 915 ἔνδον,
1532 883 1569 910 ὅτ’
1585 883 1617 910 ἂν
1641 884 1720 911 πάθει
1746 883 1865 920 ψυχῆς-ᾗ

245 936 358 962 verbum
374 935 483 969 quidem
501 936 596 968 ullum,
615 937 673 964 sive
689 937 714 964 id
730 937 816 970 dicas,
832 937 905 972 quod
923 937 950 964 in
964 944 1030 963 voce

1084 931 1310 969 μεμολυσμένος·)
1326 930 1369 957 διὸ.
1387 930 1415 956 δὲ
1433 930 1511 965 σιγῆς
1526 930 1650 972 καθαρᾶς
1663 930 1710 957 καὶ
1727 930 1781 957 τῶν
1804 931 1867 967 περὶ

246 980 384 1012 consistit,
406 981 464 1008 sive
488 980 514 1008 id
537 981 610 1016 quod
632 982 798 1010 intrinsecus
820 983 924 1017 concipi
950 983 1029 1015 solet,

245 1032 307 1052 cum
325 1026 409 1052 animi
424 1026 515 1061 aliquo
529 1027 596 1054 vitio
615 1032 657 1055 est
674 1027 900 1059 contaminatum,
914 1028 953 1054 illi
964 1035 1031 1054 con-

246 1071 358 1106 veniat),
378 1072 424 1099 sed
440 1073 548 1099 silentio
564 1081 642 1108 puro,
659 1075 790 1108 purisque
805 1074 837 1100 de
854 1074 913 1108 ipso
926 1074 1030 1108 cogita-

245 1117 365 1145 tionibus
374 1118 448 1145 illum
458 1120 590 1147 colamus.
600 1120 712 1154 Oportet
723 1120 805 1154 igitur
817 1120 854 1146 illi
869 1120 928 1154 conj
934 1123 1030 1147 unctos

243 1162 404 1198 similesque
420 1163 516 1195 factos,
533 1163 603 1191 hanc
617 1164 679 1191 vita:
703 1169 804 1192 nostrae
827 1158 959 1192 rationem
975 1164 1030 1192 Deo

243 1207 340 1235 alierre
354 1217 402 1243 pro
419 1209 563 1245 sacriﬁcio.
583 1210 683 1237 Eadem
699 1217 764 1237 vero
778 1214 805 1237 et
822 1210 895 1237 illius
909 1210 1030 1237 laudatio

1084 978 1165 1005 αὑτοῦ
1176 977 1302 1013 καθαρῶν
1313 975 1420 1002 ἐννοιῶν
1431 969 1634 1012 θρησκεύσομεν
1645 977 1735 1003 αὐτόν.
1746 977 1791 1002 Δεῖ
1803 977 1866 1011 ἄρα,

1085 1024 1267 1058 συναφθέντας
1280 1023 1326 1049 καὶ
1340 1022 1520 1058 ὁμοιωθέντας
1535 1022 1618 1057 αὐτῷ,
1633 1023 1681 1057 τὴν
1695 1022 1781 1049 αὐτῶν
1795 1023 1868 1056 ἀγω-

1084 1072 1136 1106 γὴν
1149 1070 1243 1096 Θυσίαν
1258 1069 1333 1104 ἱερὰν
1347 1070 1531 1103 προσαγαγεῖν
1546 1068 1614 1103 Θεῷ·
1626 1068 1673 1104 τὴν
1687 1068 1771 1103 αὐτὴν
1781 1068 1808 1094 δὲ
1820 1068 1868 1094 καὶ

1084 1117 1166 1152 ὕμνον
1183 1114 1265 1142 οὖσαν
1294 1116 1340 1142 καὶ
1356 1115 1434 1150 ἡμῶν
1453 1115 1586 1150 σωτηρίαν
1602 1115 1631 1141 ὲν
1656 1114 1774 1150 ἀπαθείᾳ
1802 1115 1868 1150 ἀρε-

1083 1163 1134 1196 τῆς
1152 1161 1251 1197 ψυχῆς.
1266 1161 1318 1188 Τοῦ
1334 1162 1361 1187 δὲ
1379 1161 1447 1188 Θεοῦ
1463 1161 1563 1196 θεωρίᾳ
1579 1161 1595 1196 ἡ
1610 1160 1689 1187 θυσία
1704 1160 1772 1196 αὕτη
1787 1160 1869 1187 τελετ-

1082 1218 1137 1236 ται.
1168 1218 1177 1234 ι

243 1253 305 1284 erit,
321 1256 348 1279 et
363 1256 457 1280 nostra
469 1254 662 1281 conservatio:
685 1255 814 1282 ali‘eretur
842 1255 915 1282 enim
945 1262 1008 1282 cum
1042 1255 1189 1282 stabilitate
1207 1258 1234 1282 et
1250 1254 1342 1289 quiete
1364 1253 1474 1281 virtutis
1498 1253 1592 1281 animi.
1622 1253 1708 1288 Ipsius
1733 1260 1798 1280 vero
1821 1252 1868 1280 Dei

245 1299 474 1332 contemplatione
488 1300 539 1326 hoc
555 1299 720 1327 sacriﬁcium
739 1300 889 1335 perﬁcitur.
909 1310 919 1326 ι

263 1355 332 1383 Item
344 1355 376 1383 de
391 1357 481 1383 eodem
497 1365 530 1384 ex
544 1357 678 1392 Apollonii
696 1358 842 1393 Tyanensis
861 1358 1011 1393 Theologia.

284 1439 295 1473 ί
313 1448 349 1474 Ex
361 1455 416 1483 quo
431 1448 513 1483 igitur
529 1448 645 1475 maxime
659 1448 721 1484 quis
736 1452 840 1476 natura:
855 1449 955 1476 divina:
967 1456 1032 1476 con-

245 1492 398 1520 venientem
425 1501 519 1520 curam
547 1492 690 1526 adhibeat,
717 1501 750 1521 ex
768 1502 801 1521 eo
819 1495 936 1522 maxime
958 1495 1031 1521 illam

246 1538 391 1572 propitiam
408 1538 607 1573 benignamque
624 1540 755 1567 obtineat.
774 1540 830 1567 Hoc
850 1540 960 1575 quidem
983 1548 1030 1575 pe-

1084 1359 1145 1384 Ἕτι
1162 1357 1228 1391 περὶ
1243 1356 1346 1387 αὑτοῦ,
1367 1355 1402 1382 ἐκ
1421 1356 1475 1389 τῆς
1498 1356 1696 1382 Ἀπολλωνίου
1717 1355 1770 1382 τοῦ
1796 1358 1869 1383 Tua-

1345 1391 1419 1424 νέως
1435 1392 1604 1426 (θεολογίας.

1120 1457 1129 1473 ι
1151 1447 1228 1474 Οὕτω
1259 1447 1349 1474 τοίνυν
1368 1447 1484 1483 μάλιστα
1499 1447 1531 1474 ἄν
1547 1456 1589 1479 τις
1608 1447 1656 1483 τὴν
1680 1448 1870 1484 προσήκουσαν

1083 1493 1242 1529 ἐπιμέλειαν
1259 1495 1361 1520 ποιοῖτο
1385 1492 1431 1519 τοῦ
1450 1493 1543 1524 Θείου,
1564 1494 1691 1528 τυγχάνοι
1711 1503 1739 1519 τε
1758 1494 1870 1521 αὐτόθεν

1086 1539 1148 1566 ἵλεώ
1164 1548 1193 1566 τε
1212 1539 1259 1566 καὶ
1275 1538 1405 1573 εὐμενοῦς
1419 1539 1501 1565 αὑτοῦ
1518 1539 1583 1574 παρ’
1600 1539 1737 1566 ὁντιναοῦν
1754 1540 1806 1566 τῶν
1824 1540 1873 1566 ἁν-

247 1591 297 1611 nes
314 1584 437 1618 quemvis
458 1584 598 1611 hominum
620 1585 714 1620 viget:
732 1586 813 1620 idque
835 1586 924 1621 ipsum
945 1594 1031 1614 unus-

1086 1585 1211 1621 θρώπων,
1228 1586 1253 1611 εἰ
1267 1585 1326 1620 Θεῴ
1345 1585 1404 1620 μὲν,
1416 1584 1444 1610 ὃν
1457 1584 1488 1620 δὴ
1499 1585 1588 1620 φαμὲν
1598 1585 1701 1616 τοῦτον,
1719 1586 1758 1612 ἐνί
1770 1594 1798 1612 τε
1812 1585 1870 1612 ὁντι

245 1629 362 1663 quisque
373 1629 529 1663 complebit,
546 1629 568 1656 si
581 1638 674 1657 eorum
685 1638 746 1665 qua:
757 1631 807 1658 sub
820 1631 907 1658 visum
920 1632 1032 1663 cadunt,

247 1674 338 1708 qualia
355 1679 419 1701 sunt
432 1675 500 1706 hzcc,
514 1683 575 1710 qua:
585 1676 670 1710 digito
681 1677 911 1709 demonstramus,
924 1678 961 1704 illi
973 1686 1034 1713 qua:

247 1727 300 1746 una
315 1723 366 1749 est,
385 1724 411 1746 et
428 1721 462 1747 ab
477 1722 605 1748 omnibus
621 1723 703 1749 rebus
720 1727 856 1758 separata,
882 1724 1031 1751 secundum

247 1774 328 1800 quam
351 1767 454 1801 reliqua
477 1767 567 1793 omnia
583 1775 749 1802 cagnosucre
766 1777 879 1796 necesse
895 1773 948 1802 est,
966 1770 1032 1797 nihil

247 1812 358 1839 omnino
386 1813 531 1843 sacriﬁcet,
559 1821 647 1847 neque
672 1815 760 1849 ignem
787 1815 924 1848 incendat,
947 1823 1033 1851 neque

247 1865 360 1891 prorsus
376 1858 524 1892 quidquam
544 1859 588 1885 illa
604 1860 733 1893 postulet,
753 1869 787 1888 ne
803 1869 818 1887 a
834 1862 1033 1896 praestantiori-

246 1902 298 1928 bus
322 1901 431 1936 quidem
455 1910 536 1937 quam
564 1911 615 1930 nos
640 1912 734 1932 sanius
752 1915 759 1932 :
780 1913 867 1940 neque
888 1906 971 1933 ullum
991 1910 1034 1933 cst

246 1947 346 1983 planta:
368 1955 455 1981 genus
476 1948 548 1982 quod
570 1949 604 1975 ab
628 1948 706 1976 initio
729 1953 802 1977 terra
826 1951 922 1985 pariat,
946 1959 1033 1986 neque

247 1993 374 2020 animalis
386 1993 458 2028 quod
474 1994 568 2020 eadem
584 1995 699 2026 nutriat,
717 1996 760 2022 cui
776 1998 900 2030 protinus
917 1997 1033 2023 immun-

247 2037 328 2063 dities
342 2045 396 2064 non
413 2037 494 2068 adsit,
514 2038 562 2065 sed
580 2043 672 2065 utatur
683 2047 745 2074 erga
761 2040 833 2067 illam
851 2041 910 2068 solo
927 2042 1032 2069 meliori

246 2082 341 2114 verbo,
357 2082 418 2109 dico
433 2087 524 2110 autem
542 2092 595 2110 non
613 2092 645 2111 eo
668 2085 739 2119 quod
757 2093 804 2112 ore
825 2087 967 2120 emittitur,
986 2089 1033 2115 sed

247 2127 319 2162 quod
338 2127 373 2154 ab
388 2128 492 2162 optimo
508 2136 602 2156 eorum
619 2138 678 2165 qua:
698 2137 761 2158 sunt
777 2132 969 2166 proﬁciscitur,
985 2141 1034 2168 per

247 2173 379 2207 optimum
396 2181 490 2200 eorum
506 2183 566 2208 qua:
581 2175 607 2201 in
622 2176 701 2203 nobis
716 2181 779 2203 sunt
793 2177 937 2206 bonorum.
958 2178 1033 2206 Meus

247 2223 338 2246 autem
358 2219 414 2247 [nec
428 2225 480 2250 est.
499 2229 559 2255 qua:
574 2221 754 2250 instrumento
775 2232 828 2250 non
844 2224 955 2259 indiget.
975 2235 984 2250 ι
1004 2225 1032 2252 Si

248 2265 331 2301 igitur
347 2265 503 2293 Graecorum
518 2275 626 2302 quoque
648 2268 779 2301 illustres,
799 2274 853 2296 tam
878 2270 1032 2305 philosophi
1051 2262 1071 2288 D

245 2319 328 2347 quam
345 2312 474 2348 theologi,
489 2313 546 2341 haec
561 2314 736 2347 conﬁtentur,
752 2323 870 2350 quonam
889 2317 970 2343 modo
988 2326 1030 2345 se-

246 2358 344 2385 ductor
366 2359 419 2386 erit
448 2359 471 2386 is
500 2359 546 2394 qui
580 2368 633 2387 non
650 2361 738 2387 solum
770 2362 863 2393 verba,
893 2361 940 2389 sed
958 2363 1028 2390 facta

246 2405 332 2431 multo
364 2404 441 2440 prius
471 2413 552 2440 quam
587 2407 669 2433 verba
700 2406 757 2434 suis
782 2407 936 2441 discipulis,
969 2408 1032 2442 qui-

246 2449 296 2477 bus
319 2450 495 2486 iungerentur
524 2451 681 2478 tradiderit!
714 2456 741 2478 et
759 2453 869 2486 quibus.
901 2457 931 2480 ut
960 2458 1033 2481 recta

246 2496 315 2522 ratio
336 2496 424 2530 jubet,
442 2497 526 2524 Deum
550 2498 638 2532 ipsum
662 2502 755 2524 essent
773 2498 949 2524 veneraturi?
974 2498 1033 2530 Quo

247 2545 336 2567 autem
354 2542 445 2574 modo,
461 2547 489 2570 et
503 2543 604 2578 quibus
620 2544 771 2570 rationibus
789 2544 830 2571 usi
847 2544 873 2570 in
891 2544 1033 2571 sacriﬁciis

245 2585 371 2612 dicantur
384 2588 468 2621 prisci
483 2588 599 2621 Hebrmi,
615 2589 641 2616 in
656 2589 744 2624 primo
763 2589 844 2624 hujus
859 2589 950 2623 operis
966 2589 1034 2616 libro

246 2628 427 2658 disseruimus
441 2642 448 2659 :
466 2637 547 2668 atque
558 2634 591 2661 iis
605 2642 666 2669 qua:
681 2635 736 2662 illic
751 2635 824 2662 dictu
837 2639 900 2662 sunt
912 2635 1033 2663 contenti

247 2683 309 2703 esse
329 2676 407 2712 106
428 2677 570 2708 debemus.
589 2679 690 2707 Verum
713 2681 842 2716 quoniam
869 2685 967 2716 printer
988 2681 1034 2708 illa

247 2729 308 2754 quae
318 2721 375 2755 jam
387 2723 526 2757 disputata
541 2730 615 2758 sunt,
633 2727 760 2755 novimus
776 2727 815 2762 (id
831 2727 902 2762 quod
921 2735 936 2754 a
950 2727 1033 2755 Chri-

248 2771 290 2794 sto
310 2767 467 2804 didicimus)
497 2770 597 2799 factum
621 2781 682 2801 csse
707 2773 849 2807 mundum,
879 2774 1033 2810 coelumque

285 2837 306 2852 “
333 2836 427 2864 Matth.
454 2839 539 2870 v,-58.

285 2892 322 2926 (l)
342 2891 401 2920 Lib.
425 2901 453 2919 Il.

1085 1632 1131 1657 ml.
1146 1631 1339 1665 κεχωρισμένῳ
1355 1631 1472 1662 πάντων,
1495 1630 1554 1665 μεθ’
1568 1630 1597 1657 ὃν
1614 1630 1792 1666 γνωρίζεσθαι
1807 1632 1870 1664 τοὺς

1084 1675 1191 1707 λοιποὺς
1210 1675 1366 1709 ἀναγκαῖον,
1387 1676 1423 1711 μὴ
1439 1675 1496 1701 θύοι
1507 1684 1533 1701 τι
1545 1675 1593 1711 τὴν
1611 1676 1708 1712 ἀρχὴν,
1725 1677 1795 1714 μήτε
1805 1678 1871 1704 ἀνά-

1084 1730 1143 1748 πτοι
1156 1721 1222 1757 πῦρ,
1237 1722 1305 1757 μήτε
1318 1731 1344 1747 τι
1355 1721 1468 1748 καθόλου
1479 1722 1533 1748 τῶν
1547 1722 1682 1758 αἰσθητῶν
1696 1723 1868 1759 ὲπονομάζοι.

1084 1768 1174 1793 Δεῖται
1191 1766 1244 1802 γὰρ
1258 1766 1364 1797 οὐδενὸς
1377 1766 1436 1792 οὐδὲ
1451 1766 1525 1802 παρὰ
1539 1767 1592 1792 τῶν
1607 1767 1780 1802 κρειττόνων,
1791 1767 1871 1802 οἷπερ

1084 1814 1164 1847 ἡμεῖς
1182 1813 1274 1848 ἐσμεν·
1289 1812 1343 1838 οὐδ’
1356 1812 1427 1838 ἔστιν
1444 1811 1458 1838 ὃ
1474 1812 1523 1847 τὴν
1535 1811 1621 1847 ἀρχὴν
1637 1812 1672 1847 γῆ
1686 1812 1776 1848 ἀνίησι
1788 1813 1871 1846 φυτὸν

1084 1858 1210 1894 ἣτρέερει
1227 1857 1295 1890 ζῶον
1319 1858 1335 1893 ἢ
1359 1858 1423 1894 ἀὴρ,
1455 1855 1477 1891 ᾧ
1498 1857 1528 1884 οὐ
1554 1858 1684 1894 πρόσεστί
1700 1866 1731 1892 γε
1752 1858 1869 1893 μίασμα*

1085 1904 1159 1939 μόνῳ
1174 1903 1201 1930 δὲ
1219 1903 1308 1939 χρῷτο
1324 1903 1392 1939 πρὸς
1409 1903 1488 1930 αὑτὸν
1511 1904 1555 1930 ἀεὶ
1579 1903 1617 1938 τῷ
1637 1903 1770 1939 κρείττονι
1787 1903 1870 1939 λόγῳ,

1083 1950 1154 1984 λέγω
1168 1949 1196 1975 δὲ
1210 1949 1247 1984 τῷ
1259 1949 1296 1985 μὴ
1313 1949 1357 1975 διὰ
1372 1949 1504 1984 στόματος
1519 1950 1595 1982 ἱέντι,
1614 1949 1688 1985 παρὰ
1703 1949 1730 1976 δὲ
1745 1949 1792 1976 τοῦ
1808 1950 1870 1976 καλ-

1083 1994 1173 2021 λίστου
1187 1994 1239 2020 τῶν
1249 1995 1332 2020 ὄντων
1349 1993 1393 2020 διὰ
1402 1993 1449 2020 τοῦ
1461 1994 1604 2021 καλλίστου
1617 1994 1664 2020 τοῦ
1679 1995 1708 2020 ὲν
1720 1995 1786 2029 ἡμῖν
1801 1993 1871 2021 δόντι

1083 2041 1117 2067 τὰ
1130 2041 1231 2076 ἀγαθά.
1245 2041 1316 2072 Νοῦς
1327 2041 1355 2067 δέ
1374 2041 1446 2066 ἐστιν
1460 2038 1536 2072 οὗτος
1552 2041 1666 2076 ὀργάνου
1688 2041 1724 2075 μὴ
1735 2040 1868 2076 δεόμενος.

1084 2087 1114 2113 Εἰ
1133 2087 1164 2122 ’δὴ
1178 2084 1223 2113 οὖν
1237 2085 1322 2112 ταῦτα
1338 2085 1384 2111 καὶ
1399 2085 1467 2120 πρὸς
1481 2085 1534 2111 τῶν
1552 2085 1615 2119 παρ’
1634 2084 1743 2119 Ἕλλησι
1759 2084 1870 2120 διαπρε-

1083 2131 1142 2157 πῶν
1165 2131 1316 2165 φιλοσόφων
1337 2138 1366 2155 τε
1393 2129 1440 2155 καὶ
1463 2129 1594 2163 θεολόγων
1613 2129 1791 2164 ὁμολογεῖται,
1811 2128 1870 2160 πῶς

1084 2177 1117 2204 ἂν
1132 2177 1173 2211 εἴη
1191 2175 1289 2207 πλάνος
1307 2177 1320 2202 ό
1342 2175 1379 2210 μὴ
1394 2175 1473 2210 μόνον
1490 2175 1594 2209 λόγους,
1615 2175 1672 2200 ἀλλ’
1683 2174 1750 2210 ἔργα
1762 2174 1816 2200 τῶν
1828 2174 1873 2200 λό-

1083 2231 1138 2256 γων
1150 2222 1217 2248 πολὺ
1230 2222 1359 2257 πρότερον
1371 2223 1425 2252 τοῖς
1438 2222 1578 2256 φοιτηταῖς
1590 2220 1709 2246 ἐκτελεῖν
1723 2220 1870 2255 παραδοὺς,

1086 2259 1118 2295 (Ξιέ
1133 2267 1169 2296 ὦν
1193 2268 1262 2295 κατὰ
1282 2269 1327 2294 τὸν
1347 2267 1425 2303 όρθδν
1441 2267 1518 2301 λόγον
1539 2267 1648 2302 ἔμελλον
1666 2266 1825 2302 θεραπεύειν
1839 2266 1871 2293 τὸ

1084 2315 1176 2347 Θεῖον;
1192 2315 1285 2345 “Ome;
1300 2314 1338 2345 δὲ,
1353 2314 1399 2340 καὶ
1412 2313 1465 2339 τίσι
1481 2312 1569 2346 λόγοις
1584 2313 1608 2338 οἱ
1622 2312 1730 2339 παλαιοὶ
1751 2312 1870 2347 Ἑϐραῖοι

1085 2359 1158 2386 θύειν
1176 2358 1398 2395 μνημονεύονται,
1414 2357 1579 2392 διειληφότες
1595 2359 1623 2384 ἐν
1640 2357 1677 2392 τῷ
1691 2356 1790 2393 πρώτῳ
1804 2366 1871 2391 συγ-

1085 2406 1228 2440 γράμματι
1248 2405 1297 2440 τῆς
1318 2404 1458 2439 παρούσης
1476 2402 1638 2434 ὑποθέσεως,
1657 2403 1771 2434 ἐκείνοις
1787 2403 1870 2438 ἀρκε-

1085 2451 1248 2486 σθησόμεθα.
1269 2450 1344 2476 Ἐπεὶ
1357 2450 1383 2476 δὲ
1398 2449 1464 2486 πρὸς
1475 2450 1531 2480 τοῖς
1544 2449 1735 2484 ἐξητασμένοις
1748 2448 1870 2483 ἔγνωμεν

1086 2497 1160 2532 παρὰ
1175 2497 1223 2523 τοῦ
1244 2497 1362 2533 Χριστοῦ
1384 2496 1524 2532 μαθόντες,
1541 2496 1582 2522 ὃτι
1597 2495 1709 2530 γενητὸς
1725 2496 1738 2521 ὁ
1757 2495 1868 2530 κόσμος,

1086 2543 1132 2568 καὶ
1152 2543 1192 2568 ὅτι
1214 2543 1328 2578 οὐρανὸς
1352 2542 1432 2573 αὐτὸς
1453 2542 1501 2568 καὶ
1522 2541 1607 2576 ἥλιος,
1627 2541 1674 2567 καὶ
1697 2541 1804 2576 σελήνη,
1823 2543 1871 2568 καὶ

1085 2588 1180 2624 ἄστρα,
1204 2588 1272 2624 ἔργα
1289 2587 1355 2614 θεοῦ
1374 2587 1512 2622 τυγχάνει,
1535 2588 1582 2614 καὶ
1597 2588 1637 2613 ὅτι
1653 2588 1705 2623 χρὴ
1723 2587 1760 2623 μὴ
1773 2587 1868 2619 ταῦτα,

1086 2634 1153 2661 ἀλλὰ
1163 2635 1208 2661 τὸν
1218 2634 1331 2669 ποιητὴν
1343 2633 1431 2660 αὐτῶν
1446 2634 1543 2663 σέϐειν,
1559 2633 1706 2668 σκέψασθαι
1717 2633 1756 2659 δεῖ
1768 2632 1804 2668 μὴ
1815 2633 1868 2668 ἄρα

1085 2680 1263 2715 ἠπατήμεθα,
1288 2679 1379 2705 τοῦτον
1395 2679 1459 2715 παρ’
1477 2679 1559 2706 αὑτοῦ
1577 2679 1745 2713 διδαχθέντες
1761 2679 1870 2714 φρονεῖν

1084 2724 1130 2752 τὸν
1140 2726 1249 2761 τρόπον.
1262 2725 1317 2751 Καὶ
1333 2725 1386 2760 μὴν
1406 2724 1537 2760 Ἐϐραίων
1552 2725 1598 2751 καὶ
1613 2723 1690 2755 οὗτος
1704 2722 1737 2758 ἦν
1753 2724 1767 2750 ὁ
1779 2724 1868 2758 λόγος·

1086 2773 1131 2798 καὶ
1155 2771 1305 2806 φιλοσόφων
1327 2771 1355 2797 δὲ
1375 2772 1399 2797 οἱ
1425 2771 1541 2806 μάλιστα
1555 2771 1693 2804 διαφανεῖς
1709 2771 1764 2802 τοῖς
1779 2770 1870 2802 αὐτοῖς

1121 2891 1160 2925 (2)
1182 2891 1341 2925 ApollOnius
1355 2892 1491 2925 Tyaneus,
1508 2896 1535 2918 ut
1550 2900 1582 2919 ex
1595 2892 1867 2928 sequentibuspatet.
