2071 3219
217 179 270 206 195
675 177 1003 207 DEMONSTRATIONIS

1019 176 1248 206 EVANGELICE
1267 177 1331 205 LIB.
1348 176 1393 205 lll.
1750 150 1755 156 .
1779 176 1832 207 {9-5

214 236 428 272 συνηνέχθησαν,
445 236 557 273 γενητὸν
573 236 620 263 καὶ
642 236 722 263 αὐτὸν
741 236 786 263 τὸν
806 236 930 271 οὐρανὸν,
951 235 989 261 καί

1049 235 1137 269 ipsum
1149 238 1176 261 et
1187 234 1283 267 soletn,
1297 239 1324 263 et
1336 235 1439 266 lunam,
1450 238 1478 262 et
1488 234 1581 263 stellas
1594 242 1675 270 opera
1688 234 1733 262 Dei
1744 243 1807 265 esse
1820 246 1828 266 :

215 281 299 316 ἥλιον,
318 282 365 313 καὶ
386 282 508 318 σελήνην,
530 282 579 309 καὶ
596 282 693 317 ἄστρα,
719 281 765 308 καὶ
787 281 833 307 τδν
856 280 998 316 σύμπαντα

214 327 316 362 κόσμον
332 327 398 363 πρὸς
412 328 458 354 τοῦ
472 328 526 354 τῶν
538 328 605 354 ὅλων
619 327 731 362 ποιητοῦ
748 327 877 361 γεγονότα
893 326 999 360 ἀποφη-

214 375 334 409 νάμενοι.
359 373 437 400 Ἀλλὰ
456 374 503 400 καὶ
525 374 688 405 συντέλειαν,
712 374 759 399 καὶ
782 372 933 408 μεταῧολὴν
949 372 998 407 τὴν

213 420 260 446 ἐπὶ
275 420 309 446 τὰ
325 420 439 454 κρείττω
451 419 528 446 τοῦδε
545 419 590 445 τοῦ
607 419 706 450 παντὸς
722 418 830 445 ἔσεσθαι
847 418 997 453 προσδοκᾷν

212 465 341 499 ἐδίδαξεν,
358 467 416 498 ταῖς
439 465 570 501 Ἐὃραίων
594 465 640 491 καὶ
656 465 734 491 τοῦτο
750 463 907 494 ἀκολούθως
928 463 998 498 Γρα-

213 513 287 546 φαῖς.
303 512 334 539 Τί
346 510 411 545 οὖν;
431 512 490 548 οὐχ).
508 513 553 539 καὶ
569 513 583 538 ὁ
601 511 713 538 Πλάτων
734 511 838 544 φύσεως
854 509 936 544 λυτῆς
952 509 998 535 καὶ

212 558 336 594 φθαρτῆς
351 557 419 585 οἶδεν
434 559 514 585 αὐτόν
531 566 561 584 τε
575 558 697 593 οὐρανὸν,
719 558 766 584 καὶ
785 557 870 591 ἥλιον,
892 557 938 583 καὶ
954 565 997 582 σε-

212 604 306 640 λήνην,
327 605 373 631 καὶ
389 605 451 636 τοὺς
463 604 573 635 λοιποὺς
588 603 715 638 ἀστέρας,
734 604 757 629 εἰ
770 604 816 629 καὶ
832 603 868 638 μὴ
882 603 996 638 λυθήσε-

213 650 275 677 σθαί
292 659 356 685 φησι
373 650 467 682 ταῦτα,
479 649 517 685 τῷ
533 649 568 684 μὴ
584 650 629 676 τὸν
647 649 824 685 συμπήξαντα
839 648 994 683 βούλεσθαι;

211 697 236 722 εί
250 696 272 722 δ’
284 696 338 731 ἄρα
355 696 494 732 βουληθείη
508 695 576 723 εἶναι
591 695 696 730 φύσεως
710 695 847 730 τοιαύτης.
865 694 952 729 ψυχὴν
967 694 995 720 δὲ

210 741 344 768 ἀθάνατον
356 742 428 778 ἔχειν
438 743 511 778 ἡμᾶς
524 743 583 769 κατ’
595 741 670 768 οὐδὲν
685 742 732 777 μὲν
747 741 853 776 ἐμφερῆ
865 741 920 771 τοῖς
933 739 995 766 ἁλό-

210 796 269 822 γοις
284 788 371 821 ζώοις,
385 788 439 815 τῶν
450 789 477 815 δὲ
490 788 536 815 τοῦ
547 788 613 814 Θεοῦ
623 788 761 823 δυνάμεων
774 788 907 823 φέρουσαν
919 787 995 812 ἀπει-

209 833 371 868 κονὶσματα,
385 833 490 866 διδάξας
501 833 635 868 ἡγεῖσθαι,
649 832 734 864 οὓτως
748 833 771 858 τ’
785 832 866 867 ἔχειν,
881 831 927 858 καὶ
938 832 995 858 δια-

210 880 326 911 κεῖσθαι,
351 879 397 906 καὶ
420 881 526 915 φρονεῖν
547 879 635 906 πάντα
657 879 802 915 βάρϐαρον,
822 879 868 905 καὶ
887 878 992 913 ἰδιώτην

210 925 368 956 παιδεύσας·
385 923 428 961 ἆρ’
449 926 509 961 οὐχὶ
535 926 702 961 σοφωτέρους
726 926 906 960 ἀπείργασται
931 925 993 956 τοὺς

208 971 271 998 καθ’
284 971 347 1007 ὅλης
363 973 412 1006 τῆς
429 972 588 1007 οἰκουμένης
603 972 637 998 τὰ
653 971 733 998 αὑτοῦ
750 972 923 1007 φρονοῦντας,
941 971 994 997 τῶν

207 1018 258 1050 τὰς
277 1018 362 1054 ὀφρῦς
379 1018 586 1049 ἀνεσπακότων;
606 1018 630 1044 οἳ
649 1018 732 1053 μηδὲν
746 1018 815 1044 κατὰ
833 1017 880 1053 τὴν
901 1017 993 1043 οὐσίαν

207 1063 346 1098 διαφέρειν
357 1064 527 1099 ἀπεφήναντο
537 1064 648 1099 ἐμπίδος
658 1073 688 1090 τε
700 1065 746 1090 καὶ
757 1064 845 1098 εὐλῆς,
855 1063 900 1090 καὶ
913 1063 994 1098 μυίας

207 1110 258 1144 τὴν
273 1110 301 1135 ὲν
317 1108 470 1144 ἀνθρώποις
489 1109 588 1144 ψυχὴν,
609 1109 676 1135 ἀλλὰ
691 1109 738 1135 καὶ
752 1109 849 1143 ὄφεως,
874 1108 919 1134 καὶ
940 1108 993 1142 ἐχί-

207 1155 283 1190 δνης,
298 1155 397 1190 ἄρκτου
415 1164 443 1181 τε
458 1155 504 1181 καὶ
518 1154 684 1190 παρδάλεως,
698 1154 744 1180 καὶ
758 1155 820 1185 συὸς
832 1153 920 1188 ψυχῆς
933 1154 992 1179 κατ’

206 1199 294 1230 οὐδὲν,
309 1199 370 1225 ὅσον
384 1199 429 1224 ἐπὶ
443 1199 514 1234 λόγῳ
529 1198 634 1233 φύσεώς
646 1207 675 1225 τε
687 1200 733 1225 καὶ
745 1198 846 1231 οὐσίας,
860 1198 908 1234 τὴν
920 1198 992 1232 σψών

206 1245 298 1271 αὐτῶν
322 1245 375 1271 τῶν
399 1244 623 1278 φιλοσοφωτάτων
647 1244 735 1279 ψυχὴν
756 1244 931 1271 διαλλάττειν
946 1244 992 1270 καὶ

207 1291 280 1317 θείου
296 1291 325 1318 δὲ
341 1292 408 1327 πρὸς
424 1292 528 1323 τούτοις
550 1291 739 1326 δικαιωτηρέου
758 1291 877 1326 συνεχῶς
894 1292 993 1326 ὑπομι-

208 1338 348 1372 μνήσκων,
363 1337 410 1364 καὶ
433 1337 581 1373 μελλούσης
601 1337 709 1364 ἔσεσθαι
722 1337 848 1373 κρίσεως,
869 1337 993 1368 κολάσεις

205 1391 238 1410 τι
253 1384 300 1410 καὶ
312 1385 445 1419 τιμωρίας
457 1384 657 1420 ἀπαραιτήτους
667 1385 722 1415 τοῖς
737 1384 860 1410 ἀσεϐέσιν
875 1384 992 1420 ὑπογρά-

206 1437 276 1463 φων,
288 1430 343 1461 τοῖς
354 1438 382 1455 τε
395 1429 532 1455 εὐσεϐέσιν
544 1429 706 1463 ἐπαγγελίας
716 1429 782 1455 Θεοῦ
792 1429 900 1456 αίωνίου
909 1429 990 1465 ζωῆς,

205 1475 254 1501 καὶ
264 1475 384 1510 οὐρανῶν
398 1475 546 1510 βασιλείας,
559 1476 606 1502 καὶ
620 1476 668 1502 σὺν
679 1475 737 1510 Θεῷ
751 1475 886 1511 μακαρίας
897 1475 992 1508 διαγιιν

205 1521 268 1556 τῆς,
283 1521 341 1547 τίνα
354 1521 388 1548 ἂν
402 1521 572 1556 πλανήσειεν,
586 1521 645 1556 οὐχὶ
656 1521 683 1547 δὲ
701 1520 799 1556 μᾶλλον
810 1521 991 1556 προτρέψαιτο

206 1566 331 1593 σπεύδειν
349 1567 398 1602 μὲν
418 1568 463 1594 ἐπὶ
479 1567 579 1602 ἀρετὴν
595 1566 648 1593 τῶν
663 1567 892 1602 προσδοκωμένων
909 1567 989 1593 ἕνεκα

204 1613 262 1643 τοῖς
284 1612 423 1638 εὐσεϐές-ιν
446 1613 584 1644 ἐπάθλων,
615 1611 815 1648 ἀποτρέπεσθαι
843 1612 871 1638 δὲ
898 1613 988 1647 πάσης

204 1657 303 1689 κακίας
328 1657 371 1684 διὰ
395 1657 443 1689 τὰς
469 1658 660 1692 ὲπηρτημένας
686 1659 741 1689 τοῖς
766 1657 875 1684 ἀσεϐέσι
903 1666 987 1692 τιμω-

204 1703 281 1738 ρίαςς
311 1703 355 1729 Ἐν
371 1704 426 1734 τοῖς
442 1703 614 1738 δογματικοίς
627 1702 681 1728 τῶν
695 1703 776 1729 αὑτοῦ
790 1703 876 1736 λόγων
891 1711 988 1738 παρει-

203 1747 330 1784 λήφαμεν
351 1747 419 1775 εἷναὶ
442 1757 516 1780 τινας
537 1748 605 1783 μετὰ
630 1748 674 1774 τὸν
698 1748 827 1774 ἀνωτάτω
854 1747 920 1774 Θεὸν
943 1748 988 1774 δυ-

203 1794 319 1829 νάμεις.
349 1794 509 1829 ἀσωμάτους
536 1794 585 1829 τὴν
614 1794 694 1828 φύσιν
723 1794 770 1820 καὶ
799 1794 912 1828 νοερὰς,
943 1793 986 1819 λο-

204 1838 287 1873 γικάς
310 1847 339 1865 τε
358 1839 404 1865 καὶ
426 1839 610 1873 παναρέτους,
627 1838 672 1864 τὸν
702 1838 874 1873 παμϐασιλέα
893 1846 988 1873 χορευ-

203 1883 302 1916 ούσας,
338 1881 376 1910 ὧν
402 1884 508 1916 πλείους
547 1885 593 1910 καὶ
628 1884 708 1919 μέχρι
739 1882 889 1918 ἀνθρώπων
927 1882 987 1909 νεύ-

205 1938 270 1964 ματι
292 1929 338 1956 τοῦ
364 1929 471 1965 Πατρδς
497 1930 541 1956 διά
567 1938 642 1961 τινας
665 1928 814 1964 σωτηρίους
835 1928 987 1963 οίκονομῐας

203 1975 382 2003 ἀπεστάλθαι·
406 1976 440 2008 ἃς
463 1976 495 2011 δὴ
521 1976 663 2011 γνωρίζειν
687 1975 733 2001 καὶ
758 1976 838 2010 τιμᾷν
865 1975 935 2001 κατὰ
956 1975 987 2001 τὸ

204 2022 302 2058 μέτρον
319 2022 370 2057 τῆς
384 2021 461 2053 ἀξίας
476 2021 661 2056 ἐδιδάχθημεν,
681 2021 752 2056 μόνῳ
767 2020 804 2055 τῷ
823 2020 987 2055 παμϐασιλεί

202 2067 263 2102 Θεῷ
284 2066 333 2102 τὴν
361 2067 508 2103 σεϐάσμιον
529 2067 610 2102 τιμὴν
633 2067 821 2101 ἀπονέμοντες.
838 2067 896 2092 Ἔτι
918 2067 985 2102 πρὸς

201 2112 306 2142 τούτοις
321 2111 442 2147 ἔγνωμεν
466 2112 529 2144 παρ’
544 2111 624 2138 αὐτοῦ
641 2111 770 2146 μαθόντες
792 2111 922 2146 πολεμίας
943 2119 984 2137 τι·-

201 2159 251 2190 νὰς
272 2160 319 2186 καὶ
342 2159 442 2195 ἐχθρὰς
463 2160 509 2186 τοῦ
536 2159 702 2195 ἀνθρωπείου
726 2159 820 2192 γένους
844 2159 915 2194 ἀμφὶ
939 2158 984 2184 τὸν

201 2203 267 2238 περὶ
291 2204 342 2240 γῆν
373 2204 442 2239 ἀέρα
468 2204 618 2235 πωτᾶσθαι,
641 2204 687 2230 καὶ
711 2204 758 2230 σὺν
779 2205 835 2235 τοῖς
855 2205 983 2239 πονηροῖς

200 2249 349 2285 διατρίϐειν
365 2250 492 2284 δυνάμεις
504 2250 645 2284 δαιμόνων,
661 2250 706 2276 καὶ
719 2250 880 2284 πνευμάτων
902 2258 984 2284 πονη-

201 2294 268 2331 ρῶν,
283 2295 330 2322 καὶ
348 2295 402 2321 τῶν
418 2296 446 2321 ὲν
459 2295 563 2325 τούτοις
578 2295 725 2329 ἀρχόντων,
741 2294 787 2325 οὒς
802 2294 881 2320 παντὶ
896 2293 983 2319 σθένει

201 2340 312 2375 φεύγειν
339 2340 554 2375 πεπαιδεύμεθασ
584 2342 608 2367 εί
623 2340 669 2366 καὶ
700 2341 740 2366 ὅτι
772 2339 887 2374 μάλιστα
915 2338 983 2365 θεῶν

200 2387 384 2423 προσηγορίας
407 2388 454 2414 καὶ
478 2387 559 2422 τιμὰς
579 2388 683 2418 ἑαυτοῖς
700 2387 897 2422 ὑφαρπάζουσι·
918 2386 983 2412 ταύ-

199 2441 249 2468 της
270 2433 293 2460 δ’
308 2432 355 2460 οὖν
380 2433 420 2460 ἐτι
439 2433 536 2469 μᾶλλον
555 2434 604 2468 τῆς
621 2433 767 2468 θεομαχίας
791 2433 837 2459 καὶ
861 2433 909 2468 τῆς
925 2433 983 2459 θεο-

198 2484 310 2520 εχθρίας
332 2484 424 2512 ἕνεκεν
445 2485 646 2521 ἀποτρεπταίας
670 2482 749 2516 εἶναι,
772 2484 832 2511 καθ’
849 2484 881 2515 ἃς
900 2485 928 2510 ἐν
948 2485 981 2519 τῇ

197 2535 436 2570 Προπαρασκευῇ
463 2535 633 2571 πεποιήμεθα
652 2535 695 2561 διὰ
718 2534 849 2561 πλείστων
873 2534 981 2560 ἀποδεί-

197 2584 263 2619 ξεις.
281 2585 400 2612 Τοιαῦτα
413 2585 480 2612 ἄττα
498 2585 623 2620 τυγχάνει
639 2585 685 2611 καὶ
701 2585 729 2610 ὲν
743 2585 797 2615 τοῖς
809 2583 981 2618 δογματικοῖς

197 2637 338 2673 μαθήμασι
350 2636 397 2663 τοῦ
407 2636 531 2671 Σωτῆρος
542 2635 620 2670 ἡμῶν
632 2635 829 2670 ἀναφερόμενα,
846 2634 980 2668 Ἐϐραίων

195 2689 250 2716 τῶν
262 2688 346 2716 πάλαι
363 2686 491 2721 θεοιξιλῶν
508 2686 611 2721 ἀνδρῶν
630 2694 659 2711 τε
679 2686 725 2712 καὶ
745 2685 890 2720 προφητῶν
907 2685 980 2711 ἄντι-

194 2745 264 2773 κρυς
289 2737 387 2772 εὐσεσῆ
415 2735 592 2770 παιδεύματα.
612 2735 643 2761 Et
656 2735 688 2771 δὴ
711 2733 756 2762 οὖν
775 2735 859 2762 ταῦτα
881 2735 978 2770 σεμνὰ,

193 2788 220 2815 σί
233 2787 371 2823 ὠφέλιμα,
386 2787 410 2813 εἰ
423 2786 563 2821 φιλόσοφοι,
579 2785 603 2810 εί
623 2784 722 2820 ἀρετῆς
744 2785 838 2820 μεστὰ,
855 2785 924 2812 τίσιν
945 2785 978 2811 ἂν

192 2838 312 2873 δὺλόγως
333 2838 348 2864 ό
373 2837 476 2864 τούτων
500 2835 658 2867 διδάσκαλος
682 2836 858 2871 ὲπιγράφοιτο
881 2837 910 2863 τὸ
931 2836 977 2863 τοῦ

192 2889 294 2917 πλάνου
305 2888 408 2922 δνομας
430 2886 508 2914 Ἀλλὰ
520 2887 605 2913 ταῦτα
633 2886 682 2921 μὲν
693 2885 730 2917 ὡς
748 2887 812 2922 περὶ
825 2886 912 2913 κοινοῦ
927 2887 977 2922 τὴν

1049 288 1137 315 neque
1152 280 1222 319 haec,
1237 281 1284 308 sed
1305 282 1402 308 horum
1418 285 1557 309 auctorem
1580 281 1670 308 colere
1693 286 1829 317 oportere,

1049 326 1278 353 considerandum
1303 335 1365 355 esse
1386 327 1495 355 videtur
1517 335 1581 355 num
1603 328 1708 362 decepti
1733 329 1830 361 simus.

1048 373 1120 407 quod
1141 373 1167 399 in
1193 373 1265 399 hunc
1284 373 1392 399 modum
1409 373 1443 400 de
1459 378 1554 400 natura
1574 382 1663 401 rerum
1681 375 1781 402 sentire
1797 374 1832 402 ab

1048 418 1094 444 illo
1108 418 1179 445 docti
1197 427 1292 446 sumus
1305 429 1311 446 :
1329 419 1402 454 atqui
1419 427 1472 446 non
1483 420 1570 446 solutn
1586 419 1760 446 Hebraeorum
1774 420 1832 447 haec

1048 466 1098 492 l'uit
1122 467 1221 498 oratio,
1246 468 1292 494 sed
1319 468 1542 502 philosophorum
1567 476 1685 503 quoque.
1713 468 1831 496 maxime

1047 511 1195 538 illustrium
1212 522 1217 538 :
1233 513 1278 546 qui
1295 521 1356 539 cttm
1373 512 1494 540 Hebro-is
1511 513 1723 546 consentientes,
1739 518 1830 541 ortum

1047 557 1147 584 habere
1158 562 1185 584 et
1196 559 1294 586 malum
1308 559 1406 594 ipsum.
1420 563 1447 586 et
1458 559 1554 591 solent,
1568 563 1594 586 et
1608 559 1710 592 lunam,
1725 564 1751 586 et
1765 560 1830 587 stel-

1048 603 1098 634 las,
1111 604 1322 639 universumque
1338 604 1466 631 mundum
1481 605 1515 631 ab
1530 609 1640 632 auclore
1651 606 1770 632 omnium
1786 613 1830 632 re»

1047 656 1106 674 rtnn
1126 649 1226 676 factum
1247 657 1307 676 esse
1331 649 1548 677 afﬁrmaverunt:
1569 656 1695 677 caeterum
1717 650 1786 678 idem
1801 655 1828 678 et

1046 695 1307 722 consummationem
1332 700 1358 722 et
1383 697 1558 722 mutationem
1586 696 1612 722 in
1631 697 1737 729 melius,
1766 697 1828 723 uni-

1046 740 1115 767 versi
1129 740 1209 774 hujus
1223 740 1338 767 futuram
1352 746 1380 767 ut
1393 746 1610 776 exspectaremus
1623 742 1761 773 docuit,in
1777 743 1827 770 hoc

1045 794 1154 820 quoque
1180 786 1352 814 Hebraeorum
1377 787 1522 821 scripturis
1541 787 1715 814 consentiens
1735 796 1740 814 :
1760 788 1826 821 quid

1046 831 1145 864 igitur?
1164 840 1254 859 nonne
1272 833 1352 859 etiam
1374 831 1451 858 Plato
1474 837 1569 867 suapte
1583 837 1681 858 natura
1695 836 1722 859 et
1737 832 1826 867 ipsunt

1045 877 1154 907 cmlum,
1173 881 1200 904 et
1216 878 1312 908 solem,
1327 881 1353 904 et
1369 878 1471 909 lunam,
1500 886 1531 904 ac
1547 878 1648 913 reliqua
1665 878 1765 908 sidera,
1781 886 1827 905 so-

1009 912 1030 938 Β
1047 922 1139 948 lutioni
1153 923 1378 958 corruptionique
1395 923 1511 950 obnoxia
1531 932 1593 950 esse
1608 923 1684 955 vidit,
1701 925 1826 958 quamvis

1043 976 1074 995 ea
1100 977 1153 995 non
1177 968 1351 996 dissolt'cndu
1377 969 1561 1001 allii-moverit,
1588 973 1729 1004 propterea
1752 969 1825 1004 quod

1045 1014 1117 1040 norit
1139 1015 1193 1046 ille,
1217 1016 1263 1050 qui
1286 1023 1317 1043 ea
1333 1016 1504 1050 composuit?
1527 1016 1603 1048 Quod
1626 1016 1648 1043 si
1666 1016 1713 1043 tali
1729 1021 1825 1043 natura

1044 1064 1169 1087 constare
1181 1069 1240 1092 nos,
1256 1062 1490 1096 immortalemque
1505 1062 1604 1089 habere
1619 1062 1747 1093 animant,
1764 1062 1826 1089 nul-

1044 1106 1123 1141 laqne
1138 1107 1164 1132 in
1183 1112 1260 1141 parte
1281 1107 1369 1134 brutis
1390 1107 1554 1134 animalibus
1577 1108 1702 1139 similem,
1727 1108 1823 1139 voluit,

1043 1156 1069 1178 et
1083 1152 1212 1179 virtutum
1226 1160 1285 1186 quae
1298 1152 1324 1179 in
1339 1152 1394 1179 Deo
1410 1157 1473 1179 sunt
1488 1152 1635 1179 simulacra
1651 1153 1677 1179 in
1694 1161 1723 1180 se
1735 1155 1823 1179 conti-

1043 1205 1107 1223 nere
1122 1197 1195 1223 illan.
1209 1198 1335 1224 arbitrari
1349 1205 1398 1225 llOS
1412 1197 1514 1229 docuit,
1527 1198 1620 1232 sicque
1633 1198 1731 1225 habere
1743 1202 1824 1232 atque

1043 1243 1112 1269 allici
1125 1248 1151 1269 et
1167 1251 1261 1278 sapere
1275 1251 1380 1275 omnes,
1401 1248 1427 1270 et
1448 1243 1580 1270 barbaros
1593 1247 1620 1270 et
1637 1244 1761 1277 vulgares
1778 1245 1822 1271 in-

1043 1289 1133 1315 stituit
1151 1298 1157 1315 :
1175 1297 1265 1315 nonne
1290 1290 1426 1323 sapientes
1450 1290 1535 1324 magis
1557 1289 1584 1316 in
1601 1293 1657 1315 toto
1674 1290 1740 1317 orbe
1758 1297 1823 1317 suos

1043 1338 1192 1361 sectatores
1208 1334 1337 1365 reddidit,
1355 1342 1435 1369 qnaut
1450 1335 1467 1361 ii
1485 1335 1530 1369 qui
1549 1335 1694 1370 supercilia
1710 1340 1821 1362 contra-

1041 1384 1084 1406 cta
1099 1383 1250 1412 ostentant,
1267 1380 1289 1407 si
1305 1380 1373 1406 nihil
1393 1380 1471 1415 plane
1495 1388 1525 1407 ea
1545 1385 1621 1415 parte
1636 1388 1689 1415 qua
1705 1384 1756 1411 est.
1770 1380 1823 1407 dif-

1042 1426 1113 1453 ferre
1129 1434 1144 1453 a
1165 1426 1262 1459 culice,
1286 1430 1330 1453 aut
1354 1426 1513 1457 vermiculo.
1531 1430 1578 1453 aut
1595 1434 1687 1453 musca
1703 1427 1821 1454 animam

1042 1472 1185 1498 humanam
1204 1472 1361 1499 allirmant?
1385 1477 1431 1498 aut
1446 1472 1468 1499 si
1485 1480 1518 1499 ne
1533 1480 1547 1498 a
1561 1473 1696 1506 serpentis
1711 1473 1820 1507 quidem

1041 1521 1087 1544 aut
1099 1518 1206 1552 viperae,
1223 1522 1270 1545 aut
1284 1519 1350 1550 ursi,
1372 1522 1419 1544 aut
1439 1518 1568 1552 pardalis,
1587 1522 1633 1544 aut
1649 1518 1706 1545 suis
1720 1518 1820 1551 anitna,

1042 1564 1094 1590 ulla
1119 1571 1232 1598 prorsus
1249 1564 1275 1590 in
1300 1568 1387 1598 parte,
1404 1571 1480 1590 suam
1496 1563 1616 1597 ipsorum
1630 1563 1758 1596 animant,
1774 1562 1821 1597 qui

1041 1609 1234 1644 sapientissimi
1250 1609 1362 1641 fuerint,
1378 1614 1512 1644 quatenus
1531 1614 1656 1636 naturam
1678 1609 1758 1636 habet
1780 1614 1821 1635 at—

1040 1663 1092 1689 que
1107 1660 1158 1685 est.
1181 1655 1317 1682 diversam
1341 1656 1420 1682 esse?
1436 1655 1468 1682 ad
1490 1655 1556 1687 haec,
1575 1663 1637 1682 cum
1656 1655 1706 1681 fori
1723 1655 1819 1686 divini,

1037 1700 1187 1735 judiciique
1202 1700 1285 1727 futuri
1303 1700 1441 1727 assiduam
1456 1701 1619 1728 mentionem
1636 1700 1742 1731 fecerit.
1759 1708 1821 1734 sup.

1040 1747 1172 1781 pliciaque
1185 1754 1216 1773 ac
1233 1753 1327 1780 pinnas
1342 1746 1512 1773 inevitabiles
1530 1745 1619 1780 impiis
1631 1745 1818 1780 descripserit.

1036 1792 1117 1826 justis
1132 1800 1196 1819 vero
1217 1795 1345 1819 teternam
1367 1799 1381 1817 a
1399 1790 1453 1817 Deo
1473 1791 1553 1817 vitam
1578 1790 1708 1825 promitti,
1727 1794 1754 1816 et
1773 1798 1818 1817 re-

1038 1845 1119 1872 gnum
1137 1837 1258 1868 cmlestc,
1280 1839 1307 1862 et
1331 1835 1434 1862 felicem
1454 1843 1515 1862 cum
1542 1836 1600 1869 ipso
1625 1834 1679 1861 Deo
1705 1834 1817 1867 victum,

1038 1882 1162 1909 docuerit
1178 1892 1184 1909 :
1201 1889 1279 1917 quem
1292 1882 1399 1908 tandem
1412 1881 1536 1915 decipere
1549 1881 1654 1915 potuit?
1668 1887 1758 1907 nonne
1769 1887 1819 1914 po-

1039 1928 1093 1955 tius
1106 1927 1265 1955 adhortatus
1277 1932 1318 1954 est
1329 1934 1422 1954 eorum
1434 1926 1605 1961 praemiorum
1617 1933 1711 1956 causa,
1728 1933 1788 1960 qua:
1801 1932 1817 1951 a

1035 1973 1117 2007 justis
1132 1976 1325 2007 exspectantur
1337 1972 1363 1998 in
1377 1972 1504 1998 virtutem
1514 1970 1729 1998 incumbere?ab
1742 1970 1816 1997 oumi

1038 2026 1101 2045 vero
1116 2019 1217 2044 malitia
1234 2019 1375 2049 deterruit,
1392 2022 1502 2052 propter
1525 2016 1710 2052 impendentes
1726 2017 1816 2052 impiis

1037 2065 1151 2100 ptenas?
1169 2064 1254 2092 Porro
1272 2068 1362 2092 autem
1377 2072 1409 2091 ex
1430 2064 1503 2091 illius
1521 2064 1638 2091 decretis
1661 2065 1816 2099 accepimus

1035 2119 1096 2138 esse
1114 2111 1244 2145 quasdam
1261 2116 1321 2146 post
1334 2118 1489 2145 supremum
1504 2110 1587 2137 Deum
1605 2114 1754 2145 potestates
1766 2117 1815 2136 na-

1036 2160 1095 2183 tura
1121 2158 1305 2191 incorporeas,
1337 2156 1527 2190 intelligentes,
1558 2156 1704 2183 rationales
1727 2156 1816 2182 omni-

1035 2210 1088 2236 que
1104 2203 1203 2228 virtute
1225 2202 1363 2237 praeditas,
1389 2209 1449 2236 quae
1470 2203 1572 2228 circum
1589 2209 1678 2236 regem
1695 2201 1815 2229 universi

1000 2246 1020 2272 Ι)
1037 2246 1113 2280 107
1132 2247 1230 2273 choros
1255 2250 1398 2273 exerceant
1427 2255 1434 2273 :
1461 2254 1575 2281 quarum
1611 2247 1703 2281 plures
1734 2247 1815 2273 etiam

1037 2299 1122 2326 usque
1137 2292 1169 2318 ad
1190 2292 1314 2320 homines
1332 2292 1416 2327 ipsius
1433 2293 1519 2327 patris
1540 2296 1619 2323 nutu,
1635 2292 1753 2326 quadam
1770 2300 1815 2319 sa-

1037 2338 1117 2364 lutari
1142 2338 1321 2372 dispositione
1345 2339 1498 2369 mittantur,
1519 2346 1640 2373 quasque
1665 2342 1692 2365 et
1716 2345 1815 2373 cogno-

1035 2392 1122 2416 scere.
1139 2390 1165 2412 et
1182 2385 1304 2412 venerari
1323 2392 1371 2419 pro
1386 2385 1501 2416 ratione,
1518 2384 1656 2419 graduque
1674 2384 1814 2418 dignitatis

1035 2430 1122 2457 edocti
1146 2438 1251 2462 smnus,
1273 2434 1302 2456 ut
1322 2430 1371 2458 soli
1391 2429 1454 2461 Deo,
1472 2431 1518 2465 qui
1541 2438 1588 2457 rex
1613 2434 1655 2457 est
1681 2430 1812 2460 universi,

1035 2477 1202 2504 adorationis
1226 2477 1356 2504 honorem
1379 2477 1541 2503 tribuamus.
1560 2475 1600 2502 Ab
1626 2475 1720 2502 eodetn
1745 2482 1813 2509 pra:-

1034 2526 1106 2550 terea
1121 2522 1275 2553 didicimus,
1291 2522 1402 2549 hostiles
1417 2521 1547 2557 quasdam
1568 2521 1746 2555 inimicasque
1759 2520 1812 2547 hu-

1034 2568 1106 2594 mani
1123 2568 1240 2602 generis,
1259 2575 1305 2603 per
1319 2568 1400 2597 hunc.
1421 2567 1467 2602 qui
1484 2567 1586 2593 circum
1607 2571 1706 2593 terram
1720 2574 1812 2594 versa-

1033 2617 1088 2646 tur,
1103 2621 1203 2645 aerem,
1220 2614 1311 2640 volure
1322 2618 1471 2648 potestates
1482 2614 1634 2640 daemonum
1649 2612 1810 2647 spirituum-

1032 2666 1085 2693 que
1100 2659 1243 2690 malorum,
1265 2666 1423 2693 eorumque,
1441 2659 1487 2693 qui
1503 2659 1530 2685 in
1556 2658 1608 2685 illis
1629 2658 1810 2694 principatum

1032 2709 1134 2735 tenent,
1149 2712 1208 2740 qua:
1222 2712 1283 2731 cum
1301 2706 1380 2732 malis
1398 2705 1553 2732 hominibus
1570 2709 1723 2737 versentur,
1743 2712 1811 2739 quas

1031 2754 1061 2778 ut
1079 2752 1151 2778 omni
1169 2756 1266 2778 conatu
1282 2751 1428 2786 fugiamus,
1451 2751 1477 2777 in
1496 2751 1638 2786 praeceptis
1659 2751 1809 2778 habemus:

1031 2796 1139 2823 tametsi
1152 2797 1193 2824 vel
1215 2804 1295 2832 quam
1313 2797 1428 2824 maxime
1443 2797 1554 2823 deorqu
1572 2797 1766 2831 appellationes
1784 2800 1811 2822 et

1030 2842 1119 2869 cultus
1135 2842 1186 2869 sibi
1198 2842 1263 2877 ipsis
1276 2847 1413 2878 arrogant,
1429 2843 1567 2878 multoque
1580 2843 1661 2870 etiam
1676 2843 1762 2877 magis
1774 2842 1810 2869 ab

1030 2887 1084 2915 illis
1112 2894 1173 2915 esse
1191 2887 1393 2921 declinandum,
1414 2891 1525 2923 propter
1544 2888 1615 2916 hanc
1638 2888 1724 2922 ipsam
1746 2895 1807 2914 cum

1003 1575 1025 1606 C
