2071 3219
317 168 368 197 I75

642 169 779 198 EUSEBll
795 169 1036 199 CESARIENSIS
1053 169 1128 198 OPP.
1149 168 1240 198 PARS
1259 170 1291 199 ll.
1308 187 1342 192 —
1358 172 1608 202 AI‘OLOGETICA.

1883 179 1930 206 176

312 231 340 258 in
364 238 417 265 qua
435 230 473 257 illi
488 229 603 258 similem
619 231 816 258 suscitaturum
842 238 871 258 se
888 230 959 258 Deus
984 237 1078 265 respon

1129 229 1196 266 λ,τὴν
1212 229 1258 257 τοῦ
1276 230 1343 257 Θεοῦ
1363 231 1548 267 διερμηνεύων
1572 233 1673 269 φωνὴν,
1693 234 1810 271 ἔφησεν·
1831 247 1840 262 ι
1861 238 1928 273 [lpo-

310 277 366 308 det,
382 276 477 304 dicens
490 285 496 303 :
518 285 527 301 ι
547 275 708 311 Prophetam
720 284 753 304 ex
762 275 892 303 fratribus
904 283 997 303 eorum
1012 275 1097 303 susci-

309 323 374 351 tabo
387 323 439 354 eis,
456 327 586 357 tanquam
602 326 637 352 te,
649 326 676 350 et
690 322 761 349 dabo
781 322 893 350 verbum
910 329 1000 349 meum
1020 322 1048 348 in
1065 330 1096 349 os

309 369 393 402 illius,
414 373 442 396 et
468 369 597 403 loquetur
612 368 652 396 eis
680 368 910 404 quemadmodum
931 367 1095 395 mandavero

309 415 367 449 illi;
401 420 428 442 et
461 414 549 442 omnis
575 414 658 441 homo
685 414 842 449 quicunque
883 421 937 441 non
976 413 1094 440 audierit

307 461 389 488 verba
422 461 515 493 illius,
543 468 710 496 quaecunque
738 460 862 495 loquetur
903 460 1034 494 propheta
1066 460 1093 486 in

307 506 418 533 nomine
453 514 512 533 meo
527 527 533 537 ,
557 513 606 540 ego
628 505 745 532 ulciscar
768 513 800 531 ex
822 513 854 531 eo
880 505 920 531 ’3:
943 514 952 530 ›
983 505 1094 539 ipseque

306 550 397 578 Moses
420 551 466 578 Dei
487 559 580 578 vocem
601 551 634 578 ad
653 551 782 586 pupulum
805 551 1006 585 interpretans,
1031 550 1068 576 ait
1085 559 1090 576 :

308 605 318 622 ι
336 596 496 631 Propheta":
521 604 553 623 ex
578 595 707 622 fratribus
724 597 822 622 vestris
837 595 982 623 suscitabit
999 594 1092 621 Domi-

304 649 357 670 nus
371 642 442 669 Deus
464 647 563 673 vester.
594 641 668 668 illum
686 641 803 668 audietis
829 641 854 668 in
870 641 998 667 omnibus
1019 648 1094 675 qum-

305 696 411 723 cunque
431 687 572 723 postulasti
597 694 612 713 a
634 686 749 714 Domino
762 686 817 713 Deo
834 691 881 713 tuo
897 686 924 713 in
941 686 1047 713 Choreb
1064 686 1090 712 in

303 735 347 762 die
368 734 509 762 concionis
522 734 555 761 “.
579 744 588 759 ι
611 733 687 766 Quod
709 737 799 760 autem
822 738 884 767 post
912 732 1006 760 Mosen
1029 737 1092 759 ante

303 779 472 808 Salvatorem
492 784 616 807 nostrum
640 779 732 805 nullus
749 778 942 814 prophetarum
964 777 1031 806 Mosi
1053 778 1091 806 si-

302 825 376 852 milis
393 825 558 856 surrexerit,
584 824 696 858 antiqua
719 823 861 859 Scriptura
880 824 1024 860 perspicue
1040 824 1090 852 do-

301 875 355 903 cet,
371 871 417 898 ubi
433 871 490 897 ait:
512 880 520 896 ι
539 870 571 897 Ει
595 878 649 897 non
665 870 784 897 surrexit
810 870 880 897 ultra
908 870 1038 905 propheta
1061 870 1087 897 in

301 917 384 944 Israel
399 917 471 944 sicut
487 916 592 948 Moses,
617 924 697 951 quem
713 917 818 943 noverit
831 917 961 944 Dominus
974 916 1042 943 facie
1054 917 1086 943 ad

300 963 414 994 faciem,
439 963 466 990 in
492 964 618 990 omnibus
644 962 728 997 signis
754 965 835 997 atque
863 963 996 997 portentis
1020 963 1052 988 ³ο.
1075 972 1084 988 ι

299 1008 412 1036 Constat
444 1009 525 1043 igitur
552 1008 672 1034 divinum
701 1007 825 1042 spiritum
859 1015 905 1042 per
937 1007 1028 1034 Mosen
1053 1008 1086 1034 de

300 1053 441 1081 Salvatore
456 1059 550 1081 nostro
560 1053 694 1081 cecinisse
706 1061 712 1079 :
732 1052 866 1087 siquidem
880 1060 964 1079 unum
977 1053 1066 1088 ipsum
1077 1072 1083 1084 ,

297 1107 348 1127 nee
365 1100 446 1126 alium
461 1099 615 1134 quempiam
633 1098 701 1126 Mosi
720 1098 836 1125 similem
857 1098 1005 1130 exstitisse,
1021 1106 1086 1134 qua-

297 1146 349 1173 lem
366 1145 452 1180 ipsius
467 1145 550 1172 Mosis
571 1145 652 1172 verba
668 1144 837 1176 describunt,
851 1144 908 1178 jam
922 1144 1084 1178 comproba-

297 1196 354 1219 tum
377 1195 427 1218 est.
445 1191 579 1218 Caeterum
593 1210 601 1222 ,
620 1195 712 1224 specta
729 1190 809 1217 aliam
835 1197 946 1225 quoque
966 1191 1084 1225 prophe-

296 1238 361 1264 tiam
386 1236 439 1271 95
465 1237 580 1271 publica:
604 1236 746 1270 scriptura:
771 1235 999 1262 commendatam.
1015 1235 1082 1262 Nam

295 1291 357 1310 cum
383 1282 550 1310 Salvatorem
574 1286 600 1310 et
620 1281 764 1309 Dominum
787 1285 923 1313 nostrum,
944 1281 1081 1308 hominem

294 1331 399 1356 ratione
417 1329 593 1356 humanitatis
607 1328 641 1355 de
657 1328 761 1355 semine
779 1327 864 1355 lsrael
886 1331 987 1359 ortum,
1002 1328 1082 1354 innu—

294 1375 440 1402 merabiles
455 1379 604 1402 conventus
620 1375 646 1401 in
661 1375 787 1401 omnibus
799 1374 925 1409 gentibus
937 1374 1079 1400 Dominum

293 1420 439 1455 appellent,
462 1422 572 1454 propter
597 1419 717 1446 divinam
742 1419 802 1453 ejus
824 1419 954 1446 virtutem
973 1419 1042 1445 hanc
1055 1419 1079 1447 ei

293 1465 500 1500 appellationem
517 1466 668 1492 tribuentes
686 1474 692 1492 :
711 1464 818 1500 Moyses
828 1473 947 1500 quoque,
962 1465 1078 1499 qui,lioe

292 1510 386 1538 divino
410 1506 512 1545 Spiritu
537 1511 656 1540 afﬂatus,
673 1516 850 1545 cognoverat,
870 1511 1021 1538 enuntiavit
1049 1511 1075 1538 in

291 1556 365 1583 hunc
380 1558 489 1584 modum
507 1566 513 1584 :
536 1566 544 1582 ι
566 1557 655 1584 Exibit
683 1557 763 1584 homo
775 1557 808 1584 de
824 1557 928 1584 semine
950 1556 1010 1591 ejus
1027 1557 1078 1593 (di-
1090 1573 1111 1601 C

289 1603 327 1629 cit
354 1606 444 1629 autem
472 1602 506 1629 de
533 1602 626 1637 Israel)
647 1606 674 1629 et
694 1602 882 1629 dominabitur
901 1603 1038 1637 gentibus,
1051 1607 1077 1630 et

288 1649 436 1676 extolletur
452 1657 563 1683 regnum
580 1649 640 1684 ejus
648 1649 681 1676 ³³.
701 1659 710 1674 ι
724 1648 802 1682 Quod
813 1649 836 1676 si
851 1649 942 1675 nullus
957 1655 1076 1684 unquam

288 1696 359 1723 alius
379 1704 411 1723 ea
434 1696 468 1723 iis
488 1696 656 1730 principibus
671 1699 697 1723 et
714 1695 832 1730 regibus,
847 1695 893 1730 qui
911 1695 938 1721 in
958 1695 1077 1723 circum-

288 1743 391 1770 cisione
416 1743 600 1777 regnaverint,
617 1742 764 1769 multarum
791 1742 912 1776 gentium
944 1739 1075 1769 Dominus

286 1790 452 1817 constitutus
476 1793 518 1817 est
546 1789 631 1824 (nulla
662 1789 734 1816 enim
761 1788 876 1815 historia
901 1788 954 1815 hoc
968 1789 1074 1823 habet),

286 1837 386 1862 clamat
409 1839 500 1862 autem
523 1839 549 1862 et
573 1834 738 1862 vociferatur
753 1835 855 1861 veritas
871 1834 904 1861 de
915 1842 970 1862 uno
981 1834 1076 1862 Salva-

285 1886 345 1909 tore
363 1885 456 1909 nostro
473 1891 480 1908 :
496 1881 573 1908 illum
589 1881 682 1916 utique
694 1880 750 1916 jam
764 1879 922 1912 Dominum,
939 1888 1028 1916 neque
1047 1881 1074 1908 id

286 1926 366 1954 labiis
378 1930 494 1958 tantum,
512 1926 560 1953 sed
578 1926 721 1953 aﬂ‘ectione
736 1926 934 1957 sincerissima,
948 1926 1075 1954 innume-

285 1972 384 1999 rabiles
409 1973 530 1999 omnium
561 1972 702 1999 nationum
729 1975 880 1999 conventus
909 1973 1034 2000 conllteri
1064 1982 1070 2000 :

285 2018 349 2053 quid
374 2018 445 2045 ultra
464 2018 521 2052 jam
549 2018 663 2052 impedit
678 2026 712 2045 ne
729 2018 804 2044 illum
819 2026 881 2045 esse
897 2018 1072 2049 dicamus.de

283 2071 337 2098 quo
362 2063 510 2098 prophetiae
539 2063 664 2090 exstant?
689 2062 767 2095 Quod
781 2066 871 2090 autem
887 2063 993 2099 Moyses
1014 2065 1072 2091 hinc

282 2115 337 2136 non
354 2108 494 2135 indeﬁnite
507 2108 645 2143 praedicat,
658 2115 744 2142 neque
758 2109 891 2135 immenso
911 2109 1029 2143 quodam
1044 2113 1071 2136 et

282 2154 450 2182 inconstanti
463 2159 585 2189 tempore
596 2154 753 2181 vaticinium
769 2154 978 2186 adumbret,sed
994 2155 1071 2182 valde

282 2201 457 2235 providenter
470 2206 597 2227 eventum
609 2207 699 2227 rerum
715 2207 784 2235 quas
801 2200 968 2234 praedixerit,
983 2199 1071 2227 deter-

1147 274 1235 310 φήτην
1256 276 1288 302 ἐκ
1309 275 1364 302 τῶν
1387 276 1508 311 ἀδελφῶν
1527 278 1603 313 ὑμῶν
1626 279 1772 316 ἀναστήσει
1796 282 1897 319 Κύριος
1917 285 1929 312 ό

1145 319 1211 352 Θεὸς
1224 321 1311 356 ἡμῶν.
1327 322 1413 349 Αὑτοῦ
1432 323 1579 351 ἀκούσεσθε
1593 326 1662 352 κατὰ
1677 327 1764 353 πάντα
1778 328 1827 354 ὅσα
1840 331 1930 365 ᾐτήσω

1145 365 1220 401 παρὰ
1233 367 1335 402 Κυρίου
1349 367 1395 394 τοῦ
1410 368 1477 396 Θεοῦ
1498 378 1545 396 σου
1564 371 1592 397 ἐν
1606 371 1708 407 Χωρὴΰ
1730 373 1761 408 τῇ
1779 374 1870 410 ἡμέρᾳ
1884 376 1930 411 τῆς

1145 411 1301 446 ἐκκλησίας.
1328 422 1337 439 ι
1356 414 1415 440 Ὅτι
1439 415 1467 441 δὲ
1505 415 1559 442 τῶν
1586 417 1656 452 μετὰ
1684 418 1803 446 Μωῦσέα
1828 430 1930 457 προφη-

1143 457 1197 484 τῶν
1220 459 1307 490 οὐδεὶς
1333 460 1386 495 πρὸ
1408 461 1457 487 τοῦ
1486 462 1612 498 Σωτῆρος
1636 463 1716 499 ήμῶν
1743 465 1835 500 ὅμοιος
1869 468 1929 503 ἐγή-

1143 511 1239 538 γερται
1261 505 1382 538 Μωῦσεῖ,
1408 507 1500 542 σαφῶς
1519 509 1535 543 ὴ
1560 509 1662 536 παλαιὰ
1685 511 1780 547 Γραφὴ
1801 512 1927 547 διδάσκει,

1143 547 1258 594 λέγουσα
1269 559 1275 564 ·
1294 560 1302 575 ι
1321 551 1375 578 Καὶ
1391 552 1440 578 οὐκ
1451 553 1548 589 ἀνέστη
1564 553 1603 581 ἐτι
1615 557 1759 592 προφήτης
1775 558 1803 583 ἐν
1812 558 1926 594 Ἰσραὴλ,

1142 593 1179 625 ὡς
1194 595 1323 630 Μωῦσῆς,
1346 597 1374 622 ὃν
1395 597 1464 632 ἔγνω
1479 598 1580 634 Κύριος
1602 602 1747 636 πρόσωπον
1764 604 1834 630 κατά
1847 605 1927 639 πρόσ-

1145 648 1217 666 ωπον
1233 641 1262 667 ἐν
1292 643 1358 668 πᾶσι
1372 644 1427 674 τοῖς
1443 644 1565 680 σημείοις
1582 647 1629 672 καὶ
1643 646 1748 683 τέρασι.
1768 658 1776 674 ι
1791 649 1926 677 Δέδεικται

1141 685 1230 712 τοίνυν
1243 686 1273 713 τὸ
1287 687 1377 715 ἔνθεον
1388 689 1495 724 πνεῦμα
1506 690 1550 718 διὰ
1563 691 1700 723 Μωῦσέως
1711 693 1831 728 περὶτοῦ
1842 694 1926 730 Σωτῆ-

1142 739 1187 766 ρος
1198 731 1274 767 ὴμῶν
1285 732 1414 760 θεσπίσαν
1428 742 1434 749 ·
1451 736 1475 761 εἰ
1486 735 1518 769 δὴ
1532 736 1612 770 μόνος
1623 737 1714 769 αὐτὸς,
1729 739 1774 764 καὶ
1785 738 1839 764 οὐδ’
1850 739 1926 772 ἄλλος

1140 777 1231 812 ὅμοιος
1241 778 1280 813 τῷ
1292 779 1403 805 Μωῢσεῖ
1413 779 1533 814 γεγονὼς
1546 782 1605 813 ταῖς
1618 782 1699 808 αὑτοῦ
1713 783 1853 815 Μωῦσέως
1868 793 1924 819 φω-

1141 824 1200 854 ναῖς
1210 823 1363 856 ἀκολούθως
1376 825 1500 861 συνέστη.
1515 826 1615 861 metu:
1629 827 1656 854 δὲ
1670 828 1715 854 καὶ
1730 828 1812 864 ἄλλην
1822 839 1925 866 προφη-

1139 868 1213 895 τείαν
1229 869 1411 905 ἀνάγραπτον.
1433 871 1539 907 Ἐπειδὴ
1552 872 1605 908 γὰρ
1621 873 1665 899 τὸν
1684 874 1796 910 Σωτῆρα
1812 876 1857 902 καὶ
1872 876 1927 903 K0-

1141 922 1198 949 ριον
1207 914 1294 949 ἡμῶν,
1307 915 1448 951 ἄνθρωπον
1459 917 1527 944 κατὰ
1544 918 1631 954 σάρκα
1646 919 1787 954 γενόμενον
1799 921 1830 946 ἐκ
1844 921 1926 957 σπέρ-

1140 968 1224 994 ματος
1248 961 1364 996 Ἰσραὴλ,
1383 962 1468 998 μυρία
1484 963 1572 999 πλήθη
1589 964 1618 990 ὲν
1631 965 1696 990 πᾶσι
1709 967 1764 996 τοῖς
1780 966 1867 992 ἔθνεσι
1880 976 1926 993 κυ-

1139 1005 1264 1041 ριολογεῖ,
1286 1007 1336 1042 τῆς
1351 1008 1442 1034 ἐνθέου
1457 1008 1597 1044 δυνάμεως
1623 1010 1704 1037 αὑτοῦ
1724 1011 1803 1047 χάριν
1825 1013 1925 1049 Κύριον

1135 1050 1325 1086 ὁμολογοῦντα,
1343 1053 1390 1080 καὶ
1407 1054 1485 1080 τοῦτο
1505 1054 1585 1081 πάλιν
1605 1056 1723 1091 Μωῦσῆς
1750 1058 1864 1085 συνιδὼν
1886 1060 1923 1095 τῷ

1136 1096 1199 1133 θείῳ
1216 1099 1362 1134 Πνεύματι,
1375 1099 1419 1126 διὰ
1432 1100 1482 1135 τῆς
1498 1100 1579 1127 αὑτοῦ
1592 1102 1698 1137 γραφῆς
1712 1103 1804 1130 τοῦτον
1819 1105 1924 1140 ἀνεφώ-

1134 1152 1199 1180 νησε
1221 1144 1266 1172 τὸν
1294 1145 1407 1181 τρόπον·
1439 1155 1448 1171 ι
1466 1146 1649 1179 Ἐξελεύσεται
1673 1148 1813 1184 ἄνθρωπος
1831 1151 1863 1177 ἐκ
1877 1152 1922 1179 τοῦ

1135 1190 1290 1226 σπέρματος
1304 1190 1387 1217 αὑτοῦ
1401 1191 1490 1226 (λέγει
1502 1192 1530 1218 δὲ
1544 1192 1590 1219 τοῦ
1606 1193 1714 1229 Ἰσραήλ
1726 1194 1803 1229 ),καὶ
1817 1196 1922 1231 κυριεύ-

1134 1244 1174 1262 σει
1184 1235 1278 1268 ἐθνῶν,
1296 1237 1342 1263 καὶ
1359 1237 1530 1273 ὑψωθήσεται
1545 1239 1561 1273 ὴ
1574 1238 1696 1272 βασιλεία
1713 1241 1805 1267 αὐτοῦ.
1823 1251 1833 1268 ι
1850 1243 1880 1269 El
1890 1243 1921 1279 δὴ

1134 1281 1227 1316 μηδεὶς
1242 1281 1319 1313 ἄλλος
1333 1281 1442 1308 πώποτε
1459 1282 1512 1309 τῶν
1527 1284 1559 1310 ὲκ
1569 1285 1718 1320 περιτομῆς
1728 1286 1864 1321 ἀρχόντων
1875 1288 1921 1314 καὶ

1133 1326 1264 1361 βασιλέων
1292 1328 1386 1364 κύριος
1410 1328 1495 1355 ἐθνῶν
1518 1329 1621 1356 πολλῶν
1647 1330 1780 1366 κατέστηθ
1799 1332 1920 1368 (οὐδεμία

1131 1373 1185 1408 γὰρ
1203 1374 1307 1410 ἱστορία
1318 1374 1392 1410 δηλοῖ
1401 1374 1479 1401 τοῦτο
1488 1375 1508 1409 ·)
1521 1374 1569 1410 βοᾷ
1581 1375 1609 1402 δὲ
1621 1376 1666 1402 καὶ
1680 1376 1815 1411 κέκραγεν
1830 1379 1845 1413 ή
1859 1378 1920 1414 ἀλή-

1131 1419 1189 1445 θεια
1209 1420 1255 1446 ἐπὶ
1277 1420 1356 1454 μόνου
1373 1420 1420 1446 τοῦ
1436 1421 1561 1456 Σωτῆρος
1579 1421 1674 1457 ἡμῶν·
1692 1423 1732 1449 ὅτι
1749 1416 1790 1458 ’δὴ
1819 1424 1919 1459 Κύριον

1129 1464 1219 1496 αὑτὸν,
1238 1465 1284 1491 καὶ
1299 1465 1348 1492 οὐκ
1366 1466 1430 1491 αὐτὸ
1449 1467 1526 1501 μόνον
1546 1467 1600 1498 τοῖς
1622 1467 1731 1502 χείλεσι,
1752 1468 1869 1495 διαθέσει
1891 1470 1918 1497 δὲ

1128 1511 1309 1547 γνησιωτάτῃ,
1340 1512 1423 1547 μυρία
1447 1512 1535 1548 πλήθη
1562 1513 1591 1546 ἐξ
1616 1513 1742 1540 ἁπάντων
1763 1514 1816 1541 τῶν
1835 1514 1918 1542 ὲθνὼι

1127 1556 1260 1591 ὁμολογεῖ,
1288 1557 1313 1583 τί
1333 1557 1432 1593 δήποτε
1460 1558 1584 1594 ἐμποδὼν
1611 1559 1647 1595 μὴ
1673 1559 1733 1595 οὐχὶ
1751 1560 1832 1587 αὑτὸν
1848 1559 1918 1589 εἶναι

1129 1602 1243 1636 φάσκειν
1257 1603 1303 1629 τὸν
1319 1604 1567 1640 προφητευόμενονς
1586 1605 1645 1631 ’Ότι
1656 1605 1684 1631 δὲ
1697 1606 1816 1642 Μωῦσῆς
1827 1607 1914 1634 ταῦτα

1127 1648 1177 1674 οὐκ
1190 1648 1389 1685 ἀπεριορίστως
1403 1650 1539 1685 προλέγει,
1554 1650 1607 1676 οὐδ’
1620 1652 1660 1682 είς
1671 1651 1782 1688 ἄπειρον
1794 1653 1840 1679 καὶ
1852 1653 1916 1680 ἀπε-

1127 1693 1255 1730 ρίμετρον
1270 1695 1364 1730 χρόνον
1377 1696 1545 1728 ἐπισκιάζων
1559 1695 1608 1731 τὴν
1624 1697 1784 1733 πρόρρησιν,
1794 1699 1824 1725 οὐ
1843 1699 1916 1734 μάλα

1125 1738 1154 1765 δὲ
1165 1740 1286 1775 ἀκριϐῶς
1299 1740 1347 1776 τὴν
1359 1741 1414 1768 τῶν
1432 1742 1675 1778 προφητευομένων
1687 1743 1797 1771 ἔκϐασιν
1808 1745 1916 1780 χρόνοις

1125 1785 1285 1821 ὡρισμένοις
1301 1788 1488 1823 περιγράφων,
1505 1789 1586 1816 ἄκουε
1605 1787 1647 1816 οἷα
1670 1791 1716 1816 καὶ
1736 1792 1798 1826 περὶ
1817 1791 1913 1818 τούτου

1125 1831 1262 1865 θεσπίζει’
1291 1843 1300 1859 ι
1323 1834 1380 1860 υὺκ
1409 1835 1527 1870 ἐκλείψει
1557 1836 1648 1871 ἄρχων
1679 1837 1708 1868 ἐξ
1741 1837 1833 1869 Ἰούδα,
1866 1839 1914 1864 καὶ

1123 1877 1274 1913 ἡγούμενος
1284 1880 1316 1906 ὲκ
1329 1879 1383 1906 τῶν
1401 1880 1495 1916 μηρῶν
1514 1881 1605 1913 αὐτοῦ,
1623 1881 1674 1913 ἕως
1684 1882 1789 1918 ἀνέλθῃ
1805 1880 1826 1916 ᾦ
1842 1884 1912 1910 ἀπό-

1124 1932 1209 1950 κειται
1220 1933 1226 1939 ·
1243 1926 1290 1951 καὶ
1299 1925 1380 1957 αὐτὸς
1393 1926 1538 1961 προσδοκία
1547 1926 1640 1953 ἐθνῶν.
1657 1936 1666 1952 ι
1679 1928 1717 1953 Δι’
1728 1924 1764 1954 ὧν
1774 1928 1804 1954 οὑ
1817 1929 1913 1955 διαλεί-

1122 1969 1184 2004 ψειν
1205 1970 1269 2005 ἑξῆς
1284 1972 1332 1998 καὶ
1346 1971 1417 1998 κατὰ
1433 1971 1555 2007 διαδοχὴν
1570 1972 1737 2007 ἡγουμένους
1752 1973 1798 1999 καὶ
1813 1973 1913 2009 ἄρχον-

1121 2026 1170 2048 τας
1189 2016 1243 2043 τῶν
1265 2016 1397 2043 Ἰουδαίων
1414 2016 1516 2048 ἔθνους,
1536 2017 1615 2052 μέχρι
1627 2018 1677 2052 τῆς
1691 2018 1737 2045 τοῦ
1756 2019 1912 2053 προσδοκω-

1123 2063 1204 2098 μένου
1224 2062 1374 2097 παρουσίας
1393 2063 1581 2096 ἀποφαίνεται.
1603 2063 1784 2090 Διαλιπόντων
1803 2065 1831 2090 δὲ
1854 2065 1911 2092 τῶν

1121 2109 1185 2143 παρ’
1199 2108 1288 2139 αὐτοῖς
1306 2108 1452 2143 ἀρχόντων,
1465 2108 1630 2144 παρέσεσθαι
1644 2109 1688 2135 τὸν
1703 2110 1910 2145 προφητευόμε-

1121 2163 1174 2180 νον.
1198 2154 1297 2180 Ἰούδαν
1311 2154 1339 2179 δὲ
1355 2154 1401 2180 νῦν
1416 2155 1446 2180 οὺ
1462 2154 1510 2189 τὴν
1525 2154 1609 2189 φυλὴν
1625 2155 1761 2190 ὀνομάζει,
1775 2155 1831 2182 ἀλλ’
1846 2156 1909 2182 ἐπεὶ

1120 2200 1190 2226 κατὰ
1205 2208 1264 2226 τινα
1280 2200 1473 2235 προσωνυμίαν
1488 2200 1517 2226 ἐν
1531 2202 1585 2231 τοῖς
1607 2200 1675 2235 μετὰ
1695 2200 1778 2226 ταῦτα
1801 2201 1908 2236 χρόνοις

281 2246 392 2273 mittatis
415 2247 584 2281 temporibus
604 2246 824 2278 circumscribat,
847 2245 892 2272 illa
911 2245 1068 2280 planissime

1129 2246 1173 2271 tne
1201 2245 1342 2281 βασιλικῆς
1365 2245 1451 2280 φυλῆς
1473 2246 1522 2280 τῆς
1543 2245 1627 2272 Ἰούδα
1651 2246 1681 2273 τὸ
1701 2247 1754 2273 πᾶν
1775 2247 1908 2274 Ἰουδαίων

281 2289 411 2321 indicant,
427 2297 488 2324 quia
502 2290 536 2317 de
552 2290 602 2317 hac
622 2297 731 2325 quoque
749 2297 778 2317 re
800 2290 875 2317 canit
893 2299 900 2316 :
921 2299 930 2315 ι
948 2289 1006 2317 Non
1022 2291 1069 2318 de-

279 2335 362 2368 ﬁciet,
379 2335 478 2370 inquit,
499 2336 625 2370 princeps
644 2336 678 2362 de
694 2335 776 2367 Juda,
799 2343 888 2370 neque
907 2335 960 2362 dux
979 2335 1012 2363 de
1029 2336 1069 2363 fe-

278 2381 402 2409 moribus
426 2382 496 2416 ejus.
513 2381 600 2409 donec
618 2382 709 2409 veniat
728 2382 772 2408 cui
798 2382 947 2416 repositum
962 2386 1004 2409 est
1018 2391 1025 2409 :
1041 2386 1068 2409 et

279 2427 338 2462 ipse
354 2428 523 2463 exspectatio
538 2428 658 2462 gentium
669 2428 720 2454 ³¹¹.
741 2436 750 2453 ι
772 2426 878 2460 Quibus
896 2427 987 2454 verbis
1012 2434 1066 2454 non

278 2473 420 2501 defuturos
436 2473 564 2509 deinceps
584 2473 711 2501 ductores
727 2480 760 2500 ac
779 2473 928 2507 principes,
949 2473 996 2508 qui
1013 2472 1064 2500 sibi

278 2518 349 2546 inter
363 2527 392 2547 se
406 2520 564 2546 continuata
588 2520 658 2547 serie
680 2518 830 2547 succedant
853 2519 887 2546 de
912 2524 991 2554 gente
1017 2517 1065 2545 Ju-

278 2565 366 2596 daica,
385 2573 470 2600 usque
487 2565 520 2592 ad
546 2566 616 2600 ejus,
633 2566 679 2601 qui
703 2568 888 2600 exspeclatur,
904 2565 1061 2596 adventum,

276 2611 411 2639 enuntiat.
439 2611 517 2644 Quod
545 2613 567 2640 si
592 2613 729 2651 principes
745 2612 816 2647 apud
836 2611 943 2639 Judaeos
961 2611 1064 2639 defece-

277 2656 342 2687 rint,
356 2656 536 2685 advenlurum
552 2667 625 2689 eum,
636 2659 683 2693 qui
694 2667 727 2686 ex
740 2658 860 2686 oraculis
875 2661 1060 2693 exspectatur.

275 2699 374 2727 ludam
396 2710 460 2729 vero
487 2703 531 2730 hic
555 2712 609 2731 non
632 2705 719 2740 ipsam
744 2704 844 2731 tribum
863 2704 997 2738 intelligit,
1014 2702 1061 2730 sed

276 2747 406 2781 quoniam
445 2747 667 2777 denominatione
702 2750 820 2785 quadam
862 2748 1061 2784 posterioribus

275 2793 444 2827 temporibus
469 2802 483 2820 a
509 2795 592 2830 regali
617 2796 690 2823 tribu
703 2795 782 2826 Iuda,
800 2795 889 2822 omnis
903 2794 1059 2821 Judaaorum

273 2839 348 2866 natio
361 2838 434 2866 dicta
451 2845 503 2872 est,
522 2841 557 2868 ita
572 2842 681 2876 quidem
705 2847 734 2868 ut
755 2841 836 2868 hodie
849 2848 958 2876 quoque
971 2838 1057 2866 Judmi

307 2895 330 2910 "
355 2895 432 2923 Deut.
462 2903 541 2928 mu,
560 2896 653 2928 18,19.
693 2897 714 2912 "
729 2896 795 2924 ibid.
814 2895 907 2926 l5,l6.
946 2894 969 2911 '°
987 2893 1065 2923 Deut.
1081 2901 1172 2927 xuiv,
1192 2892 1281 2924 t0,”-

1121 2290 1195 2321 ἔθνος
1218 2290 1409 2326 ἐχρημάτιζεν,
1436 2291 1474 2322 ὡς
1492 2291 1538 2317 καὶ
1557 2292 1596 2322 είς
1621 2291 1739 2327 σήμερον
1769 2292 1907 2323 Ἰουδαίοις

1120 2335 1314 2370 ὀνομάζεσθαι·
1332 2335 1434 2371 σφόδρα
1444 2335 1606 2370 θαυμαστῶς
1623 2337 1669 2362 καὶ
1685 2337 1855 2372 προφητικιῖμ
1874 2337 1906 2363 τὸ

1120 2383 1174 2408 πᾶν
1189 2381 1263 2413 ἔθνος
1289 2381 1422 2408 Ἰουδαίων
1439 2381 1587 2416 ὠνόμασεν,
1606 2381 1746 2417 ὠσπεροῦν
1764 2383 1811 2408 καὶ
1825 2383 1906 2417 ἡμεῖς

1126 2428 1267 2459 Ἰουδαίους
1289 2426 1537 2463 προσαγορεύομεν.
1557 2424 1623 2453 Εἶτά
1637 2435 1703 2462 φησι
1719 2426 1756 2462 μὴ
1773 2427 1906 2462 πρότερον

1118 2471 1251 2506 ἐκλείψειν
1263 2472 1295 2497 ὲκ
1308 2470 1354 2496 τοῦ
1372 2470 1465 2501 ἔθνους
1482 2469 1570 2496 αὐτῶν
1584 2470 1714 2506 ἄρχοντας
1725 2472 1771 2497 καὶ
1787 2472 1906 2506 ἡγουμέ-

1117 2526 1189 2549 νους,
1222 2517 1238 2552 ἢ
1269 2518 1395 2552 παρεῖναι
1421 2516 1466 2542 τὸν
1488 2516 1736 2552 προφητευόμενον·
1758 2517 1851 2543 τούτου
1874 2517 1904 2543 δὲ

1117 2563 1286 2594 ἐπιστάντος,
1312 2561 1546 2597 καταλυθήσεσθαι
1569 2563 1617 2597 μὲν
1642 2563 1739 2590 αὐτίκα
1763 2562 1812 2598 τὴν
1835 2563 1904 2589 Ἰου-

1116 2608 1198 2635 δαίων
1215 2607 1311 2643 ὰρχὴν,
1333 2606 1413 2633 αὑτὸν
1436 2606 1464 2632 δὲ
1479 2607 1528 2633 οὐκ
1545 2607 1584 2632 ἔτι
1611 2606 1752 2639 Ἰουδαίων,
1773 2606 1857 2632 ἐθνῶν
1872 2606 1903 2633 δὲ

1116 2652 1225 2679 ἔσεσθαι
1240 2651 1410 2688 προσδοκίαν.
1430 2651 1485 2678 Καὶ
1502 2651 1580 2678 τοῦτο
1596 2650 1623 2677 δὲ
1641 2651 1686 2677 ἐπὶ
1703 2652 1752 2686 μὲν
1766 2651 1820 2678 τῶν
1835 2659 1904 2686 προ-

1115 2699 1208 2734 φητῶν
1231 2699 1281 2725 οὐκ
1300 2697 1333 2724 ἂν
1349 2696 1439 2724 δύναιο
1460 2695 1634 2732 ἐφαρμόζειν,
1652 2697 1698 2723 ἐπὶ
1714 2697 1742 2723 δὲ
1758 2697 1836 2732 μόνον
1854 2696 1903 2723 τὸν

1114 2745 1227 2780 Σωτῆρα
1235 2744 1282 2770 καὶ
1294 2744 1394 2779 Κύριον
1405 2742 1491 2779 ἡμῶν.
1511 2742 1584 2777 ’Ἅμα
1598 2750 1627 2768 τε
1640 2741 1694 2778 γὰρ
1708 2742 1788 2774 αὐτὸς
1798 2743 1837 2774 εἰς
1853 2743 1903 2769 ἀν-

1114 2790 1239 2827 θρώπους
1263 2790 1364 2825 παρῆν,
1395 2789 1488 2816 καὶτὸ
1508 2788 1641 2815 Ἰουδαίων
1659 2788 1795 2824 καθῄρητο
1822 2789 1901 2824 βασί-

1111 2837 1197 2864 λειον·
1212 2835 1361 2873 ἐκλελοίπει
1374 2836 1401 2862 δὲ
1418 2835 1586 2871 παραχρῆμα
1606 2835 1621 2861 ὸ
1635 2834 1667 2860 ὲκ
1681 2834 1819 2870 προγόνων
1838 2834 1901 2862 διασ-

1326 2892 1347 2908 ³¹
1362 2891 1426 2920 ibid.
1440 2890 1483 2919 10.
1522 2890 1556 2907 ³¹’
1571 2889 1638 2919 Gen.
1657 2897 1730 2923 xLix.
1747 2891 1790 2920 10.
