2071 3219
150 216 201 245 IT]

548 202 549 205 Ἰ
598 217 933 253 ιοεηοΝετΒΑτιοΝιε
950 217 1178 247 ενΑΝοΕιιειΕ
1193 217 1258 246 LIB.
1275 218 1322 247 lli.

1728 216 1780 245 ΠΒ

149 276 232 312 δοχῆς
244 276 340 312 ἅρχων
354 277 454 310 αὐτῶν,
471 277 516 305 καὶ
527 278 541 305 6
557 277 626 305 κατὰ
639 278 739 313 νόμους
753 279 817 311 τοὺς
831 280 936 307 οίκείους

999 278 1185 310 nominentur,
1193 278 1272 306 valde
1282 277 1444 305 mirabiliter
1459 281 1487 304 et
1501 275 1658 312 prophetica
1670 283 1779 304 omnem

150 321 314 358 ἡγούμενος,
326 323 482 357 Αὐγούστου
496 323 557 350 τάτε
570 323 677 360 πρώτου
695 323 835 359 Ῥωμαίων
848 332 944 360 μοναρ-

152 368 297 404 χήσαντος,
322 369 443 404 Ἡρώδου
457 378 487 397 τε
502 370 531 403 ἐξ
541 370 697 405 ἀλλοφύλων
711 369 795 397 ἐθνῶν
811 370 942 405 βασιλέως

153 412 241 440 αὐτῶν
263 415 458 447 καταστάντος.
475 417 531 443 Καὶ
551 417 576 443 οι
592 416 641 452 μὲν
663 415 863 448 ὲκλελοίπεσαν,
883 417 898 443 6
913 416 942 443 δὲ

152 457 300 494 προσδοκία
313 460 367 486 τῶν
379 461 439 487 καθ’
454 462 517 497 ὅλης
528 462 578 497 τῆς
593 463 753 498 οἰκουμένης
769 462 862 495 ἐθνῶν,
873 463 943 489 κατὰ

152 505 202 540 τὴν
222 504 298 532 θείαν
323 507 475 543 πρόρρησιν
500 508 703 543 ἀναπέφανται’
729 509 766 540 ὡς
790 509 835 535 καὶ
858 509 941 535 είσέτι

152 550 199 577 νῦν
222 551 329 583 πάντας
354 553 417 585 τοὺς
441 553 469 586 ἐξ
487 554 614 580 ἁπάντων
632 554 685 581 τῶν
703 554 787 581 ἐθνῶν
804 556 843 586 εἰς
862 555 941 581 αὐτὸν

152 599 368 631 πεπιστευκότας
386 600 434 635 τῆς
448 599 519 626 κατὰ
535 600 600 627 θεὸν
615 601 702 627 αὐτῶν
717 601 877 636 προσδοκίας
894 601 942 636 τὴν

152 644 247 672 ἐλπίδα
258 646 302 671 ἐπ’
314 645 388 681 αὑτῴ
401 646 532 673 τίθεσθαι.
547 648 600 674 Καὶ
612 647 732 682 Μωῡσῆς
748 648 796 682 μὲν
812 647 940 679 τοσαῦτα,

151 690 199 716 καὶ
225 690 261 717 τὰ
282 691 383 718 τούτοιν
400 692 480 728 ἔτερα
496 693 579 720 πλείω
599 694 661 729 περὶ
675 694 722 720 τοῦ
739 694 856 727 Χριστοῦ
874 693 941 729 πρὸς

153 736 256 768 πάντας
284 738 358 773 ἡμᾶς
381 738 601 773 εὐαγγελίζεται·
626 740 728 774 ἀδελφὰ
753 740 781 766 δε
798 741 870 775 αὐτῷ
894 741 940 767 καὶ

157 782 270 814 Ἡσαΐας
285 785 483 820 ἀφωρισμένως
500 787 563 822 περί
578 795 649 818 τινος
666 787 723 819 ἐνὸς
738 788 770 813 ἐκ
785 787 941 823 σπέρματος

151 830 199 855 καὶ
226 829 351 865 διαδοχῆς
376 831 459 858 Δαὸὶδ
489 832 535 859 τοῦ
561 832 692 867 βασιλέως
721 833 939 869 ἁναστησομένου

150 875 248 908 ταῦτα,
285 877 425 913 προλέγει·
447 888 456 904 ‹
489 879 670 912 Ἐξελεύσεται
699 880 795 915 ῥάϐδος
826 881 858 906 ἐκ
890 880 940 914 τῆς

152 922 231 958 ῥίζης
267 923 376 956 Ἰεσσαὶ,
416 926 463 952 καὶ
493 926 571 958 ἄνθος
601 927 633 953 ὲκ
662 927 712 962 τῆς
743 927 821 962 ῥίζης
857 927 939 954 αὐτοῦ

149 968 326 1004 ἀναϐήσεται,
358 971 404 997 καὶ
433 971 618 998 ἀναπαύσεται
653 968 696 998 ἐπ’
725 973 805 998 αὑτὸν
833 973 940 1008 πνεῦμα

148 1013 197 1039 τοῦ
220 1013 306 1046 Θεοῦ,
339 1015 448 1050 πνεῦμα
486 1017 580 1051 σοφίας
610 1018 656 1044 καὶ
689 1017 836 1049 συνέσεως·
859 1027 868 1043 ι
894 1018 941 1044 καὶ

148 1057 184 1083 τὰ
219 1057 309 1085 λοιπά.
342 1057 399 1086 Εἴθ’
427 1060 531 1092 ὑποϐὰς
559 1062 621 1096 ἑξῆς
653 1063 814 1098 προφητικῷ
849 1063 941 1098 τρόπῳ

148 1103 199 1139 τὴν
230 1103 285 1131 τῶν
320 1105 475 1140 ἀλλοφύλων
511 1106 595 1133 ἐθνῶν
635 1107 780 1143 βαρϐάρων
822 1118 852 1135 τε
893 1110 940 1136 καὶ

153 1148 300 1185 Ἑλλήνων,
324 1151 379 1177 τῶν
401 1160 430 1178 τε
455 1152 631 1188 ἀγριωτάτων
652 1154 698 1180 καὶ
720 1153 940 1190 θηριωδεστάτων

147 1195 301 1231 ἀνθρώπων
316 1197 364 1233 τὴν
374 1198 419 1224 ἐπὶ
435 1198 465 1224 τὸ
475 1200 561 1235 πρᾶον
575 1200 620 1226 καὶ
636 1200 738 1236 ἥμερον
753 1201 798 1228 διὰ
808 1201 858 1236 τῆς
875 1203 940 1237 Χρι-

149 1241 213 1268 στοῦ
238 1242 411 1275 διδασκαλίας
429 1246 614 1281 γενησομένην
635 1246 783 1282 μεταεολὴν
806 1247 937 1280 θεσπίζει.

147 1287 262 1321 Δέγειδ⁴
274 1286 319 1315 οὖν
330 1297 337 1304 ·
356 1299 365 1314 r
381 1290 434 1316 Καὶ
446 1290 699 1326 συμϐοσκηθήσεται
714 1291 795 1323 λύκος
811 1293 878 1327 μετὰ
891 1294 939 1329 ἁρ-

146 1333 202 1365 νος,
214 1334 261 1375 καὶ
276 1335 407 1370 πάρδαλις
424 1336 657 1363 συναναπαύσεται
673 1338 768 1373 ἐρίφῳ,
782 1339 827 1364 καὶ
839 1339 939 1374 μοσχά-

147 1387 219 1415 ριον,
231 1380 277 1406 καὶ
290 1379 398 1415 ταῦρος,
413 1380 459 1407 καὶ
473 1381 539 1408 λέων
552 1382 610 1416 ἅμα
623 1382 844 1418 βοσκηθήσονται,
864 1393 873 1409 i
893 1384 939 1410 καὶ

146 1428 182 1449 τα
195 1423 297 1455 τούτοις
310 1426 498 1461 παραπλήσια,
513 1426 531 1453 ἃ
547 1426 592 1453 καὶ
613 1428 687 1463 παρὰ
703 1428 785 1460 πόδας
801 1428 938 1463 διασαφῶν

146 1470 304 1505 ὲρμηνεύει,
320 1472 423 1506 φήσας·
443 1482 451 1497 ι
467 1473 522 1499 Καὶ
536 1473 611 1499 ἔσται
627 1474 641 1499 6
654 1474 831 1509 ἀνιστάμενος
845 1474 937 1510 ἄρχειν

145 1516 244 1547 ἐθνῶν,
262 1518 305 1543 ἐπ’
325 1517 399 1552 αὺτῴ
420 1517 483 1554 ἔθνη
505 1519 654 1546 ἐλπιοῦσιν.
682 1530 690 1545 i
711 1521 808 1555 Σαφῶς
828 1521 880 1557 γὰρ
903 1521 937 1548 τὰ

145 1561 234 1596 ἄλογα
250 1563 397 1598 θρέμματα
410 1565 457 1590 καὶ
470 1564 532 1596 τοὺς
547 1566 741 1601 προκαταλελει
745 1567 840 1602 μένους
852 1567 937 1604 θῆρας

145 1607 207 1634 οὐδὲ
229 1608 324 1640 ἄλλους
346 1607 415 1635 εἶναι
431 1610 484 1636 τῶν
498 1610 592 1641 ἐθνῶν,
614 1611 660 1637 τοῦ
685 1611 832 1648 θηριώδους
857 1613 937 1640 ἕνεκα

143 1653 258 1688 τρόπου,
270 1653 430 1689 διεσάφησεν
443 1663 449 1669 ·
473 1651 510 1681 ὧν
524 1655 608 1681 ἐθνῶν
625 1655 716 1692 ἄρξειν
730 1658 796 1692 φησι
813 1658 858 1683 τὸν
879 1659 937 1685 ἀνι-

146 1698 280 1734 στάμενον
305 1700 338 1726 ἐκ
354 1700 510 1736 σπέρματος
533 1702 640 1728 Ἰεσσαί”
659 1703 705 1737 ἀφ’
721 1700 750 1730 οὗ
766 1703 797 1739 δὴ
813 1705 827 1730 ὀ
843 1704 937 1740 Σωτὴρ

145 1745 193 1772 καὶ
210 1745 313 1782 Κύριος
329 1747 407 1782 ἡμῶν
421 1747 632 1782 γενεαλογεῐται,
651 1749 693 1782 ἐφ’
709 1749 738 1775 ὃν
752 1749 784 1776 τὰ
801 1750 840 1781 είς
856 1750 937 1777 αὑτὸν

146 1792 310 1819 πιστεύοντα
332 1793 395 1829 ἔθνη
423 1794 508 1820 είσέτι
533 1794 581 1820 νῦν
601 1795 705 1827 ἐλπίζει
729 1795 880 1830 συμφώνως
903 1798 935 1832 τῇ

145 1839 314 1875 προρρήσει·
335 1849 345 1865 ί
357 1840 412 1866 Καὶ
422 1840 497 1867 ἔσται
513 1841 527 1866 6
540 1841 717 1874 ἀνιστάμενος
734 1841 826 1875 ἄρχειν
840 1841 934 1874 ἐθνῶν,

145 1885 191 1911 ἐπ’
206 1885 281 1920 αὐτῷ
291 1885 353 1921 ἔθνη
372 1886 503 1913 ἐλπιοῦσι.
521 1896 530 1912 i
544 1886 629 1912 Τοῦτο
639 1886 670 1921 δὴ
683 1887 803 1922 παράθες
814 1889 869 1920 τοῖς
885 1897 935 1914 πα-

146 1931 182 1966 ρὰ
194 1931 306 1957 Μωῡσεῖ
321 1931 479 1966 φερομένοις
494 1931 654 1958 διαστέλλων
679 1933 726 1959 καὶ
746 1933 776 1959 τὸ
791 1934 849 1968 μὲν,
865 1943 873 1958 ι
887 1935 933 1960 Ἔ-

145 1985 208 2003 σται
230 1978 244 2003 6
256 1977 434 2012 ἀνιστάμενος
451 1978 544 2013 ἄρχειν
568 1978 662 2009 ἐθνῶν,
681 1989 690 2003 i
711 1979 866 2014 ἐφάρμοσον
884 1980 932 2015 τῷ,

146 2031 157 2048 ι
173 2022 343 2056 ἐξελεύσεται
354 2023 496 2059 ἄνθρωπος
509 2025 541 2050 ἐκ
553 2024 600 2050 τοῦ
615 2025 770 2059 σπέρματος
783 2025 876 2057 αὑτοῦ,
888 2027 934 2052 καὶ

143 2068 286 2104 κυριεύσει
300 2069 385 2095 ἐθνῶν
399 2069 517 2095 πολλῶν·
535 2080 543 2094 ι
561 2070 607 2096 καὶ
620 2070 659 2101 τὸ,
676 2080 684 2096 ι
707 2071 765 2097 Ἐπ’
781 2071 854 2106 αὐτῷ
871 2072 934 2108 ἔθνη

143 2114 285 2145 ἐλπιοῦσι,
305 2125 315 2140 i
332 2114 384 2150 τῷ,
407 2125 416 2141 ‹
441 2115 495 2142 Καὶ
512 2116 590 2148 αὐτὸς
613 2116 688 2143 ἔσται
717 2117 864 2153 προσδοκία
888 2118 933 2144 ἐθ-

142 2160 208 2186 νῶν.
227 2169 237 2185 i
253 2160 285 2186 Τί
297 2159 352 2196 γὰρ
363 2160 484 2196 διαφέρει
497 2162 620 2196 φάσκειν,
639 2163 698 2188 Ἐπ’
713 2163 786 2198 αὺτῷ
806 2163 868 2199 ἔθνη
889 2163 933 2190 ἐλ-

144 2206 262 2238 πιοῦσιν,
276 2206 394 2242 ῆ,Δῦτδς
406 2207 482 2233 ἔσται
503 2208 650 2242 προσδοκία
666 2208 749 2235 ἐθνῶν
762 2218 769 2241 ;
787 2209 868 2236 πάλιν
884 2210 905 2236 δ’
920 2211 934 2236 ὁ

141 2251 225 2284 αὐτὸς
243 2251 357 2284 Ἦσαῒας
372 2252 474 2288 προῖὼν
490 2254 609 2288 περὶτοῦ
630 2255 746 2289 Χριστοῦ
767 2255 850 2282 ταῦτα
865 2264 926 2291 προ-

142 2298 255 2333 φητεύει
266 2307 272 2313 ·
287 2307 296 2323 ε
315 2298 379 2325 Ἰδοὺ
395 2299 409 2324 ὁ
423 2301 487 2330 παῖς
503 2308 553 2334 μου
571 2300 600 2326 ὃν
617 2300 738 2336 ᾑρέτισα,
759 2302 773 2326 ό
792 2302 933 2337 ἀγαπητός
951 2320 970 2346 D

143 2352 204 2378 μου,
215 2344 255 2375 είς
266 2343 296 2370 6v
309 2343 454 2379 εὐδόκησεν
467 2345 482 2379 ή
496 2344 567 2380 ψυχή
584 2353 645 2380 μου,
658 2346 747 2381 κρίσιν
763 2348 818 2378 τοῖς
829 2347 931 2373 ἔθνεσιν

141 2389 256 2422 ἐξοίσει·
277 2399 286 2415 ι
305 2390 351 2416 καὶ
372 2390 507 2426 ἐπιφέρει,
524 2400 532 2415 ι
547 2392 619 2423 Ἕως
636 2391 668 2418 ἂν
679 2391 717 2418 θῶ
734 2393 779 2419 ἐπὶ
798 2394 848 2428 γῆς
872 2394 931 2429 κρί-

141 2443 195 2467 σιν,
213 2436 259 2462 καὶ
271 2437 300 2463 ἐν
313 2436 352 2472 τῷ
368 2436 480 2472 ὀνόματι
497 2437 578 2464 αὑτοῦ
594 2437 657 2473 ἔθνη
674 2439 823 2466 ἐλπιοῦσιν.
837 2450 845 2464 ι
860 2440 928 2476 Ἤδη

138 2479 265 2515 δεύτερον
280 2480 308 2507 ἐν
322 2480 426 2512 τούτοις
437 2482 450 2507 6
467 2482 609 2517 προφήτης
624 2483 653 2509 τὸ
665 2483 758 2519 ἐπὶτῷ
774 2485 882 2520 Χριστῷ
895 2486 928 2512 τὰ

138 2524 203 2560 ἔθνη
216 2525 337 2552 ἐλπίσειν
353 2525 466 2557 τίθεται,
484 2526 617 2562 ἀνώτερον
634 2527 731 2554 εἰπών·
753 2538 761 2553 ι
781 2529 838 2555 Ἐπ’
855 2530 928 2565 αὐτῷ

138 2569 202 2606 ἔθνη
229 2570 398 2597 ἐλπιοῦσιν.»
417 2572 545 2599 Ἑνταῦοα
566 2573 609 2604 δὲ,
623 2573 677 2599 Καὶ
701 2574 730 2599 ἐν
756 2574 794 2609 τῷ
818 2575 928 2610 ὀνόματι

138 2615 221 2642 αὐτοῦ
231 2615 295 2651 ἔθνη
313 2616 446 2644 ἐλπιοῦσι.
464 2618 593 2645 Λέλεκται
610 2619 637 2645 δὲ
663 2620 711 2646 καὶ
725 2620 764 2655 τῷ
783 2621 874 2653 Δαΰὶδ,
891 2621 928 2653 ὡς

138 2662 192 2698 ἄρα
204 2671 215 2689 r
233 2661 281 2689 Ἐκ
291 2662 338 2689 τοῦ
356 2663 463 2699 καρποῦ
475 2665 522 2699 τῆς
538 2665 640 2696 κοιλίας
650 2666 732 2692 αὑτοῦ
745 2666 926 2702 ἁναστήσεταί

137 2716 179 2740 τις
194 2709 259 2744 περὶ
275 2705 306 2735 οὗ
321 2708 385 2744 ἑξῆς
402 2718 483 2746 φησιν
505 2711 519 2737 ό
535 2711 600 2742 Θεός
610 2719 616 2725 ·
643 2721 651 2736 ι
666 2712 750 2744 Αὐτὸς
768 2713 925 2739 ἐπικαλέσε-

137 2754 182 2781 ταί
199 2763 244 2790 με,
260 2756 355 2792 πατήρ
367 2764 417 2791 μου
431 2754 456 2783 εἷ
467 2757 498 2783 σύ
510 2766 516 2771 ·
537 2756 614 2790 κάγὼ
630 2758 797 2793 πρωτότοκον
809 2759 926 2795 θήσομαι

136 2801 227 2828 αὑςόν.
241 2811 250 2827 ι
263 2801 321 2828 Καὶ
343 2802 407 2836 περὶ
427 2802 520 2829 τούτου
544 2803 571 2829 δὲ
596 2803 676 2830 πάλιν
700 2804 823 2839 εἴρηται·
848 2815 857 2830 ι
873 2806 926 2831 Καὶ

136 2847 350 2883 κατακυριεύσει
366 2847 419 2874 ἀπὸ
436 2847 571 2883 θαλάσσης
588 2849 639 2880 ἕως
655 2849 800 2886 θαλάσσης,
812 2851 858 2876 καὶ
874 2850 926 2877 ἀπὸ

169 2934 254 2963 "in.
274 2911 313 2965 iu.
336 2934 392 2966 με.
431 2935 452 2951 η
477 2935 541 2963 ibid.
554 2936 581 2963 6.
619 2935 643 2951 ιδ
662 2914 728 2963 ibid.
760 2935 802 2965 to.

995 323 1137 352 Judaieam
1163 328 1270 360 gentem
1287 323 1385 352 Judam
1410 323 1572 355 nominavit,
1588 330 1654 350 sane
1675 326 1706 350 ut
1729 329 1781 351 nos

995 376 1106 404 quoque
1119 367 1228 396 Iudaeos
1252 369 1389 404 appellare
1403 368 1596 396 consuevimus
1610 377 1617 395 :
1633 371 1692 396 tum
1709 368 1781 395 atlir-

995 419 1053 442 mat
1070 422 1123 442 non
1146 415 1223 450 prius
1237 415 1379 443 defuturos
1396 415 1430 443 de
1442 419 1521 450 gente
1538 415 1659 450 ipsarum
1680 414 1781 449 princi~

995 468 1049 495 pes~
1067 468 1099 488 ac
1123 461 1217 492 duces,
1230 470 1311 497 quam
1329 462 1352 489 is
1368 462 1504 494 adveniat,
1527 470 1607 497 quem
1637 461 1780 496 prophetia

995 507 1140 542 signiﬁcat.
1159 507 1245 535 Porro
1260 508 1303 535 hic
1321 508 1401 535 simul
1415 512 1496 543 atque
1510 508 1659 540 advenerit,
1672 507 1780 535 ludam.-

995 561 1056 580 rum
1072 554 1180 588 quidem
1196 554 1378 589 principatum
1392 563 1453 582 esse
1463 554 1677 587 dissolvendum,
1691 555 1779 589 ipsum

995 607 1060 627 vero
1079 607 1133 626 non
1154 599 1309 627 Judaaorum
1337 600 1464 636 amplius.
1496 600 1544 627 sed
1570 602 1692 635 gentium
1722 599 1779 628 fore

994 646 1224 680 exspectationem
1241 655 1248 673 :
1265 646 1337 681 quod
1349 647 1457 681 quidem
1476 647 1562 682 ipsum
1575 646 1640 673 nulli
1659 653 1779 681 unquam

995 691 1189 726 prophetarum
1210 692 1430 724 accommodare,
1447 693 1494 719 sed
1515 693 1560 719 uni
1578 692 1710 719 duntaxat
1724 690 1780 718 Sal-

995 738 1083 764 vatori
1099 737 1270 773 Dominoque
1290 742 1394 769 nostro,
1412 738 1523 773 poteris.
1536 738 1591 773 96
1604 737 1670 764 Nam
1697 737 1779 765 simul

994 789 1076 819 atque
1095 784 1140 811 ille
1156 784 1189 812 ad
1206 784 1331 812 homines
1353 786 1434 816 venit,
1451 784 1605 811 Iudaeorum
1621 784 1692 818 regia
1714 783 1779 810 sub—

995 831 1047 857 lata
1064 835 1116 864 est,
1137 831 1323 865 continuoque
1339 830 1446 856 illorum
1464 830 1591 864 princeps
1604 829 1711 860 defecit,
1731 828 1778 863 qui

994 876 1102 911 quidem
1132 876 1281 910 majoribus
1304 876 1362 903 suis
1386 876 1554 907 succederet,
1567 880 1648 909 atque
1663 882 1694 901 ex
1716 874 1779 908 legi-

994 923 1046 951 bus
1070 923 1185 957 propriis
1207 922 1261 949 illis
1283 926 1422 956 praeesset.
1445 921 1523 948 Tune
1545 921 1617 948 enim
1638 921 1778 954 Augustus

958 962 978 988 Β
992 968 1179 995 Romanorum
1198 968 1303 1003 primus
1316 967 1421 1002 accepit
1439 967 1580 1002 imperium
1595 976 1601 993 :
1617 971 1643 993 et
1658 965 1778 993 Herodes

992 1016 1025 1043 ab
1052 1015 1171 1042 externis
1197 1014 1323 1049 gentibus
1349 1014 1464 1046 accitus,
1476 1013 1585 1040 illorum
1609 1020 1656 1039 rex
1674 1012 1778 1039 consti-

992 1064 1066 1087 tutus
1081 1064 1132 1086 est.
1147 1058 1180 1085 Et
1192 1059 1230 1085 illi
1249 1058 1357 1094 quidem
1371 1058 1538 1089 defecerunt,
1555 1057 1598 1084 hic
1611 1061 1700 1084 autem
1715 1064 1779 1091 gen-

991 1106 1057 1132 tium
1074 1113 1122 1140 per
1138 1109 1223 1131 totum
1240 1109 1375 1131 terrarum
1398 1104 1491 1130 orbem
1508 1103 1684 1137 exspectatio.
1704 1103 1776 1129 sicut

990 1151 1123 1178 divinitus
1147 1150 1306 1185 praedictum
1329 1150 1429 1180 fuerat.
1448 1149 1602 1175 declaratus
1625 1151 1667 1175 est
1686 1157 1692 1174 :
1709 1147 1777 1174 adeo

990 1197 1110 1232 quidem.
1138 1201 1167 1223 ut
1193 1204 1265 1223 nunc
1294 1203 1402 1231 quoque
1436 1202 1531 1222 omnes
1562 1195 1718 1229 quicunque
1742 1201 1776 1220 ex

990 1243 1117 1269 omnibus
1139 1242 1266 1277 gentibus
1285 1243 1311 1269 in
1328 1242 1403 1268 illum
1422 1241 1548 1273 credunt,
1565 1240 1776 1275 exspectationis

990 1296 1047 1315 sua:
1077 1288 1345 1319 secundum‘Deum,
1362 1288 1388 1314 in
1412 1287 1458 1314 illo
1485 1294 1559 1321 spem
1589 1290 1729 1321 reponant.
1743 1285 1776 1312 Et

991 1334 1098 1370 Moyses
1123 1334 1235 1369 quidem
1265 1333 1322 1360 haec
1345 1333 1451 1367 aliaque
1469 1332 1512 1360 his
1525 1332 1602 1366 plura
1617 1332 1650 1358 de
1664 1331 1774 1358 Christo

989 1381 1117 1408 omnibus
1143 1381 1222 1408 nobis
1248 1379 1362 1407 feliciter
1382 1379 1502 1411 nuntiat;
1517 1379 1541 1405 ei
1564 1385 1628 1405 vero
1648 1385 1774 1413 germana

990 1426 1074 1454 Isaias
1090 1433 1198 1461 quoque
1215 1425 1324 1452 deﬁnite
1342 1424 1375 1451 de
1395 1432 1450 1452 uno
1473 1429 1549 1451 certo
1578 1432 1649 1459 rege,
1673 1424 1718 1458 qui
1741 1431 1775 1450 ex

990 1474 1093 1502 semine
1113 1482 1144 1501 ac
1164 1473 1339 1500 suecessione
1361 1471 1445 1498 David
1462 1472 1497 1498 sit
1515 1470 1701 1501 suscitandus,
1718 1469 1774 1497 haec

993 1520 1068 1547 canit
1082 1529 1087 1546 :
1101 1528 1110 1544 c
1129 1518 1287 1553 Egredietur
1308 1518 1382 1552 virga
1399 1517 1433 1544 de
1447 1516 1538 1543 radice
1564 1515 1650 1547 Iesse,
1675 1522 1702 1542 et
1725 1516 1774 1542 llos

988 1566 1022 1593 de
1042 1566 1134 1592 radice
1159 1565 1218 1599 ejus
1248 1564 1387 1596 ascendet,
1416 1567 1442 1590 et
1462 1563 1616 1597 requiescet
1639 1569 1720 1595 super
1741 1568 1774 1587 eo

989 1611 1102 1646 spiritus
1127 1609 1184 1643 Dei,
1201 1610 1313 1645 spiritus
1338 1609 1477 1643 sapientia:
1491 1613 1518 1635 et
1541 1608 1695 1635 intellectus
1706 1607 1740 1638 ³¹,
1760 1616 1769 1631 i

988 1663 1014 1685 et
1034 1658 1148 1692 reliqua.
1166 1656 1235 1683 Tum
1251 1656 1360 1691 longius
1377 1663 1551 1690 progressus,
1567 1662 1641 1681 more
1657 1653 1773 1688 prophe.

987 1704 1051 1735 tico,
1068 1708 1242 1730 externarum
1258 1702 1379 1737 gentium
1400 1706 1426 1728 et
1441 1700 1632 1731 barbararum,
1649 1707 1699 1726 nec
1717 1706 1774 1726 non

988 1757 1048 1777 eum
1072 1748 1240 1780 ercorum,
1267 1752 1324 1774 tum
1340 1746 1551 1782 asperrimorum
1580 1753 1612 1772 ac
1635 1745 1773 1772 ferocissi-

987 1794 1258 1825 morumhominum,
1282 1793 1400 1820 futuram
1422 1793 1448 1819 in
1465 1792 1544 1819 miles
1563 1794 1770 1825 mansuetosque

990 1849 1080 1869 mores
1100 1848 1133 1867 ex
1154 1840 1278 1867 doctrina
1302 1838 1402 1866 Christi
1427 1838 1615 1869 mutationem,
1640 1837 1773 1872 prmdicit.

988 1886 1057 1913 Sunt
1076 1890 1166 1913 autem
1189 1886 1249 1919 ejus
1267 1884 1348 1912 verba
1367 1884 1424 1911 haec
1441 1893 1446 1910 :
1468 1892 1477 1909 ι
1501 1882 1531 1909 Et
1549 1887 1675 1917 pascetur
1690 1882 1772 1909 simul

987 1933 1067 1967 lupus
1086 1939 1148 1959 cum
1163 1939 1243 1966 agno,
1255 1935 1283 1957 et
1298 1929 1400 1965 pardus
1412 1929 1492 1956 simul
1514 1929 1636 1963 quiescet
1647 1935 1708 1955 cum
1722 1929 1772 1954 lue-

986 1979 1021 2006 do
1035 1987 1042 2005 :
1057 1981 1083 2005 et
1099 1977 1200 2004 vitulus
1216 1981 1243 2004 et
1255 1980 1350 2003 taurus
1365 1979 1392 2002 et
1407 1975 1449 2002 leo
1459 1974 1539 2002 simul
1555 1966 1743 2009 pascentur",
1759 1983 1769 2000 θ

985 2028 1012 2052 et
1030 2023 1082 2050 alia
1100 2023 1142 2050 his
1165 2022 1263 2050 similia
1279 2031 1285 2048 :
1300 2028 1360 2057 qua!
1383 2021 1463 2048 etiam
1480 2028 1495 2048 e
1513 2020 1627 2054 vestigio
1650 2019 1773 2054 planiora

984 2067 1103 2095 efﬁciens
1125 2067 1330 2102 interpretatur,
1345 2067 1392 2093 ubi
1408 2066 1445 2092 ait
1462 2074 1469 2092 :
1490 2075 1498 2090 ι
1516 2065 1547 2091 Εῑ
1559 2065 1621 2097 erit,
1638 2065 1684 2100 qui
1706 2072 1770 2092 sur-

985 2114 1024 2149 git
1046 2113 1079 2140 ad
1101 2113 1288 2148 imperandum
1302 2113 1439 2148 gentibus,
1464 2112 1491 2138 in
1507 2119 1540 2138 eo
1564 2115 1657 2146 gentes
1677 2119 1772 2146 spera-

984 2159 1095 2187 bunt".
1118 2168 1128 2185 ›
1151 2159 1234 2185 Plane
1255 2159 1326 2185 enim
1347 2158 1518 2184 irrationalia
1537 2158 1581 2183 ilia
1594 2157 1728 2191 jumenta,
1743 2160 1772 2184 et

985 2213 1054 2240 quas
1074 2205 1129 2232 illic
1151 2203 1273 2239 praedixit
1288 2203 1403 2234 belluas,
1420 2203 1509 2229 nullas
1524 2209 1585 2229 esse
1601 2202 1669 2229 alias
1688 2208 1770 2236 quam

986 2252 1059 2287 ipsas
1077 2255 1170 2286 gentes
1197 2253 1307 2284 propter
1327 2256 1422 2275 earum
1439 2248 1541 2275 ferinos
1561 2255 1662 2279 mores,
1680 2247 1771 2274 deela-

986 2297 1057 2323 ravit
1073 2306 1079 2323 :
1098 2296 1198 2331 quibus
1218 2303 1283 2322 sane
1299 2294 1424 2329 gentibus
1443 2295 1638 2329 imperaturum
1655 2292 1770 2319 afﬁrmat

985 2350 1057 2374 eum,
1080 2342 1126 2377 qui
1151 2340 1238 2375 surgit
1257 2340 1291 2367 de
1306 2340 1409 2367 semine
1427 2338 1503 2366 Jesse
1521 2347 1527 2365 :
1545 2345 1578 2365 ex
1593 2345 1647 2372 quo
1667 2336 1771 2364 semine

986 2389 1110 2416 Salvator
1143 2393 1169 2415 et
1199 2388 1328 2415 Dominus
1361 2391 1455 2413 noster
1483 2385 1615 2413 oriundus
1638 2384 1770 2420 pradica-

984 2439 1037 2467 tur,
1064 2436 1090 2461 in
1130 2442 1209 2469 quiem
1239 2437 1342 2469 gentes.
1378 2440 1438 2467 quae
1470 2432 1497 2458 in
1524 2432 1612 2466 ipsum
1642 2430 1767 2461 credunt,

982 2483 1064 2509 etiam
1086 2489 1158 2508 nunc
1185 2485 1304 2514 sperant,
1321 2479 1371 2514 ipsi
1395 2479 1487 2513 utique
1503 2478 1630 2504 vatit-inio
1651 2484 1769 2503 Consen-

982 2533 1062 2556 tanea
1077 2527 1218 2556 facientes.
1238 2525 1309 2561 quod
1328 2525 1366 2552 ait
1383 2533 1411 2551 τι
1430 2524 1462 2550 Ει
1479 2524 1540 2553 erit.
1554 2523 1598 2556 qui
1618 2523 1703 2557 surgit
1717 2522 1768 2548 iui-

982 2582 1077 2609 perare
1102 2573 1237 2609 gentibus,
1261 2572 1288 2598 in
1316 2571 1375 2606 ipso
1391 2576 1485 2605 gentes
1502 2569 1660 2603 sperabunt.
1679 2577 1688 2593 ι
1712 2567 1769 2594 lloc

982 2621 1065 2656 igitur
1086 2619 1216 2655 apponito
1231 2619 1265 2645 iis
1292 2626 1353 2653 qua:
1371 2616 1440 2652 apud
1457 2615 1566 2651 Moysen
1588 2615 1721 2645 feruntur.
1736 2621 1768 2641 ac

980 2666 1151 2701 distinguito.
1168 2665 1198 2692 Et
1214 2664 1278 2691 illud
1299 2663 1408 2698 quidem
1425 2671 1431 2690 :
1452 2672 1459 2687 ι
1480 2661 1547 2692 Erit,
1557 2661 1602 2696 qui
1617 2661 1703 2696 surgit
1716 2661 1768 2687 im-

981 2719 1077 2747 perare
1091 2710 1229 2746 gentibus,
1244 2719 1252 2735 ι
1270 2716 1331 2736 cum
1350 2708 1396 2734 illo
1412 2707 1568 2741 componito
1585 2715 1591 2732 :
1610 2715 1620 2731 ι
1640 2705 1770 2741 Egredie—

982 2763 1026 2785 tur
1041 2758 1121 2784 homo
1141 2757 1172 2784 de
1188 2756 1292 2783 semine
1307 2755 1378 2789 ejus,
1392 2758 1419 2781 et
1433 2753 1618 2781 dominabitur
1640 2752 1766 2787 gentibus

980 2804 1083 2831 multis.
1107 2813 1115 2829 I
1133 2802 1165 2829 Ει
1180 2802 1246 2830 illud
1268 2812 1273 2830 :
1296 2811 1304 2828 ‹
1326 2801 1352 2828 lu
1375 2801 1434 2835 ipso
1459 2805 1553 2835 geules
1582 2800 1763 2834 sperabunt,»

979 2857 1040 2877 cum
1072 2850 1118 2877 illo
1137 2859 1143 2877 :
1166 2859 1175 2875 ι
1196 2848 1228 2875 Ει
1250 2849 1306 2883 ipse
1335 2848 1385 2876 erit
1415 2847 1582 2882 exspectatio
1607 2845 1737 2881 gentium.
1752 2853 1763 2869 ι
