2071 3219
301 211 353 242 I79

639 211 778 240 EUSEBII'
791 213 1029 241 CAESARIENSIS
1051 214 1125 242 OPP.
1147 214 1236 242 PARS
1256 215 1286 243 II.
1303 230 1337 236 —-
1355 216 1603 246 APOLOGETICA.

1871 220 1922 248 180

299 273 370 307 Quid
384 273 456 300 enim
472 272 585 300 interest
600 271 722 304 dicasne,
740 273 767 300 in
794 273 854 308 ipso
875 278 969 308 gentes
990 280 1082 308 spera-

1147 275 1264 309 τοταμῶν
1275 274 1327 307 ἕως
1340 275 1465 311 περάτων
1480 277 1528 311 τῆς
1542 276 1712 312 οἰκουμένης.
1729 286 1740 303 ι
1755 277 1808 304 Καὶ
1825 275 1920 310 αὖθις·

299 321 378 353 bunt,
396 319 450 354 9'7
473 327 509 346 an
530 326 595 346 vero
608 328 614 345 :
628 319 685 354 ipse
699 320 751 346 erit
766 321 933 355 exspectatio
946 320 1083 355 gentium?

300 363 405 391 Rursus
428 371 493 391 vero
518 363 587 391 idem
605 363 701 395 Isaias,
718 364 841 391 oratione
856 371 1034 399 progressus,
1051 363 1084 392 de

300 409 411 438 Christo
437 410 494 437 haec
519 409 626 436 divinat
644 418 651 436 :
668 419 677 434 ι
693 408 763 436 Ecce
789 417 858 444 puer
883 417 979 441 meus,
1004 418 1084 444 quem

302 457 370 490 elegi
386 467 392 483 :
410 455 526 483 dilectus
542 463 619 483 meus
631 475 638 487 ,
656 455 683 481 in
702 463 756 490 quo
773 455 937 490 complacuit
953 455 1005 482 sibi
1020 456 1085 487 ani»

302 510 347 529 ma
364 510 422 529 mea
437 512 443 529 :
460 502 594 536 judicium
609 501 738 536 gentibus
756 501 875 536 proferet
890 502 922 533 ",
940 512 950 528 ›
962 509 994 529 ac
1009 503 1089 529 dein—

303 556 367 583 ceps
384 548 507 582 adjungit
523 557 529 575 ε
547 556 555 572 ι
569 547 655 574 donec
669 551 751 582 ponat
765 547 792 573 in
810 551 881 574 terra
893 547 1026 582 judicium
1037 568 1044 577 .
1061 551 1088 575 et

303 595 329 622 in
350 594 460 622 nomine
479 594 540 628 ejus
556 599 650 628 genles
665 593 817 628 sperabunt
830 593 872 621 a°:
889 601 898 617 ι
917 593 944 620 in
961 593 1004 620 his
1019 593 1088 620 Pro—

303 640 383 675 pheta
409 639 463 674 jam
491 639 612 666 secundo
634 644 728 673 gentes
752 638 779 665 in
802 637 912 665 Christo
933 642 1088 672 speraturas

304 686 393 720 ponit,
410 693 471 712 cum
501 685 628 719 superius
642 685 709 713 illud
725 685 845 712 dixerit:
867 694 876 710 ι
898 685 925 712 in
943 685 1002 719 ipso
1024 693 1090 720 gen-

303 736 345 759 tes
358 732 507 765 sperabunt
521 731 553 758 ⁸⁷.
568 737 576 752 ›
593 730 642 758 llic
659 739 723 758 vero
739 741 744 757 :
760 741 769 757 ‹
785 732 812 758 in
827 731 937 758 nomine
950 731 1010 765 ejus
1025 739 1091 766 gen—

303 782 344 805 tes
359 777 518 812 sperabunt.
538 787 546 802 ι
562 777 649 803 Etiam
668 777 719 812 ipsi
737 776 821 803 David
836 777 939 804 dictum
952 782 994 804 est
1010 776 1043 811 ³⁸,
1057 777 1091 804 de

304 822 394 850 fructu
410 823 512 850 ventris
526 823 586 856 ejus
601 823 788 850 suscitandum
805 831 864 850 esse
879 823 1023 857 quemdam
1036 843 1042 854 ,
1057 821 1092 849 de

304 876 360 904 quo
376 869 506 904 deinceps
521 869 558 896 ait
572 868 644 896 Deus
658 878 664 895 :
690 878 698 893 ι
715 868 774 903 Ipse
790 868 927 896 invocabit
940 876 998 899 me,
1015 872 1093 903 pater

306 923 383 942 meus
399 923 428 942 es
445 920 472 941 tu
483 936 490 948 ,
507 919 534 942 et
547 923 597 950 ego
613 915 824 950 primogenitum
839 922 937 950 ponam
955 922 1016 942 eum
1029 915 1061 942 ³³.
1080 925 1088 941 ι

306 960 374 988 Nam
390 960 423 988 de
443 961 494 987 hoc
511 969 607 988 rursus
622 961 724 987 dictum
745 965 787 988 est
803 970 808 987 :
823 969 832 985 Ι
850 960 882 987 Ει
905 960 1092 987 dominabitur
1106 951 1128 980 Β

307 1013 322 1033 a
339 1007 405 1032 mari
424 1014 509 1040 usque
524 1007 556 1032 ad
575 1014 650 1033 mare
662 1026 670 1038 ,
693 1011 720 1033 et
741 1014 755 1033 a
777 1006 935 1034 [luminibus
957 1014 1043 1040 usque
1057 1007 1091 1034 ad

306 1052 438 1079 terminos
452 1052 526 1079 orbis
539 1055 620 1079 teme
633 1052 665 1078 ⁸ο.
685 1062 693 1077 ι
708 1052 739 1078 Ει
753 1059 848 1079 rursus
863 1061 869 1080 :
885 1061 894 1077 ‹
910 1051 1011 1079 Omnes
1026 1060 1091 1087 gen—

308 1101 349 1125 tes
364 1098 482 1125 servient
496 1098 520 1124 ei
533 1118 539 1127 .
558 1101 584 1125 et
599 1098 796 1125 benedicentur
811 1098 837 1124 in
854 1103 879 1125 te
892 1106 988 1125 omnes
1003 1099 1091 1125 tribus

307 1148 386 1170 terra:
404 1143 437 1169 ⁸¹.
455 1153 463 1168 ι
478 1142 611 1170 Praeterea
626 1146 716 1169 autem
741 1143 817 1169 locus
838 1143 946 1178 quidem
968 1146 1059 1170 certus
1077 1150 1092 1169 a

310 1189 423 1216 Michaza
439 1190 558 1220 canitur,
576 1189 602 1215 in
621 1196 676 1223 quo
690 1190 712 1215 is
727 1189 849 1216 oriturus
866 1189 916 1221 sit,
935 1189 968 1216 de
983 1196 1038 1223 quo
1054 1189 1093 1216 fe-

308 1239 407 1262 runtur
428 1240 466 1261 tot
488 1235 616 1261 vaticinia
631 1244 638 1261 :
653 1243 661 1259 ι
678 1234 712 1262 Et
737 1239 776 1265 tu.
801 1235 901 1269 inquit,
922 1234 1091 1266 Bethlehem,

309 1282 407 1308 domus
422 1281 561 1315 Euphrata
572 1302 579 1313 ,
597 1280 710 1307 minima
723 1288 753 1308 es
770 1283 799 1307 ut
813 1281 853 1307 sis
869 1281 896 1307 in
909 1280 1030 1307 millibus
1043 1279 1093 1307 Ju-

310 1327 364 1353 da:
378 1334 410 1354 ex
425 1331 451 1353 te
465 1326 531 1352 mihi
545 1326 700 1361 egredietur
711 1326 780 1359 dux,
798 1327 843 1361 qui
857 1331 951 1361 pascet
963 1327 1092 1360 populum

311 1381 401 1400 meum
427 1371 526 1405 Israel,
552 1378 578 1399 et
601 1373 689 1399 exitus
711 1372 772 1406 ejus
792 1372 826 1399 ab
846 1372 925 1399 initio
949 1380 983 1398 ex
998 1372 1094 1399 diebus

311 1418 402 1445 saeculi
415 1419 437 1434 δ’
451 1427 457 1445 :
476 1428 484 1444 ι
499 1421 526 1445 et
537 1426 632 1446 omnes
649 1418 824 1450 conﬁtentur,
839 1418 865 1444 in
879 1417 1034 1445 Bethlchem
1049 1417 1094 1444 Je-

311 1472 371 1492 sum
388 1464 526 1491 Christmn
542 1472 604 1491 esse
619 1468 724 1491 natum.
742 1463 814 1496 Quin
827 1464 908 1491 etiam
926 1464 1021 1490 incolae
1034 1464 1094 1498 ejus

311 1511 363 1538 loci
380 1511 537 1545 speluncam
552 1510 651 1537 ibidem
667 1515 819 1537 monstrant
834 1509 867 1537 iis
877 1530 885 1543 ,
899 1510 945 1544 qui
960 1510 993 1536 ab
1005 1513 1095 1537 exter-

313 1558 355 1584 nis
375 1556 455 1584 terris
476 1557 600 1584 venerint
620 1556 653 1583 ad
677 1556 877 1591 spectandum:
897 1559 924 1582 et
944 1555 1022 1583 locus
1034 1556 1095 1590 qui-

311 1602 372 1630 dem
387 1603 431 1630 hic
445 1602 491 1629 ubi
509 1607 584 1630 ortus
600 1603 659 1637 ejus
674 1602 782 1630 futurus
796 1602 863 1634 fuit,
877 1601 1025 1636 praedictus
1042 1606 1094 1629 est.

312 1648 400 1684 Ipsius
416 1656 479 1675 vero
494 1652 571 1675 ortus
588 1648 750 1675 miraculum
763 1668 770 1680 ,
789 1655 862 1675 nunc
882 1648 999 1675 obscure
1017 1655 1048 1674 ac
1068 1647 1097 1674 Ii-

311 1699 407 1730 gurate
417 1715 424 1727 ,
438 1701 512 1721 nunc
526 1694 606 1728 plane
619 1697 647 1720 et
662 1697 755 1728 aperte
769 1693 846 1727 ponit
861 1691 945 1720 Isaias
959 1701 966 1719 :
982 1692 1098 1719 obscure

312 1740 422 1776 quidem
434 1760 441 1771 ,
462 1740 508 1767 ubi
531 1740 586 1767 ait:
604 1749 614 1766 ι
630 1739 763 1772 Domine,
784 1739 846 1774 quis
858 1739 975 1766 credidit
993 1738 1098 1766 auditui

313 1786 429 1814 nostro?
450 1789 477 1813 et
501 1785 645 1813 brachium
670 1785 776 1812 Domini
804 1786 847 1812 cui
872 1785 1019 1813 revelatum
1039 1785 1099 1812 est?

314 1831 537 1860 annuntiavimus
563 1839 654 1858 coram
679 1839 726 1862 eo,
748 1830 827 1865 quasi
848 1831 997 1865 puerulus,
1020 1829 1098 1864 quasi

314 1877 391 1904 radix
409 1877 437 1903 in
453 1880 526 1904 terra
542 1877 647 1904 sitienti
664 1876 697 1904 ⁸³.
713 1886 722 1902 ι
738 1876 791 1903 Pro
805 1883 860 1910 quo
877 1876 973 1910 Aquila
989 1875 1098 1910 quidem

314 1923 355 1950 sic
376 1923 570 1958 interpretatus
591 1928 652 1950 est:
671 1932 681 1948 ι
698 1922 731 1949 Et
754 1922 948 1957 prwdicabitur
969 1926 1100 1957 tanquam

317 1967 389 2001 quod
407 1968 490 1994 ubere
512 1967 633 1994 nutritur
654 1967 681 1993 in
704 1966 800 1994 faciem
828 1966 903 2000 ejus,
925 1970 951 1994 et
971 1971 1100 2002 tanquam

316 2011 394 2039 radix
408 2011 442 2038 de
453 2015 527 2039 terra
542 2012 626 2039 invia.
642 2022 651 2038 ι
662 2011 832 2039 Theodotion
844 2020 909 2040 vero
921 2022 928 2039 :
941 2021 950 2038 ι
965 2012 998 2039 Ει
1009 2020 1102 2040 ascen-

316 2057 362 2085 det
377 2058 448 2085 sicut
462 2059 534 2092 quod
548 2059 618 2086 lacte
633 2058 716 2085 alitur
729 2066 820 2085 coram
835 2066 885 2090 eo,
898 2063 925 2086 et
938 2059 1009 2086 sicut
1024 2059 1101 2086 radix

318 2103 345 2132 iu
361 2107 433 2130 terra
448 2103 561 2131 sitienti.
579 2113 587 2129 ι
603 2103 653 2131 llis
668 2103 740 2130 enim
756 2104 846 2131 verbis
861 2111 922 2131 cum
935 2104 1101 2132 mentionem

318 2149 413 2178 fecerit
427 2149 558 2184 propheta
573 2149 607 2177 de
623 2149 735 2176 brachio
751 2149 876 2181 Domini,
893 2151 964 2184 quod
978 2153 1038 2176 erat
1053 2148 1101 2177 Dei

317 2193 436 2222 Verbum
449 2203 456 2221 :
471 2204 481 2221 ί
492 2194 590 2221 Coram
605 2202 647 2226 eo,
660 2194 763 2229 inquit,
786 2195 1009 2222 annuntiavimus
1023 2194 1101 2229 quasi

317 2241 461 2275 puerulum
487 2241 650 2272 lactentem.
676 2245 703 2267 et
725 2241 772 2275 qui
796 2241 878 2268 ubere
902 2241 1052 2272 nutriatur,
1075 2244 1102 2267 et

317 2286 397 2321 quasi
413 2285 532 2313 radicem
550 2286 583 2312 de
599 2289 671 2313 terra
690 2286 761 2313 invia
776 2295 782 2318 ;
800 2296 809 2311 ι
824 2286 868 2313 ubi
889 2286 1019 2320 puerulus
1040 2285 1102 2320 qui.

317 2331 379 2358 dem
396 2331 455 2361 ille,
474 2331 520 2365 qui
535 2331 618 2358 ubere
633 2335 713 2365 atque
730 2331 799 2358 lacte
816 2331 946 2361 nutritur.
964 2331 1043 2366 plane
1056 2339 1102 2358 or-

319 2381 376 2406 tum.
393 2377 496 2404 Christi
514 2376 648 2404 declarat.
667 2375 752 2404 Terra
768 2384 833 2405 vero
848 2377 921 2403 invia
937 2381 963 2404 et
986 2377 1099 2410 sitiens,

316 2423 373 2458 98
387 2423 519 2457 virginem
543 2430 603 2457 qua:
624 2422 699 2449 illum
723 2423 803 2449 enixa
818 2427 875 2455 est,
898 2430 980 2458 quam
998 2423 1102 2450 scilicet

318 2468 409 2495 nullus
424 2468 466 2494 vir
480 2467 564 2500 adiit,
578 2467 611 2494 de
625 2475 678 2502 qua
692 2468 816 2502 quamvis
832 2469 904 2496 invia
915 2488 923 2501 ,
936 2469 1045 2496 laudata
1058 2469 1103 2496 illa

318 2513 396 2541 radix
418 2513 537 2548 prodiit,
560 2517 588 2541 et
610 2514 657 2548 qui
681 2514 783 2546 ubere,
805 2514 929 2549 lacteque
952 2515 1103 2542 nutriretur

317 2560 460 2594 puerulus.
478 2559 579 2588 Verum
596 2559 654 2588 haec
670 2560 831 2588 adumbrate
848 2560 994 2587 admodum
1017 2560 1102 2595 signi-

317 2604 426 2633 ﬁcavit:
453 2605 575 2639 apertius
599 2611 664 2635 vero
686 2604 756 2635 idem
781 2605 913 2640 propheta
940 2605 1101 2632 sententiam

318 2655 395 2677 suam
419 2648 626 2684 interpretatur,
643 2649 689 2678 ubi
706 2650 763 2676 ait:
779 2658 788 2675 ι
805 2649 876 2676 Ecce
890 2649 966 2684 virgo
981 2648 1006 2674 in
1025 2651 1103 2675 utero

318 2693 422 2728 capiet,
438 2698 465 2722 et
480 2695 568 2729 pariet
585 2695 686 2728 tilium,
699 2699 726 2725 et
739 2695 875 2723 vocabunt
890 2702 990 2726 nomen
1019 2693 1078 2728 ejus
1091 2702 1100 2719 υ

353 2772 375 2787 ³⁸
392 2771 444 2798 lsa.
458 2780 523 2802 xui,
539 2773 563 2800 l.

319 2806 340 2823 “
367 2807 433 2840 ibid.
450 2807 492 2838 Η,
508 2807 550 2834 17.
588 2807 610 2825 ⁸⁸
625 2808 703 2835 Mich.
723 2817 748 2839 ι’,
767 2808 793 2838 2,
832 2808 854 2823 ⁸⁸
867 2807 918 2835 Isa.
937 2815 995 2838 LIII,
1014 2806 1076 2841 πει

355 2889 391 2923 (ι)
413 2888 488 2920 Μξε..
507 2890 561 2924 Τῆς
578 2890 606 2916 δὲ
616 2890 748 2924 γενέσεως
763 2888 844 2915 αὑτοῦ
859 2888 888 2914 τὸ
911 2887 1024 2924 θαῦμαὲ
1040 2886 1104 2924 ποτὲ

321 2925 368 2964 μὲν
379 2921 412 2957 δι’
424 2921 600 2960 αἰνιγμάτων,
616 2921 679 2952 ποτὶ
694 2925 721 2952 δὲ
735 2925 781 2950 καὶ
792 2924 950 2963 λευκότερον
963 2921 976 2949 ὀ
993 2921 1106 2951 Ἡσαΐας

601 2772 624 2788 ³⁸
638 2772 702 2800 ibid.
715 2773 741 2801 4.
780 2773 800 2787 ³⁷
817 2771 868 2800 lsa.
883 2780 921 2805 XI,
934 2772 977 2799 10.
1015 2771 1037 2787 ³⁵
1048 2770 1068 2798 ιι
1080 2772 1145 2807 Reg.

1138 331 1147 346 ‹
1159 321 1251 347 Πάντα
1265 321 1299 348 τὰ
1323 321 1385 357 ἔθνη
1402 321 1588 349 δουλεύσουσιν
1605 322 1694 357 αὐτῷ,
1712 322 1758 349 καὶ
1781 323 1923 359 ὲνευλογη-

1136 367 1263 401 θήσονται
1280 368 1309 393 ἐν
1323 367 1364 394 σοὶ
1376 368 1460 394 πᾶσαι
1477 369 1505 394 αἱ
1518 368 1598 402 φυλαὶ
1613 368 1664 403 τῆς
1676 369 1735 404 γῆς.
1751 380 1759 394 ι
1776 369 1831 396 Καὶ
1842 369 1922 400 τόπος

1135 413 1163 439 δέ
1180 421 1222 444 τις
1238 413 1319 440 πάλιν
1333 413 1522 449 ἀφωρισμένος
1545 414 1596 448 τῆς
1617 413 1663 440 τοῦ
1685 415 1922 450 προφητευομένου

1136 459 1268 493 γενέσεως
1281 459 1438 491 θεσπίζεται
1449 459 1500 486 ὑπὸ
1507 460 1621 494 Μιχαίου
1630 460 1763 494 λέγοντοςε
1781 470 1789 486 ι
1805 461 1860 487 Καὶ
1877 461 1920 493 0'5,

1139 505 1271 540 Βηθλεὲμ,
1284 503 1356 536 οἶκος
1364 505 1410 531 τοῦ
1427 504 1567 540 Εὺφραθᾶ,
1577 505 1714 538 ὀλιγοστὸς
1723 504 1747 531 εἷ
1760 506 1806 531 τοῦ
1817 504 1885 532 εἶναι
1895 507 1922 532 ἐν

1138 549 1254 585 χιλιάσιν
1271 550 1373 576 Ἰούδα·
1392 550 1425 576 ἐκ
1436 550 1483 576 σοῦ
1505 559 1548 585 μοι
1573 550 1741 582 ἐξελεύσεται
1763 550 1922 586 ἡγούμενος,

1138 598 1212 629 ὅστις
1229 599 1355 632 ποιμανεῖ
1373 597 1419 624 τὸν
1443 597 1505 624 λαόν
1535 606 1583 632 μου
1607 598 1652 624 τὸν
1679 597 1802 633 Ἰσραήλ·
1830 598 1877 624 καὶ
1897 599 1924 624 αἱ

1139 642 1221 673 ἔξοδοι
1238 641 1319 668 αὐτοῦ
1339 642 1465 678 ἀπαρχῆς
1488 642 1517 674 ἐξ
1534 641 1644 677 ἡμερῶν
1667 641 1772 674 αἰῶνος.
1786 652 1794 668 ι
1817 642 1926 677 Ὡμολό-

1139 695 1222 722 γηται
1236 687 1264 713 δὲ
1281 687 1357 722 παρὰ
1374 688 1430 718 τοῖς
1443 688 1535 717 πᾶσιν,
1556 687 1596 713 ὅτι
1612 688 1641 713 ὲν
1658 687 1783 723 Βηθλεὲμ.
1795 687 1924 723 ἐγεννήθη

1147 733 1249 767 Ἰησοῦς
1261 734 1274 759 6
1288 733 1413 768 Χριστὸς,
1429 733 1466 764 ὡς
1478 733 1526 759 καὶ
1541 733 1671 768 σπήλαιον
1686 733 1839 760 δείκνυσθαι
1859 734 1926 769 πρὸς

1140 778 1194 805 τῶν
1209 778 1361 814 ἐπιχωρίων
1377 778 1469 805 αὑτὸοι
1480 780 1535 810 τοῖς
1547 779 1593 805 ἐπὶ
1609 778 1672 804 Θέαν
1685 778 1738 805 ἀπὸ
1753 779 1802 814 τῆς
1811 778 1924 805 ἀλλοδα-

1142 823 1195 859 πῆς
1206 824 1422 859 ἀφικνουμένοις.
1439 824 1493 851 Καὶ
1508 825 1521 849 6
1541 824 1589 859 μὲν
1601 824 1682 856 τόπος
1698 822 1784 858 οὗτος,
1806 825 1869 852 ἔνθα
1882 834 1928 860 γε-

1142 870 1287 905 γεννῆσθαι
1300 870 1421 905 ἔμελλεν,
1435 871 1582 906 προείρητο
1591 880 1597 886 ·
1610 871 1652 903 τίς
1667 871 1695 897 δὲ
1706 871 1752 897 καὶ
1769 871 1928 908 λευκότερον

1143 917 1156 942 6
1175 916 1287 947 Ἡσαΐας
1303 917 1469 951 παρίστησι.
1489 917 1521 944 δι’
1536 918 1704 952 αἰνιγμάτων
1723 918 1772 953 μὲν
1793 917 1847 952 (Ι),
1866 919 1928 944 ὅταν

1142 961 1224 996 λέγῃ·
1244 971 1252 986 ι
1273 961 1369 996 Κύριε,
1386 961 1428 993 τίς
1441 962 1584 988 ἐπίστευσε
1603 965 1634 998 τῇ
1655 964 1722 998 ἀκοῇ
1743 963 1831 999 ἡμῶν,
1856 965 1901 990 καὶ
1915 965 1929 990 6

1144 1006 1260 1042 βραχίων
1288 1008 1391 1042 Κυρίου
1422 1007 1473 1034 τίνι
1500 1008 1700 1044 ἀπεκαλύφθη;
1730 1010 1929 1045 ὰνηγγείλαμεν

1143 1053 1261 1080 ἐναντίον
1277 1053 1360 1080 αὑτοῦ
1374 1053 1411 1085 ὡς
1428 1054 1542 1085 παιδίον,
1559 1054 1596 1083 ὡς
1613 1055 1674 1090 ῥίζα
1690 1055 1719 1081 ἐν
1740 1056 1774 1090 γῇ
1789 1056 1903 1091 διψώσῃ.
1917 1065 1926 1081 ι

1149 1099 1217 1125 Ἀνθ’
1232 1097 1262 1125 οὗ
1282 1101 1296 1126 ὁ
1316 1099 1364 1135 μὲν
1390 1100 1505 1131 Ἀκύλας
1525 1101 1697 1136 ὴρμήνευσεν
1720 1101 1821 1132 οὕτως’
1847 1111 1855 1126 ι
1876 1102 1931 1128 Καὶ

1143 1145 1361 1181 ἀναρρηθήσεται
1375 1147 1412 1177 ὡς
1425 1146 1606 1181 τιτθιζόμενον
1621 1148 1660 1177 είς
1677 1147 1819 1182 πρόσωπον
1833 1146 1926 1177 αὑτοῦ,

1144 1191 1191 1217 καὶ
1215 1191 1252 1222 ὡς
1269 1191 1330 1226 ῥίζα
1357 1192 1410 1217 ἀπὸ
1433 1192 1484 1226 γῆς
1511 1192 1611 1218 ἀϐάτου
1630 1200 1636 1208 '
1654 1202 1662 1217 ι
1681 1193 1695 1218 6
1716 1192 1743 1217 δὲ
1765 1191 1928 1218 Θεοδοτίων·

1147 1246 1156 1262 ι
1171 1237 1217 1263 καὶ
1243 1237 1408 1271 ἀναϐήσεται
1429 1237 1466 1268 ὡς
1487 1237 1602 1273 θηλὰςον
1624 1237 1736 1263 ἐνώπιον
1765 1237 1863 1268 αὑτοῦ,
1884 1237 1931 1262 καὶ

1144 1283 1181 1314 ὡς
1195 1282 1256 1317 ῥίζα
1267 1284 1294 1309 ἐν
1307 1285 1342 1318 γῇ
1354 1283 1467 1319 διψώσῃ.
1482 1293 1491 1308 ι
1504 1283 1553 1309 Διὰ
1567 1283 1620 1318 γὰρ
1631 1283 1731 1309 τούτων
1745 1283 1932 1318 μνημονεύσας

1144 1329 1159 1354 ὁ
1175 1329 1316 1365 προφήτης
1333 1329 1378 1356 τοῦ
1401 1328 1540 1364 βραχίονος
1563 1328 1609 1354 τοῦ
1629 1329 1746 1364 Κυρίου,
1761 1328 1790 1360 ὃς
1805 1327 1839 1364 ἦν
1854 1330 1868 1355 6
1883 1328 1931 1355 τοῦ

1145 1374 1212 1401 Θεοῦ
1227 1375 1314 1408 λόγος,
1329 1384 1338 1399 ι
1356 1374 1484 1401 Ἑνώπιον
1498 1375 1592 1406 αὑτοῦ,
1609 1384 1617 1400 ι
1640 1376 1732 1410 φησὶν,
1749 1384 1758 1400 ι
1771 1374 1933 1409 ἀνηγγείλα-

1148 1430 1197 1456 μεν
1213 1421 1250 1452 ὡς
1271 1421 1375 1448 παιδίον
1398 1421 1512 1456 Θηλάζον
1530 1422 1575 1447 καὶ
1603 1421 1802 1456 τιτθιζόμενον,
1824 1421 1871 1447 καὶ
1895 1421 1933 1452 ὡς

1148 1467 1224 1502 ῥίζαν
1237 1467 1290 1494 ἀπὸ
1304 1467 1355 1501 γῆς
1368 1466 1478 1493 ἀϐάτου.
1492 1477 1499 1491 ι
1515 1467 1552 1492 Τὸ
1567 1467 1614 1502 μὲν
1627 1466 1674 1493 οὖν
1688 1467 1792 1493 παιδίον
1804 1467 1834 1492 τὸ
1848 1466 1934 1492 τιτθι-

1147 1511 1259 1547 ζόμενον
1272 1513 1318 1539 καὶ
1336 1512 1451 1547 θηλᾰζον
1467 1513 1595 1548 ἄντικρυς
1611 1513 1659 1548 τὴν
1678 1512 1783 1546 γένεσιν
1804 1512 1851 1538 τοῦ
1867 1512 1935 1547 Χρι-

1150 1557 1212 1584 στοῦ
1226 1557 1313 1592 δηλοῖι
1333 1559 1349 1592 ἡ
1365 1558 1392 1584 δὲ
1402 1558 1437 1592 γῆ
1452 1557 1551 1589 ἄϐατος
1565 1558 1612 1583 καὶ
1626 1557 1729 1592 διψῶσα
1744 1557 1792 1592 τὴν
1811 1557 1933 1593 ἀποκυή-

1149 1610 1232 1628 σασαν
1258 1602 1337 1629 αὺτὸν
1355 1601 1486 1638 παρθένον
1499 1621 1506 1633 ,
1564 1602 1649 1633 οὐδεὶς
1666 1601 1734 1637 ἀνὴρ
1758 1601 1934 1636 ἐπιϐέϐηκεν,

1149 1648 1194 1682 ἀφ’
1214 1646 1257 1683 ἦς.
1282 1647 1381 1682 καίπερ
1405 1647 1505 1674 ἀϐάτου
1532 1646 1739 1682 τυγχανούσης,
1758 1646 1891 1682 προῆλθεν
1917 1646 1935 1681 ἠ

1149 1693 1319 1729 εὐλογημένη
1343 1692 1415 1728 ῥίζα,
1437 1693 1483 1720 καὶ
1498 1692 1528 1718 τὸ
1548 1691 1731 1727 τιτθιξόμενον
1749 1692 1796 1718 καὶ
1818 1691 1935 1726 θηλάζον

1149 1739 1262 1767 παιδίον.
1289 1739 1367 1765 Ἀλλὰ
1390 1738 1476 1765 ταῦτα
1499 1738 1548 1773 μὲν
1573 1738 1793 1773 ὲπεσκιασμένως
1809 1737 1934 1772 ᾐνίξατο·

1149 1785 1314 1821 γυμνότερον
1331 1784 1358 1811 δὲ
1373 1785 1386 1811 ὁ
1401 1784 1482 1815 αὐτὸς
1496 1783 1640 1819 ἐρμηνεύει
1654 1784 1798 1819 προφήτης
1812 1783 1861 1818 τὴν
1877 1782 1934 1809 διά-

1149 1839 1234 1861 νοιαν,
1254 1831 1296 1856 ἐπ’
1314 1830 1346 1856 ἂν
1370 1830 1455 1866 λέγῃ·
1475 1838 1484 1854 ‹
1506 1829 1570 1855 Ἰδοὺ
1591 1829 1607 1862 ἡ
1632 1828 1764 1863 παρθένος
1787 1829 1815 1855 ὲν
1837 1828 1935 1863 γαστρὶ

1150 1875 1274 1910 λήψεται,
1291 1875 1336 1901 καὶ
1352 1874 1458 1907 τέξεται
1483 1874 1540 1900 υἱον
1551 1895 1557 1906 ,
1575 1874 1621 1899 καὶ
1638 1873 1780 1900 καλέσουσι
1795 1873 1825 1899 τὸ
1849 1872 1934 1907 ὄνομα

1150 1921 1230 1948 αὑτοῦ
1257 1920 1314 1955 μεθ’
1333 1920 1410 1954 ἡμῶν
1425 1921 1438 1946 6
1453 1919 1528 1950 Θεὸς.
1543 1930 1551 1944 ι
1567 1919 1650 1946 Τοῦτο
1666 1919 1720 1954 γὰρ
1743 1918 1887 1954 ἑρμηνεύει
1905 1917 1937 1944 τὺ

1153 1975 1162 1991 (
1184 1966 1365 2001 Ἐμμανουήλ.
1382 1975 1390 1991 ι
1406 1965 1522 1991 Τοιαῦτα
1531 1966 1594 2000 περὶ
1609 1965 1706 2000 τῆςείς
1723 1964 1881 1999 ἀνθρώπους
1891 1971 1936 1998 γι-

1151 2011 1250 2042 νέσεως
1264 2010 1311 2037 τοῦ
1329 2010 1445 2045 Χριστοῦ
1467 2009 1548 2036 πάλαι
1573 2010 1704 2044 πρότερον
1720 2010 1782 2044 παρ’
1803 2008 1936 2044 Ἑϐραίοις

1153 2055 1354 2091 μεμελετάσθω.
1382 2057 1454 2090 Μήτι
1474 2053 1518 2082 οὖν
1536 2055 1656 2087 ἐπίδοξον
1679 2063 1739 2081 τινα
1759 2054 1903 2090 δυνάστην,
1919 2054 1935 2089 ἢ

1151 2101 1298 2137 τύραννον,
1317 2101 1333 2136 ἧ
1355 2109 1416 2130 τινα
1436 2100 1522 2132 ἄλλως
1542 2100 1595 2127 τῶν
1613 2100 1646 2127 τὰ
1665 2099 1768 2134 μεγάλα
1793 2098 1864 2125 κατὰ
1893 2099 1938 2125 τὸν

1152 2147 1208 2182 βίον
1224 2146 1389 2181 δυναμένων,
1400 2147 1445 2172 τὸν
1464 2146 1699 2181 προφητευόμενον
1716 2145 1937 2180 ὑπογράφουσιν;

1151 2193 1200 2219 οὐκ
1217 2192 1289 2218 ἐστιν
1306 2192 1392 2218 εἰπεῖν
1404 2200 1409 2206 ⁸
1423 2192 1463 2217 ὅτι
1482 2191 1549 2226 μηδὲ
1562 2191 1646 2225 ἐφάνη
1659 2190 1787 2220 τοιοῦτος.
1802 2189 1870 2215 Ἀλλ’
1884 2186 1938 2220 οἷος

1152 2239 1236 2274 ἐφάνη
1250 2238 1287 2274 τῷ
1304 2238 1363 2273 βίῳ,
1375 2238 1493 2269 τοιοῦτον
1506 2237 1585 2263 αὑτὸν
1601 2236 1648 2263 καὶ
1660 2236 1805 2262 ἐθέσπισαν
1819 2234 1937 2265 ἔσεσθαι,

1151 2285 1200 2319 τῆς
1232 2283 1360 2319 ἀληθείας
1387 2284 1445 2315 κατ’
1471 2283 1546 2309 οὐδὲν
1577 2281 1810 2316 ἀπολελειμμένοι.
1846 2279 1937 2306 Εἰπὼν

1151 2330 1174 2357 δ’
1190 2327 1235 2356 οὖν
1251 2330 1265 2356 6
1277 2329 1406 2360 Ἡσαΐας·
1418 2339 1426 2353 ι
1439 2328 1648 2363 Ἀνηγγείλαμεν
1665 2327 1777 2354 ἐνώπιον
1793 2325 1886 2356 αὑτοῦ,
1902 2325 1940 2356 ὡς

1155 2376 1269 2406 παιδίον,
1286 2375 1323 2406 ὡς
1339 2375 1399 2410 ῥίζα
1416 2376 1444 2401 ὲν
1458 2375 1492 2411 γῇ
1509 2373 1628 2408 διψώσῃο
1651 2382 1659 2398 ι
1677 2372 1738 2406 ἑξῆς
1754 2372 1881 2400 συνάπτει
1897 2370 1941 2396 λέ-

1155 2431 1224 2456 γων·
1242 2431 1251 2447 ι
1265 2421 1321 2449 Οὐκ
1336 2421 1409 2448 ἔστιν
1429 2418 1498 2450 εἶδος
1513 2419 1586 2454 αὐτῷ
1602 2419 1662 2446 οὐδὲ
1675 2419 1753 2450 δόξα·
1771 2418 1818 2444 καὶ
1833 2417 1939 2451 εἴδομεν

1156 2467 1248 2498 αὑτὸν,
1269 2467 1315 2494 καὶ
1330 2467 1380 2493 οὐκ
1396 2463 1467 2501 εἶχεν
1485 2462 1553 2499 εἶδος
1580 2464 1640 2492 οὐδὲ
1654 2464 1766 2495 κάλλος·
1793 2462 1840 2489 καὶ
1856 2460 1888 2497 ἦν
1911 2461 1940 2487 τὸ

1156 2511 1225 2544 εἶδος
1247 2511 1329 2539 αὐτοῦ
1352 2511 1447 2546 ἄτιμον
1471 2510 1518 2537 καὶ
1541 2509 1663 2535 ἐκλεῖπον
1678 2508 1753 2543 παρὰ
1780 2507 1841 2538 τοὺς
1867 2507 1941 2538 υἱοὺς

1155 2557 1208 2584 τῶν
1225 2555 1386 2591 ἀνθρώπων,
1404 2554 1572 2589 Ἀνθρωπος,
1586 2555 1614 2580 ὲν
1628 2553 1717 2588 πληγῇ
1735 2551 1782 2582 ὢν,
1798 2551 1845 2578 καὶ
1863 2550 1940 2581 εἰδὼς

1156 2602 1247 2637 φέρειν
1267 2601 1401 2637 μαλακίαν
1412 2622 1418 2631 ,
1437 2599 1586 2634 ὴτιμάσθη,
1604 2599 1651 2631 καὶ
1669 2598 1718 2624 οὐκ
1733 2596 1867 2631 ἐλογίσθη.
1882 2605 1891 2620 ι
1908 2595 1940 2621 Τί

1155 2645 1201 2674 οὖν
1223 2647 1345 2673 λείπεται
1373 2646 1418 2679 ἐπὶ
1442 2644 1560 2676 τούτοις
1583 2644 1613 2670 Εἰ
1638 2644 1691 2678 γὰρ
1708 2644 1834 2678 προεῖπον
1858 2639 1940 2669 αὐτοῦ

1157 2693 1260 2729 φυλὴν,
1283 2693 1330 2719 καὶ
1356 2691 1449 2726 γένος,
1474 2692 1521 2719 καὶ
1536 2690 1634 2726 τρόπον
1651 2689 1799 2723 γενέσεως,
1824 2687 1869 2714 καὶ
1892 2686 1941 2721 τῆς

1165 2779 1212 2801 vn.
1227 2770 1269 2797 19..
1307 2770 1328 2785 ³⁹
1345 2769 1416 2797 Psal.
1429 2776 1560 2799 Lxxxvm,
1573 2766 1668 2798 27,28.
1707 2767 1729 2783 ⁵ο
1745 2766 1815 2793 [‘sal.
1829 2763 1939 2797 Lxxi,8.

1159 2885 1315 2920 παρίστησι,
1333 2884 1365 2910 δι’
1379 2882 1546 2918 αἰνιγμάτων
1562 2882 1620 2916 μέν,
1637 2889 1664 2909 κ.
1686 2889 1711 2907 τ.
1725 2880 1761 2912 λ..
1778 2884 1804 2907 et
1823 2879 1864 2908 sic
1879 2879 1941 2915 legit

1161 2926 1304 2955 interpres.
