2071 3219
286 203 338 230 183

617 203 753 232 EUSEB"
771 202 1008 231 CASSARIENSIS
1026 203 1100 231 OPP.
1124 203 1213 231 PARS
1230 204 1263 230 ll.
1284 218 1319 224 —
1336 203 1583 232 APOLOGETICA.

1843 206 1895 234 {85

283 258 453 294 prophetiam
474 258 635 292 terminare,
658 260 682 287 si
705 259 772 286 nihil
795 259 911 293 amplius
939 259 1059 286 futurum

1112 259 1218 286 αἰώνιον
1247 259 1318 295 ζωὴν
1339 260 1431 293 αὐτοῦ,
1447 262 1496 298 τὴν
1515 261 1583 297 μετὰ
1601 261 1646 288 τὸν
1669 262 1791 294 θάνατον,
1813 263 1829 298 ἢ
1849 264 1895 290 τιν

285 309 346 340 post
360 305 460 332 Christi
487 309 601 333 mortem
627 305 750 338 vidisset,
772 306 819 333 sed
834 305 972 341 quoniam,
989 305 1063 333 brevi

285 358 361 377 mora
380 351 534 385 interjecta,
550 355 609 379 erat
627 359 641 378 a
660 355 748 379 morte
761 352 818 379 sive
832 359 846 378 a
866 352 1006 386 sepultura
1020 359 1062 378 re-

283 397 460 432 migraturus,
477 400 559 432 atque
586 398 614 424 in
640 397 724 424 vitam
752 397 947 428 restituendus.
964 396 997 424 de
1012 396 1063 424 hac

282 449 391 476 quoque
408 450 437 469 re
458 442 586 477 deinceps
614 442 670 469 haec
700 442 784 475 addit,
805 442 845 470 sic
862 441 956 470 dicens
974 451 980 468 :
1002 450 1011 467 ‹
1030 440 1062 467 Ει

283 486 414 515 Dominus
434 488 490 514 vult
510 495 623 522 purgare
640 495 700 515 eum
722 495 737 514 a
753 488 828 523 plaga
849 488 872 515 si
888 488 1014 520 traditus,
1027 488 1063 514 sit

283 541 333 568 pro
343 537 463 568 peccato.
475 533 570 560 Anima
576 538 666 561 vestra
677 534 778 561 videbit
789 542 880 562 semen
891 535 1040 569 longmvum
1053 543 1060 561 :

282 583 310 606 et
326 579 383 605 vult
409 578 538 607 Dominus
555 579 663 607 auferre
689 580 807 606 alabore
831 580 929 607 animae
947 579 1018 614 ejus,
1033 584 1063 606 ut

283 625 410 652 ostendat
425 626 449 652 ci
466 625 595 652 lucem”.
609 635 618 651 ι
636 623 686 658 Qui
702 625 826 660 superius
840 624 909 652 dixit
928 633 955 652 ει
975 624 1062 652 Homo

285 670 313 697 in
330 670 406 705 plaga
422 672 599 703 constitutus,
618 681 627 697 ι
645 676 671 698 et
685 681 694 696 ι
712 671 757 706 qui
770 671 844 698 novit
860 670 931 698 ferre
949 671 1062 706 languo-

282 723 350 747 rem,
380 725 389 742 ι
414 724 487 743 nunc
510 719 569 750 post
590 720 703 744 mortem
734 716 793 750 ejus
823 720 850 743 et
873 716 1058 751 sepulturam:

285 769 295 785 ι
309 759 451 791 Dominus.
467 761 565 795 inquit,
586 761 643 788 vult
654 768 771 795 purgare
783 768 846 787 eum
862 767 877 787 a
892 761 982 796 plaga,
1004 769 1013 786 ι
1034 764 1062 788 et

283 805 331 839 qul
349 804 400 831 hoc
419 805 482 831 ﬁet?
504 814 512 830 ι
533 805 555 832 si
568 805 694 837 traditus.
711 805 810 840 inquit,
826 805 907 832 fuerit
929 813 978 840 pro
997 813 1061 840 pec-

280 853 353 882 cato,
377 849 468 877 anima
491 853 580 877 vestra
611 850 711 878 videbit
736 859 828 878 semen
859 851 1029 886 longaevum;
1047 861 1057 877 ι

281 903 335 923 non
353 896 426 923 enim
440 896 567 924 omnibus
582 904 743 924 concessum
759 901 801 925 est
817 899 965 932 longazvum
981 898 1060 926 Chri-

1114 305 1174 331 καθ”
1191 305 1255 340 ὅλης
1266 306 1316 341 τῆς
1334 307 1493 342 οἰκουμένης
1513 308 1696 343 ὲπισπαρέντα
1715 308 1796 335 αὑτοῦ
1817 309 1895 343 λόγον

1114 353 1261 388 μακρόϐιον
1289 353 1427 388 ἐσόμενον,
1455 355 1501 380 καὶ
1522 355 1561 385 εἰς
1586 354 1616 381 τὸ
1639 355 1682 381 ἀεὶ
1703 355 1892 390 διαρκέσοντα.

1114 397 1197 424 Πάλιν
1223 396 1358 434 ἀνώτερον
1381 398 1475 430 εἰπὼν,
1495 409 1504 423 ι
1523 400 1577 426 Kal.
1606 401 1686 435 ἡμεῖς
1713 400 1893 435 ἐλογισάμεθα

1113 444 1192 470 αὐτὸν
1203 441 1270 470 εἶναι
1286 445 1314 470 ἐν
1330 444 1411 479 πόνῳ,
1432 454 1441 470 ›
1454 444 1500 471 νῦν
1520 445 1587 479 μετὰ
1607 445 1655 479 τὴν
1669 445 1774 480 σφαγὴν
1790 446 1837 472 καὶ
1847 447 1893 474 τὸν

1113 489 1224 516 θάνατον
1244 489 1336 520 αὐτοῦ,
1358 489 1455 524 φησίν⁸
1476 499 1485 514 ί
1503 490 1556 515 Καὶ
1573 489 1694 524 βούλεται
1711 489 1812 525 Κύριος
1826 491 1893 525 ἀφε-

1112 534 1168 560 λεῖν
1182 534 1237 561 ἀπὸ
1257 534 1304 561 τοῦ
1328 534 1409 561 πόνου
1431 534 1481 569 τῆς
1496 533 1585 569 ψυχῆς
1610 534 1700 567 αὑτοῦ,
1716 535 1799 568 δεῖξαι
1820 536 1893 571 αὺτῷ

1112 579 1178 613 φῶς.
1197 588 1205 604 ι
1227 580 1302 606 Ἐπεὶ
1324 580 1413 606 τοίνυν
1428 579 1586 615 βεϐούληται
1605 580 1714 616 Κύριος,
1729 581 1742 606 6
1757 581 1811 608 τῶν
1825 582 1893 608 ὅλων

1111 624 1176 656 θεὸς
1192 624 1339 660 καθαρίσαι
1362 625 1442 651 αὐτὸν
1455 625 1504 660 τῆς
1521 625 1635 660 πληγῆς,
1660 625 1705 652 καὶ
1722 626 1806 658 δεῖξαι
1820 627 1893 662 αὑτῷ

1111 669 1179 704 φῶς,
1193 669 1300 701 πάντως
1316 679 1365 696 που
1378 669 1525 705 βουληθεὶς,
1535 670 1661 706 πράξειεν
1672 671 1705 697 ἂν
1715 671 1729 697 ὃ
1745 671 1890 707 ἠϐουλήθη.

1110 714 1192 742 Οὐδὲν
1209 715 1262 751 γάρ
1285 717 1360 741 ἐστιν
1377 715 1391 741 ὃ
1408 715 1444 751 μὴ
1461 715 1564 749 γίνεται
1585 713 1622 742 ὧν
1650 716 1791 750 βούλεται·
1817 716 1894 742 ἐϐου-

1111 760 1179 796 λήθη
1205 760 1233 787 δὲ
1259 759 1405 795 καθαρίσαι
1434 760 1514 786 αὐτὸν
1542 761 1588 787 καὶ
1613 761 1697 794 δεῖξαι
1720 761 1795 796 αὐτῷ
1818 762 1890 795 φῶς’

1109 807 1235 842 ἐποίησεν
1257 807 1310 842 ἄρα
1326 805 1412 833 ταῦτα
1439 814 1445 821 ·
1466 806 1511 833 καὶ
1522 806 1672 842 καθαρίσας
1695 807 1774 833 αὑτὸν
1793 807 1893 840 ἔδειξεν

1109 852 1183 888 αὑτῷ
1201 853 1266 886 φῶς.
1285 852 1338 879 Καὶ
1353 853 1412 879 ἐπεὶ
1424 852 1564 888 ἐϐουλήθη,
1576 853 1623 880 καὶ
1643 852 1781 888 βουληθεὶς
1799 853 1892 888 ἀφεῖλε

1109 899 1154 925 τὸν
1170 899 1249 925 πόνον
1271 898 1320 933 τῆς
1346 898 1433 933 ψυχῆς
1450 899 1542 930 αὑτοῦ,
1558 899 1605 925 καὶ
1620 898 1717 930 ἔδειξεν
1734 899 1807 934 αὐτῷ
1824 899 1892 934 φῶς,

281 942 316 968 sli
334 949 426 969 semen
444 942 554 974 intueri,
567 942 616 969 sed
636 942 669 969 iis
683 943 749 971 solis
765 943 811 979 qui
826 944 1017 976 conﬁteantur,
1032 948 1059 972 et

1110 944 1219 976 εἰκότως
1234 946 1247 971 6
1263 945 1406 980 Προφήτης
1421 945 1606 975 ἐπισυνάπτει,
1618 944 1702 979 λέγων
1712 954 1718 960 ’
1736 955 1744 970 ι
1759 945 1806 972 Διὰ
1814 945 1893 972 τοῦτο

281 995 395 1015 numera
424 987 538 1015 oll‘erant
563 988 617 1016 Deo
643 997 690 1023 pro
715 991 841 1024 peccatis.
871 990 972 1018 Horum
988 991 1060 1018 enim

280 1034 413 1060 duntaxat
436 1033 529 1060 anima
545 1034 646 1061 videbit
667 1042 758 1062 semen
783 1035 932 1071 longaevum
946 1036 1058 1069 Christi,

280 1079 332 1106 hoc
343 1082 393 1110 est,
408 1082 455 1106 aut
471 1084 599 1106 aeternam
621 1080 701 1107 vitam
717 1081 776 1115 ejus
791 1085 852 1116 post
871 1086 997 1113 mortem,
1014 1085 1060 1109 aut

279 1124 402 1158 ejusdem
422 1125 533 1152 verbum
549 1133 596 1160 per
612 1129 697 1152 totum
712 1130 846 1153 terrarum
864 1128 955 1155 orbem
972 1128 1060 1156 disse-

279 1172 423 1202 minatum,
439 1170 512 1206 quod
528 1171 678 1206 longaevum
695 1172 815 1199 futurum
828 1177 880 1204 est,
900 1181 1060 1208 semperque

279 1216 451 1244 duraturum.
479 1216 596 1250 Rursus,
613 1219 660 1253 qui
690 1219 815 1253 superius
843 1219 947 1246 dixerat
967 1227 974 1245 :
997 1229 1006 1244 ι
1027 1219 1060 1246 Ει

280 1269 330 1289 nos
345 1263 500 1296 putavimus
522 1263 596 1290 illum
618 1271 679 1291 esse
700 1263 727 1290 in
743 1264 853 1292 labore:
877 1274 887 1291 ι
910 1272 983 1292 nunc
1001 1270 1061 1300 post

280 1306 380 1335 caedem
407 1311 576 1344 morlemque
589 1309 659 1343 ejus,
683 1310 744 1336 ait:
763 1318 773 1335 ι
793 1309 826 1336 Et
848 1309 905 1337 vult
929 1309 1060 1338 Dominus

279 1353 388 1382 auferre
405 1361 419 1380 a
439 1354 532 1382 labore
547 1355 644 1383 anima:
668 1355 738 1389 ejus,
761 1361 791 1382 ut
815 1356 942 1383 ostendat
966 1357 992 1383 ei
1016 1357 1059 1383 lu-

279 1406 349 1427 cem.
372 1409 381 1426 ι
401 1399 536 1433 Quoniam
559 1400 642 1435 igitur
671 1400 830 1428 deliberavit
859 1400 997 1432 Dominus,
1013 1401 1058 1436 qui

279 1443 352 1472 Deus
367 1449 408 1473 est
432 1446 551 1473 universi
570 1453 687 1481 purgare
699 1446 774 1473 illum
792 1454 807 1472 a
830 1446 924 1481 plaga,
941 1447 1019 1481 100
1034 1450 1060 1474 et

279 1491 423 1518 ostendere
435 1491 462 1518 in
479 1492 565 1519 lucem
581 1501 587 1519 ι
605 1493 760 1520 necessario
772 1492 876 1527 utique,
893 1493 940 1528 qui
962 1493 1057 1526 voluit,

279 1537 306 1565 id
329 1536 406 1564 faciet
425 1537 498 1572 quod
526 1538 620 1565 voluit.
636 1537 707 1565 Nihil
729 1538 802 1565 enim
816 1541 858 1566 est
879 1546 972 1566 eorum
999 1547 1060 1574 quae

279 1583 337 1610 vult
351 1583 424 1618 quod
438 1591 491 1610 non
509 1584 555 1610 ﬁat
572 1593 580 1611 :
597 1584 681 1611 voluit
695 1588 785 1611 autem
801 1592 914 1620 purgare
931 1585 1018 1617 illum,
1033 1590 1060 1613 et

1110 990 1191 1022 αὐτὸς
1213 991 1410 1026 κληρονομήσει
1433 990 1556 1022 πολλοὺς,
1578 990 1692 1017 καὶτῶν
1709 991 1825 1026 ἰσχυρῶν
1845 1000 1893 1027 με-

1111 1037 1163 1072 ριεῖ
1180 1035 1274 1062 σκῦλα.
1297 1046 1305 1061 ι
1325 1036 1407 1062 Ἔνθα
1417 1035 1506 1062 λοιπὸν
1520 1036 1568 1071 ἤδη
1588 1036 1634 1062 καὶ
1647 1037 1696 1071 τῆς
1711 1037 1892 1072 κληρονομίας

1110 1081 1156 1107 τοῦ
1172 1081 1288 1116 Χριστοῦ
1301 1081 1604 1117 μὲμνηταιτῴδευτέρῳ
1617 1081 1768 1116 συμφώνως
1782 1082 1891 1117 ψαλμῷ,

1109 1124 1181 1153 δι’οὗ
1199 1126 1262 1161 περὶ
1286 1126 1336 1161 τῆς
1350 1126 1493 1161 ἐπιϐουλῆς
1515 1127 1565 1160 τῆς
1585 1127 1643 1154 κατ’
1661 1127 1742 1153 αὑτοῦ
1762 1136 1894 1154 συσκευα-

1110 1172 1220 1206 σθείσης
1235 1171 1364 1206 ὀνομαστὶ
1388 1171 1518 1202 θεσπίσας
1532 1173 1545 1197 6
1559 1171 1636 1206 λόγος
1662 1172 1690 1199 ὲν
1709 1173 1757 1207 τῷ,
1776 1183 1784 1198 ι
1801 1173 1891 1208 Παρέ-

1110 1225 1209 1250 στησαν
1230 1216 1254 1241 οἱ
1278 1215 1396 1250 βασιλεῖς
1423 1216 1471 1251 τῆς
1487 1217 1548 1251 γῆς,
1562 1217 1608 1243 καὶ
1626 1218 1650 1243 οἱ
1665 1217 1794 1252 ἄρχοντες
1812 1219 1893 1254 συνή-

1109 1261 1210 1296 χθησαν
1229 1262 1274 1287 ἐπὶ
1293 1261 1323 1287 τὸ
1337 1262 1401 1288 αὐτὸ
1423 1262 1492 1288 κατὰ
1512 1262 1559 1288 τοῦ
1575 1263 1676 1297 Κυρίου
1694 1263 1741 1289 καὶ
1762 1263 1830 1290 κατὰ
1843 1264 1890 1290 τοῦ

1109 1306 1227 1342 Χριστοῦ
1242 1306 1334 1339 αὑτοῦ,
1356 1307 1418 1342 ἑξῆς
1435 1307 1569 1342 ἐπιλέγει·
1591 1317 1599 1334 ι
1624 1308 1724 1344 Κύριος
1739 1306 1798 1335 εἶπε
1822 1309 1891 1344 πρὸς

1111 1352 1158 1387 μέ·
1174 1352 1236 1383 Υἱός
1262 1361 1312 1387 μου
1343 1350 1368 1379 εἴ
1395 1353 1438 1386 σὺ,
1462 1352 1517 1388 ἐγὼ
1540 1355 1657 1390 σήμερον
1676 1355 1825 1390 γεγέννηκά
1843 1364 1888 1381 σε·

1108 1397 1218 1433 αἵτησαι
1228 1398 1291 1434 παρ’
1303 1398 1379 1434 ἐμοῦ,
1391 1400 1437 1426 καὶ
1445 1399 1522 1426 δώσω
1532 1407 1572 1426 σοι
1581 1399 1643 1435 ἔθνη
1652 1400 1699 1435 τὴν
1712 1401 1891 1436 κληρονομίαν

1109 1450 1167 1474 σου,
1184 1443 1230 1469 καὶ
1250 1443 1299 1478 τὴν
1319 1444 1482 1480 κατάσχεσίν
1505 1453 1549 1471 σου
1569 1446 1602 1472 τὰ
1617 1445 1721 1481 πέρατα
1735 1447 1784 1482 τῆς
1798 1447 1858 1481 γῆς.
1878 1457 1888 1472 ι

1109 1488 1200 1515 Ταῦτα
1216 1489 1238 1515 δ’
1254 1487 1298 1515 οὖν
1309 1489 1342 1516 τὰ
1356 1490 1418 1525 ἔθνη
1430 1491 1498 1517 καὶὸ
1514 1492 1653 1526 προφήτης
1669 1491 1776 1526 ᾐνίξατο
1789 1492 1872 1518 εἰπών
1882 1501 1889 1508 ”

1112 1544 1121 1560 ι
1132 1535 1181 1562 Διὰ
1186 1535 1263 1562 τοῦτο
1269 1536 1347 1568 αὐτὸς
1354 1537 1548 1572 κληρονομήσει
1556 1537 1676 1570 πολλούς·
1689 1548 1697 1563 ι
1707 1539 1752 1565 καὶ
1759 1538 1889 1572 ἐπιλέγειν

1111 1590 1121 1606 ι
1135 1581 1188 1607 Καὶ
1201 1581 1255 1608 τῶν
1274 1582 1392 1617 ἰσχυρῶν
1417 1584 1506 1618 μεριεῖ
1523 1583 1616 1609 σκῦλα.
1641 1592 1650 1608 ι
1668 1583 1726 1609 Τῶν
1746 1583 1799 1618 γὰρ
1816 1583 1893 1610 δυνά-

278 1630 421 1658 ostendere
436 1629 475 1657 illi
491 1631 598 1662 lucem;
613 1629 676 1658 fecit
693 1630 775 1666 igitur
791 1631 862 1658 haec:
877 1635 904 1659 et
921 1639 982 1659 cum
993 1640 1058 1667 pur-

1110 1637 1181 1664 μεων
1194 1629 1248 1654 τῶν
1265 1629 1468 1664 ἀντικειμένων,
1489 1629 1516 1655 αἳ
1532 1630 1614 1656 πάλαι
1628 1629 1680 1655 τῶν
1694 1629 1777 1656 ἐθνῶν
1794 1628 1890 1665 ἦρχον,

278 1676 384 1711 gaverit
398 1676 485 1708 illum,
497 1676 617 1704 ostendit
630 1676 669 1703 illi
692 1677 779 1713 lucem
793 1685 800 1705 :
814 1681 841 1704 et
857 1678 987 1712 quoniam
1010 1685 1059 1705 vo-

278 1720 339 1753 luit,
360 1727 386 1749 et
401 1722 495 1750 volens
508 1722 621 1760 abstulit
638 1722 757 1749 laborem
773 1722 807 1749 ab
825 1722 916 1749 anima
932 1722 1015 1755 illius,
1031 1726 1058 1750 et

277 1768 397 1795 ostendit
419 1768 459 1795 illi
483 1768 570 1795 lucem
586 1787 594 1800 ,
610 1768 708 1795 merito
721 1767 856 1803 Propheta
880 1767 1015 1803 sequitur,
1032 1772 1059 1795 et

277 1813 338 1841 ait:
359 1823 368 1839 ι
399 1813 513 1849 Propter
544 1813 596 1842 hoc
615 1813 674 1849 ipse
695 1813 865 1841 haereditabit
892 1814 1009 1846 multos,
1032 1817 1059 1841 et

278 1857 389 1885 fortium
417 1858 520 1886 dividet
547 1859 634 1893 spolia
653 1858 697 1886 9':
725 1868 735 1884 ι
753 1859 799 1886 ubi
821 1858 904 1893 (quod
924 1859 1058 1894 reliquum

279 1902 340 1938 fuit)
356 1903 412 1937 jam
431 1902 598 1930 hereditatis
615 1902 696 1930 etiam
714 1901 816 1930 Christi
832 1903 997 1931 mentionem
1018 1903 1059 1930 l'a-

278 1949 327 1980 cit,
346 1948 384 1975 illi
397 1949 501 1983 psalmo
515 1953 698 1976 consentanea
713 1948 818 1980 dicens,
832 1949 859 1975 in
873 1956 928 1984 quo
943 1949 976 1977 de
992 1949 1059 1976 insi-

279 1993 333 2021 diis
347 1994 478 2022 adversus
499 1994 574 2022 illum
594 1994 760 2022 constructis
780 1994 940 2022 nominatim
956 2003 1058 2023 canens

279 2040 430 2073 oraculum,
455 2040 501 2067 ubi
526 2040 584 2067 ait:
603 2049 613 2064 ι
640 2039 794 2067 Astiterunt
818 2048 895 2076 reges
921 2046 1009 2072 terrae.
1032 2045 1059 2069 et

277 2086 417 2121 principes
428 2090 613 2113 convenerunt
628 2086 656 2113 in
670 2094 754 2113 unum
766 2086 899 2114 adversus
913 2087 1058 2115 Dominum

278 2136 306 2159 et
317 2131 448 2159 adversus
461 2131 599 2158 Christum
612 2131 672 2166 ejus
686 2131 724 2165 ⁸¹;
746 2141 755 2157 ι
771 2132 899 2167 deinceps
913 2125 1036 2168 adjungit
1051 2142 1058 2160 :

281 2186 291 2203 ι
311 2177 444 2205 Dominus
460 2178 527 2206 dixit
538 2178 571 2205 ad
588 2186 642 2210 me,
655 2177 739 2205 Filius
757 2186 833 2206 meus
847 2186 877 2206 es
888 2182 929 2212 tu,
946 2186 996 2213 ego
1012 2179 1061 2206 ho-

226 2254 230 2258 ,
278 2224 323 2252 die
333 2224 414 2259 genui
427 2228 453 2251 te
466 2234 472 2251 :
493 2223 601 2259 postula
620 2231 635 2250 a
646 2231 699 2255 me,
715 2228 742 2251 et
755 2223 826 2251 dabo
841 2224 889 2251 tibi
904 2229 998 2260 gentes
1010 2223 1062 2251 hae-

278 2271 420 2298 reditatem
441 2273 527 2302 tuam,
549 2273 576 2297 et
595 2270 796 2304 possessionem
822 2275 896 2297 tuam
929 2270 1060 2297 terminos

278 2316 398 2344 terrae".
417 2325 426 2342 ι
440 2315 495 2342 Has
508 2299 713 2351 igitur-gentes,
728 2315 810 2342 etiam
828 2315 958 2350 propheta
979 2315 1058 2342 intcl-
1076 2299 1096 2326 Β

278 2362 354 2394 lexit,
373 2369 435 2389 cum
451 2361 519 2389 dixit
534 2369 541 2387 :
559 2370 570 2387 ι
595 2360 708 2395 Propter
726 2361 777 2388 hoc
804 2361 862 2396 ipse
890 2361 1060 2388 haereditabit

277 2411 389 2439 multos,
401 2411 447 2435 iet
460 2407 585 2442 adjungit
602 2416 609 2434 :
626 2415 635 2432 ι
651 2406 683 2433 Ει
698 2406 808 2433 fortium
825 2406 928 2434 dividet
942 2407 1057 2441 spolia.»

279 2453 419 2489 Siquidem
435 2461 449 2480 ιι
468 2453 650 2488 potestatibus
669 2452 824 2484 contrariis,
840 2460 900 2487 qua:
920 2452 997 2487 prius
1019 2452 1062 2480 in-

278 2505 319 2527 ter
334 2503 428 2534 gentes
442 2499 666 2530 dominabantur,
682 2499 727 2525 ubi
745 2499 883 2533 subjectas
906 2499 1012 2526 animas
1027 2498 1061 2525 li-

278 2545 454 2578 beravit.tum
469 2545 547 2580 quasi
560 2545 647 2579 spolia
661 2544 784 2579 quaedam
801 2543 859 2572 suis
875 2544 966 2571 divisit
979 2544 1062 2572 disci-

277 2590 360 2624 pulis.
376 2589 494 2618 Proinde
518 2591 604 2618 Isaias
628 2590 665 2616 ait
678 2590 711 2617 de
725 2590 778 2617 illis
794 2599 800 2617 :
819 2599 828 2615 ‹
848 2589 880 2616 Ει
896 2590 1063 2617 laetabuntur

279 2643 372 2663 coram
387 2640 424 2667 te,
432 2636 503 2663 sicut
518 2637 564 2671 qui
578 2635 703 2663 dividunt
716 2636 802 2670 spolia
814 2637 846 2662 ⁸⁸.
869 2645 878 2661 ι
896 2635 927 2662 Et
937 2635 1059 2664 Psalmo—

278 2689 340 2712 rum
369 2685 488 2708 auctor:
518 2690 527 2706 ‹
562 2681 704 2712 Dominus.
720 2681 818 2716 inquit,
844 2680 918 2708 dabit
946 2681 1058 2708 verbum

278 2726 529 2761 evangelizantibus
548 2726 648 2755 virtute
674 2727 758 2754 multa
774 2736 780 2753 :
799 2734 846 2754 rex
863 2727 994 2753 virtutum
1015 2727 1058 2754 di-

280 2772 353 2804 lecti.
368 2772 468 2807 speciei
480 2772 578 2799 domus
592 2772 713 2800 dividere
727 2773 855 2807 spolia".
872 2782 881 2798 ι
897 2772 992 2799 Merito
1007 2773 1058 2807 igi—

279 2822 324 2846 tur
334 2817 378 2845 hic
391 2825 499 2853 quoque
515 2817 549 2846 de
571 2817 680 2845 Christo
705 2818 766 2845 ait:
791 2818 903 2852 Propter
927 2818 978 2845 hoc
1002 2818 1060 2853 ipse

315 2896 337 2911 "
352 2896 403 2923 In.
419 2903 478 2928 LIII,
492 2896 534 2923 Ιθ.
572 2896 593 2912 ⁸¹
610 2895 677 2924 ibid.
695 2896 735 2923 l2.
774 2895 797 2912 "
814 2895 885 2923 Psal.
901 2903 929 2928 ιι,
941 2895 967 2922 2.
1006 2896 1028 2910 ⁵³
1045 2895 1060 2922 il

1126 2894 1182 2925 7,8.
1221 2894 1244 2910 ”
1258 2894 1310 2921 lsa.
1327 2902 1364 2926 Ix,
1381 2894 1406 2921 5.

1108 1673 1157 1705 τὰς
1172 1674 1341 1709 ὑποχειρίους
1353 1675 1501 1709 ῥυσάμενος
1510 1672 1658 1709 ψυχὰς,οἷα
1671 1674 1701 1710 δή
1716 1684 1776 1701 τινα
1793 1675 1890 1707 σκῦλα,

1107 1721 1162 1751 τοῖς
1172 1719 1280 1751 οἰκείοις
1297 1720 1413 1755 διένειμε
1430 1720 1571 1755 μαθηταῖς.
1590 1721 1636 1746 Διό
1649 1729 1729 1756 φησιν
1747 1722 1761 1747 6
1778 1721 1891 1752 Ἡσαΐας

1109 1765 1172 1801 περὶ
1186 1766 1291 1792 αὐτῶν
1313 1775 1322 1791 ι
1341 1767 1394 1792 Καὶ
1415 1765 1649 1801 εὐφρανθήσονται
1663 1767 1777 1792 ἐνώπιόν
1798 1775 1845 1792 σου
1861 1766 1890 1793 ὃν

1108 1811 1207 1847 τρόπον
1232 1813 1255 1838 οἱ
1270 1811 1449 1847 διαιρούμενοι
1470 1811 1565 1840 σκῦλα.
1582 1822 1590 1837 ι
1609 1812 1663 1838 Καὶ
1684 1813 1698 1839 ό
1720 1812 1889 1847 Ψαλμῳδός·

1112 1866 1122 1881 ι
1139 1857 1239 1893 Κύριος
1261 1857 1339 1884 δώσει
1360 1858 1435 1892 ῥῆμα
1461 1858 1515 1888 τοῖς
1538 1857 1788 1892 εὐαγγελιζομένοις
1809 1857 1890 1883 δυνά-

1111 1911 1156 1938 μει
1172 1903 1271 1938 πολλῇ·
1287 1904 1300 1929 ὁ
1318 1902 1440 1937 βασιλεὺς
1456 1902 1509 1928 τῶν
1523 1902 1660 1937 δυνάμεων
1675 1902 1720 1929 τοῦ
1737 1901 1890 1936 ἀγαπητοῦ,

1109 1950 1142 1984 τῇ
1157 1948 1301 1984 ὡραιότητι
1317 1948 1362 1975 τοῦ
1384 1949 1457 1975 οἴκου
1479 1948 1612 1975 διελέσθαι
1633 1948 1727 1976 σκῦλα.
1749 1959 1758 1974 ι
1772 1949 1892 1980 Εἰκότως

1109 1996 1252 2030 τοιγαροῦν
1276 1996 1322 2022 καὶ
1348 1995 1463 2021 ἐνταῦθα
1490 1996 1553 2030 περ).
1575 1995 1620 2021 τοῦ
1650 1995 1768 2030 Χριστοῦ
1790 2002 1889 2030 φησιν·

1112 2051 1121 2066 ι
1141 2041 1190 2068 Διὰ
1210 2041 1286 2067 τοῦτο
1313 2042 1393 2072 αὐτὸς
1416 2041 1612 2076 κληρονομήσει
1634 2041 1758 2072 πολλοὺς,
1771 2041 1818 2067 καὶ
1837 2040 1891 2066 τῶν

1112 2087 1227 2122 ἰσχυρῶν
1253 2088 1341 2122 μεριεῖ
1356 2086 1452 2113 σκῦλα.
1469 2097 1477 2112 ι
1491 2087 1539 2113 Διὰ
1556 2089 1630 2113 ποῖον
1650 2087 1678 2113 δὲ
1700 2087 1787 2117 τοῦτο,
1811 2087 1891 2114 πάλιν

1110 2133 1172 2168 ἑξῆς
1187 2133 1316 2164 διδάσκει,
1335 2133 1431 2168 φήσας·
1451 2142 1460 2158 ι
1473 2133 1542 2159 ἈνῐΥ
1557 2130 1593 2158 ὦν
1607 2132 1738 2168 παρεδόθη
1754 2133 1793 2164 εἰς
1807 2132 1892 2159 θάνα-

1110 2189 1154 2207 τον
1169 2180 1185 2215 ὴ
1198 2179 1270 2214 ψυχὴ
1284 2179 1375 2209 αὑτοῦ,
1394 2179 1440 2205 καὶ
1450 2180 1478 2205 ὲν
1493 2180 1548 2210 τοῖς
1563 2179 1672 2214 ἀνόμοις
1688 2178 1811 2213 ἐλογίσθη
1823 2187 1829 2193 ·
1844 2178 1891 2204 καὶ

1110 2225 1189 2257 αὐτὸς
1207 2225 1342 2260 ἁμαρτίας
1355 2225 1457 2251 πολλῶν
1468 2225 1598 2259 ἀνήνεγκε
1611 2233 1616 2239 '
1629 2225 1675 2250 καὶ
1686 2224 1729 2250 διὰ
1742 2223 1790 2255 τὰς
1802 2225 1892 2260 ἁμαρ-

1110 2271 1170 2302 τίας
1190 2271 1278 2297 αὐτῶν
1309 2271 1454 2306 παρεδόθη.
1473 2280 1481 2295 ι
1506 2271 1578 2297 Ἀντὶ
1599 2270 1697 2297 τούτων
1712 2271 1765 2305 γὰρ
1782 2271 1893 2306 ἀμειϐό-

1113 2326 1191 2353 μενος
1219 2317 1298 2344 αὐτὸν
1313 2318 1327 2343 6
1344 2317 1437 2352 Πατὴρ
1460 2317 1508 2351 τῆς
1527 2317 1648 2351 ὑπακοῆς
1669 2317 1715 2342 καὶ
1731 2317 1779 2350 τῆς
1790 2317 1892 2352 ὑπομο-

1111 2363 1159 2397 νῆς
1168 2362 1257 2394 ἕνεκα,
1275 2362 1421 2398 δεδώρηται
1434 2362 1507 2396 αὐτῷ
1517 2362 1549 2388 τὰ
1564 2362 1717 2396 ἐγκείμενα.
1731 2362 1826 2396 Γέγονε
1837 2362 1892 2398 γὰρ

1112 2407 1229 2443 ὑπήκοος
1247 2408 1285 2443 τῷ
1300 2408 1386 2444 Πατρὶ
1408 2407 1488 2442 μέχρι
1502 2406 1615 2433 θανάτου
1625 2416 1632 2422 ο
1652 2408 1691 2433 διὸ
1704 2408 1750 2434 καὶ
1763 2408 1892 2443 κληρονο-

1111 2453 1192 2487 μήσει
1206 2452 1329 2484 πολλοὺς,
1341 2452 1387 2478 καὶ
1396 2452 1426 2477 οὐ
1445 2451 1587 2486 πρότερον,
1598 2452 1665 2478 ἀλλὰ
1680 2451 1748 2486 μετὰ
1755 2451 1785 2477 τὸ
1801 2460 1892 2487 παρα-

1108 2499 1216 2534 δοθῆναι
1230 2499 1269 2530 el;
1277 2498 1390 2524 θάνατον
1399 2497 1446 2533 τὴν
1455 2497 1543 2532 ψυχὴν
1561 2497 1654 2528 αὑτοῦ,
1672 2498 1719 2524 καὶ
1729 2498 1757 2523 ὲν
1770 2499 1825 2529 τοῖς
1834 2498 1893 2525 ἀνό-

1111 2553 1170 2580 μοις
1184 2543 1350 2579 λογισθῆναι,
1366 2542 1532 2574 θεσπίζεται.
1550 2543 1598 2569 Διὰ
1612 2542 1698 2568 ταῦτα
1715 2542 1767 2578 γὰρ
1781 2544 1890 2578 εἴρηται

1109 2591 1322 2626 κληρονομήσειν
1331 2589 1452 2620 πολλοὺς,
1466 2588 1513 2615 καὶ
1526 2588 1579 2614 τῶν
1590 2587 1708 2623 ἰσχυρῶν
1725 2589 1847 2623 μερίσειν
1857 2589 1892 2614 τὰ

1108 2637 1202 2664 σκῦλα.
1211 2635 1345 2671 Ἠγοῦμαι
1358 2635 1386 2661 δὲ
1397 2634 1590 2670 ἀναμφιλόγως
1604 2634 1653 2670 τὴν
1669 2635 1700 2660 ἐκ
1709 2634 1812 2669 νεκρῶν
1827 2634 1893 2661 ἀνά-

1108 2692 1202 2710 στασιν
1217 2682 1264 2709 τοῦ
1280 2681 1517 2717 προφητευομένου
1526 2681 1570 2707 διὰ
1585 2680 1686 2707 τούτων
1699 2680 1889 2715 παρίστασθαι.

1107 2729 1169 2760 Πῶς
1185 2728 1239 2764 γὰρ
1254 2727 1340 2758 ἄλλως
1354 2727 1493 2762 ἐπινοῆσαι
1509 2727 1618 2753 δυνατὸν
1635 2726 1672 2757 ὡς
1693 2725 1827 2762 πρόϐατον
1847 2725 1892 2752 ἐπὶ

1108 2773 1214 2809 σφαγὴν
1238 2771 1364 2807 ἀχθέντα,
1390 2772 1436 2798 καὶ
1462 2771 1516 2798 ἀπὸ
1539 2771 1593 2797 τῶν
1617 2770 1737 2805 ἀνομιῶν
1760 2769 1806 2797 τοῦ
1827 2770 1893 2796 Ἴου--

1107 2817 1188 2844 δαίων
1204 2817 1269 2843 λαοῦ
1286 2816 1392 2852 θανάτῳ
1412 2815 1606 2852 παραδοθέντα,
1629 2817 1674 2842 καὶ
1695 2815 1760 2851 μετὰ
1785 2815 1893 2850 ἀνόμων

1443 2894 1465 2909 ⁸⁸
1477 2892 1548 2920 Psal.
1559 2899 1643 2924 van,
1663 2891 1706 2919 l2.
