2071 3219
180 203 232 231 185

626 200 954 230 DEMONSTRATIONIS
972 201 1202 230 EVANGELECE
1222 201 1288 230 LIB.
1309 201 1354 229 Ill.

1755 205 1806 232 186

178 260 348 295 λογισθέντα,
357 262 428 296 ταφῇ
437 268 465 287 τε
478 259 662 297 παραδοθέντα
669 269 675 276 ·
684 258 743 288 εἶτα
754 260 955 297 καθαριζόμενσ

1018 260 1188 289 Ιικιιειιίιὼίι
1204 261 1349 293 multos,et
1363 260 1474 288 fortium
1490 259 1592 288 dividet
1606 261 1702 295 spolia.
1714 260 1800 294 Quam

177 306 228 333 ὑπο
240 306 287 333 τοῦ
311 306 425 342 Κυρίου,
441 306 487 333 καὶ
507 307 565 341 φῶς
581 306 646 341 παρ’
663 306 737 342 αὺτῷ
758 306 899 342 ὀψόμενον,
917 307 964 335 καὶ

178 351 396 388 κληρονομοῦντα
410 352 532 384 πολλοὺς.
546 352 592 379 καὶ
614 351 700 379 σκῦλα
716 354 772 384 τοῖς
786 352 894 384 οἰκείοις
908 353 965 379 δια-

178 397 311 432 νέμοντας
327 397 382 424 Καὶ
402 398 487 430 ἄλλως
507 398 536 424 δὲ
558 398 623 434 περὶ
641 398 690 433 τῆς
706 398 773 433 μετὰ
789 398 834 424 τὸν
851 398 963 425 θάνατον

178 443 352 475 ἀναειώσεως
368 443 449 470 αὐτοῦ
472 443 544 478 λέγει
564 453 613 470 που
635 444 811 479 προφητεύων
830 445 862 470 ὲκ
878 453 962 480 προσ-

177 489 251 515 ώπου
274 489 320 515 τοῦ
344 488 461 525 Χριστοῦ
491 491 504 516 ό
526 490 624 516 Δαὸίδ·
645 500 654 515 ι
675 491 732 516 Οὐκ
759 491 963 525 ἐγκαταλείψεις

176 533 224 569 ’τὴν
242 533 332 570 ψυχήν
351 543 402 570 μου
425 535 465 566 εις
478 535 553 570 ᾅδην,
567 535 627 561 οὐδὲ
641 535 736 566 δώσεις
748 536 820 562 ὅσιόν
837 544 882 562 σου
900 537 962 562 ἰδεῖν

176 578 332 615 διαφθοράν.
352 589 362 605 ι
378 580 432 606 Καὶ
450 580 542 607 πάλιν
561 590 569 606 ι
587 581 682 616 Κύριε,
703 582 840 617 ἀνήγαγες
857 583 885 614 ἐξ
899 583 961 618 ᾅδου

176 626 225 660 τὴν
242 625 330 661 ψυχήν
351 635 412 661 μου,
431 626 535 658 ἔσωσάς
553 636 586 662 με
608 627 662 654 ἀπὸ
675 628 728 654 τῶν
746 628 962 655 καταϐαινόντων

175 673 217 704 είς
231 671 339 699 λάκκον.
360 682 369 698 ι
391 672 445 699 Καὶ
459 672 555 699 πάλιν·
574 683 584 698 ι
610 674 638 699 '0
656 674 730 708 ὑψῶν
748 683 782 709 με
796 675 828 700 ἐκ
841 674 894 701 τῶν
911 683 962 700 πυ-

175 716 230 743 λῶν
243 717 290 744 τοῦ
309 717 434 749 θανάτου,
449 719 522 751 ὅπως
539 719 572 745 ἂν
589 719 736 754 ἐξαγγείλω
753 721 842 752 πάσας
860 721 908 752 τὰς
923 721 961 746 αἰ-

175 763 262 795 νέσεις
278 772 334 790 σου.
356 774 365 790 ι
387 764 497 796 Τούτοις
516 765 543 791 δὲ
567 766 647 792 πᾶσιν
661 766 819 801 ἀντισλέψαι
833 767 960 794 δύνασθαι

175 808 235 834 οὐδὲ
251 809 315 840 τοὺς
338 809 439 845 σφόδρα
465 810 719 845 ἀγνωμονεστάτους
742 811 869 847 ἡγοῦμαι.
887 812 960 848 Πλὴν

174 853 242 880 ἀλλὰ
266 854 316 889 τῆς
333 854 440 882 Ἡσαΐου
465 855 631 890 προφητείας
653 856 683 882 τὸ
707 856 892 893 συμπέρασμα
911 857 960 893 τὴν

174 899 259 926 πάλαι
273 900 380 936 στεῖραν
396 901 442 927 καὶ
455 900 556 936 ἔρημον
571 900 638 927 Θεοῦ
653 901 751 936 ψυχὴν,
765 902 781 937 ἢ
798 902 844 928 καὶ
860 902 959 937 μᾶλλον

1017 311 1107 337 autem
1125 308 1161 336 ob
1177 315 1236 335 rem
1252 308 1305 335 hoc
1319 307 1359 335 illi
1382 307 1477 334 datum
1498 307 1552 340 sit,
1567 307 1648 335 docet
1661 307 1801 341 deinceps,

1016 354 1064 381 ubi
1078 354 1116 381 ait
1128 363 1135 381 :
1156 363 1165 379 ι
1182 353 1236 380 Pro
1246 361 1279 380 eo
1288 351 1362 388 quod
1380 353 1479 379 tradita
1490 357 1532 380 est
1545 353 1572 380 in
1584 356 1699 379 mortem
1712 352 1801 380 anima

1016 400 1087 434 ejus,
1104 403 1205 426 etcum
1224 399 1326 434 iniquis
1338 399 1488 434 deputatus
1503 403 1545 426 est
1558 408 1564 426 :
1580 403 1607 425 et
1621 399 1678 434 ipse
1690 404 1801 433 peccata

1017 445 1163 472 multorum
1180 446 1255 477 tulit,
1274 449 1300 472 et
1319 450 1430 480 propter
1445 449 1555 480 peccata
1569 453 1663 471 eorum
1686 445 1801 472 traditus

1015 495 1057 516 est
1070 490 1104 516 ".
1125 499 1134 515 ι
1153 489 1206 516 Pro
1225 490 1268 516 his
1285 490 1356 517 enim
1372 497 1551 517 remunerans
1569 490 1644 516 illum
1659 489 1750 521 Pater.
1768 498 1801 517 eo

1015 534 1089 570 quod
1104 535 1178 561 dicto
1201 535 1314 561 audiens
1340 534 1421 561 fuerit
1451 534 1676 568 sustinueritque,
1689 533 1801 560 donavit

1016 581 1091 607 illum
1112 580 1146 607 iis
1158 588 1218 615 quae
1241 580 1364 615 exposita
1384 584 1458 606 sunt.
1476 579 1576 607 Factus
1590 579 1662 606 enim
1677 584 1720 606 est
1735 579 1800 606 obe—

1015 627 1092 654 diens
1116 626 1188 653 Patri
1218 633 1304 660 usque
1334 625 1368 651 ad
1395 629 1527 652 mortem:
1546 632 1631 659 quare
1651 625 1799 651 multorum

1015 680 1123 706 quoque
1156 671 1342 699 haereditatem
1369 675 1583 698 consecuturum
1608 671 1684 698 illum
1713 672 1798 701 canit,

1015 726 1068 745 non
1081 719 1156 753 prius
1172 722 1264 746 tamen
1281 726 1361 753 quam
1378 719 1477 745 tradita
1493 718 1575 745 fuerit
1590 719 1679 744 anima
1694 717 1754 752 ejus
1771 718 1797 744 in

1015 769 1139 797 mortem,
1155 770 1253 792 etcum
1268 765 1369 800 iniquis
1387 766 1423 792 sit
1441 765 1598 799 deputatus.
1614 763 1728 798 Propter
1741 763 1798 790 haec

1013 810 1084 837 enim
1093 809 1194 836 dictum
1203 814 1256 842 est,
1266 810 1341 837 illum
1354 809 1576 837 hazreditaturum
1588 809 1698 840 multos,
1707 812 1734 834 et
1744 807 1800 835 ior-

1014 857 1079 882 tium
1095 855 1246 883 divisurum
1264 856 1360 890 spolia.
1383 855 1452 882 Puto
1477 859 1566 881 autem
1583 854 1735 881 indubitate
1754 860 1796 881 re-

1012 899 1163 928 versionem
1177 900 1237 934 ejus
1249 908 1265 927 a
1275 900 1389 926 mortuis
1400 899 1545 934 signiﬁcari
1554 898 1652 925 talibus
1662 897 1795 925 oraculis:

173 944 223 979 τὴν
244 944 274 976 ἐξ
294 944 379 971 ἐθνῶν
400 945 560 980 Ἐκκλησίαν
576 946 787 981 εὐαγγελίζεται,
809 948 955 980 ἀκολούθως

1016 945 1091 979 ιοι
1107 945 1154 980 qui
1167 945 1238 972 enim
1261 945 1319 972 iieri
1344 948 1443 979 potest,
1463 948 1492 971 ut
1508 944 1586 971 aliter
1598 943 1631 970 de
1647 951 1680 970 eo
1696 942 1795 970 intelli-

173 991 206 1024 τῇ
229 989 331 1025 θεωρία
354 990 407 1016 τῶν
431 990 592 1026 εἰρημένων.
617 992 723 1027 Ἐπειδὴ
739 993 792 1028 γὰρ
816 994 849 1020 τὰ
873 995 961 1021 πάντα

171 1034 205 1061 δι’
232 1035 317 1071 αὐτὴν
341 1037 356 1062 ὁ
380 1036 494 1071 Χριστὸς
516 1036 669 1071 ὑπέμεινεν,
690 1039 800 1070 εἰκότως
825 1039 894 1074 μετὰ
912 1040 961 1071 τὰς

172 1080 238 1116 περὶ
259 1081 340 1107 αὑτοῦ
355 1083 520 1117 προρρήσεις
542 1083 665 1119 ἐπιφέρει
688 1084 790 1117 λέγων·
808 1094 816 1109 ι
836 1085 960 1120 Εὐφράν-

171 1126 234 1160 Οητι
256 1127 348 1162 στείρα
364 1129 380 1163 ή
396 1128 427 1154 οὐ
447 1127 584 1160 τίκτουσα,
601 1129 680 1165 ῥῆξον
700 1131 746 1156 καὶ
761 1130 857 1165 βόησον
874 1132 890 1165 ἠ
910 1131 960 1157 οὐκ

169 1173 317 1200 ὠδίνουσα·
337 1175 378 1201 ὅτι
394 1175 477 1202 πολλὰ
494 1175 527 1202 τὰ
545 1176 627 1203 τέκνα
647 1176 695 1211 τῆς
712 1177 814 1211 ἐρήμου
830 1177 928 1211 μᾶλλον
942 1177 958 1212 ἢ

169 1219 220 1254 τῆς
237 1220 352 1255 ἐχούσης
368 1221 412 1247 τὸν
428 1221 521 1257 ἄνδρα.
536 1220 603 1248 Εἴπε
622 1222 676 1258 γὰρ
691 1222 805 1257 Κύριος·
824 1222 958 1249 Πλάτυνον

169 1265 216 1290 τὸν
233 1266 315 1293 τόπον
328 1266 378 1301 τῆς
390 1267 491 1302 σκηνῆς
505 1276 552 1294 σου
570 1269 616 1294 καὶ
631 1268 685 1294 τῶν
699 1269 816 1295 αύλαιῶν
830 1278 886 1302 σου,
907 1270 957 1305 τεῆ-

170 1311 225 1343 ξον,
250 1311 286 1346 μὴ
310 1312 391 1348 φείσῃ
407 1321 413 1327 ·
430 1313 561 1340 πλατυνον
584 1314 618 1340 τὰ
639 1314 815 1350 σχοινίσματά
831 1324 886 1347 σου,
911 1317 957 1343 καὶ

168 1356 233 1388 τοὺς
245 1357 398 1389 πασσάλους
415 1366 461 1384 σου
476 1359 650 1394 κατίσχυσονν
666 1360 705 1386 ἐτι
723 1361 762 1392 εὶς
779 1361 811 1388 τὰ
825 1361 899 1394 δεξιὰ
911 1364 957 1390 καὶ

168 1403 210 1434 είς
225 1402 260 1429 τὰ
274 1403 405 1439 ἀριστερὰ
425 1404 583 1436 ὲκπέτασον,
600 1406 646 1432 καὶ
663 1406 692 1432 τὸ
708 1407 817 1443 σπέρμα
831 1417 876 1434 σου
893 1409 955 1445 ἔθνη

168 1448 377 1484 κληρονομήσει.
396 1459 404 1475 ι
428 1450 558 1477 Ἐνταῦθα
576 1451 605 1477 δὲ
629 1452 676 1487 τὴν
695 1452 723 1485 ἐξ
739 1453 826 1481 ἐθνῶν
843 1455 957 1491 Ἐκκλη-

169 1495 231 1521 σίαν
244 1495 304 1521 καθ’
318 1495 380 1528 ὅλης
391 1495 440 1530 τῆς
454 1496 614 1531 οἰκουμένης
631 1498 825 1535 ἐξηπλωμένην
842 1501 889 1527 καὶ
904 1502 956 1528 ἀπὸ

167 1542 306 1569 ἀνατολῶν
317 1542 392 1578 ἡλίου
407 1543 487 1578 μέχρι
500 1543 608 1578 δυσμῶν
624 1545 838 1581 παρατείνουσαν
852 1547 865 1572 ὁ
878 1548 956 1582 λόγος

167 1587 383 1621 εὐαγγελίζεται,
403 1589 558 1622 σαφέστατα
583 1589 660 1616 τοῦτο
684 1592 816 1626 παριστὰς
830 1592 873 1619 διὰ
889 1593 935 1620 τοῦ
947 1603 953 1609 ·

170 1643 180 1658 ι
200 1634 254 1660 Καὶ
266 1634 298 1660 τὸ
314 1634 424 1670 σπέρμα
445 1643 491 1661 σου
505 1635 567 1670 ἔθνη
585 1635 791 1673 κληρονομήσει.
809 1648 817 1664 ι
831 1639 955 1672 Ιίλείονος

167 1679 196 1706 δὲ
207 1679 367 1715 ἐξεργασίας
381 1680 513 1715 δεομένων
527 1681 579 1708 τῶν
595 1682 664 1708 κατὰ
678 1683 722 1709 τὸν
735 1684 825 1717 τόπον,
842 1686 955 1721 ἀρκούν-

166 1734 222 1757 τως
244 1726 291 1752 ἐπὶ
317 1726 364 1753 τοῦ
398 1727 530 1762 παρόντος
555 1728 631 1755 ταῦθ’
662 1730 727 1764 ἡμῖν
753 1731 952 1767 ὲπιτετμήσθω.

167 1771 285 1798 Πλεῖστα
297 1771 320 1798 δ’
334 1771 366 1798 ἂν
384 1773 430 1799 καὶ
442 1773 522 1804 αὑτὸς
535 1774 580 1800 ἐπὶ
606 1775 703 1811 σχολῆς
719 1777 897 1809 ἀναλέξασθαι
911 1779 955 1805 δύ-

166 1825 227 1844 ναιο
246 1818 310 1853 περὶ
323 1817 371 1844 τοῦ
389 1820 576 1855 προκειμένου.
595 1821 649 1846 Καὶ
668 1823 684 1856 ἡ
702 1823 824 1857 παροῦσα
840 1823 867 1850 δὲ
883 1833 954 1860 πρα-

166 1863 287 1898 γματεία
309 1864 358 1899 τῆς
378 1864 556 1901 εὖαγγελικῆς
581 1866 743 1900 ἀποδείξεως
768 1870 838 1896 κατὰ
861 1871 954 1905 καιρὸν

166 1909 272 1935 ἕκαστα
298 1909 487 1945 παραδώσεταί
513 1919 542 1936 τε
568 1911 614 1936 καὶ
641 1911 813 1946 ἑρμηνεύσει.
834 1913 908 1945 Τέως
926 1914 952 1939 δὲ

166 1955 214 1981 ἐπὶ
229 1953 274 1980 τοῦ
291 1955 423 1990 παρόντος
443 1955 492 1990 τῆς
505 1955 559 1982 τῶν
581 1957 728 1991 προφητῶν
754 1958 817 1992 περὶ
838 1959 887 1994 τῆς
907 1959 952 1985 τοῦ

166 2000 292 2036 Σωτῆρος
302 2000 379 2036 ήμῶν
394 2002 582 2037 προρρήσεως,
597 2003 693 2034 καὶτώς
708 2004 789 2029 πᾶσιν
801 2004 954 2040 ἀνθρώποις

164 2046 215 2081 τὴν
231 2046 284 2073 τῶν
302 2046 450 2081 μελλόντων
465 2048 573 2081 ἀγαθῶν
589 2049 737 2083 παρουσίαν
753 2049 951 2084 εὐηγγελίζετο,

166 2092 267 2124 ἱκανῶς
282 2092 338 2127 ἔχει
350 2092 384 2119 τὰ
397 2093 538 2128 εἰρημένα,
552 2095 795 2129 προαναφιυνοῦντα
814 2096 952 2131 προφήτου

163 2138 236 2169 τινὸς
248 2138 349 2173 ἄφιξιν,
365 2139 412 2165 καὶ
428 2139 566 2167 εὐσέϐειαν
579 2141 723 2175 νομοθέτου
739 2142 850 2168 Μωῠσεῖ
865 2151 953 2178 παρα-

164 2183 289 2218 πλησίου,
304 2184 381 2218 γένος
396 2194 426 2211 τε
444 2185 534 2217 αὑτοῦ,
556 2185 602 2211 καὶ
625 2186 720 2221 φυλὴν,
734 2187 780 2212 καὶ
799 2186 879 2213 τόπον
892 2187 951 2213 ὅθεν

163 2230 368 2265 προελεύσεται,
380 2232 474 2266 χρόνον
494 2230 523 2257 ’ἐξ
539 2232 600 2258 καθ’
612 2232 640 2258 ὃν
654 2232 724 2266 ἥξει,
753 2233 951 2268 προφητεύεται

1012 1003 1118 1030 gamus.
1135 995 1181 1029 qui
1193 998 1322 1030 tanquam
1335 995 1394 1021 ovis
1414 995 1447 1021 ad
1461 995 1626 1022 occisionem
1642 994 1677 1021 sit
1687 993 1796 1026 ductus,

1011 1046 1038 1068 et
1062 1042 1096 1068 ab
1121 1041 1313 1076 iniquitatibus
1334 1041 1439 1068 Judaici
1454 1041 1546 1075 populi
1559 1040 1675 1067 traditus
1701 1039 1738 1066 sit
1761 1039 1796 1066 ad

1011 1091 1136 1119 mortem,
1150 1091 1176 1114 et
1192 1095 1253 1114 cum
1273 1087 1374 1122 iniquis
1399 1087 1545 1121 deputatus
1558 1106 1565 1118 ,
1595 1086 1797 1120 sepulturaeque

1010 1131 1216 1159 commendatus
1235 1152 1242 1163 ,
1261 1131 1360 1158 deinde
1373 1135 1505 1166 purgatus
1525 1139 1540 1157 a
1560 1129 1697 1157 Domino?
1711 1135 1737 1157 et
1751 1130 1796 1157 lu-

1009 1185 1068 1204 cem
1082 1185 1163 1212 pcnes
1176 1185 1205 1205 se
1217 1178 1326 1204 visurus
1341 1177 1388 1209 sit,
1404 1180 1431 1203 ct
1444 1176 1591 1202 multorum
1608 1175 1794 1202 luereditatem

1009 1226 1219 1255 consecuturus,
1234 1227 1260 1249 et
1275 1222 1333 1250 suis
1349 1222 1435 1256 spolia
1454 1221 1594 1249 divisurus
1612 1221 1623 1248 ?
1647 1220 1701 1248 Sed
1717 1221 1796 1248 aliter

1009 1276 1118 1303 quoque
1133 1268 1166 1294 de
1179 1268 1253 1295 illius
1268 1267 1357 1294 reditu
1372 1267 1400 1294 in
1412 1267 1507 1298 vitam,
1523 1271 1584 1300 post
1603 1269 1716 1292 mortem
1729 1265 1797 1292 dicit

1009 1315 1126 1349 quodam
1143 1315 1202 1341 loco
1222 1314 1376 1341 vaticinans
1388 1313 1471 1340 David
1487 1322 1519 1340 ex
1539 1320 1655 1348 persona
1665 1313 1767 1340 Christi
1786 1322 1792 1339 :

1011 1371 1020 1386 ‹
1039 1361 1097 1388 Non
1112 1361 1250 1395 relinques
1266 1360 1385 1387 animam
1415 1368 1503 1387 meam
1530 1359 1557 1387 in
1573 1359 1691 1392 inferno,
1707 1367 1796 1394 neque

1007 1408 1086 1434 dabis
1101 1411 1226 1434 sanctum
1249 1414 1324 1434 tuum
1341 1407 1433 1434 videre
1450 1406 1654 1442 corruptionem
1671 1405 1705 1432 ".
1735 1413 1745 1430 9
1762 1404 1795 1431 Et

1008 1454 1070 1480 alibi
1089 1462 1111 1480 ει
1129 1453 1251 1485 Domine,
1261 1453 1381 1480 eduxisti
1396 1453 1429 1479 ab
1442 1452 1549 1479 inferno
1563 1452 1680 1478 animam
1695 1458 1793 1482 meam,

1008 1498 1118 1525 salvasti
1142 1506 1185 1524 me
1206 1506 1221 1524 a
1246 1497 1480 1525 descendentibus
1508 1498 1535 1524 in
1560 1498 1648 1523 lacum
1669 1496 1704 1524 ⁵³.
1733 1506 1741 1522 ι
1760 1495 1794 1523 Et

1006 1543 1069 1570 alibi
1084 1553 1090 1570 :
1107 1552 1116 1568 ι
1134 1543 1186 1576 Qui
1199 1543 1302 1570 exaltas
1319 1551 1361 1570 Ine
1375 1543 1408 1570 de
1419 1543 1505 1577 p0rtis
1522 1543 1627 1575 mortis,
1644 1545 1673 1569 ut
1686 1549 1793 1569 annun-

1006 1590 1069 1617 tiem
1096 1597 1191 1616 omnes
1224 1589 1394 1617 laudationes
1429 1594 1490 1617 tuas
1508 1590 1543 1616 '9.
1570 1599 1579 1615 ι
1607 1589 1707 1616 Contra
1734 1596 1794 1616 oni-

1006 1636 1051 1662 nia
1075 1636 1132 1663 haec
1154 1635 1297 1663 intendere
1312 1636 1394 1662 ullam
1419 1636 1517 1666 aciem,
1535 1643 1570 1662 ne
1587 1635 1792 1663 inimicissimos

1004 1681 1114 1717 quidem
1131 1687 1211 1716 atque
1226 1681 1428 1716 ingratissimos
1437 1689 1516 1716 posse
1531 1681 1657 1708 arbitror.
1677 1680 1792 1708 Verum-

1006 1731 1094 1755 tamen
1110 1727 1170 1761 ejus
1190 1728 1337 1763 prophetiae
1353 1728 1506 1759 conclusio,
1522 1727 1601 1762 cujus
1615 1732 1711 1754 auctor
1735 1727 1792 1754 Isa-

1005 1774 1056 1806 ias,
1077 1774 1197 1801 sterilem
1211 1774 1284 1800 illam
1298 1774 1435 1808 quondam
1452 1778 1479 1801 et
1492 1774 1627 1801 desertam
1642 1781 1656 1800 a
1670 1773 1725 1800 Deo
1736 1774 1792 1801 ani-

1005 1827 1087 1851 mam,
1103 1823 1149 1846 aut
1164 1820 1253 1854 potius
1267 1819 1416 1846 Ecclesiam
1437 1819 1470 1846 de
1484 1819 1611 1854 gentibus
1636 1819 1790 1850 collectam,

1005 1866 1073 1893 ltetis
1091 1866 1215 1897 vocibus,
1246 1866 1375 1900 bonoque
1396 1865 1492 1892 nuntio
1509 1866 1696 1900 prosequitur,
1726 1872 1790 1892 cum

1005 1913 1058 1939 illis
1075 1912 1168 1947 utique
1179 1912 1408 1946 recordans,quae
1419 1912 1474 1946 jam
1492 1912 1667 1946 contemplati
1683 1919 1789 1939 sumus.

1004 1957 1070 1984 Nam
1102 1965 1163 1985 cum
1185 1962 1295 1993 propter
1306 1965 1367 1984 eam
1383 1957 1509 1984 Christus
1530 1958 1621 1984 omnia
1635 1957 1791 1991 pertulerit,

1004 2004 1101 2031 merito
1123 2008 1184 2039 post
1203 2012 1234 2031 ea
1250 2023 1257 2036 ,
1285 2011 1345 2038 qua:
1360 2005 1394 2031 de
1409 2004 1454 2030 illo
1472 2004 1615 2039 praadixit,
1641 2003 1763 2038 adjungit
1778 2010 1788 2031 :

1006 2058 1016 2074 ‹
1033 2049 1146 2081 Lmtare,
1164 2050 1263 2084 inquit,
1282 2050 1382 2077 sterilis
1397 2058 1458 2084 quae
1472 2057 1526 2076 non
1538 2050 1623 2084 paris,
1640 2049 1790 2077 vociferare

1003 2100 1029 2122 et
1044 2095 1143 2127 clama,
1164 2103 1224 2130 quae
1241 2103 1294 2122 non
1311 2097 1431 2130 parturis
1449 2103 1455 2121 :
1481 2096 1610 2131 quoniam
1637 2097 1715 2123 inulti
1740 2096 1789 2123 ﬁlii

1003 2141 1117 2168 desertae
1131 2143 1228 2176 magis,
1244 2149 1326 2176 quam
1353 2142 1413 2177 ejus
1425 2150 1486 2178 quae
1505 2143 1586 2170 habet
1600 2143 1700 2169 virum.
1717 2142 1789 2170 Dixit

1002 2188 1074 2214 enim
1095 2188 1224 2216 Dominus
1239 2198 1246 2215 :
1266 2189 1353 2215 Dilata
1373 2189 1463 2216 locum
1481 2189 1591 2216 tentorii
1621 2189 1672 2221 tui,
1686 2193 1714 2216 et
1729 2190 1787 2223 pel-

1003 2233 1042 2260 les
1055 2234 1295 2261 tabernaculorum
1314 2239 1422 2262 tuorum
1437 2235 1498 2269 ﬁge,
1514 2243 1548 2261 ne
1565 2242 1681 2270 parcas:
1704 2235 1787 2261 dilata

163 2277 212 2303 καὶ
227 2277 343 2311 γένεσιν,
362 2279 409 2304 καὶ
424 2279 561 2315 τελευτὴν,
577 2281 623 2306 καὶ
635 2281 790 2313 ἀναϐίωσιν,
806 2283 851 2308 καὶ
867 2283 951 2318 ἀρχὴν

1007 2279 1139 2307 luniculos
1158 2284 1229 2311 tuos,
1242 2284 1269 2307 et
1294 2280 1385 2307 clavos
1398 2286 1458 2307 tuus
1477 2281 1641 2308 corrobora:
1670 2281 1787 2315 amplius

162 2321 213 2358 τὴν
227 2322 298 2349 κατὰ
316 2323 425 2350 πάντων
439 2323 537 2351 ἐθνῶν·
559 2324 577 2351 ἃ
598 2325 629 2359 δὴ
654 2326 740 2352 πάντα
756 2327 888 2362 παρέστη,
903 2328 949 2354 καὶ

162 2367 203 2394 ἔτι
221 2367 320 2403 μᾶλλον
330 2368 375 2395 διὰ
387 2369 440 2395 τῶν
454 2369 516 2404 ἑξῆς
533 2371 736 2406 παραστήσεται
753 2373 799 2398 ἐπὶ
813 2372 891 2407 μόνον
904 2373 949 2398 τὸν

162 2413 278 2450 ἃοτῆρα
292 2415 340 2441 καὶ
360 2415 460 2451 Κύριον
485 2417 562 2452 ἡμῶν
585 2420 845 2454 συμπεπερασμένα.
871 2419 950 2447 Ἀλλὰ

160 2459 248 2486 ταῦτα
265 2460 314 2495 μὲν
336 2460 389 2487 ἀπὸ
408 2462 462 2488 τῶν
483 2462 562 2498 ἱερῶν
584 2463 680 2497 λογίων
706 2466 761 2496 τοῖς
778 2466 949 2493 πιστεύουσιν

160 2505 254 2537 αὐτοῖς
270 2506 496 2542 παρατεθήσεται·
509 2510 565 2540 τοῖς
581 2508 602 2534 δ’
614 2509 755 2536 ἀπειθοῦσι
770 2512 829 2542 ταῖς
845 2520 948 2547 προφη-

159 2552 250 2583 τικαίς
265 2551 387 2587 Γραφαῖς
410 2553 480 2585 ἰδίως
498 2554 698 2590 ἀπαντήσομεν,
720 2556 756 2587 ὡς
772 2557 836 2592 περὶ
852 2558 948 2593 ἀνδρὸς

159 2597 261 2629 κοινοῦ,
278 2598 325 2624 καὶ
341 2600 397 2630 τοῖς
414 2598 516 2631 λοιποῖς
531 2601 719 2636 παραπλησίου
736 2603 804 2634 τέως
819 2603 868 2639 τὴν
888 2604 946 2636 ἐξέ-

159 2653 238 2672 τασιν
251 2647 422 2682 ποιούμενοι·
435 2647 488 2680 ἵνα,
501 2649 599 2675 ὁπόταν
617 2650 725 2676 πάντων
742 2651 795 2677 τῶν
809 2652 837 2684 ἐξ
851 2652 946 2684 αἰῶνος

159 2690 310 2726 βοηθέντων
321 2693 350 2718 ὲν
366 2692 529 2728 ἀνθρώποις,
554 2695 620 2721 πολὺ
643 2697 775 2731 κρείττων
789 2698 946 2734 ἀσυγκρίτῳ

158 2737 278 2773 ὑπεροχῇ
296 2737 343 2764 καὶ
362 2738 496 2775 διαφέρων
518 2740 651 2775 ἀναφανῇ,
671 2743 828 2777 τοτηνικάδε
845 2744 891 2770 καὶ
912 2744 946 2771 τὰ

159 2782 222 2818 περὶ
234 2782 286 2818 τῆς
299 2783 437 2820 θειοτέρας
453 2785 535 2812 αὐτοϋ
551 2787 655 2820 φύσεως
671 2787 740 2814 κατὰ
752 2789 846 2824 καιρὸν
858 2790 945 2816 διαλά-

158 2826 258 2862 ὕωμεν,
277 2827 306 2861 ἐξ
322 2828 445 2864 ἐναργῶν
457 2829 511 2865 τῶν
524 2829 685 2862 ἀποδείξεων
699 2832 892 2866 παριστῶντες,
907 2833 943 2864 ὡς

1002 2326 1035 2353 ad
1051 2325 1172 2353 dextram
1185 2331 1211 2354 et
1223 2327 1256 2354 ad
1272 2327 1409 2354 sinistram
1424 2326 1547 2358 extende.
1563 2331 1589 2354 et
1605 2335 1696 2354 semen
1711 2330 1786 2353 tuum

1001 2379 1094 2409 gentes
1124 2373 1292 2400 hazrcditabit
1306 2373 1339 2399 “.
1362 2383 1371 2398 ι
1390 2373 1438 2400 llis
1463 2378 1553 2400 autem
1582 2373 1673 2399 verbis
1693 2372 1786 2399 Eccle-

1002 2421 1071 2447 siam
1087 2420 1120 2447 de
1133 2419 1260 2455 gentibus
1277 2419 1430 2450 collectam,
1445 2424 1470 2446 et
1497 2423 1555 2445 toto
1570 2419 1634 2445 orbe
1650 2423 1784 2445 terrarum

1002 2466 1139 2497 diffusam,
1155 2465 1232 2491 etab
1247 2468 1307 2490 ortu
1337 2464 1403 2491 solis
1425 2464 1458 2491 ad
1481 2472 1609 2491 occasum
1634 2467 1784 2495 extentam,

1001 2511 1142 2538 oraculum
1157 2511 1241 2538 lactari
1256 2511 1343 2544 jubet,
1358 2510 1515 2545 planissime
1526 2510 1577 2536 hoc
1591 2510 1679 2544 ipsqu
1701 2509 1786 2544 signi-

1002 2558 1096 2590 ﬁcans,
1111 2558 1156 2584 ubi
1183 2558 1238 2584 ait:
1259 2566 1268 2582 ι
1288 2557 1320 2583 Ει
1334 2564 1426 2584 semen
1440 2562 1515 2583 tuum
1532 2560 1626 2591 gentes
1641 2555 1786 2583 haeredita-

1000 2603 1048 2630 bit.
1070 2613 1078 2629 ι
1096 2602 1163 2630 Cum
1179 2607 1268 2629 autem
1281 2603 1428 2637 longiorem
1441 2602 1658 2636 explanationem
1676 2601 1785 2628 deside-

1001 2653 1059 2676 rent
1069 2657 1111 2681 ea,
1126 2658 1186 2685 qua:
1200 2650 1232 2676 ad
1258 2649 1330 2676 hunc
1347 2649 1435 2676 locum
1452 2652 1585 2683 spectant,
1609 2648 1715 2675 abunde
1734 2656 1783 2675 no-

999 2696 1041 2722 bis
1057 2695 1114 2722 haec
1125 2695 1280 2730 compendii
1299 2696 1388 2722 locum
1408 2694 1566 2728 explebunt.
1588 2693 1654 2720 Nam
1672 2697 1702 2720 tu
1713 2701 1782 2728 quo-

998 2748 1050 2774 que
1062 2748 1110 2774 per
1122 2740 1207 2767 otium
1218 2740 1304 2766 multa
1320 2740 1398 2774 plura
1410 2739 1660 2773 colligere‘poteris,
1675 2746 1736 2773 quae
1747 2739 1778 2765 ad

998 2787 1068 2813 idem
1085 2787 1252 2821 propositum
1266 2790 1400 2820 spectent.
1416 2784 1468 2813 Sed
1478 2786 1563 2820 ipsum
1575 2793 1682 2820 quoque
1699 2792 1781 2812 evan-

998 2833 1089 2869 gelicae
1107 2832 1348 2860 demonstrationis
1382 2833 1549 2866 propositum
1573 2832 1645 2867 quod
1662 2839 1733 2859 nunc
1751 2831 1779 2858 in

190 2907 215 2923 "
227 2908 281 2937 isa.
298 2908 412 2942 “11,12.
450 2908 472 2925 ⁸⁷
487 2908 558 2937 Psal.
573 2917 618 2943 xv,
635 2909 678 2937 10.
716 2910 739 2926 ⁸⁸
750 2910 820 2938 Psal.
832 2911 940 2942 χχιιΑ.

1015 2910 1085 2939 Psal.
1102 2919 1140 2943 Ix.
1156 2911 1198 2939 ις.
1237 2912 1259 2927 ⁸⁸
1271 2912 1321 2939 lsa.
1333 2919 1386 2944 LIV,
1404 2911 1459 2938 l-‘S.
