2071 3219
305 196 356 223 187

643 199 776 225 EUSEBII
796 197 1033 225 CAESARIENSIS
1053 197 1128 225 OPP.

1146 196 1236 224 PARS
1250 197 1282 223 ll.
1301 212 1335 216 —-
1354 195 1600 224 APOLOGETICA.
1867 195 1921 224 {83

300 254 427 280 manibus
442 257 493 285 est,
509 254 595 281 tradet
614 263 663 282 suo
677 259 798 290 tempore
813 259 895 288 atque
916 257 1074 290 interpreta-

1133 254 1182 280 οὐκ
1196 253 1366 288 ἀνθρωπείας
1382 254 1435 289 ἄρα
1451 251 1485 288 ἦν
1504 252 1610 286 φύσεως
1629 253 1645 287 ἠ
1659 253 1721 288 περὶ
1743 252 1822 279 αὑτὸν
1838 252 1920 280 δύνα-

298 299 373 326 hitur
386 299 503 334 singula.
527 300 636 326 Interim
661 308 725 327 vero
739 300 810 335 quod
835 301 867 327 ad
881 301 1081 336 praedictionem

299 345 551 379 divinationemque
580 345 766 380 proplieticam
783 346 817 373 de
832 346 972 374 Salvatore
987 352 1081 373 nostro

298 390 425 424 pertinet,
443 390 569 424 quodque
585 390 647 416 item
661 390 693 416 ad
710 391 736 418 id
752 391 822 426 quod
836 399 866 418 ea
879 391 1018 426 praedictio
1026 399 1081 418 om-

299 443 349 463 nes
365 436 490 463 homines
515 443 609 462 eorum
632 435 763 463 bonorum
782 437 859 471 102
879 436 996 464 adventu
1013 445 1080 471 gau-

298 481 362 509 dere
375 481 486 515 jubebal
498 489 558 516 quae
573 481 809 515 exspectabantur,
825 482 858 509 iis
867 490 926 516 quas
935 482 992 516 jam
1003 482 1076 508 dicta

299 531 362 553 sunt
383 527 504 553 contenti
532 534 592 553 esse
618 534 782 561 possumus:
799 535 858 562 quae
878 527 986 561 quidem
1001 528 1080 562 plane

299 575 442 601 enuntiant
455 573 592 608 propheta:
609 573 752 607 cujusdam
769 573 926 606 adventum,
940 579 966 601 et
991 574 1080 609 legum

298 620 419 647 auctoris
433 619 558 653 pietatem
574 619 620 653 qui
636 619 701 646 Mosi
717 619 813 646 similis
833 619 940 646 futurus
954 620 1000 652 sit,
1016 627 1081 646 nee-

1136 309 1195 335 μις·
1210 297 1251 331 οἷς
1268 299 1419 330 ἀκολούθως
1434 299 1481 326 καὶ⁸
1496 298 1530 326 τὰ
1540 299 1589 334 τῆς
1603 299 1663 325 κατ’
1675 298 1754 324 αὑτὸν
1767 297 1917 333 θεολογίας,

1134 347 1171 378 ὡς
1184 344 1239 373 οἷόν
1251 354 1281 372 τε
1295 346 1367 372 ἐστὶν
1381 346 1446 380 ἡμῖν
1457 344 1630 376 ἐποπτεῦσαι,
1645 343 1821 379 ποιησόμεθα.
1841 344 1917 370 Ἐπεὶ

1132 392 1221 418 τοίνυν
1231 392 1283 418 τῶν
1296 391 1416 418 ἀπίστων
1427 391 1451 417 οἱ
1466 390 1573 422 πλείους
1585 391 1670 424 γόητα
1681 389 1727 415 καὶ
1735 388 1837 415 ’πλάνον
1849 391 1917 416 ἀπο-

1133 437 1286 469 καλοῦντες,
1303 437 1350 463 καὶ
1365 437 1475 472 μυρίαις
1495 436 1586 467 ἄλλαις
1604 435 1779 471 κακηγορίαις
1798 435 1917 471 βλασφη-

1133 483 1246 518 μοῦντες
1266 483 1356 514 αὑτὸν,
1373 481 1449 508 οὔπω
1472 483 1517 508 καὶ
1540 481 1586 508 νῦν
1609 481 1749 512 παύονται,
1771 481 1846 516 φέρε,
1869 481 1915 507 καὶ

1132 528 1200 563 πρὸς
1220 528 1329 559 τούτους
1346 527 1565 563 ἀποκρινώμεθα,
1586 527 1689 553 οἴκοθεν
1710 526 1758 562 μὲν
1781 526 1865 558 οὐδὲν,
1885 526 1915 559 ἐξ

1133 573 1220 600 αὐτῶν
1234 573 1261 599 δὲ
1278 573 1331 600 τῶν
1346 573 1427 599 αὑτοῦ
1447 572 1552 607 φωνῶν,
1570 573 1614 599 καὶ
1634 570 1667 607 ἦς
1689 572 1828 607 παρέδωκε
1842 571 1915 598 διδα-

1133 619 1246 650 σκαλίας
1257 620 1306 650 τὰς
1321 618 1484 654 παραθέσεις
1498 618 1662 652 ποιούμενοι.

298 673 351 692 non
381 666 503 699 ejusdem
533 674 627 701 genus,
651 670 678 693 et
709 666 820 698 tribum,
847 671 874 694 et
893 667 981 694 locum
1009 667 1080 694 unde
1103 667 1226 694 exiturus
1243 686 1250 698 ,
1275 671 1302 694 et
1325 670 1430 701 tempus
1447 674 1500 701 quo
1522 670 1651 692 venturus
1680 665 1725 692 sit.
1744 663 1914 691 Vaticinatur

301 714 433 745 praetcrea
446 714 472 738 et
488 714 590 742 ortum,
607 716 634 738 et
644 715 770 741 mortem,
796 715 822 737 et
837 710 952 737 reditum
968 711 994 737 in
1005 711 1098 742 vitam.
1120 714 1148 737 et
1161 710 1342 745 principatum
1359 710 1386 736 in
1399 710 1526 736 omnibus
1539 709 1676 744 gentibus,
1690 716 1750 743 quae
1768 715 1833 735 sane
1857 708 1914 741 jam

297 763 413 783 evenere
445 756 558 783 omnia:
577 760 604 783 et
620 757 706 791 magis
733 756 815 783 etiam
844 757 974 790 deinceps
991 764 1021 783 ex
1042 756 1085 786 iis,
1107 763 1168 790 quae
1198 755 1324 782 dicentur
1350 755 1506 788 constabit,
1531 755 1557 781 in
1587 763 1642 781 uno
1659 753 1797 781 Salvatore
1815 761 1845 780 ac
1860 752 1914 780 Do-

297 802 373 829 mino
391 807 487 829 nostro
515 810 546 829 ea
581 803 661 829 tinem
687 803 835 837 accepisse.
862 802 989 835 Sedlhzec
1010 810 1070 837 qua:
1085 803 1118 830 de
1137 803 1239 830 sanctis
1253 802 1372 829 oraculis
1383 807 1494 837 accepta
1505 802 1596 834 vides,
1617 802 1650 829 iis
1662 801 1707 835 qui
1723 801 1845 832 credunt,
1864 808 1914 827 ex-

295 849 384 883 posita
409 852 494 875 sunt:
512 850 544 876 iis
563 854 652 875 autem
677 849 722 883 qui
751 856 805 875 non
831 849 956 881 credunt,
975 856 1097 876 seorsum
1119 849 1225 876 obviam
1252 850 1362 884 scriptis
1384 849 1548 885 propheticis
1566 849 1674 882 ibimus,
1693 854 1773 884 atque
1805 849 1913 876 interim

295 899 423 928 tanquam
438 893 470 920 de
486 894 621 921 communi
635 895 705 927 viro,
723 899 751 922 et
765 896 811 929 qui
831 895 942 930 reliquis
956 894 1036 922 fuerit
1051 895 1150 922 similis
1172 895 1344 930 inquiremus
1366 905 1372 922 :
1395 900 1424 922 ut
1449 904 1510 923 eum
1535 896 1663 924 omnibus
1687 896 1733 931 qui
1756 904 1872 930 unquam
1897 903 1913 922 a

295 939 407 968 condito
421 946 478 966 aevo
504 939 573 966 inter
592 939 715 967 homines
735 940 862 967 celebrati
881 940 936 967 sint
952 959 959 970 ,
985 940 1070 966 multo
1091 941 1263 974 praestantior
1279 945 1306 967 et
1330 940 1535 975 incomparabili
1565 940 1681 975 quadam
1709 940 1855 968 eminentia
1871 948 1916 967 su-

295 986 386 1021 perior
414 985 580 1019 apparuerit,
600 993 662 1012 cum
677 994 708 1012 ea
722 994 830 1021 quoque
851 994 911 1021 qum
933 986 966 1013 ad
988 986 1146 1012 diviniorem
1167 987 1226 1020 ejus
1241 990 1365 1012 naturam
1392 990 1517 1021 spectant
1537 990 1732 1020 pertractemus
1752 997 1758 1013 :
1784 990 1810 1014 et
1840 986 1913 1021 quod

295 1028 384 1055 virtus
403 1037 463 1063 qua:
483 1029 510 1056 in
532 1030 577 1057 illo
602 1035 662 1058 erat
687 1032 760 1058 nulla
787 1032 905 1058 butnana
921 1036 1018 1058 natura
1046 1036 1193 1065 constaret,
1209 1032 1369 1060 certissimis
1389 1032 1666 1060 demonstrationibus
1680 1033 1885 1067 comprobemus
1903 1041 1911 1060 :

295 1072 390 1101 ordine
415 1075 543 1109 deinceps
559 1081 698 1111 sequetur,
715 1082 744 1104 ut
759 1085 791 1104 ea
808 1084 990 1112 proponamus
1001 1078 1208 1112 contemplanda
1221 1085 1270 1112 pro
1285 1078 1398 1107 viribus,
1414 1085 1472 1112 qua:
1500 1078 1532 1104 ad
1558 1085 1616 1105 eam
1643 1078 1804 1113 theologiam
1829 1079 1914 1113 perti-

294 1123 369 1149 nent.
385 1127 445 1154 qua:
465 1121 539 1146 illuxit
561 1122 699 1156 complexa
715 1126 766 1150 est.
790 1122 922 1155 Quoniam
942 1122 1024 1157 igitur
1040 1123 1126 1156 major
1153 1130 1215 1156 pars
1232 1130 1324 1149 eorum
1340 1122 1386 1156 qui
1410 1130 1464 1150 non
1488 1124 1613 1155 credunt,
1630 1128 1728 1151 vocant
1742 1125 1816 1151 illum
1843 1132 1914 1160 prae-

294 1165 463 1199 stigiator-em
490 1173 522 1192 ac
549 1167 737 1199 seductorem,
767 1169 888 1203 aliasque
906 1168 1118 1196 innumerabiles
1137 1168 1287 1196 calumnias
1309 1168 1336 1194 in
1352 1168 1427 1194 illum
1453 1169 1656 1196 exsecrabiliter
1681 1170 1795 1203 jactant,
1818 1178 1849 1198 ac
1878 1179 1912 1198 ne

294 1220 368 1239 nunc
384 1213 492 1247 quidem
517 1213 646 1241 desinunt
666 1215 798 1249 ejusmodi
813 1217 911 1250 probra
926 1217 1090 1251 contingere,
1112 1220 1218 1250 tempus
1231 1215 1286 1250 jam
1302 1216 1408 1242 videtur
1435 1223 1496 1243 esse
1524 1220 1554 1243 ut
1571 1218 1652 1244 etiam
1668 1218 1729 1245 istis
1744 1219 1909 1253 respondea-

295 1266 366 1290 mus,
385 1259 419 1286 de
444 1264 539 1287 nostro
564 1261 673 1295 quidem
697 1262 764 1289 nihil
779 1262 935 1295 aderentes,
965 1264 1012 1291 sed
1027 1264 1060 1291 de
1083 1263 1206 1290 doctrina
1224 1271 1304 1298 quam
1320 1264 1378 1298 ipse
1401 1263 1548 1298 publicavit
1565 1270 1752 1299 assumentes,
1772 1267 1843 1301 quod
1866 1267 1910 1293 hic

295 1311 475 1338 apponamus.

294 1361 338 1388 Ill.
353 1361 484 1389 Adversus
502 1371 545 1390 eos
562 1364 605 1398 qui
620 1363 752 1405 Qliristitm
764 1365 809 1392 Dei
820 1367 980 1394 seductorem
990 1367 1071 1402 fuisse

1123 1364 1158 1391 Γ’.
1176 1363 1253 1397 Πρὸς
1264 1362 1333 1395 τοὺς
1345 1362 1680 1405 πέάνονιύπειίῖηρότίις
1692 1367 1842 1402 γεγονέναι
1856 1370 1910 1397 τὸν

598 1400 763 1426 existimant.

327 1441 517 1478 luterrogandi
535 1444 617 1478 igitur
628 1449 702 1478 sunt,
721 1454 785 1473 num
799 1447 860 1481 quis
876 1455 994 1482 unquam
1004 1448 1073 1476 alius

295 1488 358 1514 huic
374 1488 471 1516 similis
487 1489 617 1517 seductor
632 1499 665 1517 ex
681 1492 805 1519 historiis
821 1493 943 1528 ipsorum
959 1494 1074 1528 proferri

295 1534 392 1568 possit,
408 1535 454 1570 qui
470 1536 699 1571 mansuetudinis,
708 1539 862 1572 probitatis,
877 1541 1073 1575 temperantiae,

294 1580 438 1615 omnisque
451 1582 562 1616 reliquae
583 1583 691 1611 virtutis
713 1584 746 1612 iis
770 1593 839 1619 quos
862 1587 1000 1614 seduxerit
1018 1595 1075 1615 ma-

294 1627 379 1661 gister
394 1631 420 1654 et
434 1631 531 1654 auctor
545 1630 680 1656 exstiterit
693 1640 699 1657 :
718 1635 744 1658 et
758 1636 848 1658 utrum
861 1632 902 1660 fas
915 1634 951 1661 sit
977 1634 1010 1662 iis
1026 1643 1075 1662 no-

294 1671 414 1699 minibus
431 1679 529 1700 vocare
542 1681 614 1700 cum:
633 1675 678 1709 qui
695 1683 729 1702 ne
745 1676 844 1703 intueri
877 1678 986 1712 quidem
1012 1687 1074 1707 mu-

294 1716 387 1744 lierem
404 1725 465 1744 cum
480 1719 611 1752 petulanti
628 1721 777 1755 cupiditate
801 1723 948 1756 permittit:
964 1728 992 1751 et
1008 1733 1072 1752 num

294 1761 317 1788 is
343 1762 480 1794 Seductor,
497 1764 542 1797 qui
564 1772 700 1792 summum
730 1766 907 1802 pbilosophim
937 1768 1072 1804 fastigium

293 1807 459 1840 tradiderit,
492 1809 697 1845 discipulosque
725 1819 789 1839 suos
821 1814 967 1846 docuerit,
1000 1823 1074 1849 quae-

293 1862 399 1888 cunque
433 1855 601 1889 possideant}
623 1858 711 1889 bona,
751 1859 935 1893 indigentibus
973 1861 1074 1896 imper-

295 1898 350 1929 tiri,
371 1903 398 1925 et
423 1899 524 1926 laboris
550 1901 670 1927 studium
707 1909 739 1929 ac
758 1903 961 1931 beneﬁcentiam
996 1906 1073 1941 103

293 1943 402 1977 plurimi
435 1945 523 1972 facere
553 1955 560 1972 :
591 1950 616 1973 et
643 1951 731 1973 utrum
756 1949 886 1976 seductor
912 1950 945 1982 is,
975 1953 1021 1986 qui
1045 1953 1072 1978 iu

293 1989 467 2016 multitudine
495 1991 619 2024 populari
644 2011 652 2023 ,
679 1993 705 2018 in
727 1993 831 2027 plebeio
863 1995 1072 2031 turbulentoque

292 2040 374 2067 grege
389 2035 489 2060 versari
507 2036 641 2069 prohibet,
659 2038 745 2063 solum
761 2042 850 2065 autem
869 2047 958 2066 rerum
973 2041 1073 2068 divina-
1086 2052 1106 2080 ο

292 2086 352 2104 rtun
368 2079 488 2105 studium
505 2088 553 2107 sua
574 2081 699 2108 doctrina
724 2084 904 2110 commendat.
923 2084 975 2117 Qui
992 2094 1072 2120 porro

293 2123 350 2149 tieri
367 2127 466 2157 potest,
485 2129 514 2150 ut
537 2125 560 2151 is
583 2126 679 2152 merito
700 2127 855 2153 nominetur
872 2127 1009 2161 seductor,
1024 2129 1071 2164 qui

290 2171 318 2194 et
341 2168 375 2195 ab
396 2169 469 2195 omni
495 2170 637 2197 mendacio
658 2171 804 2204 deterreat,
828 2178 854 2199 et
876 2173 909 2200 ad
931 2176 1070 2202 veritatem

291 2218 387 2248 praeter
400 2220 495 2241 cuncta
511 2216 563 2242 alia
577 2217 791 2251 amplectendam
803 2219 981 2247 adhorletur?
996 2224 1025 2246 ut
1038 2229 1071 2248 ne

287 2257 350 2291 jure
373 2259 481 2293 quidem
502 2260 619 2294 juramlo
646 2262 708 2288 velit
732 2271 782 2289 nos
807 2264 948 2298 indigere?
969 2270 1071 2300 quanto

289 2308 378 2330 autem
401 2305 491 2332 minus
515 2306 651 2340 perjurio?
668 2318 676 2333 ‹
691 2307 732 2335 Sit
754 2310 825 2336 enitn
850 2318 939 2338 sermo
958 2316 1067 2340 vester:

290 2347 347 2380 Est,
364 2353 405 2376 est
419 2358 426 2376 :
440 2358 502 2381 non,
522 2358 575 2377 non
588 2352 608 2366 °‘
623 2361 628 2377 :
648 2361 657 2377 ι
676 2357 702 2378 et
717 2354 782 2387 quid
796 2362 838 2381 me
852 2355 928 2389 plura
945 2357 1070 2391 colligere

287 2398 405 2429 oportet,
425 2403 485 2422 cum
503 2404 534 2422 ex
553 2397 597 2428 iis,
613 2405 674 2432 quae
691 2398 745 2432 jam
763 2400 834 2426 dicta
853 2405 925 2432 sunt,
943 2402 1022 2436 plane
1038 2403 1070 2429 li-

287 2444 346 2468 ceat
362 2440 478 2473 discere,
495 2443 631 2477 quodnam
647 2445 728 2472 fuerit
742 2446 802 2480 ejus
819 2447 974 2481 reipublicae
990 2448 1069 2475 insti-

286 2489 384 2518 tutum,
403 2495 463 2522 quae
487 2488 520 2515 ab
545 2489 591 2516 illo
606 2490 676 2517 inter
693 2491 816 2519 homines
832 2493 864 2520 ad
884 2494 945 2520 vita:
964 2494 1068 2529 utilita-

286 2534 337 2557 tem
350 2531 525 2561 disseminata
542 2536 602 2562 est?
616 2544 649 2563 ex
663 2545 726 2572 qua,
744 2546 797 2565 non
815 2539 895 2566 modo
917 2547 970 2567 non
986 2540 1068 2567 sedu-

286 2579 402 2608 ctorem,
415 2579 461 2606 sed
478 2587 539 2607 vere
554 2581 673 2608 divinum
685 2584 837 2617 quemdam,
853 2589 880 2611 et
897 2585 994 2612 divinae
1012 2586 1068 2620 pie-

285 2624 421 2656 tatetnque
436 2625 564 2658 amplexa;
580 2626 768 2662 philosophiae,
791 2637 845 2656 non
867 2631 1020 2658 communis
1036 2632 1068 2658 il-

284 2666 337 2693 lius
363 2671 388 2693 et
415 2669 534 2703 vulgaris
560 2671 794 2705 introductorem.
824 2677 913 2703 omnis
942 2677 1066 2705 veritatis

284 2715 390 2738 amator
413 2713 448 2740 sit
465 2715 651 2745 confessurus.
680 2718 746 2745 Nam
774 2721 846 2754 quod
873 2721 938 2748 illud
958 2723 1064 2750 vivendi
1083 2720 1103 2746 Ι)

283 2755 458 2789 institutum,
494 2767 547 2793 quo
579 2761 752 2791 Hebrazorum
783 2767 984 2801 antiquissimi,
1014 2768 1061 2795 Dei

283 2800 373 2834 amici,
395 2802 443 2829 viri
468 2805 624 2840 utebantur,
640 2810 766 2845 quodque
780 2811 834 2846 jam
851 2800 886 2840 ex
907 2813 1061 2842 hominibus

318 2877 338 2892 “
365 2877 458 2906 Matth.
472 2888 498 2911 ν,
519 2882 562 2910 57.

1366 1398 1496 1431 Χριστὸν
1511 1400 1563 1426 τοῦ
1580 1401 1666 1427 θεοῦ.

1160 1444 1290 1470 [Ιευστέον
1311 1444 1342 1479 δὴ
1378 1444 1466 1470 αὐτῶν
1495 1445 1584 1472 εἴποτέ
1611 1455 1652 1477 τις
1684 1447 1762 1480 ἄλλος
1790 1450 1908 1483 τοιοῦτος

1125 1490 1222 1521 πλάνος
1236 1490 1372 1525 ἱστόρηται
1386 1490 1546 1525 πραότητος,
1563 1491 1608 1517 καὶ
1631 1493 1788 1526 ἐπιεικείας,
1803 1504 1909 1531 σωφρο-

1126 1536 1206 1570 σύνης
1231 1544 1260 1561 τε
1291 1536 1336 1562 καὶ
1358 1536 1407 1570 τῆς
1435 1536 1515 1572 ἄλλης
1538 1537 1636 1573 ἀρετῆς
1661 1539 1818 1573 διδασκαλος
1851 1545 1909 1574 τοῖς

1124 1581 1312 1616 ἀπατωμένοις
1333 1581 1450 1616 γεγονὼς
1475 1582 1574 1614 uiuo;-
1598 1585 1645 1610 καὶ
1670 1587 1694 1611 εί
1720 1586 1828 1621 θεμιτὸν
1852 1589 1909 1615 τού-

1124 1636 1179 1659 τοις
1203 1628 1349 1654 ἀποκαλεῖν
1377 1630 1431 1660 τοῖς
1457 1629 1569 1664 ὀνόμασι
1596 1634 1641 1657 τὸν
1672 1632 1738 1667 μηδὲ
1763 1634 1908 1668 ἐμϐλέπειν

1127 1673 1193 1708 μετὰ
1227 1673 1373 1708 ἐπιθυμίας
1393 1674 1541 1701 ἀκολάστου
1566 1676 1686 1709 γυναιξὶν
1708 1678 1906 1714 ἐπιτρέψαντα,-

1124 1719 1170 1744 mi
1195 1719 1218 1744 εἰ
1244 1718 1341 1749 πλάνος
1363 1719 1376 1745 ὁ
1401 1718 1449 1754 τὴν
1475 1720 1513 1751 εἰς
1537 1720 1620 1755 ἄκρον
1642 1721 1778 1756 παραδοὺς
1800 1723 1907 1756 φιλοσο-

1124 1764 1187 1798 φίαν
1203 1765 1231 1790 ὲν
1244 1764 1281 1799 τῷ
1295 1765 1357 1794 τοὺς
1372 1765 1500 1799 φοιτητὰς
1517 1766 1651 1792 παιδεύειν
1666 1767 1719 1792 τῶν
1733 1768 1907 1804 ὑπαρχόντων

1123 1808 1222 1834 ὲνδεὲσι
1246 1811 1391 1839 κοινωνεῖν,
1414 1811 1461 1836 καὶ
1480 1809 1510 1835 τὸ
1527 1810 1666 1843 φιλόπονον
1689 1812 1735 1837 καὶ
1753 1814 1907 1840 κοινωνικὸν

1124 1854 1187 1889 περὶ
1205 1854 1300 1880 πολλοῦ
1317 1854 1447 1881 τίθεσθαι·
1463 1855 1509 1882 καὶ
1528 1856 1552 1881 εί
1575 1856 1673 1888 πλάνος
1695 1857 1708 1882 ὁ
1734 1858 1782 1892 τῆς
1807 1859 1907 1893 πανδή-

1125 1907 1186 1934 μου,
1205 1900 1252 1926 καὶ
1271 1900 1408 1933 ἀγελαίου,
1430 1901 1476 1927 καὶ
1498 1900 1664 1936 θορυϐώδους
1691 1903 1831 1934 συνουσίας
1846 1904 1907 1930 ἀνε-

1123 1944 1232 1979 γείρων,
1245 1944 1374 1971 διδάσκων
1391 1946 1418 1971 δὲ
1433 1946 1514 1981 μόνην
1533 1946 1702 1978 ἀσπάζεσθαι
1722 1948 1770 1983 τὴν
1790 1950 1852 1983 περὶ
1872 1950 1907 1977 τὰ

1124 1989 1182 2016 θεῖα
1194 1990 1270 2025 λόγια
1287 1991 1392 2026 σχολήν.
1414 1992 1442 2018 '0
1467 1992 1495 2018 δὲ
1513 1993 1611 2024 παντὸς
1632 1993 1681 2028 μὲν
1707 1994 1822 2028 ψεύδους
1837 1997 1906 2022 ἁπο-

1123 2037 1240 2070 τρέπων,
1259 2038 1307 2072 τὴν
1325 2038 1348 2063 δ’
1368 2037 1493 2072 ἀλήθειαν
1518 2038 1568 2073 πρὸ
1587 2040 1686 2071 παντὸς
1704 2042 1785 2076 τιμᾷν
1804 2051 1904 2077 παραι-

1123 2081 1184 2107 νῶν·
1197 2082 1234 2113 ὡς
1250 2083 1309 2117 μηδ’
1322 2083 1445 2117 εὐορκίας
1460 2083 1571 2115 δεῖσθαι,
1590 2085 1685 2111 πολλοῦ
1700 2086 1740 2112 δεῖ
1755 2087 1903 2123 ἐπιορκεῖν·

1125 2135 1134 2151 ι
1149 2127 1237 2154 Ἔστω
1251 2128 1304 2163 γὰρ
1324 2128 1399 2163 ὑμῶν
1422 2128 1451 2154 τὸ
1467 2129 1519 2155 Nai.
1541 2130 1594 2161 ναὶ,
1614 2131 1642 2157 τὸ
1661 2132 1690 2158 οὒ
1708 2131 1748 2158 οΰι
1770 2143 1778 2158 ι
1797 2134 1854 2164 πῶς
1873 2134 1905 2160 ἂν

1122 2172 1220 2204 πλάνος
1236 2174 1346 2206 ἐνδίκως
1363 2174 1541 2210 ὀνομασθείης
1559 2177 1613 2202 Καὶ
1632 2177 1657 2202 τί
1676 2186 1708 2212 με
1725 2178 1776 2214 χρὴ
1796 2179 1905 2206 πλείονα

1121 2219 1167 2244 νῦν
1195 2219 1292 2253 λέγειν,
1316 2221 1401 2255 παρὸν
1421 2223 1452 2248 ἐκ
1480 2223 1532 2248 τῶν
1557 2222 1674 2257 πρόσθεν
1693 2224 1844 2259 εἰρημένων
1862 2225 1904 2256 τίς

1121 2272 1185 2290 ποτε
1206 2263 1239 2299 ἦν
1259 2266 1357 2301 τρόπος
1375 2266 1476 2300 γνῶναι
1496 2267 1545 2302 τῆς
1562 2267 1607 2293 ὑπ’
1623 2268 1705 2294 αὐτοῦ
1721 2270 1905 2304 κατασπαρεί-

1121 2319 1170 2347 σης
1181 2311 1218 2345 τῷ
1230 2311 1279 2346 βίῳ
1295 2311 1439 2343 πολιτείας,
1451 2313 1496 2346 ἀφ’
1512 2310 1545 2348 ἧς
1559 2313 1607 2348 οὺχ
1622 2314 1695 2345 ὅπως
1708 2315 1815 2346 πλάνον,
1835 2315 1904 2342 ἀλλά

1119 2365 1178 2383 τινα
1192 2356 1261 2382 θεῖον
1273 2357 1310 2387 ὡς
1324 2357 1439 2392 ἀληθῶς,
1458 2359 1504 2384 καὶ
1525 2357 1609 2390 θείας,
1628 2359 1673 2385 καὶ
1691 2360 1828 2392 εὐσεϐοῦς,
1845 2361 1902 2387 ἀλλ’

1119 2403 1149 2429 οὐ
1166 2403 1214 2438 τῆς
1235 2403 1326 2437 κοινῆς
1347 2404 1393 2428 xui.
1414 2403 1552 2438 πανδήμου
1578 2404 1732 2439 φιλοσοφίας
1755 2407 1902 2441 εἰσηγητὴν

1119 2449 1172 2479 πᾶς
1191 2449 1204 2473 ὁ
1230 2448 1377 2484 φιλαλήθης
1396 2449 1475 2475 αὑτὸν
1499 2449 1662 2485 ὁμολογήσαι
1682 2451 1730 2482 ἄν;
1761 2451 1811 2477 Τὸν
1837 2452 1902 2485 γοῦν

1119 2496 1174 2529 βίον
1190 2495 1242 2521 τῶν
1258 2495 1339 2521 πάλαι
1353 2495 1485 2529 θεοφιλῶν
1506 2495 1638 2530 Ἑϐραίων
1654 2496 1702 2531 ἤδη
1726 2505 1783 2528 πως
1805 2496 1835 2529 ἐξ
1856 2497 1903 2524 ἀν-

1119 2540 1233 2576 θρώπων
1257 2540 1412 2567 ἀπολωλότα
1441 2541 1520 2576 μόνος
1543 2542 1774 2577 ἀνανεωσάμενος,
1794 2543 1842 2569 οὐκ
1861 2545 1902 2576 εἰς

1119 2587 1228 2622 βραχεῖς
1248 2587 1295 2614 καὶ
1317 2587 1451 2622 μετρίους,
1479 2587 1534 2614 ἀλλ’
1551 2589 1589 2619 εἰς
1608 2588 1666 2614 ὅλον
1684 2589 1843 2622 ἐφαπλῶσαι
1855 2590 1901 2616 τὸν

1117 2634 1217 2668 κόσμον
1233 2633 1418 2659 ἀποδέδεικται
1437 2633 1480 2660 διὰ
1496 2634 1542 2660 τοῦ
1563 2633 1669 2669 πρώτου
1687 2635 1902 2670 συγγράμματος

1116 2680 1164 2715 τῆς
1179 2679 1318 2714 παρούσης
1333 2679 1496 2711 ὑποθέσεως·
1513 2680 1547 2706 δι’
1561 2677 1591 2706 οὗ
1606 2681 1736 2715 πάρεστιν
1749 2681 1901 2716 ἀνθρώποις

1117 2725 1163 2750 ἐπὶ
1175 2725 1289 2760 σπείρας
1307 2726 1362 2756 τοῖς
1379 2725 1439 2751 καθ’
1456 2726 1519 2761 ὅλης
1540 2727 1588 2761 τῆς
1607 2727 1767 2763 οἰκουμένης
1786 2728 1830 2754 τὸν
1846 2729 1900 2755 τῶν

1116 2770 1245 2805 Θεοψιλῶν
1259 2771 1368 2797 ἐκείνων
1384 2772 1453 2806 ἀμφὶ
1463 2772 1508 2798 τὸν
1525 2772 1648 2808 Ἀϐραὰμ
1661 2774 1772 2808 μυρίους
1782 2783 1811 2801 τε
1822 2775 1900 2807 ὅσους

1117 2815 1238 2850 ζηλωτὰς
1253 2816 1302 2842 οὐκ
1318 2815 1347 2848 ἐξ
1366 2816 1496 2852 Ἑλλήνιον
1511 2817 1598 2852 μόνον,
1614 2818 1680 2845 ἀλλὰ
1695 2819 1741 2845 καὶ
1756 2819 1901 2856 βαρόάρων
