2071 3219
193 217 244 245 189

654 211 982 241 DEMONSTRATIONIS
1002 209 1231 238 EVANGELlC/E
1252 208 1315 235 LIB.
1335 207 1378 235 Ill.

1767 202 1819 231 190

194 277 243 312 τῆς
255 275 371 302 ἐκείνων
386 274 526 306 θεοσεὸοὖς
540 273 675 304 πολιτείας
690 272 836 305 ἀποδεῖξαι.
861 270 941 297 Ἀλλὰ
950 269 985 296 τὰ

1042 269 1235 304 ιιιοάιιιηιιιοᾱο
1260 267 1418 297 interierat,
1442 265 1518 293 solus
1547 264 1605 298 ipse
1631 262 1818 293 renovaverit,

197 321 245 357 μὲν
260 320 418 356 ἡθικώτερα
430 320 478 355 τῆς
490 318 662 350 διδασκαλίας
678 317 760 345 αὑτοῦ
775 316 896 344 τοιαῦτα.
917 316 985 351 Φέρε

196 368 223 394 δὲ
241 365 407 401 σκεψώμεθα
434 367 469 401 μὴ
492 366 548 402 ἄρα
564 365 629 391 ποτὲ
643 365 657 391 ό
672 364 771 395 πλάνος
785 362 859 398 αὐτῷ
876 362 939 398 περὶ
952 361 986 388 τὰ

197 413 352 449 κυριώτατα
370 412 424 439 τῶν
450 412 591 447 δογμάτων
606 410 772 444 κατεγίνετο.
785 407 848 444 ΊἈρ*
866 406 912 435 οὖν
927 407 986 442 οὐχὶ

199 460 271 494 μόνῳ
286 459 324 493 τῷ
342 457 508 494 παμϐασιλεί
522 457 581 493 Θεῷ
604 457 642 492 τῷ
663 456 709 483 καὶ
719 455 846 491 οὐρανοῦ,
861 455 908 481 καὶ
923 454 985 489 γῆς,

198 506 245 531 καὶ
276 505 321 532 τοῦ
353 505 508 539 σύμπαντος
537 503 638 538 κόσμου
670 501 826 538 δημιουργῷ
848 501 927 531 αὑτός
957 508 986 525 τε

198 551 375 585 ἀνακείμενος
392 550 437 576 καὶ
451 550 512 580 τοὺς
529 548 657 584 φοιτητὰς
674 548 818 584 προσάγων
834 546 987 581 ἀναγέγρα-

199 605 283 628 πται;
301 596 391 622 Είσέτι
408 605 437 622 τε
456 596 502 622 καὶ
518 595 596 630 δεῦρο
616 596 640 621 ot
658 595 707 628 τῆς
719 593 890 623 διδασκαλίας
904 591 986 618 αὑτοῦ

199 642 272 675 λόγοι
289 643 376 669 πάντα
394 641 509 677 Ἕλληνα
524 642 571 666 καὶ
585 641 720 676 βάρϐαρον
735 640 790 665 ἄνω
808 638 856 673 τὴν
870 637 987 664 διάνοιαν

200 688 268 723 πρὸς
283 688 329 714 τὸν
344 688 473 714 ἀνωτάτω
486 687 551 713 Θεὸν
565 686 705 721 ἀνάγουσι.
723 686 815 712 πᾶσαν
828 683 927 719 ορατὴν
938 683 988 717 φύ-

200 743 243 761 σιν
260 734 442 770 ὑπερόψαντα.
457 732 529 770 τΛρα
546 731 592 759 οὖν
614 732 650 767 μὴ
671 732 756 763 οὕτως
768 729 801 767 ἦν
816 732 830 757 ὸ
846 730 953 762 πλάνος,
971 729 987 764 ἦ

198 780 242 806 ὅτι
257 781 293 815 μὴ
306 781 356 822 θεαὶ
368 779 475 811 πλείους
495 779 581 806 σέϐειν
597 779 674 810 θεοὺς
690 779 722 804 ἐκ
735 778 784 812 τῆς
803 776 931 803 ἀνωτάτω
941 775 988 802 καὶ

201 826 286 861 μόνης
299 825 415 859 ἀληθοῦς
428 825 565 859 θεολογίας
580 825 624 850 τὸν
636 824 673 855 ὡς
687 823 792 858 ἀληθῶς
807 823 905 849 πλάνον
919 830 987 857 τρα-

199 871 362 906 χηλισθέντα
376 873 526 907 συγχωρεῖ;
550 870 618 896 Ἀλλ’
637 866 713 900 οὗτος
729 869 760 895 οὐ
778 868 918 904 νεώτερος,
934 867 987 894 οὐδ’

199 918 300 948 οἰκεῖος
317 917 391 952 αὐτῷ
401 917 489 951 λόγος,
500 918 555 948 τοῖς
570 916 591 942 δ’
608 917 640 941 ὲκ
659 914 763 950 μακροῦ
779 914 857 941 πάλιν
869 913 988 948 θεοφιλέ-

200 971 244 989 σιν
265 963 400 998 Ἑϐραίοις
410 963 569 998 προσφιλὴς,
581 961 722 996 ὡσπεροῦν
738 960 869 987 δέδεικται
883 959 925 986 διὰ
939 960 987 994 τῆς

200 998 473 1043 Προπαρασκευῆςξ
481 1008 544 1044 παρ’
560 1005 596 1034 ὧν
610 1008 659 1042 ἤδη
671 1006 782 1034 καὶτῶν
797 1006 863 1032 νέων
883 1005 988 1039 φιλοσό-

201 1062 259 1088 φων
275 1054 370 1086 παῖδες
382 1054 416 1080 τὰ
433 1054 536 1089 μεγαλα
552 1053 730 1087 ὠφελημένοι,
746 1052 784 1087 τῷ
793 1052 906 1087 δόγματι
924 1059 987 1076 συν-

199 1099 365 1136 ηρὲσθησαν,
382 1100 559 1136 Σεμνὺνονται
576 1101 607 1134 γέ
623 1107 664 1125 τοι
693 1099 739 1125 καὶ
751 1098 839 1124 αὐτῶν
855 1097 988 1131 Ἐλλήνων

199 1146 229 1172 οἰ
247 1145 406 1180 λογιώτατοι
428 1146 474 1172 ἐπὶ
498 1146 630 1181 χρησμοῖς
649 1144 702 1170 τῶν
717 1143 823 1170 οἰκείων
845 1142 923 1174 θεῶν,
938 1138 988 1168 ὦδέ

200 1199 262 1222 πως
278 1191 408 1226 Ἐϐραίων
421 1191 642 1226 μνημονεύουσιν·

1038 324 1127 352 neque
1149 316 1176 343 in
1194 321 1296 350 paucos
1312 317 1340 341 et
1356 312 1489 343 modicos,
1512 311 1559 338 sed
1576 310 1603 336 in
1621 313 1706 336 totum
1726 309 1820 335 orbem

1037 361 1185 393 diﬂuderit,
1199 361 1227 387 in
1244 359 1333 395 primo
1350 358 1432 392 hujus
1446 357 1537 391 operis
1553 356 1623 382 libro
1636 355 1703 382 satis
1715 362 1729 380 a
1741 354 1820 381 nobis

1037 413 1178 436 ostensum
1201 411 1242 434 est
1261 416 1266 432 :
1284 413 1332 440 per
1355 412 1435 440 quem
1460 403 1554 438 utique
1575 403 1637 429 licet
1664 401 1821 428 hominibus

1035 454 1091 489 jam
1109 451 1246 480 turmatim
1263 451 1289 477 in
1307 453 1364 476 toto
1380 449 1456 479 orbe,
1473 448 1545 474 illius
1562 446 1634 476 vitae.
1649 445 1834 479 religionum-

1038 507 1090 535 que
1112 498 1243 532 amplexa:
1266 495 1430 530 reipublicae,
1448 501 1529 528 quam
1549 496 1575 519 et
1601 492 1659 526 ipse
1683 490 1820 516 Abraham

1037 551 1063 573 et
1078 544 1123 579 qui
1146 551 1192 578 per
1213 543 1282 569 idem
1303 546 1408 574 tempus
1426 539 1516 565 vixere
1536 537 1631 565 sectati
1650 540 1724 567 sunt,
1740 536 1821 562 innu-

1038 590 1181 618 merabiles
1198 596 1252 616 non
1269 587 1357 615 solum
1373 594 1405 613 ex
1419 585 1530 615 Graecis,
1552 583 1599 610 sed
1615 582 1696 609 etiam
1711 589 1743 607 ex
1758 581 1820 607 bar-

1038 637 1122 669 baris,
1138 636 1310 664 aemulatores
1329 632 1482 659 ostendere.
1497 630 1528 656 Et
1553 630 1626 656 illius
1642 628 1751 662 quidem
1769 627 1818 654 do-

1038 683 1132 711 ctrinae
1158 688 1220 716 pars
1235 687 1295 715 quae
1317 679 1349 705 ad
1370 685 1459 704 mores
1480 676 1596 710 pertinet
1624 674 1720 708 magis,
1746 673 1821 707 ejus-

1038 728 1122 756 modi.
1138 727 1215 754 Nunc
1230 726 1372 752 videamus
1388 727 1478 748 utrmu
1492 719 1645 747 seductoris
1661 724 1768 749 nomen,
1782 717 1819 743 illi

1039 776 1066 802 in
1080 782 1112 801 eo
1127 780 1224 808 genere
1239 775 1436 805 praceptorum
1448 762 1602 796 conveniat;
1620 764 1690 799 quod
1704 763 1821 790 maxime

1039 818 1203 846 dominatur.
1225 815 1319 842 Nonne
1344 814 1426 848 igitur
1450 812 1483 839 de
1507 811 1553 837 illo
1573 810 1660 845 palam
1689 809 1820 842 scriptum

1039 868 1093 896 est,
1108 861 1336 898 quemadmodum
1353 860 1404 887 soli
1419 857 1540 885 omnium
1557 856 1613 891 regi
1636 855 1699 885 Deo,
1716 858 1743 881 et
1759 853 1821 880 coali

1040 919 1071 938 ac
1085 914 1176 941 terrae,
1191 907 1337 941 mundique
1352 905 1472 932 universi
1488 903 1590 937 opilici,
1604 907 1630 928 et
1643 902 1700 935 ipse
1713 899 1821 927 deditus

1004 946 1023 972 Β
1040 957 1132 989 fuerit,
1149 960 1176 983 et
1188 953 1380 982 commendare
1396 958 1460 978 suos
1473 949 1622 984 discipulos
1634 944 1823 974 consueverit?

1041 1002 1094 1029 Sed
1116 1008 1206 1027 nonne
1232 999 1314 1026 etiam
1337 1004 1408 1024 nunc
1439 996 1511 1022 illius
1534 994 1665 1021 doctrina:
1689 996 1824 1026 praecepta

1042 1054 1147 1077 omnes,
1161 1050 1188 1073 et
1208 1043 1318 1071 Graecos
1329 1047 1354 1069 et
1371 1041 1503 1068 barbaros
1522 1039 1555 1065 ad
1570 1045 1725 1073 supremum
1740 1036 1822 1062 Deum

1041 1100 1150 1120 sursum
1169 1094 1260 1117 mente
1275 1089 1418 1122 animoque
1436 1084 1650 1121 percipiendum,
1673 1087 1699 1110 et
1715 1088 1823 1108 omnem

1042 1137 1174 1165 visibilem
1203 1139 1327 1162 naturam
1353 1130 1552 1166 despiciendam
1578 1127 1730 1156 extollunt?
1759 1132 1823 1151 num

1042 1184 1125 1218 igitur
1136 1180 1180 1209 hic
1191 1181 1240 1207 fuit
1252 1178 1396 1207 seductor?
1415 1185 1449 1203 an
1467 1184 1531 1203 vero
1546 1175 1618 1209 quod
1632 1173 1723 1208 plures
1736 1171 1825 1198 colere

206 1215 260 1222 ηε.
287 1215 403 1226 ἀγέμεν
421 1215 508 1226 ,ηηηη
596 1215 599 1216 ,
1054 1215 1066 1218 _

202 1236 270 1263 deos
287 1243 320 1263 ex
337 1243 462 1270 suprema
483 1240 509 1262 et
529 1235 585 1262 sola
608 1242 671 1262 vera
688 1233 822 1267 theologia
843 1239 915 1263 eum,
949 1231 994 1266 qui
1014 1236 1108 1257 revera
1124 1228 1151 1254 in
1171 1233 1290 1253 errorem
1319 1230 1439 1259 prazeeps
1459 1223 1494 1249 sit
1520 1221 1612 1258 lapsus
1642 1226 1695 1245 non
1714 1215 1825 1251 perluit-

201 1281 255 1308 tit?
267 1285 294 1308 at
307 1282 351 1309 hic
366 1289 418 1308 non
437 1289 543 1312 recens,
558 1289 645 1316 neque
658 1280 731 1307 illius
746 1279 871 1314 proprius
884 1285 985 1308 sermo,
1020 1275 1067 1303 sed
1086 1283 1119 1302 ex
1143 1274 1228 1301 multo
1254 1275 1376 1305 tempore
1398 1269 1496 1304 priscis
1526 1266 1571 1293 Dei
1595 1265 1745 1292 cultoribus
1773 1263 1825 1289 [ἰθ-

203 1328 285 1355 braais
299 1333 457 1358 consuetus,
480 1327 705 1362 quemadmodum
719 1330 745 1354 ct
763 1326 790 1352 in
804 1325 1002 1359 Pra’paralione
1022 1326 1162 1349 ostensum
1183 1323 1234 1350 est,
1251 1326 1283 1344 ex
1313 1325 1366 1351 qua
1381 1317 1435 1349 jam
1461 1320 1533 1340 nunc
1547 1319 1608 1339 cum
1632 1316 1754 1337 recentes
1770 1309 1828 1343 phi-

203 1374 312 1410 losophi
346 1382 472 1409 magnam
507 1375 649 1401 utilitatem
678 1374 841 1408 acceperint,
869 1373 956 1407 ipsum
991 1369 1122 1397 doctrina:
1159 1374 1246 1402 genus
1269 1363 1524 1399 comprobaverunt.
1549 1360 1682 1387 Cancrum
1704 1359 1823 1393 ipsorum

204 1421 286 1447 etiam
304 1420 382 1456 ιοῆ.
393 1419 548 1447 Graecorum
570 1420 721 1447 doctissimi
743 1427 855 1447 suorum
889 1418 1003 1445 deorum
1034 1413 1154 1443 oraculis
1182 1412 1343 1447 gloriantur,
1368 1410 1401 1438 de
1431 1409 1550 1437 Hebraeis
1575 1409 1601 1435 in
1624 1407 1697 1434 hunc
1716 1404 1825 1432 modum

204 1470 369 1495 mentionem
386 1467 549 1494 facientibus
565 1476 572 1494 :

204 1524 318 1551 Μοῦνοι
331 1523 471 1550 Χαλδαῖοι
483 1523 595 1556 σοφίην
609 1522 715 1556 λάχον,
732 1521 777 1554 ἠδ’
790 1521 835 1554 ἄρ’
857 1520 990 1556 Ἑϐραῖοι,

201 1560 423 1594 Δὺτοτένεθλον
439 1555 553 1584 ἅνακέα
567 1557 755 1592 σεϐαζόμενοι
773 1557 846 1582 Θεὸν
862 1555 969 1590 ἁγνῶς.

205 1646 356 1678 Χαλδαίους
376 1646 404 1672 δὲ
426 1646 488 1677 τοὺς
512 1645 610 1676 αὐτοὺς
624 1644 666 1672 διὰ
680 1644 725 1671 τὸν
748 1643 871 1678 Ἀὁραὰμ
887 1643 992 1679 ὠνόμα-

207 1701 264 1724 οιν,
284 1693 345 1718 ἐπεὶ
359 1691 490 1723 Χαλδαῖος
512 1689 544 1727 ἦν
565 1691 595 1717 τὸ
615 1690 702 1724 γένος,
727 1691 764 1722 ὡς
784 1691 938 1725 ἱστορεῖται.
961 1690 992 1715 Et

205 1739 240 1775 δὴ
259 1737 304 1765 οὗν
319 1739 366 1765 καὶ
386 1738 521 1773 πρόπαλαι
542 1737 634 1768 παῖδες
656 1736 787 1773 Ἐϐραίων
799 1736 852 1763 τῶν
863 1735 894 1770 δὴ
915 1734 994 1770 μάλι-

208 1793 270 1815 στα,
284 1784 330 1810 καὶ
344 1784 410 1820 πρὸς
425 1783 478 1810 τῶν
499 1782 630 1819 χρησμῶν
654 1783 699 1808 ἐπὶ
716 1783 795 1817 σοφίᾳ
818 1789 994 1817 μεμαρτυρη-

209 1831 297 1866 μένων
315 1830 360 1855 ἐπὶ
377 1830 454 1864 μόνον
476 1829 520 1855 τὸν
540 1829 646 1855 πάντων
663 1828 826 1863 δημιουργὸν
843 1827 906 1852 Θεὸν
929 1827 994 1860 ἀνῆ-

208 1885 257 1911 γον
273 1877 303 1902 τὸ
328 1876 419 1907 σέϐας·
435 1875 460 1902 τί
481 1876 521 1902 δεῖ
538 1875 646 1906 πλάνον,
661 1875 719 1909 οὐχὶ
736 1874 764 1900 δὲ
781 1873 936 1908 θαυμαστὸν
950 1873 994 1898 εὐ-

210 1922 318 1954 σεϐείας
332 1922 488 1948 διδάσκαλον
499 1921 637 1957 ὁμολογεῖν
648 1920 756 1952 toﬁ-rev;
769 1919 797 1951 ὃς
810 1919 843 1945 τὰ
857 1919 994 1954 πρόπαλαι

211 1968 292 2003 μόνος
307 1969 361 1999 τοῖς
375 1967 524 2002 θεοφιλέσιν
547 1967 680 2002 Ἑϐραίοις
702 1965 860 2000 ἐγνωσμένα
877 1966 916 1996 είς
929 1964 995 1990 πάν-

209 2021 259 2044 τας
274 2013 432 2048 ἀνθρώπους
454 2012 560 2048 ἀοράτῳ
577 2013 623 2039 καὶ
640 2011 724 2046 ὲνθέῳ
743 2010 854 2045 δυνάμει
876 2018 996 2045 προαγα-

209 2060 267 2093 γὼν
284 2058 447 2093 ὲξήπλωσεν·
464 2058 533 2084 ὥστε
554 2058 650 2093 μηκέτι
664 2057 733 2084 κατὰ
747 2057 776 2083 τὸ
794 2056 904 2082 παλαιὸν
929 2056 995 2092 βρα-

210 2107 268 2140 χεῖς
279 2113 353 2135 τινας
371 2105 415 2130 καὶ
428 2104 535 2140 ἀριθμῷ
552 2104 668 2139 ληπτους
683 2103 764 2139 ὀρθὰς
781 2103 844 2138 περ).
864 2102 930 2128 Θεοῦ
954 2102 997 2136 φέ-

211 2159 269 2186 ρειν
289 2150 376 2182 δόξας,
390 2149 457 2175 ἀλλὰ
476 2149 557 2184 μυρία
573 2149 661 2184 πλήθη
683 2148 825 2184 βαρϐάρων
841 2147 894 2174 τῶν
914 2147 996 2174 πάλαι

210 2196 442 2231 θηριωδεστάτων,
462 2195 558 2229 λογίων
573 2203 602 2222 τε
619 2195 665 2222 καὶ
694 2194 825 2230 Ἑλλήνων
842 2194 955 2229 ἀνδρῶν,
972 2194 996 2220 οἳ

210 2244 267 2273 τοῖς
286 2242 366 2268 πάλαι
387 2242 537 2277 προφήταις
549 2241 595 2268 καὶ
607 2241 720 2272 δικαίοις
731 2241 858 2276 ἀνδράσιν
875 2240 996 2266 εὐσεϐεῖν

1046 1517 1115 1545 Solis
1135 1515 1266 1543 Chaldaeis
1280 1514 1410 1549 sapienlia
1421 1512 1537 1547 contigit,
1556 1517 1633 1549 atque

1047 1553 1177 1581 Hebraeis,
1191 1552 1236 1583 qui
1248 1558 1279 1577 ex
1291 1546 1318 1576 δὲ
1330 1550 1454 1584 genitum,
1472 1555 1605 1581 regemque
1619 1546 1746 1584 deumque

1046 1588 1119 1614 Pura
1136 1580 1219 1613 mente
1233 1580 1339 1616 colunt;
1351 1589 1427 1618 atque
1445 1580 1523 1608 unum
1541 1580 1634 1608 numen
1650 1580 1772 1607 adorant.

1042 1642 1185 1670 Chaldzeos
1200 1645 1289 1668 autem
1300 1640 1410 1667 eosdem
1425 1642 1535 1673 propter
1548 1638 1683 1664 Abraham
1700 1635 1826 1662 nomina-

1043 1689 1092 1720 vit,
1110 1690 1168 1723 qui,
1196 1692 1225 1714 ut
1244 1688 1380 1715 memoriae
1396 1677 1531 1721 proditum
1548 1690 1601 1716 est,
1627 1692 1725 1719 genere
1744 1683 1827 1710 Chal-

1043 1734 1118 1761 daeus
1133 1733 1192 1760 fuit.
1213 1733 1242 1760 Si
1259 1733 1340 1768 igitur
1355 1733 1436 1759 etiam
1461 1732 1495 1758 ab
1513 1731 1633 1765 antiquis
1652 1737 1738 1764 usque
1758 1732 1828 1756 tem-

1044 1780 1167 1813 poribus,
1190 1778 1305 1810 llebrazi,
1331 1779 1376 1813 qui
1397 1778 1513 1805 maxime
1532 1776 1567 1802 ab
1583 1775 1701 1802 oraculis
1719 1781 1828 1808 quoque

1044 1825 1184 1859 sapientiae
1204 1824 1387 1851 testimonium
1414 1825 1589 1857 acceperunt.
1609 1822 1636 1847 in
1654 1828 1739 1848 unum
1763 1826 1823 1846 om-

1044 1871 1120 1897 niutn
1143 1878 1233 1897 rerum
1262 1869 1385 1904 opiﬁcem
1407 1868 1492 1896 Deum
1518 1867 1704 1894 adorationum
1727 1865 1828 1900 dirige-

1045 1918 1120 1948 bant.
1141 1924 1190 1944 cur
1208 1917 1380 1943 seductorem
1406 1915 1534 1948 amplius,
1551 1921 1582 1940 ac
1598 1920 1652 1939 non
1670 1912 1758 1947 potius
1777 1911 1828 1937 mi-

1045 1962 1159 1989 rabilem
1180 1961 1320 1996 religionis
1341 1961 1511 1995 magistrum,
1530 1959 1666 1993 huncjam
1686 1958 1770 1985 fuisse
1788 1957 1828 1984 fa-

1045 2008 1171 2036 teamur?
1193 2009 1239 2042 qui
1263 2015 1295 2035 ea
1322 2015 1382 2042 quae
1403 2007 1539 2041 quondam
1567 2006 1633 2032 solis
1657 2004 1703 2031 Dei
1732 2003 1827 2030 amicis

1046 2054 1166 2081 llebrzeis
1183 2054 1291 2089 cognita
1305 2057 1392 2084 erant,
1410 2053 1437 2079 in
1457 2056 1571 2079 cunctos
1590 2050 1714 2077 homines
1733 2048 1829 2076 invisi~

1046 2101 1105 2133 bili,
1119 2101 1264 2135 divinaque
1286 2101 1385 2126 virtute
1400 2099 1512 2134 protulit
1526 2106 1557 2125 ac
1573 2097 1711 2125 delitavit?
1730 2100 1758 2122 ut
1775 2104 1829 2122 non

1047 2146 1173 2180 amplius,
1194 2146 1265 2172 sicut
1283 2145 1357 2179 prius
1370 2144 1447 2178 pauci
1463 2143 1574 2178 quidam
1591 2145 1618 2168 et
1635 2140 1828 2169 numerabiles,

1049 2196 1136 2218 rectas
1151 2191 1184 2218 de
1201 2190 1255 2217 Deo
1272 2190 1387 2217 habeant
1399 2189 1552 2223 opiniones,
1565 2188 1611 2215 sed
1623 2191 1774 2214 conventus
1788 2185 1830 2211 in-

1048 2237 1230 2264 numerabiles
1253 2241 1308 2263 tam
1329 2236 1468 2262 hominum
1490 2235 1679 2266 barbarorum,
1702 2233 1748 2266 qui
1765 2232 1829 2259 olim

210 2288 311 2322 ὁμοίως
327 2287 370 2314 διὰ
381 2288 463 2322 μόνης
479 2288 526 2322 τῆς
544 2286 624 2314 αὑτοῦ
639 2287 778 2321 δυνάμεως
788 2286 992 2320 ἐπαιδεύθησαν.

1049 2283 1178 2311 ferissimi
1193 2287 1281 2314 erant,
1293 2290 1373 2316 quant
1386 2281 1550 2316 sapientium
1563 2285 1590 2308 et
1604 2279 1770 2310 Graecorum,
1783 2277 1830 2312 qui

218 2333 299 2359 Ἀλλὰ
319 2333 350 2368 δὴ
371 2333 401 2359 τὸ
425 2333 514 2368 τρίτον
540 2331 712 2367 σκεψώμεθα,
729 2333 765 2367 μή
787 2333 844 2360 ποτ’
856 2332 909 2367 ἄρα
925 2332 996 2358 τοῦτ’

211 2377 246 2415 ἢν
256 2380 288 2406 δι’
299 2380 312 2405 ὃ
331 2379 429 2406 πλάνον
442 2379 521 2405 αὐτόν
537 2387 628 2415 φησιν,
641 2379 682 2405 ὅτι
699 2379 735 2414 μὴ
758 2378 910 2412 βουθυσίαις
931 2378 998 2414 μηδὲ

212 2425 290 2458 ζώων
304 2426 408 2460 ἀλόγων
435 2426 551 2460 σφαγαῖς
571 2425 630 2460 μηδ’
654 2425 751 2460 αἵμασι
772 2426 818 2451 καὶ
838 2426 913 2460 πυρὶ,
932 2425 998 2460 μηδὲ

211 2473 268 2503 τοῖς
282 2473 335 2499 ἀπὸ
356 2472 406 2506 γῆς
420 2471 652 2506 ὰναθυμιωμένοις
672 2472 701 2497 τὸ
719 2471 788 2498 θεῖον
805 2471 887 2506 τιμᾷν
912 2471 998 2497 διετά-

211 2517 287 2550 ξατο.
301 2518 422 2544 Ταπεινὰ
438 2518 484 2552 μὲν
501 2518 546 2544 καὶ
563 2517 648 2553 γεώδη
664 2516 748 2544 ταῦτα
765 2517 812 2544 καὶ
834 2518 883 2552 τῆς
898 2517 998 2544 ἀθανάο

210 2572 259 2590 του
274 2564 379 2598 φύσεως
396 2564 518 2599 οὐδαμῶς
541 2565 628 2591 οἰκεῖα
650 2564 835 2599 λογισάμενος,
854 2564 948 2598 κρίνας
970 2564 998 2590 δὲ

212 2609 302 2645 πάσης
321 2609 416 2641 Θυσίας
444 2610 663 2644 προσηνεστάτην
686 2609 732 2636 καὶ
756 2609 846 2644 ἡδεῖαν
869 2607 938 2636 εἶναι
960 2610 999 2644 τῷ

211 2655 272 2690 Θεῷ
287 2655 336 2690 τὴν
359 2655 414 2681 τῶν
434 2655 541 2681 οἰκείων
564 2655 677 2682 ἐντολῶν
699 2656 877 2691 κατόρθωσιν,
902 2656 935 2682 δι’
961 2653 998 2682 ὧν

211 2700 287 2736 αὐτῷ
301 2701 407 2736 σώματι
426 2701 473 2727 καὶ
488 2700 561 2735 ψυχῇ
571 2700 799 2736 κεκαθαρμένους,
815 2700 852 2736 νῷ
872 2709 901 2726 τε
925 2699 998 2726 διαυ-

189 2780 199 2785 _
210 2747 255 2780 γεῖ
265 2745 311 2772 καὶ
327 2745 457 2780 δόγμασιν
471 2746 608 2772 εὐσεόἑσιν
623 2746 852 2780 κεκοσμημένους,
866 2745 914 2780 τὴν
931 2745 1000 2780 πρὸς

211 2793 256 2819 τὸν
272 2792 338 2818 Θεὸν
358 2792 517 2826 ἐξομοίωσιν
532 2791 727 2827 ἀπομιμεῖσθαι
741 2791 872 2824 ἐδίδασκε,
886 2792 998 2827 διαρρή-

211 2838 260 2873 δην
274 2838 396 2872 φάσιιωψ
418 2847 427 2863 ι
452 2837 565 2864 Ἐσεσθε
587 2837 693 2868 τέλειοι,
712 2837 748 2868 ὼς
768 2838 783 2863 ὁ
806 2837 898 2872 Πατὴρ
923 2837 998 2872 ὑμῶν

212 2883 313 2916 τέλειός
326 2885 408 2910 ἔστιν.
429 2893 438 2908 ι
455 2883 486 2909 Et
502 2883 533 2918 δὴ
553 2883 638 2909 ταῦτά
660 2891 702 2914 τις
728 2881 859 2917 Ἑλλήνων
878 2882 997 2917 αἰτιῷτο,

213 2929 278 2956 (ne;
293 2929 332 2966 μὴ
346 2928 410 2964 φίλα
421 2930 476 2960 τοῖς
490 2929 599 2960 οἰκείοις
613 2928 782 2959 διδασκάλοις
798 2928 912 2963 φρονῶν,
930 2928 997 2961 οἵγε,

1049 2331 1223 2364 antiquorum
1249 2329 1460 2363 prophetarmn,
1484 2328 1677 2361 justorumque
1708 2325 1829 2351 virortuu

1049 2376 1205 2411 religionem
1219 2375 1356 2410 amplecti,
1369 2375 1425 2402 sola
1442 2375 1515 2400 illius
1529 2374 1629 2400 virtute
1647 2371 1735 2399 edocti
1749 2369 1832 2397 sunt?

1050 2423 1102 2450 Sed
1122 2423 1178 2457 jam
1204 2422 1314 2448 tertittm
1339 2421 1405 2448 illud
1424 2419 1649 2453 contemplemur,
1676 2425 1741 2443 num
1769 2423 1830 2443 vere

1049 2469 1124 2495 illum
1150 2468 1321 2495 seductorem
1347 2466 1491 2501 appellent,
1513 2464 1585 2499 quod
1608 2471 1664 2490 non
1688 2461 1831 2489 sacriﬁciis

1048 2515 1142 2546 boum,
1162 2521 1250 2548 neque
1268 2514 1410 2540 brutorum
1432 2512 1589 2538 animalium
1609 2508 1830 2537 mactationibus,

1049 2567 1137 2594 neque
1150 2559 1295 2587 cruoribus
1321 2564 1402 2594 atque
1420 2558 1490 2592 igne,
1509 2564 1597 2591 neque
1616 2556 1649 2582 iis
1669 2555 1751 2582 rebus
1772 2561 1832 2588 qua:

1049 2607 1082 2633 de
1093 2610 1166 2633 terra
1182 2610 1334 2633 nascuntur
1352 2605 1482 2635 incensis,
1498 2603 1668 2630 divinitatem
1684 2601 1774 2628 colere
1790 2599 1832 2625 in-

1049 2653 1160 2680 stituit:
1179 2661 1276 2688 nempe
1293 2652 1406 2679 humilia
1431 2651 1488 2678 haee
1510 2653 1672 2679 et.terrena,
1696 2648 1834 2674 immorta-

1048 2699 1123 2733 lique
1138 2703 1243 2726 naturae
1266 2698 1341 2725 nullo
1359 2697 1440 2724 modo
1455 2694 1644 2723 convenientia
1659 2693 1831 2723 existinmas,

1047 2744 1229 2780 judicansque
1250 2744 1326 2771 omni
1349 2742 1484 2771 sacriﬁcio
1511 2739 1832 2777 graliusjucundiusque

1049 2791 1104 2818 Deo
1122 2799 1221 2818 munus
1237 2790 1339 2821 oli'erri,
1361 2797 1422 2816 cum
1439 2789 1501 2824 quis
1522 2788 1594 2815 illius
1610 2791 1743 2822 prmeepta
1754 2785 1833 2820 plene

1049 2836 1245 2867 observaverit,
1258 2843 1307 2870 per
1318 2841 1378 2869 qua:
1394 2834 1454 2869 ipso
1468 2839 1594 2867 corpore,
1613 2832 1757 2865 animaque
1770 2837 1833 2864 pur—

1050 2884 1138 2916 gatos,
1155 2884 1299 2915 menteque
1313 2879 1398 2907 nitida
1419 2886 1450 2905 ac
1464 2878 1581 2905 decretis
1596 2877 1731 2912 religiosis
1745 2875 1834 2901 imbu-

1050 2932 1103 2962 tos,
1121 2928 1184 2954 dum
1199 2935 1229 2954 ea
1247 2926 1346 2953 imitari
1369 2925 1456 2955 docet,
1476 2932 1534 2958 quae
1557 2924 1660 2951 similes
1677 2922 1730 2950 Deo
1746 2921 1830 2948 homi-
