2071 3219
243 194 292 221 191

574 194 708 222 EUSEBH
728 194 968 222 CESARIENSIS
984 194 1059 222 OPP.
1078 195 1167 222 PARS
1183 196 1216 223 ll.
1235 211 1271 216 —
1289 195 1538 224 APOLOGETIGA.

1811 188 1864 217 192

243 261 292 281 nes
306 252 433 285 eﬂiciant,
451 260 516 280 suos
527 253 615 287 palam
632 253 761 285 instituit,
779 253 894 281 dicens:
910 263 919 279 ‹
934 253 1028 280 Estote

1083 254 1115 285 ὥς
1131 254 1213 286 εἰκὸς,
1229 255 1257 288 ἐξ
1276 255 1355 290 ἡμῶν
1375 255 1544 290 ἀφελόμενοι,
1563 251 1624 279 ἐπεὶ
1645 254 1690 278 καὶ
1710 250 1769 286 μεθ’
1789 252 1863 285 ἡμᾶς

243 298 368 335 perfecti,
382 298 453 325 sicut
468 297 550 325 Pater
563 303 652 326 vester
662 298 800 333 perfectus
819 303 862 326 est
872 299 905 325 δ’.
921 308 930 324 ο
947 298 1024 331 Quod

243 346 266 372 si
292 345 353 379 quis
377 343 532 370 Graacorum
561 344 617 371 haec
642 344 833 379 reprehendat,
857 345 881 371 is
906 343 974 371 sciat
997 352 1026 372 se

243 390 324 416 etiam
342 389 555 424 praeceptoribus
573 390 631 416 suis
641 389 777 416 contraria
791 389 902 420 sentire,
920 389 966 424 qui
987 389 1027 415 vi-

1078 301 1203 334 γεγὸνασι
1215 302 1271 332 τοῖς
1286 301 1399 336 χρόνοις,
1417 301 1488 334 λέγω
1511 300 1539 326 δὲ
1559 297 1627 333 μετὰ
1641 297 1690 332 τὴν
1714 295 1864 332 προϐεϐλη-

1081 348 1164 382 μένην
1178 348 1244 382 ήμῐν
1257 347 1309 374 ὑπὸ
1322 347 1368 374 τοῦ
1383 347 1506 383 Σωτῆρος
1515 346 1599 382 ’ἡμῶν
1618 343 1798 375 διδασκαλίαν,
1819 341 1864 370 οἶα

1078 392 1110 427 δὴ
1126 393 1271 428 ἐγγράφως
1282 393 1446 429 ὡμολόγουν.

243 435 352 466 delicet.
373 439 402 462 ut
426 442 474 470 par
494 440 545 466 est,
576 435 659 462 multa
686 443 702 462 a
724 435 802 462 nobis
829 436 908 463 utilia
929 435 1030 469 edocti,
1044 438 1146 473 quippe
1169 440 1216 474 qui
1238 441 1317 467 nobis
1347 441 1429 468 etiam
1447 444 1567 474 tempore
1600 439 1700 466 fuerint
1730 438 1864 473 posterio-

243 491 298 514 res.
316 482 378 509 dico
396 488 485 508 autem
498 489 529 509 ea
542 481 668 508 doctrina
679 489 741 517 quae
756 482 834 509 nobis
850 490 864 509 a
885 481 1026 510 Salvatore
1043 489 1139 512 nostro
1150 493 1180 513 ex
1188 489 1276 521 posita
1290 491 1342 519 est,
1355 487 1484 522 audijam
1500 493 1572 513 nunc
1593 486 1682 521 qualia
1715 485 1779 517 sint,
1804 491 1865 520 qua:

244 530 348 564 scripto
364 529 509 556 fateantur.

246 586 324 622 105
333 586 414 622 Quod
419 585 485 611 nihil
495 593 584 622 eorum
592 593 650 619 qum
658 584 689 611 de
699 589 768 622 terra
777 585 914 622 prodeunt,
927 591 1027 619 oportet

280 619 381 657 su'nrmo
398 621 454 657 Deo
467 619 602 657 incendere
617 625 662 657 aut
680 621 842 657 sacrificare.
858 621 898 647 Ea:
913 622 1029 657 Porphy-

279 658 319 683 ria
331 656 369 682 De
386 656 546 682 abstinentia
561 655 593 680 ab
606 655 743 682 animalis.

280 719 291 735 ι
311 710 365 737 Deo
388 717 506 740 summo.
531 710 602 736 sicut
620 709 730 744 quidam
750 709 792 737 vir
814 710 923 745 sapiens
948 711 1027 743 dixit,

243 755 311 783 nihil
330 763 424 783 eorum
441 763 501 790 quae
522 755 555 782 ad
574 763 672 784 sensus
695 757 831 791 pertinent
852 758 910 784 sive
931 756 1028 783 incen-

243 801 348 832 dentes,
370 802 428 828 sive
445 800 654 829 denominantes
676 802 755 837 (nihil
772 802 844 829 enim
863 806 907 829 est
921 809 1027 834 eorum.

243 855 304 882 qua:
318 847 431 874 materia
447 851 586 879 constant,
600 847 672 882 quod
686 854 739 874 non
753 848 877 883 protinus
893 848 917 875 ei
932 848 967 875 sit
982 848 1030 874 im-

244 893 388 925 mundum,
407 893 453 927 qui
470 901 568 928 expers
584 898 626 920 est
643 894 732 920 onmis
745 894 873 921 materiae.
891 893 980 926 Quare
996 901 1030 921 ne

1083 576 1141 602 Ὅτι
1158 575 1248 602 οὐδὲν
1262 576 1321 603 τῶν
1332 577 1391 604 ἀπὸ
1405 576 1462 611 γῆς
1475 576 1532 610 χρὴ
1549 576 1588 608 τῷ
1604 576 1653 603 ἐπὶ
1670 575 1790 603 πάντων
1805 577 1865 610 Θεῷ

1118 611 1187 638 οὔτε
1210 612 1318 645 θυμιᾶν
1332 613 1400 638 οὔτε
1423 613 1515 638 θύειν.
1537 611 1606 638 Ἀπὸ
1619 611 1678 638 τῶν
1696 613 1865 646 Πορφυρίου

1118 646 1188 680 Περὶ
1203 647 1346 681 ἐμψύχων
1359 647 1479 681 ἀποχῆς
1494 647 1543 681 (¹)·

1120 712 1128 728 ι
1144 702 1202 738 Θεῷ
1225 703 1273 738 μξν
1291 703 1329 738 τῷ
1349 703 1395 729 ἐπὶ
1416 704 1508 735 πᾶσιν,
1528 703 1566 734 ὥς
1585 711 1626 733 τις
1641 700 1711 738 ἀνὴρ
1731 704 1811 738 σοφὸς
1827 703 1864 737 (2)

1082 751 1150 784 ἔφη,
1170 750 1250 785 μηδὲν
1265 750 1317 776 τῶν
1334 749 1470 784 αἰσθητῶν
1488 750 1555 785 μήτε
1571 748 1679 780 θύοντες
1695 749 1756 784 μήτ’
1773 751 1866 776 ὲπονο-

1084 797 1223 831 μάζοντες,
1242 796 1327 830 (οὐδὲν
1347 795 1400 831 γὰρ
1417 795 1519 828 ἑνυλον,
1540 795 1554 822 ὃ
1579 796 1615 831 μὴ
1637 796 1674 830 τῷ
1694 795 1767 831 ἁΰλῳ
1786 795 1866 828 εὐθύς

1082 843 1155 868 ἐστιν
1177 842 1339 877 ἀκάθαρτον.
1359 841 1404 867 Διὸ
1425 841 1485 868 οὐδὲ
1507 841 1583 875 λόγος
1605 841 1678 876 αὐτῷ
1696 841 1752 868 οὔθ’
1766 842 1780 868 6
1796 843 1867 868 κατὰ

1082 888 1173 923 φωνὴν
1188 889 1295 919 οἰκεῖος,
1322 886 1378 913 οὗθ’
1397 888 1410 913 6
1430 886 1513 918 ἔνδον,
1530 887 1568 913 ὅτ’
1584 887 1616 914 ἂν
1640 887 1720 914 πάθει
1745 886 1865 923 ψυχῆςῇ

245 938 358 965 verbum
373 938 482 972 quidem
500 939 595 971 ullum,
614 939 672 967 sive
689 940 714 966 id
729 940 815 973 dicas,
831 940 904 974 quod
923 940 949 966 in
964 947 1030 967 voce

1083 934 1310 971 μεμολυσμὲνος·)
1325 933 1368 960 διὰ
1387 933 1415 959 δὲ
1432 933 1510 968 σιγῆς
1526 933 1649 974 καθαρᾶς
1663 933 1709 960 καὶ
1727 933 1780 960 τῶν
1803 934 1866 970 περὶ

245 983 383 1016 consistit,
406 983 464 1011 sive
487 983 514 1011 id
537 984 609 1019 quod
632 985 797 1012 intrinsecus
819 986 923 1020 concipi
949 986 1028 1017 solet,

245 1035 307 1055 cum
324 1029 408 1056 animi
424 1029 514 1064 aliquo
528 1030 595 1057 vitio
614 1034 656 1057 est
673 1030 898 1062 contaminatum,
914 1030 952 1057 illi
964 1038 1030 1057 con-

245 1074 357 1110 veniat).
377 1075 423 1102 sed
439 1076 547 1102 silentio
563 1084 641 1111 puro,
659 1077 789 1111 purisquc
804 1077 837 1104 de
853 1077 912 1111 ipso
925 1077 1030 1111 cogita-

245 1120 364 1148 tionibus
373 1121 448 1148 illum
457 1123 590 1149 colamus.
600 1122 712 1157 Oportet
722 1123 804 1157 igitur
816 1122 853 1149 illi
868 1123 1030 1157 conjunctos

243 1165 403 1200 similesque
420 1166 516 1198 factos,
533 1167 602 1194 hanc
616 1167 678 1194 vita:
702 1172 804 1194 nostra
826 1161 958 1194 rationem
974 1167 1030 1194 Deo

243 1210 340 1238 aﬂ‘erre
353 1219 401 1246 pro
418 1212 563 1248 sacriﬁcio.
582 1213 682 1240 Eadem
699 1221 763 1240 vero
777 1217 804 1240 ct
821 1212 894 1240 illius
909 1213 1029 1240 laudatio

1084 981 1164 1008 αὑτοῦ
1175 980 1302 1016 καθαρῶν
1313 979 1420 1005 ἐννοιῶν
1430 972 1633 1015 θρησκεύσομεν
1645 980 1734 1007 αὐτόν.
1746 980 1790 1005 Δεῖ
1802 980 1865 1014 ἄρα,

1084 1026 1266 1061 συναφθέντας
1279 1026 1326 1052 καὶ
1339 1025 1519 1060 ὁμοιωθέντας
1535 1025 1617 1061 αὐτῷ,
1632 1026 1681 1060 τὴν
1694 1025 1780 1052 αὐτῶν
1795 1025 1867 1059 ἀγω-

1083 1074 1135 1109 γὴν
1148 1073 1242 1100 θυσίαν
1258 1072 1332 1107 ἱερὰν
1346 1073 1530 1106 προσαγαγεῖν
1545 1071 1612 1106 Θεῷ·
1625 1071 1672 1107 τὴν
1687 1071 1770 1106 αὐτὴν
1781 1071 1808 1097 δὲ
1820 1071 1868 1098 καὶ

1083 1119 1166 1154 ὕμνον
1183 1117 1265 1145 οὖσαν
1293 1119 1340 1145 καὶ
1355 1118 1433 1154 ἡμῶν
1452 1117 1586 1153 σωτηρίαν
1601 1119 1630 1144 ἐν
1655 1117 1773 1154 ἀπαθείᾳ
1802 1118 1867 1153 ἀρε-

1083 1166 1133 1200 τῆς
1151 1164 1250 1200 ψυχῆς.
1265 1164 1318 1191 Τοῦ
1333 1164 1362 1190 δὲ
1378 1164 1446 1191 Θεοῦ
1462 1163 1562 1199 θεωρίᾳ
1578 1164 1594 1199 ὴ
1609 1163 1689 1190 θυσία
1703 1164 1772 1199 αὕτη
1786 1163 1868 1190 τελεῖ-

1082 1220 1137 1238 ται.
1167 1221 1176 1237 1

243 1256 304 1287 erit,
321 1259 347 1282 et
363 1259 456 1283 nostra
468 1258 661 1284 conservatio:
685 1257 813 1285 ali'eretur
841 1258 915 1285 enim
945 1265 1007 1285 cum
1041 1257 1188 1285 stabilitate
1207 1261 1234 1285 et
1250 1256 1342 1292 quiete
1363 1256 1473 1284 virtutis
1498 1256 1592 1284 animi.
1621 1255 1708 1291 Ipsius
1732 1263 1797 1283 vero
1820 1255 1867 1283 Dei

244 1302 473 1335 contemplatione
488 1303 539 1329 hoc
554 1302 719 1330 sacriﬁcium
738 1303 888 1338 perﬁcitur.
909 1313 918 1329 ι

262 1358 331 1386 Item
344 1358 375 1386 de
391 1359 480 1386 eodem
497 1368 529 1387 ex
543 1360 678 1395 Apollonii
695 1361 841 1396 Tyanmsis
860 1361 1010 1396 Theologia.

283 1442 295 1476 ἱ
312 1451 349 1478 Ex
360 1459 415 1486 quo
430 1451 512 1486 igitur
529 1451 645 1478 maxime
658 1451 720 1487 quis
736 1455 840 1479 natura:
855 1452 955 1479 divina:
966 1460 1032 1479 con—

245 1495 398 1523 venientem
424 1503 518 1523 curam
546 1495 690 1529 adhibeat,
716 1505 749 1524 ex
768 1505 801 1524 eo
819 1498 935 1524 maxime
957 1498 1031 1524 illam

246 1541 391 1576 propitiam
407 1542 607 1576 benignamque
623 1543 754 1570 obtineat.
773 1543 829 1570 Hoc
849 1543 959 1578 quidem
982 1551 1029 1578 pe-

1084 1362 1145 1386 ’Έτι
1162 1359 1227 1394 περὶ
1242 1359 1345 1391 αὐτοῦ,
1367 1358 1401 1385 ἐκ
1421 1359 1474 1392 τῆς
1497 1359 1695 1385 Ἀπολλωνίου
1716 1358 1769 1385 τοῦ
1795 1361 1868 1386 Τυα-

1344 1394 1418 1426 νέως
1435 1395 1603 1428 Θεολογίας.

1120 1460 1128 1476 ι
1151 1450 1228 1477 Οὕτω
1259 1450 1348 1477 τοίνυν
1367 1450 1484 1485 μάλιστα
1498 1450 1530 1477 ἂν
1547 1459 1589 1482 τις
1607 1451 1656 1486 τὴν
1680 1451 1869 1486 προσήκουσαν

1083 1496 1241 1532 ἐπιμέλειαν
1258 1497 1361 1522 ποιοῖτο
1384 1496 1431 1522 τοῦ
1449 1496 1542 1527 θείου,
1564 1497 1691 1531 τυγχάνοι
1710 1505 1739 1523 τε
1757 1497 1869 1524 αὐτόθεν

1085 1542 1147 1569 ἴλεὼ
1163 1551 1192 1568 τε
1212 1542 1259 1569 καὶ
1274 1541 1404 1577 εὐμενοῦς
1419 1541 1500 1568 αὑτοῦ
1517 1542 1582 1578 παρ’
1599 1542 1736 1570 ὁντιναοῦν
1753 1543 1805 1570 τῶν
1823 1543 1870 1570 ἁν-

247 1595 296 1614 nes
313 1587 437 1621 quemvis
457 1587 598 1614 hominum
619 1589 714 1624 viget:
731 1589 812 1623 idque
834 1589 923 1624 ipsum
945 1597 1030 1616 unus~

1085 1587 1210 1624 θρώπων,
1228 1589 1252 1614 εί
1266 1587 1326 1623 Θεῷ
1344 1588 1403 1622 μὲν,
1415 1587 1443 1614 ὃν
1457 1587 1487 1622 δὴ
1498 1588 1587 1622 φαμὲν
1597 1588 1700 1619 τοῦτον,
1718 1589 1757 1615 ἑνί
1769 1597 1798 1615 τε
1811 1589 1869 1616 ὖντι

245 1632 361 1666 quisque
373 1632 529 1666 complebit,
545 1632 568 1660 si
580 1641 673 1660 eorum
685 1641 745 1668 qua:
757 1634 806 1661 sub
819 1634 907 1661 visum
919 1635 1031 1666 cadunt,

247 1677 338 1712 qualia
355 1682 418 1704 sunt
432 1677 500 1708 haec,
514 1686 575 1713 qua:
585 1679 670 1713 digito
680 1679 911 1712 demonstramus,
923 1681 960 1707 illi
973 1688 1033 1716 quae

247 1730 300 1749 una
315 1727 366 1752 cst.
384 1727 411 1750 ct
428 1724 462 1750 ab
477 1724 605 1752 omnibus
621 1726 702 1752 rebus
719 1730 856 1761 separata,
881 1727 1031 1754 secundum

246 1777 328 1804 quam
351 1770 454 1804 reliqua
476 1771 567 1796 omnia
583 1776 749 1805 cognoscere
766 1780 878 1799 necesse
895 1777 947 1805 est,
965 1773 1031 1800 nihil

246 1815 358 1842 omnino
386 1816 531 1846 sacriﬁcet,
559 1824 646 1850 neque
671 1818 759 1852 ignem
786 1818 924 1851 incendat,
946 1826 1033 1854 neque

246 1868 360 1895 prorsus
376 1861 523 1895 quidquam
543 1862 588 1888 illa
604 1864 732 1896 postulet,
753 1871 786 1891 ne
803 1872 817 1890 a
834 1865 1033 1899 praestantiori-

247 1905 298 1932 bus
322 1905 431 1939 quidem
454 1913 536 1940 quam
563 1914 614 1933 nos
639 1915 734 1935 sumus
751 1918 759 1936 :
779 1916 866 1943 neque
887 1909 971 1936 ullum
991 1913 1033 1936 est

246 1951 346 1986 planta:
368 1957 454 1984 genus
476 1951 548 1985 quod
570 1951 604 1978 ab
627 1952 705 1979 initio
729 1957 801 1980 terra
824 1954 921 1988 pariat,
945 1962 1033 1989 neque

247 1996 373 2023 animalis
386 1996 458 2030 quod
474 1997 567 2024 eadem
583 1999 698 2029 nutriat,
717 1999 760 2025 cui
776 2000 900 2033 protinus
916 2000 1033 2026 immun—

247 2040 327 2066 dities
342 2048 396 2067 non
413 2040 493 2072 adsit,
514 2041 562 2068 sed
579 2046 672 2068 utatur
682 2051 745 2077 erga
760 2043 833 2070 illam
850 2044 909 2072 solo
926 2045 1031 2072 meliori

245 2085 341 2117 verbo,
357 2085 418 2112 dico
433 2090 523 2113 autem
542 2095 595 2114 non
612 2095 645 2115 eo
667 2089 739 2123 quod
757 2096 804 2116 ore
824 2089 967 2123 emittitur,
985 2091 1032 2117 sed

246 2130 319 2165 quod
338 2131 373 2158 ab
388 2132 491 2165 optimo
508 2139 602 2159 eorum
618 2141 678 2168 quae
698 2140 761 2161 sunt
776 2134 969 2169 proﬁciscitur,
985 2144 1034 2170 per

247 2176 379 2210 optimum
396 2185 489 2203 eorum
506 2186 566 2211 qua:
581 2178 607 2204 in
622 2178 701 2205 nobis
716 2183 779 2206 sunt
793 2180 937 2209 bonorum.
958 2181 1033 2209 Mens

247 2225 337 2249 autem
358 2222 414 2250 haec
428 2227 480 2253 est,
499 2231 559 2258 quae
574 2224 755 2252 instrmnento
775 2234 828 2252 non
844 2227 955 2262 indiget.
975 2237 983 2253 ι
1004 2227 1032 2255 Si

247 2268 331 2303 igitur
347 2268 503 2296 Grmcorum
519 2277 626 2304 quoque
648 2271 779 2303 illustres,
798 2277 853 2299 tam
878 2273 1032 2308 philosophi
1050 2264 1071 2291 D

245 2322 328 2350 quam
345 2315 474 2351 theologi,
489 2316 546 2343 haac
561 2317 735 2349 conﬁtentur,
751 2326 870 2353 quonam
889 2319 970 2346 modo
987 2329 1029 2347 se-

245 2361 344 2388 ductor
366 2362 418 2388 erit
447 2362 471 2389 is
500 2363 546 2397 qui
580 2371 634 2389 non
651 2364 738 2390 solum
770 2365 863 2396 verba,
892 2365 939 2392 sed
957 2365 1028 2392 facta

246 2408 332 2434 multo
364 2407 440 2442 prius
470 2416 551 2442 quam
587 2409 669 2436 verba
699 2409 757 2437 suis
782 2409 935 2444 discipulis,
968 2411 1032 2445 qui-

245 2452 296 2480 bus
318 2453 495 2489 fungerentur
524 2454 680 2482 tradiderit!
714 2459 740 2481 et
758 2456 868 2490 quibus.
900 2460 930 2483 ut
959 2461 1032 2484 recta

245 2499 314 2526 ratio
335 2499 423 2533 jubet,
442 2501 526 2527 Deum
550 2500 637 2535 ipsum
662 2505 754 2528 essent
773 2501 948 2528 veneraturi?
973 2501 1033 2534 Quo

246 2548 336 2570 autem
353 2545 445 2576 modo,
461 2551 488 2574 et
503 2546 603 2581 quibus
619 2547 771 2574 rationibus
788 2548 829 2574 usi
846 2548 872 2574 in
890 2547 1032 2575 sacriﬁciis

245 2588 371 2615 dicantur
383 2591 468 2624 prisci
483 2591 598 2625 Hebraei,
614 2592 640 2619 in
655 2592 743 2627 primo
761 2593 843 2627 hujus
858 2593 949 2627 operis
965 2593 1033 2619 libro

245 2632 427 2662 disseruimus
440 2646 447 2662 :
465 2640 546 2671 atque
558 2637 591 2664 iis
605 2645 665 2672 quae
680 2638 736 2665 illic
750 2639 823 2665 dicta
836 2643 899 2666 sunt
911 2639 1032 2666 contenti

246 2687 308 2706 esse
328 2680 407 2715 106
427 2680 570 2710 debemus.
589 2682 689 2710 Verum
712 2684 841 2719 quoniam
869 2688 966 2719 praeter
987 2685 1032 2712 illa

246 2732 307 2758 quae
317 2725 374 2759 jam
386 2726 524 2760 disputata
541 2733 615 2761 sunt,
632 2730 759 2758 novimus
775 2730 814 2766 (id
830 2730 902 2766 quod
920 2738 935 2757 a
950 2730 1031 2758 Chri-

247 2775 289 2798 sto
309 2771 466 2808 didicimus)
496 2773 596 2802 factum
620 2784 681 2805 esse
707 2777 848 2810 mundum,
878 2777 1032 2814 malumque

283 2841 305 2856 "
332 2839 426 2868 Matth.
454 2842 538 2874 v,-£8.

283 2896 320 2929 (Ι)
341 2895 399 2924 Lib.
423 2904 452 2923 ιι.

1084 1634 1130 1660 καὶ
1145 1634 1339 1668 κεχωρισμένῳ
1354 1634 1472 1665 πάντων,
1494 1633 1553 1668 μεθ’
1567 1633 1596 1660 ὃν
1613 1634 1792 1669 γνωρίζεσθαι
1806 1636 1869 1667 τοὺς

1083 1678 1191 1709 λοιποὺς
1209 1679 1365 1711 ἀναγκαῖον,
1386 1679 1423 1713 μὴ
1438 1678 1496 1704 θύοι
1507 1687 1532 1704 τι
1545 1679 1593 1714 τὴν
1610 1679 1707 1714 ἀρχὴν,
1724 1680 1794 1717 μήτε
1805 1680 1870 1707 ἀνά-

1084 1733 1143 1751 πτοι
1155 1724 1222 1759 πῦρ,
1237 1724 1305 1760 μήτε
1317 1733 1343 1750 τι
1355 1724 1467 1751 καθόλου
1479 1724 1532 1751 τῶν
1546 1725 1681 1761 αἰσθητῶν
1695 1727 1867 1762 ἐπονομάζοι.

1083 1771 1173 1796 Δεῖται
1191 1769 1244 1804 γὰρ
1258 1769 1364 1800 οὐδενὸς
1376 1769 1435 1795 οὐδὲ
1450 1770 1524 1805 παρὰ
1539 1770 1591 1795 τῶν
1607 1770 1779 1805 κρειττόνων,
1791 1771 1870 1806 οἵπερ

1084 1817 1163 1849 ἡμεῖς
1182 1816 1274 1850 ἐσμεν*
1289 1815 1343 1841 οὐδ’
1355 1815 1426 1841 ἐστιν
1443 1815 1457 1841 ὃ
1473 1815 1522 1850 τὴν
1534 1815 1619 1850 ἀρχὴν
1636 1815 1671 1850 γῆ
1685 1815 1775 1851 ἀνίησι
1788 1816 1870 1849 φυτὸν

1084 1861 1210 1896 ἣτρέςρει
1227 1860 1295 1892 ζῶον
1318 1861 1334 1896 ἢ
1359 1861 1422 1897 ἀὴρ,
1455 1857 1477 1894 ᾧ
1497 1860 1527 1887 οὐ
1553 1861 1683 1896 πρόσεστί
1699 1869 1730 1895 γε
1751 1861 1868 1896 μίασμα⁶

1085 1906 1158 1942 μόνῳ
1174 1907 1201 1932 δὲ
1218 1906 1308 1942 χρῷτο
1323 1906 1392 1941 ’πρὸς
1408 1906 1488 1932 αὑτὸν
1510 1907 1554 1933 ἀεὶ
1577 1906 1617 1941 τῷ
1636 1906 1770 1942 κρείττονι
1787 1907 1869 1942 λόγῳ,

1083 1952 1154 1987 λέγω
1167 1952 1195 1978 δὲ
1209 1952 1247 1987 τῷ
1259 1952 1295 1987 μὴ
1312 1952 1356 1978 διὰ
1371 1952 1503 1987 στόματος
1518 1952 1594 1985 ίέντι,
1613 1952 1688 1987 παρὰ
1702 1953 1730 1979 δὲ
1745 1952 1790 1979 τοῦ
1807 1953 1870 1979 καλ-

1083 1997 1173 2024 λίστου
1187 1996 1239 2023 τῶν
1248 1997 1331 2024 ὄντων
1348 1996 1392 2023 διὰ
1402 1997 1448 2023 τοῦ
1461 1997 1603 2024 καλλίστου
1616 1997 1663 2023 τοῦ
1679 1998 1707 2023 ὲν
1719 1998 1786 2032 ἡμῖν
1800 1997 1870 2024 δόντι

1082 2043 1116 2070 τὰ
1130 2044 1230 2078 ἀγαθά.
1245 2044 1316 2075 Νοῦς
1327 2043 1355 2070 δέ
1373 2044 1445 2070 ἐστιν
1459 2041 1535 2074 οὗτος
1551 2043 1666 2079 ὀργάνου
1688 2044 1724 2078 μὴ
1734 2043 1868 2078 δεόμενος.

1083 2090 1114 2116 Εἰ
1132 2089 1164 2125 δὴ
1177 2087 1222 2116 οὖν
1237 2088 1322 2115 ταῦτα
1338 2088 1383 2114 καὶ
1399 2088 1466 2123 πρὸς
1481 2087 1533 2114 τῶν
1551 2088 1614 2122 παρ’
1633 2087 1743 2122 Ἕλλησι
1758 2088 1870 2122 διαπρε-

1083 2133 1142 2160 πῶν
1165 2133 1316 2168 φιλοσόφων
1336 2141 1365 2158 τε
1393 2132 1439 2158 καὶ
1463 2132 1593 2166 Θεολόγων
1612 2132 1791 2167 ὁμολογεῖται,
1811 2132 1870 2163 πῶς

1084 2179 1116 2206 ἂν
1131 2179 1172 2213 εἴη
1190 2178 1288 2210 πλάνος
1306 2180 1320 2205 ὁ
1341 2178 1378 2214 μὴ
1394 2178 1472 2213 μόνον
1489 2178 1593 2212 λόγους,
1614 2178 1749 2213 ἀλλ’ἕργα
1761 2177 1815 2203 τῶν
1828 2177 1872 2204 λό-

1083 2234 1138 2258 γων
1149 2225 1216 2251 πολὺ
1229 2225 1358 2260 πρότερον
1370 2226 1425 2255 τοῖς
1437 2225 1577 2259 φοιτηταῖς
1589 2223 1708 2249 ἐκτελεῖν
1721 2223 1869 2258 παραδοὺς,

1085 2261 1118 2298 6t;
1131 2269 1168 2298 ὧν
1192 2271 1261 2298 κατὰ
1281 2271 1326 2297 τὴν
1346 2270 1424 2306 ὀρθὸν
1440 2270 1517 2304 λόγον
1538 2269 1647 2305 ἔμελλον
1665 2269 1824 2305 θεραπεύειν
1838 2269 1870 2296 τὸ

1083 2317 1175 2349 Θεῖον;
1191 2318 1284 2348 Ὅπως
1299 2317 1338 2347 δὲ,
1352 2317 1398 2342 καὶ
1411 2316 1464 2342 τίσι
1480 2315 1568 2350 λόγοις
1583 2316 1607 2342 οἱ
1621 2315 1729 2342 παλαιοὶ
1750 2315 1869 2350 Ἑϐραῖοι

1084 2362 1157 2389 θύειν
1175 2361 1397 2398 μνημονεύονται,
1413 2360 1578 2395 διειληφότες
1593 2362 1622 2387 ὲν
1639 2360 1675 2395 τῷ
1689 2359 1789 2396 πρώτῳ
1803 2369 1870 2394 συγ-

1084 2409 1227 2444 γράμματι
1247 2408 1296 2442 τῆς
1317 2408 1457 2442 παρούσης
1475 2405 1637 2437 ὑποθέσεως,
1656 2406 1770 2437 ἐκείνοις
1785 2406 1869 2441 ἀρκε-

1085 2453 1247 2489 σθησόμεθα.
1268 2453 1344 2479 Ἐπεὶ
1355 2453 1382 2479 δὲ
1397 2452 1464 2489 πρὸς
1474 2453 1530 2483 τοῖς
1543 2452 1734 2487 ἐξητασμένοις
1747 2451 1869 2486 ἔγνωμεν

1084 2500 1159 2535 παρὰ
1174 2500 1222 2526 τοῦ
1243 2500 1361 2536 Χριστοῦ
1383 2499 1523 2535 μαθόντες,
1540 2499 1581 2524 ὃτι
1596 2499 1708 2533 γενητὸς
1724 2499 1738 2525 6
1757 2498 1867 2533 κόσμος,

1084 2546 1130 2572 καὶ
1150 2546 1191 2571 ὃτι
1213 2546 1327 2581 οὐρανὸς
1351 2545 1432 2576 αὐτὸς
1452 2545 1499 2571 καὶ
1520 2545 1605 2579 ἥλιος,
1626 2544 1673 2571 καὶ
1696 2544 1802 2580 σελήνη,
1822 2546 1870 2571 καὶ

1084 2591 1179 2627 ἄστρα,
1203 2591 1270 2627 ἔργα
1287 2591 1355 2617 Θεοῦ
1373 2590 1511 2625 τυγχάνει,
1535 2591 1581 2617 καὶ
1597 2591 1637 2617 ὅτι
1652 2591 1704 2626 χρὴ
1722 2590 1758 2626 μὴ
1772 2590 1867 2623 ταῦτα,

1085 2638 1153 2664 ἀλλὰ
1162 2637 1207 2663 τον
1217 2637 1330 2672 ποιητὴν
1341 2636 1430 2663 αὐτῶν
1445 2637 1542 2666 σέϐειν,
1557 2637 1705 2671 σκέψασθαι
1715 2636 1755 2662 δεῖ
1767 2636 1803 2672 μὴ
1814 2636 1867 2671 ἄρα

1084 2682 1263 2718 ἠπατήμεθα,
1286 2682 1378 2708 τοῦτον
1393 2682 1457 2718 παρ’
1476 2682 1558 2709 αὑτοῦ
1576 2682 1744 2716 διδαχθέντες
1760 2683 1868 2717 φρονεῖν

1083 2727 1129 2754 τὸν
1140 2728 1247 2763 τρόπον.
1261 2728 1316 2754 Καὶ
1332 2729 1384 2763 μὴν
1405 2727 1536 2764 Ἐϐραίων
1551 2729 1597 2754 καὶ
1612 2726 1689 2759 οὗτος
1703 2726 1736 2762 ἦν
1752 2728 1766 2754 6
1778 2727 1866 2762 λόγος·

1085 2775 1131 2801 καὶ
1154 2773 1303 2809 φιλοσόφων
1325 2774 1353 2800 δὲ
1374 2775 1397 2800 οἱ
1423 2774 1539 2809 μάλιστα
1554 2774 1692 2807 διαφανεῖς
1708 2775 1763 2805 τοῖς
1777 2774 1868 2806 αὐτοῖς

1121 2894 1160 2928 (2)
1181 2895 1339 2928 Apollonius
1353 2896 1490 2929 Tyaneus,
1506 2899 1533 2922 ut
1549 2903 1581 2922 ex
1594 2896 1770 2928 sequentibus
1781 2897 1865 2927 patet.
