2071 3219
222 171 274 198 195

679 170 1008 200 DEMONSTRATIONIS
1023 170 1252 199 EVANGELICIE
1272 170 1335 199 LIB.
1353 170 1398 199 Ill.

1783 171 1836 202 19-5

219 228 433 264 συνηνέχθησαν,
450 229 562 265 γενητὸν
577 229 625 256 καὶ
646 228 726 256 αὑτὸν
745 228 790 256 τὸν
810 228 934 264 ούρανδν,
955 236 991 255 κα

1054 228 1141 263 ipsum
1153 232 1181 255 et
1192 228 1286 261 solem,
1302 233 1328 256 et
1341 229 1443 261 lunam,
1455 233 1482 256 et
1492 228 1585 257 stellas
1599 236 1679 264 opera
1693 229 1738 257 Dei
1749 238 1811 260 esse
1825 241 1833 260 :

219 273 302 308 ἥλιον,
321 275 369 304 καὶ
390 275 512 310 σελήνην,
535 275 583 302 καὶ
601 275 697 310 ἄστρα,
723 274 769 300 καὶ
792 274 837 300 τὸν
861 273 1002 308 σύμπαντα

218 319 319 354 κόσμον
336 319 403 355 πρὸ,7
417 320 463 346 τοῦ
476 320 530 346 τῶν
543 321 609 346 ὅλων
624 320 735 355 ποιητοῦ
752 320 881 354 γεγονότα
898 320 1003 353 ἀποφη-

218 366 337 400 νάμενοι.
363 366 442 392 Ἀλλὰ
461 366 507 393 καὶ
530 366 692 397 συντέλειαν,
716 367 763 392 καὶ
787 365 937 401 μεταϐολὴν
953 365 1002 400 τὴν

217 412 263 438 ἐπὶ
278 411 313 438 τὰ
329 412 443 447 κρείττω
456 411 532 438 τοῦδε
549 412 594 438 τοῦ
612 412 709 443 παντὸς
726 412 834 437 ἕπεσθαι
851 411 1002 446 προσδοκᾷν

216 457 345 491 ἐδίδαξεν,
362 459 421 490 ταῖς
443 458 575 493 Ἑϐραίων
597 458 644 484 καὶ
660 458 738 484 τοῦτο
754 456 911 487 ἀκολούθως
933 457 1002 491 Γρα-

216 505 290 538 φαίς.
306 505 337 531 Τί
350 502 415 537 οὖν;
435 504 494 540 οὐχὶ
512 506 557 531 καὶ
573 506 587 531 ὸ
605 503 717 530 Πλάτων
738 504 842 537 φύσεως
858 502 940 538 λυτῆς
956 502 1002 528 καὶ

216 550 340 586 φθαρτῆς
354 549 423 577 οῐδεν
437 550 518 577 αὐτόν
535 559 565 577 τε
579 550 701 585 οὐρανὸν,
723 551 770 576 καὶ
788 550 873 584 ἥλιον,
896 551 942 576 καὶ
958 558 1001 576 σε-

215 595 310 632 λήνην,
330 596 377 623 καὶ
393 597 454 628 τοὺς
467 596 577 627 λοιποὺς
591 596 719 631 ἀστέρας,
738 597 761 622 εἰ
774 597 819 622 καὶ
835 596 871 632 μὴ
886 596 999 631 λυθήσε-

217 642 279 669 σθαι
296 651 360 677 φησι
377 642 471 674 ταῦτα,
482 642 521 678 τῷ
537 642 572 677 μὴ
587 642 633 669 τὸν
651 642 828 677 συμπήξαντα
843 642 997 676 βούλεσθαι;

214 689 239 714 εί
253 687 275 714 δ’
287 688 342 723 ἄρα
358 688 497 725 βουληθείη
511 687 580 716 εἶναι
595 689 700 723 φύσεως
714 688 850 723 τοιαύτης,
869 687 956 723 ψυχὴν
971 687 999 713 δὲ

213 733 348 761 ἀθάνατον
360 734 431 770 ἔχειν
442 736 515 771 ἡμᾶς
527 735 586 762 κατ’
599 734 673 761 οὐδὲν
689 735 736 769 μὲν
751 734 856 769 ἐμφερῆ
869 734 924 764 τοῖς
936 732 998 759 ἀλό-

213 788 272 814 γοις
287 780 375 813 ζώοις,
388 780 442 807 τῶν
453 781 481 807 δὲ
493 781 539 807 τοῦ
550 781 616 807 Θεοῦ
627 781 764 816 δυνάμεων
777 780 911 815 φέρουσαν
922 780 999 805 ἀπει-

212 825 374 860 κονίσματα,
388 825 493 858 διδάξας
505 826 639 861 ἡγεῖσθαι,
653 825 738 857 οὕτως
751 825 774 851 τ’
788 825 870 860 ἔχειν,
884 825 930 851 καὶ
941 825 998 851 δια-

213 871 330 903 κεῖσθαι,
354 872 401 898 καὶ
423 873 530 907 φρονεῖν
550 872 638 898 πάντα
661 872 806 907 βάρϐαρον,
825 872 871 897 καὶ
890 871 996 906 ἰδιώτην

1053 282 1140 308 neque
1157 275 1226 311 haec,
1242 275 1289 302 sed
1310 276 1406 302 horum
1423 280 1560 302 auctorem
1585 276 1674 303 colere
1697 282 1833 311 oportere,

1053 320 1282 346 considerandum
1308 329 1369 348 esse
1391 321 1498 348 videtur
1522 330 1585 349 num
1608 323 1712 357 decepti
1737 324 1833 356 simus,

1052 366 1124 400 quod
1145 367 1172 392 in
1197 367 1270 394 hunc
1288 367 1396 394 modum
1414 367 1447 394 de
1463 372 1558 394 natura
1578 376 1667 395 rerum
1685 370 1785 396 sentire
1801 369 1836 397 ab

1052 411 1098 437 illo
1112 411 1183 438 docti
1201 420 1296 440 sumus
1309 422 1315 439 :
1333 414 1406 447 atqui
1423 421 1476 440 non
1487 414 1574 440 solum
1591 414 1764 441 Hebraeorum
1778 415 1836 442 hate

1051 459 1102 486 fuit
1126 461 1225 492 oratio,
1250 461 1296 488 sed
1323 462 1546 497 philosophorum
1571 470 1689 498 quoque,
1717 462 1835 491 maxime

1052 504 1198 532 illustrium
1216 515 1221 532 :
1236 506 1282 541 qui
1299 515 1360 533 cum
1377 506 1498 534 Hebro-is
1514 508 1727 541 consentientes,
1743 512 1833 536 ortum

1051 550 1150 578 habere
1162 555 1189 578 et
1200 552 1297 579 cmlum
1311 553 1410 588 ipsum,
1424 557 1450 580 et
1461 554 1558 586 solem,
1571 557 1598 581 et
1611 554 1714 587 lunam,
1729 558 1755 581 et
1769 555 1834 582 stel-

1051 597 1102 628 las.
1115 597 1326 633 universumque
1341 599 1470 625 mundum
1485 599 1518 626 ab
1533 603 1644 626 auclore
1654 600 1773 626 omnium
1789 607 1833 628 re—

1051 650 1109 668 rum
1130 642 1229 669 factum
1250 651 1310 670 esse
1334 643 1552 671 afﬁrmaverunt:
1573 651 1699 671 caeterum
1720 645 1789 672 idem
1805 649 1832 673 et

1050 689 1311 716 consummationem
1336 694 1362 716 et
1386 691 1562 717 mutationem
1590 691 1616 717 in
1634 691 1741 723 melius,
1769 692 1831 718 ιιιιί-

1050 734 1118 760 rersi
1133 734 1212 768 hujus
1226 734 1342 761 futuram
1355 739 1384 761 ut
1396 741 1614 770 exspectaremus
1626 736 1728 767 docuit,
1738 737 1764 763 in
1780 738 1830 764 hoc

1049 787 1157 814 qumque
1183 779 1356 807 Hebraeorum
1381 782 1525 815 scripturis
1545 782 1718 809 consentiens
1738 791 1744 808 :
1763 783 1829 816 quid

1049 825 1148 857 igitur?
1168 833 1257 852 nonne
1275 826 1356 853 etiam
1378 825 1455 853 Plato
1477 831 1572 861 suapte
1586 832 1684 853 natura
1699 830 1725 854 et
1741 827 1830 862 ipsum

1049 870 1158 901 omium,
1176 875 1203 897 et
1219 872 1315 902 solem,
1330 875 1356 898 et
1372 872 1475 903 lunam,
1503 879 1535 899 ac
1550 872 1651 907 reliqua
1668 873 1768 903 sidera,
1785 881 1831 900 so-

213 917 371 948 παιδεύσας·
388 915 432 953 ἆρ’
453 918 512 954 οὐχὶ
538 918 705 953 σοφωτέρους
729 918 909 954 ἀπείργασται
935 919 991 949 τοὺς

1050 915 1142 942 lutioni
1157 917 1381 951 corruptionique
1399 917 1514 943 obnoxia
1535 925 1596 945 esse
1611 918 1687 950 vidit,
1704 920 1829 953 quamvis

211 963 274 990 καθ’
287 963 350 999 ὅλης
366 965 415 999 τῆς
431 964 591 999 οἰκουμένης
607 964 641 991 τὰ
656 965 736 991 αὑτοῦ
753 965 926 1000 φρονοῦντας,
944 965 997 990 τῶν

210 1010 262 1042 τὰς
280 1010 365 1045 ὀφρῦς
382 1010 589 1043 ἀνεσπακότων;
610 1011 634 1037 οἳ
652 1010 735 1046 μηδὲν
749 1010 819 1037 κατὰ
836 1010 884 1046 τὴν
904 1010 996 1037 οὐσίαν

210 1055 349 1090 διαφέρειν
360 1056 530 1091 ἀπεφήναντο
540 1056 651 1091 ἐμπίδος
661 1065 690 1083 τε
702 1057 748 1083 καὶ
760 1057 847 1092 εὺλῆς,
858 1056 904 1083 καὶ
917 1056 996 1091 μυίας

211 1101 260 1137 τὴν
275 1102 304 1127 ὲν
320 1100 473 1136 ἀνθρώποις
492 1101 591 1137 ψυχὴν,
612 1101 679 1128 ἀλλὰ
694 1102 740 1128 καὶ
755 1102 852 1136 ὖφεως,
877 1102 922 1127 καὶ
943 1101 996 1136 ἐχί-

209 1147 286 1181 δνης,
300 1147 399 1182 ἄρκτου
417 1156 446 1173 τε
461 1148 506 1173 καὶ
521 1147 687 1183 παρδάλεως,
701 1147 747 1174 καὶ
761 1148 823 1179 συὸς
835 1147 923 1182 ψυχῆς
936 1147 995 1173 κατ’

209 1191 297 1223 οὐδὲν,
312 1191 373 1217 ὅσον
386 1191 432 1217 ἐπὶ
446 1191 517 1226 λόγῳ
531 1191 637 1225 φύσεώς
649 1200 678 1217 τε
689 1193 735 1218 καὶ
748 1191 849 1225 οὐσίας,
863 1191 911 1227 τὴν
922 1192 995 1225 σφῶν

209 1237 301 1263 αὐτῶν
324 1237 377 1263 τῶν
402 1236 626 1271 φιλοσοφωτάτων
649 1237 737 1272 ψυχὴν
759 1237 933 1264 διαλλάττειν’
949 1238 995 1264 καὶ

210 1283 283 1310 θείου
299 1283 327 1310 δὲ
343 1284 410 1319 πρὸς
427 1285 531 1316 τούτοις
552 1284 742 1319 δικαιωτηρέου
761 1284 880 1319 συνεχῶς
897 1285 995 1320 ὑπομι-

211 1330 350 1365 μνήσκων,
366 1330 412 1356 καὶ
435 1330 583 1366 μελλούσης
603 1330 711 1357 ἔσεσθαι
725 1330 851 1366 κρίσεως,
871 1330 995 1362 κολάσεις

208 1384 240 1403 τε
255 1376 302 1402 καὶ
315 1377 448 1412 τιμωρίας
459 1377 659 1412 ἀπαραιτήτους
670 1378 725 1408 τοῖς
739 1377 863 1403 ἀσεϐέσιν
877 1377 995 1413 ὑπογρά-

210 1429 279 1456 φων,
291 1423 346 1453 τοῖς
356 1430 384 1447 τε
396 1422 534 1448 εύσεϐἐσιν
547 1422 709 1456 ἐπαγγελίας
718 1421 784 1448 Θεοῦ
794 1422 902 1449 αἰωνίου
911 1422 992 1458 ζωῆς,

209 1468 257 1493 καὶ
267 1467 386 1503 οὐρανῶν
401 1467 548 1502 βασιλείας,
562 1469 609 1494 καὶ
622 1469 670 1495 σὺν
681 1468 740 1503 Θεῴ
753 1468 889 1504 μακαρίας
899 1468 994 1502 διαγωα

208 1513 271 1548 γῆς,
285 1513 344 1539 τίνα
357 1513 390 1540 ἂν
404 1514 574 1549 πλανήσειεν,
588 1514 647 1549 οὐχὶ
658 1513 685 1540 δὲ
703 1513 800 1549 μᾶλλον
812 1514 993 1549 προτρέψαιτο

208 1558 335 1585 σπεύδειν
352 1560 400 1594 μὲν
420 1560 465 1586 ἐπὶ
481 1560 581 1595 ἀρετὴν
597 1559 650 1586 τῶν
665 1560 895 1595 προσδοκωμένων
911 1561 991 1587 ἕνεκα
1005 1568 1027 1599 C

206 1605 264 1635 τοῖς
287 1605 424 1631 εὐσεϐέσιν
447 1605 586 1637 ἐπάθλων,
617 1605 817 1641 ἀποτρέπεσθαι
845 1605 873 1631 δὲ
900 1606 989 1640 πάσης

206 1649 306 1681 κακίας
330 1650 373 1676 διὰ
396 1650 445 1681 τὰς
471 1650 662 1685 ὲπηρτημένας
687 1651 743 1681 τοῖς
767 1650 877 1677 ἀσεϐέσι
904 1659 989 1685 τιμω-

207 1695 283 1729 ρίας;
314 1695 357 1721 Ἐν
373 1697 427 1726 τοῖς
443 1695 616 1730 δογματικοῖς
629 1695 682 1722 τῶν
696 1696 777 1722 αὐτοῦ
792 1696 878 1730 λόγων
893 1705 989 1731 παρει-

206 1739 332 1776 λήφαμεν
353 1739 420 1767 εἷναί
444 1750 518 1772 τινας
538 1740 607 1776 μετὰ
631 1741 676 1767 τὸν
699 1741 829 1768 ἀνωτάτω
856 1741 921 1767 Θεὸν
945 1741 990 1767 δυ-

206 1785 321 1820 νάμεις,
350 1786 511 1821 ἀσωμάτους
538 1787 587 1821 τὴν
616 1787 695 1821 φύσιν
725 1787 771 1813 καὶ
800 1787 914 1822 νοερὰς,
944 1787 988 1812 λο-

206 1831 289 1865 γικάς
312 1839 341 1857 τε
359 1831 406 1858 καὶ
427 1831 594 1866 παναρέτους
605 1851 611 1863 ,
628 1831 673 1857 τὸν
704 1831 876 1866 παμϐασιλέα
894 1839 989 1866 χορευ-

206 1876 305 1908 ούσας,
340 1873 377 1903 ὥν
403 1877 510 1908 πλείους
549 1878 594 1903 καὶ
629 1876 709 1911 μέχρι
740 1875 890 1911 ἀνθρώπων
928 1876 988 1902 νεύ-

207 1930 272 1956 ματι
294 1921 340 1947 τοῦ
366 1921 472 1957 Πατρδς
499 1922 542 1949 διά
568 1931 643 1953 τινας
666 1921 816 1957 σωτηρίους
836 1921 988 1956 οἰκονομίας

205 1968 384 1995 ἀπεστάλθαι·
407 1968 441 2000 ἃς
465 1968 496 2004 δὴ
522 1968 664 2003 γνωρίζειν
688 1969 734 1994 καὶ
759 1969 840 2003 τιμᾷ-ν
866 1968 936 1994 κατὰ
958 1969 987 1994 τὸ

206 2014 304 2050 μέτρον
321 2015 370 2050 τῆς
385 2013 462 2046 ἀξίας
477 2014 662 2049 ἐδιδάχθημεν,
682 2014 754 2049 μόνῳ
768 2013 806 2048 τῷ
825 2013 988 2048 παμϐασιλΞί

204 2059 265 2094 Θεῷ
285 2059 335 2095 τὴν
362 2060 508 2095 σεϐάσμιον
530 2060 612 2095 τιμὴν
634 2059 823 2094 ἀπονέμοντες.
839 2060 897 2085 Ἔτι
919 2060 986 2094 πρὸς

203 2105 308 2135 τούτοις
322 2103 442 2139 ἔγνωμεν
467 2105 530 2137 παρ’
545 2104 625 2130 αὑτοῦ
642 2104 771 2139 μαθόντες
793 2104 923 2139 πολεμίας
944 2113 985 2130 τι-

203 2150 253 2182 νὰς
274 2152 320 2177 καὶ
344 2151 443 2187 ἐχθρὰς
464 2152 510 2178 τοῦ
537 2151 703 2187 ἀνθρωπείου
727 2152 820 2185 γένους
845 2152 916 2186 ἀμφὶ
940 2151 985 2177 τὸν

203 2195 268 2230 περὶ
293 2196 344 2231 γῆν
374 2196 443 2232 ἀέρα
469 2197 618 2228 πωτᾶσθαι,
641 2197 687 2223 καὶ
712 2198 759 2223 σὺν
780 2198 836 2228 τοῖς
856 2198 984 2232 πονηροῖς

202 2241 350 2277 διατρίϐειν
365 2242 492 2277 δυνάμεις
506 2242 645 2277 δαιμόνων,
661 2244 707 2269 καὶ
720 2243 881 2277 πνευμάτων
903 2251 984 2277 πονη-

1042 2240 1114 2274 [07
1133 2240 1230 2267 clum-os
1256 2244 1399 2267 exerceant

203 2286 270 2323 ρῶν,
285 2287 332 2314 καὶ
349 2287 403 2313 τῶν
418 2288 447 2314 ὲν
459 2288 563 2318 τούτοις
578 2288 725 2323 ἀρχόντων,
742 2287 787 2318 οὓς
802 2287 881 2313 παντὶ
896 2287 983 2313 σθένει

202 2332 313 2367 φεύγειν
340 2333 555 2368 πεπαιδεύμεθα·
585 2333 670 2359 είκαὶ
701 2333 741 2358 ὅτι
773 2332 888 2368 μάλιστα
916 2332 984 2359 θεῶν

201 2379 385 2415 προσηγορίας
408 2381 454 2406 καὶ
478 2380 559 2415 τιμὰς
579 2381 683 2412 ἑαυτοῖς
700 2380 898 2415 ὑφαρπάζουσι·
919 2379 983 2406 ταύ-

201 2433 251 2460 της
272 2425 294 2452 δ’
310 2424 356 2453 οὖν
381 2426 421 2452 ἔτι
439 2426 536 2462 μᾶλλον
555 2427 604 2460 τῆς
621 2426 767 2462 θεομαχίας
792 2426 838 2452 καὶ
861 2427 909 2461 τῆς
926 2426 984 2452 θεο-

200 2475 311 2512 εχθρίας
333 2477 425 2504 ἕνεκεν
445 2479 646 2513 ἀποτρεπταίας
670 2475 749 2510 εἶναι,
772 2477 832 2504 καθ’
849 2478 881 2509 ἃς
900 2478 928 2504 ἐν
948 2479 981 2513 τῇ

199 2527 436 2562 Προπαρασκευῇ
463 2528 633 2564 πεποιήμεθα
652 2528 695 2555 διὰ
718 2528 849 2554 πλείστων
873 2528 981 2553 ἀποδεί-

199 2576 265 2611 ξεις.
283 2577 400 2604 Τοιαῦτα
413 2577 480 2604 ἄττα
498 2578 623 2613 τυγχάνει
638 2578 685 2604 καὶ
701 2578 730 2603 ἐν
743 2578 797 2608 τοῖς
809 2577 981 2612 δογματικοῐς

199 2628 339 2665 μαθήμασι
350 2628 397 2655 τοῦ
408 2629 530 2664 Σωτῆρος
543 2628 620 2663 ἡμῶν
632 2627 829 2663 ἀναφερόμενα,
846 2628 980 2661 Ἐϐραίων

196 2680 251 2708 τῶν
264 2680 346 2708 πάλαι
363 2679 492 2714 θεοφιλῶν
509 2679 611 2714 ἀνδρῶν
629 2687 658 2704 τε
679 2679 725 2705 καὶ
745 2679 890 2713 προφητῶν
908 2678 980 2705 ἄντι-

196 2737 265 2765 κρυς
290 2729 387 2765 εὐσεϐῆ
415 2728 592 2764 παιδεύματα.
611 2729 642 2754 Et
656 2728 688 2764 δὴ
711 2726 756 2755 οὖν
774 2728 859 2755 ταῦτα
881 2728 977 2764 σεμνὰ,

196 2779 222 2807 σί
235 2779 372 2815 ὠφέλιμα,
386 2780 410 2805 εί
424 2779 563 2814 φιλόσοφα,
579 2778 603 2803 εί
623 2777 721 2813 ἀρετῆς
744 2778 838 2813 μεστὰ,
855 2778 924 2805 τίσιν
945 2778 978 2805 ἂν

195 2830 313 2864 εὐλόγως
333 2831 348 2856 ό
373 2829 476 2856 τούτων
500 2829 658 2860 διδάσκαλος
682 2829 858 2864 ἐπιγράφοιτο
880 2830 909 2856 τὸ
931 2829 976 2856 τοῦ

195 2880 295 2908 πλάνου
306 2880 408 2914 Mope;
430 2879 508 2906 ’Δλλὰ
520 2879 605 2906 ταῦτα
632 2879 682 2914 μὲν
692 2878 730 2910 ὼς
747 2880 811 2915 περὶ
824 2880 912 2906 κοινοῦ
926 2880 977 2916 τὴν

1047 969 1077 988 ea
1102 970 1156 989 non
1180 962 1354 990 dissolvenda
1380 963 1564 995 ailirmaverit,
1591 967 1732 998 propterea
1755 964 1828 998 quod

1048 1008 1120 1034 norit
1142 1008 1196 1040 ille,
1220 1009 1266 1043 qui
1289 1016 1320 1036 ea
1336 1010 1508 1044 composuit?
1530 1010 1606 1042 Quod
1629 1011 1651 1037 si
1669 1011 1715 1037 tali
1732 1015 1828 1038 natura

1047 1058 1172 1081 constare
1184 1063 1244 1086 nos,
1258 1056 1493 1090 immortalemque
1508 1057 1607 1083 habere
1622 1057 1750 1087 animam,
1767 1057 1829 1083 nul-

1047 1100 1126 1134 laque
1142 1100 1167 1126 in
1186 1106 1263 1134 parte
1283 1101 1372 1128 brutis
1393 1101 1556 1128 animalibus
1580 1102 1705 1133 similem,
1730 1103 1825 1134 voluit,

1046 1149 1072 1172 et
1086 1146 1215 1172 virtutum
1229 1153 1288 1180 quae
1301 1146 1326 1173 in
1342 1146 1396 1173 Deo
1413 1151 1475 1174 sunt
1491 1146 1638 1174 simulacra
1654 1148 1680 1174 in
1697 1155 1726 1174 se
1738 1150 1827 1174 conli-

1046 1198 1110 1217 nere
1125 1191 1197 1217 illam
1212 1192 1338 1218 arbitrari
1352 1199 1401 1219 nos
1414 1191 1517 1223 docuit,
1530 1193 1623 1226 sicque
1636 1193 1734 1219 habere
1745 1197 1826 1227 atque

1045 1236 1115 1263 allici
1127 1242 1153 1263 et
1169 1244 1264 1271 sapere
1278 1245 1383 1268 omnes,
1403 1242 1429 1264 et
1451 1237 1582 1265 barbaros
1595 1242 1623 1264 et
1639 1239 1763 1272 vulgares
1780 1239 1824 1265 in-

1045 1282 1135 1309 stituit
1154 1292 1160 1309 :
1178 1290 1268 1309 nonne
1292 1283 1428 1317 sapientes
1452 1284 1538 1318 magis
1560 1283 1587 1310 in
1603 1287 1660 1310 toto
1677 1285 1742 1311 orbe
1760 1292 1825 1312 suos

1045 1332 1195 1355 sectatores
1210 1328 1340 1359 reddidit,
1357 1336 1438 1363 quam
1452 1328 1470 1355 ii
1487 1329 1533 1363 qui
1551 1329 1696 1364 supercilia
1712 1334 1824 1356 contra-

1044 1378 1086 1400 cta
1102 1377 1252 1406 ostentant,
1270 1374 1291 1401 si
1307 1374 1375 1400 nihil
1395 1374 1474 1409 plane
1497 1382 1527 1402 ea
1547 1379 1623 1409 parte
1639 1383 1692 1410 qua
1707 1378 1758 1406 est.
1773 1375 1825 1402 dif-

1044 1419 1115 1447 ferre
1132 1428 1146 1447 a
1168 1420 1265 1453 culice,
1289 1424 1332 1447 aut
1356 1420 1516 1451 vermiculo,
1534 1425 1580 1447 aut
1597 1429 1690 1448 musca
1705 1422 1823 1449 animam

1044 1465 1187 1492 humanam
1206 1466 1363 1493 afﬁrmant?
1387 1471 1433 1493 aut
1448 1467 1470 1493 si
1487 1474 1520 1493 ne
1535 1474 1549 1492 a
1563 1468 1698 1501 serpentis
1714 1467 1823 1502 quidem

1043 1515 1089 1537 aut
1101 1511 1209 1545 viperae,
1225 1516 1272 1538 aut
1286 1513 1352 1544 ursi,
1374 1516 1421 1539 aut
1441 1512 1570 1546 pardalis,
1589 1517 1635 1539 aut
1651 1513 1708 1540 suis
1722 1512 1822 1546 anima,

1043 1558 1096 1583 ulla
1120 1565 1234 1592 prorsus
1251 1558 1277 1584 in
1302 1562 1388 1592 parte,
1406 1565 1482 1584 suam
1498 1558 1618 1591 ipsorum
1632 1558 1761 1590 animam,
1776 1557 1823 1592 qui

1043 1602 1236 1637 sapientissimi
1252 1602 1364 1635 fuerint,
1379 1608 1514 1638 quatenus
1533 1608 1658 1630 naturam
1681 1604 1760 1631 habet
1782 1609 1823 1630 at-

1042 1656 1094 1683 que
1109 1653 1160 1679 est,
1183 1648 1319 1676 diversam
1342 1650 1422 1676 esse?
1437 1650 1470 1676 ad
1492 1650 1557 1680 haec,
1577 1657 1638 1676 cum
1658 1649 1708 1676 fori
1725 1650 1821 1680 divini,

1038 1694 1188 1729 judiciique
1204 1694 1287 1721 futuri
1305 1694 1443 1721 assiduam
1458 1695 1621 1722 mentionem
1638 1694 1743 1726 fecerit,
1761 1702 1823 1729 sup-

1041 1741 1174 1775 pliciaque
1187 1747 1217 1767 ac
1234 1748 1328 1774 poenas
1344 1740 1514 1767 inevitabiles
1531 1740 1621 1774 impiis
1633 1740 1820 1774 descripserit,

1038 1786 1119 1820 justis
1134 1793 1198 1813 vero
1218 1789 1347 1813 aeternam
1368 1793 1382 1811 a
1400 1784 1455 1812 Deo
1475 1785 1555 1812 vitam
1579 1785 1709 1820 promitti,
1729 1789 1755 1811 et
1774 1792 1820 1811 re-

1039 1839 1120 1865 gnum
1138 1831 1259 1861 caeleste,
1282 1832 1308 1856 et
1333 1829 1436 1857 felicem
1455 1837 1516 1856 cum
1543 1830 1602 1864 ipso
1626 1829 1681 1856 Deo
1707 1829 1818 1861 victum,

1040 1876 1163 1903 docuerit
1179 1886 1185 1903 :
1202 1884 1280 1910 quem
1294 1876 1401 1902 tandem
1413 1875 1538 1910 decipere
1551 1875 1655 1909 potuit?
1670 1882 1760 1901 nonne
1771 1882 1820 1909 p0<

1041 1922 1094 1948 tius
1107 1921 1266 1948 adhortatus
1278 1926 1319 1948 est
1330 1928 1423 1947 eorum
1436 1920 1606 1955 prwmioruin
1619 1927 1713 1951 causa,
1729 1927 1790 1954 quae
1803 1927 1819 1946 a

1036 1966 1118 2000 justis
1134 1970 1326 2000 exspectantur
1338 1966 1365 1992 in
1378 1966 1505 1992 virtutem
1515 1965 1730 1992 incumbereiab
1744 1965 1817 1992 omni

1038 2019 1102 2038 vero
1117 2012 1218 2038 malitia
1235 2012 1376 2043 deterruit,
1393 2016 1503 2046 propter
1526 2011 1711 2047 impendentes
1727 2012 1818 2047 impiis

1038 2059 1153 2093 ptenas?
1170 2058 1255 2086 Porro
1274 2063 1362 2086 autem
1378 2066 1410 2085 ex
1431 2058 1504 2086 illius
1522 2058 1639 2086 decretis
1662 2059 1817 2093 accepimus

1036 2112 1097 2132 esse
1115 2105 1245 2139 quasdam
1262 2109 1322 2140 post
1334 2112 1490 2139 supremum
1505 2104 1588 2132 Deum
1606 2109 1754 2139 potestates
1767 2112 1816 2131 na-

1036 2154 1096 2176 tura
1121 2151 1306 2185 incorporcas,
1337 2150 1528 2184 intelligentes,
1559 2150 1705 2178 rationales
1728 2151 1817 2177 omni-

1036 2203 1088 2230 que
1104 2197 1204 2222 virtute
1226 2195 1364 2230 praditas,
1389 2204 1450 2230 quae
1471 2197 1573 2222 circum
1590 2203 1679 2231 regem
1695 2196 1816 2223 universi

1427 2249 1434 2268 :
1461 2248 1575 2275 quarum
1611 2241 1704 2276 plures
1735 2242 1816 2268 etiam

1038 2293 1123 2320 usque
1137 2286 1170 2312 ad
1190 2286 1315 2314 homines
1333 2286 1417 2321 ipsius
1434 2287 1520 2321 patris
1541 2290 1619 2318 nutu,
1635 2286 1753 2321 quadam
1771 2295 1815 2314 sa-

1037 2331 1117 2358 lutari
1142 2331 1321 2366 dispositione
1345 2333 1498 2364 mittantur,
1519 2340 1641 2367 quasque
1666 2336 1692 2360 et
1717 2340 1816 2367 cogno-

1036 2386 1123 2410 scere,
1139 2384 1166 2406 et
1183 2379 1305 2406 venerari
1324 2386 1371 2413 pro
1387 2379 1501 2411 ratione,
1518 2379 1657 2413 graduque
1674 2379 1815 2413 dignitatis

1035 2425 1122 2451 edocti
1147 2432 1252 2456 sumus,
1273 2428 1302 2451 ut
1322 2424 1372 2452 soli
1391 2424 1454 2456 Deo,
1472 2425 1518 2459 qui
1541 2432 1589 2451 rex
1614 2428 1656 2451 est
1681 2424 1812 2455 universi.

1036 2471 1202 2498 adorationis
1227 2471 1356 2498 honorem
1379 2471 1542 2498 tribuamus.
1560 2470 1601 2497 Ab
1626 2469 1720 2496 eodem
1745 2477 1814 2504 prte-

1035 2520 1106 2543 terea
1121 2516 1276 2547 didicimus,
1292 2517 1403 2543 hostiles
1417 2516 1548 2551 quasdam
1569 2516 1746 2550 inimicasque
1759 2515 1812 2542 hu-

1034 2562 1106 2588 mani
1123 2562 1240 2596 generis,
1259 2570 1306 2596 per
1319 2562 1400 2592 hunc.
1421 2562 1467 2597 qui
1484 2562 1586 2588 circum
1607 2565 1706 2588 terram
1720 2568 1812 2589 versa-

1033 2611 1088 2640 tur,
1104 2615 1203 2639 aerem,
1219 2609 1310 2635 volare
1323 2612 1471 2642 potestates
1482 2608 1634 2635 daemonum
1649 2607 1810 2642 spirituum-

1032 2660 1085 2687 que
1100 2653 1243 2684 malorum,
1265 2660 1423 2687 eorumque,
1440 2653 1487 2687 qui
1503 2653 1530 2680 in
1555 2653 1608 2680 illis
1629 2653 1809 2688 principatum

1032 2703 1134 2729 tenent,
1149 2707 1208 2734 qua:
1221 2706 1283 2725 cum
1302 2700 1380 2726 malis
1398 2699 1553 2726 hominibus
1570 2703 1723 2732 versentur,
1742 2707 1811 2734 quas

1031 2748 1061 2771 ut
1079 2746 1151 2772 omni
1169 2750 1266 2772 conatu
1282 2745 1428 2780 fugiamus,
1451 2745 1477 2771 in
1496 2746 1638 2780 praeceptis
1659 2746 1809 2773 habemus:

1031 2790 1138 2817 tametsi
1151 2791 1193 2818 vel
1214 2798 1294 2825 quam
1312 2791 1428 2818 maxime
1442 2791 1554 2817 deorum
1571 2791 1765 2826 appellationes
1783 2795 1811 2817 et

1030 2836 1119 2863 cultus
1134 2836 1186 2862 sibi
1197 2836 1263 2871 ipsis
1275 2841 1413 2872 arrogant,
1429 2837 1566 2872 multoque
1580 2837 1661 2864 etiam
1676 2837 1761 2872 magis
1774 2837 1809 2864 ab

1029 2880 1083 2908 illis
1112 2888 1172 2909 esse
1191 2881 1393 2914 declinandum,
1413 2885 1524 2917 propter
1544 2882 1614 2910 hanc
1638 2882 1724 2916 ipsam
1745 2890 1807 2910 cum
