2071 3219
318 168 369 197 175

643 169 779 198 EUSEBII
796 169 1038 198 CESARIENSIS
1054 169 1129 198 OPP.
1150 168 1241 197 PARS
1260 170 1292 199 ll.
1309 186 1343 191 —
1359 171 1609 201 AI‘OLOGETICA.

1884 177 1934 205 Πθ

314 231 341 259 in
365 239 418 265 qua
436 231 475 258 illi
489 230 604 258 similem
620 231 817 258 suscitaturum
843 238 872 258 se
889 229 960 257 Deus
985 236 1081 264 respon

1131 229 1198 266 ,τὴν
1213 229 1260 257 τοῦ
1277 229 1344 256 Θεοῦ
1365 230 1550 266 διερμηνεύων
1573 232 1675 268 φωνὴν,
1694 233 1811 270 ἔφησεν·
1832 246 1841 261 ι
1863 237 1933 272 Προ-

311 277 367 307 det.
383 276 478 303 dicens
491 285 498 303 ε
519 286 529 301 ε
547 275 710 311 Prophetam
721 284 753 303 ex
763 275 894 303 fratribus
905 283 999 303 eorum
1013 275 1098 302 susci-

310 323 375 351 tabo
388 323 440 354 eis,
457 326 587 357 tanquam
603 326 637 352 te.
650 326 677 350 et
691 322 762 350 dabo
782 322 894 349 verbum
912 329 1002 349 meum
1021 322 1049 349 in
1066 329 1097 349 os

311 370 394 402 illius,
415 373 443 396 et
469 369 598 403 loquetur
614 368 654 396 eis
682 367 912 403 quemadmodum
933 367 1097 395 mandavero

310 415 369 449 illi;
403 420 429 442 et
462 415 551 442 omnis
577 414 659 441 homo
687 414 844 449 quicunque
884 420 938 440 non
977 413 1094 440 audierit

309 461 390 488 verba
424 461 516 493 illius,
544 468 712 496 quaecunque
738 461 864 495 loquetur
904 460 1035 494 propheta
1068 459 1095 486 in

308 506 419 533 nomine
454 514 514 533 meo
528 526 534 536 .
559 513 608 540 ego
630 505 747 532 ulciscar
769 512 801 531 ex
823 513 855 531 eo
881 504 922 530 "z
944 514 953 530 ι
984 505 1095 539 ipseque

307 550 399 578 Moses
422 551 467 578 Dei
488 559 582 579 vocem
603 551 636 578 ad
655 551 784 586 pupulum
807 550 1007 585 interpretans,
1032 550 1092 576 ait:

310 606 320 622 I
337 596 498 631 Prophetam
522 604 554 623 ex
579 595 709 622 fratribus
726 596 823 622 vestris
839 594 983 622 suscitabit
1000 594 1093 621 Domi-

305 651 358 670 nus
372 642 443 669 Deus
466 646 565 673 vester,
595 641 670 668 illum
688 640 804 668 audietis
831 641 856 667 in
871 641 999 667 omnibus
1021 648 1095 675 qua:-

307 696 412 723 cunque
432 687 574 723 postulasti
599 694 613 713 a
636 686 751 713 Domino
763 685 819 712 Deo
835 691 882 713 tuo
899 686 925 713 in
942 685 1049 712 Choreb
1066 686 1092 712 in

305 735 348 762 die
369 734 510 762 concionis
524 734 557 761 ".
581 743 590 760 ›
613 733 689 766 Quod
711 737 800 760 autem
824 738 886 767 post
913 732 1008 760 Mosen
1031 737 1093 759 anle

305 780 474 808 Salvatorem
494 784 618 807 nostrum
642 779 734 805 nullus
751 778 944 813 prophetarum
965 777 1033 806 Mosi
1054 778 1093 805 si-

304 825 378 852 milis
394 825 560 856 surrexerit,
586 824 698 859 antiqua
721 823 862 859 Scriptura
882 824 1025 859 perspicue
1042 823 1092 851 do-

1148 274 1236 309 φήτην
1258 275 1289 301 ἐκ
1311 274 1365 301 τῶν
1389 275 1509 310 ἀδελφῶν
1528 277 1604 312 ὑμῶν
1627 279 1773 315 ἀναστήσει
1798 281 1899 318 Κύριος
1920 285 1934 310 ό

1146 319 1212 351 Θεὸς
1226 320 1313 355 ἡμῶν.
1328 321 1414 348 Αὐτοῦ
1433 322 1581 350 ἀκούσεσθε
1594 325 1664 352 κατὰ
1678 326 1766 352 πάντα
1779 327 1828 354 ὅσα
1841 330 1935 365 ᾐτήσω

1146 365 1222 400 παρά
1235 366 1337 402 Κυρίου
1350 367 1396 393 τοῦ
1411 367 1479 394 Θεοῦ
1500 378 1546 395 σου
1565 371 1594 396 ὲν
1608 371 1709 406 Χωρῆὸ
1731 373 1762 407 τῇ
1780 373 1872 409 ἡμέρᾳ
1885 375 1935 410 τῆς

1147 411 1302 446 ἐκκλησίας.
1330 413 1417 439 »Ὅτι
1440 414 1469 440 δὲ
1507 415 1560 442 τῶν
1587 415 1657 451 μετά
1685 417 1804 445 Μωῦσέα
1829 429 1934 456 προφη-

1145 457 1198 483 τῶν
1221 458 1308 490 οὐδεὶς
1334 459 1387 494 πρὸ
1410 460 1458 486 τοῦ
1487 461 1613 497 Σωτῆρος
1638 462 1717 498 ἡμῶν
1745 464 1837 499 ὅμοιος
1870 467 1935 502 Efﬁ-

1144 511 1241 538 γερται
1262 505 1384 538 Μωῡσεί,
1409 506 1501 541 σαφῶς
1520 508 1536 542 ὴ
1561 508 1664 536 παλαιά
1687 510 1707 535 Γ
1710 510 1781 546 ραφὴ
1802 511 1931 545 διδάσκει,

1144 547 1260 582 λέγουσα
1270 558 1276 564 ·
1296 559 1304 574 ι
1322 551 1376 577 Καὶ
1392 551 1441 578 οὐκ
1452 553 1550 588 ἀνέστη
1565 553 1605 580 ἔτι
1617 556 1760 590 προφήτης
1776 557 1805 582 ἐν
1813 557 1931 593 Ἰσραὴλ,

1143 593 1181 624 ὡς
1196 594 1325 630 Μωῡσῆς,
1347 596 1376 622 ὃν
1397 596 1466 631 ἔγνω
1480 597 1581 633 Κύριος
1603 601 1749 635 πρόσωπον
1766 603 1835 629 κατά
1849 604 1932 639 πρόσ-

1146 647 1219 666 ωπον
1235 641 1264 667 ἐν
1294 642 1359 667 πᾶσι
1374 644 1429 674 τοῖς
1444 643 1567 679 σημείοις
1584 645 1630 671 καὶ
1645 645 1750 682 τέρασι.
1769 657 1778 673 ι
1793 648 1931 676 Δέδεικται

1142 685 1231 712 τοίνυν
1245 686 1274 712 τὸ
1289 686 1378 714 ἔνθεον
1389 688 1497 724 πνεῦμα
1508 689 1551 717 διά
1564 690 1702 722 Μωῦσέως
1713 693 1776 727 περὶ
1786 692 1832 719 τοῦ
1844 693 1931 729 Σωτῆ-

1143 738 1189 766 ρος
1200 731 1276 766 ήμῶν
1287 731 1416 760 θεσπίσαν
1430 742 1436 748 ·
1453 735 1477 760 εί
1488 734 1519 768 δὴ
1533 735 1613 769 μόνος
1625 736 1716 768 αὐτὸς,
1730 738 1776 763 καὶ
1787 738 1841 763 οὐδ’
1852 738 1930 771 ἄλλος

1141 776 1233 811 ὅμοιος
1243 778 1281 812 τῷ
1294 778 1405 805 Μωῦσεῖ
1414 779 1535 813 γεγονὼς
1548 781 1607 812 ταῖς
1619 781 1701 808 αὑτοῦ
1715 783 1854 814 Μωῡσέως
1869 792 1928 818 φω-

1143 823 1201 854 ναῖς
1212 823 1364 856 ἀκολούθως
1378 825 1503 860 συνέστη.
1516 826 1617 860 Σκὲᾠαι
1631 827 1658 853 δὲ
1672 827 1717 854 καὶ
1732 828 1814 863 ἄλλην
1824 838 1930 865 προφη-

302 875 356 903 cct,
372 871 418 898 ubi
435 871 492 897 ait:
514 880 522 896 ι
541 870 572 896 Et
597 878 650 897 non
668 870 785 897 surrexit
811 870 881 897 ultra
909 869 1040 905 propheta
1062 870 1081 897 ir

1141 867 1215 894 τείαν
1231 869 1412 904 ἀνάγραπτον.
1435 871 1541 906 Ἐπειδὴ
1553 871 1607 908 γὰρ
1623 872 1667 898 τὸν
1686 873 1798 909 Σωτῆρα
1814 875 1859 901 καὶ
1874 875 1932 902 Κύ-

303 917 386 945 lsracl
401 917 472 944 sicut
489 916 577 944 Moses
587 937 594 948 ,
619 924 699 951 quem
714 916 819 943 noverit
833 916 963 944 Dominus
976 916 1043 943 faeie
1055 923 1081 943 at

1143 921 1199 948 ριον
1209 900 1450 950 ὴμῶν,-ἄνθρωπον
1461 900 1633 953 nardi-coplata
1647 900 1789 953 γενόμενδν
1801 920 1832 946 ὲκ

302 963 416 994 faciem,
441 963 468 990 in
494 963 620 990 omnibus
645 962 730 997 signis
755 966 836 996 atque
865 963 998 996 portentis
1022 962 1054 988 ‘°.
1077 972 1086 988 ι

301 1008 414 1036 Constat
445 1008 527 1043 igitur
554 1008 674 1034 divimlm
702 1007 827 1042 spiritum
860 1015 907 1042 per
939 1007 1029 1034 Mosen
1055 1008 1088 1034 de

302 1053 443 1081 Salvatore
458 1059 552 1081 nostro
562 1053 715 1081 cecinisse:
734 1051 868 1086 siquidem
882 1060 966 1079 unum
979 1052 1068 1087 ipsum
1079 1071 1086 1083 ,

299 1107 350 1127 nec
366 1100 447 1127 alium
463 1099 616 1134 quempiam
635 1098 703 1125 Mosi
722 1098 838 1125 similem
858 1098 1007 1130 exstitisse,
1023 1106 1088 1133 qua-

299 1146 351 1174 lem
368 1146 454 1180 ipsius
469 1145 552 1172 Mosis
573 1145 654 1172 verba
669 1144 839 1175 describunt.
853 1143 910 1178 jam
924 1144 1087 1178 comproba-

298 1196 356 1219 tum
379 1195 429 1218 est.
447 1191 581 1218 (laterum
595 1210 603 1222 ,
622 1195 714 1224 specta
731 1190 811 1217 aliam
837 1197 948 1225 quoque
968 1191 1086 1224 prophe-

299 1238 363 1264 tiam
387 1237 441 1271 95
466 1236 582 1271 publica:
606 1236 748 1270 scripturae
774 1235 1001 1262 commendatam.
1017 1234 1084 1262 Nam

297 1291 359 1310 cum
385 1283 552 1310 Salvatorem
576 1286 602 1310 et
623 1281 766 1309 Dominum
789 1285 925 1313 nostrum,
946 1281 1083 1308 hominem

296 1331 401 1356 ratione
418 1328 595 1356 humanitatis
609 1328 643 1356 de
659 1328 764 1355 semine
781 1327 866 1354 Israel
888 1331 989 1359 ortum,
1003 1328 1084 1354 innu-

296 1375 442 1403 merabiles
457 1379 606 1402 conventus
622 1375 648 1401 in
663 1375 789 1401 omnibus
802 1373 927 1408 gentibus
940 1373 1081 1400 Dominum

295 1419 441 1455 appellent,
464 1423 574 1454 propter
599 1419 719 1446 divinam
744 1419 804 1453 ejus
827 1419 956 1445 virtutem
975 1419 1044 1445 hanc
1057 1419 1081 1446 ei

295 1466 502 1500 appellationem
520 1466 670 1492 tribuentes
689 1474 695 1492 :
714 1464 821 1500 Moyses
830 1472 949 1500 quoque,
964 1464 1081 1499 qui,hoc

295 1511 388 1538 divino
411 1510 514 1545 Spiritu
539 1511 658 1540 afﬂatus.
675 1515 852 1545 cognoverat,
872 1510 1024 1538 enuntiavit
1051 1511 1077 1537 in

294 1557 367 1583 hunc
383 1558 492 1584 modum
509 1566 515 1583 :
538 1567 547 1582 ι
567 1556 657 1583 Exibit
685 1557 765 1583 homo
777 1557 810 1583 de
827 1557 930 1584 semine
953 1556 1013 1591 ejus
1029 1557 1080 1592 (di-
1093 1573 1114 1601 C

292 1603 329 1629 cit
356 1607 446 1629 autem
475 1602 509 1629 de
536 1602 629 1637 Israel)
650 1606 677 1629 et
696 1602 884 1629 dominabitur
903 1602 1040 1637 gentibus,
1053 1607 1079 1630 et

291 1649 438 1676 extolletur
453 1657 566 1683 regnum
583 1649 684 1684 ejus“.
704 1659 712 1674 )
727 1648 804 1681 Quod
816 1648 839 1676 si
854 1648 945 1675 nullus
960 1655 1079 1683 unquam

291 1696 361 1724 alius
382 1703 414 1723 ex
437 1695 470 1723 iis
490 1696 658 1730 principibus
674 1699 699 1722 et
717 1695 835 1729 regibus.
850 1695 896 1730 qui
914 1695 941 1721 in
960 1695 1080 1722 circum-

290 1743 394 1770 cisione
419 1742 602 1777 regnaverint.
620 1742 766 1769 multarum
794 1741 914 1776 gentium
947 1739 1078 1768 Dominus

289 1790 454 1817 constitutus
479 1792 520 1816 cst
549 1789 634 1824 (nulla
664 1789 737 1816 enim
764 1788 878 1815 historia
904 1787 956 1815 hoc
970 1788 1076 1822 habet),

289 1837 388 1863 clamat
412 1839 502 1862 autem
526 1839 552 1862 et
575 1834 741 1862 vociferatur
755 1834 858 1861 veritas
873 1833 907 1861 de
919 1841 973 1861 uno
984 1833 1078 1862 Salva-

289 1887 347 1909 tore
365 1886 459 1908 nostro
476 1890 482 1908 :
499 1881 575 1908 illum
592 1881 685 1916 utique
697 1881 753 1915 jam
767 1879 924 1911 Dominum,
942 1888 1031 1915 neque
1049 1881 1077 1907 id

288 1927 368 1954 labiis
381 1930 497 1958 tantum,
515 1926 562 1953 sed
581 1926 724 1953 aﬂ‘ectione
738 1925 937 1957 sincerissima,
951 1926 1077 1953 innume-

288 1972 387 2000 rabiles
412 1972 533 1998 omnium
564 1972 705 1998 nationum
732 1974 883 1999 conventus
912 1972 1036 2000 conllteri
1067 1981 1074 1999 :

287 2018 352 2053 quid
377 2018 448 2045 ultra
467 2018 524 2052 jam
552 2017 666 2052 impedit
682 2025 715 2045 ne
732 2018 808 2044 illum
822 2025 884 2045 esse
900 2017 1076 2049 dicamus,de

285 2071 340 2098 quo
365 2063 514 2097 prophetiae
541 2063 668 2090 exstant?
692 2061 770 2095 Quod
784 2066 874 2090 autem
889 2063 996 2098 Moyses
1017 2065 1075 2091 haec

285 2116 340 2136 non
357 2108 497 2135 indeﬁnite
509 2108 648 2142 praedicat,
661 2115 747 2142 neque
761 2108 894 2135 immenso
913 2108 1032 2143 quodam
1047 2112 1074 2136 et

285 2154 452 2182 inconstanti
467 2158 588 2189 tempore
598 2154 756 2180 vaticinium
772 2154 981 2186 adumbret,sed
997 2155 1074 2182 valde

285 2201 459 2236 providenter
473 2206 599 2227 eventum
612 2207 702 2227 rerum
718 2207 788 2234 quas
804 2199 971 2234 praedixerit,
987 2199 1074 2227 deter-

1142 967 1226 994 ματος
1250 961 1366 996 Ἰσραὴλ,
1385 962 1469 997 μυρίοι
1486 962 1574 998 πλήθη
1592 964 1620 990 ὲν
1633 965 1698 990 πᾶσι
1711 966 1766 995 τοῖς
1782 965 1869 992 ἔθνεσι
1881 975 1930 992 κυ-

1141 1005 1266 1040 ριολογεί,
1288 1006 1338 1041 τῆς
1353 1007 1443 1034 ἐνθέου
1459 1008 1599 1043 δυνάμεως
1625 1010 1707 1036 αὑτοῦ
1727 1011 1805 1046 χάριν
1826 1012 1929 1048 Κύριον

1137 1050 1327 1086 ὁμολογοῦντα,
1345 1052 1392 1080 καὶ
1409 1053 1486 1080 τοῦτο
1507 1053 1586 1080 πάλιν
1606 1055 1726 1091 Μωῦσῆς
1752 1057 1865 1084 συνιδὼν
1888 1059 1928 1094 τῷ

1138 1096 1201 1132 θείῳ
1218 1098 1364 1133 Πνεύματι,
1377 1098 1421 1125 διὰ
1435 1099 1484 1134 τῆς
1499 1100 1581 1127 αὐτοῦ
1593 1101 1700 1136 γραφῆς
1714 1102 1806 1129 τοῦτον
1822 1104 1928 1139 ἀνεφώ-

1136 1152 1201 1179 νησε
1223 1143 1269 1171 τὸν
1296 1145 1410 1181 τρόπον·
1442 1155 1451 1171 ι
1468 1146 1651 1178 Ἐξελεύσεται
1675 1147 1816 1183 ἄνθρωπος
1834 1150 1865 1176 ἐκ
1879 1151 1926 1177 τοῦ

1137 1189 1292 1225 σπέρματος
1306 1190 1388 1217 αὑτοῦ
1404 1190 1492 1225 (λέγει
1504 1191 1532 1218 δὲ
1546 1191 1592 1218 τοῦ
1608 1193 1716 1228 Ἰσραήλ
1729 1194 1805 1228 ),καὶ
1820 1195 1926 1230 κυριεύ-

1136 1243 1176 1261 σει
1186 1235 1280 1267 ἐθνῶν,
1298 1236 1344 1262 καὶ
1361 1236 1532 1272 ὑψωθήσεται
1548 1237 1699 1272 ἡβασιλεία
1715 1240 1807 1266 αὑτοῦ.
1825 1250 1835 1266 ι
1852 1242 1882 1268 El
1892 1241 1925 1278 δὴ

1137 1280 1229 1316 μηδεὶς
1243 1281 1321 1313 ἄλλος
1335 1280 1445 1308 πώποτε
1462 1282 1515 1308 τῶν
1529 1283 1561 1309 ὲκ
1572 1284 1720 1319 περιτομῆς
1730 1285 1866 1320 ἀρχόντων
1878 1287 1926 1313 καὶ

1135 1326 1266 1360 βασιλέων
1294 1327 1388 1363 κύριος
1413 1328 1497 1354 ἐθνῶν
1520 1328 1623 1355 πολλῶν
1650 1330 1782 1365 κατέστη”
1802 1331 1924 1367 (οὐδεμία

1133 1372 1187 1408 γὰρ
1205 1373 1310 1409 ἱστορία
1321 1373 1394 1409 δηλοῖ
1403 1373 1481 1400 τοῦτο
1491 1374 1510 1408 ’)
1524 1374 1572 1409 βοᾷ
1583 1374 1611 1400 δὲ
1623 1375 1669 1401 καὶ
1682 1375 1817 1410 κέκραγεν
1832 1378 1848 1411 ἠ
1861 1377 1924 1413 ἀλή-

1133 1418 1192 1444 θεια
1212 1419 1257 1445 ἐπὶ
1279 1419 1358 1454 μόνου
1376 1419 1423 1445 τοῦ
1438 1420 1564 1455 Σωτῆρος
1581 1420 1675 1456 ἡμῶν·
1694 1421 1735 1448 δτι
1751 1415 1793 1457 ¹δὴ
1821 1423 1923 1458 Κύριον

1132 1463 1222 1494 αὑτὸν,
1240 1465 1286 1490 καὶ
1302 1464 1351 1491 οὐκ
1369 1464 1432 1491 αὐτὸ
1451 1465 1529 1500 μόνον
1548 1466 1603 1497 τοῖς
1624 1466 1733 1500 χείλεσι,
1753 1467 1871 1494 διαθέσει
1893 1468 1922 1495 δὲ

1130 1511 1312 1546 γνησιωτάτῃ,
1343 1511 1426 1546 μυρία
1449 1511 1537 1547 πλήθη
1565 1512 1593 1545 ἐξ
1619 1512 1744 1539 ἁπάντων
1765 1513 1818 1539 τῶν
1837 1513 1922 1541 ὲθνώιο

1130 1555 1263 1590 ὁμολογεῖ,
1290 1557 1316 1582 τί
1336 1556 1434 1592 δήποτε
1462 1557 1586 1593 ἐμποδὼν
1613 1558 1650 1594 μὴ
1676 1558 1735 1593 οὐχὶ
1753 1559 1834 1586 αὑτὸν
1851 1558 1921 1588 εἶναι

1132 1602 1246 1636 φάσκειν
1260 1602 1306 1629 τὺν
1321 1603 1570 1638 προφητευόμενον;
1589 1604 1648 1630 ’Ότι
1658 1604 1686 1630 δὲ
1699 1605 1818 1640 Μωῦσῆς
1830 1606 1918 1633 ταῦτα

1130 1648 1180 1674 οὐκ
1193 1648 1391 1684 ἀπεριορίστως
1405 1649 1541 1685 προλέγει,
1557 1649 1610 1676 οὐδ’
1623 1651 1662 1681 είς
1674 1650 1784 1686 ἄπειρον
1796 1652 1843 1678 καὶ
1855 1653 1920 1679 ἀπε-

1130 1692 1258 1729 ρίμετρον
1274 1695 1367 1730 χρόνον
1380 1695 1547 1727 ἐπισκιάζων
1562 1690 1610 1730 τὴν
1626 1696 1787 1732 πρόρρησιν,
1797 1698 1827 1724 οὺ
1846 1698 1918 1733 μάλα

1128 1738 1156 1764 δὲ
1168 1739 1288 1774 ἀκριϐῶς
1301 1740 1350 1776 τὴν
1362 1740 1416 1767 τῶν
1434 1741 1677 1777 προφητευομένων
1689 1742 1800 1770 ἑκϐασιν
1811 1743 1918 1779 χρόνοις

1127 1785 1288 1821 ὡρισμένοις
1304 1788 1491 1822 περιγράφων,
1508 1788 1589 1815 ἄκουε
1607 1786 1650 1815 οἷα
1672 1789 1718 1816 καὶ
1738 1790 1800 1824 περὶ
1820 1791 1916 1817 τούτου

1128 1830 1265 1864 θεσπίζει·
1294 1843 1303 1858 ι
1326 1833 1383 1860 Οὐκ
1412 1834 1529 1869 ἐκλείψει
1559 1835 1651 1870 ἄρχων
1681 1835 1711 1868 ὲξ
1743 1836 1836 1867 Ἰούδα,
1869 1838 1916 1864 καὶ

1126 1877 1276 1912 ’ἡγούμενος
1287 1879 1318 1905 ὲκ
1332 1879 1386 1905 τῶν
1404 1879 1497 1915 μηρῶν
1516 1880 1607 1912 αὑτοῦ,
1625 1880 1677 1912 ἕως
1687 1881 1719 1908 ἂν
1730 1881 1792 1917 ἔλθῃ
1807 1879 1829 1915 ᾧ
1845 1883 1915 1909 ἀπό-

1127 1932 1228 1950 κειται·
1246 1925 1293 1950 καὶ
1302 1925 1383 1956 αὐτὸς
1395 1925 1541 1960 προσδοκία
1550 1925 1643 1952 ἐθνῶν.
1660 1936 1669 1951 ι
1682 1927 1719 1952 Δι’
1731 1923 1767 1953 ὧν
1776 1927 1806 1952 οὑ
1820 1927 1916 1954 διαλεί-

1125 1969 1187 2004 ψειν
1207 1969 1271 2005 ἑξῆς
1287 1971 1334 1997 καὶ
1349 1971 1420 1997 κατά
1435 1970 1558 2006 διαδοχὴν
1572 1971 1739 2006 ἡγουμένους
1755 1973 1801 1998 καὶ
1816 1972 1916 2008 ἄρχον-

1125 2025 1173 2048 τας
1192 2016 1245 2042 τῶν
1267 2015 1400 2042 Ἰουδαίων
1417 2015 1519 2048 ἔθνους,
1539 2016 1618 2052 μέχρι
1630 2017 1679 2051 τῆς
1694 2017 1740 2043 τοῦ
1759 2018 1914 2052 προσδοκω-

1126 2062 1206 2097 μένου
1227 2062 1377 2097 παρουσίας
1395 2062 1584 2096 ἀποφαίνεται.
1606 2062 1786 2089 Διαλιπόντων
1805 2063 1835 2089 δὲ
1857 2063 1913 2090 τῶν

1123 2109 1188 2143 παρ’
1201 2108 1291 2138 αὐτοῖς
1309 2107 1455 2142 ἀρχόντων,
1468 2107 1632 2143 παρέσεσθαι
1646 2108 1690 2134 τὸν
1706 2109 1913 2144 προφητευόμε-

1124 2163 1177 2180 νον.
1201 2153 1300 2180 Ἰούδαν
1314 2153 1342 2179 δὲ
1358 2153 1404 2179 νῦν
1419 2153 1449 2179 οὺ
1465 2153 1513 2188 τὴν
1528 2153 1612 2189 φυλὴν
1628 2154 1764 2188 ὀνομάζει,
1778 2154 1834 2180 ἀλλ’
1850 2155 1912 2182 ἐπεὶ

1123 2200 1193 2226 κατά
1208 2208 1267 2225 τινα
1283 2199 1475 2234 προσωνυμίαν
1491 2199 1520 2225 ὲν
1534 2201 1588 2230 τοῖς
1610 2199 1678 2234 μετά
1697 2199 1781 2226 ταῦτα
1804 2200 1911 2235 χρόνοις

283 2246 395 2273 minatis
417 2247 587 2281 temporibus
607 2246 827 2277 circumscribat,
850 2245 896 2272 illa
915 2245 1072 2280 planissime

1131 2246 1177 2272 ὶπὺ
1204 2244 1345 2280 βασιλικῆς
1368 2244 1454 2280 φυλῆς
1476 2245 1525 2279 τῆς
1547 2244 1630 2271 Ἰούδα
1653 2245 1684 2271 τὸ
1704 2247 1757 2272 πᾶν
1777 2246 1910 2273 Ἰουδαίων

284 2289 414 2321 indicant,
429 2297 490 2324 quae
505 2290 539 2316 de
554 2290 605 2317 hac
625 2297 734 2324 quoque
752 2297 781 2317 re
803 2289 878 2316 canit
897 2299 903 2316 :
924 2299 933 2314 ι
951 2289 1010 2316 Νοη
1025 2290 1072 2318 de—

282 2335 365 2367 ﬂciet,
383 2335 481 2370 inquit,
502 2336 628 2370 princeps
648 2336 681 2363 de
697 2335 779 2367 Juda,
802 2343 891 2370 neque
911 2335 964 2362 dux
982 2335 1016 2363 de
1032 2336 1073 2363 fe-

282 2381 405 2409 moribus
428 2382 499 2416 ejus.
516 2381 603 2409 donec
621 2381 711 2408 veniat
732 2381 775 2408 cui
801 2381 950 2416 repositum
966 2385 1008 2408 est
1022 2390 1029 2409 :
1045 2385 1071 2408 et

282 2427 342 2462 ipse
357 2428 526 2463 exspectatio
541 2428 661 2462 gentium
672 2427 723 2454 ³¹·.
744 2436 754 2452 ›
775 2426 881 2460 Quibus
899 2426 990 2454 verbis
1016 2434 1070 2454 non

281 2473 424 2502 defuturos
440 2473 567 2508 deinceps
587 2473 714 2501 ductores
731 2479 763 2499 ac
782 2473 931 2507 principes,
953 2472 1000 2507 qui
1017 2472 1068 2499 sibi

281 2519 352 2546 inter
366 2527 396 2547 se
410 2520 568 2547 continuata
591 2520 661 2547 serie
684 2518 833 2546 succedant
857 2519 890 2546 de
916 2524 994 2554 genle
1020 2517 1069 2545 Ju-

281 2565 369 2596 daiea.
388 2573 474 2600 usque
490 2566 524 2593 ad
549 2566 620 2600 ejus,
636 2566 682 2601 qui
707 2569 892 2600 exspeCIatur,
907 2565 1065 2595 adventum,

279 2611 414 2639 enuntiat.
443 2612 521 2644 Quod
548 2613 570 2640 si
595 2613 732 2652 princjpcs
749 2612 819 2647 apud
839 2612 948 2639 Judaeos
965 2610 1068 2638 defece-

280 2657 346 2688 rint.
360 2656 540 2685 adventurum
555 2667 628 2689 eum,
640 2659 686 2693 qui
697 2667 731 2686 ex
744 2659 864 2686 oraculis
879 2661 1064 2693 exspectatur.

278 2699 377 2728 Judam
399 2710 464 2729 vero
491 2704 535 2731 hic
559 2712 612 2732 non
636 2705 723 2740 ipsam
748 2704 848 2731 tribum
866 2703 1001 2738 intelligit,
1018 2702 1065 2730 sed

280 2748 410 2782 quoniam
448 2748 670 2777 denominatione
705 2750 824 2785 quadam
866 2748 1065 2785 posterioribus

278 2793 448 2827 temporibus
472 2802 487 2821 a
513 2796 596 2831 regali
621 2796 693 2823 tribu
707 2795 786 2827 Juda,
803 2795 894 2822 omnis
907 2794 1063 2821 Iudaeorum

277 2840 352 2866 natio
365 2839 438 2867 dicta
454 2845 507 2873 est,
525 2841 561 2868 ita
575 2843 684 2877 quidem
709 2847 738 2869 ut
759 2841 840 2869 hodie
853 2848 961 2876 quoque
975 2838 1061 2866 Judzci

312 2895 334 2910 "
359 2895 435 2923 Deut.
466 2904 544 2929 XVIII,
564 2897 657 2929 18,19.
696 2898 717 2913 "
733 2897 799 2924 ibid.
818 2895 911 2927 45,16.
950 2894 972 2911 "
990 2893 1069 2923 Deut.
1085 2901 1176 2927 XXXIV,
1196 2892 1285 2924 10,31-

1124 2289 1198 2321 ἔθνος
1222 2289 1413 2325 ἐχρημάτιζεν,
1439 2289 1477 2321 ὡς
1495 2290 1541 2316 καὶ
1560 2290 1599 2321 είς
1624 2290 1743 2326 σήμερον
1772 2291 1910 2322 Ἰουδαίοις

1123 2334 1317 2370 ὀνομάζεσθαι·
1335 2335 1438 2370 σφόδρα
1447 2334 1609 2370 θαυμαστῶς
1626 2335 1671 2361 καὶ
1687 2336 1859 2371 προφητικῶ,
1877 2336 1908 2362 τὸ

1123 2382 1177 2408 πᾶν
1192 2381 1267 2412 ἔθνος
1292 2381 1425 2408 Ἰουδαίων
1442 2380 1590 2415 ὠνόμασεν,
1609 2380 1750 2416 ῶσπερούν
1767 2382 1813 2407 καὶ
1827 2382 1908 2415 ἡμεῖς

1130 2427 1270 2458 Ἰουδαίους
1292 2425 1540 2462 προσαγορεύομεν,
1560 2423 1627 2451 Εῐτά
1641 2434 1706 2460 φησι
1723 2425 1759 2460 μὴ
1777 2425 1908 2461 πρότερον

1122 2470 1255 2505 ἐκλείψειν
1267 2471 1298 2496 ἐκ
1312 2469 1358 2495 τοῦ
1376 2469 1468 2500 ἔθνους
1485 2469 1573 2495 αὐτῶν
1586 2469 1717 2505 ἄρχοντας
1728 2470 1774 2496 καὶ
1790 2471 1907 2505 ἡγουμέ-

1121 2525 1193 2548 νους,
1226 2516 1242 2551 ἢ
1272 2517 1398 2551 παρεῖναι
1424 2515 1470 2541 τὸν
1492 2515 1739 2551 προφητευόμενοψ
1761 2515 1854 2542 τούτου
1877 2515 1906 2542 δὲ

1121 2562 1290 2594 ἐπιστάντος,
1316 2560 1549 2596 καταλυθήσεσθαι
1572 2561 1621 2596 μὲν
1645 2561 1742 2588 αὐτίκα
1766 2561 1816 2596 τὴν
1838 2562 1906 2588 Ἰου-

1120 2608 1202 2634 δαίων
1219 2606 1315 2642 ἀρχὴν,
1337 2605 1417 2632 αὑτὸν
1439 2605 1467 2631 δὲ
1482 2605 1531 2631 οὐκ
1548 2605 1587 2631 ἑτι
1614 2605 1756 2637 Ἰουδαίων,
1777 2604 1860 2631 ἐθνῶν
1875 2605 1904 2632 δὲ

1119 2652 1228 2678 ἔσεσθαι
1244 2650 1414 2687 προσδοκίαν.
1434 2650 1488 2677 Καὶ
1505 2650 1584 2676 τοῦτο
1598 2649 1627 2676 δὲ
1644 2650 1690 2676 ἐπὶ
1707 2650 1755 2685 μὲν
1769 2649 1823 2676 τῶν
1839 2658 1905 2685 προ-

1120 2698 1212 2734 φητῶν
1235 2698 1284 2724 οὐκ
1304 2696 1336 2723 ἂν
1352 2696 1442 2723 δύναιο
1464 2695 1638 2732 ἐφαρμόζειν,
1656 2695 1702 2722 ἐπὶ
1718 2695 1745 2722 δὲ
1761 2696 1839 2731 μόνον
1858 2696 1904 2722 τὸν

1118 2745 1231 2780 Σωτῆρα
1239 2744 1286 2770 καὶ
1298 2743 1397 2778 Κύριον
1408 2741 1494 2778 ἡμῶν.
1514 2741 1588 2776 Ἅμα
1602 2748 1631 2766 τε
1644 2740 1698 2776 γὰρ
1712 2741 1791 2773 αὐτὸς
1801 2742 1840 2772 εἰς
1856 2741 1903 2768 ἀν-

1118 2790 1243 2827 θρώπους
1267 2789 1368 2824 παρῆν,
1399 2787 1491 2815 καὶτὸ
1512 2787 1644 2814 Ἰουδαίων
1663 2787 1799 2822 καθῄρητο
1826 2787 1902 2822 βασί-

1115 2837 1200 2864 λειον·
1216 2835 1365 2872 ἐκλελοίπει
1377 2835 1405 2862 δὲ
1422 2833 1589 2869 παραχρῆμα
1610 2834 1624 2860 ό
1639 2833 1670 2859 ὲκ
1684 2833 1823 2869 προγόνων
1842 2833 1901 2861 δια--

1330 2891 1350 2907 ³¹
1365 2890 1429 2918 ibid.
1444 2889 1487 2917 10.
1525 2889 1560 2905 ³¹’
1575 2888 1642 2917 Gen.
1661 2896 1734 2922 xtlx,
1751 2890 1793 2918 IO.
