2071 3219
135 207 185 236 IT!

596 214 931 249 {DEMONSTRATIONIS
949 216 1176 245 EVANGELICAS
1192 216 1255 244 LIB.
1274 218 1320 246 lli.

1727 218 1778 246 £78

138 269 221 304 δοχῆς
234 270 334 306 ἅρχων
350 273 452 306 αὐτῶν,
469 274 513 301 καὶ
525 274 539 301 6
555 274 624 301 κατὰ
637 275 737 310 νόμους
752 277 815 308 τοὺς
829 277 928 304 οἰκείου

980 303 982 308 ,
998 277 1182 309 nominentur,
1190 277 1269 305 valde
1280 277 1441 305 mirabiliter
1457 281 1484 304 ct
1499 276 1656 312 prophetice
1668 284 1776 305 omnem

141 314 307 351 ἡγούμενος,
321 318 479 353 Αὐγούστου
495 319 554 346 τότε
567 320 675 356 πρώτον
692 321 833 357 Ῥωμαίων
846 331 941 358 μοναρ-

146 362 291 397 χήσαντος,
317 364 440 400 Ἡρώδου
455 374 484 392 τε
499 366 528 399 ἐξ
539 366 694 401 ἀλλοφύλων
709 366 792 394 ἐθνῶν
809 367 940 403 βασιλέως

149 407 236 435 αὐτῶν
257 410 455 443 καταστάντος.
473 413 528 439 Καὶ
548 413 573 439 οἱ
589 413 638 448 μὲν
661 413 861 446 ἐκλελοίπεσαν,
881 415 895 440 6
911 415 939 441 δὲ

150 453 296 489 προσδοκία
309 455 363 481 τῶν
375 457 436 483 καθ’
451 458 514 493 ὅλης
525 458 575 494 τῆς
590 460 750 495 οἰκουμένης
765 459 859 492 ἐθνῶν,
870 461 940 488 κατὰ

150 500 200 534 τὴν
219 499 294 526 θείαν
319 502 472 538 πρόρρησιν
497 504 700 540 ἀναπέφανται·
725 506 763 537 ὠς
787 506 833 533 καὶ
854 507 938 533 είσὲτι

149 545 197 572 νῦν
220 546 326 579 πάντας
351 549 414 580 τοὺς
437 549 466 582 ἐξ
484 550 611 577 ἁπάντων
629 551 682 578 τῶν
700 551 784 578 ἐθνῶν
801 553 840 583 εἰς
859 552 938 579 αὐτὸν

149 594 364 626 πεπιστευκότας
382 595 432 630 τῆς
445 595 515 622 κατὰ
532 596 597 623 Θεὸν
611 597 699 624 αὐτῶν
713 598 873 634 προσδοκίας
890 599 938 634 τὴν

149 639 244 666 ἐλπίδα
255 641 298 666 ἐπ’
310 641 384 676 αὑτῷ
398 641 529 669 τίθεσθαι.
542 644 596 670 Καὶ
608 644 729 680 Μωῦσῆς
744 645 792 679 μὲν
808 645 936 677 τοσαῦτα,

149 685 196 711 καὶ
222 686 258 712 τὰ
279 686 380 713 τούτων
395 687 477 724 ἔτερα
492 689 576 716 πλείω
594 691 657 726 περὶ
671 691 718 717 τοῦ
735 691 853 725 Χριστοῦ
870 691 938 727 πρὸς

149 731 253 763 πάντας
280 733 354 767 ἡμᾶς
376 734 598 769 εὐαγγελίζεται·
623 737 724 771 ἀδελφὰ
749 737 777 764 δὲ
793 738 866 773 αὐτῷ
890 739 937 765 καὶ

153 776 267 810 Ἡσαΐας
282 779 479 816 ἀφωρισμένως
495 783 560 818 περί
574 791 646 815 τινος
661 783 719 816 ἐνὸς
734 785 766 810 ὲκ
781 785 937 820 σπέρματος

148 825 196 850 καὶ
222 825 347 860 διαδοχῆς
371 827 455 854 Δαεὶδ
484 828 531 855 τοῦ
556 829 688 864 βασιλέως
717 830 935 867 ἀναστησομένου

146 871 245 903 ταῦτα,
281 873 420 908 προλέγει·
442 884 452 900 ι
485 874 666 908 Ἐξελεύσεται
694 877 791 912 ῥάϐδος
821 878 853 904 ἐκ
885 877 936 912 τῆς

147 917 226 952 ῥίζης
263 919 372 951 Ἰεσσαὶ,
411 921 458 948 καὶ
487 921 567 954 ἄνθος
597 924 628 950 ἐκ
658 924 707 959 τῆς
738 924 816 959 ῥίζης
853 925 934 952 αὐτοῦ

145 963 321 999 ἀναϐήσεται,
353 967 399 1006 καὶ
428 967 613 995 ἀναπαύσεται
649 964 692 995 ἐπ’
720 970 800 996 αὐτὸν
828 970 936 1006 πνεῦμα

144 1007 192 1034 τοῦ
216 1009 301 1041 Θεοῦ,
335 1010 444 1046 πνεῦμα
481 1013 576 1047 σοφίας
605 1015 651 1040 καὶ
684 1014 831 1046 συνέσεως”
854 1024 863 1041 ι
889 1016 936 1042 καὶ

144 1051 179 1078 τὰ
214 1051 304 1080 λοιπά.
337 1053 394 1081 Εἴθ’
421 1056 525 1088 ὑπώάς
554 1058 616 1093 ἑξῆς
648 1059 809 1095 προφητικῴ
843 1061 936 1096 τρόπῳ

143 1098 194 1133 τὴν
224 1098 279 1126 τῶν
315 1100 470 1136 ἀλλοφύλων
505 1102 589 1130 ἐθνῶν
630 1103 774 1140 βαρϐάρων
816 1115 846 1133 τε
888 1107 935 1134 καὶ

148 1142 295 1180 Ἑλλήνων,
318 1146 373 1173 τῶν
395 1155 425 1173 τε
449 1148 626 1184 ἀγριωτάτων
646 1151 693 1177 καὶ
714 1150 935 1187 θηριωδεστάτων

142 1190 295 1226 ἀνθρώπων
310 1192 358 1228 τὴν
368 1194 414 1220 ἐπὶ
430 1194 459 1220 τὺ
469 1196 556 1231 πρᾶον
568 1197 614 1223 καὶ
630 1196 732 1232 ἥμερον
748 1198 792 1225 διὰ
803 1199 852 1234 τῆς
869 1201 934 1235 Χρι-

143 1236 207 1262 στοῦ
231 1237 405 1271 διδασκαλίας
423 1242 608 1277 γενησομένην
629 1243 777 1280 μεταϐολὴν
800 1244 931 1278 θεσπίζει.

141 1281 224 1316 Λέγει
232 1283 256 1310 δ’
267 1282 313 1311 οὖν
323 1293 330 1300 ·
349 1294 358 1310 ι
375 1286 428 1312 Kal.
440 1286 692 1323 συμόοσκηθήσεται
708 1289 788 1321 λύκος
805 1290 872 1325 μετά
884 1291 933 1326 ἀρ-

141 1328 196 1360 νὸς,
207 1329 255 1356 καὶ
269 1330 400 1365 πάρδαλις
418 1333 651 1360 συναναπαύσεται
667 1335 761 1370 ἐρίφῳ,
775 1336 821 1362 καὶ
833 1337 933 1371 μοσχά-

141 1381 212 1410 ριον,
223 1375 270 1400 καὶ
282 1375 391 1411 ταῦρος,
406 1376 452 1403 καὶ
467 1377 533 1404 λέων
546 1378 602 1413 ἅμα
616 1378 837 1415 βοσκηθήσονται,
857 1391 866 1407 ι
886 1382 932 1408 καὶ

140 1423 174 1444 τα
187 1418 291 1451 τούτοις
304 1422 491 1457 παραπλήσια,
506 1422 523 1449 ἃ
540 1423 585 1449 καὶ
606 1424 680 1460 παρὰ
696 1425 778 1458 πόδας
794 1425 931 1461 διασαφῶν

141 1465 297 1500 ἐρμηνεύει,
312 1467 416 1502 φήσας·
436 1477 444 1493 ι
460 1469 515 1495 Καὶ
529 1469 604 1496 ἐσται
620 1470 634 1496 6
647 1471 824 1506 ἀνιστάμενος
838 1472 930 1508 ἄρχειν

139 1511 236 1542 ἐθνῶν,
255 1513 298 1538 ἐπ’
317 1513 392 1548 αὐτῷ
413 1513 476 1550 ἔθνη
498 1515 646 1543 ἐλπιοῦσιν.
674 1527 682 1542 ι
704 1516 802 1552 Σαφῶς
820 1518 873 1555 γὰρ
896 1519 930 1546 τὰ

138 1556 224 1591 ἄλογα
243 1558 389 1593 θρέμματα
402 1561 450 1586 καὶ
463 1560 525 1592 τοὺς
539 1563 833 1599 προκαταλελειμένους
844 1565 930 1602 θῆρας

138 1603 198 1629 οὐδὲ
220 1603 317 1635 ἄλλους
338 1602 407 1631 εἶναι
424 1606 477 1632 τῶν
491 1606 584 1638 ἐθνῶν,
606 1608 652 1634 τοῦ
677 1608 824 1645 θηριώδους
849 1611 930 1639 ἔνεκα

136 1648 250 1683 τρόπον,
262 1648 422 1684 διεσάφησεν
435 1659 441 1665 ·
465 1647 502 1678 ὧν
516 1651 600 1678 ἐθνῶν
616 1652 709 1688 ἄρξειν
722 1655 788 1690 φησὶ
805 1655 850 1681 τὸν
872 1657 929 1683 ἀνι-

138 1693 272 1728 στάμενον
298 1695 330 1721 ὲκ
347 1696 502 1732 σπέρματος
525 1698 632 1725 Ὶεσσαί’
651 1700 697 1734 ἀφ’
713 1698 742 1727 οὗ
758 1701 789 1736 δὴ
805 1703 819 1728 6
835 1702 929 1738 Σωτὴρ

137 1740 183 1767 καὶ
201 1740 304 1777 Κῦριος
320 1743 399 1777 ήμιῖιν
413 1743 623 1778 γενεαλογεῖται,
643 1746 685 1780 ἐφ’
701 1746 730 1772 ὃν
743 1747 777 1773 τὰ
793 1748 832 1779 είς
847 1748 928 1775 αὐτὸν

138 1787 302 1814 πιστεύοντα
324 1788 387 1825 ἔθνη
415 1790 499 1816 είσέτι
525 1790 572 1817 νῦν
592 1791 696 1823 ἐλπίζει
720 1792 871 1828 συμφώνως
895 1796 927 1830 τῇ

137 1834 289 1870 προρρήσει
300 1844 306 1850 ·
327 1844 336 1860 ι
349 1835 403 1862 Καὶ
413 1835 489 1863 ἔσται
505 1837 519 1862 6
531 1837 708 1872 ἀνιστάμενος
725 1838 818 1873 ἄρχειν
831 1839 926 1872 ἐθνῶν,

136 1880 180 1906 ἐπ’
197 1880 272 1915 αὐτῷ
282 1880 345 1916 ἔθνη
363 1881 494 1909 ὲλπιοῧσι.
512 1893 521 1908 ι
535 1882 620 1909 Τοῦτο
630 1883 661 1918 δὴ
674 1884 794 1920 παράθες
805 1886 861 1918 τοῖς
876 1895 926 1912 πα-

138 1925 172 1960 ρὰ
184 1925 297 1952 Μωῦσεί
312 1927 471 1962 φερομένοις
485 1928 645 1955 διαστέλλων
670 1930 716 1956 καὶ
737 1930 767 1956 τὸ
781 1932 839 1966 μὲν,
856 1941 864 1956 ι
878 1932 925 1958 Ἔ-

136 1979 199 1998 σται
219 1973 234 1998 6
247 1973 425 2008 ἀνιστάμενος
442 1974 535 2009 ἄρχειν
558 1974 653 2006 ἐθνῶν,
672 1986 681 2000 ι
702 1976 857 2012 ἐφάρμοσον
875 1977 923 2013 τῷ,

137 2026 148 2042 ε
163 2017 334 2050 ἐξελεύσεται
345 2018 487 2054 ἄνθρωπος
500 2021 532 2046 ἐκ
544 2020 591 2046 τοῦ
606 2021 761 2056 σπέρματος
774 2022 866 2055 αὑτοῦ,
878 2024 925 2050 καὶ

134 2063 276 2099 κυριεύσει
292 2064 376 2090 ἐθνῶν
389 2064 508 2091 πολλῶν·
525 2076 534 2091 ι
551 2067 597 2093 καὶ
611 2067 650 2098 τὸ,
666 2077 675 2093 ι
697 2068 755 2095 Ἐπ’
772 2068 845 2104 αὑτῴ
861 2069 924 2106 ἔθνη

133 2109 275 2140 ὲλπιοῦσι,
296 2119 305 2135 ι
323 2110 374 2146 τῷ,
397 2120 407 2136 ι
432 2111 485 2138 Καὶ
503 2112 581 2145 αὐτὸς
603 2112 679 2140 ἔσται
707 2115 855 2150 προσδοκία
878 2115 924 2142 ἐθ-

133 2155 197 2181 νῶν.
217 2165 226 2180 ι
243 2155 275 2182 Τί
288 2155 343 2191 γὰρ
353 2156 474 2191 διαφέρει
487 2158 610 2192 φάσκειν,
629 2159 688 2185 Ἐπ’
703 2160 776 2196 αὑτῷ
795 2160 858 2197 ἔθνη
879 2161 924 2188 ὲλ-

134 2201 253 2232 πιοῦσιν,
267 2202 384 2237 ῆ,Αὐτὸς
397 2202 472 2229 ἔσται
494 2204 640 2239 προσδοκία
655 2205 758 2238 ὲθνῶν;
777 2207 858 2234 πάλιν
874 2207 895 2234 δ’
909 2209 924 2234 6

131 2247 213 2278 αὐτὸς
233 2247 347 2280 Ἡσαΐας
361 2248 464 2284 προῖὼν
480 2250 599 2284 περὶτοῦ
619 2251 736 2286 Χριστοῦ
755 2252 840 2279 ταῦτα
855 2262 916 2289 προ-

131 2293 268 2344 φητεύει;
278 2303 287 2319 ‹
305 2293 369 2344 ’ίδοίθ
385 2295 399 2320 6
414 2296 477 2344 παῖς
493 2304 542 2344 μου
561 2296 590 2323 ὃν
606 2297 727 2332 ᾑρέτισα,
749 2299 762 2324 6
781 2299 922 2335 ἀγαπητός
939 2317 960 2344 D

132 2347 193 2373 μου,
203 2340 246 2370 εις
255 2339 285 2366 ὃν
299 2339 444 2374 εὐδόκησεν
456 2341 472 2375 ὴ
486 2340 556 2376 ψυχή
573 2350 634 2376 μου,
647 2343 737 2378 κρίσιν
752 2345 807 2376 τοῖς
818 2344 921 2371 ἔθνεσιν

129 2384 246 2416 ἐξοίσει·
266 2395 275 2410 ι
295 2386 340 2411 καὶ
361 2386 496 2421 ἐπιφέρει,
513 2396 522 2412 ι
537 2387 608 2420 Ἕως
625 2388 657 2415 ἂν
668 2388 706 2415 θῶ
722 2390 768 2416 ἐπὶ
787 2391 836 2426 γῆς
861 2391 920 2426 κρί-

129 2439 182 2462 σιν,
201 2431 248 2457 καὶ
260 2432 289 2457 ἐν
303 2431 341 2466 τῷ
357 2432 469 2467 ὀνόματι
486 2434 568 2460 αὐτοῦ
583 2434 646 2470 ἔθνη
663 2435 811 2463 ἐλπιοῦσιν.
826 2447 834 2462 ι
848 2438 917 2473 Ἤδη

125 2475 253 2510 δεύτερον
268 2476 297 2502 ὲν
311 2476 415 2508 τούτοις
426 2478 440 2503 6
456 2478 598 2513 προφήτης
612 2479 642 2505 τὸ
654 2480 700 2506 ἐπὶ
709 2480 746 2516 τῷ
762 2482 870 2518 Χριστῷ
883 2483 917 2510 τὰ

126 2519 190 2555 ἔθνη
204 2521 325 2546 ἐλπίσειν
341 2521 455 2553 τίθεται,
473 2522 606 2558 ἀνώτερον
622 2524 720 2551 εἰπών’
741 2535 750 2550 ι
769 2526 826 2553 Ἐπ’
843 2527 917 2563 αὐτῷ

126 2565 188 2601 ἔθνη
215 2565 364 2592 ἐλπιοῦσιν.
377 2577 386 2592 ι
405 2567 534 2595 Ἐνταῦθα
555 2569 597 2600 δὲ,
611 2570 665 2596 Καὶ
689 2571 718 2596 ἐν
744 2570 783 2606 τῷ
806 2572 917 2607 ὀνόματι

125 2611 207 2637 αὐτοῦ
218 2611 282 2646 ἔθνη
300 2612 434 2639 ἐλπιοῦσι.
452 2614 581 2641 Λέλεκται
599 2616 626 2642 δὲ
651 2617 752 2652 καὶτῷ
771 2618 862 2650 Δασὶδ,
879 2618 917 2651 ὡς

125 2657 178 2693 ἄρα
191 2667 200 2683 ι
219 2657 267 2685 Ἐκ
278 2658 326 2684 τοῦ
343 2659 451 2695 καρποῦ
462 2661 511 2696 τῆς
526 2661 628 2693 κοιλίας
638 2662 720 2689 αὑτοῦ
733 2663 914 2700 ἀναστήσεταί

124 2712 165 2735 τις
181 2704 246 2740 περὶ
261 2701 293 2731 οὗ
307 2705 372 2739 ἑξῆς
389 2714 470 2741 φησιν
492 2707 507 2733 6
523 2707 588 2738 Θεός
598 2716 604 2722 ⁸
630 2718 639 2733 ‹
653 2709 738 2741 Αὐτὸς
755 2710 914 2737 ἐπικαλέσε-

125 2750 167 2776 ταί
185 2760 229 2786 με,
246 2752 341 2788 πατήρ
354 2760 405 2787 μου
418 2751 444 2779 εἴ
455 2753 486 2779 σύ
497 2761 503 2768 ·
524 2752 602 2787 κάγὼ
617 2755 785 2790 πρωτότοκον
797 2756 913 2793 θήσομαι

125 2796 211 2823 αὑςόν.
226 2807 235 2822 ι
249 2798 306 2824 Καὶ
330 2798 394 2832 περὶ
414 2799 508 2825 τούτου
531 2799 559 2826 δέ
584 2800 663 2827 πάλιν
687 2801 811 2837 εἴρηται’
835 2812 844 2828 ι
859 2804 914 2830 Καὶ

124 2843 335 2879 κατακυριεύσει
352 2843 406 2870 ἀπὸ
423 2843 559 2880 θαλάσσης
575 2845 627 2877 ἕως
642 2845 787 2883 θαλάσσης,
799 2848 845 2874 καὶ
860 2848 913 2875 ἀπὸ

156 2930 238 2959 "Isa.
258 2939 296 2961 ιιι.
320 2931 378 2963 1,2.
417 2931 438 2947 ³⁸
463 2931 568 2960 ibid.6.
607 2932 629 2948 ”
649 2932 714 2960 ibid.
747 2933 788 2962 10.

993 322 1134 350 Judaicam
1161 328 1267 359 gentem
1284 322 1381 350 Iudam
1408 323 1569 356 nominavit,
1585 331 1652 351 sane
1673 327 1703 350 ut
1727 331 1778 352 nos

993 375 1102 402 quoque
1117 366 1225 395 Iudaeos
1250 369 1386 403 appellare
1401 369 1593 396 consuevimus
1607 378 1614 396 :
1631 372 1689 396 tum
1707 369 1778 396 alitr-

993 418 1049 440 mat
1067 421 1120 440 non
1143 414 1220 448 prius
1235 415 1376 442 defuturos
1393 415 1427 442 de
1439 419 1518 450 gente
1536 415 1656 450 ipsorum
1678 416 1778 450 princi-

992 466 1046 493 pes.
1064 466 1096 486 ac
1119 460 1214 491 duces,
1227 469 1308 496 quam
1327 461 1349 489 is
1365 462 1501 494 adveniat,
1524 470 1604 497 quem
1634 463 1777 497 prophetia

992 505 1137 540 signiﬁcat.
1155 505 1242 534 Porro
1256 507 1300 534 hic
1317 508 1397 535 simul
1411 512 1492 543 atque
1507 509 1656 542 advenerit,
1669 508 1777 536 Judae—

991 559 1052 578 rum
1069 552 1176 587 quidem
1193 553 1374 588 principatum
1389 562 1449 582 esse
1459 555 1673 588 dissolvenduml
1688 556 1776 590 ipsum

991 605 1056 626 vero
1074 605 1129 625 non
1150 597 1306 626 Iudaeorum
1333 600 1460 635 amplius,
1493 600 1540 628 sed
1567 603 1688 636 gentium
1719 600 1776 629 fore

990 644 1220 679 exspectationem
1238 655 1244 672 :
1261 645 1334 680 quod
1345 646 1454 681 quidem
1472 647 1559 682 ipsum
1571 647 1636 674 nulli
1656 654 1775 682 unquam

991 690 1185 725 prophetarum
1206 692 1426 724 accommodare,
1443 693 1490 720 sed
1511 693 1556 720 uni
1574 693 1706 720 duntaxat
1720 691 1776 719 Sal-

991 736 1079 763 vatori
1095 735 1266 772 Dominoque
1286 742 1390 769 nostro,
1408 739 1519 773 poteris.
1531 739 1588 774 96
1599 738 1666 765 Nam
1693 738 1774 766 simul

990 787 1072 818 atque
1091 782 1135 810 ille
1152 783 1185 811 ad
1202 783 1326 811 homines
1347 785 1430 816 venit,
1447 784 1600 812 Iudaeorum
1617 785 1688 819 regia
1709 784 1775 811 sub-

990 829 1043 856 lata
1060 833 1112 862 est,
1133 829 1319 864 continuoque
1334 829 1441 856 illorum
1460 831 1586 865 princeps
1599 830 1707 861 defecit.
1727 829 1774 864 qui

989 874 1098 909 quidem
1127 875 1277 910 majoribus
1299 875 1357 903 suis
1381 876 1549 907 succederet,
1563 881 1643 910 atque
1659 883 1689 902 ex
1710 875 1774 910 legi-

989 922 1041 949 bus
1065 921 1181 956 propriis
1201 921 1256 948 illis
1278 925 1418 956 praeesset.
1440 921 1519 948 Tunc
1541 921 1613 948 enim
1633 921 1773 955 Augustus

953 960 973 986 Β
987 966 1174 994 Romanorum
1193 967 1298 1002 primus
1311 967 1416 1002 accepit
1434 967 1575 1002 imperium
1590 977 1596 993 :
1612 971 1638 994 et
1653 966 1774 995 Herodes

987 1014 1020 1041 ab
1046 1014 1166 1041 externis
1191 1013 1318 1048 gentibus
1343 1014 1458 1046 accitus,
1471 1014 1579 1040 illorum
1604 1020 1650 1040 rex
1669 1013 1772 1040 consti-

987 1062 1061 1085 tutus
1076 1062 1126 1085 est.
1142 1057 1174 1084 Et
1186 1057 1225 1084 illi
1244 1058 1352 1093 quidem
1366 1058 1533 1090 defecerunt,
1550 1058 1592 1084 hic
1606 1062 1694 1085 autem
1710 1065 1773 1092 gen-

985 1104 1052 1130 tium
1069 1111 1117 1138 per
1132 1107 1217 1130 totum
1234 1108 1370 1131 terrarum
1392 1103 1486 1130 orbem
1502 1104 1678 1138 exspectatio.
1698 1104 1770 1130 sicut

985 1149 1118 1176 divinitus
1141 1149 1300 1184 praedictum
1323 1149 1423 1180 fuerat.
1442 1149 1596 1176 declaratus
1619 1152 1661 1176 est
1680 1158 1686 1175 :
1703 1149 1771 1176 adeo

984 1195 1104 1230 quidem.
1132 1199 1161 1222 ut
1187 1203 1259 1222 nunc
1288 1203 1396 1230 quoque
1431 1203 1526 1223 omnes
1556 1195 1712 1230 quicunque
1736 1202 1770 1222 ex

984 1241 1112 1268 omnibus
1133 1241 1261 1276 gentibus
1278 1242 1305 1268 in
1322 1241 1397 1268 illum
1416 1241 1542 1273 credunt,
1558 1241 1770 1276 exspectationis

984 1294 1040 1314 suae
1071 1287 1338 1320 secundum’Deum,
1356 1287 1382 1314 in
1406 1287 1452 1314 illo
1479 1295 1553 1322 spem
1582 1291 1723 1322 reponant.
1737 1287 1770 1313 Et

984 1332 1091 1368 Moyses
1117 1333 1228 1368 quidem
1259 1333 1316 1360 haec
1338 1333 1445 1368 aliaque
1463 1332 1506 1360 bis
1518 1333 1596 1367 plura
1610 1333 1643 1360 de
1658 1333 1768 1360 Christo

982 1379 1110 1407 omnibus
1136 1380 1215 1408 nobis
1241 1378 1355 1406 feliciter
1375 1379 1495 1412 nuntiat;
1511 1379 1535 1406 ei
1557 1386 1621 1406 vero
1641 1386 1768 1414 germana

983 1423 1067 1453 Isaias
1083 1432 1191 1460 quoque
1208 1424 1318 1452 deﬁnite
1335 1424 1369 1451 de
1388 1432 1443 1452 uno
1465 1429 1542 1452 certo
1571 1433 1642 1460 rege,
1666 1425 1711 1460 qui
1734 1432 1767 1452 ex

983 1473 1086 1501 semine
1106 1480 1138 1500 ac
1157 1472 1332 1500 successione
1354 1471 1438 1498 David
1455 1472 1490 1498 sit
1508 1471 1694 1503 suscitandus,
1711 1470 1767 1498 hxc

986 1518 1061 1546 canit
1074 1528 1080 1545 :
1094 1526 1103 1543 ι
1121 1517 1280 1552 Egredietur
1301 1518 1375 1552 virga
1392 1517 1426 1544 de
1440 1516 1531 1543 radice
1556 1515 1643 1548 Jesse,
1668 1523 1695 1543 et
1717 1517 1767 1544 llos

981 1564 1014 1592 de
1034 1565 1126 1591 radice
1151 1564 1211 1598 ejus
1240 1564 1380 1596 ascendet,
1408 1567 1435 1590 et
1454 1563 1609 1597 requiescet
1631 1569 1712 1596 super
1733 1569 1767 1588 eo

981 1610 1094 1644 spiritus
1120 1608 1176 1642 Dei,
1193 1609 1305 1644 spiritus
1331 1609 1469 1644 sapientia:
1483 1613 1511 1636 et
1533 1609 1687 1635 intellectus
1698 1607 1731 1640 ",
1753 1617 1762 1633 ι

980 1661 1007 1683 et
1026 1656 1140 1691 reliqua.
1158 1655 1228 1682 Tum
1244 1655 1352 1690 longius
1368 1662 1542 1691 progressus,
1558 1662 1634 1682 more
1649 1654 1765 1689 prophe-

979 1702 1043 1734 tico,
1060 1706 1234 1729 externarum
1250 1702 1371 1736 gentium
1391 1705 1418 1728 et
1433 1701 1624 1732 barbararum,
1640 1707 1691 1727 nec
1709 1707 1766 1728 non

980 1755 1040 1775 cum
1064 1747 1231 1779 Graecorum,
1258 1751 1315 1774 tum
1332 1746 1542 1782 asperrimorum
1571 1753 1603 1773 ac
1626 1745 1765 1773 ferocissi-

978 1800 1084 1820 morum
1095 1793 1249 1824 hominum,
1273 1792 1392 1819 futuram
1413 1793 1440 1819 in
1456 1792 1536 1819 mites
1554 1795 1761 1826 mansuetosque

981 1847 1071 1867 mores
1091 1847 1124 1866 ex
1145 1839 1270 1866 doctrina
1293 1838 1394 1866 Christi
1418 1838 1607 1870 mutationem,
1631 1837 1764 1873 praedicit.

979 1884 1048 1912 Sunt
1067 1889 1157 1912 autem
1180 1884 1239 1918 ejus
1258 1884 1339 1911 verba
1358 1884 1415 1911 haec
1431 1892 1437 1911 :
1460 1892 1468 1909 ι
1491 1883 1523 1909 Et
1540 1887 1667 1918 pascetur
1681 1883 1763 1910 simul

978 1931 1058 1965 lupus
1077 1938 1139 1957 cum
1154 1937 1234 1965 agno,
1246 1934 1274 1957 et
1289 1929 1391 1965 pardus
1403 1929 1483 1956 simul
1505 1929 1627 1964 quiescet
1638 1936 1699 1956 cum
1713 1929 1763 1956 lue-

976 1977 1012 2004 do
1026 1985 1033 2003 :
1047 1980 1074 2003 et
1090 1976 1191 2004 vitulus
1206 1980 1233 2003 et
1246 1979 1341 2002 taurus
1356 1979 1383 2002 et
1397 1975 1440 2002 leo
1449 1975 1530 2003 simul
1546 1979 1693 2010 pascentur
1701 1967 1734 2006 ³³,
1751 1985 1760 2001 ι

976 2026 1003 2050 et
1021 2022 1073 2049 alia
1091 2021 1133 2049 his
1156 2021 1254 2050 similia
1270 2031 1275 2047 :
1290 2027 1351 2056 qua:
1373 2021 1454 2048 etiam
1470 2028 1486 2048 e
1504 2020 1618 2055 vestigio
1641 2021 1763 2055 planiora

974 2065 1094 2093 efﬁciens
1115 2066 1321 2101 interpretatur,
1336 2066 1382 2092 ubi
1398 2066 1436 2092 ait
1453 2073 1459 2092 :
1480 2075 1489 2091 ι
1506 2065 1538 2092 Et
1549 2065 1612 2097 erit,
1629 2066 1674 2101 qui
1697 2073 1761 2093 sur-

976 2111 1015 2148 git
1036 2111 1070 2139 ad
1091 2111 1278 2146 imperandum
1292 2112 1429 2148 gentibus,
1454 2112 1481 2138 in
1497 2119 1530 2139 eo
1554 2116 1647 2146 gentes
1667 2120 1762 2147 spera-

975 2157 1086 2186 bunt".
1108 2167 1118 2183 ι
1141 2157 1224 2185 Plane
1245 2158 1316 2185 enim
1337 2157 1508 2184 irrationalia
1527 2158 1572 2184 illa
1583 2157 1718 2192 jumenta,
1733 2161 1762 2185 et

975 2211 1044 2238 quas
1064 2203 1119 2230 illic
1140 2202 1263 2238 praedixit
1277 2203 1393 2234 belluas,
1410 2203 1499 2230 nullas
1514 2210 1575 2230 esse
1590 2203 1659 2230 alias
1678 2209 1760 2237 quam

975 2250 1049 2285 ipsas
1066 2253 1160 2285 gentes
1186 2252 1297 2284 propter
1317 2256 1411 2275 earum
1429 2248 1531 2275 ferinos
1551 2255 1651 2280 mores,
1669 2247 1761 2275 decla-

975 2295 1046 2322 ravit
1063 2305 1069 2322 :
1087 2295 1188 2330 quibus
1207 2302 1273 2321 sane
1288 2294 1414 2329 gentibus
1432 2294 1627 2329 imperaturum
1644 2293 1760 2320 allirmat

974 2348 1046 2373 eum,
1070 2340 1115 2375 qui
1140 2339 1227 2374 surgit
1247 2339 1280 2366 de
1295 2339 1398 2366 semine
1416 2338 1492 2366 Jesse
1510 2347 1516 2366 :
1534 2346 1567 2365 ex
1582 2345 1637 2372 quo
1656 2337 1760 2365 semine

975 2387 1100 2414 Salvator
1131 2391 1158 2414 et
1187 2387 1317 2414 Dominus
1350 2391 1444 2413 noster
1472 2386 1604 2413 oriundus
1627 2385 1759 2420 pradica-

972 2437 1026 2465 tur,
1053 2434 1079 2460 in
1119 2441 1198 2468 quem
1227 2436 1331 2468 gentes,
1367 2440 1427 2467 quae
1459 2431 1486 2459 in
1513 2432 1600 2466 ipsum
1631 2431 1756 2463 credunt,

971 2481 1052 2507 etiam
1074 2487 1147 2506 nunc
1173 2484 1292 2513 sperant,
1310 2479 1360 2513 ipsi
1384 2479 1476 2513 utique
1492 2478 1618 2504 vaticinio
1640 2484 1757 2504 consen-

971 2530 1051 2554 tanea
1066 2526 1206 2555 facientes.
1226 2525 1297 2560 quod
1317 2524 1354 2551 ait
1372 2533 1399 2552 ιι
1418 2523 1451 2550 Et
1467 2524 1529 2554 erit,
1542 2523 1586 2557 qui
1606 2523 1691 2558 surgit
1706 2523 1756 2549 im-

971 2580 1066 2608 perare
1090 2572 1225 2607 gentilms.
1250 2571 1277 2598 in
1304 2571 1363 2605 ipso
1379 2576 1473 2605 gentes
1491 2569 1648 2603 sperabunt.
1667 2577 1676 2594 ι
1700 2567 1757 2595 lloe

970 2619 1053 2654 igitur
1074 2618 1204 2654 apponito
1219 2618 1253 2645 iis
1281 2625 1341 2652 qua:
1359 2617 1428 2652 apud
1445 2615 1554 2651 Moysen
1576 2615 1709 2646 feruntur,
1724 2622 1756 2642 ac

968 2664 1139 2699 distinguito.
1156 2664 1187 2691 Et
1202 2663 1267 2690 illud
1287 2663 1396 2697 quidem
1413 2672 1419 2690 :
1440 2672 1448 2687 ι
1467 2662 1534 2692 Ει-ἰι,
1545 2662 1590 2696 qui
1605 2661 1691 2697 surgit
1704 2661 1756 2688 im-

969 2717 1065 2745 perare
1079 2709 1217 2744 gentibus,
1231 2718 1240 2734 ›
1258 2715 1319 2735 cum
1338 2708 1384 2734 illo
1399 2707 1556 2742 componito
1571 2716 1579 2733 :
1597 2716 1607 2732 ι
1628 2706 1758 2742 Egredie-

969 2761 1014 2784 tur
1028 2756 1109 2783 bomo
1129 2755 1160 2782 de
1176 2755 1280 2783 semine
1295 2755 1365 2788 ejus,
1379 2757 1407 2780 et
1421 2753 1605 2780 dominabitur
1627 2753 1754 2788 gentibus

967 2802 1070 2830 multis.
1094 2812 1103 2828 ι
1120 2801 1153 2828 Et
1167 2801 1234 2830 illud
1256 2811 1261 2829 :
1283 2811 1292 2828 ι
1313 2800 1340 2827 In
1362 2800 1421 2835 ipso
1446 2805 1540 2835 gentes
1569 2800 1750 2835 sperabunt,»

966 2856 1028 2876 cum
1059 2848 1130 2876 illo:
1154 2858 1162 2874 ι
1183 2847 1216 2874 Et
1237 2848 1294 2882 ipse
1322 2848 1373 2875 erit
1402 2847 1569 2881 exspectatio
1594 2846 1724 2882 gentium.
1739 2854 1751 2871 ι
