2071 3219
307 212 360 243 I79

646 213 785 242 EUSEBII’
797 215 851 243 C/E
857 215 1035 242 SARIENSIS
1057 215 1100 243 ΟΡ

1153 217 1242 244 PARS
1262 217 1292 245 Il.
1309 232 1343 238 —-
1361 218 1610 248 APOLOGETICA.

1877 223 1928 250 I80

305 275 377 308 Quid
391 275 462 302 enim
478 274 592 302 interest
607 273 729 306 dicasne,
746 275 774 301 in
800 275 860 310 ipso
881 280 976 310 gentes
996 282 1089 310 spera-

1153 277 1270 311 τοταμῶν
1281 277 1332 309 1ἔρως
1346 277 1470 313 περάτων
1486 279 1534 314 τῆς
1549 279 1718 314 οἰκουμένης.
1736 288 1746 306 ι
1761 279 1814 306 Καὶ
1831 277 1926 312 αὖθις·

305 322 385 354 bunt,
402 321 457 356 97
479 328 515 348 an
537 328 601 347 vero
614 329 620 347 :
634 320 692 356 ipse
706 322 758 348 erit
772 323 939 357 exspectatio
952 322 1090 357 gentium?

306 364 412 392 Rursus
435 372 499 392 vero
524 365 593 392 idem
612 365 708 398 Isaias,
724 366 847 393 oratione
863 373 1040 401 progressus,
1057 366 1091 394 de

306 411 418 439 Christo
444 411 501 438 haec
526 411 632 438 divinat
651 419 658 438 :
675 421 683 436 ι
700 410 769 438 Ecce
795 419 864 446 puer
889 419 985 443 meus.
1010 420 1090 447 quem

309 458 376 492 elegi
392 469 398 484 :
417 457 532 485 dilectus
548 465 626 484 mcus
637 477 645 489 ,
662 457 689 483 in
708 465 762 491 quo
779 457 943 492 complacuit
959 453 1011 485 sibi
1027 458 1091 488 ani--

309 512 353 531 ma
370 511 429 530 mea
443 513 449 531 :
466 503 600 538 judicium
616 503 744 538 gentibus
762 503 881 538 proferet
896 504 929 535 ",
947 514 956 530 ι
969 512 1000 531 ac
1016 505 1094 531 dein-

309 558 373 585 ceps
391 549 513 584 atljnngit
529 559 535 577 :
553 559 562 574 ι
575 549 661 576 donec
676 553 757 584 ponat
771 549 798 575 in
816 553 887 576 terra
899 549 1032 584 judicium
1043 570 1050 580 .
1067 554 1094 577 et

309 597 336 624 in
357 596 467 623 nomine
485 596 546 630 ejus
563 601 656 630 gentes
671 595 823 630 sperabunt
836 595 878 622 "z
896 603 905 619 ι
924 596 951 622 in
967 595 1010 622 his
1025 595 1094 622 Pro-

309 642 389 676 pheta
415 641 470 675 jam
497 641 618 668 secundo
640 645 734 675 gentes
759 640 785 667 in
807 639 917 667 Christo
939 645 1095 675 speraturas

310 688 399 722 ponit,
416 694 478 714 cum
507 687 634 721 superius
649 687 715 715 illud
732 687 851 714 dixerit:
873 697 882 712 ι
904 687 931 714 ἰιι
949 687 1009 721 ipso
1030 695 1096 722 gen-

309 737 351 760 tes
363 734 513 768 sperabunt
527 733 559 759 ³⁷.
574 739 583 754 ›
599 731 648 760 llic
665 740 730 760 vero
745 742 750 760 :
766 743 775 759 ‹
791 734 818 759 in
834 734 944 760 nomine
957 734 1016 767 ejus
1031 742 1097 768 gen-

309 783 351 806 tes
366 779 524 814 sperabunt.
544 789 553 804 ›
568 778 656 805 Etiam
674 779 725 814 ipsi
743 778 827 806 David
842 779 945 806 dictum
959 785 1001 806 est
1017 779 1049 813 ³⁸,
1064 779 1097 806 de

311 825 401 852 fructu
416 825 518 852 ventris
532 825 592 858 ejus
607 825 794 852 suscitandum
810 833 871 852 esse
885 825 1029 859 quemdam
1042 845 1048 857 ,
1063 824 1098 852 de

310 878 366 906 quo
382 871 513 906 deinceps
528 871 565 898 ait
579 870 650 898 Deus
664 880 670 897 :
696 880 704 895 ι
722 870 780 905 Ipse
797 871 933 898 invocabit
946 878 1004 901 me,
1021 874 1099 905 pater

311 925 389 944 meus
405 925 434 944 es
452 921 478 943 tu
489 938 496 950 ,
513 921 540 944 et
553 925 603 952 ego
619 917 830 952 primogenitum
845 925 943 952 ponam
961 925 1022 944 eum
1035 917 1068 944 ³³.
1086 927 1094 943 ι

312 962 380 989 Nam
397 962 429 990 de
449 963 500 989 hoc
517 971 613 990 rursus
628 963 730 989 dictum
751 967 793 990 est
809 972 814 989 :
829 971 838 988 ‹
856 962 888 989 ΕΙ.
911 962 1097 990 dominabitur
1112 953 1134 982 Β

313 1015 328 1035 a
345 1009 411 1034 mari
430 1016 516 1042 usque
530 1008 562 1035 ad
581 1016 675 1040 mare,
699 1013 726 1035 et
747 1016 762 1035 a
783 1008 941 1036 [luminibus
962 1016 1049 1043 usque
1063 1009 1096 1036 ad

312 1054 444 1082 terminos
458 1055 532 1081 orbis
546 1058 626 1081 terrm
639 1054 672 1081 ⁸ο.
691 1064 699 1080 ι
714 1053 745 1080 Et
758 1062 854 1082 rursus
869 1064 874 1081 :
891 1064 900 1080 ‹
916 1053 1017 1081 Omnes
1032 1063 1097 1089 gen-

314 1103 355 1127 tes
370 1100 488 1127 servient
502 1100 545 1129 ei.
564 1104 590 1127 et
606 1100 802 1127 benedicentur
818 1100 843 1127 in
861 1105 886 1127 te
898 1108 994 1128 omnes
1009 1101 1097 1128 tribus

313 1150 392 1172 terra:
410 1145 443 1172 “.
462 1155 470 1171 ι
484 1145 616 1172 Praeterea
633 1149 722 1172 autem
747 1145 823 1171 locus
844 1136 952 1180 quidem
974 1149 1066 1172 certus
1083 1152 1098 1171 a

315 1191 429 1218 Michma
445 1191 564 1222 canitur,
582 1191 609 1218 in
627 1199 682 1226 quo
696 1192 719 1218 is
733 1191 856 1218 oriturus
872 1191 922 1223 sit,
941 1192 974 1218 de
989 1199 1044 1226 quo
1060 1191 1099 1218 fe—

313 1241 413 1264 runtur
434 1242 472 1264 tot
494 1237 643 1264 vaticinia:
659 1246 667 1262 ι
685 1236 718 1264 Et
743 1241 782 1267 tu.
807 1237 907 1271 inquit,
929 1237 1097 1269 Belhlehem,

315 1283 413 1310 domus
429 1283 567 1317 Euphrata
578 1304 585 1315 ,
604 1283 716 1309 minima
729 1291 759 1310 es
776 1285 805 1309 ut
820 1283 859 1310 sis
875 1283 902 1309 in
915 1283 1036 1309 millibus
1049 1281 1099 1309 Ju-

315 1329 350 1355 da
364 1338 369 1355 :
383 1336 416 1356 ex
431 1333 456 1355 te
471 1329 537 1355 mihi
551 1328 705 1363 egredietur
717 1328 786 1361 dux,
803 1329 849 1363 qui
864 1333 957 1363 pascet
969 1329 1099 1363 populum

317 1383 407 1402 meum
432 1373 532 1408 Israel,
559 1380 584 1401 et
606 1375 696 1401 exitus
718 1374 778 1409 ejus
798 1374 832 1401 ab
853 1374 931 1401 initio
956 1382 988 1401 ex
1004 1374 1100 1402 diebus

316 1421 408 1448 smenli
420 1421 442 1436 “
457 1429 463 1447 ε
482 1431 490 1446 ι
505 1423 531 1447 et
544 1428 639 1448 omnes
655 1420 831 1452 conﬁtentur,
845 1420 871 1446 in
885 1418 1040 1447 Bethlehem
1055 1419 1100 1446 Je-

317 1475 377 1494 sum
394 1466 532 1493 Christum
548 1474 610 1493 esse
625 1470 730 1493 natum.
749 1466 820 1498 Quin
833 1466 914 1493 etiam
932 1466 1027 1493 incolae
1040 1466 1100 1500 ejus

317 1513 370 1540 loci
386 1513 542 1547 speluncam
558 1512 657 1540 ibidem
673 1517 826 1540 monstrant
840 1512 873 1539 iis
884 1532 891 1545 ,
905 1512 951 1546 qui
966 1513 999 1539 ab
1011 1516 1101 1539 exter-

319 1559 361 1586 nis
382 1558 461 1586 terris
482 1559 607 1585 venerint
626 1558 660 1585 ad
684 1558 882 1593 spectandum:
903 1561 929 1584 et
951 1558 1028 1585 locus
1040 1558 1101 1593 qui-

318 1605 378 1632 dem
394 1604 438 1631 hic
452 1604 497 1631 ubi
515 1609 591 1632 ortus
606 1604 666 1639 ejus
680 1604 788 1632 futurus
802 1604 869 1636 fuit,
884 1603 1031 1639 praedictus
1048 1608 1100 1632 est.

318 1650 407 1685 Ipsius
422 1657 485 1677 vero
500 1654 577 1677 ortus
594 1650 756 1677 miraculum
769 1671 776 1683 ,
795 1657 867 1678 nunc
888 1650 1005 1677 obscure
1023 1657 1054 1676 ac
1073 1649 1103 1676 Ii-

317 1701 431 1732 gurate,
445 1703 519 1723 nunc
532 1696 612 1730 plane
625 1700 652 1723 et
668 1699 761 1730 aperte
775 1695 852 1730 ponit
865 1693 951 1722 Isaias
966 1704 972 1721 :
988 1694 1104 1722 obscure

318 1742 428 1777 quidem
440 1762 447 1773 ,
468 1742 514 1769 ubi
537 1742 591 1769 ait:
610 1751 619 1768 ι
636 1741 751 1769 Domine
762 1762 769 1774 ,
790 1741 852 1776 quis
864 1742 982 1769 credidit
999 1741 1104 1769 auditui

319 1787 435 1815 nostro?
456 1791 483 1814 et
507 1787 651 1814 brachium
675 1787 782 1815 Domini
810 1787 853 1814 cui
878 1787 1025 1815 revelatum
1045 1787 1105 1814 est?

319 1833 543 1862 annuntiavimus
569 1840 660 1860 coram
685 1841 732 1864 eo,
754 1833 833 1868 quasi
855 1833 1004 1867 puerulus,
1025 1832 1104 1867 quasi

319 1879 397 1906 radix
415 1880 443 1906 in
458 1882 531 1906 terra
548 1879 653 1906 sitienti
670 1879 702 1906 ⁵³.
719 1888 728 1904 ι
744 1878 796 1906 Pro
811 1886 866 1913 quo
882 1878 979 1913 Aquila
995 1877 1104 1913 quidem

320 1926 360 1952 sic
382 1925 576 1960 interpretatus
597 1930 657 1953 est:
677 1934 686 1950 ι
704 1925 737 1952 Et
759 1925 954 1960 prtedicabitur
975 1929 1105 1960 tanquam

322 1969 394 2003 quod
413 1970 496 1997 ubere
517 1969 638 1997 nutritur
660 1970 686 1996 in
710 1969 806 1996 faciem
834 1969 909 2003 ejus,
930 1973 957 1999 et
977 1973 1105 2004 tanquam

322 2013 400 2041 radix
414 2013 447 2041 de
458 2018 532 2042 terra
548 2015 631 2042 invia.
647 2024 656 2041 ι
668 2014 838 2042 Theodotion
850 2023 915 2043 vero
927 2024 935 2042 :
947 2024 956 2040 ‹
970 2014 1004 2041 Et
1015 2023 1108 2042 ascen-

322 2059 368 2087 det
383 2060 454 2087 sicut
467 2061 539 2095 quod
554 2061 624 2088 lacte
639 2061 721 2088 alitur
735 2069 826 2088 coram
841 2069 873 2088 eo
883 2081 890 2093 ,
904 2065 931 2088 et
944 2061 1015 2088 sicut
1029 2061 1107 2088 radix

324 2105 351 2134 in
368 2109 438 2132 terra
454 2106 566 2133 sitienti.
584 2115 593 2131 ι
609 2105 659 2133 His
674 2106 746 2133 enim
762 2106 852 2133 verbis
867 2113 927 2133 cum
941 2106 1106 2133 mentionem

324 2151 419 2179 fecerit
433 2152 565 2187 propheta
579 2151 613 2179 de
629 2151 741 2179 brachio
757 2151 863 2178 Domini
876 2172 883 2183 ,
899 2153 970 2186 quod
984 2155 1044 2178 erat
1059 2151 1107 2179 Dei

323 2195 441 2224 Verbum
455 2205 461 2224 :
478 2207 487 2223 ι
498 2197 596 2224 Coram
611 2204 653 2228 eo,
666 2197 769 2231 inquit,
793 2197 1015 2224 annuntiavimus
1029 2197 1106 2231 quasi

322 2243 467 2278 puerulum
493 2243 657 2274 lactentem,
682 2247 709 2270 et
731 2243 778 2277 qui
802 2243 884 2270 ubere
909 2243 1058 2275 nutriatur,
1081 2246 1108 2270 et

323 2288 402 2323 quasi
419 2288 538 2315 radicem
556 2287 589 2314 de
605 2291 678 2315 terra
696 2288 768 2315 invia
782 2297 789 2320 ;
807 2298 815 2314 ι
830 2288 875 2315 ubi
895 2288 1025 2322 puerulus
1046 2288 1108 2323 quis
1123 2304 1144 2332 Β

323 2333 385 2360 dem
402 2333 460 2364 ille,
480 2333 526 2367 qui
542 2333 624 2360 ubere
639 2337 720 2367 atque
736 2333 805 2360 lacte
821 2333 951 2363 nutritur.
970 2334 1049 2368 plane
1062 2341 1108 2360 or-

324 2384 382 2408 tum
399 2379 503 2406 Christi
519 2379 654 2406 declarat.
673 2378 758 2406 Terra
774 2387 839 2408 vero
855 2379 926 2406 invia
943 2383 969 2406 et
992 2379 1105 2412 sitiens,

322 2425 379 2460 98
393 2425 525 2460 virginem
549 2432 609 2460 qua:
630 2425 705 2451 illum
729 2425 809 2452 enixa
824 2429 880 2457 est,
904 2433 985 2460 quam
1003 2426 1108 2453 scilicet

323 2470 415 2497 nullus
429 2471 471 2497 vir
486 2469 553 2497 adiit
563 2490 570 2502 ,
584 2469 617 2497 de
631 2478 684 2504 qua
698 2471 822 2504 quamvis
838 2471 910 2498 invia
921 2490 929 2503 ,
942 2471 1051 2498 laudata
1064 2471 1109 2498 illa

324 2516 401 2543 radix
424 2516 543 2550 prodiit.
566 2519 593 2543 et
616 2516 662 2551 qui
686 2516 789 2549 ubere,
811 2517 935 2552 lacteque
958 2517 1109 2544 nutriretur

323 2562 466 2596 puerulus.
485 2561 585 2590 Verum
602 2562 660 2590 haec
677 2563 836 2591 adumbrate
854 2562 1000 2589 admodum
1023 2562 1108 2598 signi-

324 2606 433 2635 ﬁcavit:
458 2607 581 2642 apertius
604 2614 670 2635 vero
692 2607 762 2638 idem
786 2607 920 2642 propheta
946 2607 1107 2634 sententiam

324 2657 401 2678 suam
425 2650 631 2685 interpretatur,
648 2651 694 2680 ubi
712 2652 749 2678 ait
763 2661 769 2678 :
785 2661 794 2676 ‹
811 2651 882 2678 Ecce
895 2651 972 2686 virgo
987 2650 1013 2676 in
1032 2654 1109 2677 utero

324 2695 428 2730 capiet,
443 2700 471 2725 et
487 2697 574 2731 pariet
591 2697 675 2725 lilium
685 2716 692 2730 ,
705 2701 732 2727 et
745 2697 881 2726 vocabunt
896 2704 996 2727 nomen
1025 2695 1084 2729 eius
1097 2704 1106 2721 ι

359 2773 381 2788 ³³
398 2773 449 2800 lsa.
463 2781 529 2804 xui,
545 2775 569 2801 Ι.

325 2807 346 2824 *⁸
374 2809 439 2841 ibid.
456 2809 498 2839 II,
514 2809 556 2837 I7.
594 2809 616 2826 ⁸³
630 2810 710 2837 Mich.
729 2818 754 2840 ν.
773 2809 799 2840 2,
838 2810 859 2825 ⁸³
873 2809 924 2837 Isa.
943 2817 1001 2840 LIII,
1020 2809 1081 2842 ιβ,

361 2891 397 2924 (I)
419 2890 494 2921 Μῦς..
513 2892 567 2926 Τῆς
584 2892 611 2918 δὲ
622 2892 754 2926 γενέσεως
768 2890 850 2917 αὐτοῦ
865 2890 894 2916 τὸ
917 2889 1030 2926 θαῦμαι
1046 2888 1110 2926 ποτὲ

327 2926 375 2964 μὲν
386 2925 418 2958 δι’
430 2923 606 2962 αἰνιγμάτων,
623 2923 685 2954 ποτὲ
700 2926 727 2953 δὲ
741 2926 786 2952 καὶ
798 2926 956 2965 λευκότερον
969 2923 983 2951 ὁ
1000 2923 1111 2954 Ἡσαΐας

607 2774 630 2790 ³⁸
643 2774 708 2802 ibid.
721 2775 747 2803 4.
786 2775 806 2789 ³⁷
823 2773 874 2802 Isa.
889 2774 984 2805 v.10.
1021 2773 1043 2790 ³³
1054 2773 1074 2800 II
1085 2775 1151 2809 Reg.

1145 333 1153 348 ι
1166 323 1258 349 Πάντα
1271 323 1305 350 τά
1329 323 1391 359 ἔθνη
1408 323 1594 351 δουλεύσουσιν
1611 324 1700 359 αὐτῷ,
1718 325 1764 351 καὶ
1787 325 1929 361 ὲνευλογη-

1142 369 1269 404 Θήσονται
1287 370 1315 395 ὲν
1329 370 1370 396 σοὶ
1382 370 1466 396 πᾶσαι
1483 371 1510 397 αἱ
1525 370 1604 404 φυλαὶ
1619 371 1669 405 τῆς
1682 371 1741 406 γῆς.
1757 383 1765 396 ι
1782 371 1837 398 Καὶ
1848 371 1928 403 τόπος

1141 415 1169 442 δέ
1186 423 1228 446 τις
1244 416 1325 442 πάλιν
1339 416 1528 452 ἀφωρισμένος
1551 416 1601 450 τῆς
1623 416 1669 443 τοῦ
1691 417 1928 452 προφητευομένου

1142 461 1274 495 γενέσεως
1288 461 1444 493 θεσπίζεται
1455 462 1506 488 ὑπὸ
1513 462 1627 497 Μιχαίου
1636 462 1769 496 λέγοντος
1787 473 1795 488 ι
1811 464 1866 490 Καὶ
1883 464 1925 496 σὺ,

1145 507 1277 543 Βηθλεὲμ,
1289 506 1362 539 οἶκος
1370 507 1416 534 τοῦ
1433 507 1573 542 Εὐφραοᾶ,
1584 507 1720 541 ὀλιγοστὸς
1728 506 1753 534 εἶ
1766 508 1813 534 τοῦ
1823 506 1891 534 εἶναι
1900 510 1928 535 ὲν

1143 552 1260 587 χιλιάσιν
1277 553 1379 578 Ἰούδα·
1398 552 1430 578 ὲκ
1442 552 1489 579 σοῦ
1510 561 1555 588 μοι
1579 553 1746 584 ἐξελεύσεται
1769 552 1928 588 ἡγούμενος,

1145 601 1218 631 ὅστις
1235 601 1362 635 ποιμανεῖ
1379 599 1424 626 τὴν
1449 600 1513 626 λαόν
1541 609 1589 635 μου
1613 600 1658 626 τὸν
1685 600 1808 635 Ἰσραήλ·
1836 601 1883 626 καὶ
1903 601 1930 626 αἱ

1145 644 1227 676 ἔξοδοι
1244 644 1325 670 αὐτοῦ
1345 644 1471 680 ἀπαρχῆς
1494 644 1523 677 ἐξ
1540 644 1649 679 ήμερῶν
1673 644 1778 676 αἰῶνος.
1792 654 1800 670 ι
1822 645 1931 679 Ὠμολόσ

1145 698 1228 725 γηται
1241 689 1269 716 δὲ
1287 689 1363 725 παρὰ
1380 691 1436 721 τοῖς
1449 691 1541 721 πᾶσιν,
1561 690 1602 716 ὅτι
1618 690 1646 715 ὲν
1664 689 1788 725 Βηθλεὲμ
1801 689 1930 725 ἐγεννήθη

1152 735 1256 770 Ἰησοῦς
1267 737 1280 761 ὁ
1294 735 1419 771 Χριστὸς,
1435 736 1472 767 ὡς
1484 736 1531 762 καὶ
1547 735 1677 771 σπήλαιον
1692 736 1845 762 δείκνυσθαι
1865 736 1932 772 πρὸς

1146 780 1204 808 τῶν
1215 780 1367 816 ἐπιχωρίων
1383 781 1474 807 αὐτόθι
1486 783 1541 813 τοῖς
1553 781 1600 807 ἐπὶ
1614 781 1678 807 θέαν
1691 781 1744 807 ἀπὸ
1759 781 1808 816 τῆς
1817 781 1930 808 ἀλλοδα-

1148 826 1202 861 πῆς
1212 826 1428 861 ἀφικνουμένοις.
1445 826 1499 853 Καὶ
1514 827 1528 852 ὸ
1547 827 1594 862 μὲν
1607 827 1688 858 τόπος
1704 824 1790 860 οὗτος,
1811 827 1875 855 ἔνθα
1888 837 1934 862 γε-

1148 872 1293 907 γεννῆσθαι
1306 872 1427 907 ἔμελλεν,
1441 873 1588 908 προείρητο
1597 882 1603 888 ·
1616 874 1658 905 τίς
1673 874 1701 900 δὲ
1712 873 1758 900 καὶ
1775 874 1934 910 λευκότερον

1148 919 1162 944 ό
1181 918 1293 949 Ἡσαΐας
1310 919 1474 954 παρίστησι,
1495 919 1527 946 δι’
1543 921 1710 955 αἰνιγμάτων
1729 920 1778 956 μὲν
1799 920 1854 956 (ί),
1871 921 1935 947 ὅταν

1148 963 1230 998 λέγῃ·
1249 973 1259 988 ‹
1279 963 1374 998 Κύριε,
1392 964 1433 995 τίς
1447 965 1590 991 ἐπίστευσε
1608 967 1640 1000 τῇ
1660 966 1728 1001 ἀκοῇ
1749 965 1837 1001 ἡμῶν,
1862 967 1907 993 καὶ
1921 967 1935 992 6

1149 1008 1266 1045 βραχίων
1295 1010 1397 1045 Κυρίου
1428 1010 1479 1036 τίνι
1507 1010 1706 1046 ἀπεκαλύφθη;
1736 1012 1935 1046 ἀνηγγείλαμεν

1149 1055 1267 1083 ἐναντίον
1283 1055 1365 1082 αὑτοῦ
1380 1056 1417 1088 ὡς
1434 1057 1547 1088 παιδίον,
1565 1057 1602 1086 ὡς
1619 1057 1679 1093 ῥίζα
1696 1058 1725 1084 ὲν
1745 1059 1780 1092 γῇ
1795 1057 1910 1093 διψώσῃ.
1923 1067 1932 1084 t

1155 1101 1224 1128 ‘AVB‘
1238 1099 1268 1128 οὗ
1288 1103 1302 1129 ὁ
1322 1102 1370 1137 μὲν
1396 1102 1511 1134 Ἀκύλας
1531 1104 1703 1138 ήρμήνευσεν
1726 1103 1826 1134 οὕτως·
1853 1113 1861 1129 ι
1883 1104 1937 1130 Καὶ

1150 1147 1368 1183 ἀναρρηθήσεται
1381 1149 1418 1180 ὡς
1431 1148 1612 1184 τιτθιζόμενον
1627 1150 1666 1180 εἰς
1683 1149 1825 1184 πρόσωπον
1839 1148 1933 1179 αὑτοῦ,

1150 1193 1197 1219 καὶ
1221 1193 1259 1224 ὡς
1275 1193 1336 1228 ῥίζα
1363 1194 1416 1220 ἀπὸ
1439 1195 1490 1229 γῆς
1517 1194 1617 1220 ἀϐάτου
1636 1203 1642 1210 ’
1659 1204 1668 1219 ι
1687 1195 1701 1220 ὁ
1722 1194 1750 1220 δὲ
1771 1193 1934 1220 Θεοδοτίων·

1153 1249 1161 1264 ι
1177 1238 1223 1265 καὶ
1249 1239 1414 1274 ἀναϐήσεται
1435 1239 1472 1270 ὡς
1494 1239 1608 1275 θηλὰζον
1630 1239 1742 1266 ἐνώπιον
1771 1239 1869 1271 αὑτοῦ,
1890 1239 1937 1265 καὶ

1150 1285 1187 1316 ὡς
1201 1284 1262 1320 ῥίζα
1273 1287 1301 1312 ὲν
1313 1287 1348 1320 γῇ
1360 1285 1472 1321 διψώσῃ.
1489 1295 1496 1311 ι
1510 1285 1559 1312 Διὰ
1573 1285 1625 1321 γὰρ
1637 1285 1737 1312 τούτων
1751 1285 1938 1320 μνημονεύσας

1151 1331 1164 1356 ὁ
1181 1331 1322 1367 προφήτης
1339 1331 1384 1358 τοῦ
1407 1331 1546 1366 βραχίονος
1569 1331 1615 1357 τοῦ
1634 1331 1752 1366 Κυρίου,
1767 1331 1796 1362 ὃς
1811 1329 1845 1366 ἦν
1860 1332 1874 1357 ὁ
1890 1330 1937 1358 τοῦ

1152 1377 1218 1403 Θεοῦ
1233 1377 1320 1411 λόγος,
1335 1387 1343 1402 ι
1361 1377 1490 1404 Ἐνώπιον
1505 1377 1598 1408 αὑτοῦ,
1615 1387 1623 1402 t
1646 1378 1738 1412 φησὶν,
1755 1386 1764 1402 ι
1777 1377 1939 1412 ἀνηγγείὶα-

1154 1432 1203 1458 μεν
1219 1424 1256 1455 ὼς
1277 1423 1381 1450 παιδίον
1404 1423 1518 1459 θηλάζον
1536 1425 1581 1450 καὶ
1609 1424 1808 1459 τιτθιζόμενον,
1830 1424 1877 1450 καὶ
1901 1424 1939 1455 ὡς

1154 1469 1230 1504 ῥίζαν
1243 1469 1296 1496 ἀπὸ
1310 1470 1361 1504 γῆς
1374 1469 1484 1495 ἀϐάτου.
1498 1479 1506 1494 ι
1522 1470 1558 1495 Τὸ
1573 1470 1620 1504 μὲν
1633 1468 1679 1495 οὖν
1694 1469 1798 1496 παιδίον
1810 1469 1840 1494 τὸ
1854 1468 1939 1495 τιτθι-

1153 1513 1265 1550 ζόμενον
1277 1515 1324 1541 καὶ
1342 1514 1457 1549 θηλάζον
1473 1515 1601 1550 ἄντικρυς
1616 1515 1665 1550 τὴν
1684 1515 1788 1549 γένεσιν
1810 1514 1857 1540 τοῦ
1873 1515 1940 1549 Χρι-

1156 1559 1218 1586 στοῦ
1232 1560 1319 1595 δηλοῖ·
1339 1561 1355 1594 ἡ
1371 1560 1398 1586 δὲ
1408 1560 1443 1595 γῆ
1458 1560 1557 1591 ἄϐατος
1571 1560 1618 1585 καὶ
1632 1560 1735 1594 διψῶσα
1750 1560 1798 1594 τὴν
1817 1560 1938 1595 ἀποκυή-

1155 1613 1238 1631 σαπαν
1263 1605 1343 1631 αὑτὸν
1361 1604 1491 1640 παρθένον
1506 1624 1512 1635 ,
1570 1604 1655 1635 οὐδεὶς
1672 1604 1740 1639 ἀνὴρ
1763 1603 1939 1638 ἐπιϐέϐηκεν,

1155 1651 1200 1685 dtzp’
1219 1648 1263 1686 ἦς,
1288 1649 1387 1684 καίπερ
1411 1649 1510 1676 ἀϐάτου
1538 1649 1745 1684 τυγχανούσης,
1764 1648 1897 1684 προῆλθεν
1923 1649 1940 1683 ἡ

1155 1695 1324 1731 εὐλογημένη
1349 1694 1420 1730 ῥίζα,
1442 1696 1489 1722 καὶ
1504 1695 1534 1721 τὺ
1555 1694 1737 1729 τιτθιζόμενον
1755 1694 1802 1720 uel.
1824 1693 1940 1729 θηλάζον

1155 1742 1269 1769 παιδίον.
1295 1741 1373 1768 Ἀλλὰ
1396 1741 1482 1768 ταῦτα
1505 1741 1554 1776 μὲν
1579 1740 1800 1775 ὲπεσχιασμένως
1815 1739 1939 1775 ᾐνίξατο·

1155 1787 1320 1823 γυμνότερον
1337 1787 1364 1813 δὲ
1378 1787 1392 1813 ὁ
1407 1786 1487 1818 αὐτὸς
1502 1785 1646 1821 ἐρμηνεύει
1660 1786 1804 1821 προφήτης
1818 1785 1867 1820 τὴν
1883 1785 1939 1811 διάσ

1155 1841 1239 1863 νοιαν,
1261 1833 1302 1858 ἐπ’
1320 1832 1351 1859 ἂν
1375 1832 1461 1868 λέγῃ’
1481 1841 1490 1856 ι
1512 1831 1576 1857 Ἰδοὺ
1597 1832 1613 1864 ἡ
1638 1830 1770 1865 παρθένος
1793 1831 1822 1857 ὲν
1843 1831 1941 1865 γαστρὶ

1155 1877 1280 1912 λήψεται,
1296 1877 1343 1904 καὶ
1357 1876 1465 1909 τέξεται
1489 1876 1546 1902 υἱὸν
1557 1897 1563 1908 ,
1582 1876 1627 1901 καὶ
1644 1875 1786 1902 καλέσουσι
1801 1875 1832 1901 τὸ
1855 1875 1940 1909 ὖνομα

1156 1923 1236 1951 αὐτοῦ
1262 1923 1321 1957 μεθ’
1339 1922 1416 1957 ἡμῶν
1431 1923 1444 1948 ὁ
1459 1921 1534 1953 Θεός.
1549 1932 1557 1946 ι
1573 1922 1656 1948 Τοῦτο
1672 1921 1726 1956 γὰρ
1749 1920 1894 1956 ἐρμηνεύει
1912 1919 1943 1946 τὸ

1159 1977 1168 1994 ι
1191 1968 1371 2003 Ἐμμανουήλ.
1388 1977 1396 1993 t
1411 1967 1529 1994 Τοιαῦτα
1537 1968 1600 2003 περὶ
1615 1967 1712 2002 τῆςείς
1729 1966 1888 2002 ἀνθρώπους
1898 1973 1942 2001 γε·

1156 2014 1256 2045 νέσεως
1270 2013 1317 2039 τοῦ
1335 2012 1451 2048 Χριστοῦ
1473 2012 1554 2038 πάλαι
1579 2012 1710 2047 πρότερον
1725 2012 1788 2046 παρ’
1809 2010 1942 2046 Ἑϐραίοις

1158 2058 1360 2094 μεμελετάσοω,
1388 2059 1460 2093 Μήτι
1479 2056 1524 2084 οὖν
1542 2057 1662 2089 ἐπίδοξόν
1684 2066 1745 2083 τινα
1765 2057 1909 2092 δυνάστην,
1925 2056 1941 2091 ἢ

1157 2103 1304 2139 τύραννον,
1322 2103 1339 2138 ή
1361 2111 1422 2132 τινα
1442 2102 1528 2135 ἄλλως
1548 2102 1602 2129 τῶν
1619 2103 1651 2129 τὰ
1671 2102 1775 2137 μεγάλα
1799 2100 1870 2128 κατά
1899 2101 1943 2127 τὸν

1158 2149 1214 2185 βίον
1230 2149 1395 2183 δυναμένων,
1406 2149 1451 2174 τὸν
1470 2148 1705 2184 προφητευόμενον
1722 2146 1943 2182 ὑπογράφουσινς

1157 2195 1206 2221 οὐκ
1222 2194 1295 2220 ἐστιν
1312 2195 1415 2220 εἰπεῖν·
1429 2194 1469 2220 ὅτι
1488 2194 1554 2228 μηδὲ
1568 2193 1652 2228 ἐφάνη
1665 2192 1793 2222 τοιοῦτος.
1808 2191 1876 2217 Ἀλλ’
1890 2188 1945 2222 οἷος

1158 2242 1242 2276 ἐφάνη
1255 2241 1293 2276 τῷ
1310 2240 1369 2275 βίῳ,
1381 2240 1499 2270 τοιοῦτον
1513 2239 1591 2266 αὐτὸν
1607 2238 1654 2265 καὶ
1667 2238 1811 2264 ἐθέσπισαν
1825 2237 1943 2267 ἔσεσθαι,

1157 2287 1206 2321 τῆς
1238 2285 1366 2321 ἀληθείαις
1393 2286 1451 2317 κατ’
1477 2285 1552 2312 οὐδὲν
1583 2283 1816 2318 ἀπολελειμμένοι.
1853 2281 1944 2308 Εἰπὼν

1157 2332 1179 2360 δ’
1195 2330 1241 2358 οὖν
1257 2332 1271 2358 ὁ
1283 2332 1395 2362 Ἡσαΐας
1405 2340 1411 2346 ·
1423 2341 1431 2355 ι
1445 2330 1654 2365 ’Λνηγγείλαμεν
1671 2329 1783 2356 ἐνώπιον
1799 2327 1892 2358 αὐτοῦ,
1908 2327 1946 2358 ὡς

1161 2378 1275 2409 παιδίον,
1292 2377 1329 2409 ὡς
1344 2377 1405 2412 ῥίζα
1422 2378 1450 2403 ἐν
1463 2377 1498 2413 γῇ
1515 2375 1633 2411 διψώσῃι
1656 2384 1665 2400 ›
1682 2374 1743 2408 ἑξῆς
1760 2374 1887 2402 συνάπτει
1903 2373 1947 2398 λέ-

1161 2433 1230 2459 γων·
1248 2434 1257 2449 ί
1271 2424 1327 2451 Οὐκ
1342 2423 1415 2450 ἐστιν
1435 2420 1504 2453 εἶδος
1519 2421 1592 2456 αὺτῴ
1608 2421 1668 2448 οὐδὲ
1681 2421 1759 2453 δόξα·
1778 2420 1824 2446 καὶ
1840 2418 1945 2454 εἴδομεν

1162 2470 1254 2501 αὐτὸν,
1275 2470 1321 2496 καὶ
1335 2469 1385 2495 οὐκ
1401 2465 1472 2503 εἶχεν
1490 2464 1559 2501 εἶδος
1586 2466 1645 2494 οὐδὲ
1660 2465 1756 2497 κάλλος
1766 2473 1772 2479 ”
1798 2465 1845 2492 καὶ
1861 2462 1894 2499 ἦν
1917 2464 1947 2490 τὸ

1162 2513 1231 2546 εἶδος
1253 2513 1335 2541 αὑτοῦ
1358 2513 1453 2548 ἄτιμον
1477 2512 1523 2539 καὶ
1547 2511 1669 2538 ἐκλεῖπον
1684 2510 1758 2545 παρὰ
1785 2509 1847 2540 τοὺς
1873 2509 1947 2540 υἱοὺς

1161 2559 1214 2587 τῶν
1231 2557 1392 2594 ἀνθρώπων.
1410 2556 1577 2591 Ἄνθρωπος,
1591 2557 1620 2583 ὲν
1633 2555 1723 2590 πληγῇ
1741 2553 1788 2585 ὢν,
1804 2553 1851 2580 καὶ
1869 2552 1946 2583 εἰδὼς

1162 2605 1253 2639 φέρειν
1273 2603 1424 2638 μαλακίαν.
1443 2601 1592 2636 ἡτιμάσθη,
1610 2601 1656 2627 καὶ
1675 2600 1724 2626 οὐκ
1739 2598 1873 2633 ἐλογίσθη.
1888 2607 1897 2623 ι
1915 2598 1946 2623 Τί

1161 2648 1207 2676 οὖν
1229 2649 1351 2675 λείπεται
1379 2648 1425 2681 ἐπὶ
1447 2646 1565 2678 τούτοις;
1589 2646 1620 2672 Εἰ
1644 2646 1697 2681 γὰρ
1713 2645 1840 2680 προεῖπον
1863 2642 1946 2672 αὑτοῦ

1163 2695 1266 2730 φυλὴν,
1289 2694 1336 2721 καὶ
1361 2693 1455 2728 γένος,
1479 2693 1527 2721 καὶ
1541 2692 1640 2728 τρόπον
1656 2691 1804 2726 γενέσεως,
1830 2690 1875 2716 καὶ
1898 2688 1947 2723 τῆς

1171 2781 1218 2803 vn,
1233 2771 1274 2799 12.
1313 2772 1334 2787 ³³
1351 2771 1422 2798 Psal.
1435 2778 1566 2801 Lxxxvm,
1578 2769 1673 2800 27,28.
1712 2769 1734 2785 ⁸ο
1750 2768 1820 2796 Psal.
1834 2775 1908 2799 Lul,
1919 2766 1946 2793 8.

1164 2887 1321 2922 παρίστησι,
1339 2885 1370 2912 δι’
1385 2884 1551 2920 αἰνιγμάτων
1567 2884 1626 2918 μέν,
1643 2891 1670 2912 κ.
1692 2891 1716 2909 τ.
1731 2883 1766 2914 λ.,
1784 2886 1810 2909 et
1829 2882 1869 2910 sic
1885 2881 1947 2917 legit

1166 2928 1310 2957 tuterpres.
