2071 3219
191 213 239 242 lsi

643 215 967 245 DEMONSTRATIONIS
987 204 1214 244 ΕνΑΝςΕιιωΕ
1235 215 1298 242 LIB.
1320 213 1366 241 ΙΙΙ.

1753 212 1800 240 189

191 272 333 308 Παρθένου
351 273 382 300 τδ
399 273 489 309 θαῦμα
508 275 555 301 καὶ
572 275 629 310 βίου
650 276 763 312 τρόπον,
782 275 926 302 ἀκόλουθον
943 275 969 311 ἧι

1027 275 1172 302 Nobiscum
1185 274 1265 305 Deus,
1279 274 1329 300 hoc
1340 272 1412 300 enim
1422 271 1573 307 signiﬁcate
1586 270 1782 298 Emmanuel“.
1792 281 1801 297 ι

147 317 150 319 ’
189 318 253 354 ἑξῆς
269 318 339 354 μηδὲ
350 318 400 354 τὴν
415 319 540 356 τελευτὴν
557 321 748 356 ἀποσιωπῆσαι
768 321 858 347 αὑτοῦ.
877 322 909 348 Τί
927 319 974 348 οὖν

189 366 236 391 καί
257 365 322 400 περὶ
347 365 449 401 ταύτης
477 366 590 398 Ἡσαΐας
614 367 752 400 θεσπίζει;
772 377 780 393 ι
801 367 972 402 Ἀνθρωπος,

189 411 271 446 φησιν
282 431 289 443 ,
310 412 340 438 ὲν
354 411 444 447 πληγῇ
461 411 514 444 ὢν,
543 413 589 439 καὶ
617 412 694 445 εἰδὼς
710 413 804 449 φέρειν
821 414 954 448 μαλακίαν
965 433 972 446 ,

187 455 326 491 ἡτιμάσθη
350 456 397 483 καὶ
417 457 467 483 οὐκ
502 457 637 493 ἐλογίσθη.
666 455 750 490 Οὗτος
770 458 819 490 τὰς
839 458 974 494 ἁμαρτίας

187 502 267 537 ἡμῶν
291 503 384 538 φέρει,
409 503 455 529 καὶ
472 504 536 538 περὶ
554 504 632 539 ἡμῶν
661 504 802 531 sativa-.4”
821 505 867 531 καὶ
895 506 973 540 ἡμεῖς

187 548 370 583 ἐλογισάμεθα
386 549 465 576 αὑτὸν
482 548 550 576 εἶναι
566 551 593 577 ἐν
611 551 683 585 πόνῳ
698 551 742 577 καὶ
761 551 790 576 ὲν
808 551 910 586 πληγῇ,
927 551 973 576 καὶ

187 595 216 621 ὲν
233 594 368 620 κακώσει·
385 595 465 626 αὐτὸς
479 595 507 621 δὲ
533 596 734 632 ὲτραυματίσθη
756 596 800 623 διὰ
819 596 868 628 τὰς
884 597 973 632 ἁμαρ-

186 640 248 671 τίας
262 640 350 675 ἡμῶν,
367 640 414 667 καὶ
428 640 627 676 μεμαλάκισται
637 641 680 668 διὰ
694 641 743 673 τὰς
759 642 873 676 ἀνομίας
884 642 970 677 ἡμῶν.

186 685 301 712 Παιδεία
315 685 426 721 εἰρήνης
442 685 520 721 ἡμῶν
534 687 576 712 ἐπ’
593 686 684 718 αὑτὸν,
701 686 740 721 τῷ
756 686 868 722 μώλωπι
890 686 971 712 αὑτοῦ

185 733 267 767 ἡμεῖς
291 732 415 768 ίάθημεν.
440 733 543 764 Πάντες
564 733 601 764 ὼς
620 733 742 768 πρόϐατα
761 732 951 768 ἐπλανήθημεν
963 752 970 764 ,

186 778 233 804 καὶ
247 778 348 816 Κύριος
364 778 520 814 παρέδωκεν
539 777 621 805 αὐτὸν
636 780 696 810 ταῖς
710 778 857 814 ἁμαρτίαις
876 778 953 813 ἡμῶν
963 786 969 793 ·

184 825 234 850 καὶ
247 824 327 855 αὐτὸς
341 824 384 850 διὰ
400 825 430 851 τὸ
445 824 620 851 κεκακῶσθαι
636 825 685 850 οὐκ
708 824 808 858 ἀνοίγει
831 825 862 851 τὸ
886 825 971 859 στόμα

185 869 280 895 αὐτοῦ.
305 870 347 901 Ὠς
363 870 496 905 πρόϐατον
512 870 559 896 ἐπὶ
576 869 681 905 σςαγὴν
693 869 772 905 ἤχθη,
781 871 827 896 καὶ
838 870 876 901 ὡς
887 871 970 905 ἀμνὸς

183 915 275 941 ἔναντι
291 914 337 941 τοῦ
356 915 492 951 κείροντος
513 915 628 950 ἄφωνος,
648 915 732 946 οὕτως
753 915 803 941 οὐκ
824 916 924 949 ἀνοίγει
941 916 971 942 τὸ

1027 321 1102 348 Talia
1119 321 1152 347 de
1165 320 1267 348 Christi
1283 319 1355 354 apud
1370 318 1493 346 homines
1509 317 1615 352 origine
1630 317 1734 351 antiqui
1752 315 1801 343 lle-

1024 367 1160 394 brzeorum
1183 366 1321 402 propheta:
1344 364 1552 391 meditabantur.
1576 362 1705 396 Nunquid
1723 362 1802 396 igitur

1024 413 1156 440 illustrem
1175 412 1318 447 quemdam
1334 411 1483 446 principem
1495 430 1502 441 ,
1521 412 1567 436 aut
1581 414 1724 444 tyrannum
1736 427 1743 438 ,
1758 411 1802 434 aut

1023 458 1125 493 alioqui
1151 466 1235 485 unum
1259 465 1371 491 eorum,
1398 455 1445 490 qui
1470 455 1616 489 plurimum
1642 457 1755 488 possunt
1776 454 1803 479 in

1023 504 1096 535 vita,
1121 511 1183 530 eum
1205 503 1238 530 de
1260 509 1314 537 quo
1337 502 1522 528 vaticinantur
1544 499 1724 527 describunt?
1749 506 1803 525 non

1023 553 1113 584 potest
1127 549 1198 575 dici:
1216 549 1344 582 quoniam
1362 554 1395 573 ne
1417 545 1542 580 apparuit
1562 544 1671 579 quidem
1695 542 1800 577 aliquid

1023 595 1084 622 tale.
1098 595 1150 622 Sed
1165 595 1253 629 qualis
1268 594 1325 628 ipse
1339 593 1414 620 visus
1427 596 1468 619 est
1481 592 1535 618 vita
1547 612 1553 623 ,
1568 591 1648 617 talem
1662 590 1725 616 item
1741 596 1804 615 eum

1024 641 1080 668 fore
1097 641 1273 672 cecinerunt,
1290 639 1341 666 hac
1359 638 1452 672 utique
1467 638 1494 663 in
1517 645 1546 663 re
1565 636 1634 662 nihil
1654 643 1669 661 a
1690 635 1803 661 veritate

1023 687 1192 714 aberrantes.
1215 685 1362 720 Postquam
1375 692 1439 719 ergo
1453 683 1536 710 Isaias
1557 683 1624 710 dixit
1639 692 1645 708 :
1664 691 1673 706 ι
1688 681 1803 708 Annun-

1022 732 1150 760 tiavimus
1171 739 1262 758 coram
1283 738 1335 762 eo,
1355 730 1433 764 quasi
1455 729 1603 763 puerulus,
1626 727 1705 762 quasi
1726 725 1803 752 radix

1022 779 1050 805 in
1072 783 1143 805 terra
1168 777 1273 805 sitienti
1293 777 1326 809 “,
1344 786 1353 802 ι
1369 776 1498 810 deinceps
1521 774 1662 809 adjungit,
1688 773 1800 799 dicens:

1025 833 1034 850 ‹
1049 824 1107 851 Νοη
1131 831 1173 851 est
1197 824 1301 858 species
1325 823 1366 856 ei,
1393 830 1481 857 neque
1502 821 1610 856 gloria:
1631 823 1658 847 et
1680 819 1801 846 vidimus

1022 878 1082 898 eum
1092 890 1098 901 ,
1110 874 1138 897 et
1153 877 1206 897 non
1222 869 1317 896 habuit
1329 869 1445 905 speciem
1458 875 1544 902 neque
1557 865 1799 901 pulchritudinem:

1022 919 1050 942 ct
1066 914 1117 941 fuit
1131 914 1236 949 species
1253 913 1313 948 ejus
1331 913 1390 940 sine
1404 913 1509 938 honore
1523 911 1654 938 deﬁciens
1668 917 1722 944 pra:
1739 909 1800 935 ﬁliis

184 959 288 994 στόμα·
314 960 363 995 τὴν
381 960 476 994 γενεὰν
503 959 584 985 αὑτοῦ
607 959 649 990 τίς
674 959 846 994 διηγήσεται;
869 959 909 984 ὅτι
931 958 969 984 αἴ-

1024 961 1174 987 IIominum.
1189 959 1276 987 Homo
1287 967 1347 986 cum
1362 959 1438 993 plaga
1452 961 1541 988 esset,
1556 957 1645 984 sciens
1659 956 1729 983 ferre
1743 955 1802 981 lan-

185 1013 261 1040 ρεται
289 1005 342 1032 ἀπὺ
362 1006 412 1040 τῆς
431 1005 483 1040 γῆς
508 1006 525 1040 ἡ
544 1005 599 1040 ζωὴ
616 1004 713 1031 αὑτοῦ·
736 1014 745 1030 ›
760 1004 805 1030 καὶ
831 1004 864 1030 τὰ
881 1004 970 1030 λοιπά.

184 1050 315 1085 Σημαίνει
344 1051 373 1077 δὲ
401 1050 444 1077 διὰ
479 1051 599 1080 τούτων,
631 1050 668 1082 ὡς
704 1050 756 1085 ἄρα
787 1050 801 1076 ὁ
833 1051 969 1086 Χριστὸς,

182 1095 263 1126 ἐκτὸς
302 1096 392 1131 πάσης
424 1097 553 1132 ὑπάρχων
586 1095 790 1131 πλημμελείας,
820 1096 869 1127 τὰς
902 1097 971 1132 ὑπὲρ

183 1141 335 1177 ἀνθρώπων
368 1143 506 1178 ἁμαρτίας
537 1144 576 1174 εἰς
607 1143 701 1168 ἑαυτὸν
731 1142 897 1174 ἀναδέξεται.
927 1143 971 1168 Διὸ

183 1189 231 1214 καὶ
273 1187 396 1214 πείσεται
431 1187 464 1214 τὰ
502 1188 555 1214 τῶν
593 1187 791 1223 ἡμαρτηκότων
824 1187 871 1214 καὶ
902 1188 971 1223 ὑπὲρ

182 1233 261 1268 ἡμῶν
277 1232 480 1268 ὀδυνηθήσεται,
494 1233 550 1260 ἀλλ’
564 1234 613 1268 οὐχ
624 1233 694 1268 ὑπὲρ
711 1232 818 1259 ἑαυτοῦ.
836 1233 867 1258 EE
883 1233 911 1259 δὲ
925 1233 971 1259 καὶ

181 1279 450 1314 τραυματισθήσεται
477 1279 566 1313 λέγοις
584 1279 762 1314 βλασφήμοις,
775 1279 822 1306 καὶ
837 1278 909 1305 τοῦτ’
925 1278 970 1314 ἔρ-

181 1332 230 1358 γον
246 1324 322 1350 ἕσται
335 1324 388 1350 τῶν
402 1324 542 1360 ἡμετέρων
559 1324 717 1359 ἁμαρτιῶν·
734 1324 794 1350 ἐπεὶ
816 1324 864 1350 καὶ
881 1333 969 1360 μεμα-

181 1369 309 1396 λάκισται
321 1369 365 1396 διὰ
376 1369 424 1401 τὰς
436 1370 573 1404 ἁμαρτίας
591 1369 678 1405 ἡμῶν,
698 1370 772 1401 ὅπως
787 1371 878 1405 ἡμεῖς,
896 1371 969 1397 ἀνει-

180 1414 297 1450 ληφάτος
323 1414 404 1441 αὑτοῦ
425 1415 458 1441 τὰ
481 1416 603 1451 ἡμέτεροι
618 1416 826 1451 ἀμπλακήματα
839 1436 846 1446 ,
867 1416 913 1442 καὶ
936 1416 970 1442 τὰ

178 1460 230 1495 τῆς
241 1461 377 1496 ἡμετέρας
400 1463 498 1492 κακίας
523 1461 677 1496 τραύματα,
699 1462 737 1497 τῷ
757 1461 869 1496 μώλωπι
887 1461 968 1488 αὐτοῦ

181 1505 312 1541 ίαθῶμεν.
328 1507 384 1533 Καὶ
404 1506 438 1532 τὰ
457 1507 507 1542 μὲν
523 1507 597 1533 αἴτια
612 1504 648 1534 ὧν
667 1508 731 1543 παρ’
746 1507 897 1542 ἀνθρώποις
911 1508 969 1534 πεί-

180 1560 260 1578 σεται
274 1553 288 1578 ὁ
305 1553 506 1588 ἀναμάρτητος,
519 1553 605 1580 ταῦτα
617 1552 660 1588 ἦν.
678 1553 810 1580 Ἰουδαίων
820 1554 848 1580 δὲ
858 1554 910 1580 τῶν
923 1554 968 1580 τὴν

179 1598 295 1626 θάνατον
313 1599 387 1634 αὐτῷ
406 1600 651 1634 συσκευασαμένων
672 1601 732 1627 οὐδὲ
760 1601 936 1636 ὑπειδόμενος
954 1603 968 1628 ὁ

179 1643 333 1678 θαυμάσιος
346 1645 497 1679 προφήτης,
510 1645 657 1680 διαρρήδην
670 1645 823 1680 ἀπελέγχει,
835 1646 881 1672 καὶ
893 1647 970 1673 τοῦτο

179 1692 312 1724 ἄντικρυς
343 1689 505 1725 σχετλιάζων
528 1690 576 1716 καὶ
594 1690 694 1724 λέγων·
716 1700 724 1716 ι
748 1691 812 1717 Ἀπὸ
831 1691 886 1718 τῶν
908 1693 970 1718 ἀνο-

181 1734 253 1768 μιῶν
269 1734 315 1760 τοῦ
345 1734 409 1761 λαοῦ
425 1743 474 1770 μου
502 1735 570 1770 ἢχθη
597 1736 636 1766 εἰς
653 1735 776 1763 θάνατον.
802 1747 811 1762 ι
833 1735 889 1764 Εἶτ’
910 1738 970 1764 ἐπεὶ

181 1781 364 1816 παραχρῆμα,
380 1782 427 1808 καὶ
443 1781 492 1807 οὐκ
506 1782 546 1812 εἰς
563 1781 670 1817 μακρὰν
684 1782 752 1817 μετὰ
766 1783 816 1818 τὴν
835 1783 905 1809 κατὰ
921 1783 968 1809 τοῦ

179 1826 301 1861 Χριστοῦ
315 1826 416 1861 τόλμαν
427 1828 441 1853 ὁ
455 1827 588 1862 παντελὴς
604 1828 702 1859 αὐτοὺς
716 1828 846 1863 μετῆλθεν
860 1829 970 1864 ὄλεθρος

180 1871 410 1906 πολιορκηθέντας
446 1873 498 1899 ὑπὸ
523 1873 683 1908 Ῥωμαίων,
707 1874 767 1900 οὐδὲ
790 1874 867 1901 τοῦτο
888 1884 970 1911 παρι-

178 1916 244 1949 δὼν,
254 1917 374 1951 ἐπιλέγει
384 1926 390 1932 ·
403 1927 412 1942 ‹
425 1919 478 1944 Καὶ
492 1918 568 1945 δώσω
578 1919 641 1950 τοὺς
648 1920 781 1955 πονηροὺς
792 1920 851 1946 ἀντὶ
862 1920 911 1955 τῆς
922 1930 969 1948 τα-

179 1964 235 1998 φῆς
249 1963 340 1995 αὑτοῦ,
362 1964 481 1995 καὶτοὺς
498 1964 641 1995 πλουσίους
649 1965 710 1991 ἀντὶ
723 1965 837 1992 θανάτου
850 1966 942 1992 αὑτοῦ.
957 1977 966 1992 I

182 2009 283 2044 Ἤρκει
306 2009 354 2044 μὲν
383 2007 428 2036 οὖν
444 2010 490 2036 ἐπὶ
519 2010 622 2042 τούτοις
635 2011 784 2046 ἐπιγράψαι
800 2012 849 2046 τὴν
864 2021 970 2048 προφη-

178 2053 267 2086 τείαν,
283 2055 306 2080 εί
323 2055 403 2090 μηδέν
415 2064 441 2081 τι
466 2055 545 2082 πλέον
562 2056 671 2083 ἔσεσθαι
689 2057 757 2092 μετὰ
772 2057 821 2092 τὴν
840 2057 886 2083 τοῦ
903 2059 969 2093 Χρι-

179 2100 245 2127 στοῦ
263 2101 389 2137 τελευτὴν
406 2101 479 2137 ἑώρα
489 2111 495 2116 ·
511 2103 572 2128 ἐπεὶ
590 2103 617 2128 δὲ
630 2104 691 2129 ὅσον
702 2103 777 2130 οὔπω
792 2104 887 2140 ἔμελλε
902 2105 971 2140 μετὰ

177 2145 230 2181 τῆν
258 2146 393 2182 τελευτὴν,
419 2147 435 2182 ἢ
455 2147 522 2182 μετὰ
548 2149 597 2183 τὴν
615 2149 704 2184 ταφὴν
730 2149 898 2177 παλινοστεῖν
923 2151 969 2178 καὶ

178 2191 320 2223 ἀναϐιοῦν,
342 2192 382 2218 ἔτι
409 2193 473 2228 περ).
503 2193 585 2220 αὑτοῦ
603 2194 751 2221 καὶταῦτα
780 2196 967 2232 προστίθησιν,

178 2237 246 2271 ἑξῆς
267 2236 414 2271 ἐπιλέγων·
436 2247 445 2263 ι
471 2239 525 2265 Καὶ
554 2239 655 2274 Κύριος
680 2239 803 2274 βούλεται
823 2240 968 2277 καθαρίσαι

1022 1014 1132 1040 guorem
1154 1008 1328 1039 contemptus
1350 1009 1408 1037 est,
1432 1008 1459 1030 et
1475 1011 1529 1030 non
1547 1005 1723 1036 computatus
1739 1000 1772 1027 ⁸³.
1789 1009 1799 1025 ›

1021 1052 1090 1084 Quid
1114 1051 1147 1078 ad
1169 1052 1224 1078 [nec
1245 1051 1327 1085 igitur
1349 1049 1496 1084 superest?
1515 1048 1580 1075 Nam
1604 1055 1665 1075 cum
1687 1047 1760 1073 illius
1775 1050 1802 1072 et

1021 1100 1121 1125 tribum
1132 1119 1138 1130 ,
1154 1102 1180 1126 et
1195 1106 1294 1133 genus,
1308 1102 1334 1125 et
1349 1097 1458 1124 modum
1473 1096 1603 1123 nascendi
1618 1115 1624 1127 ,
1638 1100 1665 1122 et
1681 1095 1800 1130 Virginis

1021 1145 1184 1172 miraculum
1195 1164 1202 1175 ,
1218 1148 1244 1171 et
1261 1144 1324 1170 vita-
1339 1150 1441 1170 morem
1465 1142 1656 1177 praedixerint,
1677 1141 1802 1176 sequitur

1022 1187 1149 1224 deinceps
1163 1209 1170 1221 ,
1189 1193 1218 1216 ιιι
1233 1197 1267 1216 ne
1282 1192 1397 1215 mortem
1411 1188 1522 1223 quidem
1540 1187 1600 1222 ejus
1608 1187 1681 1214 taciti
1694 1191 1804 1222 praeter-

1020 1234 1110 1262 ierint.
1131 1235 1184 1262 Sed
1207 1235 1271 1270 quid
1286 1234 1393 1261 tandem
1408 1234 1482 1260 canit
1495 1234 1576 1261 etiam
1587 1233 1620 1260 de
1633 1234 1684 1260 hac
1699 1232 1802 1259 Isaias?

1023 1291 1032 1307 ‹
1048 1282 1134 1309 Homo
1145 1301 1152 1314 ,
1168 1282 1275 1316 inquit,
1292 1289 1352 1308 cmn
1370 1282 1396 1307 in
1412 1281 1490 1315 plaga
1504 1284 1594 1312 esset,
1617 1280 1706 1307 sciens
1732 1279 1802 1306 ferre

1020 1328 1176 1363 languorem
1188 1347 1195 1359 ,
1217 1331 1387 1362 contemptus
1399 1331 1440 1354 est
1452 1332 1478 1354 et
1490 1335 1544 1353 non
1554 1329 1725 1360 computatus
1739 1333 1746 1352 ε
1758 1325 1802 1352 hic

1020 1378 1130 1409 peccata
1146 1377 1238 1401 nostra
1256 1373 1324 1406 fert,
1347 1377 1374 1401 et
1395 1381 1443 1408 pro
1460 1373 1537 1400 nobis
1551 1376 1593 1400 est
1606 1372 1633 1398 in
1650 1371 1759 1401 dolore,
1775 1375 1803 1397 et

1020 1428 1069 1447 nos
1084 1420 1299 1448 existimavimus
1314 1428 1376 1447 eum
1391 1427 1451 1447 esse
1465 1419 1491 1445 in
1507 1419 1598 1445 labore
1612 1438 1618 1449 ,
1631 1422 1658 1444 et
1670 1418 1697 1444 in
1712 1417 1796 1452 plaga.

1019 1470 1046 1493 et
1064 1466 1091 1492 in
1108 1465 1270 1492 afﬂictione:
1286 1466 1343 1499 ipse
1356 1469 1446 1492 autem
1463 1465 1622 1491 vulneratus
1636 1467 1677 1490 est
1693 1467 1803 1497 propter

1019 1515 1131 1546 peccata
1144 1514 1237 1538 nostra
1246 1530 1254 1543 ,
1267 1514 1293 1537 et
1308 1510 1460 1537 inﬁrmatus
1471 1514 1511 1536 est
1523 1513 1634 1544 propter
1644 1508 1802 1543 iniquitates

1019 1561 1138 1584 nostras.
1148 1556 1277 1584 Doctrina
1286 1556 1361 1591 pacis
1370 1559 1470 1582 nostrae
1480 1563 1561 1589 super
1569 1562 1642 1586 eum,
1653 1554 1737 1580 livore
1743 1553 1803 1587 ejus

1020 1610 1070 1630 nos
1085 1602 1172 1630 sanati
1186 1610 1291 1629 sumus.
1306 1600 1406 1628 Omnes
1420 1605 1548 1634 tanquam
1561 1607 1625 1626 oves
1638 1599 1800 1628 erravimus.

1021 1652 1047 1675 et
1057 1647 1187 1675 Dominus
1195 1647 1308 1674 tradidit
1315 1655 1376 1674 eum
1385 1647 1502 1681 peccatis
1510 1646 1612 1673 nostris
1623 1655 1628 1672 :
1637 1650 1664 1672 et
1672 1645 1730 1679 ipse
1741 1651 1802 1672 cum

1021 1697 1175 1724 vexaretur,
1189 1701 1242 1720 non
1255 1693 1392 1728 aperiebat
1404 1700 1434 1720 os
1446 1699 1535 1720 suum.
1550 1691 1633 1724 Quasi
1644 1691 1702 1717 ovis
1713 1690 1746 1717 ad
1757 1698 1802 1718 oc-

1021 1739 1152 1766 cisionem
1167 1738 1267 1765 ductus
1277 1741 1329 1769 est,
1343 1741 1370 1764 et
1384 1738 1454 1764 sicut
1466 1744 1552 1772 agnus
1565 1743 1657 1763 coram
1673 1736 1803 1763 tondente

1019 1791 1074 1810 non
1092 1784 1198 1818 aperuit
1211 1791 1242 1810 os
1253 1792 1259 1810 :
1270 1783 1472 1818 generationem
1491 1782 1551 1816 ejus
1567 1782 1629 1816 quis
1645 1781 1805 1808 enarrabit?

1020 1831 1148 1865 quoniam
1165 1830 1271 1856 tollitur
1291 1830 1324 1857 de
1341 1833 1413 1856 terra
1433 1829 1488 1856 vita
1503 1828 1562 1863 ejus
1577 1828 1609 1861 ⁵⁷,
1627 1838 1636 1853 )
1650 1832 1676 1854 et
1689 1828 1802 1862 reliqua.

1020 1875 1086 1902 Nam
1107 1875 1150 1902 his
1161 1875 1251 1902 verbis
1275 1874 1408 1909 significat
1421 1874 1558 1901 Christum
1573 1874 1660 1908 ipsum
1675 1873 1783 1908 quidem
1797 1894 1803 1906 ,

1020 1921 1144 1957 quamvis
1153 1921 1186 1947 ab
1194 1921 1266 1947 omni
1275 1924 1386 1955 peccato
1396 1920 1525 1952 alienum,
1538 1924 1627 1946 tamen
1637 1923 1747 1954 peccata
1757 1919 1806 1945 ho-

1021 1966 1122 1992 minum
1133 1974 1181 2001 pro
1193 1966 1260 2000 ipsis
1273 1966 1429 1992 hominibus
1438 1966 1465 1992 in
1474 1966 1593 2000 seipsum
1601 1968 1803 1999 suscepturum.

1020 2011 1075 2046 99
1089 2012 1223 2044 Quocirca
1237 2011 1318 2039 etiam
1334 2019 1364 2038 ea
1380 2012 1509 2047 patietur,
1525 2019 1585 2046 qua:
1607 2012 1651 2046 qui
1676 2018 1805 2045 peccave-

1021 2059 1076 2084 rint
1091 2057 1146 2091 pati
1162 2057 1260 2089 solent,
1276 2061 1302 2084 et
1325 2064 1374 2092 pro
1398 2057 1478 2084 nobis
1504 2057 1616 2087 dolebit,
1641 2064 1695 2083 non
1715 2062 1804 2084 autem

1021 2111 1070 2138 pro
1084 2104 1185 2138 seipso.
1199 2103 1276 2136 Quod
1292 2104 1315 2130 si
1329 2103 1518 2130 vulnerabitur
1527 2107 1555 2130 et
1565 2103 1655 2130 verbis
1665 2103 1806 2138 probrosis

1023 2151 1152 2184 ferietur,
1179 2150 1231 2177 hoc
1252 2149 1316 2177 item
1343 2154 1500 2176 nostrorum
1523 2153 1695 2184 peccatorum
1723 2157 1806 2177 causa

1022 2198 1068 2224 ﬁet
1082 2206 1088 2224 ε
1105 2203 1168 2223 nam
1185 2195 1310 2222 inﬁrmus
1324 2203 1433 2230 quoque
1447 2194 1537 2222 factus
1558 2200 1600 2222 est
1616 2200 1725 2230 propter
1745 2204 1808 2231 pce-

1022 2247 1083 2270 cata
1097 2248 1202 2273 nostra,
1216 2246 1245 2268 ut
1267 2248 1317 2268 nos
1329 2240 1466 2272 videlicet,
1482 2248 1544 2267 cum
1569 2241 1614 2268 ille
1633 2242 1731 2269 delicta
1758 2249 1807 2268 no-
1843 2259 1848 2264 .

177 2282 261 2309 αὑτὸν
275 2283 323 2317 τῆς
336 2284 452 2319 πληγῆς.
473 2284 534 2310 Ἐὰν
544 2284 612 2310 δῶτε
629 2285 691 2321 περὶ
704 2286 850 2321 ἁμαρτίας,
867 2288 882 2322 ἡ
894 2287 966 2323 ψυχὴ

1021 2293 1088 2320 stra,
1105 2291 1259 2322 nostraeque
1282 2286 1392 2313 malitia:
1408 2286 1522 2313 vulnera
1540 2287 1730 2323 assumpserit,
1747 2287 1807 2321 ejus

177 2329 256 2364 ὑμῶν
273 2329 366 2364 δψεται
384 2330 493 2365 σπέρμα
519 2330 664 2366 μακρόϐιον
676 2340 683 2346 ⁸
706 2333 752 2358 καὶ
769 2332 892 2368 βούλεται
910 2334 967 2360 Κύ-

181 2381 238 2408 ριος
254 2374 362 2408 ἀφελεῖν
376 2375 430 2401 ἀπὸ
443 2376 490 2401 τοῦ
507 2376 587 2402 πόνου
598 2377 648 2411 τῆς
666 2376 755 2412 ψυχῆς
771 2378 863 2411 αὐτοῦ,
880 2379 965 2413 δεῖξαι

178 2419 254 2454 αὒτῷ
268 2419 334 2454 φῶς.
355 2430 363 2446 I
386 2420 531 2457 Ἀνώτερον
543 2421 637 2453 εἰπὼν,
651 2432 660 2447 ι
674 2422 815 2458 ἅνθρωπος
832 2425 861 2450 ὲν
876 2425 966 2461 πληγῇ

178 2465 227 2497 ὢν,
250 2467 296 2492 καὶ
313 2466 391 2498 εἰδὼς
408 2467 501 2502 φέρειν
527 2468 662 2502 μαλακίαν
684 2478 693 2494 ι
710 2468 757 2495 νῦν
776 2469 843 2505 μετὰ
861 2471 906 2497 τὸν
920 2471 968 2498 θά-

176 2521 257 2538 νατον
275 2513 357 2539 αὐτοῦ
373 2514 421 2539 καὶ
435 2514 484 2549 τὴν
499 2514 597 2550 ταφὴν,
616 2524 625 2540 ι
640 2515 751 2551 Κύριος,
764 2526 772 2541 ι
787 2517 864 2552 φησὶ,
883 2527 892 2542 ‹
906 2517 968 2552 βού-

177 2559 255 2586 λεται
272 2559 419 2594 καθαρίσαι
428 2559 507 2586 αὐτὸν
518 2559 567 2594 τῆς
581 2560 697 2596 πληγῆς.
712 2571 720 2587 I
735 2562 789 2587 Καὶ
800 2562 858 2594 πῶς
869 2562 944 2590 ἔσται
957 2573 964 2597 ;

182 2614 191 2629 σ
210 2604 274 2631 Ἐὰν
286 2604 365 2637 δῶτε,
385 2615 394 2630 ι
410 2605 486 2639 φησὶ,
505 2615 514 2631 ‹
531 2606 594 2641 περὶ
605 2607 751 2642 ἁμαρτίας,
772 2608 788 2642 ἡ
807 2607 879 2643 ψυχὴ
890 2608 966 2643 ὑμῶν

177 2651 271 2686 ξιψεται
285 2650 395 2686 σπέρμα
411 2651 557 2687 μακρόϐιον
567 2660 574 2667 ·
598 2662 607 2677 ι
620 2653 649 2678 οὐ
666 2653 731 2679 πᾶσι
747 2651 802 2689 γὰρ
818 2655 920 2688 ἐφεῖται
936 2655 966 2681 τὺ

179 2697 327 2732 μακρόϐιον
341 2696 389 2723 τοῦ
415 2696 533 2732 Χριστοῦ
560 2697 668 2733 σπέρμα
688 2699 811 2730 συνιδεῖν,
835 2700 851 2735 ἢ
878 2700 967 2735 μόνοις

178 2745 234 2774 τοῖς
244 2742 522 2778 ὲξομολογησαμένοις
543 2744 590 2770 καὶ
602 2743 637 2769 τὰ
655 2743 728 2779 δῶρα
741 2745 774 2770 τὰ
792 2745 861 2781 ὑπὲρ
877 2746 966 2781 ἁμαρ-

178 2789 242 2815 τιῶν
255 2789 423 2826 προσάγουσι
434 2789 472 2824 τῷ
488 2788 558 2823 Θεῷ.
575 2789 672 2816 Μόνων
684 2790 736 2826 γὰρ
751 2791 852 2817 τούτων
865 2792 881 2826 ἡ
894 2791 966 2827 ψυχὴ

180 2835 270 2871 ῢᾲεται
296 2835 408 2871 σπέρμα
433 2835 580 2870 μακρόϐιον
599 2835 629 2862 τὸ
645 2836 689 2861 τοῦ
704 2836 830 2872 Χριστοῦ,
846 2838 903 2872 ἤτοι
917 2838 966 2872 τὴν

211 2925 293 2953 “lsa.
314 2933 361 2954 vII,
377 2924 418 2951 H.
459 2925 480 2940 “
497 2924 549 2952 lsa.
565 2933 625 2958 LIII,
638 2925 665 2953 2,

1023 2335 1107 2362 livore
1120 2341 1249 2361 sanemur
1263 2342 1269 2359 :
1288 2337 1315 2360 et
1329 2340 1423 2359 eorum
1439 2332 1548 2367 quidem
1570 2340 1630 2367 quae
1649 2333 1694 2360 ille
1711 2334 1807 2360 insons

1021 2381 1055 2408 ab
1077 2379 1232 2407 hominibus
1255 2386 1387 2414 passurus
1405 2383 1474 2410 erat,
1500 2378 1541 2405 hae
1563 2379 1672 2406 fuerunt
1696 2383 1805 2407 causae:

1020 2425 1129 2453 Judazos
1143 2429 1233 2452 autem
1248 2425 1294 2458 qui
1310 2424 1347 2451 illi
1364 2428 1478 2451 mortem
1491 2425 1651 2456 attulerunt,
1669 2432 1805 2460 nusquam

1021 2472 1124 2499 veritus
1154 2473 1282 2506 propheta
1313 2472 1465 2503 mirabilis,
1495 2471 1546 2498 hoc
1577 2470 1666 2505 ipsum
1699 2478 1808 2505 quoque

1021 2517 1162 2551 perspicue
1185 2517 1334 2551 redarguit,
1355 2517 1432 2551 plane
1453 2511 1617 2551 deplorans,
1632 2523 1662 2543 ac
1688 2516 1782 2542 dicens
1799 2524 1804 2541 :

1024 2571 1034 2588 ‹
1051 2562 1091 2589 Ex
1112 2562 1301 2597 iniquitatibus
1324 2563 1414 2598 populi
1430 2563 1481 2590 mei
1503 2562 1601 2590 ductus
1618 2566 1660 2588 est
1680 2562 1712 2588 ad
1729 2568 1804 2587 mor-

1020 2611 1074 2634 tem
1084 2607 1116 2633 ⁸⁸.
1141 2617 1150 2633 ι
1176 2606 1278 2634 Deinde
1302 2614 1377 2640 vero,
1395 2608 1524 2642 quoniam
1553 2609 1619 2640 cito,
1647 2617 1734 2643 neque
1768 2611 1803 2637 ita

1021 2653 1107 2680 multo
1121 2656 1182 2687 post
1202 2652 1323 2680 nefarios
1343 2653 1475 2681 adversus
1488 2653 1627 2681 Christum
1649 2663 1743 2687 ausus.
1757 2664 1805 2683 ex-

1020 2703 1124 2727 tremus
1139 2699 1171 2726 ad
1188 2699 1249 2726 illos
1265 2707 1297 2726 ex
1319 2699 1462 2727 obsidione
1479 2699 1664 2728 Romanorum
1677 2702 1807 2730 interitus

1020 2748 1078 2771 erat
1092 2748 1234 2777 venturus,
1248 2753 1282 2772 ne
1296 2745 1347 2771 hoc
1362 2744 1470 2779 quidem
1486 2747 1607 2780 pmterit
1621 2747 1739 2779 silentio,
1758 2748 1806 2774 sed

1018 2790 1155 2825 adjungit:
1170 2800 1179 2815 ι
1191 2790 1223 2817 Ει
1233 2790 1303 2818 dabo
1314 2791 1461 2818 sceleratos
1472 2799 1521 2826 pro
1535 2793 1673 2827 sepultura
1688 2793 1748 2828 ejus
1761 2813 1767 2824 ,
1781 2799 1805 2820 el

1019 2835 1116 2864 divites
1132 2844 1180 2871 pro
1197 2841 1284 2864 morte
1300 2837 1359 2871 cjus
1370 2837 1392 2852 ⁸⁹
1409 2847 1415 2864 :
1438 2847 1447 2862 I
1461 2841 1487 2864 et
1508 2842 1619 2872 poterat
1629 2839 1737 2874 quidem
1760 2839 1802 2866 his

705 2926 805 2954 "ibid.
833 2927 892 2954 ‘l-a.
931 2927 952 2945 "
966 2926 1029 2953 ibid.
1047 2926 1102 2954 4-8.
1141 2927 1164 2941 ’⁸⁵³
1190 2926 1255 2953 ibid.
1270 2927 1295 2954 8.
1335 2927 1433 2953 "ibid.
1447 2927 1473 2954 θ.
