2071 3219
289 202 342 230 183

621 201 756 230 EUSEBH
774 201 1012 230 CESARIENSIS
1029 201 1104 230 OPP.
1127 202 1217 229 PARS
1234 202 1267 229 ll.
1288 217 1322 223 —
1339 201 1587 231 APOLOGETICA.

1847 205 1898 232 18⁵

287 257 457 293 prophetiam
477 257 638 291 terminare,
661 259 685 286 si
708 258 776 285 nihil
798 257 914 292 amplius
942 258 1063 285 futurum

1115 258 1221 285 αἰώνιον
1250 258 1321 294 ζωὴν
1343 259 1435 292 αὑτοῦ,
1451 261 1500 296 τὴν
1519 260 1586 295 μετὰ
1604 260 1650 287 τὸν
1673 261 1794 293 θάνατον,
1816 261 1833 297 ἦ
1852 263 1899 288 τὴν

289 308 350 339 post
363 304 464 332 Christi
490 308 605 332 mortem
630 305 754 337 vidisset,
776 305 822 332 sed
837 304 976 340 quoniam,
992 305 1065 332 brevi

289 357 365 377 mora
384 349 537 384 inter-jecta,
553 354 612 378 erat
630 358 645 377 a
663 355 751 378 morte
765 351 822 378 sive
835 357 849 377 a
869 350 1010 385 sepultura
1024 358 1066 377 re-

287 396 463 431 migraturus.
481 399 562 431 atque
590 396 618 423 in
644 397 727 423 vitam
755 396 950 427 restituendus,
967 395 1000 423 de
1016 395 1066 422 hac

286 449 395 476 quoque
411 449 440 468 re
462 441 590 476 deinceps
617 441 674 468 hinc
703 441 788 474 addit,
808 441 849 468 sic
865 440 959 468 dicens
977 450 984 467 :
1005 449 1015 466 1
1033 439 1066 467 Et

287 485 418 513 Dominus
437 487 494 514 vult
513 494 627 521 purgare
643 494 703 514 eum
725 494 740 513 a
756 487 831 522 plaga
852 487 875 514 si
892 487 1017 519 traditus,
1031 487 1066 514 sit

287 540 336 567 pro
346 535 466 567 peccato.
479 533 573 559 Anima
579 537 670 560 vestra
681 533 782 560 videbit
792 541 883 561 semen
895 533 1044 568 longrevum
1057 542 1064 560 :

286 581 314 605 et
329 578 386 605 vult
412 578 541 605 Dominus
558 578 667 606 auferre
692 579 810 605 alabore
834 579 933 606 anima:
951 579 1021 614 ejus,
1036 582 1066 605 ut

287 623 413 651 ostendat
429 624 452 651 ei
470 624 598 651 lucem“.
612 634 621 650 ι
639 623 690 657 Qui
706 624 830 659 superius
844 624 912 651 dixit
931 633 958 651 :1
978 623 1065 651 Homo

289 669 317 696 in
333 669 409 705 plaga
426 671 602 702 constitutus,
621 680 630 696 ι
648 675 675 697 et
688 680 697 695 1
716 670 761 705 qui
774 670 848 697 novit
863 669 934 697 ferre
952 670 1066 705 languo-

287 721 354 746 rem,
383 724 393 740 ι
418 723 491 742 nunc
513 719 572 750 ροει
594 719 707 742 mortem
737 715 797 749 ejus
827 719 854 742 et
876 715 1062 750 sepulturam:

289 767 299 785 1
313 758 454 791 Dominus,
471 760 569 794 inquit,
589 760 646 786 vult
658 767 774 794 purgare
788 767 849 786 eum
865 766 880 786 a
896 760 985 794 plaga,
1008 768 1017 785 ι
1038 763 1065 787 et

287 804 335 838 qui
352 803 404 830 hoc
422 804 485 830 ﬁet?
507 813 516 829 1
536 803 559 831 si
572 804 698 836 traditus,
714 804 813 839 inquit,
830 804 911 831 fuerit
933 812 982 840 pro
1001 812 1064 839 pec—

284 852 356 880 cato,
382 849 472 876 anima
494 852 584 876 vestra
614 849 714 877 videbit
739 857 831 878 semen
863 850 1033 885 longaevum;
1051 859 1061 876 ›

284 902 340 922 non
357 895 430 922 enim
444 895 570 923 omnibus
586 903 746 923 concessum
763 900 804 924 est
820 897 969 931 longazvum
984 897 1064 925 Chri-

1117 303 1178 330 καθ’
1195 304 1259 339 ὅλης
1270 304 1319 340 τῆς
1338 306 1496 341 οἰκουμένης
1516 307 1700 341 ἐπισπαρέντα
1719 307 1800 334 αὑτοῦ
1820 308 1898 342 λόγον

1118 351 1265 386 μακρόϐιον
1293 351 1431 387 ἐσόμενον,
1458 354 1504 379 καὶ
1526 354 1565 385 εἰς
1590 353 1620 380 τὸ
1642 353 1685 380 ἀεὶ
1708 354 1895 389 διαρκέσοντα.

1117 396 1200 422 Πάλιν
1227 395 1361 433 ἀνώτερον
1384 397 1478 429 εἰπὼν,
1499 408 1507 422 1
1526 398 1580 425 Kal.
1610 400 1690 434 ἡμεῖς
1717 398 1896 434 ἐλογισάμεθα

1116 443 1195 469 αὐτὸν
1206 441 1273 469 εἷναι
1289 443 1317 469 ἐν
1333 443 1415 478 πόνῳ,
1436 453 1445 469 ι
1457 443 1503 470 νῦν
1524 444 1591 478 μετὰ
1610 444 1658 478 τὴν
1673 445 1778 480 σφαγὴν
1794 445 1896 472 καὶτὸν

1117 488 1228 515 θάνατον
1248 488 1339 520 αὐτοῦ,
1362 488 1441 523 φησίν
1452 496 1458 502 ·
1479 498 1488 513 1
1507 489 1560 514 Kal
1577 488 1698 523 βούλεται
1715 488 1815 524 Κύριος
1830 490 1897 524 ἀφε-

1115 533 1171 560 λεῖν
1185 533 1240 560 ἀπὸ
1261 533 1307 560 τοῦ
1332 533 1412 560 πόνου
1435 533 1485 568 τῆς
1499 533 1588 568 ψυχῆς
1614 533 1704 565 αὑτοῦ,
1719 534 1803 567 δεῖξαι
1823 534 1896 570 αὑτῷ

1115 578 1182 612 φῶς.
1200 588 1208 603 ι
1231 579 1306 605 Ἐπεὶ
1328 578 1416 606 τοίνυν
1432 579 1590 614 βεϐούληται
1608 579 1719 615 Κύριος,
1732 580 1746 606 ὁ
1761 580 1814 606 τῶν
1828 581 1895 607 ὅλων

1115 623 1180 655 Θεὸς
1195 623 1342 659 καθαρίσαι
1366 624 1445 650 αὑτὸν
1458 624 1507 659 τῆς
1525 624 1639 659 πληγῆς,
1663 625 1709 650 καὶ
1726 625 1810 657 δεῖξαι
1823 626 1896 661 αὑτῷ

1115 668 1182 703 φῶς,
1197 669 1303 700 πάντως
1319 678 1369 695 που
1382 668 1529 704 βουληθεὶς,
1539 669 1665 705 πράξειεν
1675 669 1708 696 ἂν
1719 670 1733 696 ὃ
1749 670 1893 706 ἠϐουλήθη.

1114 713 1196 741 Οὐδὲν
1212 714 1266 750 γάρ
1289 715 1363 740 ἐστιν
1380 715 1394 740 ὃ
1411 714 1448 750 μὴ
1465 714 1567 748 γίνεται
1589 712 1625 741 ὧν
1654 715 1794 749 βούλεται·
1820 715 1897 742 ἐϐου-

1114 759 1182 795 λήθη
1208 759 1237 786 δὲ
1263 758 1408 794 καθαρίσαι
1437 759 1517 785 αὑτὸν
1546 759 1592 786 καὶ
1616 759 1700 793 δεῖξαι
1724 760 1798 795 αὺτῷ
1821 760 1894 794 (pd);-

1113 806 1239 840 ἐποίησεν
1261 806 1314 840 ἄρα
1330 805 1416 832 ταῦτα
1442 814 1449 820 '
1469 805 1515 832 καὶ
1526 805 1675 841 καθαρίσας
1698 806 1778 832 αὐτὸν
1798 806 1896 839 ἔδειξεν

1113 851 1187 887 αὐτῷ
1203 851 1270 885 φῶς.
1288 851 1342 878 Καὶ
1356 852 1416 878 ἐπεὶ
1427 851 1568 887 ἐϐουλήθη,
1580 852 1627 878 καὶ
1646 851 1784 887 βουληθεὶς
1802 852 1895 886 ἀφεῖλε

1113 898 1158 924 τὸν
1174 897 1252 924 πόνον
1274 897 1323 932 τῆς
1350 897 1437 932 ψυχῆς
1453 898 1545 929 αὑτοῦ,
1562 898 1609 924 καὶ
1623 897 1720 930 ἔδειξεν
1738 898 1811 933 αὐτῷ
1827 899 1895 932 φῶς,

285 941 319 967 sti
337 948 429 968 semen
447 941 558 973 intueri,
571 941 619 968 sed
640 942 673 968 iis
686 942 752 969 solis
768 942 815 977 qui
830 943 1021 976 confiteantur,
1036 947 1063 971 et

1113 943 1223 975 εἰκότως
1237 945 1251 970 ὁ
1267 944 1410 979 Προφήτης
1425 944 1610 975 ἐπισυνάπτει,
1621 944 1706 978 λέγων
1716 953 1722 959 ⁸
1739 953 1748 969 1
1762 945 1810 971 Διὰ
1817 944 1896 972 τοῦτο

284 994 398 1014 munera
427 987 541 1015 oderant
567 987 621 1015 Deo
646 996 694 1022 pro
719 990 845 1024 peccatis.
875 989 976 1017 Horum
992 990 1064 1017 enim

285 1033 417 1059 duntaxat
440 1033 534 1059 anima
549 1033 650 1060 videbit
671 1041 762 1061 semen
787 1034 935 1070 longaevum
950 1035 1062 1068 Christi,

284 1078 336 1105 hoc
346 1081 397 1110 est,
412 1081 459 1105 aut
475 1083 603 1106 aeternam
625 1079 705 1106 vitam
721 1079 780 1114 ejus
795 1084 856 1115 post
875 1085 1001 1113 mortem,
1018 1084 1064 1108 aut

283 1124 406 1158 ejusdem
426 1124 536 1151 verbum
552 1132 600 1159 per
616 1128 701 1152 totum
716 1130 850 1152 terrarum
868 1126 959 1153 orbem
976 1127 1064 1154 disse-

283 1171 427 1201 minatum,
443 1169 516 1205 quod
532 1170 682 1204 longaevum
699 1171 818 1198 futurum
831 1176 884 1203 est,
904 1179 1064 1206 semperque

283 1215 454 1243 duraturum.
483 1215 600 1248 Rursus,
617 1217 664 1251 qui
693 1218 819 1253 superius
847 1218 951 1245 dixerat
970 1226 977 1244 :
1000 1227 1009 1243 1
1031 1217 1063 1245 Et

283 1268 334 1289 nos
349 1262 504 1296 putavimus
526 1262 600 1289 illum
622 1270 683 1290 esse
703 1263 730 1290 in
746 1263 857 1290 labore:
881 1273 891 1289 ι
914 1271 987 1290 nunc
1004 1268 1065 1298 post

283 1306 385 1334 caedem
411 1310 580 1343 mortemque
594 1308 664 1343 ejus,
687 1309 748 1335 ait:
768 1317 777 1334 1
796 1308 829 1335 Et
852 1309 910 1336 vult
932 1308 1064 1337 Dominus

283 1352 392 1381 auferre
408 1361 423 1380 a
443 1353 535 1381 labore
550 1354 648 1382 anima:
672 1354 741 1388 ejus,
765 1359 795 1381 ut
819 1355 946 1382 ostendat
970 1355 995 1382 ei
1020 1355 1063 1382 lu-

283 1405 352 1426 cem.
375 1409 385 1424 ι
405 1397 539 1432 Quoniam
562 1399 646 1434 igitur
674 1399 834 1427 deliberavit
863 1399 1002 1432 Dominus,
1017 1400 1062 1435 qui

283 1442 356 1472 Deus
371 1448 412 1472 est
436 1445 555 1471 universi
574 1452 691 1480 purgare
703 1445 778 1472 illum
796 1452 811 1471 a
834 1445 928 1480 plaga,
944 1445 1023 1480 100
1037 1449 1064 1472 et

283 1490 427 1518 ostendere
439 1490 465 1518 in
483 1491 569 1518 lucem
584 1500 591 1518 :
609 1491 763 1519 necessario
776 1491 880 1526 utique,
897 1492 944 1526 qui
966 1492 1061 1524 voluit,

283 1536 310 1564 id
333 1535 410 1563 l'aeiel
429 1536 502 1571 quod
529 1537 624 1564 voluit.
640 1536 711 1564 Nihil
733 1537 805 1564 enim
820 1541 862 1565 est
883 1545 975 1565 eorum
1003 1545 1063 1573 quae

283 1582 341 1610 vult
355 1582 428 1617 quod
442 1591 495 1609 non
513 1582 559 1610 liat
577 1592 584 1610 :
601 1583 685 1610 voluit
700 1587 789 1611 autem
804 1591 918 1619 purgare
935 1584 1022 1616 illum,
1037 1588 1064 1612 et

1113 989 1194 1021 αὐτὸς
1217 989 1413 1024 κληρονομήσει
1437 989 1559 1021 πολλοὺς,
1581 989 1696 1016 καὶτῶν
1712 990 1829 1025 ἰσχυρῶν
1848 999 1897 1025 με-

1115 1036 1167 1071 ριεῖ
1184 1035 1278 1061 σκῦλα.
1300 1044 1309 1060 ι
1328 1035 1411 1061 Ἔνθα
1420 1034 1510 1061 λοιπὸν
1523 1035 1572 1070 ἤδη
1591 1035 1637 1062 καὶ
1651 1036 1699 1070 τῆς
1714 1036 1895 1071 κληρονομίας

1113 1079 1159 1106 τοῦ
1176 1079 1292 1115 Χριστοῦ
1305 1079 1484 1116 μέμνηταιτῷ
1491 1080 1607 1116 δευτέρῳ
1620 1080 1771 1115 συμᾳώνως
1786 1081 1894 1116 ψαλμῷ,

1112 1122 1185 1152 διὀῧ
1203 1125 1266 1160 περὶ
1290 1125 1340 1160 τῆς
1354 1125 1497 1160 ἐπιϐουλῆς
1518 1125 1569 1160 τῆς
1588 1126 1647 1153 κατ’
1665 1126 1746 1152 αὑτοῦ
1766 1135 1897 1153 συσκευα-

1114 1170 1223 1205 σθείσης
1239 1170 1368 1205 ὀνομαστὶ
1392 1170 1522 1201 θεσπίσας
1536 1172 1549 1196 ὁ
1563 1170 1640 1204 λόγος
1666 1171 1694 1197 ἐν
1713 1171 1760 1206 τῷ,
1780 1181 1789 1197 1
1805 1172 1894 1207 Παρέ-

1114 1223 1213 1249 στησαν
1234 1215 1258 1240 οἰ
1282 1214 1400 1249 βασιλεῖς
1427 1215 1475 1250 τῆς
1491 1215 1551 1250 γῆς,
1565 1216 1611 1241 καὶ
1629 1216 1654 1242 οἱ
1669 1216 1797 1251 ἄρχοντες
1815 1218 1896 1253 συνή-

1113 1259 1213 1295 χθησαν
1233 1261 1278 1286 ἐπὶ
1297 1260 1327 1286 τὸ
1341 1260 1405 1286 αὐτὸ
1427 1261 1495 1287 κατὰ
1515 1261 1562 1287 τοῦ
1578 1262 1680 1297 Κυρίου
1698 1263 1744 1288 καὶ
1766 1262 1834 1289 κατὰ
1847 1263 1894 1289 τοῦ

1113 1305 1231 1341 Χριστοῦ
1246 1305 1338 1338 αὑτοῦ,
1360 1305 1422 1341 ἑξῆς
1439 1306 1573 1340 ἐπιλέγει·
1595 1316 1603 1332 1
1628 1307 1728 1342 Κύριος
1742 1306 1802 1334 εἷπε
1826 1308 1894 1344 πρὸς

1115 1351 1162 1385 μέ·
1178 1350 1240 1382 Υἱός
1266 1359 1316 1386 μου
1347 1349 1372 1378 εἷ
1399 1352 1441 1385 σὺ,
1466 1351 1520 1386 ἐγὼ
1544 1354 1661 1388 σήμερον
1680 1354 1829 1389 γεγέννηκά
1847 1363 1892 1380 σε’

1113 1395 1222 1431 αἵτησαι
1232 1397 1296 1432 παρ’
1307 1396 1383 1432 ἐμοῦ,
1395 1398 1441 1424 καὶ
1449 1398 1526 1425 δώσω
1536 1407 1575 1425 σοι
1585 1398 1646 1434 ἔθνη
1656 1399 1703 1435 τὴν
1715 1400 1894 1435 κληρονομίαν

1113 1449 1170 1473 σου,
1188 1441 1234 1468 καὶ
1254 1442 1303 1477 τὴν
1324 1443 1486 1478 κατάσχεσὼ
1509 1452 1554 1470 σου
1573 1445 1606 1470 τὰ
1621 1445 1725 1480 πέρατα
1739 1446 1788 1480 τῆς
1802 1446 1862 1480 γῆς.
1882 1456 1892 1471 ι

1113 1487 1205 1514 Ταῦτα
1221 1487 1242 1513 δ’
1258 1485 1302 1514 οὖν
1313 1488 1346 1514 τὰ
1360 1488 1422 1524 ἔθνη
1434 1490 1480 1515 καὶ
1489 1491 1502 1516 ὁ
1517 1491 1657 1525 προφήτης
1673 1490 1780 1526 ᾐνίξατο
1792 1491 1876 1518 εἰπών
1885 1500 1893 1507 ~

1116 1543 1125 1559 1
1136 1533 1267 1560 Διὰτοῦτο
1274 1535 1351 1566 αὐτὸς
1358 1535 1552 1572 κληρονομήσει
1559 1536 1680 1569 πολλούς’
1693 1547 1701 1562 ›
1710 1538 1756 1564 καὶ
1763 1537 1893 1571 ἐπιλέγεν

1115 1588 1125 1604 1
1139 1579 1192 1606 Kal.
1205 1579 1259 1606 τῶν
1278 1580 1395 1616 ἰσχυρῶν
1421 1583 1510 1616 μεριεῖ
1527 1581 1619 1608 σκῦλα.
1645 1591 1654 1608 ι
1672 1582 1730 1608 Τῶν
1749 1583 1803 1617 γὰρ
1819 1582 1895 1609 δυνάρ

282 1629 425 1657 ostendere
439 1629 479 1656 illi
495 1629 602 1661 lucem;
617 1628 680 1656 fecit
698 1629 779 1665 igitur
795 1630 866 1658 hare:
881 1633 908 1658 et
924 1638 986 1657 cum
997 1638 1062 1666 pur-

1114 1635 1185 1662 μεων
1198 1627 1252 1653 τῶν
1269 1627 1472 1662 ἀντικειμένων,
1493 1628 1519 1654 αἳ
1536 1629 1618 1654 πάλαι
1632 1628 1684 1654 τῶν
1698 1628 1781 1654 ἐθνῶν
1799 1627 1893 1664 ἦρχον,

281 1675 388 1710 gaverit
403 1675 489 1707 illum,
502 1675 621 1702 ostendit
634 1675 672 1702 illi
696 1675 783 1713 lucem
798 1685 804 1703 :
818 1680 845 1703 et
861 1676 990 1711 quoniam
1014 1684 1063 1704 vo-

282 1719 344 1752 luit,
364 1725 391 1748 et
406 1721 500 1749 volens
512 1721 625 1759 abstulit
642 1721 761 1748 laborem
778 1721 811 1747 ab
829 1721 919 1748 anima
936 1721 1019 1754 illius,
1035 1725 1062 1748 et

282 1766 401 1794 ostendit
424 1767 463 1794 illl
487 1767 574 1794 lucem
591 1786 598 1799 ,
614 1766 712 1794 merito
724 1765 860 1802 Propheta
884 1766 1019 1802 sequitur,
1035 1771 1063 1794 et

282 1812 343 1840 ait:
363 1821 373 1838 1
403 1811 518 1847 Propter
548 1812 600 1840 hoc
619 1812 677 1847 ipse
699 1812 868 1840 haereditabit
896 1813 1013 1844 mullos,
1035 1816 1063 1840 et

282 1856 393 1884 fortium
421 1857 524 1884 dividet
551 1857 638 1892 spolia
657 1857 701 1884 l”:
729 1867 739 1883 ι
757 1857 802 1884 ubi
825 1857 908 1892 (quod
927 1858 1062 1893 reliquum

283 1900 344 1937 fuit)
360 1901 417 1936 jam
435 1901 602 1929 hereditatis
619 1901 699 1929 etiam
718 1901 820 1929 Christi
836 1902 1001 1929 mentionem
1022 1901 1063 1929 fa-

283 1947 332 1979 cit,
350 1947 388 1973 illi
402 1947 506 1981 psalmo
519 1951 701 1974 consentanea
717 1947 821 1978 dicens.
835 1948 862 1974 in
877 1955 931 1983 quo
947 1947 980 1975 de
996 1947 1062 1975 insi-

283 1991 337 2019 diis
352 1992 482 2020 adversus
502 1993 578 2020 illum
598 1993 763 2021 constructis
783 1993 944 2021 nominatim
959 2001 1062 2022 canens

282 2038 434 2071 oraculum,
459 2038 505 2066 ubi
530 2039 588 2066 ait:
607 2048 616 2064 1
644 2038 797 2066 Astiterunt
821 2047 898 2074 reges
925 2044 1012 2070 terrae,
1036 2044 1063 2068 et

281 2084 421 2120 principes
432 2089 617 2111 convenerunt
632 2084 660 2111 in
674 2092 758 2112 unum
770 2085 902 2113 adversus
917 2085 1061 2113 Dominum

282 2134 310 2157 et
322 2129 452 2158 adversus
465 2129 604 2157 Christum
616 2130 676 2164 ejus
690 2130 728 2163 ";
750 2140 759 2156 ›
774 2131 902 2165 deinceps
917 2123 1039 2167 adjungit
1054 2140 1061 2159 :

285 2184 295 2202 1
316 2175 448 2204 Dominus
464 2176 532 2204 dixit
543 2176 575 2203 ad
593 2183 645 2208 me,
659 2176 743 2204 Filius
761 2184 837 2204 meus
851 2185 880 2204 es
892 2181 933 2210 tu,
950 2184 1000 2211 ego
1016 2178 1064 2204 ho-

231 2252 234 2258 ,
282 2223 326 2250 die
338 2223 418 2258 genui
431 2226 457 2249 te
470 2231 476 2249 :
498 2222 605 2257 postula
624 2229 639 2249 a
650 2229 703 2253 me,
719 2226 746 2249 et
760 2221 830 2249 dabo
845 2222 893 2249 tibi
908 2227 1002 2258 gentes
1014 2222 1065 2249 hae-

282 2269 424 2296 reditatem
446 2271 531 2300 tuam,
553 2272 580 2295 et
599 2268 800 2303 possessionem
826 2273 899 2295 tuam
932 2268 1064 2296 terminos

1111 1672 1160 1704 τὰς
1176 1672 1345 1708 ὑποχειρίους
1357 1674 1505 1708 ῥυσάμενος
1513 1673 1610 1708 ψυχὰς,
1620 1671 1662 1700 οἷα
1675 1674 1705 1709 δή
1720 1682 1780 1700 τινα
1797 1674 1893 1707 σκῦλα,

1111 1719 1166 1750 τοῖς
1176 1717 1284 1749 οἰκείοις
1301 1718 1417 1754 διένειμε
1434 1718 1576 1754 μαθηταῖς.
1594 1720 1639 1745 Διό
1653 1728 1733 1755 φησιν
1751 1721 1765 1746 ὁ
1782 1720 1894 1752 Ἡσαΐας

1112 1764 1176 1799 περὶ
1190 1764 1294 1791 αὐτῶν·
1317 1774 1326 1789 1
1344 1765 1398 1791 Kal.
1419 1764 1653 1800 εὐφρανθήσονται
1667 1765 1781 1792 ἐνώπιόν
1802 1774 1848 1791 σου
1864 1765 1894 1792 ὃν

1111 1810 1211 1846 τρόπον
1236 1811 1259 1836 οἱ
1274 1809 1453 1846 διαιρούμενοι
1474 1810 1568 1838 σκῦλα.
1586 1821 1594 1836 ι
1613 1811 1667 1837 Kal.
1688 1812 1702 1838 ὁ
1724 1811 1893 1846 Ψαλμῳδός·

1116 1865 1125 1878 ι
1142 1855 1242 1891 Κύριος
1264 1856 1342 1882 δώσει
1364 1856 1438 1891 ῥῆμα
1464 1857 1519 1887 τοῖς
1541 1856 1791 1890 εὐαγγελιζομένοις
1814 1855 1894 1882 δυνά-

1114 1909 1160 1936 μει
1176 1901 1257 1936 πολλῇ
1268 1909 1275 1916 ο
1291 1902 1304 1928 ὁ
1321 1901 1444 1936 βασιλεὺς
1460 1901 1513 1927 τῶν
1527 1901 1664 1936 δυνάμεων
1679 1901 1724 1928 τοῦ
1741 1900 1894 1935 ἀγαπητοῦ,

1113 1948 1145 1982 τῇ
1160 1947 1305 1982 ὡραιότητι
1321 1946 1366 1973 τοῦ
1388 1948 1461 1974 οῐκου
1482 1946 1615 1974 διελέσθαι
1636 1947 1731 1974 σκῦλα.
1753 1957 1762 1973 ι
1776 1947 1895 1978 Εἰκότως

1113 1994 1255 2028 τοιγαροῦν
1280 1994 1326 2020 καὶ
1352 1993 1466 2020 ἐνταῦθα
1493 1995 1557 2029 περὶ
1579 1993 1624 2020 τοῦ
1654 1993 1771 2029 Χριστοῦ
1794 2001 1893 2029 φησιν·

1116 2048 1124 2065 1
1145 2039 1194 2066 Διὰ
1213 2039 1289 2066 τοῦτο
1317 2040 1396 2071 αὐτὸς
1420 2040 1615 2075 κληρονομήσει
1638 2039 1761 2071 πολλοὺς,
1775 2039 1822 2066 καὶ
1841 2039 1894 2065 τῶν

1115 2086 1231 2121 ἰσχυρῶν
1257 2086 1345 2120 μεριεῖ
1359 2085 1455 2112 σκῦλα.
1472 2095 1481 2111 ι
1495 2086 1542 2112 Διά
1560 2087 1633 2112 ποῖον
1654 2086 1682 2112 δὲ
1703 2086 1791 2117 τοῦτο,
1814 2085 1895 2112 πάλιν

1114 2131 1176 2166 ἑξῆς
1190 2131 1320 2162 διδάσκει,
1339 2131 1435 2167 φήσας·
1454 2140 1463 2157 1
1476 2131 1545 2158 Ἀνθ’
1561 2128 1597 2157 ὧν
1611 2131 1742 2167 παρεδόθη
1758 2132 1797 2162 εἰς
1811 2131 1896 2158 θάνα-

1113 2187 1158 2205 τον
1172 2179 1188 2213 ὴ
1202 2177 1274 2213 ψυχὴ
1287 2177 1379 2208 αὑτοῦ,
1398 2178 1444 2204 καὶ
1454 2178 1481 2204 ἐν
1497 2179 1552 2209 τοῖς
1567 2177 1676 2212 ἀνόμοις
1692 2177 1832 2212 ἐλογίσθη·
1848 2177 1895 2203 καὶ

1113 2223 1193 2255 αὐτὸς
1210 2223 1345 2258 ἁμαρτίας
1359 2223 1460 2250 πολλῶν
1472 2224 1603 2258 ἀνήνεγκε
1614 2232 1620 2238 ”
1633 2224 1679 2249 καὶ
1690 2223 1732 2249 διὰ
1746 2223 1794 2254 τὰς
1806 2224 1896 2258 ἁμαρ-

1113 2269 1174 2301 τίας
1194 2269 1282 2296 αὐτῶν
1313 2269 1457 2305 παρεδόθη.
1476 2278 1485 2294 ›
1510 2270 1582 2296 Ἀντὶ
1602 2269 1701 2296 ⁴τούτων
1715 2270 1769 2304 γὰρ
1785 2270 1896 2305 ἀμειϐό-

283 2314 402 2342 terrte".
421 2324 430 2340 ι
444 2313 499 2341 llas
513 2297 717 2349 igitur-gentes,
733 2314 814 2341 etiam
832 2313 962 2348 propheta
983 2314 1062 2340 intel-

1117 2324 1194 2350 μενος
1223 2316 1302 2342 αὑτὸν
1317 2316 1331 2341 ὁ
1347 2297 1446 2351 ἡατὴρΙ
1463 2315 1512 2350 τῆς
1531 2315 1652 2350 ὑπακοῆς
1673 2297 1727 2341 καὶ.
1735 2297 1782 2350 τῆς
1794 2297 1896 2351 ὑπομο-

282 2360 358 2392 lexit,
377 2368 439 2388 cum
455 2360 545 2387 dixit:
564 2368 575 2385 1
599 2358 712 2393 Propter
730 2360 781 2386 hoc
808 2359 866 2394 ipse
894 2358 1063 2386 liaareditabit

282 2409 393 2438 multos,
405 2409 451 2433 pet
464 2405 589 2440 adjungit
606 2414 613 2432 :
630 2414 639 2430 1
654 2404 687 2431 Et
702 2404 812 2432 fortium
829 2404 931 2432 dividet
946 2405 1060 2439 spolia.)

283 2451 424 2487 Siquidem
440 2459 454 2478 a
473 2451 654 2486 potestatibus
674 2451 828 2482 contrariis,
844 2458 904 2485 quae
925 2450 1001 2485 prius
1024 2450 1066 2477 in-

282 2503 323 2526 ter
338 2502 432 2532 gentes
446 2497 670 2529 dominabantur,
686 2497 731 2524 ubi
750 2497 887 2531 subjectas
910 2497 1016 2524 animas
1031 2496 1065 2523 li-

282 2543 458 2576 beravit,tum
473 2544 551 2578 quasi
564 2543 651 2578 spolia
665 2543 788 2578 quaedam
805 2542 863 2570 suis
879 2542 970 2569 divisit
983 2542 1066 2570 disei~

281 2589 364 2623 pulis.
380 2588 498 2616 Proinde
522 2589 608 2617 Isaias
632 2589 669 2615 ait
681 2589 715 2616 de
728 2589 782 2615 illis
798 2598 804 2615 :
823 2598 832 2613 1
852 2588 884 2614 Et
900 2588 1066 2615 laetabuntur

283 2642 377 2661 coram
391 2638 428 2666 te,
436 2635 507 2662 sicut
521 2635 568 2670 qui
582 2634 706 2662 dividunt
720 2634 806 2670 spolia
818 2635 850 2660 5‘.
873 2643 882 2660 ι
900 2633 931 2661 Et
941 2633 1063 2661 Psahno-

282 2687 344 2710 rum
373 2684 492 2706 auctor:
521 2689 531 2706 1
567 2679 708 2710 Dominus.
724 2680 822 2714 inquit,
848 2679 922 2706 dabit
950 2679 1062 2706 verbum

282 2725 533 2760 evangelizantibus
552 2725 652 2754 virtute
677 2726 761 2753 multa
777 2734 784 2752 :
802 2733 850 2752 rex
867 2725 998 2752 virtutum
1019 2725 1061 2751 di-

283 2771 357 2803 lecti,
372 2770 473 2805 speciei
484 2770 582 2798 domus
596 2771 717 2799 dividere
731 2771 859 2806 Spolia“.
876 2781 885 2797 ι
901 2770 996 2798 Merito
1010 2770 1062 2805 igi-

283 2820 328 2845 tur
338 2815 382 2843 hic
395 2823 503 2852 quoque
519 2815 552 2844 de
575 2817 683 2845 Christo
709 2817 769 2844 ait:
793 2817 907 2852 Propter
931 2817 982 2844 hoc
1006 2817 1064 2851 ipse

319 2894 538 2927 "lla.t.ut,lo.
577 2894 739 2923 "ihid.l2.
778 2893 970 2926 "Psal.n,2.
1010 2893 1063 2919 nn

1130 2891 1186 2922 7,8.
1225 2892 1248 2909 “
1262 2893 1313 2920 lsa.
1331 2900 1367 2924 lx,
1384 2893 1409 2920 5.

1115 2361 1163 2396 γῆς
1172 2360 1261 2391 ἕνεκα,
1278 2360 1425 2396 δεδώρηται
1437 2360 1511 2395 αὐτῴ
1520 2360 1553 2387 τὰ
1567 2361 1721 2395 ἐγκείμενα.
1735 2361 1830 2394 Γέγονε
1842 2361 1896 2397 γὰρ

1115 2406 1233 2442 ὑπήκοος
1250 2405 1288 2441 τῷ
1304 2406 1390 2442 Πατρὶ
1412 2405 1492 2440 μέχρι
1505 2405 1619 2432 θανάτου
1630 2415 1636 2421 ·
1656 2406 1696 2432 διὸ
1708 2407 1754 2432 καὶ
1768 2406 1897 2441 κληρονο-

1114 2450 1196 2485 μήσει
1210 2450 1333 2481 πολλοὺς,
1344 2450 1390 2476 καὶ
1400 2450 1430 2475 οὐ
1449 2449 1591 2485 πρότερον,
1601 2450 1669 2476 ἀλλὰ
1684 2450 1789 2485 μετὰτὸ
1805 2459 1896 2486 παρα-

1111 2497 1220 2532 δοθῆναι
1233 2497 1272 2528 εἰς
1281 2496 1393 2523 θάνατον
1402 2495 1449 2531 τὴν
1458 2495 1546 2531 ψυχὴν
1565 2495 1658 2527 αὐτοῦ,
1676 2497 1722 2522 καὶ
1732 2497 1761 2522 ἐν
1774 2498 1829 2528 τοῖς
1838 2497 1897 2524 ἀνό-

1115 2550 1173 2578 μοις
1187 2541 1354 2577 λογισθῆναι,
1369 2540 1536 2572 Θεσπίζεται.
1554 2541 1603 2568 Διὰ
1616 2541 1702 2567 ταῦτα
1719 2541 1772 2577 γὰρ
1785 2543 1894 2577 εἴρηται

1113 2589 1326 2624 κληρονομήσειν
1334 2587 1456 2618 πολλοὺς,
1470 2587 1517 2613 καὶ
1529 2587 1583 2613 τῶν
1594 2586 1712 2622 ἰσχυρῶν
1729 2587 1851 2622 μερίσειν
1861 2587 1897 2613 τὰ

1112 2635 1205 2661 σκῦλα.
1214 2633 1348 2669 Ἡγοῢμαι
1361 2633 1389 2660 δὲ
1400 2633 1594 2668 ἀναμφιλόγως
1608 2633 1657 2668 τὴν
1673 2634 1704 2659 ἐκ
1713 2632 1816 2668 νεκρῶν
1830 2632 1897 2659 ἀνά-

1112 2689 1205 2708 στασιν
1220 2680 1267 2707 τοῦ
1283 2679 1521 2715 προφητευομὲνου
1530 2679 1574 2705 διὰ
1589 2679 1691 2706 τούτων
1703 2678 1893 2714 παρίστασθαι.

1111 2727 1173 2758 Πῶς
1189 2726 1243 2762 γὰρ
1258 2725 1344 2757 ἄλλως
1357 2725 1497 2760 ἐπινοῆσαι
1513 2725 1622 2752 δυνατὸν
1639 2725 1676 2756 ὡς
1697 2724 1831 2760 πρόϐατον
1850 2724 1896 2750 ἐπὶ

1112 2771 1218 2806 σφαγὴν
1241 2769 1367 2805 ἀχθέντα,
1393 2771 1439 2797 καὶ
1466 2770 1520 2797 ἀπὸ
1543 2769 1597 2796 τῶν
1621 2769 1741 2804 ἀνομιῶν
1764 2768 1810 2796 τοῦ
1831 2769 1897 2794 ‘10-.»-

1111 2815 1192 2842 δαίων
1208 2815 1272 2842 λαοῦ
1289 2815 1395 2850 θανάτῳ
1415 2814 1610 2851 παραδοθέντα,
1633 2815 1677 2841 καὶ
1699 2814 1765 2850 μετὰ
1789 2814 1897 2848 ἀνόμων

1447 2892 1468 2908 ⁵⁵
1480 2891 1552 2919 Psal.
1563 2898 1647 2922 uvn,
1667 2890 1709 2918 l2.
