2071 3219
179 198 232 225 185

627 195 954 224 DEMONSTRATIONIS
973 195 1202 224 EVANGELICA‘I
1222 196 1289 224 LIB.
1309 195 1354 223 Ill.

1755 198 1807 226 I86

177 255 348 290 λογισθέντα,
357 256 428 291 ταφῇ
438 263 466 282 τε
478 254 662 291 παραδοθέντα
669 263 676 270 ·
685 252 743 282 εἶτα
753 255 956 291 καθαριζόμενο

1019 254 1188 283 hareditabit
1204 255 1316 287 multos,
1322 258 1350 282 et
1364 254 1474 282 fortium
1490 253 1593 282 dividet
1607 254 1703 289 spolia.
1714 254 1801 287 Quam

177 301 229 328 ὑπὸ
240 300 287 327 τοῦ
310 300 426 336 Κυρίου,
442 300 487 327 καὶ
508 301 565 335 φῶς
582 301 646 336 παρ’
664 300 738 336 αὐτῷ
759 301 900 336 ὀψόμενον,
917 302 964 329 καὶ

178 346 396 383 κληρονομοῦντα
410 346 532 379 πολλοὺς,
546 347 593 373 καὶ
615 346 700 374 σκῦλα
717 349 772 379 τοῖς
787 346 895 379 οἰκείοις
908 347 965 374 δια-

178 392 311 426 νέμοντας
327 391 383 418 Καὶ
403 392 488 424 ἄλλως
508 392 536 419 δὲ
559 392 623 428 περὶ
642 393 690 427 τῆς
707 393 774 428 μετὰ
789 393 834 419 τὸν
851 393 963 419 θάνατον

178 437 353 470 ἀναϐιώσεως
368 438 449 464 αὑτοῦ
472 438 544 472 λέγει
565 447 614 465 που
636 438 812 474 προφητεύων
831 440 862 464 ὲκ
878 447 963 474 προσ-

177 483 251 510 ώπου
274 483 320 510 τοῦ
344 483 461 520 Χριστοῦ
491 485 505 510 ό
527 484 625 511 Δαδίδ¹
646 494 655 509 α
676 485 732 511 Οὐκ
759 484 963 519 ἐγκαταλείψεις

177 528 225 564 τὴν
243 528 332 564 ψυχήν
353 537 403 564 μου
426 530 465 561 εἰς
479 529 553 565 eam,
569 530 628 556 οὐδὲ
643 529 736 561 δώσεις
749 530 820 556 ὅσιόν
838 538 883 556 σου
901 531 963 557 ἰδεῖν

176 573 333 609 διαφθοράν.
353 584 362 600 ι
380 574 433 601 Καὶ
450 575 542 601 πάλιν·
561 584 570 600 (
588 575 682 610 Κύριε,
704 577 841 611 ἀνήγαγες
857 577 886 609 ἐξ
900 577 962 612 ᾅδου

177 621 226 655 τὴν
242 620 331 656 ψυχήν
352 630 412 655 μου,
433 621 536 653 ἕσωσάς
554 630 587 657 με
609 622 662 648 ἀπὸ
676 622 729 648 τῶν
746 622 963 649 καταϐαινόντων

176 667 217 698 εἰς
232 666 340 693 λάκκον.
361 676 370 692 ι
392 667 446 693 Καὶ
459 667 556 694 πάλιν
575 677 584 693 ι
611 668 639 694 '0
657 668 731 702 ὑψῶν
749 677 782 703 με
797 670 829 695 ἐκ
842 668 895 695 τῶν
913 678 962 695 πυ-

176 710 231 737 λῶν
243 711 291 738 τοῦ
310 712 435 744 θανάτου,
449 713 522 745 ὅπως
540 714 573 739 ἂν
589 713 737 748 ὲξαγγείλω
754 715 842 747 πάσας
861 715 909 746 τὰς
924 716 962 741 αὶ-

176 758 263 790 νέσεις
279 767 336 785 σου.
357 768 366 785 ι
388 759 498 791 Τούτοις
516 759 543 786 δὲ
567 761 648 787 πᾶσιν
662 760 819 795 ἀντιὸλέψαι
834 761 961 788 δύνασθαι

176 802 236 829 οὑδὲ
252 803 315 834 τοὺς
339 804 439 839 σφόδρα
465 805 720 839 ἁγνωμυνεστόιτους
742 806 870 841 ἠγοῦμαι.
888 807 961 842 Πλὴν

176 848 242 875 ἀλλὰ
266 848 316 884 τῆς
333 849 441 876 Ἡσαΐου
465 850 632 885 προφητείας
654 850 684 876 τὸ
708 851 892 887 συμπέρασμα
912 852 960 887 τὴν

175 894 259 921 πάλαι
273 895 380 930 στεῖραν
396 895 442 922 καὶ
456 895 556 930 ἔρημον
572 894 638 921 Θεοῦ
654 895 751 930 ψυχὴν,
766 896 781 931 ἧ
800 897 845 922 καὶ
861 897 960 931 μᾶλλον

1017 306 1108 331 autem
1126 303 1162 330 ob
1178 309 1236 330 rem
1253 302 1306 329 hoc
1319 301 1358 333 illi
1383 301 1477 328 datum
1499 301 1552 334 sit,
1568 301 1648 328 docet
1662 300 1801 335 deinceps,

1017 348 1064 375 ubi
1078 348 1116 375 ait
1129 357 1136 375 :
1156 357 1165 373 ι
1182 347 1236 374 Pro
1247 355 1279 374 eo
1289 345 1362 382 quod
1380 347 1479 373 tradita
1490 351 1532 374 est
1546 347 1573 373 in
1585 350 1699 373 mortem
1712 346 1801 373 anima

1017 394 1087 428 ejus,
1105 397 1131 421 et
1144 402 1206 420 cum
1225 393 1326 428 iniquis
1339 393 1488 428 deputatus
1503 397 1545 420 est
1558 402 1564 420 :
1580 398 1607 419 et
1622 393 1678 427 ipsc
1691 398 1801 426 peccata

1018 440 1164 466 multorum
1181 439 1255 471 tulit,
1275 443 1301 466 et
1320 444 1430 474 propter
1445 443 1555 473 peccata
1569 446 1664 465 eorum
1686 438 1801 466 traditus

1016 489 1057 510 est
1071 484 1104 510 ".
1125 493 1134 509 ι
1154 483 1206 510 Pro
1226 484 1268 510 his
1285 484 1356 511 enim
1372 491 1552 510 remunerans
1569 483 1645 510 illum
1660 483 1751 515 Pater,
1769 491 1801 511 eo

1016 528 1089 564 quod
1104 529 1178 556 dicto
1202 529 1315 555 audiens
1340 528 1422 555 fuerit
1452 528 1676 562 sustinueritque,
1690 527 1801 554 donavit

1017 575 1091 601 illum
1113 574 1147 601 iis
1158 582 1219 609 qua:
1241 574 1365 608 exposita
1385 578 1458 600 sunt.
1477 573 1576 601 Factus
1591 573 1663 600 enim
1678 578 1720 600 est
1735 573 1801 600 obe—

1016 621 1092 648 diens
1117 620 1189 647 Patri
1218 627 1305 654 usque
1335 618 1369 646 ad
1395 623 1528 646 mortem:
1547 626 1632 653 quare
1652 619 1799 645 multorum

1016 674 1124 700 quoque
1156 666 1342 693 liaereditatem
1370 669 1583 692 consecuturqu
1608 665 1684 692 illum
1714 665 1798 695 canit.

1015 720 1069 740 non
1081 712 1156 747 prius
1172 716 1264 740 tamen
1282 720 1362 747 quam
1379 713 1478 740 tradita
1494 712 1575 739 fuerit
1591 713 1680 738 anima
1695 711 1755 746 ejus
1771 711 1798 738 in

1015 763 1139 790 mortem.
1156 764 1254 786 etcum
1268 759 1369 794 iniquis
1388 760 1424 786 sit
1442 759 1599 793 deputatus.
1615 757 1728 792 Propter
1742 757 1799 784 haec

1014 804 1085 831 enim
1094 804 1195 830 dictum
1204 808 1256 836 est,
1267 804 1342 831 illum
1355 803 1577 830 haereditaturum
1589 802 1699 834 multos,
1708 806 1735 828 et
1744 801 1800 829 for-

1014 852 1079 876 tium
1096 849 1247 877 divisurum
1265 850 1361 884 spolia.
1383 849 1453 876 Puto
1477 853 1567 875 autem
1584 848 1735 875 indubitate
1755 855 1797 874 re-

1013 894 1163 922 versionem
1178 894 1237 928 ejus
1251 902 1266 921 a
1276 893 1389 920 mortuis
1400 893 1545 928 signiﬁcari
1555 892 1653 918 talibus
1662 890 1796 918 oraculis:

174 938 224 974 τὴν
245 939 275 971 ἐξ
295 939 380 965 ἐθνῶν
401 940 562 974 Ἐκκλησίαν
577 941 789 975 εὐαγγελίζεται,
810 942 956 974 ἀκολούθως

1017 939 1091 974 101
1108 939 1154 974 qui
1168 939 1239 966 enim
1261 939 1320 966 ﬁeri
1345 942 1444 973 potest,
1464 942 1492 965 ut
1509 939 1587 965 aliter
1599 937 1632 964 de
1648 945 1681 964 eo
1697 936 1796 964 intelli-

174 985 208 1019 τῇ
231 984 332 1019 θεωρίᾳ
354 984 408 1011 τῶν
432 985 593 1020 εἰρημένων.
618 986 724 1022 Ἐπειδὴ
739 987 793 1023 γὰρ
817 988 850 1014 τὰ
875 989 962 1015 πάντα

172 1029 207 1055 δι’
233 1030 317 1066 αὐτὴν
343 1032 357 1057 ό
380 1031 495 1066 Χριστὸς
517 1031 670 1066 ὑπέμεινεν,
691 1033 801 1065 εἰκότως
826 1034 895 1069 μετὰ
913 1034 962 1065 τὰς

173 1075 238 1110 περὶ
259 1075 341 1102 αὐτοῦ
356 1077 521 1112 προρρήσεις
543 1078 666 1113 ἐπιφέρει
689 1078 791 1112 λέγων·
808 1088 817 1103 Ι
836 1080 961 1114 Εὐφράν-

173 1121 235 1155 θητι
256 1121 349 1157 στείρα
364 1123 381 1157 ὴ
397 1123 428 1148 οὺ
448 1122 585 1155 τίκτουσα,
602 1124 680 1159 ῥῆξον
701 1126 746 1150 καὶ
762 1124 858 1160 βόησον
875 1126 891 1159 ἡ
912 1126 961 1151 οὐκ

171 1168 318 1194 ὠδίνουσαι
338 1170 378 1195 ὅτι
395 1169 478 1196 πολλὰ
495 1170 528 1196 τὰ
546 1170 628 1197 τέχνα
648 1171 696 1205 τῆς
713 1171 815 1206 ἐρήμου
831 1172 959 1207 μᾶλλονῆ

170 1214 221 1248 τῆς
237 1215 352 1250 ἐχούσης
368 1216 413 1241 τὸν
429 1216 522 1252 ἄνδρα.
537 1214 604 1242 Eine
623 1217 677 1252 γὰρ
692 1216 806 1251 Κύριος·
825 1217 960 1244 Πλάτυνον

170 1260 217 1285 τὸν
233 1260 315 1288 τόπον
329 1261 379 1295 τῆς
391 1262 492 1296 σκηνῆς
507 1270 553 1288 σου
571 1263 617 1289 καὶ
632 1262 686 1288 τῶν
700 1263 817 1289 αὺλαιῶν
831 1273 888 1296 σου,
908 1265 959 1299 πῆ-

171 1305 225 1337 ξον,
251 1306 286 1341 μὴ
311 1306 392 1343 φείσῃ
408 1316 414 1322 ·
431 1307 562 1334 πλατυνον
585 1308 619 1334 τὰ
641 1309 816 1344 σχοινίσματά
831 1319 887 1341 σου,
912 1312 958 1337 καὶ

170 1351 234 1382 τοὺς
246 1352 399 1384 πασσάλους
416 1361 462 1378 σου
476 1354 650 1388 κατίσχυσον·
668 1354 706 1380 ἔτι
724 1356 764 1387 είς
780 1356 812 1382 τὰ
826 1356 900 1389 δεξιὰ
913 1358 958 1384 καὶ

170 1398 210 1428 εἰς
226 1397 260 1423 τὰ
275 1398 406 1434 ἀριστερὰ
426 1399 584 1430 ὲκπέτασον,
601 1400 647 1426 καὶ
664 1401 693 1426 τὸ
709 1401 818 1437 σπέρμα
832 1412 878 1429 σου
895 1403 956 1440 ἔθνη

169 1443 378 1479 κληρονομήσει.
396 1454 405 1469 ι
429 1445 560 1472 Ἐνταῦθα
578 1446 606 1472 δὲ
630 1446 677 1481 τὴν
695 1446 724 1479 ἐξ
741 1447 828 1475 ἐθνῶν
845 1449 958 1485 Ἐκκλη-

170 1489 231 1516 σίαν
244 1489 304 1516 καθ’
319 1489 381 1523 ὅλης
391 1490 440 1525 τῆς
455 1490 616 1526 οἰκουμένης
632 1492 826 1529 ὲξηπλωμένην
843 1495 890 1521 καὶ
905 1496 957 1522 ἀπὸ

168 1536 307 1563 ἀνατολῶν
318 1536 392 1572 ἡλίου
408 1537 488 1573 μέχρι
501 1537 609 1573 δυσμῶν
625 1540 839 1575 παρατείνουσαν
853 1541 866 1567 ὁ
879 1542 957 1576 λόγος

168 1582 384 1616 εὐαγγελίζεται,
404 1583 559 1617 σαφέστατα
584 1584 662 1611 τοῦτο
684 1586 818 1621 παριστὰς
831 1586 875 1613 διὰ
890 1587 937 1614 τοῦ
948 1597 955 1603 ·

170 1638 180 1653 ε
199 1628 254 1654 Καὶ
267 1628 298 1655 τὸ
315 1629 425 1664 σπέρμα
446 1637 492 1655 σου
506 1630 568 1665 ἔθνη
587 1630 793 1667 κληρονομήσει.
810 1642 818 1658 ι
832 1633 957 1666 Πλείονος

167 1674 196 1700 δὲ
206 1673 368 1709 ἐξεργασίας
382 1674 514 1709 δεομένων
528 1668 666 1703 τῶνκατὰ
679 1678 724 1704 τὸν
736 1678 826 1711 τόπον,
843 1680 956 1715 ἀρκούν-

166 1729 222 1751 τως
244 1721 293 1747 ἐπὶ
318 1720 366 1747 τοῦ
399 1722 531 1756 παρόντος
556 1723 632 1749 ταῦθ’
664 1724 728 1759 ἡμῖν
754 1726 954 1761 ἑπιτετμήσθω.

167 1765 286 1792 Πλεῖστα
298 1766 320 1793 δ’
335 1766 367 1793 ἂν
385 1768 431 1793 καὶ
443 1767 523 1799 αὐτὸς
536 1768 582 1794 ἐπὶ
607 1770 704 1805 σχολῆς
720 1772 898 1804 ἀναλέξασθαι
912 1773 957 1799 δύ-

166 1820 228 1838 ναιο
248 1812 372 1847 περὶτοῦ
390 1814 577 1849 προκειμένου.
596 1815 651 1841 Καὶ
669 1817 685 1850 ἠ
703 1817 826 1851 παροῦσα
841 1818 868 1844 δὲ
884 1827 955 1854 πρα-

167 1858 288 1892 γματεία
309 1858 359 1893 τῆς
380 1859 558 1895 εὑαγγελικῆς
582 1861 745 1894 ἀποδείξεως
770 1864 839 1890 κατὰ
862 1865 954 1899 καιρὸν

166 1903 272 1930 ἕκαστα
300 1903 488 1939 παραδώσεταί
515 1913 543 1931 τε
570 1905 615 1930 καὶ
643 1906 815 1941 ἑρμηνεύσει.
836 1907 909 1939 Τέως
927 1907 954 1933 δὲ

166 1949 215 1975 ἐπὶ
229 1947 275 1975 τοῦ
293 1949 424 1984 παρόντος
444 1949 493 1985 τῆς
507 1950 560 1976 τῶν
582 1951 729 1986 προφητῶν
755 1952 819 1986 περ).
839 1953 888 1988 τῆς
908 1953 953 1979 τοῦ

166 1994 293 2030 Σωτῆρος
303 1995 381 2030 ἡμῶν
396 1996 584 2031 προρρήσεως,
599 1998 644 2023 καὶ
657 1997 694 2029 ὡς
710 1999 790 2024 πᾶσιν
803 1998 955 2034 ἀνθρώποις

165 2041 216 2075 τὴν
231 2040 285 2067 τῶν
303 2040 452 2076 μελλόντων
467 2042 575 2076 ἀγαθῶν
590 2043 738 2078 παρουσίαν
755 2044 953 2079 εὐηγγελίζετο,

167 2087 268 2118 ἱκανῶς
283 2086 339 2122 ἔχει
351 2087 385 2113 τὰ
398 2088 540 2122 εἰρημένα,
553 2089 797 2124 προαναφωνοῦντα
816 2090 953 2125 προφήτου

164 2132 237 2164 τινὸς
249 2132 350 2167 ἄφιξιν,
367 2134 414 2160 καὶ
430 2134 567 2161 εὐσέϐειαν
581 2135 724 2170 νομοθέτου
741 2136 852 2162 Μωῦσεῖ
867 2145 954 2172 παρα-

164 2178 290 2213 πλησίου,
306 2178 383 2212 γένος
399 2188 428 2206 τε
446 2179 536 2211 αὐτοῦ,
558 2180 604 2205 καὶ
627 2180 722 2215 φυλὴν,
736 2181 781 2207 καὶ
801 2180 880 2207 τόπον
894 2181 953 2207 ὅθεν

163 2224 369 2259 προελεύσεται,
382 2226 476 2260 χρόνον
496 2224 524 2251 ἡ
541 2226 602 2252 καθ’
614 2226 642 2252 ὃν
656 2226 725 2261 ἣξει,
755 2227 953 2262 προφητεὺεται

1013 997 1119 1024 gamus.
1136 990 1181 1024 qui
1194 993 1323 1024 tanquam
1335 989 1395 1015 ovis
1414 989 1447 1015 ad
1462 988 1627 1015 occisionem
1643 988 1678 1015 sit
1687 987 1797 1020 ductus,

1012 1041 1039 1062 et
1062 1036 1097 1063 ab
1122 1036 1313 1070 iniquitatibus
1335 1035 1440 1062 Iudaici
1454 1034 1547 1069 populi
1560 1034 1676 1061 traditus
1702 1033 1738 1060 sit
1762 1033 1796 1060 ad

1012 1085 1137 1113 mortem,
1151 1086 1178 1108 et
1193 1089 1254 1108 cum
1273 1081 1374 1116 iniquis
1400 1081 1546 1115 deputatus
1559 1100 1566 1112 ,
1596 1079 1798 1113 sepulturaeque

1011 1126 1218 1154 commendatus
1236 1146 1243 1158 ,
1262 1125 1361 1153 deinde
1374 1129 1506 1160 purgatus
1526 1133 1541 1151 a
1561 1123 1698 1151 Domino?
1712 1129 1738 1151 et
1752 1124 1797 1151 lu-

1010 1179 1069 1198 cem
1083 1179 1164 1206 penes
1177 1179 1206 1199 se
1218 1172 1327 1199 visurus
1343 1171 1389 1203 sit,
1405 1174 1432 1197 et
1445 1170 1592 1197 multorum
1609 1169 1795 1196 hwreditatem

1010 1220 1220 1249 consecuturus,
1235 1221 1261 1243 et
1276 1216 1334 1244 suis
1350 1216 1437 1251 spolia
1455 1216 1594 1243 divisurus
1613 1215 1624 1242 ?
1648 1214 1702 1241 Sed
1718 1215 1797 1242 aliter

1010 1270 1119 1297 quoque
1134 1262 1167 1289 de
1180 1262 1254 1289 illius
1268 1262 1358 1288 reditu
1373 1262 1400 1288 in
1414 1261 1507 1292 vitam,
1523 1265 1585 1295 post
1603 1262 1717 1287 mortem
1730 1259 1798 1286 dicit

1010 1309 1127 1344 quodam
1144 1309 1203 1335 loco
1223 1308 1376 1335 vaticinans
1389 1307 1472 1334 David
1488 1316 1520 1334 ex
1540 1314 1656 1342 persona
1667 1307 1768 1333 Christi
1787 1315 1793 1333 :

1012 1365 1021 1381 ‹
1040 1355 1098 1382 Non
1114 1355 1251 1390 relinques
1267 1355 1386 1381 animatn
1416 1362 1504 1382 meam
1531 1354 1558 1381 in
1574 1353 1692 1386 inferno,
1708 1361 1796 1387 neque

1009 1402 1086 1429 dabis
1102 1406 1227 1429 sanctum
1250 1408 1326 1428 tuum
1342 1401 1434 1428 videre
1451 1400 1655 1435 corruptionem
1671 1399 1706 1426 ⁵⁷.
1735 1407 1746 1424 ι
1763 1398 1796 1425 (ἐι

1009 1448 1072 1475 alibi
1090 1456 1112 1474 ει
1130 1447 1252 1479 Domine,
1262 1447 1381 1474 eduxisti
1397 1447 1431 1473 ab
1442 1446 1550 1473 inferno
1564 1446 1682 1472 animam
1696 1452 1794 1475 meam,

1009 1492 1118 1519 salvasti
1144 1499 1186 1518 me
1207 1499 1222 1518 a
1247 1491 1481 1519 descendentibus
1509 1491 1537 1517 in
1560 1491 1649 1517 lacum
1670 1490 1705 1518 ⁵⁵.
1734 1499 1742 1516 ι
1761 1489 1794 1516 Et

1007 1537 1070 1564 alibi
1085 1547 1092 1564 :
1108 1546 1117 1562 ι
1135 1537 1186 1570 Qui
1200 1537 1303 1565 exaltas
1320 1545 1362 1564 me
1376 1537 1409 1564 de
1420 1537 1506 1572 portis
1523 1537 1628 1568 mortis,
1645 1539 1674 1563 ut
1687 1543 1794 1562 annun-

1008 1584 1070 1611 tiem
1098 1591 1192 1611 omnes
1225 1583 1396 1611 laudationes
1429 1588 1491 1611 tuas
1509 1583 1543 1610 ⁵⁸.
1572 1593 1581 1609 ι
1608 1583 1708 1610 Contra
1735 1590 1794 1609 om-

1008 1630 1052 1657 nia
1076 1630 1133 1657 hzec
1156 1629 1298 1657 intendere
1313 1630 1394 1656 ullam
1420 1630 1518 1660 aciem,
1536 1637 1570 1656 ne
1588 1629 1793 1657 inimicissimos

1006 1675 1115 1711 quidem
1132 1680 1212 1710 atque
1228 1675 1429 1710 ingratissimos
1438 1683 1517 1710 posse
1532 1675 1658 1701 arbitror.
1678 1674 1793 1702 Verum-

1007 1725 1096 1749 tamen
1111 1721 1172 1756 ejus
1191 1722 1338 1757 prophetia:
1354 1722 1507 1753 conclusio,
1523 1721 1602 1756 cujus
1616 1726 1712 1748 auctor
1737 1720 1793 1748 lsa—

1007 1769 1058 1800 ias,
1079 1768 1199 1795 sterilem
1212 1768 1285 1794 illaut
1300 1768 1437 1802 quondam
1453 1772 1480 1795 et
1494 1768 1628 1795 desertam
1644 1775 1657 1794 a
1671 1767 1726 1794 Deo
1737 1768 1793 1794 ani-

1007 1821 1088 1845 mam,
1104 1818 1150 1840 aut
1166 1814 1254 1848 politis
1268 1813 1417 1840 Ecclesiatn
1438 1813 1472 1840 de
1485 1813 1612 1848 gentibus
1638 1813 1791 1844 collectam,

1006 1860 1074 1887 lzetis
1093 1860 1216 1891 vocibus.
1247 1860 1376 1894 bonoque
1397 1859 1493 1886 nuntio
1510 1859 1697 1894 prosequitur,
1727 1866 1791 1886 cum

1006 1907 1059 1933 illis
1076 1907 1169 1941 utique
1181 1906 1409 1940 recordans,quze
1420 1906 1476 1940 jam
1494 1906 1668 1940 contemplati
1684 1912 1790 1933 sumus.

1005 1951 1072 1978 Nam
1103 1960 1164 1979 cum
1186 1956 1297 1987 propter
1308 1959 1369 1978 eam
1384 1951 1510 1979 Christus
1531 1952 1622 1978 omnia
1636 1951 1788 1985 pertulerit,

1006 1998 1102 2025 merito
1125 2002 1186 2033 post
1204 2006 1235 2025 ea
1251 2018 1258 2030 ,
1287 2005 1347 2033 quae
1362 1998 1395 2025 de
1410 1998 1456 2024 illo
1473 1998 1616 2032 praedixit,
1642 1996 1764 2031 adjungit
1779 2004 1789 2024 :

1008 2053 1017 2068 ‹
1034 2043 1147 2075 Lzetare,
1166 2044 1265 2078 inquit,
1284 2043 1383 2071 sterilis
1399 2051 1460 2078 qua).
1474 2051 1527 2070 non
1539 2044 1624 2078 paris,
1641 2043 1791 2070 vociferare

1004 2094 1031 2116 et
1046 2090 1144 2121 clama,
1166 2097 1226 2124 quae
1243 2097 1295 2116 non
1313 2090 1432 2124 parturis
1451 2097 1457 2115 :
1482 2090 1611 2124 quoniam
1638 2090 1716 2116 inulti
1742 2090 1790 2117 lilii

1004 2135 1118 2162 desertae
1133 2136 1230 2171 magis,
1246 2143 1328 2170 quam
1354 2136 1414 2171 ejus
1427 2144 1488 2171 qnse
1506 2137 1587 2163 habet
1602 2136 1702 2163 virum.
1719 2136 1790 2163 Dixit

1004 2182 1075 2208 enim
1097 2182 1247 2210 Dominus:
1267 2182 1355 2209 llilata
1374 2183 1464 2210 locum
1483 2182 1593 2209 tentorii
1623 2183 1674 2215 tui,
1688 2187 1716 2210 et
1730 2183 1788 2217 pel-

1004 2228 1044 2255 les
1057 2228 1296 2255 tabernaculorum
1315 2233 1423 2256 tuorutn
1439 2229 1499 2263 fige,
1516 2237 1550 2255 ne
1566 2236 1662 2263 parcas
1676 2238 1682 2256 :
1705 2229 1788 2255 dilata

164 2271 213 2297 καὶ
228 2271 345 2305 γένεσιν,
364 2273 411 2299 καὶ
426 2273 562 2309 τελευτὴν,
579 2275 625 2300 καὶ
636 2275 792 2307 ἀναϐίωσιν,
807 2277 853 2302 καὶ
868 2277 952 2312 ἀρχὴν

1008 2273 1141 2300 l‘unicnlos
1159 2278 1271 2305 tuos,et
1295 2274 1387 2301 clavos
1400 2280 1459 2301 tuos
1479 2275 1643 2301 corrobora:
1671 2275 1788 2309 amplius

163 2315 215 2352 τὴν
228 2316 299 2343 κατὰ
318 2317 427 2344 πάντων
440 2318 539 2345 ἐθνῶν·
562 2319 579 2345 ἃ
600 2319 631 2353 δὴ
655 2320 741 2346 πάντα
758 2321 890 2356 παρέστη,
905 2322 951 2348 καὶ

163 2361 205 2388 ἔτι
223 2362 321 2397 μᾶλλον
332 2362 377 2389 διὰ
389 2363 442 2389 τῶν
455 2363 518 2398 ἑξῆς
535 2366 738 2400 παραστήσεται
755 2367 800 2392 ἐπὶ
815 2367 893 2401 μόνον
906 2367 950 2393 τὸν

163 2407 279 2444 Σωτῆρα
294 2409 341 2435 καὶ
362 2409 462 2445 Κύριον
486 2410 564 2446 ἡμῶν
587 2414 847 2448 συμπεπερασμένα.
873 2413 951 2441 Ἀλλὰ

162 2453 250 2480 ταῦτα
267 2454 315 2490 μὲν
337 2454 391 2482 ἀπὸ
410 2456 463 2482 τῶν
485 2457 563 2492 ἱερῶν
586 2457 682 2492 λογίων
708 2460 763 2490 τοῖς
780 2460 950 2487 πιστεύουσιν

161 2499 255 2531 αὐτοῖς
272 2501 498 2536 παρατεθήσεται·
511 2504 567 2534 τοῖς
582 2503 603 2528 5‘
616 2503 757 2530 ἀπειθοῦσι
772 2506 831 2536 ταῖς
846 2514 950 2541 προφψ

161 2546 252 2577 τικαίς
267 2545 389 2582 Γραφαῖς
412 2547 482 2579 ἰδίως
500 2549 700 2584 ἀπαντήσομεν,
721 2550 758 2581 ὡς
773 2551 837 2586 περὶ
854 2552 950 2587 ἀνδρὸς

162 2591 263 2623 κοινοῦ,
280 2593 326 2619 καὶ
343 2595 399 2624 τοῖς
416 2593 518 2625 λοιποῖς
533 2596 721 2631 παραπλησίου
737 2597 805 2628 τέως
821 2598 870 2633 τὴν
890 2598 948 2630 ἐξέ-

161 2647 239 2666 τασιν
253 2641 408 2677 ποιούμενοι
417 2650 424 2657 '
437 2642 489 2675 ἵνα,
502 2644 601 2670 ὁπόταν
619 2644 727 2671 πάντων
744 2645 797 2672 τῶν
811 2646 839 2678 ἐξ
853 2647 948 2678 αἰῶνος

162 2685 312 2720 βοηθέντων
322 2687 351 2713 ἐν
368 2687 530 2723 ἀνθρώποις,
556 2689 622 2716 πολὺ
645 2691 776 2725 κρείττων
791 2692 948 2728 ἀσυγκρίτῳ

161 2731 280 2767 ὑπεροχῇ
297 2732 344 2759 καὶ
363 2732 498 2769 διαφέρων
520 2735 653 2769 ἀναφανῇ,
673 2737 830 2771 τοτηνικάδε
847 2738 893 2764 καὶ
914 2738 947 2765 τὰ

162 2777 225 2812 περὶ
236 2777 287 2813 τῆς
300 2777 438 2814 θειοτέρας
455 2780 537 2806 αὐτοῦ
552 2781 657 2815 φύσεως
673 2782 742 2808 κατὰ
754 2783 847 2818 καιρὸν
860 2784 947 2811 διαλά·

161 2821 260 2856 ὁωμεν,
278 2822 307 2855 ἐξ
324 2823 447 2859 ἐναργῶν
460 2823 513 2859 τῶν
526 2824 687 2857 ἀποδείξεων
701 2827 894 2861 παριστῶντες,
909 2828 945 2858 ὡς

1003 2320 1036 2347 ad
1052 2319 1174 2347 dextram
1187 2325 1213 2348 et
1225 2321 1258 2348 ad
1274 2321 1411 2348 sinistram
1425 2320 1549 2352 extende,
1564 2324 1590 2347 et
1606 2329 1697 2348 semen
1713 2325 1788 2347 tuum

1003 2373 1096 2403 gentes
1125 2367 1293 2395 haereditabit
1308 2367 1340 2393 ⁸ο.
1364 2377 1373 2392 ι
1392 2367 1439 2394 llis
1465 2371 1554 2394 autem
1583 2367 1674 2393 verbis
1694 2366 1788 2393 Ecele-

1004 2415 1072 2441 siam
1089 2415 1122 2441 de
1135 2413 1261 2449 gentibus
1279 2412 1432 2444 collectam,
1446 2418 1472 2440 et
1499 2416 1557 2439 toto
1571 2413 1636 2439 orbe
1651 2416 1785 2438 terrarum

1003 2460 1141 2492 ditl‘usam,
1157 2463 1183 2486 ct
1200 2459 1234 2485 ab
1248 2462 1308 2484 ortu
1338 2458 1405 2485 solis
1427 2458 1460 2485 ad
1483 2465 1610 2485 occasum
1636 2462 1785 2489 extentam,

1003 2505 1143 2532 oraculum
1159 2505 1243 2532 lactari
1258 2505 1345 2538 jubet,
1359 2504 1516 2539 planissime
1528 2504 1579 2530 hoc
1593 2503 1680 2537 ipsum
1703 2503 1788 2538 signi-

1003 2552 1098 2584 ﬁcans,
1113 2552 1157 2578 ubi
1185 2552 1222 2578 ait
1235 2561 1240 2577 :
1261 2560 1270 2576 ‹
1289 2550 1321 2577 Et
1336 2558 1427 2578 semen
1442 2556 1517 2577 tuum
1534 2554 1628 2585 gentes
1643 2549 1787 2577 haeredita-

1002 2597 1050 2624 bit.
1072 2607 1080 2622 ι
1098 2596 1164 2624 Cum
1180 2601 1270 2624 autem
1282 2596 1429 2631 longiorem
1442 2595 1659 2630 explanationem
1677 2595 1786 2622 deside-

1003 2647 1061 2671 rent
1071 2651 1113 2676 ea,
1128 2652 1187 2679 quae
1201 2644 1234 2670 ad
1260 2644 1332 2670 hunc
1348 2644 1437 2670 locum
1453 2646 1587 2677 spectant,
1610 2642 1717 2669 abunde
1736 2650 1785 2669 no-

1001 2690 1042 2717 bis
1059 2690 1115 2716 haec
1128 2689 1282 2724 compendii
1300 2690 1389 2716 locum
1409 2688 1567 2723 explebunt.
1589 2687 1656 2714 Nam
1674 2691 1703 2714 tu
1714 2695 1784 2722 quo-

999 2742 1052 2768 que
1064 2742 1111 2768 per
1124 2734 1208 2761 otium
1220 2734 1305 2760 multa
1322 2734 1399 2768 plura
1412 2732 1661 2767 colligere-poteris,
1677 2739 1738 2766 quae
1749 2732 1780 2759 ad

1000 2781 1070 2808 idem
1087 2781 1254 2815 propositum
1268 2783 1401 2814 spectent.
1418 2778 1469 2807 Sed
1479 2780 1565 2814 ipsum
1577 2786 1684 2814 quoque
1700 2786 1783 2806 evan-

1000 2828 1091 2863 gelicae
1109 2826 1350 2854 demonstrationis
1384 2827 1551 2860 propOsitum
1574 2826 1646 2861 quod
1664 2832 1735 2852 nunc
1753 2824 1780 2851 in

193 2902 217 2917 "
228 2902 281 2931 lsa.
298 2902 414 2937 “11,12.
452 2903 474 2920 ⁸⁷
489 2903 560 2931 Psal.
575 2912 619 2937 xv,
637 2903 680 2931 10.
719 2905 741 2920 ⁵⁸
752 2904 821 2933 Psal.
835 2906 943 2936 xxtxJ.
982 2906 1003 2922 "
1016 2904 1087 2934 Psal.
1104 2913 1142 2937 ix.
1158 2906 1200 2933 Pi.
1239 2906 1261 2920 ⁶⁰
1273 2906 1322 2933 lsa.
1334 2913 1388 2937 ιιιν,
1405 2905 1461 2932 l-‘S.
