2071 3219
293 202 345 229 183

624 201 760 230 EUSEBII
777 201 1015 230 ειΕδΑιιιΕΝειε
1033 201 1067 229 Ol

1130 201 1220 229 PARS
1237 202 1270 229 ΙΙ.
1291 217 1326 223 -
1343 201 1591 231 APOLOGETICA.

1851 205 1902 232 ιει

290 257 460 293 prophetiam
480 257 642 291 terminare.
665 258 688 286 si
712 258 779 285 nihil
802 257 918 292 amplius
946 258 1066 285 futurum

1119 257 1224 285 αἰώνιον
1253 258 1324 294 ζωὴν
1346 259 1438 292 αὑτοῦ,
1454 261 1503 296 τὴν
1522 260 1590 295 μετὰ
1608 260 1653 287 τὴν
1676 261 1798 293 θάνατον,
1820 261 1836 297 ἢ
1856 263 1902 288 τδν

292 308 353 339 post
367 304 467 331 Christi
493 309 608 332 mortem
634 304 758 337 vidisset,
779 304 826 332 sed
840 304 979 340 quoniam,
995 304 1069 332 brevi

291 357 368 376 mora
387 349 541 384 inter-jecta,
557 354 616 377 erat
634 358 648 377 a
666 354 754 378 morte
768 351 825 378 sive
838 357 853 376 a
873 350 1013 385 sepultura
1027 357 1069 377 re-

290 395 467 431 migraturus.
484 399 566 430 atque
593 396 621 423 in
647 396 730 423 vitam
759 396 954 427 restituendus,
971 395 1004 423 de
1019 395 1070 422 hac

289 448 398 476 quoque
415 448 444 468 re
465 441 593 476 deinceps
620 441 677 468 lucc
707 441 791 473 addit,
812 441 852 468 sic
869 441 962 468 dicens
981 450 987 467 ε
1009 449 1018 465 ‹
1037 439 1070 466 Ει

290 485 421 514 Dominus
440 487 497 513 vult
516 494 630 522 purgare
646 494 707 514 eum
729 494 744 513 a
759 487 835 522 plaga
856 487 879 514 si
895 487 1021 518 traditus,
1034 487 1070 513 sit

291 540 339 566 pro
349 535 470 567 peccato.
482 533 576 559 Anima
583 536 673 560 vestra
684 533 785 560 videbit
796 541 886 560 semen
899 533 1047 568 longaevum
1060 542 1067 560 :

289 581 317 605 et
333 578 390 604 vult
415 577 544 605 Dominus
561 578 670 606 auferre
696 579 814 605 alahore
838 578 936 605 animas
955 578 1024 613 ejus,
1040 582 1070 605 ut

290 623 417 651 ostendat
432 624 455 651 ei
473 624 602 651 lucem".
615 634 625 650 υ
642 623 693 657 Qui
709 624 834 658 superius
847 623 916 650 dixit
935 632 962 650 :1
982 623 1069 650 Homo

293 669 320 696 in
336 669 412 704 plaga
429 671 606 702 constitutus,
625 680 634 696 ρ
651 675 678 697 et
691 679 700 695 1
719 670 764 704 qui
777 669 852 696 novit
867 669 938 696 ferre
955 669 1070 705 languo-

290 721 358 746 rem,
387 724 397 740 ι
422 723 494 742 nunc
517 719 576 750 post
597 719 710 742 mortem
741 715 800 749 ejus
830 719 857 742 et
879 715 1065 750 sepulturam:

292 767 302 784 1
316 758 458 790 Dominus,
474 760 572 794 inquit.
593 760 649 787 vult
661 767 778 794 purgare
791 767 853 786 eum
869 766 884 785 a
900 759 989 795 plaga,
1011 768 1020 785 ι
1041 763 1068 787 et

290 804 338 838 qui
356 803 408 830 hoc
426 804 488 830 ﬂet?
511 813 519 829 1
539 803 562 831 si
575 804 701 835 traditusI
718 804 817 839 inquit,
833 803 915 831 fuerit
937 812 985 840 pro
1004 812 1068 839 pec-

287 852 360 880 cato,
385 848 475 875 anima
497 852 587 876 vestra
617 849 718 876 videbit
743 857 835 878 semen
867 850 1036 885 longaevum;
1055 859 1064 875 ι

288 901 343 922 non
361 895 434 922 enim
447 895 574 923 omnibus
590 903 750 923 concessum
765 899 808 923 est
823 897 972 931 longalvum
988 897 1068 925 Chri-

1120 303 1181 330 καθ’
1198 304 1262 339 ὅλης
1273 304 1323 340 τῆς
1341 305 1499 341 οἰκουμένης
1520 307 1704 341 ὲπισπαρέντα
1722 307 1804 334 αὑτοῦ
1823 308 1902 342 λόγον

1122 351 1268 386 μακρόϐιον
1297 351 1434 387 ἐσόμενον,
1462 353 1508 379 καὶ
1530 354 1568 384 εἰς
1593 353 1623 380 τὸ
1646 353 1689 380 ἀεὶ
1711 353 1898 389 διαρκέσοντα.

1120 396 1204 422 Πάλιν
1230 395 1364 432 ἀνώτερον
1387 397 1482 429 εἰπὼν,
1503 408 1511 422 1
1530 399 1584 424 Καὶ
1614 399 1694 434 ἡμεῖς
1720 398 1900 434 ἐλογισάμεθα

1120 442 1199 469 αὑτὸν
1209 441 1277 469 εἰναι
1293 443 1321 469 ὲν
1337 443 1418 478 πόνῳ,
1439 453 1448 468 ι
1461 443 1507 470 νῦν
1527 443 1594 478 μετὰ
1614 444 1662 478 τὴν
1676 444 1781 479 σφαγὴν
1797 445 1899 473 καὶτὸν

1120 487 1232 514 θάνατον
1252 488 1343 519 αὑτοῦ,
1365 487 1445 522 φησίν
1456 496 1462 502 ·
1483 497 1491 513 1
1510 488 1564 514 Καὶ
1581 488 1701 523 βούλεται
1718 488 1818 524 Κύριος
1834 490 1900 524 ἀφε-

1119 533 1174 559 λεῖν
1189 532 1243 559 ἀπὸ
1264 532 1311 560 τοῦ
1335 533 1416 559 πόνου
1438 533 1488 568 τῆς
1503 532 1592 568 ψυχῆς
1617 533 1708 566 αὐτοῦ,
1723 533 1806 567 δεῖξαι.
1827 534 1900 570 αὐτῷ

1119 577 1185 612 φῶς.
1204 587 1212 603 ι
1234 579 1309 605 Ἐπεὶ
1331 578 1420 605 τοίνυν
1436 578 1593 614 βεϐούληται
1613 578 1722 614 Κύριος,
1735 580 1749 605 ό
1765 579 1818 606 τῶν
1832 580 1899 607 ὅλων

1118 622 1183 655 Θεὸς
1199 623 1346 659 καθαρίσαι
1369 623 1449 650 αὐτὸν
1462 624 1510 659 τῆς
1528 624 1642 659 πληγῆς,
1667 625 1712 651 καὶ
1729 625 1813 657 δεῖξαι
1827 626 1899 661 αὺτῷ

1119 667 1185 702 φῶς,
1200 668 1307 700 πάντως
1323 677 1373 695 που
1385 668 1532 704 βουληθεὶς,
1542 669 1668 705 πράξειεν
1679 669 1712 696 ἂν
1723 670 1736 696 ὅ
1752 670 1897 706 ἠϐουλήθη.

1118 713 1199 740 Οὐδὲν
1216 714 1269 750 γάρ
1292 715 1367 740 ἐστιν
1384 714 1397 740 ὃ
1415 714 1452 750 μὴ
1469 714 1570 748 γίνεται
1592 711 1629 741 ὦν
1657 714 1779 749 βούλεται
1792 723 1798 730 ι
1824 715 1900 742 ἐδου-

1117 759 1186 795 λήθη
1211 759 1240 786 δὲ
1266 758 1412 794 καθαρίσαι
1441 759 1521 785 αὑτὸν
1549 759 1596 786 καὶ
1620 759 1704 792 δεῖξαι
1727 759 1802 795 αὐτῷ
1824 760 1897 794 φῶς·

1117 805 1242 840 ἐποίησεν
1264 806 1317 840 ἄρα
1333 804 1419 832 ταῦτα
1445 813 1452 820 ”
1473 805 1518 832 καὶ
1529 805 1679 841 καθαρίσας
1702 806 1781 832 αὑτὸν
1801 805 1900 838 ἔδειξεν

1116 851 1191 886 αὐτῴ
1207 851 1273 885 φῶς.
1292 851 1345 878 Καὶ
1360 852 1419 878 ἐπεὶ
1431 851 1572 887 ἐϐουλήθη,
1584 852 1630 878 καὶ
1650 851 1788 886 βουληθεὶς
1806 852 1898 887 ἀφεῖλε

1117 898 1161 924 τὸν
1176 897 1256 923 πόνον
1278 897 1327 931 τῆς
1353 897 1440 932 ψυχῆς
1457 897 1548 929 αὑτοῦ,
1565 898 1612 924 καὶ
1627 897 1724 929 ἔδειξεν
1741 898 1814 933 αὐτῷ
1830 898 1898 932 φῶς,

289 940 323 967 sti
341 948 433 967 semen
451 940 561 972 intueri,
575 941 622 968 sed
643 941 676 968 iis
690 942 755 970 solis
771 942 818 978 qui
833 942 1025 976 conﬁteantur,
1039 947 1066 971 et

1117 943 1226 975 εἰκότως
1240 945 1254 970 ό
1270 943 1413 979 Προφήτης
1428 944 1614 974 ὲπισυνάπτει,
1625 943 1709 978 λέγων
1719 952 1725 959 ’
1743 953 1751 969 1
1766 944 1814 971 Διὰ
1821 945 1899 972 τοῦτο

288 994 402 1013 inuuera
431 986 545 1014 oll‘erant
570 986 624 1014 Deo
649 996 698 1022 pro
722 989 849 1024 peccatis.
879 989 979 1017 Horum
995 989 1067 1017 enim

288 1033 420 1059 duntaxat
444 1032 537 1059 anima
553 1032 654 1060 videbit
674 1041 766 1061 semen
790 1034 939 1070 longaevum
954 1035 1066 1068 Christi,

288 1077 339 1104 hoc
350 1081 401 1109 est,
415 1081 462 1104 aut
478 1082 607 1105 aeternam
628 1079 708 1106 vitam
724 1079 783 1114 ejus
798 1084 860 1114 post
878 1085 1004 1112 mortem,
1021 1084 1067 1108 aut

287 1123 409 1157 ejusdem
429 1123 540 1151 verbum
556 1131 603 1159 per
620 1128 704 1151 totum
720 1130 854 1152 terrarum
871 1126 963 1153 orbem
980 1126 1067 1154 disse-

287 1170 431 1201 minatum,
446 1169 519 1204 quod
535 1169 685 1204 longaevum
702 1170 822 1198 futurum
835 1176 887 1204 est,
907 1179 1067 1206 semperque

286 1215 458 1242 duraturum.
487 1215 604 1248 Rursus,
621 1217 667 1251 qui
697 1218 822 1252 superius
850 1218 954 1245 dixerat
974 1226 981 1244 :
1004 1227 1013 1244 1
1034 1218 1067 1245 Et

286 1268 337 1288 nos
353 1262 508 1295 putavimus
530 1262 603 1288 illum
625 1270 686 1290 esse
707 1263 734 1289 in
750 1263 860 1290 labore:
885 1273 894 1289 ι
917 1271 990 1290 nunc
1008 1268 1068 1298 post

287 1305 388 1334 caedem
414 1310 583 1342 mortemque
597 1307 667 1342 ejus,
690 1308 751 1335 ait:
771 1317 780 1334 1
799 1308 833 1335 Et
855 1308 913 1336 vult
935 1308 1067 1337 Dominus

286 1351 396 1380 auferre
412 1360 427 1379 a
446 1353 539 1381 labore
554 1354 651 1382 animae
675 1353 744 1388 ejus,
768 1359 798 1381 ut
822 1354 949 1382 ostendat
973 1355 998 1382 ei
1023 1356 1066 1381 lu-

286 1404 356 1425 cem.
379 1408 388 1424 ι
409 1397 543 1431 Quoniam
566 1399 650 1434 igitur
677 1399 838 1427 deliberavit
866 1399 1005 1431 Dominus,
1020 1400 1066 1435 qui

287 1441 359 1471 Deus
375 1448 416 1471 est
439 1444 559 1471 universi
578 1452 694 1479 purgare
707 1445 782 1472 illum
799 1452 814 1471 a
837 1445 931 1480 plaga,
948 1445 1027 1480 100
1041 1449 1068 1472 et

286 1490 430 1517 ostendere
442 1489 469 1516 in
486 1490 572 1517 lucem
588 1499 594 1517 ε
612 1491 767 1518 necessario
780 1491 884 1526 utique,
901 1491 947 1526 qui
970 1491 1064 1524 voluit,

287 1536 313 1564 id
336 1535 413 1562 faciet
433 1536 506 1571 quod
533 1536 627 1564 voluit.
643 1536 715 1563 Nihil
737 1536 809 1564 enim
823 1540 865 1564 est
886 1545 979 1564 eorum
1007 1545 1067 1573 quae

286 1582 345 1610 vult
359 1582 432 1617 quod
445 1590 499 1609 non
517 1582 563 1609 fiat
580 1591 587 1610 :
605 1582 689 1610 voluit
703 1586 792 1610 autem
808 1591 922 1619 purgare
939 1584 1025 1616 illum,
1040 1588 1067 1611 et

1117 989 1198 1020 αὐτὸς
1220 989 1417 1024 κληρονομήσει
1441 989 1563 1021 πολλοὺς,
1586 989 1699 1016 καὶτῶν
1716 989 1832 1024 ἰσχυρῶν
1851 999 1900 1026 με-

1118 1036 1170 1071 ριεῖ
1187 1034 1281 1061 σκῦλα.
1304 1044 1312 1060 ι
1332 1035 1414 1061 Ἔνθα
1423 1034 1514 1061 λοιπον
1527 1035 1575 1070 ἤδη
1595 1035 1641 1062 καί
1654 1035 1703 1070 τῆς
1718 1036 1899 1071 κληρονομίας

1117 1079 1163 1106 τοῦ
1179 1079 1295 1115 Χριστοῦ
1308 1080 1444 1115 μέμνηται
1451 1079 1610 1115 τῴδευτέρῳ
1624 1080 1775 1115 συμφώνως
1789 1081 1897 1116 ψαλμῷ,

1116 1125 1149 1151 δι’
1159 1122 1188 1152 οὗ
1206 1125 1269 1160 περί
1292 1125 1343 1159 τῆς
1357 1125 1500 1160 ἐπιϐουλῆς
1521 1125 1572 1159 τῆς
1592 1126 1650 1153 κατ’
1668 1126 1749 1152 αὑτοῦ
1769 1135 1900 1153 συσκευα-

1117 1170 1226 1205 σθείσης
1242 1170 1371 1204 ὀνομαστὶ
1396 1170 1525 1202 θεσπίσας
1539 1172 1552 1196 ό
1566 1170 1644 1204 λόγος
1669 1171 1697 1198 ἐν
1716 1171 1764 1206 τῷ,
1783 1181 1791 1197 1
1808 1172 1898 1207 Παρέ-

1118 1223 1216 1249 στησαν
1237 1215 1262 1240 οἱ
1286 1214 1404 1249 βασιλεῖς
1430 1215 1478 1250 τῆς
1494 1215 1555 1250 γῆς,
1569 1216 1615 1242 καὶ
1633 1217 1657 1242 οἱ
1672 1216 1800 1251 ἄρχοντες
1818 1218 1899 1253 συνή-

1116 1259 1217 1295 χθησαν
1236 1261 1282 1286 ἐπὶ
1301 1260 1330 1286 τὸ
1344 1260 1408 1286 αὐτὸ
1430 1261 1498 1287 κατὰ
1519 1261 1565 1288 τοῦ
1581 1261 1684 1296 Κυρίου
1702 1262 1747 1288 καὶ
1769 1262 1837 1288 κατὰ
1850 1263 1897 1289 τοῦ

1116 1305 1235 1341 Χριστοῦ
1249 1305 1341 1338 αὐτοῦ,
1363 1305 1425 1341 ἑξῆς
1442 1306 1576 1340 ἐπιλέγει·
1598 1316 1606 1332 1
1632 1307 1731 1343 Κύριος
1745 1305 1805 1334 εἷπε
1829 1308 1898 1344 πρὸς

1118 1351 1165 1385 με’
1181 1351 1244 1382 Υἱός
1269 1360 1320 1386 μου
1351 1349 1375 1377 εἴ
1402 1352 1445 1385 σὺ,
1469 1351 1524 1386 ἐγὼ
1547 1353 1665 1388 σήμερον
1683 1354 1832 1389 γεγέννηκά
1850 1363 1895 1380 σε·

1115 1395 1225 1431 αῖτησαι
1235 1397 1299 1433 παρ’
1311 1397 1386 1432 ἐμοῦ,
1398 1399 1445 1424 καὶ⁸
1452 1397 1529 1424 δώσω
1539 1406 1578 1424 σοι
1588 1398 1650 1434 ἔθνη
1659 1399 1706 1434 τὴν
1719 1400 1898 1435 κληρονομίαν

1116 1448 1174 1473 σου,
1192 1441 1238 1467 καὶ
1257 1442 1306 1476 τὴν
1327 1443 1490 1478 κατάσχεσιν
1512 1452 1557 1470 σου
1576 1444 1609 1470 τὰ
1624 1445 1729 1480 πέρατα
1742 1446 1791 1480 τῆς
1805 1446 1865 1480 γῆς.
1885 1456 1895 1471 ι

1116 1487 1208 1514 Ταῦτα
1224 1487 1246 1513 δ’
1261 1485 1306 1514 οὖν
1317 1488 1350 1514 τε
1363 1488 1425 1523 ἔθνη
1437 1489 1483 1515 καὶ
1492 1491 1506 1515 ὁ
1521 1491 1660 1525 προφήτης
1676 1490 1783 1525 ᾐνίξατο
1795 1491 1878 1517 εἰπών
1888 1500 1895 1507 ·

1119 1543 1128 1559 1
1139 1533 1188 1560 Διά
1194 1534 1271 1560 τοῦτο
1277 1535 1355 1566 αὐτὸς
1362 1534 1410 1571 κλη
1415 1544 1474 1571 ρονο
1478 1537 1512 1572 μή
1517 1544 1555 1562 σει
1563 1537 1684 1569 πολλούς’
1697 1547 1704 1562 ι
1714 1538 1759 1564 καὶ
1767 1537 1896 1571 ἐπιλέγει·

1119 1588 1128 1604 1
1142 1579 1195 1605 Καὶ
1209 1579 1262 1606 τῶν
1282 1580 1398 1615 ἰσχυρῶν
1424 1583 1512 1616 μεριεῐ
1530 1581 1623 1608 σκῦλα.
1648 1591 1657 1608 ι
1675 1582 1733 1608 Τῶν
1753 1582 1806 1618 γὰρ
1823 1582 1899 1610 δυνάμι

285 1628 428 1656 ostendere
443 1628 483 1656 illi
498 1629 606 1661 lucem;
621 1628 684 1656 fecit
701 1629 783 1665 igitur
798 1629 869 1657 haec:
885 1633 911 1657 et
928 1638 989 1657 eum
1001 1638 1066 1666 pur-

1118 1635 1189 1662 μεων
1201 1627 1255 1653 τῶν
1272 1627 1475 1662 ἀντικειμένων,
1496 1628 1523 1654 αἲ
1539 1628 1622 1655 πάλαι
1635 1628 1688 1654 τῶν
1701 1628 1784 1655 ἐθνῶν
1801 1627 1896 1664 ἦρχον,

285 1674 391 1709 gaverit
405 1674 493 1707 illum,
505 1674 624 1702 ostendit
638 1675 676 1702 illi
700 1675 787 1713 lucem
801 1684 807 1703 :
822 1680 849 1703 et
865 1676 994 1710 quoniam
1017 1684 1066 1704 vo-

286 1719 347 1751 luit,
367 1725 394 1747 et
409 1720 503 1748 volens
515 1720 629 1759 abstulit
645 1720 765 1748 laborem
781 1721 815 1747 ab
832 1721 923 1748 anima
939 1721 1022 1754 illius,
1038 1724 1066 1748 et

285 1766 405 1794 ostendit
427 1767 466 1793 illi
490 1767 578 1794 lucem
594 1786 602 1799 ,
618 1766 715 1793 merito
728 1765 863 1802 Propheta
887 1766 1023 1802 sequitur,
1039 1771 1067 1794 et

285 1811 347 1839 ait:
366 1821 376 1838 1
407 1811 522 1847 Propter
552 1812 604 1840 hoc
623 1812 681 1847 ipse
703 1812 872 1840 haereditabit
899 1813 1017 1845 multos,
1039 1816 1067 1840 et

286 1856 397 1883 fortium
425 1856 528 1884 dividet
555 1857 641 1892 spolia
660 1857 705 1884 “:
733 1867 743 1883 ›
761 1857 806 1884 ubi
829 1857 912 1892 (quod
931 1858 1066 1892 reliquum

287 1901 348 1937 fuit)
364 1901 420 1936 jam
438 1901 606 1929 hereditatis
622 1901 703 1928 etiam
722 1900 824 1929 Christi
839 1902 1004 1930 mentionem
1026 1902 1066 1929 fa-

286 1947 335 1978 cit,
354 1947 391 1973 illi
405 1947 509 1981 psalmo
522 1951 705 1974 consentanea
721 1947 825 1977 dicens.
839 1948 866 1974 in
880 1955 935 1983 quo
950 1947 984 1975 de
999 1948 1066 1975 insi-

286 1991 340 2020 diis
355 1992 486 2020 adversus
506 1993 581 2020 illum
602 1993 767 2021 constructis
787 1993 948 2020 nominatim
963 2001 1066 2022 canens

286 2038 438 2071 oraculum,
462 2038 509 2065 ubi
534 2038 591 2066 ait:
611 2048 620 2064 1
647 2038 801 2066 Astiterunt
825 2047 901 2074 reges
928 2044 1016 2070 terrm.
1039 2043 1066 2067 et

285 2084 424 2120 principes
435 2089 620 2112 convenerunt
636 2084 663 2111 in
677 2092 761 2112 unum
774 2085 906 2113 adversus
920 2085 1065 2113 Dominum

285 2134 313 2157 et
325 2129 455 2158 adversus
468 2129 607 2157 Christum
619 2130 679 2165 ejus
694 2130 731 2163 ";
754 2140 762 2156 ι
778 2131 906 2165 deinceps
921 2123 1043 2166 adjungit
1058 2140 1065 2158 :

280 2184 299 2202 ιι
319 2175 451 2204 Dominus
467 2176 534 2204 dixit
545 2176 578 2203 ad
596 2184 649 2208 me,
662 2176 746 2204 Filius
764 2184 840 2204 meus
855 2185 884 2204 es
896 2181 936 2210 tu,
953 2185 1003 2211 ego
1019 2177 1068 2204 ho-

234 2252 237 2256 .
286 2223 330 2250 die
341 2223 421 2257 genui
434 2226 460 2249 te
473 2232 479 2249 :
501 2222 609 2257 postula
627 2229 642 2249 a
654 2229 706 2253 me,
722 2226 749 2249 et
763 2222 834 2249 dabo
849 2222 897 2249 tibi
912 2227 1006 2258 gentes
1017 2222 1069 2249 hae-

285 2269 427 2296 reditatem
449 2272 534 2300 tuam,
557 2271 583 2295 et
603 2268 804 2303 possessionem
829 2273 903 2295 tuam
935 2268 1067 2296 terminos

286 2314 406 2342 teme“.
424 2324 434 2340 ι
448 2313 503 2341 Has
516 2314 598 2349 igitur
616 2317 721 2349 gentes,
736 2314 818 2341 etiam
836 2313 966 2348 propheta
987 2313 1066 2340 intel-

286 2360 362 2392 Iexit,
380 2367 442 2388 cum
458 2360 527 2387 dixit
542 2367 548 2385 :
567 2368 577 2385 1
603 2358 716 2394 Propter
734 2360 785 2386 hoc
811 2359 870 2394 ipse
898 2359 1068 2386 haereditabit

285 2409 397 2438 multos,
408 2409 455 2433 ret
467 2405 592 2440 adjungit
609 2414 616 2432 :
633 2414 642 2430 1
658 2404 690 2431 Et
706 2404 816 2432 fortium
832 2404 935 2432 dividet
950 2405 1064 2439 spolia.»

286 2452 427 2487 Siquidem
443 2459 457 2478 a
476 2451 657 2486 potestatibus
677 2451 832 2482 contrariis,
847 2458 907 2486 quae
928 2450 1004 2485 prius
1027 2450 1069 2477 in-

285 2503 327 2526 ter
341 2502 436 2533 gentes
449 2497 673 2529 dominabantur,
689 2497 735 2524 ubi
753 2497 890 2532 subjectas
914 2497 1019 2524 animas
1035 2496 1069 2523 li-

285 2543 398 2577 beravit,
406 2548 462 2571 tum
476 2543 554 2579 quasi
567 2543 654 2578 spolia
668 2543 791 2578 quaedam
808 2542 866 2570 suis
882 2542 973 2570 divisit
986 2542 1069 2570 disci-

284 2590 368 2623 pulis.
383 2589 501 2617 Proinde
525 2589 611 2617 Isaias
635 2589 672 2616 ait
685 2589 718 2616 de
732 2589 785 2616 illis
801 2598 807 2615 :
826 2598 836 2613 1
856 2588 888 2615 Et
904 2588 1070 2615 laetabuntur

286 2643 379 2662 coram
394 2639 431 2666 te.
439 2635 510 2663 sicut
525 2636 571 2670 qui
585 2634 710 2662 dividunt
723 2635 809 2670 spolia
821 2635 854 2661 ⁸⁵.
876 2644 885 2660 ι
902 2634 933 2661 Et
944 2634 1066 2662 Psahno-

285 2688 347 2711 rum
375 2685 495 2707 auctor:
525 2689 534 2706 1
569 2680 710 2711 Dominus.
727 2680 825 2715 inquit,
851 2679 926 2707 dabit
952 2680 1065 2707 verbum

285 2725 536 2761 evangelizantibus
555 2726 655 2754 virtute
680 2726 764 2753 multa
780 2735 787 2752 :
806 2733 853 2753 rex
870 2725 1001 2752 virtutum
1021 2725 1064 2752 di-

286 2771 360 2804 lecti,
375 2771 475 2806 speciei
487 2771 585 2799 domus
599 2771 720 2800 dividere
734 2772 821 2807 spolia
828 2772 862 2798 ".
879 2781 888 2797 »
904 2771 999 2798 Merito
1013 2771 1065 2805 ἱεὶς

285 2821 330 2845 tur
341 2816 385 2844 hic
397 2824 505 2852 quoque
521 2817 555 2845 de
578 2817 686 2845 Christo
712 2818 772 2845 ait:
796 2817 910 2852 Propter
933 2817 985 2844 hoc
1008 2817 1067 2852 ipse

321 2895 344 2911 ’⁸
359 2895 410 2923 lca.
426 2895 541 2928 “11,10.
579 2895 600 2911 ¹¹
617 2895 684 2923 ibid.
702 2895 742 2922 i9...
781 2895 803 2910 "
821 2894 891 2922 Psal.
907 2893 974 2926 ",2.
1013 2894 1035 2908 ³³
1052 2892 1115 2920 ibid.
1133 2891 1189 2923 7.8.
1228 2892 1250 2908 “
1265 2893 1316 2920 Isa.
1334 2900 1370 2924 ix,
1387 2893 1412 2919 5.

1115 1671 1164 1704 τὰς
1179 1672 1349 1708 ὑποχειρίους
1361 1674 1508 1708 ῥυσάμενος
1517 1673 1614 1708 ψυχὰς,
1623 1671 1666 1700 οἷα
1678 1673 1708 1709 δή
1723 1682 1783 1700 τινα
1800 1673 1896 1707 σκῦλα,

1115 1719 1170 1750 τοῖς
1179 1717 1287 1750 οἰκείοις
1304 1719 1421 1754 διένειμε
1437 1719 1578 1754 μαθηταῖς.
1597 1720 1643 1746 Διό
1657 1728 1737 1755 φησιν
1754 1721 1768 1746 ό
1785 1720 1897 1751 Ἡσαΐας

1116 1764 1180 1800 περί
1194 1764 1298 1791 αὐτῶνι
1320 1774 1329 1789 1
1348 1765 1402 1791 Καὶ
1422 1765 1656 1800 εὐφρανθήσονται
1670 1765 1784 1791 ἐνώπιόν
1805 1773 1852 1791 σου
1867 1765 1897 1792 ὃν

1115 1810 1214 1845 τρόπον
1239 1811 1262 1836 οἱ
1277 1810 1456 1846 διαιρούμενοι
1478 1810 1572 1838 σκῦλα.
1589 1821 1598 1836 ι
1617 1811 1670 1837 Καὶ
1691 1812 1705 1838 ό
1727 1811 1896 1846 Ψαλμῳδός·

1119 1865 1129 1879 ι
1146 1856 1246 1892 Κύριος
1268 1856 1346 1882 δώσει
1367 1856 1442 1891 ῥῆμα
1467 1857 1522 1887 τοῖς
1545 1856 1794 1890 εὐαγγελιζομένοις
1817 1855 1897 1882 δυνά-

1118 1909 1163 1936 μει
1179 1901 1261 1936 πολλῇ
1272 1909 1278 1916 ·
1294 1903 1308 1928 ὁ
1325 1900 1447 1936 βασιλεὺς
1463 1901 1516 1927 τῶν
1530 1901 1667 1936 δυνάμεων
1682 1901 1728 1928 τοῦ
1744 1899 1897 1936 ἀγαπητοῦ,

1117 1949 1148 1982 τῇ
1164 1947 1309 1983 ώραιότητι
1324 1946 1369 1973 τοῦ
1391 1948 1464 1974 οἴκου
1485 1947 1619 1974 διελέσθαι
1640 1947 1734 1974 σκῦλα.
1756 1957 1765 1973 ι
1780 1947 1898 1978 Εἰκότως

1117 1994 1259 2029 τοιγαροῦν
1283 1994 1330 2020 καὶ
1355 1993 1469 2020 ἐνταῦθα
1496 1995 1560 2030 περὶ
1582 1994 1627 2020 τοῦ
1657 1993 1775 2030 Χριστοῦ
1797 2001 1896 2029 φησιν’

1120 2049 1128 2064 1
1148 2039 1197 2066 Διὰ
1216 2039 1293 2066 τοῦτο
1320 2040 1400 2071 αὐτὸς
1423 2040 1618 2075 κληρονομήσει
1641 2040 1764 2071 πολλοὺς,
1779 2039 1825 2066 καὶ
1844 2039 1898 2065 τῶν

1119 2086 1234 2121 ἰσχυρῶν
1261 2086 1348 2121 μεριεῖ
1363 2085 1459 2111 σκῦλα.
1476 2095 1484 2111 ι
1498 2086 1546 2112 Διὰ
1563 2087 1636 2112 ποῖον
1657 2087 1685 2112 δὲ
1706 2086 1794 2116 τοῦτο,
1818 2085 1898 2112 πάλιν

1117 2131 1180 2166 ἑξῆς
1194 2131 1324 2161 διδάσκει,
1342 2131 1438 2167 φήσας·
1458 2140 1466 2157 1
1479 2131 1548 2158 ‘AVO‘
1564 2128 1600 2158 ὧν
1614 2131 1746 2167 παρεδόθη
1762 2132 1800 2163 εἰς
1814 2131 1899 2158 θάνα-

1117 2187 1162 2205 τον
1176 2178 1192 2213 ἡ
1205 2177 1277 2212 ψυχὴ
1287 2177 1382 2209 αὐτοῦ,
1401 2178 1447 2204 καὶ
1457 2178 1485 2204 ἐν
1500 2179 1554 2209 τοῖς
1570 2178 1680 2213 ἀνόμοις
1695 2177 1818 2212 ἐλογίσθη
1829 2185 1836 2192 ⁸
1851 2177 1897 2202 καὶ

1117 2223 1197 2255 αὐτὸς
1214 2223 1349 2259 ἁμαρτίας
1362 2223 1464 2250 πολλῶν
1474 2223 1605 2258 ἀνήνεγκε
1617 2232 1623 2238 ·
1636 2224 1682 2249 καὶ
1693 2223 1736 2249 διὰ
1750 2223 1798 2254 τὰς
1809 2224 1899 2258 ἁμαρ-

1117 2269 1178 2301 τίας
1198 2269 1286 2296 αὐτῶν
1316 2269 1461 2305 παρεδόθη.
1479 2278 1488 2294 ι
1513 2270 1585 2296 Ἀντί
1605 2269 1704 2296 τούτων
1719 2270 1773 2304 γὰρ
1789 2269 1899 2304 ἀμειϐό-

1120 2324 1198 2351 μενος
1226 2315 1306 2342 αὺτὸν
1320 2316 1334 2341 ό
1350 2315 1444 2351 Πατὴρ
1467 2315 1515 2350 τῆς
1534 2316 1655 2350 ὑπακοῆς
1676 2315 1723 2342 καὶ
1738 2315 1785 2350 τῆς
1797 2315 1899 2351 ὑπομο-

1119 2361 1166 2396 νῆς
1176 2361 1265 2392 ἕνεκα,
1282 2360 1428 2396 δεδώρηται
1440 2360 1514 2395 αὐτῴ
1523 2361 1556 2387 τά
1570 2361 1724 2395 ὲγκείμενα.
1738 2361 1833 2395 Γέγονε
1845 2361 1899 2397 γὰρ

1118 2406 1236 2441 ὑπήκοος
1253 2406 1292 2441 τῷ
1307 2406 1393 2442 Harp).
1415 2406 1495 2441 μέχρι
1508 2405 1622 2433 θανάτου
1632 2415 1638 2421 ⁸
1659 2407 1699 2433 διὸ
1711 2407 1757 2433 καὶ
1771 2407 1899 2442 κληρονο-

1118 2450 1199 2486 μήσει
1213 2450 1336 2481 πολλοὺς,
1348 2451 1394 2477 καὶ
1404 2450 1433 2476 οὐ
1452 2449 1594 2486 πρότερον,
1605 2450 1672 2477 ἀλλὰ
1687 2451 1792 2486 μετὰτὺ
1808 2459 1899 2486 παρα-

1115 2497 1223 2532 δοθῆναι
1237 2497 1276 2528 εἰς
1285 2496 1397 2523 θάνατον
1406 2496 1453 2531 τὴν
1461 2496 1549 2531 ψυχὴν
1567 2496 1661 2528 αὑτοῦ,
1679 2497 1726 2523 καὶ
1735 2497 1764 2523 ὲν
1777 2498 1832 2528 τοῖς
1841 2497 1900 2524 ἀνό-

1118 2551 1177 2578 μοις
1191 2542 1357 2577 λογισοῆναι,
1373 2541 1539 2573 θεσπίζεται.
1556 2542 1605 2568 Διὰ
1619 2541 1705 2568 ταῦτα
1722 2542 1775 2577 γὰρ
1789 2543 1896 2577 εἴρηται

1117 2589 1329 2624 κληρονομήσειν
1337 2588 1459 2618 πολλοὺς,
1473 2588 1520 2613 καὶ
1532 2587 1586 2613 τῶν
1597 2587 1715 2622 ἰσχυρῶν
1732 2587 1854 2622 μερίσειν
1864 2587 1899 2613 τὰ

1115 2633 1351 2669 σκῦλα.Ἦγοῢμαι
1365 2633 1393 2660 δὲ
1404 2633 1596 2668 ἀναμφιλόγως
1611 2633 1659 2668 τὴν
1675 2634 1707 2659 ἐκ
1716 2633 1819 2668 νεκρῶν
1833 2632 1900 2660 ἀνά-

1115 2690 1209 2708 στασιν
1223 2680 1270 2707 τοῦ
1286 2679 1523 2716 προφητευομὲνου
1533 2679 1577 2706 διὰ
1591 2679 1693 2706 τούτων
1706 2679 1896 2714 παρίστασθαι.

1114 2727 1176 2759 Πῶς
1192 2727 1246 2762 γὰρ
1261 2726 1347 2757 ἄλλως
1361 2725 1500 2760 ἐπινοῆσαι
1515 2725 1624 2752 δυνατὸν
1642 2725 1679 2756 ὡς
1699 2724 1834 2761 πρόϐατον
1854 2725 1900 2750 ἐπὶ

1115 2771 1221 2807 σφαγὴν
1244 2770 1370 2806 ἀχθέντα,
1396 2771 1442 2797 καὶ
1468 2770 1523 2797 ἀπὸ
1545 2770 1599 2796 τῶν
1624 2770 1744 2804 ἀνομιῶν
1767 2769 1813 2797 τοῦ
1835 2769 1900 2795 ’1ου-

1114 2815 1195 2842 δαίων
1211 2815 1276 2842 λαοῦ
1292 2815 1398 2851 θανάτῳ
1418 2815 1613 2851 παραδοθέντα,
1635 2816 1680 2842 καὶ.
1702 2815 1768 2850 μετὰ
1792 2814 1900 2849 ἀνόμων

1450 2892 1472 2908 "
1483 2891 1555 2919 Psal.
1566 2898 1650 2923 vau,
1670 2891 1712 2919 12.
