2071 3219
181 202 234 230 185

630 199 957 228 DEMONSTRATIONIS
976 200 1206 229 EVANGELICE
1226 200 1292 229 LIB.
1313 200 1358 228 Ill.

1759 204 1810 231 186

180 259 351 295 λογισθέντα,
360 261 432 295 ταφῇ
441 268 469 286 τε
481 259 665 296 παραδοθέντα
672 268 679 275 ·
688 257 747 287 εἶτα
757 260 959 296 καθαριζόμενον

1022 259 1192 288 hareditabit
1208 260 1319 292 multos,
1325 263 1353 287 et
1367 259 1477 287 fortium
1494 258 1596 287 dividet
1610 260 1706 294 spolia.
1717 259 1804 292 Quam

180 306 232 332 ὑπὸ
243 305 290 332 τοῦ
313 305 430 341 Κυρίου,
445 305 491 332 καὶ
511 306 569 340 φῶς
585 305 650 341 παρ’
667 305 741 341 αὐτῷ
762 305 903 341 ὀψόμενον,
920 307 967 334 καὶ

181 351 400 387 κληρονομοῦντα
413 351 535 384 πολλοὺς.
549 352 596 378 καὶ
618 351 704 379 σκῦλα
720 354 775 384 τοῖς
790 352 898 384 οἰκείοις
912 352 968 379 δια-

181 397 314 431 νέμοντα;
330 396 386 423 Καὶ
406 396 491 429 ἄλλως
511 397 539 424 δὲ
562 397 626 433 περ)¹
645 397 693 432 τῆς
710 397 777 433 μετὰ
793 397 837 424 τὸν
854 397 967 424 θάνατον

181 442 356 474 ἀναϐιώσεως
372 442 453 469 αὐτοῦ
475 443 547 477 λέγει
568 452 617 469 που
639 443 815 478 προφητεύων
834 445 866 469 ὲκ
882 452 966 479 προσ-

180 488 254 514 ώπου
277 488 324 514 τοῦ
348 488 464 524 Χριστοῦ
494 490 508 515 ὁ
530 489 628 516 Δαϐίδ·
649 499 658 514 ι
679 490 736 515 Οὐκ
762 489 967 523 ἐγκαταλείψεις

181 533 228 568 τὴν
246 533 335 569 ψυχήν
356 542 406 569 μου
429 534 468 565 εἰς
482 534 556 569 ᾅδην,
571 534 631 561 οὐδὲ
646 534 740 566 δώσεις
752 535 824 561 ὅσιόν
841 543 886 561 σου
904 536 966 562 ἰδεῖν

180 578 336 614 διαφθοράν.
356 588 366 604 ι
382 579 436 605 Καὶ
453 579 545 606 πάλιν·
565 589 573 605 ι
591 580 686 615 Κύριε,
707 581 844 616 ἀνήγαγες
861 581 889 613 ἐξ
903 582 965 617 ᾅδου

180 625 229 660 τήν
245 624 334 660 ψυχήν
355 634 415 660 μου,
435 625 539 657 ἔσωσας
557 635 590 662 με
612 627 666 653 ἀπὸ
679 627 732 653 τῶν
750 628 966 654 καταϐαινόντων

180 671 221 703 είς
235 670 343 698 λάκκον.
364 681 373 697 ι
395 671 449 698 Καὶ
462 671 559 699 πάλιν·
578 681 587 697 ι
614 673 642 698 '0
660 673 734 707 ὑψῶν
753 682 785 708 με
800 674 832 700 ἐκ
845 673 898 700 τῶν
915 682 966 699 πυ-

180 715 234 742 λῶν
246 716 294 743 τοῦ
313 716 438 748 θανάτου,
452 718 526 750 ὅπως
543 718 576 744 ἂν
592 718 740 753 ὲξαγγείλω
757 720 846 751 πάσας
864 719 912 751 τὰς
927 721 965 746 αξ-

180 763 266 795 νὲσεις
281 772 338 790 σου.
360 773 369 789 ι
391 764 501 796 Τούτοις
519 764 546 790 δὲ
570 765 651 791 πᾶσιν
666 765 823 800 ἁντιὸλὲψαι
837 766 964 793 δύνασθαι

179 807 239 834 οὐδὲ
255 807 319 839 τοὺς
342 808 442 844 σφόδρα
468 809 723 844 ἀγνωμονεπάτους
745 811 873 846 ἠγοῦμαι.
891 812 964 847 Πλὴν

179 852 245 880 ἀλλὰ
269 853 320 888 τῆς
337 853 444 881 Ἡσαΐου
469 855 635 890 προφητείας
657 855 688 881 τὸ
711 856 896 892 συμπέρασμα
915 857 963 892 τὴν

178 899 262 926 πάλαι
275 899 383 935 στείραν
399 900 446 926 καὶ
459 899 559 935 ἔρημον
575 899 642 926 Θεοῦ
657 900 754 935 ψυχήν,
769 901 785 936 ἢ
802 902 848 927 καὶ
865 901 963 936 μᾶλλον

1021 311 1111 336 autem
1129 307 1165 335 ob
1181 314 1240 334 rem
1256 307 1309 334 hoc
1323 306 1362 335 illi
1386 306 1480 333 datum
1502 306 1556 339 sit,
1571 306 1651 334 docet
1665 306 1804 340 deinceps,

1020 353 1068 380 ubi
1081 353 1120 380 ait
1132 362 1139 380 :
1160 362 1169 378 ι
1185 352 1240 379 Pro
1250 360 1283 380 eo
1293 350 1366 387 quod
1384 352 1482 378 tradita
1494 356 1536 379 est
1549 352 1576 378 in
1588 355 1703 378 mortem
1716 351 1804 378 anima

1020 399 1090 433 ejus,
1108 402 1209 426 etcum
1228 398 1330 433 iniquis
1342 398 1491 433 deputatus
1507 402 1548 425 est
1562 407 1568 425 τ
1583 403 1611 424 et
1625 397 1682 432 ipse
1694 403 1805 432 peccata

1021 444 1167 471 multorum
1184 445 1259 476 tulit,
1278 449 1304 471 et
1323 449 1433 478 propter
1448 448 1559 479 peccala
1572 451 1667 470 eorum
1690 443 1804 471 traditus

1019 494 1061 515 est
1074 489 1108 515 ".
1129 498 1137 514 ι
1157 488 1210 515 Pro
1229 489 1272 515 his
1288 489 1359 516 enim
1376 496 1555 516 remunerans
1573 489 1648 515 illum
1663 488 1754 520 Pater,
1771 497 1804 516 eo

1019 533 1092 569 quod
1108 533 1181 560 dicto
1205 534 1318 560 audiens
1344 533 1425 559 fuerit
1455 532 1804 567 sustinueritque.donavit

1020 580 1095 606 illmn
1116 579 1150 606 iis
1162 587 1222 614 qua:
1245 579 1368 613 exposita
1388 583 1461 605 sunt.
1480 578 1579 606 Factus
1594 578 1666 605 enim
1681 582 1723 605 est
1739 578 1804 605 obe-

1019 626 1096 653 diens
1120 625 1192 652 Patri
1221 632 1308 659 usque
1338 624 1372 650 ad
1399 628 1531 650 mortem:
1550 631 1635 659 quare
1655 624 1802 650 multorum

1018 679 1127 706 quoque
1160 671 1346 698 hazreditatem
1373 674 1586 697 consecuturum
1612 670 1688 697 illum
1717 670 1801 700 cauit,

1019 725 1072 744 non
1085 718 1160 752 prius
1176 721 1268 745 tamen
1285 725 1365 752 quam
1382 718 1481 744 tradita
1497 717 1579 744 fuerit
1594 718 1683 743 anima
1698 716 1758 751 ejus
1775 717 1801 743 in

1018 768 1143 796 mortem,
1159 769 1258 791 etcum
1272 764 1373 799 iniquis
1391 765 1427 791 sit
1445 764 1602 798 deputatus.
1618 762 1731 797 Propter
1745 762 1802 789 haec

1017 809 1088 836 enim
1097 808 1198 835 dictum
1207 813 1260 840 est,
1270 809 1345 836 illum
1358 808 1580 836 hareditaturum
1592 807 1702 839 multos,
1711 811 1738 833 et
1748 806 1803 834 ior-

1017 856 1083 881 tium
1099 854 1250 882 divisurum
1268 855 1364 889 spolia.
1387 854 1456 881 Puto
1480 858 1570 880 autem
1587 853 1738 880 indubitate
1758 859 1800 880 re-

1016 899 1167 927 versionem
1181 899 1241 934 ejus
1254 907 1269 926 a
1279 899 1393 925 mortuis
1404 898 1548 933 signiﬁcari
1558 897 1656 923 talibus
1666 896 1799 923 oraculis:

178 943 227 979 τὴν
247 943 277 976 ἑξ
298 944 382 970 ἐθνῶν
405 945 564 979 Ἐκκλησίαν
580 945 792 980 εὐαγγελίζεται,
813 947 959 979 ἀκολούθως

1020 944 1095 978 10],
1111 945 1158 979 qui
1171 944 1242 971 enim
1265 944 1323 971 ﬁeri
1348 947 1447 978 potest,
1467 947 1495 969 ut
1512 943 1591 970 aliter
1602 942 1635 969 de
1651 950 1684 969 eo
1700 942 1799 969 intelli-

177 991 210 1024 τῇ
233 988 335 1025 θεωρίᾳ
358 989 411 1016 τῶν
435 990 596 1025 εἰρημένων.
621 991 727 1027 Ἐπειδὴ
743 992 796 1027 γὰρ
820 993 853 1018 τὰ
877 994 965 1020 πάντα

176 1034 210 1060 δι’
235 1035 320 1070 αὐτὴν
345 1036 360 1061 ὁ
384 1036 498 1070 Χριστὸς
520 1035 673 1070 ὑπέμεινεν,
694 1038 804 1069 εἰκότως
829 1038 898 1073 μετὰ
916 1039 965 1070 τὰς

177 1079 241 1115 περὶ
263 1080 344 1107 αὑτοῦ
359 1082 524 1117 προρρήσεις
546 1083 670 1118 ἐπιφέρει
693 1083 794 1117 λέγων·
811 1093 820 1108 ι
840 1085 964 1119 Εὐφράν-

176 1125 238 1160 θητι
259 1126 352 1161 στείρα
367 1128 383 1162 ή
400 1127 431 1153 οὐ
450 1126 588 1159 τίκτουσα,
605 1129 684 1163 ῥῆξον
704 1130 750 1155 καὶ
765 1129 861 1164 βόησον
878 1131 894 1164 ἡ
915 1130 964 1156 οὐκ

173 1172 321 1199 ὠδίνουσα·
340 1174 381 1200 ὃτι
398 1174 481 1200 πολλὰ
498 1174 531 1201 τὰ
549 1175 631 1202 τέκνα
651 1175 699 1210 τῆς
716 1176 818 1210 ἐρήμου
834 1176 932 1211 μᾶλλον
946 1176 962 1212 ἢ

173 1219 224 1253 τῆς
240 1219 356 1255 ἐχούσης
372 1220 416 1246 τὸν
432 1221 525 1256 ἄνδρα.
540 1219 607 1247 Εἶπε
626 1221 680 1256 γὰρ
696 1221 809 1256 Κύριος·
828 1221 963 1248 Πλάτυνον

173 1264 219 1290 τὸν
237 1265 318 1292 τόπον
332 1265 381 1300 τῆς
394 1267 495 1301 σκηνῆς
509 1275 556 1293 σου
574 1268 620 1294 καὶ
635 1267 689 1293 τῶν
703 1268 820 1294 αὐλαιῶν
834 1277 891 1301 σου,
911 1269 961 1304 nr",—

174 1310 228 1342 ξον,
254 1310 290 1345 μή
314 1311 395 1348 φείσῃ
411 1320 417 1326 ·
434 1312 565 1339 πλατυνον
588 1313 622 1339 τὰ
643 1314 819 1349 σχοινίσματά
835 1323 889 1346 σου,
915 1317 961 1342 καὶ

172 1356 236 1387 τοὺς
249 1356 402 1388 πασσάλους
419 1366 465 1383 σου
479 1359 654 1393 κατίσχυσον·
671 1359 709 1385 ἔτι
727 1361 767 1391 είς
783 1361 815 1387 τὰ
829 1360 903 1393 δεξιὰ
915 1363 961 1389 κα)⁸

172 1402 214 1433 εἰς
229 1401 264 1428 τὰ
278 1402 409 1439 ἀριστερὰ
429 1403 587 1435 ἐκπέτασον,
604 1405 650 1431 καὶ
667 1406 696 1431 τὸ
712 1406 821 1442 σπέρμα
835 1416 880 1434 σου
897 1408 959 1444 ἔθνη

172 1447 381 1483 κληρονομήσει.
399 1459 408 1474 ι
432 1449 563 1476 Ἐνταῦθα
581 1450 609 1476 δὲ
633 1451 680 1486 τήν
698 1451 727 1484 ἐξ
744 1452 831 1480 ἐθνῶν
847 1454 961 1490 Ἐκκλη-

173 1494 235 1520 σίαν
248 1494 308 1520 καθ’
321 1494 384 1527 ὂλης
394 1494 444 1529 τῆς
458 1495 619 1530 οἰκουμένης
635 1497 681 1532 ὲξη
687 1497 829 1534 πλωμὲνην
847 1500 893 1526 καὶ
907 1501 960 1527 ἀπὸ

171 1541 310 1568 ἀνατολῶν
322 1541 396 1577 ἡλίου
411 1542 491 1577 μέχρι
504 1542 612 1578 δυσμῶν
628 1545 842 1580 παρατείνουσαν
855 1546 869 1572 ὁ
882 1547 960 1580 λόγος

171 1586 388 1620 εὐαγγελίζεται,
407 1588 562 1622 σαφέστατα
587 1588 664 1615 τοῦτο
688 1591 821 1626 παριστὰς
834 1591 877 1618 διὰ
893 1593 940 1619 τοῦ
951 1602 957 1608 ·

174 1642 184 1658 ε
204 1633 258 1659 Καὶ
271 1633 302 1659 τὺ
319 1633 428 1669 σπέρμα
450 1642 495 1660 σου
509 1634 571 1669 ἔθνη
589 1635 796 1672 κληρονομήσει.
813 1647 821 1663 ι
835 1638 959 1671 Ιιλείονος

170 1679 200 1705 δὲ
211 1678 371 1714 ἐξεργασίας
385 1679 517 1714 δεομένων
531 1680 584 1707 τῶν
592 1673 669 1708 ’κατὰ
682 1683 727 1708 τὸν
739 1683 829 1716 τόπον,
845 1684 959 1719 ἀρκούν-

170 1733 226 1756 τως
248 1725 295 1751 ἐπὶ
321 1725 368 1752 τοῦ
402 1727 534 1761 παρόντος
559 1727 635 1754 ταῦθ’
666 1729 731 1764 ήμῖν
757 1731 956 1766 ὲπιτετμήσοω.

170 1770 289 1797 Πλεῖστα
301 1771 323 1797 δ’
338 1771 371 1798 ἂν
388 1772 434 1798 καὶ
446 1772 526 1803 αὐτὸς
539 1773 585 1799 ἐπὶ
610 1775 707 1810 σχολῆς
723 1776 901 1809 ἀναλέξασθαι
915 1778 959 1804 δύ-

170 1825 232 1843 ναιο
251 1817 314 1852 περὶ
327 1817 374 1843 τοῦ
393 1819 580 1854 προκειμένου.
599 1820 654 1846 Καὶ
672 1822 688 1856 ή
706 1822 828 1856 παροῦσα
844 1823 871 1849 δὲ
887 1832 958 1859 πρα-

170 1863 291 1897 γματεία
312 1863 361 1898 τῆς
382 1864 560 1900 εὐαγγελικῆς
585 1866 748 1899 ἀποδείξεως
772 1869 842 1895 κατὰ
864 1870 958 1904 καιρὸν

170 1908 276 1934 ἕκαστα
303 1908 491 1944 παραδιῦσεταί
517 1918 546 1935 τε
573 1910 618 1935 καὶ
646 1910 817 1945 ἑρμηνεύσει.
838 1912 912 1944 Τέως
930 1912 957 1938 δὲ

170 1954 219 1980 ἐπὶ
233 1952 278 1980 τοῦ
295 1954 427 1989 παρόντος
447 1954 496 1990 τῆς
510 1955 563 1981 τῶν
585 1955 732 1990 προφητῶν
758 1957 821 1991 περὶ
842 1958 891 1993 τῆς
911 1958 956 1984 τοῦ

170 1999 296 2035 Σωτῆρος
306 1999 383 2035 ήμῶν
399 2001 586 2036 προρρήσεως,
601 2002 647 2028 καὶ
659 2002 697 2033 ὠς
712 2003 793 2029 πᾶσιν
806 2003 958 2039 ἀνθρώποις

168 2046 220 2080 τὴν
235 2045 289 2072 τῶν
306 2045 455 2081 μελλόντων
470 2046 578 2081 ἀγαθῶν
593 2048 741 2083 παρουσίαν
758 2048 956 2084 εὐηγγελίζετο,

170 2091 271 2123 ἱκανῶς
286 2091 342 2126 ἔχει
354 2092 388 2118 τὰ
401 2093 542 2127 εἰρημένα,
556 2094 800 2129 προαναφιυνοῦντα
818 2095 956 2130 προφήτου

167 2137 240 2169 τινὸς
252 2137 353 2172 ἄφιξιν,
370 2139 417 2165 καὶ
432 2139 570 2166 εὐσέϐειαν
584 2140 727 2175 νομοθέτου
743 2141 854 2167 Μωῡσεῖ
870 2150 957 2177 παρα-

168 2183 294 2218 πλησίου,
309 2183 386 2217 γένος
401 2193 430 2211 τε
448 2184 539 2216 αὑτοῦ,
561 2184 607 2210 καὶ
630 2185 724 2220 φυλὴν,
739 2186 785 2211 καὶ
803 2185 883 2212 τόπον
897 2186 956 2212 ὅθεν

167 2229 372 2264 προελεύσεται,
385 2231 478 2266 χρόνον
498 2230 527 2256 ἡ
543 2231 605 2257 καθ’
616 2231 645 2257 ὃν
659 2231 728 2266 ἥξει,
757 2232 955 2267 προφητεύεται

1016 1002 1122 1029 gamus.
1139 994 1185 1028 qui
1197 998 1326 1028 tanquam
1339 993 1398 1020 ovis
1418 994 1450 1020 ad
1465 993 1630 1021 occisionem
1646 992 1800 1024 sitductus,

1015 1045 1042 1067 et
1066 1041 1100 1067 ab
1125 1040 1317 1075 iniquitatibus
1338 1039 1444 1067 Judaici
1458 1039 1550 1074 populi
1563 1039 1679 1066 traditus
1705 1038 1742 1065 sit
1765 1038 1800 1065 ad

1015 1090 1140 1118 mortem,
1154 1091 1181 1113 et
1196 1094 1258 1113 cum
1277 1086 1378 1121 iniquis
1403 1086 1549 1120 deputatus
1562 1105 1569 1116 ,
1599 1084 1801 1119 sepultumque

1014 1131 1221 1158 commendatus
1239 1151 1246 1162 ,
1265 1130 1364 1157 deinde
1377 1134 1509 1164 purgatus
1529 1138 1544 1156 a
1564 1128 1701 1156 Domino?
1715 1134 1741 1156 et
1755 1129 1800 1156 lu—

1013 1184 1072 1203 cem
1086 1184 1167 1211 penes
1180 1184 1209 1204 se
1221 1177 1330 1203 visurus
1346 1176 1392 1207 sit,
1408 1179 1435 1202 et
1448 1175 1596 1202 multorum
1612 1174 1798 1201 baareditatem

1013 1225 1224 1254 consecuturus,
1237 1226 1264 1248 et
1279 1221 1337 1249 suis
1353 1221 1440 1255 spolia
1458 1220 1598 1248 divisurus
1616 1220 1627 1247 ?
1651 1219 1705 1246 Sed
1721 1220 1800 1247 aliter

1013 1275 1122 1302 quoque
1138 1267 1170 1294 de
1183 1267 1257 1294 illius
1272 1266 1361 1293 reditu
1377 1267 1403 1293 in
1417 1266 1511 1297 vitam,
1527 1270 1588 1300 post
1607 1268 1720 1292 mortem
1733 1264 1800 1291 dicit

1013 1314 1130 1349 quodam
1147 1314 1206 1340 loco
1226 1313 1380 1340 vaticinans
1392 1312 1475 1339 David
1491 1321 1523 1339 ex
1544 1319 1659 1347 persona
1670 1312 1771 1339 Christi
1790 1321 1796 1338 :

1015 1370 1024 1386 ‹
1043 1360 1101 1387 Non
1117 1360 1255 1395 relinques
1270 1360 1389 1386 animam
1419 1367 1507 1386 meam
1534 1358 1561 1386 in
1578 1358 1696 1391 inferno,
1711 1366 1800 1392 neque

1011 1407 1089 1434 dabis
1105 1410 1230 1434 sanctum
1253 1413 1329 1433 tuum
1345 1406 1437 1433 videre
1455 1406 1659 1440 corruptionem
1675 1405 1709 1431 ".
1739 1412 1749 1429 ι
1766 1404 1799 1430 (Et

1011 1453 1075 1479 alibi
1093 1461 1115 1479 ει
1133 1451 1255 1484 Domine,
1265 1452 1385 1479 eduxisti
1400 1452 1434 1478 ab
1446 1451 1553 1478 inferno
1567 1451 1685 1477 animam
1700 1457 1797 1480 meam,

1012 1497 1122 1524 salvasti
1147 1505 1189 1523 me
1210 1504 1225 1523 a
1250 1496 1484 1524 descendentibus
1512 1496 1539 1523 in
1564 1497 1652 1522 lacum
1673 1496 1708 1523 ".
1737 1505 1746 1521 I
1764 1494 1798 1521 Et

1010 1542 1073 1569 alibi
1088 1552 1094 1569 :
1111 1551 1120 1567 ι
1138 1541 1189 1575 Qui
1203 1542 1306 1569 cxaltas
1323 1550 1365 1569 me
1379 1542 1412 1569 de
1424 1542 1509 1577 portis
1526 1542 1631 1573 mortis,
1648 1544 1677 1568 ut
1690 1548 1797 1568 annun-

1011 1589 1073 1616 tiem
1100 1596 1195 1616 omnes
1228 1589 1399 1616 laudationes
1433 1593 1494 1615 tuas
1512 1588 1547 1615 ³⁸.
1574 1598 1583 1614 ι
1611 1588 1711 1615 Contra
1737 1595 1797 1615 om-

1011 1635 1054 1661 nia
1079 1635 1136 1662 hzec
1159 1634 1301 1662 intendere
1316 1635 1398 1661 ullam
1423 1635 1521 1665 aciem,
1539 1642 1574 1661 ne
1591 1634 1796 1662 inimicissimos

1009 1680 1118 1715 quidem
1135 1686 1216 1715 atque
1231 1681 1432 1715 ingratissimos
1441 1689 1520 1715 posse
1535 1680 1661 1707 arbitror.
1681 1679 1796 1707 Verum-

1010 1730 1099 1754 tamen
1114 1726 1174 1761 ejus
1194 1727 1341 1762 prophetiae
1358 1727 1510 1758 conclusio,
1526 1726 1605 1761 cujus
1619 1731 1715 1753 auctor
1739 1725 1796 1753 Isa-

1010 1773 1060 1805 ias,
1082 1773 1202 1800 sterilem
1215 1773 1288 1799 illam
1303 1773 1439 1807 quondam
1456 1777 1483 1800 et
1496 1773 1631 1800 desertam
1646 1780 1660 1799 a
1674 1772 1729 1799 Deo
1740 1773 1796 1800 ani-

1010 1826 1091 1849 mam,
1107 1822 1153 1845 aut
1169 1819 1257 1854 potius
1271 1818 1420 1845 Ecclesiam
1441 1819 1475 1845 de
1488 1817 1615 1852 gentibus
1640 1818 1794 1849 collectam,

1009 1865 1077 1892 lzetis
1096 1865 1219 1896 vocibus,
1250 1865 1378 1899 bonoque
1400 1865 1496 1891 nuntio
1513 1865 1700 1899 prosequitur,
1730 1871 1794 1890 cum

1008 1911 1062 1938 illis
1079 1911 1172 1946 utique
1184 1911 1412 1945 recordans,quaa
1423 1911 1479 1946 jam
1497 1911 1671 1945 contemplati
1687 1917 1793 1938 sumus.

1008 1956 1075 1983 Nam
1106 1965 1167 1984 cum
1189 1961 1299 1992 propler
1311 1965 1371 1983 eam
1387 1957 1513 1983 Chrislus
1535 1957 1626 1983 omnia
1638 1956 1796 1990 pertulerit,»

1008 2003 1105 2030 merito
1127 2007 1188 2038 post
1207 2011 1238 2030 ea
1254 2022 1262 2035 ,
1290 2010 1349 2038 quae
1365 2003 1398 2030 de
1413 2003 1459 2029 illo
1476 2003 1619 2038 praadixit,
1645 2001 1767 2036 adjungit
1782 2008 1792 2030 ε

1011 2058 1020 2073 ‹
1037 2048 1151 2080 ιωιοτο,
1169 2049 1267 2083 inquit,
1286 2049 1386 2076 sterilis
1402 2056 1462 2084 quae
1477 2056 1531 2075 non
1542 2049 1627 2083 paris,
1644 2048 1794 2075 vociferare

1007 2099 1034 2121 et
1049 2095 1147 2126 clama,
1168 2102 1229 2129 quas
1246 2103 1298 2121 non
1316 2095 1436 2129 parturis
1453 2102 1460 2120 :
1485 2095 1614 2130 quoniam
1641 2096 1718 2122 multi
1744 2095 1793 2122 lilii

1007 2140 1121 2167 desertae
1135 2142 1232 2175 magis,
1248 2149 1330 2175 quam
1357 2141 1417 2176 ejus
1430 2149 1490 2177 qua!
1509 2142 1590 2169 habet
1605 2141 1704 2168 virum.
1721 2141 1793 2169 Dixit

1007 2187 1078 2213 enim
1099 2187 1228 2214 Dominus
1244 2197 1250 2214 :
1270 2187 1358 2214 Dilata
1377 2188 1467 2214 locum
1485 2187 1595 2215 tentorii
1625 2188 1676 2220 tui,
1690 2192 1718 2215 et
1733 2188 1790 2222 pel-

1008 2232 1047 2259 les
1060 2233 1299 2260 tabernaculorum
1318 2238 1426 2261 tuorum
1442 2234 1502 2268 iige,
1519 2242 1552 2260 ne
1569 2241 1685 2268 parcas:
1708 2234 1791 2260 dilata

167 2276 216 2302 καὶ
231 2276 348 2310 γένεσιν,
366 2278 413 2304 καὶ
429 2278 565 2314 τελευτὴν,
581 2280 627 2305 καὶ
639 2280 794 2312 ἀναϐίωσιν,
810 2282 855 2307 καὶ
871 2282 955 2317 ἀρχὴν

1011 2278 1144 2306 l'uniculos
1162 2283 1233 2310 tuos.
1247 2284 1273 2305 et
1298 2279 1389 2306 clavos
1403 2285 1462 2306 tuos
1481 2279 1645 2306 corrobora:
1674 2280 1792 2314 amplius

166 2320 217 2357 τὴν
231 2321 302 2349 κατὰ
321 2322 430 2349 πάντων
443 2323 542 2350 ἐθνῶν·
564 2324 582 2350 ὃι
602 2324 634 2359 δὴ
658 2325 744 2351 πάντα
760 2326 893 2361 παρέστη,
907 2327 954 2353 καὶ

167 2366 208 2393 ἔτι
225 2367 324 2402 μᾶλλον
335 2368 379 2394 διὰ
392 2368 445 2394 τῶν
458 2368 521 2403 ἑξῆς
537 2371 741 2405 παραστήσεται
757 2372 803 2397 ἐπὶ
818 2372 896 2407 μόνον
908 2372 953 2398 τὸν

166 2413 282 2449 Συτῆρα
297 2414 344 2440 καὶ
364 2414 464 2450 Κύριον
489 2415 566 2451 ἡμῶν
589 2419 850 2453 συμπεπερασμένα.
875 2419 954 2446 Ἀλλὰ

165 2458 253 2485 ταῦτα
269 2459 318 2494 μὲν
340 2459 393 2486 ἀπὸ
413 2461 466 2487 τῶν
488 2462 566 2498 ἱερῶν
588 2462 685 2496 λογίων
710 2465 766 2495 τοῖς
782 2465 953 2492 πιστεύουσιν

164 2504 259 2536 αὐτοῖς
275 2505 500 2541 παρατεθήσεται·
513 2509 569 2539 τοῖς
585 2507 606 2533 δ’
619 2508 759 2535 ἀπειθοῦσι
775 2511 834 2541 ταῖς
849 2519 953 2546 προφη-

164 2551 255 2582 τικαῖς
270 2550 392 2586 Γραφαῖς
415 2552 485 2584 ἰδίως
503 2553 703 2589 ἀπαντήσομεν,
724 2555 761 2586 ὡς
776 2557 840 2591 περὶ
857 2557 952 2592 ἀνδρὸς

164 2596 266 2628 κοινοῦ,
283 2598 330 2624 καὶ
346 2599 402 2629 τοῖς
419 2597 521 2630 λοιποῖς
536 2600 723 2636 παραπλησίου
740 2602 808 2633 τέως
824 2603 872 2638 τὴν
892 2603 950 2635 ἐξέ-

164 2652 242 2671 τασιν
256 2646 427 2681 ποιούμενοι·
440 2647 492 2680 ἵνα,
505 2648 604 2675 ὁπόταν
622 2649 729 2676 πάντων
747 2649 800 2676 τῶν
814 2651 842 2683 ἐξ
856 2652 950 2684 αἰῶνος

165 2689 314 2725 βοηθέντων
325 2692 354 2717 ὲν
370 2691 533 2728 ἀνθρώποις,
558 2694 625 2721 πολὺ
647 2696 779 2730 κρείττων
794 2697 950 2733 ἀσυγκρίτῳ

164 2735 282 2772 ὑπεροχῇ
300 2737 347 2763 καὶ
366 2737 501 2774 διαφέρων
522 2739 655 2774 ἀναφανῇ,
676 2742 833 2776 τοτηνικάδε
849 2743 896 2769 καὶ
917 2743 950 2770 τὰ

165 2781 228 2816 περὶ
239 2781 290 2817 τῆς
303 2782 442 2819 θειοτέρας
457 2784 540 2811 αὑτοῦ
555 2786 659 2819 φύσεως
675 2787 744 2813 κατὰ
756 2788 850 2823 καιρὸν
863 2789 950 2816 διαλά-

164 2825 263 2861 εωμεν,
280 2827 310 2860 ἐξ
326 2827 450 2864 ἐναργῶν
462 2828 516 2864 τῶν
529 2829 690 2861 ἀποδείξεων
704 2831 896 2866 παριστώντες,
911 2832 948 2863 ὡς

1006 2325 1039 2352 ad
1055 2324 1176 2352 dextram
1189 2330 1215 2353 et
1228 2325 1261 2353 ad
1277 2326 1414 2353 sinistram
1428 2325 1551 2357 extende,
1567 2329 1593 2353 et
1609 2333 1700 2353 semen
1716 2329 1790 2352 tuum

1005 2378 1099 2408 gentes
1128 2372 1296 2399 hmreditabit
1311 2372 1343 2398 ⁸⁸⁵.
1367 2382 1375 2397 ι
1394 2371 1442 2399 llis
1468 2376 1557 2398 autem
1585 2372 1677 2398 verbis
1697 2371 1790 2398 Eccle-

1006 2420 1075 2446 siam
1091 2419 1125 2446 de
1138 2418 1264 2454 gentibus
1281 2418 1434 2449 collectam,
1449 2423 1475 2444 et
1501 2421 1559 2444 toto
1574 2418 1638 2444 orbe
1654 2422 1788 2444 terrarum

1006 2465 1143 2496 ditiusam,
1160 2468 1186 2491 ct
1203 2464 1237 2490 ab
1251 2466 1311 2489 ortu
1341 2463 1407 2490 solis
1429 2463 1462 2490 ad
1485 2470 1613 2490 occasum
1638 2466 1788 2494 extentam,

1005 2510 1146 2537 oraculum
1162 2510 1246 2537 laetari
1261 2510 1348 2543 jubet,
1362 2509 1519 2544 planissime
1530 2509 1581 2535 hoc
1595 2508 1683 2543 ipsum
1705 2508 1790 2543 εἰειιί-

1006 2557 1100 2589 ﬁcans,
1116 2557 1160 2583 ubi
1188 2557 1243 2583 ait:
1264 2565 1272 2581 ι
1292 2555 1324 2582 Ει
1338 2563 1430 2583 semen
1444 2561 1520 2582 tuum
1536 2559 1630 2590 gentes
1645 2555 1790 2582 haeredita-

1004 2603 1052 2629 bit.
1074 2612 1082 2628 ι
1100 2601 1167 2629 Cum
1183 2606 1272 2629 autem
1285 2602 1432 2636 longiorem
1445 2600 1662 2635 explanationem
1680 2600 1789 2627 deside-

1005 2652 1064 2675 rent
1074 2656 1115 2681 ea,
1130 2657 1190 2684 qua:
1204 2649 1237 2675 ad
1263 2649 1334 2675 hunc
1351 2649 1440 2675 locum
1456 2651 1590 2682 spectant,
1613 2647 1720 2674 abunde
1739 2655 1787 2674 no-

1003 2695 1045 2722 bis
1061 2695 1118 2721 haac
1130 2694 1285 2729 compendii
1303 2695 1392 2721 locum
1412 2693 1570 2728 explebunt.
1592 2692 1658 2719 Nam
1676 2696 1706 2720 tu
1717 2700 1787 2727 quo-

1002 2747 1054 2773 que
1066 2747 1114 2773 per
1126 2739 1212 2766 otium
1224 2739 1308 2765 multa
1325 2739 1402 2773 plura
1415 2738 1664 2773 colligere-poteris,
1679 2745 1740 2772 quae
1751 2738 1783 2764 ad

1002 2786 1072 2813 idem
1089 2786 1257 2821 propositum
1271 2789 1403 2819 spectent.
1420 2784 1472 2812 Sed
1482 2786 1568 2819 ipsum
1580 2792 1687 2819 quoque
1703 2791 1785 2810 evan-

1002 2833 1094 2868 gelicae
1111 2831 1353 2859 demonstrationis
1386 2832 1553 2865 propesitum
1577 2831 1649 2866 quod
1666 2837 1738 2858 nunc
1755 2830 1783 2857 in

196 2906 219 2922 "
231 2907 284 2936 Isa.
301 2915 361 2941 Lm,
374 2907 416 2936 l2.
455 2908 476 2924 "
492 2907 563 2936 Psal.
578 2916 623 2942 xv,
640 2908 683 2936 10.
721 2909 744 2925 ³³
755 2909 824 2938 Psal.
837 2911 945 2942 XXI‘,~L
985 2911 1006 2928 "
1019 2909 1090 2939 Psal.
1107 2918 1144 2942 Ix.
1161 2911 1202 2939 Η.
1241 2911 1263 2926 ⁵⁸
1276 2911 1325 2938 lsa.
1337 2918 1390 2943 ιιν,
1407 2911 1464 2937 1-3.
