2071 3219
301 191 353 218 187

296 249 423 275 manibus
439 251 490 280 est,
505 248 592 275 tradet
611 257 660 276 suo
674 253 795 284 tempore
811 253 892 282 atque
913 251 1074 284 interpreta—
1095 252 1115 280 A

295 294 369 321 bitur
383 294 500 328 singula.
524 295 633 321 lnterim
658 302 723 322 vero
736 294 807 330 quod
832 295 864 322 ad
878 295 1078 329 prmdictionem

296 339 548 374 divinationemque
577 340 763 374 pruplieticam
780 340 814 367 de
829 340 969 368 Salvatore
984 346 1078 367 nostro

295 385 422 419 pertinet,
440 385 566 419 quodque
583 384 644 411 item
658 385 691 411 ad
707 385 733 412 id
748 385 820 420 quod
833 393 864 412 ea
876 385 1016 420 praedictio
1023 392 1078 412 om-

296 438 346 457 nes
362 431 487 457 homines
512 438 607 457 eorum
629 430 760 457 honorum
779 431 856 465 102
877 431 993 458 adventu
1010 438 1077 466 gau-

295 475 359 504 dere
371 476 483 510 jubebal
495 483 555 510 quae
570 476 806 509 exspectabantur,
821 476 855 503 iis
864 484 923 511 quae
932 476 989 510 jam
1000 475 1073 502 dicta

296 525 360 548 sunt
380 521 501 548 contenti
529 529 589 548 esse
616 529 779 555 possumus:
796 529 855 556 quae
875 522 983 554 quidem
998 522 1078 556 plane

296 569 439 595 enuntiant
452 568 590 602 prophetae
606 568 750 602 cujusdam
766 567 923 600 adventum,
937 572 964 595 et
988 568 1077 603 legum

640 193 772 220 EUSEBll
793 191 1030 219 CESARIENSIS
1050 192 1124 219 ΟΡΡ.

1143 190 1232 218 PARS
1247 190 1279 217 ll.
1298 205 1331 209 —
1350 189 1597 217 APOLOGETICA.
1864 187 1918 216 188

1129 249 1179 274 οὐκ
1193 247 1363 282 ἀνθρωπείας
1379 247 1432 282 ἄρα
1448 244 1482 282 ἦν
1501 245 1607 280 φύσεως
1625 247 1641 281 ἠ
1656 245 1718 281 περὶ
1740 245 1819 272 αὑτὸν
1835 245 1917 272 δύνα-

1133 303 1191 330 μις·
1207 291 1248 325 οἷς
1265 292 1416 324 ἀκολούθως
1431 292 1477 320 καὶ
1492 292 1526 319 τὰ
1537 292 1586 327 τῆς
1600 293 1659 318 κατ’
1671 291 1750 317 αὐτὸν
1764 290 1914 325 θεολογίας,

1131 341 1168 372 ὡς
1181 337 1236 366 οἷόν
1248 348 1277 365 τε
1292 339 1364 365 ἐστὶν
1378 340 1443 374 ἡμῖν
1454 337 1627 369 ἐποπτεῦσαι,
1642 336 1818 372 ποιησόμεθα.
1838 337 1915 363 Ἐπεὶ

1129 386 1218 412 τοίνυν
1228 385 1280 411 τῶν
1293 385 1413 412 ἀπίστων
1424 385 1447 410 οἰ
1463 384 1570 415 πλείους
1582 384 1666 417 γόητα
1678 382 1724 408 καὶ
1731 382 1835 409 πλάνον
1846 383 1915 409 ἀπο-

1130 430 1282 462 καλοῦντες,
1300 431 1347 457 καὶ
1363 430 1472 465 μυρίαις
1492 429 1583 461 ἄλλαις
1601 428 1776 464 κακηγορίαις
1795 427 1914 463 βλασφη-

1130 476 1243 512 μοῦντες
1263 476 1353 508 αὑτὸν,
1370 475 1446 502 οὔπω
1469 476 1514 502 καὶ
1537 475 1583 501 νῦν
1606 474 1746 504 παύονται,
1768 473 1844 508 φέρε,
1867 473 1913 500 καὶ

1129 522 1197 557 πρὸς
1217 522 1326 553 τούτους
1344 520 1562 557 ἀποκρινώμεθα,
1583 519 1686 546 οἴκοθεν
1707 519 1755 554 μὲν
1778 519 1862 550 οὐδὲν,
1883 518 1913 552 ἐξ

1130 567 1218 594 αὐτῶν
1231 567 1258 593 δὲ
1275 567 1328 593 τῶν
1344 566 1424 593 αὑτοῦ
1445 566 1549 600 φωνῶν,
1567 566 1611 592 καὶ
1631 563 1664 600 ἧς
1686 565 1826 600 παρέδωκε
1840 564 1913 590 διδα-

1131 612 1243 644 σκαλίας
1255 614 1303 644 τὰς
1318 612 1481 648 παραθέσεις
1495 611 1659 645 ποιούμενοι.

295 615 416 643 auctoris
430 614 555 648 pietatem
572 614 617 647 qui
633 613 698 640 Mosi
714 613 811 640 similis
830 613 936 640 futurus
952 614 997 645 sit,
1014 621 1078 641 nec-

294 668 348 687 non
378 661 501 694 ejusdem
530 669 624 695 genus,
649 665 675 687 et
707 661 817 692 tribum,
845 665 871 688 et
891 661 978 688 locum
1007 661 1077 688 unde
1099 661 1223 688 exiturus
1240 680 1247 691 ,
1273 665 1299 687 et
1322 663 1427 694 tempus
1444 667 1498 694 quo
1519 663 1648 705 venturus
1678 658 1722 684 sit.
1740 656 1912 705 Vaticinatur

298 709 430 740 przeterea
443 709 469 733 et
486 709 587 737 ortum,
605 710 631 733 et
642 709 767 735 mortem,
794 710 819 731 et
834 705 950 732 reditum
965 705 992 731 in
1003 705 1096 736 vitam,
1118 707 1145 731 et
1159 704 1339 739 principatum
1357 704 1383 730 in
1396 703 1524 729 omnibus
1537 702 1673 737 gentibus,
1687 709 1747 736 qum
1766 708 1831 728 sane
1855 702 1912 733 jam

294 759 410 778 evenere
442 751 555 778 omnia:
574 754 601 777 ct
617 751 703 785 magis
730 751 812 777 etiam
842 751 971 784 deinceps
989 757 1018 777 ex
1039 749 1082 780 iis.
1104 757 1165 784 qua:
1195 749 1321 776 dicentur
1347 748 1504 781 constabit,
1528 749 1555 774 in
1585 756 1639 774 uno
1656 746 1795 774 Salvatore
1812 754 1843 773 ac
1858 745 1912 773 Do-

295 797 370 823 mino
388 802 484 824 nostro
512 805 543 824 ea
578 798 658 824 linem
684 797 833 831 acoepisse.
859 797 987 829 Sedhaac
1007 804 1067 831 qua:
1083 797 1116 823 de
1135 796 1236 823 sanctis
1251 796 1369 823 oraculis
1380 801 1491 830 accepta
1502 795 1593 827 vides,
1614 795 1648 822 iis
1659 794 1705 829 qui
1720 794 1843 824 credunt,
1862 801 1912 820 ex-

292 844 381 878 posita
407 847 492 870 sunt:
509 844 542 870 iis
560 849 649 870 autem
674 844 720 878 qui
749 851 803 870 non
829 843 954 875 credunt,
972 850 1095 870 seorsum
1116 843 1222 870 obviam
1249 843 1360 878 scriptis
1381 843 1546 878 propheticis
1563 842 1671 875 ibimus,
1691 847 1771 877 atque
1803 843 1911 869 interim

293 894 421 924 tanquam
435 888 468 915 de
483 889 619 916 communi
633 889 702 921 viro,
721 893 748 916 et
763 890 809 924 qui
829 889 940 924 reliquis
953 888 1034 916 fuerit
1049 889 1147 916 similis
1170 889 1341 923 inquiremus
1364 899 1370 916 :
1393 893 1421 916 ut
1447 897 1507 916 cum
1533 889 1660 916 omnibus
1685 890 1731 924 qui
1753 896 1871 922 unquam
1896 896 1911 914 a

292 935 404 962 condito
419 941 475 960 :evo
501 934 571 961 inter
589 934 713 962 homines
732 934 860 961 celebrati
879 934 934 961 sint
949 953 957 964 ,
982 934 1067 960 multo
1089 934 1260 968 praestantior
1277 939 1303 960 et
1328 933 1533 968 incomparabili
1563 933 1679 968 quadam
1708 933 1853 960 eminentia
1869 940 1914 959 su-

293 981 383 1016 perior
411 980 577 1014 apparuerit,
598 987 659 1006 cum
675 988 706 1006 ea
719 987 827 1015 quoque
849 988 908 1014 qum
931 979 964 1006 ad
986 979 1144 1006 diviniorem
1165 980 1224 1014 ejus
1238 983 1362 1006 naturam
1390 983 1515 1014 spectant
1535 983 1730 1014 pertractemus
1750 989 1756 1006 :
1782 983 1809 1006 et
1838 979 1911 1014 quod

293 1023 381 1050 virttis
401 1032 460 1058 quae
481 1024 507 1050 in
529 1025 575 1052 illo
600 1030 660 1052 erat
685 1026 758 1052 nulla
785 1026 903 1053 humana
919 1030 1016 1052 natura
1044 1029 1190 1058 constaret,
1207 1026 1368 1053 certissimis
1388 1025 1664 1053 demonstrationibus
1678 1026 1884 1060 comprobemus
1902 1033 1910 1053 :

292 1068 388 1096 ordine
413 1070 541 1104 deinceps
557 1075 696 1105 sequetur,
712 1076 742 1098 ut
757 1079 788 1098 ea
806 1079 988 1106 proponamus
999 1071 1206 1106 contemplanda
1219 1079 1268 1106 pro
1283 1071 1396 1099 viribus.
1411 1078 1471 1106 qua:
1497 1071 1530 1098 ad
1556 1078 1614 1098 eam
1641 1071 1802 1106 theologiam
1827 1072 1913 1106 perti-

291 1118 366 1145 nent,
383 1123 442 1149 quae
462 1115 536 1142 illum
559 1116 697 1150 complexa
713 1120 764 1144 est.
788 1116 919 1149 Quoniam
940 1116 1022 1151 igitur
1038 1117 1124 1150 major
1151 1124 1213 1150 pars
1229 1124 1322 1143 eorum
1337 1116 1384 1150 qtti
1408 1123 1462 1143 non
1486 1117 1611 1148 credunt,
1629 1120 1726 1143 vocant
1740 1117 1814 1143 illum
1841 1125 1912 1152 prae-

292 1160 460 1194 stigiatorem
488 1169 520 1187 ac
546 1162 735 1194 seductorem,
765 1163 886 1197 aliasque
903 1162 1115 1190 innumerabiles
1134 1162 1285 1189 calumnias
1307 1162 1334 1188 in
1350 1162 1424 1188 illttm
1450 1162 1654 1190 exsecrabiliter
1679 1163 1793 1196 jactant,
1816 1171 1847 1190 ac
1876 1172 1910 1190 ne

291 1216 365 1234 nunc
382 1209 490 1242 quidem
515 1208 645 1236 desinunt
664 1210 797 1243 ejusmodi
812 1211 909 1244 probra
923 1210 1088 1245 contingere,
1110 1214 1216 1244 tempus
1229 1209 1283 1243 jam
1300 1209 1406 1236 videtur
1433 1217 1494 1237 esse
1523 1213 1551 1236 ut
1570 1211 1650 1237 etiam
1666 1211 1727 1238 istis
1742 1211 1907 1246 respondea-

293 1261 364 1285 mus,
383 1255 416 1280 de
442 1259 537 1282 nostro
561 1256 671 1290 quidem
695 1256 762 1283 nihil
777 1257 932 1289 atterentes,
963 1258 1010 1285 sed
1025 1257 1058 1284 de
1081 1257 1204 1284 doctrina
1222 1265 1302 1291 quam
1318 1257 1376 1291 ipse
1400 1257 1547 1291 publicavit
1563 1263 1750 1291 assumentes,
1770 1259 1841 1293 quod
1864 1259 1909 1286 hic

292 1307 472 1334 appouamus.

292 1357 335 1384 lll.
352 1357 482 1384 Adversus
500 1366 543 1385 eos
559 1359 603 1393 qui
618 1359 750 1398 Christum
762 1360 807 1387 Dei
818 1361 978 1388 seductorem
988 1361 1069 1396 fuisse

1122 1357 1156 1385 Γ’.
1175 1357 1251 1390 Πρὸς
1262 1356 1332 1389 τοὺς
1344 1356 1679 1398 πέάνονὶύπειθηξότςις
1692 1360 1841 1394 γεγονέναι
1855 1363 1909 1390 τὸν

596 1395 760 1421 existimant.

325 1437 514 1473 luterrogandi
533 1439 615 1473 igitur
625 1445 699 1473 sunt,
719 1449 783 1467 num
796 1442 858 1476 quis
873 1449 992 1476 unquam
1003 1442 1072 1469 alius

293 1484 356 1510 huic
371 1484 469 1511 similis
485 1484 614 1512 seductor
630 1494 663 1512 ex
679 1486 803 1514 historiis
819 1488 940 1522 ipsorum
956 1488 1071 1523 proferri

292 1530 390 1563 possit,
405 1530 452 1565 qui
468 1531 697 1566 mansuetudinis,
706 1534 860 1567 probitatis,
876 1535 1071 1569 temperantiae,

292 1576 436 1610 omnisque
449 1577 560 1611 reliquae
581 1578 689 1606 virtutis
711 1579 744 1606 iis
768 1587 837 1614 quos
860 1581 998 1609 seduxerit
1017 1590 1074 1609 ma-

292 1623 377 1656 gister
391 1626 418 1649 et
432 1627 528 1649 auctor
544 1625 678 1651 exstiterit
692 1635 698 1652 :
716 1630 743 1652 et
757 1631 847 1653 utrunt
859 1627 900 1655 fas
914 1629 949 1655 sit
975 1629 1008 1656 iis
1024 1637 1073 1656 n0—

292 1667 412 1694 minibus
429 1675 526 1695 vocare
540 1676 612 1696 eum:
631 1670 676 1703 qui
694 1678 728 1697 ne
743 1671 843 1698 intueri
875 1673 985 1706 quidem
1011 1681 1072 1701 tnu-

291 1712 385 1739 lierem
402 1720 463 1740 cum
478 1714 609 1748 petulanti
626 1716 776 1749 cupiditate
799 1718 946 1751 permittit:
963 1722 990 1745 et
1007 1727 1071 1746 num

291 1757 315 1784 is
341 1758 478 1789 seductor,
496 1759 540 1792 qui
562 1767 698 1786 summum
728 1761 906 1796 philosophiae
936 1763 1071 1799 fastigium

291 1802 457 1835 tradiderit,
490 1804 695 1840 discipulosque
723 1815 788 1834 suos
820 1808 966 1840 docuerit,
999 1818 1072 1844 quaa-

291 1858 398 1884 cunque
432 1850 599 1884 possideant}
621 1853 710 1884 bona,
750 1854 934 1888 indigentibus
973 1856 1073 1890 imper-

293 1894 348 1924 tiri,
369 1897 396 1921 et
421 1894 522 1921 laboris
549 1896 668 1922 studium
706 1904 737 1924 ac
757 1897 959 1925 beneficentiam
995 1901 1072 1935 103

292 1939 401 1973 plurimi
434 1940 522 1967 facere
552 1950 558 1967 :
590 1945 615 1968 et
641 1946 730 1968 utrum
758 1943 884 1971 seductor
911 1945 944 1976 is,
974 1947 1020 1980 qui
1045 1947 1071 1972 in

291 1985 465 2012 multitudine
493 1986 617 2020 populari
643 2006 650 2018 ,
678 1987 704 2013 in
726 1988 830 2022 plebeio
862 1990 1072 2026 turbulentoqtte

290 2036 372 2063 grege
388 2031 488 2056 versari
506 2031 639 2064 prohibet,
658 2032 744 2058 solum
760 2037 849 2060 autem
868 2042 957 2062 rerum
972 2035 1072 2063 divina—
1085 2047 1106 2074 (ς

290 2082 350 2100 rtun
366 2075 486 2101 studium
504 2083 551 2102 sua
573 2076 698 2103 doctrina
723 2079 903 2105 commendat.
922 2079 973 2112 Qui
991 2088 1071 2115 porro

291 2119 348 2145 fieri
365 2123 465 2153 potest,
484 2123 512 2145 ut
536 2121 559 2146 is
582 2121 679 2147 merito
699 2122 855 2148 nominetur
871 2122 1008 2156 seductor,
1024 2124 1070 2158 qui

289 2167 316 2190 et
339 2164 374 2190 ab
395 2165 468 2191 omni
495 2165 636 2192 mendacio
657 2166 803 2199 deterreat,
827 2172 853 2194 et
875 2168 908 2194 ad
931 2170 1070 2196 veritatem

289 2214 386 2243 prmlcr
398 2215 494 2236 cuncta
510 2211 561 2237 alia
575 2212 790 2246 amplectendam
803 2213 981 2242 adhortetur?
996 2219 1024 2241 ut
1037 2224 1071 2243 ne

286 2253 348 2287 jure
371 2254 480 2288 quidem
501 2255 618 2289 jurando
645 2257 708 2283 velit
732 2266 781 2284 nos
807 2259 947 2294 indigere?
969 2264 1071 2294 quanto

287 2304 377 2326 autem
401 2300 490 2327 minus
514 2301 650 2336 perjurio?
667 2313 675 2328 ε
691 2302 731 2330 Sit
754 2305 825 2331 enim
850 2313 938 2332 sermo
957 2311 1067 2334 vester:

289 2343 347 2375 Est,
363 2349 404 2371 est
419 2354 424 2371 :
439 2353 502 2377 non,
522 2353 574 2372 non
588 2347 608 2361 δ’
622 2356 628 2372 :
649 2357 657 2372 ι
676 2352 702 2373 et
717 2349 781 2382 quid
796 2357 838 2376 me
851 2350 927 2383 plura
944 2351 1070 2386 colligere

287 2393 404 2424 oportet,
424 2399 485 2417 cum
503 2399 533 2418 ex
553 2392 597 2423 iis,
613 2400 674 2427 quae
691 2393 745 2427 jam
763 2394 834 2421 dicta
852 2399 926 2427 sunt,
943 2396 1021 2430 plane
1038 2398 1070 2423 li-

286 2439 346 2463 ceat
362 2436 478 2468 discere,
495 2439 631 2472 quodnam
648 2440 729 2468 fuerit
742 2441 802 2475 ejus
819 2442 974 2476 reipublicre
990 2443 1069 2470 insti-

286 2484 384 2513 tulutn,
402 2491 463 2517 quae
487 2484 521 2510 ab
544 2484 591 2511 illo
607 2485 677 2512 inter
694 2486 816 2514 homines
833 2488 865 2514 ad
884 2489 945 2515 vitae
964 2489 1068 2515 utilita-

286 2530 337 2552 tem
350 2527 525 2556 disseminata
542 2531 603 2557 est‘!
617 2539 649 2558 ex
664 2539 727 2566 qua,
744 2541 797 2559 non
816 2533 895 2560 modo
917 2542 969 2561 non
987 2535 1068 2562 sedu-

286 2575 402 2604 ctorem,
416 2574 462 2600 sed
478 2583 540 2602 vere
554 2576 673 2602 divinum
685 2579 838 2612 quemdam,
854 2583 881 2606 et
897 2580 994 2606 divinas
1013 2581 1068 2615 pie-

285 2619 421 2651 tatemque
437 2619 565 2653 amplexae
581 2621 769 2656 philosophiae,
792 2631 846 2651 non
867 2626 1021 2653 communis
1037 2627 1068 2653 il-

285 2660 337 2687 lius
364 2665 389 2688 et
416 2664 535 2698 vulgaris
560 2667 795 2699 iutroductnrem,
824 2671 914 2698 omnis
943 2672 1066 2700 veritatis

285 2709 390 2732 amator
414 2708 450 2734 sit
466 2710 652 2740 confessurus.
682 2713 748 2740 Nam
775 2715 846 2749 quod
873 2716 938 2743 illud
958 2717 1065 2744 vivendi
1083 2715 1103 2741 ί)

285 2749 460 2783 institutum,
495 2762 549 2788 quo
580 2756 752 2785 Hebrmorum
784 2761 985 2795 antiquissimi,
1015 2762 1061 2789 Dei

285 2794 375 2828 arnici,
395 2796 445 2824 viri
469 2799 625 2835 utebantur,
642 2804 767 2840 quodque
781 2805 836 2841 jam
851 2794 887 2834 ex
907 2808 1061 2837 hominibus

320 2870 340 2886 "
367 2871 460 2901 Matth.
474 2883 500 2905 ν.
520 2877 564 2904 57.

1365 1391 1495 1424 Χριστὸν
1510 1393 1561 1419 τοῦ
1579 1394 1664 1420 Θεοῦ.

1158 1438 1289 1464 Πευστέον
1309 1437 1340 1472 δὴ
1377 1437 1464 1464 αὐτῶν
1494 1438 1583 1464 εἵποτέ
1610 1448 1651 1470 τις
1683 1440 1760 1472 ἄλλος
1789 1443 1907 1475 τοιοῦτος

1124 1483 1221 1515 πλάνος
1235 1483 1370 1518 ἱστόρηται
1384 1483 1544 1518 πραότητος,
1561 1484 1607 1510 καὶ
1630 1486 1788 1519 ἐπιεικείας,
1802 1497 1908 1524 σωφρο-

1124 1529 1205 1564 σύνης
1230 1538 1259 1555 τε
1289 1529 1334 1556 καὶ
1357 1529 1406 1564 τῆς
1434 1529 1514 1564 ἄλλης
1536 1530 1635 1566 ἀρετῆς
1659 1532 1817 1565 διδάσκαλος
1850 1537 1908 1567 τοῖς

1122 1575 1310 1610 ὰπατωμένοις
1332 1575 1449 1609 γεγονὼς
1473 1575 1572 1607 αἴτιος·
1597 1577 1644 1603 καὶ
1669 1579 1693 1604 εἰ
1718 1578 1826 1614 θεμιτὸν
1851 1581 1908 1607 τού‹

1123 1630 1178 1653 τοις
1202 1622 1348 1648 ἀποκαλεῖν
1375 1623 1430 1653 τοῖς
1457 1622 1568 1657 ὀνόμασι
1595 1626 1640 1650 τον
1671 1624 1736 1659 μηδὲ
1762 1626 1908 1660 ὲμῦλέπειν

1125 1667 1192 1702 μετὰ
1226 1667 1371 1702 ἐπιθυμίας
1392 1667 1540 1694 ἀκολάστου
1565 1668 1685 1702 γυναιξὶν
1707 1670 1905 1706 ἐπιτρέψαντα,-

1123 1713 1169 1738 καὶ
1194 1713 1217 1738 εί
1243 1712 1340 1743 πλάνος
1361 1713 1375 1738 ὁ
1399 1711 1448 1747 τὴν
1474 1713 1512 1743 εἰς
1537 1712 1619 1748 ἄκρον
1641 1714 1777 1748 παραδοὺς
1799 1716 1906 1749 φιλοσο-

1123 1758 1186 1792 φίαν
1202 1759 1230 1784 ἐν
1243 1758 1280 1793 τῷ
1294 1759 1356 1787 τοὺς
1371 1757 1499 1793 φοιτητὰς
1516 1758 1650 1785 παιδεύειν
1665 1759 1718 1785 τῶν
1732 1761 1906 1796 ὑπαρχόντων

1123 1802 1221 1828 ὲνδεέσι
1244 1804 1390 1832 κοινωνεῖν,
1413 1803 1460 1829 καὶ
1479 1802 1509 1828 τὸ
1526 1803 1665 1836 φιλόπονον
1688 1804 1733 1830 καὶ
1751 1807 1907 1832 κοινωνικὸν

1122 1848 1186 1883 περὶ
1204 1847 1299 1874 πολλοῦ
1317 1847 1446 1874 τίθεσθαι·
1461 1848 1508 1874 καὶ
1527 1849 1551 1874 ει
1574 1849 1672 1880 πλάνος
1694 1850 1707 1875 ό
1732 1850 1781 1884 τῆς
1806 1851 1907 1886 πανδή-

1124 1901 1185 1928 μου,
1204 1894 1251 1920 καὶ
1270 1893 1406 1927 ἀγελαίου,
1429 1893 1475 1920 καὶ
1497 1893 1663 1929 θορυϐώδους
1690 1895 1830 1927 συνουσίας
1846 1897 1906 1922 ἁνε-

1122 1938 1231 1973 γείρων,
1244 1938 1374 1965 διδάσκων
1390 1939 1417 1964 δὲ
1432 1939 1514 1973 μόνην
1533 1939 1701 1971 ἀσπάζεσθαι
1721 1940 1769 1975 τὴν
1790 1942 1852 1976 περὶ
1871 1942 1907 1969 τὰ

1123 1984 1181 2010 οεῐα
1193 1985 1269 2019 λόγια
1286 1985 1391 2020 σχολήν.
1413 1985 1441 2011 Ὀ
1466 1985 1494 2011 δὲ
1512 1985 1610 2017 παντὸς
1631 1986 1680 2020 μὲν
1706 1986 1821 2020 ψεύδους
1837 1989 1906 2014 ἁποο

1122 2031 1239 2065 τρέπων,
1258 2031 1306 2066 τὴν
1324 2031 1347 2057 δ’
1367 2030 1493 2066 ἀλήθειαν
1517 2031 1568 2065 πρὸ
1586 2032 1685 2063 παντὸς
1703 2034 1784 2068 τιμᾷν
1804 2043 1904 2069 παραι-

1123 2075 1183 2101 νῶν·
1197 2076 1233 2107 ὡς
1249 2077 1308 2111 μηδ’
1321 2076 1445 2111 εὐορκίας
1459 2076 1571 2107 δεῖσθαι,
1589 2077 1685 2104 πολλοῦ
1699 2078 1740 2105 δεῖ
1755 2080 1903 2116 ἐπιορκεῖν·

1124 2129 1133 2146 ε
1149 2122 1236 2147 Ἔστω
1251 2121 1304 2157 γὰρ
1323 2121 1398 2157 ὑμῶν
1421 2121 1450 2147 τὸ
1466 2122 1518 2148 Ναὶ
1540 2122 1593 2154 ναὶ,
1613 2124 1642 2150 τὸ
1660 2124 1689 2150 οὓ
1708 2124 1747 2150 οῠ’
1769 2134 1778 2150 ι
1796 2126 1854 2157 πῶς
1873 2126 1905 2152 ἂν

1121 2166 1219 2199 πλάνος
1236 2168 1346 2199 ἐνδίκως
1362 2167 1541 2203 ὀνομασθείη;
1559 2169 1613 2195 Καὶ
1631 2169 1656 2195 τί
1675 2178 1707 2204 με
1724 2170 1775 2206 χρὴ
1796 2171 1905 2198 πλείονα

1121 2213 1167 2239 νῦν
1194 2213 1291 2247 λέγειν,
1315 2214 1401 2249 παρὸν
1421 2216 1451 2241 ἐκ
1480 2215 1532 2241 τῶν
1557 2215 1673 2250 πρόσθεν
1693 2217 1844 2251 εἰρημένων
1863 2218 1904 2249 τίς

1121 2266 1185 2284 ποτε
1206 2257 1239 2293 ἦν
1259 2260 1356 2295 τρόπος
1375 2260 1475 2294 γνῶναι
1495 2260 1544 2294 τῆς
1562 2260 1607 2286 ὑπ’
1623 2260 1704 2286 αὑτοῦ
1720 2262 1904 2296 κατασπαρεί-

1121 2313 1170 2341 σης
1181 2306 1218 2340 τῷ
1229 2305 1278 2340 βίῳ
1294 2305 1438 2337 πολιτείας,
1451 2306 1496 2339 ἀφ’
1512 2303 1545 2340 ἦς
1559 2306 1606 2340 οὐχ
1622 2306 1695 2337 ὅπως
1708 2306 1816 2338 πλάνον,
1836 2307 1905 2334 ἀλλά

1119 2360 1178 2377 τινα
1192 2351 1261 2377 θεῖον
1273 2351 1309 2382 ὡς
1323 2351 1439 2386 ἀληθῶς,
1457 2352 1503 2377 καὶ
1525 2350 1609 2382 θείας,
1628 2352 1673 2377 καὶ
1691 2352 1828 2384 εὐσεϐοῦς,
1846 2353 1902 2379 ἀλλ’

1119 2397 1149 2423 οὐ
1166 2397 1214 2432 τῆς
1235 2397 1326 2431 κοινῆς
1347 2398 1392 2423 καὶ
1414 2396 1552 2432 πανδήμου
1578 2397 1732 2431 φιλοσοφίας
1755 2399 1903 2434 εἰσηγητὴν

1119 2443 1172 2474 πᾶς
1191 2444 1204 2468 ό
1230 2443 1377 2478 φιλαλήθης
1396 2442 1476 2469 αὑτὸν
1499 2443 1662 2478 ὁμολογήσαι
1681 2443 1730 2475 ἄν;
1760 2443 1811 2469 Τὸν
1838 2444 1902 2478 γοῦν

1119 2490 1174 2524 βίον
1190 2490 1242 2516 τῶν
1258 2490 1339 2516 πάλαι
1353 2489 1485 2523 θεοφιλῶν
1506 2489 1638 2523 Ἐϐραίων
1654 2489 1702 2524 ἤδη
1726 2497 1783 2520 πως
1806 2488 1836 2521 ἐξ
1856 2490 1904 2516 ἀν-

1119 2535 1233 2571 θρώπων
1257 2534 1412 2561 ἀπολωλότα
1441 2535 1520 2569 μόνος
1544 2535 1774 2569 ἀνανεωσάμενος,
1794 2536 1843 2562 οὐκ
1862 2537 1902 2568 εἰς

1119 2582 1228 2617 βραχεῖς
1249 2582 1295 2608 καὶ
1318 2582 1452 2616 μετρίους,
1479 2581 1534 2607 ἀλλ’
1551 2582 1589 2612 εἰς
1608 2580 1666 2607 ὅλον
1684 2581 1843 2615 ὲφαπλῶσαι
1856 2582 1902 2608 τὸν

1117 2629 1218 2662 κόσμον
1233 2628 1418 2654 ἀποδέδεικται
1438 2627 1480 2653 διὰ
1496 2627 1542 2653 τοῦ
1563 2625 1669 2662 πρώτου
1687 2627 1902 2662 συγγράμματος

1117 2675 1164 2709 τῆς
1180 2674 1319 2709 παρούσης
1334 2673 1496 2704 ὑποθέσεως·
1514 2673 1547 2699 δι’
1562 2670 1592 2698 οὗ
1606 2674 1736 2708 πάρεστιν
1749 2673 1902 2709 ἀνθρώποις

1118 2719 1163 2745 ἐπὶ
1176 2719 1289 2754 σπείρας
1308 2720 1363 2749 τοῖς
1380 2719 1439 2745 καθ’
1457 2719 1520 2754 ὅλης
1540 2719 1589 2754 τῆς
1607 2720 1767 2755 οἰκουμένης
1786 2720 1831 2746 τὸν
1846 2721 1901 2747 τῶν

1117 2764 1245 2799 θεοφιλῶν
1259 2765 1369 2791 ἐκείνων
1385 2765 1454 2799 ἀμφὶ
1464 2765 1508 2791 τὺν
1525 2765 1648 2800 Ἀϐραὰμ
1661 2766 1773 2800 μυρίους
1783 2775 1812 2793 τε
1823 2767 1901 2799 ὅσους

1118 2809 1238 2844 ζηλωτὰς
1253 2810 1303 2836 οὐκ
1319 2809 1348 2841 ἐξ
1367 2809 1497 2844 Ἑλλήνων
1511 2809 1598 2844 μόνον,
1615 2810 1680 2837 ἀλλὰ
1695 2811 1741 2838 καὶ
1756 2811 1902 2848 βαρϐάρων
