2071 3219
202 209 255 238 189

664 208 992 237 DEMONSTRATIONIS
1012 208 1241 236 EVANGEL'CIE
1262 208 1324 235 LIB.
1345 207 1388 236 lil.

1778 207 1830 235 ιςιο

203 269 253 305 τῆς
264 269 383 296 ἐκείνων
398 269 536 302 θεοσιὸοὖς
550 269 685 301 πολιτείας
699 269 846 302 ἀποδεῖξαι.
871 267 951 294 Ἀλλὰ
960 267 992 295 τὰ

1045 268 1245 303 quodammodo
1270 267 1428 298 interierat.
1452 267 1528 294 solus
1557 266 1615 300 ipse
1641 265 1828 297 renovaverit.

206 314 255 350 μὲν
269 314 427 350 ὴθικώτερα
439 315 488 350 τῆς
500 314 672 346 διδασκαλίας
687 314 769 341 αὑτοῦ
784 313 905 340 τοιαῦτα.
927 314 994 349 Φέρε

205 360 232 387 δὲ
251 359 416 395 σκεψώμεθα
443 361 478 396 μὴ
502 360 557 397 ἄρα
573 360 639 386 ποτὲ
652 361 666 386 ὁ
681 360 780 392 πλάνος
794 359 869 394 αὐτῷ
885 359 949 395 περὶ
961 359 995 386 τὰ

206 406 362 442 κυριώτατα
379 407 432 433 τῶν
458 407 600 442 δογμάτων
615 407 780 440 κατεγίνετο.
794 403 857 441 ’Ἆρ’
875 403 921 432 οὖν
935 405 996 440 οὑχλ⁸

208 453 280 488 μόνῳ
295 453 334 487 τῷ
351 452 516 487 παμϐασιλεί
531 453 590 488 Θεῷ
612 452 650 488 τῷ
671 453 718 479 καὶ
727 452 854 487 οὐρανοῦ,
869 453 916 478 καὶ
932 451 993 487 γῆς,

207 499 253 524 καὶ
284 498 330 524 τοῦ
362 498 516 533 σύμπαντος
545 499 646 534 κόσμου
678 497 834 534 δημιουργῷ
856 498 935 529 αὑτός
965 506 994 524 τε

207 544 383 578 ἀνακείμενος
399 545 445 570 καὶ
458 545 520 575 τοὺς
537 544 664 580 φοιτητὰς
682 544 825 579 προσάγων
841 544 995 579 ἀναγέγρα-

207 598 290 621 πται;
309 590 398 616 Είσέτι
415 598 444 616 τε
463 591 509 617 καὶ⁸
525 589 604 625 δεῦρο
624 591 647 616 oi
665 590 714 625 τῆς
726 590 898 621 διδασκαλίας
911 589 994 616 αὐτοῦ

207 635 280 669 λόγοι
296 636 383 662 πάντα
401 635 516 671 Ἕλληνα
532 637 578 662 καὶ
592 635 727 672 βάρϐαρον
742 636 798 662 ἀνω
815 635 863 670 τὴν
877 635 994 662 διάνοιαν

208 681 275 716 πρὸς
290 681 335 707 τὸν
351 681 479 708 ἀνωτάτω
492 681 558 708 Θεὸν
572 682 712 716 ἀνάγουσι,
730 683 822 709 πᾶσαν
835 681 934 716 ὁρατὴν
945 681 995 715 φύ-

207 735 249 754 σιν
267 727 448 763 ὑπεράᾷαντα,
464 726 535 764 τΔρα
552 727 598 755 οὖν
620 728 656 763 μὴ
677 728 762 760 οὕτως
775 726 807 763 ἦν
823 729 836 754 ὁ
852 728 959 760 πλάνος,
977 727 993 762 ἦ

206 773 248 799 ὃτι
263 773 299 808 μὴ
313 775 362 809 καὶ
374 773 481 806 πλείους
500 774 587 800 σέϐειν
603 774 680 805 θεοὺς
696 775 728 800 ὲκ
741 774 790 809 τῆς
809 773 937 800 ἀνωτάτω
947 773 994 800 καὶ

208 819 292 853 μόνης
305 808 420 853 ἀληθοῦς
433 819 570 853 θεολογίας
585 820 630 846 τὸν
641 820 678 850 ὡς
693 819 798 854 ἀληθῶς
813 820 911 846 πλάνον
925 828 992 855 τρα-

205 864 367 898 χηλισθὲντα
381 867 532 901 συγχωρεῖ;
555 865 623 891 Ἀλλ’
642 862 718 896 οὗτος
735 866 766 892 οὐ
783 865 923 901 νεώτερος,
939 865 993 892 οὐδ’

206 911 305 941 οἰκεῖος
322 910 396 946 αὑτῴ
406 911 494 945 λόγος,
505 913 560 943 τοῖς
575 911 596 938 δ’
613 912 645 937 ὲκ
664 911 769 947 μακροῦ
784 911 863 938 πάλιν
874 911 994 945 θεοφιλέ-

206 963 250 982 etv
270 956 404 991 Ἑϐραίοις
415 957 574 992 προσφιλὴς,
586 957 727 993 ὠσπεροῦν
743 958 874 984 δέδεικται
888 957 931 983 διὰ
944 958 992 991 τῆς

205 993 549 1039 Προπαρασκευῆςξπαβ
563 1000 600 1029 ὦν
615 1003 664 1038 ἥδη
676 1003 786 1030 καὶτῶν
801 1003 868 1029 νέων
888 1003 992 1037 φιλοσό-

206 1055 264 1081 φων
280 1048 374 1080 παῖδες
386 1048 419 1074 τὰ
437 1049 540 1084 μεγάλα
556 1049 734 1084 ὠφελημένοι,
750 1049 788 1084 τῷ
798 1049 910 1084 δόγματι
929 1057 991 1075 συν-

203 1093 369 1128 ηρέσθησειν.
386 1095 562 1130 Σεμνύνονται
579 1097 611 1130 γέ
627 1103 667 1121 τοι
697 1095 743 1121 καὶ
755 1095 843 1121 αὐτῶν
859 1095 991 1129 Ἑλλήνων

204 1138 233 1164 οἱ
251 1138 409 1173 λογιώτατοι
431 1140 478 1166 ἐπὶ
501 1141 633 1175 χρησμοῖς
652 1141 705 1166 τῶν
720 1140 827 1167 οἰκείων
849 1140 926 1171 θεῶν,
941 1137 992 1166 ὧδέ

204 1191 266 1215 πως
282 1184 411 1220 Ἐϐραίων
423 1186 645 1220 μνημονεύουσιν·

1048 323 1136 350 neque
1158 315 1186 342 in
1204 321 1305 350 paucos
1321 317 1349 341 et
1365 314 1498 344 modicos,
1522 313 1569 340 sed
1585 313 1612 339 in
1629 316 1716 339 totum
1736 312 1830 339 orbem

1046 361 1194 392 diﬂuderil,
1209 361 1236 387 in
1254 360 1342 395 primo
1359 359 1441 393 hujus
1455 359 1546 393 operis
1563 358 1632 385 libro
1645 358 1712 385 satis
1724 366 1739 384 a
1751 358 1830 384 nobis

1046 412 1187 435 ostensum
1209 411 1251 434 est
1269 416 1275 433 :
1293 414 1341 441 per
1364 413 1444 441 quem
1469 405 1563 439 tutique
1584 405 1646 431 licet
1673 404 1830 432 hominibus

1043 453 1100 487 jam
1117 451 1255 479 turtuatitn
1271 451 1298 477 in
1315 454 1372 477 toto
1388 450 1464 480 orbe,
1482 449 1554 476 illitis
1570 449 1642 479 vitm,
1658 448 1843 482 religionem--

1046 505 1098 533 que
1120 497 1251 532 amplexae
1274 496 1438 531 reipublicae.
1457 503 1537 530 quam
1557 498 1584 521 et
1609 494 1667 529 ipse
1691 494 1828 520 Abraham

1045 549 1071 572 et
1086 543 1131 578 qui
1154 551 1200 577 per
1221 542 1290 569 idem
1310 546 1417 576 tempus
1434 541 1524 567 vixere
1544 540 1639 566 sectati
1658 543 1732 570 sunt.
1748 539 1829 566 innu-

1045 590 1189 617 merabiles
1205 596 1259 616 non
1277 588 1364 615 solum
1381 595 1413 614 ex
1427 586 1538 617 Graecis.
1560 585 1607 612 sed
1623 586 1704 612 etiam
1719 593 1750 611 ex
1765 585 1828 611 bar~

1045 636 1129 667 baris,
1145 636 1318 662 aemulatores
1336 634 1489 660 ostendere.
1505 632 1535 658 Et
1561 633 1632 658 illius
1649 632 1759 666 quidem
1775 631 1826 658 do-

1045 682 1139 709 ctrina:
1165 688 1227 716 pars
1242 687 1302 715 (ιιιίὲ
1323 679 1356 705 ad
1378 686 1466 705 mores
1487 678 1603 712 pertinet
1631 677 1727 711 magis,
1753 677 1828 710 ejus-

1045 727 1129 755 modi.
1146 726 1222 753 Nunc
1237 725 1379 752 videamus
1395 728 1485 750 utrum
1499 722 1652 748 seductoris
1667 728 1775 752 nomen,
1789 720 1826 746 illi

1045 774 1072 800 in
1087 781 1119 800 eo
1133 779 1230 807 genere
1246 775 1442 806 przeceptorum
1454 763 1609 799 conveniat;
1626 767 1696 802 quod
1710 767 1828 794 maxime

1044 817 1209 844 dominatur.
1231 815 1325 842 Nonne
1350 815 1432 849 igitur
1456 813 1489 840 de
1514 813 1558 839 illo
1579 813 1666 847 palam
1695 813 1826 846 scriptum

1045 867 1099 895 est,
1114 861 1342 897 quemadmodum
1358 861 1409 888 soli
1424 859 1546 886 omnium
1563 859 1619 893 regi
1641 857 1704 888 Deo,
1722 861 1749 884 et
1765 857 1827 884 cwli

1045 917 1076 936 ac
1090 913 1181 940 terrm,
1196 908 1342 942 mundique
1358 906 1477 933 universi
1493 906 1595 940 opitici,
1609 909 1635 932 et
1648 905 1705 938 ipse
1719 903 1826 930 deditus

1009 945 1028 971 Β
1045 956 1136 988 fuerit,
1154 960 1180 982 et
1193 954 1385 982 commendare
1401 960 1465 980 suos
1478 952 1627 986 discipulos
1639 949 1828 977 consueverit?

1046 1001 1098 1028 Sed
1121 1008 1211 1027 nonne
1237 999 1318 1026 etiam
1341 1005 1413 1024 nunc
1443 998 1516 1024 illius
1539 997 1670 1023 doctrinae
1694 1000 1828 1030 pra-cepta

1046 1054 1151 1077 omnes,
1166 1050 1192 1072 et
1213 1043 1322 1071 Graecos
1333 1048 1358 1070 et
1375 1042 1507 1070 barbaros
1527 1041 1559 1068 ad
1574 1048 1730 1075 supremum
1745 1040 1826 1066 Deum

1045 1099 1154 1118 sursum
1173 1093 1264 1117 mente
1279 1089 1422 1123 animoque
1440 1087 1654 1122 percipiendum,
1677 1090 1703 1112 et
1719 1092 1827 1111 omnem

1046 1137 1178 1164 visibilem
1207 1139 1331 1161 naturam
1356 1132 1556 1167 despiciendam
1581 1130 1733 1158 extollunt?
1762 1136 1826 1155 num

1045 1183 1128 1217 igitur
1139 1180 1183 1208 hic
1194 1181 1243 1207 fuit
1255 1179 1400 1207 seductor?
1419 1186 1452 1204 an
1471 1186 1534 1205 vero
1549 1177 1621 1211 qttod
1635 1177 1726 1210 plures
1739 1175 1828 1202 colere

205 1229 273 1256 deos
291 1237 324 1256 ex
340 1219 512 1264 suprentaﬂet
532 1231 588 1257 sola
611 1238 674 1257 vera
691 1230 825 1264 theologia
846 1237 918 1261 eum,
952 1229 998 1264 qui
1017 1235 1111 1255 revera
1127 1227 1155 1254 in
1174 1233 1293 1253 errorem
1323 1232 1442 1259 praeceps
1462 1225 1497 1250 sit
1523 1223 1615 1261 lapsus
1645 1229 1698 1248 non
1717 1219 1829 1254 permit-

205 1274 259 1301 tit?
270 1278 297 1301 at
310 1275 354 1302 hic
368 1283 421 1302 non
439 1283 545 1307 recens,
561 1284 648 1311 neque
661 1276 734 1303 illius
749 1277 874 1311 proprius
887 1283 988 1306 sermo,

1022 1274 1069 1302 sed
1089 1282 1121 1300 ex
1146 1273 1230 1300 multo
1257 1275 1378 1306 tempore
1401 1270 1498 1305 priscis
1528 1268 1573 1295 Dei
1597 1267 1748 1294 cultoribus
1775 1266 1827 1293 ηε-

206 1321 287 1348 braeis
302 1327 459 1353 consuetus,
482 1323 708 1356 quemadmodum
722 1326 748 1349 et
765 1322 792 1349 in
805 1321 1005 1356 Pra‘paratione
1024 1325 1164 1348 ostensum
1185 1322 1236 1350 est,
1254 1326 1286 1344 ex
1316 1325 1368 1352 qua
1383 1317 1438 1350 jam
1464 1322 1535 1342 nunc
1549 1322 1610 1341 cum
1635 1319 1757 1340 recentes
1772 1313 1830 1347 phi-

206 1367 314 1403 losophi
349 1376 474 1403 magnam
509 1370 651 1396 utilitatem
680 1371 843 1404 acceperint,
870 1370 958 1404 ipsum
992 1367 1123 1396 doctrina:
1161 1373 1247 1401 genus
1271 1365 1526 1399 comprobaverunt.
1551 1363 1684 1390 Caeterum
1706 1362 1825 1396 ipsorqu

205 1414 288 1440 etiam
306 1414 384 1450 104
395 1414 550 1442 Graecorum
572 1415 723 1442 doctissimi
745 1423 856 1443 suorum
891 1415 1004 1442 deorum
1036 1413 1155 1441 oraculis
1183 1411 1344 1447 gloriantur.
1369 1411 1403 1438 de
1433 1411 1552 1438 liebrtcis
1577 1411 1603 1437 in
1626 1410 1698 1437 hunc
1718 1407 1827 1436 modqu

206 1463 371 1488 mentionem
388 1462 550 1490 facientibus
567 1471 574 1490 :

205 1517 320 1544 Μοῦνοι
333 1517 471 1543 Χαλδαῖοι
484 1518 596 1552 σοφίην
610 1518 716 1552 λάχον,
733 1517 778 1551 ἠδ’
791 1517 836 1551 ἄρ’
857 1517 990 1550 Ἑϐραῖοι,

201 1553 424 1586 Λὺτογένεθλον
440 1552 554 1579 ἄνακτα
567 1552 756 1587 σεϐαζόμενοι
774 1553 847 1579 Θεὸν
862 1552 970 1587 ἁγνῶς.

206 1639 356 1671 Χαλδαίους
376 1639 404 1666 δὲ
426 1640 488 1672 τοὺς
512 1640 609 1672 αὐτοὺς
623 1640 666 1667 διὰ
679 1640 725 1666 τὸν
748 1640 871 1676 Ἀϐραὰμ
887 1640 992 1676 ὠνόμα-

207 1694 263 1718 σεν,
283 1686 344 1712 ἐπεὶ
359 1685 490 1717 Χαλδαῖος
512 1684 544 1721 ἦν
565 1687 595 1712 τὸ
614 1686 702 1720 γένος,
727 1687 764 1718 ὡς
784 1688 938 1722 ἱστορεῖται.
961 1687 991 1713 Εἰ

205 1731 238 1768 δὴ
257 1729 304 1758 οὖν
319 1732 365 1758 καὶ
386 1732 521 1768 πρόπαλαι
541 1732 634 1764 παῖδες
655 1732 786 1770 Ἐϐραίων
799 1733 851 1760 τῶν
862 1733 893 1768 δὴ
915 1732 993 1768 μάλι-

207 1785 268 1808 στα,
283 1777 409 1813 καὶπρὸς
424 1778 477 1804 τῶν
498 1778 628 1813 χρησμῶν
653 1779 698 1804 ἐπὶ
715 1779 794 1814 σοφίᾳ
817 1787 993 1814 μεμαρτυρη-

208 1823 296 1859 μένων
314 1823 359 1849 ὲπὶ
375 1824 453 1858 μόνον
475 1823 519 1850 τὸν
538 1824 645 1850 πάντων
661 1824 824 1859 δημιουργὸν
841 1824 905 1850 Θεὸν
927 1824 993 1859 ἀνῆ-

207 1878 255 1903 γον
271 1870 302 1895 τὸ
326 1870 417 1902 σέϐεις·
434 1870 459 1896 τί
480 1870 520 1896 δεῖ
537 1870 644 1902 πλάνον,
659 1871 717 1905 οὐχὶ
734 1871 762 1897 δὲ
779 1870 934 1905 Θαυμαστὸν
948 1871 993 1896 εὑ-

208 1916 316 1947 σεὸείας
330 1916 487 1943 διδάσκαλον
497 1916 634 1951 ὁμολογεῖν
646 1916 754 1948 τοῦτον;
766 1916 795 1948 ὃς
807 1916 842 1942 τὰ.
855 1916 992 1951 πρόπαλαι

208 1961 289 1996 μόνος
305 1962 359 1992 τοῖς
373 1961 522 1996 Θεοφιλέσιν
545 1962 678 1997 Ἑϐραίοις
700 1962 858 1996 ἐγνωσμένα
875 1963 914 1993 είς
927 1962 993 1988 πάν-

206 2013 257 2037 τας
271 2006 430 2041 ἀνθρώπους
451 2007 557 2043 ἀοράτῳ
575 2008 620 2034 καὶ
638 2007 721 2042 ὲνϋέῳ
741 2007 852 2041 δυνάμει
873 2016 994 2043 προαγαν

206 2053 264 2086 γὼν
281 2051 444 2086 ὲξήπλωσεν·
461 2053 531 2079 ὥστε
551 2053 647 2088 μηκέτι
661 2053 729 2080 κατὰ
744 2054 774 2080 τὸ
791 2053 902 2080 παλαιὸν
925 2054 992 2089 βρα-

207 2099 265 2133 χεῖς
275 2106 350 2129 τινας
367 2099 412 2124 καὶ
425 2099 532 2134 ἀριθμῷ
549 2099 665 2134 ληπτοὺς
680 2099 761 2135 ὀρθὰς
778 2100 840 2135 περὶ
860 2099 926 2126 Θεοῦ
951 2100 994 2134 φέ-

208 2151 266 2178 ρειν
285 2143 372 2175 δάξας,
387 2143 454 2170 ἀλλὰ
471 2144 553 2179 μυρία
569 2144 658 2179 πλήθη
679 2144 821 2180 βαρϐάρων
838 2144 890 2170 τῶν
911 2145 993 2172 πάλαι

207 2189 439 2223 θηριώεστάτων,
458 2189 554 2224 λογίων
569 2199 598 2218 τε
616 2191 662 2218 καὶ
690 2191 821 2226 Ἑλλήνων
838 2192 951 2226 ἀνδρῶν,
968 2193 992 2218 οἳ

206 2237 264 2266 τοῖς
281 2235 362 2261 πάλαι
383 2237 533 2271 προφήταις
545 2237 591 2263 καὶ
602 2237 716 2268 δικαίοις
726 2237 854 2273 ἀνδράσιν
870 2238 991 2264 εὐσεϐεῖν

206 2281 307 2316 ὁμοίως
322 2281 365 2307 διὰ
377 2282 459 2317 μόνης
475 2282 522 2317 τῆς
540 2282 619 2309 αὑτοῦ
634 2283 773 2318 δυνάμεως
784 2283 991 2318 ἐπαιδεύθησαν.

214 2326 295 2352 Ἀλλὰ
314 2326 346 2361 δὴ
366 2327 396 2352 τὺ
420 2327 510 2362 τρίτον
535 2327 706 2363 σκεψώμεθα,
723 2329 760 2364 μή
782 2330 839 2357 ποτ’
850 2329 904 2364 ἄρα
920 2329 991 2356 τοῦτ’

206 2369 241 2408 ἦν
250 2373 282 2398 δι’
294 2373 308 2399 ὂ
327 2373 424 2399 πλάνον
437 2373 516 2399 αὐτόν
532 2382 623 2410 φησιν,
636 2375 676 2400 ὃτι
694 2375 730 2410 μὴ
752 2374 906 2409 βουθυσίαις
926 2377 993 2411 μηδὲ

207 2417 284 2451 ζώων
299 2419 403 2453 ἀλόγων
430 2422 546 2454 σφαγαῖς
566 2420 625 2456 μηδ’
649 2421 746 2456 αἵμασι
766 2423 812 2448 καὶ
832 2423 908 2457 πυρὶ,
927 2423 993 2458 μηδὲ

206 2466 262 2495 τοῖς
276 2466 329 2492 ἀπὸ
351 2466 400 2500 γῆς
415 2466 646 2502 ἀναθυμιωμένοις
666 2468 696 2494 τὸ
713 2467 782 2494 θεῖον
799 2469 881 2504 τιμᾷν
905 2469 992 2495 διετά-

206 2509 280 2543 ξατο,
296 2511 416 2538 Ταπεινὰ
432 2512 479 2546 μὲν
495 2513 541 2538 καὶ
557 2512 642 2548 γεώδη
658 2513 742 2539 ταῦτα
759 2514 805 2540 καὶ
828 2515 877 2549 τῆς
892 2515 991 2541 ἀθανά-

205 2564 252 2582 του
267 2557 373 2590 φύσεως
389 2558 512 2593 οὐδαμῶς
536 2560 622 2586 οἰκεῖα
644 2559 829 2595 λογισάμενος,
847 2561 941 2596 κρίνας
964 2562 992 2588 δὲ

206 2602 296 2638 πάσης
314 2603 409 2634 Θυσίας
437 2605 656 2639 προσηνεστάτην
679 2605 725 2631 καὶ
749 2606 840 2640 ἡδεῖαν
863 2604 932 2634 εἶναι
953 2608 992 2643 τῷ

204 2648 265 2683 Θεῴ
280 2648 329 2684 τὴν
352 2649 407 2675 τῶν
427 2649 534 2676 οἰκείων
557 2650 670 2676 ἐντολῶν
693 2652 870 2687 κατόρθωσιν,
895 2653 928 2680 δι’
954 2651 992 2680 ὧν

204 2693 280 2729 αὑτῷ
294 2694 399 2728 σώματι
419 2695 466 2721 καὶ
481 2694 553 2730 ψυχῇ
564 2695 791 2731 κεκαθαρμένους,
807 2697 845 2732 νῷ
864 2706 894 2724 τε
918 2697 991 2724 διαυ-

181 2773 190 2777 _
203 2739 247 2772 γεῖ
257 2739 304 2765 καὶ
318 2739 450 2774 δόγμασιν
463 2739 600 2766 εὐσεὸέσιν
615 2742 844 2776 κεκοσμημένους,
858 2743 906 2777 τὴν
923 2743 992 2779 πρὸς

203 2785 248 2811 τδν
264 2785 330 2812 Θεὸν
350 2785 508 2820 ἐξομοίωσιν
524 2786 719 2821 ἀπομιμεῖσθαι
733 2788 865 2821 ἐδίδασκε,
877 2789 990 2825 διαρρή-

202 2831 251 2865 δην
266 2831 388 2865 φάσκων·
409 2840 419 2857 ί
444 2831 557 2858 Ἐσεσθε
580 2832 686 2863 τέλειοι,
703 2833 740 2865 ὡς
760 2834 774 2859 ὁ
797 2835 889 2870 Πατὴρ
914 2835 990 2870 ὑμῶν

204 2875 304 2908 τέλειός
316 2878 400 2904 ἐστιν.
421 2886 429 2902 ι
447 2877 477 2903 Εἰ
493 2877 524 2912 δὴ
545 2877 630 2904 ταῦτά
653 2886 694 2910 τις
719 2877 850 2914 Ἐλλήνων
869 2880 988 2915 αἰτιῷτο,

205 2921 269 2948 tam
284 2922 322 2959 μὴ
337 2922 402 2957 φίλα
413 2923 468 2954 τοῖς
481 2923 591 2955 οἰκείοις
605 2923 773 2956 διδασκάλοις
789 2925 903 2960 φρονῶν,
921 2926 988 2959 οἶγε,

1047 1515 1116 1543 Solis
1136 1514 1267 1542 Chaldwt's
1281 1515 1410 1548 sapientia
1422 1514 1538 1548 conligit,
1557 1519 1635 1548 atque

1048 1552 1177 1580 liebrazis.
1192 1551 1236 1582 qui
1248 1558 1280 1577 ea:
1292 1559 1318 1576 se
1330 1551 1455 1584 genitum,
1473 1557 1606 1584 regemque
1620 1549 1748 1582 deumque

1047 1586 1120 1613 Pura
1137 1591 1220 1612 meum
1233 1583 1338 1616 colunt;
1351 1590 1427 1619 atque
1445 1593 1524 1610 unum
1541 1592 1635 1610 numen
1650 1583 1772 1611 adoranl.

1042 1641 1185 1668 Chaldmos
1200 1645 1289 1668 autem
1301 1640 1410 1668 eosdem
1425 1644 1535 1675 propter
1548 1640 1683 1667 Abraham
1701 1639 1826 1666 nomina-

1043 1688 1092 1719 vit,
1110 1689 1167 1722 qui,
1196 1692 1225 1714 ut
1244 1689 1380 1715 memoriae
1396 1678 1531 1723 pioditum
1548 1692 1600 1719 est,
1627 1695 1725 1722 genere
1744 1687 1827 1714 Chal-

1043 1732 1117 1760 daeus
1132 1733 1192 1760 fuit.
1213 1733 1242 1759 Si
1258 1734 1340 1767 igitur
1355 1734 1436 1760 etiam
1460 1733 1494 1760 ab
1513 1734 1633 1768 antiquis
1652 1741 1738 1767 usque
1757 1736 1827 1760 tem-

1043 1778 1166 1812 poribus,
1189 1778 1305 1810 Hebraei,
1330 1780 1376 1814 qui
1396 1779 1512 1806 maxime
1531 1779 1566 1805 ab
1582 1778 1700 1805 oraculis
1718 1785 1826 1812 quoqtte

1043 1824 1182 1858 sapientiae
1203 1824 1386 1851 testimonium
1413 1828 1588 1858 acceperunt,
1608 1825 1635 1850 in
1653 1831 1738 1850 unttnt
1762 1830 1822 1850 om-

1042 1870 1118 1896 nium
1141 1878 1232 1896 rerqu
1260 1870 1383 1904 opificem
1406 1869 1492 1897 Deum
1516 1870 1702 1896 adorationum
1725 1869 1826 1904 dirige-

1043 1917 1118 1947 bant.
1139 1924 1189 1942 cur
1206 1917 1378 1943 seductorem
1405 1916 1532 1950 amplius,
1549 1923 1580 1942 ac
1596 1923 1650 1942 non
1668 1915 1757 1949 potius
1774 1915 1826 1941 mi-

1043 1961 1156 1988 rabilem
1177 1961 1317 1996 religionis
1339 1962 1509 1996 magistrum,
1528 1961 1664 1995 huncjam
1683 1961 1768 1988 fuisse
1786 1961 1826 1987 fa-

1042 2007 1169 2034 teamur?
1190 2009 1236 2042 qui
1261 2016 1293 2035 ea
1320 2015 1379 2042 quae
1401 2008 1537 2042 quondam
1565 2008 1631 2035 solis
1654 2007 1701 2034 Dei
1729 2007 1825 2034 amicis

1043 2053 1163 2080 llcbrzcis
1180 2054 1288 2088 cognita
1302 2058 1390 2085 erant,
1407 2054 1434 2080 in
1454 2058 1569 2080 cunctos
1587 2053 1711 2080 homines
1730 2052 1826 2079 invisis

1043 2100 1102 2131 bili,
1115 2100 1261 2135 divinaque
1283 2101 1381 2127 virtute
1398 2101 1509 2135 protulit
1523 2109 1554 2127 ac
1570 2100 1708 2128 delitavit?
1727 2103 1755 2126 ut
1772 2107 1825 2126 non

1043 2145 1170 2179 amplius,
1191 2146 1261 2172 sicut
1279 2145 1354 2179 prius
1366 2145 1444 2179 pauci
1460 2144 1570 2179 quidam
1589 2147 1615 2171 et
1632 2143 1824 2173 nutrierabiles.

1045 2195 1132 2217 rectas
1147 2190 1180 2217 de
1197 2189 1251 2217 Deo
1267 2190 1383 2217 habeant
1395 2191 1548 2224 opiniones,
1561 2190 1607 2217 sed
1620 2194 1771 2216 conventus
1784 2190 1826 2215 in-

1043 2237 1226 2264 numerabiles
1249 2241 1303 2263 tam
1325 2237 1464 2263 hominum
1487 2237 1676 2268 barbarorum,
1698 2236 1744 2269 qui
1760 2236 1825 2263 olim

1011 2290 1031 2316 ι)
1045 2282 1173 2310 ferissimi
1188 2287 1276 2314 erant,
1288 2290 1369 2317 quam
1382 2283 1545 2317 sapientium
1558 2288 1585 2310 et
1600 2282 1766 2314 Graecorum,
1779 2281 1826 2316 qui

1044 2329 1218 2364 antiquorum
1244 2329 1455 2363 prophetarum.
1479 2330 1672 2364 justorumque
1704 2328 1824 2355 virormu

1043 2375 1200 2410 religionem
1213 2376 1350 2410 amplecti.
1363 2376 1420 2403 sola
1437 2376 1510 2402 illius
1524 2376 1624 2402 virtute
1641 2375 1730 2402 edocti
1744 2373 1827 2401 sunt?

1045 2421 1097 2449 Sed
1117 2422 1172 2456 jam
1199 2422 1308 2448 tertitun
1333 2422 1399 2449 illud
1418 2422 1644 2456 contemplemur,
1671 2429 1736 2446 num
1764 2427 1826 2446 vere

1043 2467 1118 2494 illum
1145 2467 1315 2494 seductorem
1341 2468 1486 2502 appellent,
1508 2466 1579 2502 quod
1603 2474 1659 2493 non
1683 2465 1826 2492 sacriﬁciis

1042 2513 1135 2545 boum,
1156 2521 1244 2548 neque
1262 2514 1404 2540 brutorum
1426 2514 1584 2541 animalium
1603 2512 1824 2541 mactationibus.

1043 2567 1130 2593 neque
1144 2559 1289 2587 cruoribus
1315 2564 1396 2594 atque
1413 2560 1484 2593 igne,
1503 2567 1590 2594 neque
1610 2559 1643 2586 iis
1662 2558 1745 2585 rebus
1765 2565 1826 2591 quae

1042 2605 1075 2632 de
1087 2609 1159 2632 terra
1175 2611 1327 2633 nascuntur
1345 2607 1475 2637 incensis,
1492 2605 1662 2632 divinitatem
1678 2605 1767 2631 colere
1783 2603 1826 2629 in-

1042 2652 1152 2679 stituit:
1172 2660 1268 2687 nempe
1286 2652 1399 2679 humilia
1425 2652 1481 2679 haac
1503 2656 1665 2681 et,terrena,
1689 2651 1828 2677 immorta-

1042 2698 1115 2731 lique
1131 2702 1236 2725 naturae
1259 2698 1334 2725 nullo
1352 2698 1432 2725 modo
1448 2697 1637 2725 convenientia
1652 2696 1824 2726 existimans,

1039 2743 1221 2779 judicansque
1243 2744 1318 2771 omni
1341 2743 1477 2772 sacriﬁcio
1504 2744 1608 2778 gratius
1620 2742 1824 2776 jucundiusque

1041 2789 1096 2817 Deo
1113 2797 1213 2817 munus
1229 2790 1330 2821 oﬂ‘erri,
1353 2798 1415 2817 eum
1432 2790 1493 2824 quis
1514 2790 1586 2816 illius
1603 2794 1735 2824 praeor-pta
1746 2789 1825 2823 plene

1040 2834 1237 2866 observaverit,
1251 2843 1298 2870 per
1310 2842 1370 2869 qua:
1386 2835 1446 2869 ipso
1461 2841 1585 2868 corpore,
1604 2834 1748 2868 animaque
1761 2840 1825 2867 pur-

1041 2883 1129 2914 gatos,
1146 2883 1290 2915 menteque
1304 2880 1389 2907 nitida
1410 2887 1441 2906 ac
1455 2880 1573 2907 decretis
1587 2880 1722 2914 religiosis
1736 2878 1826 2905 inibu-

1042 2930 1094 2961 tos,
1112 2927 1175 2954 dum
1190 2934 1221 2954 ea
1238 2926 1337 2954 imitati
1360 2926 1448 2957 docet.
1467 2933 1524 2960 quas
1549 2926 1650 2953 simiics
1668 2925 1721 2952 Deo
1737 2925 1821 2952 homi-
