2071 3219
241 191 290 218 NH

571 191 706 218 EUSEBH
726 191 966 218 CESARIENSIS
981 191 1056 219 OPP.
1076 191 1164 219 PARS
1181 193 1213 219 ll.
1233 208 1268 213 —
1287 193 1535 221 APOLOGETICA.

1809 185 1862 214 492

241 258 290 278 nes
303 249 431 282 elﬁciant,
448 257 514 277 suos
525 250 613 284 palam
629 250 758 282 instituit,
776 250 891 278 dicens:
908 259 917 276 ‹
932 250 1025 277 Estote

1080 251 1113 283 ὡς
1129 251 1211 283 εἰκὸς,
1227 253 1255 285 ἐξ
1274 252 1353 288 ἡμῶν
1373 252 1542 287 ἀφελόμενοι,
1561 249 1621 276 ἐπεὶ
1642 251 1688 275 καὶ
1708 247 1767 283 μεθ’
1786 249 1861 283 ἡμᾶς

241 295 366 331 perfecti,
380 295 451 322 sicut
466 295 548 322 Pater
561 300 650 323 vester
660 295 797 329 perfectus
817 300 859 323 est
869 295 902 323 θ’.
918 305 928 321 ι
944 295 1022 328 Quod

1080 297 1201 331 γεγόνασι
1213 300 1269 330 τοῖς
1283 298 1397 334 χρόνοις,
1414 298 1486 331 λέγω
1508 297 1536 324 δὲ
1557 295 1624 330 μετὰ
1639 295 1688 329 τὴν
1711 293 1862 329 προϐεϐλη-

240 343 264 369 si
289 342 351 375 quis
374 340 530 368 Graecorum
558 341 615 368 haec
639 341 830 376 reprehendat.
855 342 879 368 is
903 340 972 368 sciat
994 349 1024 368 se

240 387 321 413 etiam
340 386 552 421 praeceptoribus
570 386 628 413 suis
638 386 775 413 contraria
789 386 899 417 sentire.
918 387 964 421 qui
984 386 1024 412 vi-

1079 345 1162 379 μένην
1175 345 1241 379 ἡμῖν
1255 344 1306 371 ὑπὸ
1320 344 1366 370 τοῦ
1381 343 1597 380 Σωτῆρος“ὴμῶν
1615 341 1795 372 διδασκαλίαν,
1817 338 1861 367 οἶα

1076 389 1108 424 δὴ
1123 390 1268 425 ἐγγράφως
1280 390 1444 426 ὡμολόγουν.

241 432 350 462 delicet.
371 437 399 459 ut
424 439 472 467 par
492 437 543 463 est,
574 432 657 458 multa
684 440 699 459 a
721 432 800 459 nobis
827 433 905 459 utilia
926 432 1027 466 edocti,
1042 435 1143 470 quippe
1167 437 1213 471 qui
1235 437 1314 464 nobis
1345 438 1426 464 etiam
1445 441 1565 470 tempore
1597 435 1698 463 fuerint
1727 435 1862 471 posterio-

240 487 296 511 res,
313 479 376 506 dico
393 484 482 505 autem
496 485 527 505 ea
540 478 666 505 doctrina
677 486 738 514 quae
753 479 832 506 nobis
847 486 861 506 a
883 478 1024 506 Salvatore
1041 485 1136 509 nostro
1147 490 1178 510 ex
1185 485 1274 518 posita
1287 488 1339 516 est,
1353 484 1416 511 audi
1426 484 1481 518 jam
1498 490 1570 510 nunc
1590 483 1680 518 qualia
1712 482 1776 515 Sint,
1801 488 1863 517 qua:

241 527 345 561 scripto
361 526 506 552 fateantur.

244 583 322 619 105
331 581 483 619 Quodnihil
493 590 582 619 eorum
590 590 648 615 qua:
655 581 687 608 de
696 586 766 619 terra
774 581 1024 619 prodeunltoportet

277 616 378 654 Ξιὶιηχηο
396 617 453 654 Deo
465 616 599 654 incendere
614 622 660 654 aut
677 618 840 654 sacriﬁcare.
855 618 896 644 Ea:
910 618 1026 654 Porphy-

277 654 317 680 rio
329 652 367 679 De
384 652 544 679 abstinentia
558 651 590 677 ab
604 651 740 678 animatis.

277 715 288 732 ι
308 707 363 734 Deo
385 714 503 737 summo,
529 706 599 733 sicut
617 706 727 740 quidam
747 707 790 734 vir
811 707 921 742 sapiens
945 708 1025 740 dixit,

241 752 308 779 nihil
327 760 421 780 eorum
438 760 498 787 qua:
519 752 553 778 ad
572 759 670 780 sensus
692 753 828 787 pertinent
850 754 908 781 sive
929 754 1025 780 incen-

241 798 345 829 dentes,
368 799 426 825 sive
443 797 651 825 denominantes
673 798 753 834 (nihil
769 799 841 826 enim
861 803 904 826 est
918 807 1024 831 eorum,

241 852 302 879 quae
315 844 429 870 materia
445 848 584 876 constant,
598 843 669 879 quod
683 851 736 871 non
750 845 875 879 protinus
890 845 914 872 ei
929 845 964 872 sit
980 845 1028 871 im-

241 889 385 922 mundum,
405 890 451 924 qui
467 897 565 924 expers
581 895 623 917 est
641 890 730 916 omnis
742 891 871 918 materiae.
888 890 978 923 Quare
993 898 1027 917 ne

1080 572 1139 599 Ὅτι
1155 573 1245 600 οὐδὲν
1260 573 1318 600 τῶν
1330 574 1389 601 ἀπὸ
1403 574 1460 608 ¹γνῆς
1473 573 1530 608 χρὴ
1546 573 1585 606 τῷ
1602 573 1650 600 ἐπὶ
1668 572 1788 600 πάντων
1802 574 1863 607 Θεῷ

1116 609 1185 634 οὔτε
1207 608 1315 642 θυμιᾷν
1329 610 1398 636 οὔτε
1421 610 1513 635 θύειν.
1534 608 1604 636 Ἀπὸ
1617 608 1675 635 τῶν
1693 610 1862 643 Πορφυρίου

1115 643 1185 677 Περὶ
1200 644 1343 678 ἐμψύχων
1357 643 1476 678 ἀποχῆς
1491 644 1540 678 (U-

1117 709 1126 726 ι
1142 699 1200 735 Θεῷ
1222 701 1270 735 μὲν
1288 699 1326 735 τῷ
1346 700 1392 726 ἐπὶ
1414 701 1505 732 πᾶσιν.
1525 700 1563 731 ὥς
1581 708 1624 730 τις
1639 697 1708 735 ἀνὴρ
1729 701 1808 735 σοφὸς
1824 701 1862 734 (2)

1080 747 1130 782 ἔφη
1141 767 1147 779 ,
1167 747 1248 782 μηδὲν
1262 747 1315 773 τῶν
1332 746 1467 782 αἰσθητῶν
1485 747 1552 782 μήτε
1569 745 1676 777 θύοντες
1692 747 1753 781 μήτ’
1770 747 1864 773 ἐπονο-

1081 794 1220 828 μάζοντες,
1240 793 1325 828 (οὐδὲν
1344 793 1397 828 γὰρ
1415 792 1516 824 ἕνυλον,
1537 792 1552 819 ὃ
1577 793 1613 828 μὴ
1634 793 1672 828 τῷ
1691 792 1764 828 ὰῦλῳ
1783 792 1864 824 εὐθύς

1080 841 1152 865 ἐστιν
1174 839 1337 874 ἀκάθαρτον.
1356 839 1401 864 Διὸ
1422 838 1482 865 οὐδὲ
1504 838 1580 872 λόγος
1602 838 1675 873 αὐτῷ
1694 838 1749 865 οὔθ’
1763 839 1777 865 ό
1793 840 1865 866 κατὰ

1080 885 1170 920 φωνὴν
1186 886 1292 916 οἰκεῖος,
1319 883 1375 910 οὔθ’
1394 885 1408 910 ό
1427 883 1510 915 ἔνδον,
1528 884 1565 910 ὅτ’
1581 883 1614 910 ἃν
1637 884 1717 911 πάθει
1742 883 1862 920 ψυχῆςῇ

243 935 355 961 verbum
370 935 479 969 quidem
497 935 593 967 ullum,
612 936 670 963 sive
686 936 711 963 id
726 936 813 970 dicas,
829 937 901 971 quod
920 937 947 963 in
961 944 1027 963 voce

1080 931 1307 968 μεμολυσμένος·)
1322 930 1366 957 διὰ
1384 931 1412 956 δὲ
1429 930 1508 965 σιγῆς
1523 930 1646 971 καθαρᾶς
1660 930 1706 957 καὶ
1724 930 1777 956 τῶν
1801 931 1864 967 περὶ

243 979 381 1012 consistit,
404 980 461 1008 sive
485 980 511 1007 id
534 981 606 1016 quod
629 981 794 1009 intrinsecus
817 982 921 1016 concipi
947 983 1025 1014 solet,

243 1032 305 1052 cum
322 1026 405 1052 animi
421 1026 512 1061 aliquo
525 1027 592 1053 vitio
611 1031 654 1054 est
671 1027 896 1059 contaminatum,
911 1028 949 1054 illi
961 1035 1028 1054 con-

243 1071 354 1106 veniat),
374 1071 420 1098 sed
437 1073 544 1099 silentio
561 1081 639 1107 puro,
656 1074 786 1108 purisquc
801 1074 834 1100 de
851 1074 909 1108 ipso
923 1074 1027 1108 cogita-

242 1117 362 1144 tionibus
371 1118 445 1144 illum
455 1119 586 1146 colamus.
597 1119 709 1154 Oportet
720 1119 802 1154 igitur
813 1119 851 1146 illi
866 1119 1027 1154 conjunctos

240 1161 400 1197 similesque
417 1163 513 1194 factos,
530 1164 600 1190 hanc
614 1163 675 1191 vitae
700 1169 801 1191 nostrae
824 1158 955 1191 rationem
972 1164 1027 1192 Deo

240 1207 337 1234 all'crre
351 1216 399 1243 pro
416 1209 560 1244 sacriﬁcio.
580 1209 680 1237 Eadem
696 1217 761 1236 vero
775 1213 802 1237 et
819 1209 892 1237 illius
906 1210 1026 1237 laudatio

1081 978 1162 1005 αὑτοῦ
1173 978 1241 1004 καθα
1247 976 1299 1013 ρῶν
1311 976 1417 1003 ἐννοιῶν
1427 969 1630 1012 θρησκεύσομεν
1642 977 1731 1003 αὐτόν.
1743 978 1788 1002 Δεῖ
1799 977 1863 1012 ἄρα,

1082 1024 1264 1058 συναφθέντας
1276 1023 1323 1049 καὶ
1337 1022 1516 1057 ὁμοιωθέντας
1531 1022 1615 1057 αὐτῷ,
1629 1023 1678 1057 τὴν
1691 1022 1778 1049 αὐτῶν
1792 1023 1865 1056 ἀγω-

1081 1071 1132 1106 γὴν
1145 1070 1240 1096 θυσίαν
1256 1068 1330 1104 ἱερὰν
1344 1070 1527 1103 προσαγαγεῖν
1542 1068 1610 1104 Θεῷ·
1622 1068 1670 1104 τὴν
1684 1069 1767 1104 αὐτὴν
1778 1068 1805 1094 δὲ
1817 1069 1865 1095 καὶ

1081 1116 1163 1151 ὕμνον
1180 1113 1262 1142 οὖσαν
1291 1116 1337 1142 καὶ
1353 1115 1430 1151 ἡμῶν
1449 1114 1583 1150 σωτηρίαν
1599 1115 1627 1141 ἐν
1652 1115 1771 1150 ἀπαθείᾳ
1799 1115 1865 1150 ἀρε-

1080 1162 1130 1197 τῆς
1149 1161 1248 1197 ψυχῆς.
1262 1161 1315 1188 Τοῦ
1331 1161 1358 1187 δὲ
1375 1161 1443 1187 Θεοῦ
1459 1161 1559 1196 θεωρία
1576 1161 1591 1196 ἠ
1606 1160 1686 1187 θυσία
1700 1160 1769 1196 αὕτη
1783 1160 1866 1187 τελεῖο

1079 1217 1133 1235 ται.
1164 1218 1173 1234 ι

240 1253 301 1283 erit.
318 1256 345 1278 et
360 1256 453 1280 nostra
466 1254 658 1280 conservatio:
682 1254 810 1282 afferetur
839 1255 911 1282 enim
942 1262 1004 1282 cum
1038 1254 1186 1282 stabilitate
1204 1258 1231 1282 et
1247 1253 1339 1289 quiete
1360 1253 1470 1281 virtutis
1495 1253 1588 1281 animi.
1619 1253 1705 1288 Ipsius
1729 1260 1794 1280 vcro
1818 1252 1864 1280 Dei

241 1298 471 1332 contemplatione
485 1299 536 1326 hoc
552 1299 716 1326 sacriﬁcium
735 1300 886 1335 perﬁcitur.
906 1310 915 1326 ι

259 1354 329 1383 Item
341 1355 373 1382 de
388 1357 478 1383 eadem
494 1364 526 1384 ex
542 1357 675 1392 Apollonii
693 1358 839 1392 Tyanmsis
857 1358 1007 1393 Theologia.

280 1439 292 1472 ἐ
309 1447 346 1474 Ex
358 1455 412 1482 quo
428 1447 510 1482 igitur
526 1448 642 1475 maxime
656 1448 717 1483 quis
733 1452 838 1476 natura
852 1448 952 1476 divina:
963 1456 1029 1475 con-

243 1492 395 1520 venientem
422 1500 516 1519 curam
544 1492 687 1526 adhibeat,
714 1501 747 1520 ex
765 1502 798 1521 eo
816 1495 933 1521 maxime
955 1494 1028 1521 illam

243 1538 388 1572 propitiam
405 1538 605 1573 benignamque
621 1540 752 1567 obtineat.
771 1539 827 1567 Hoc
847 1539 956 1575 quidcm
979 1547 1026 1575 pe-

1081 1358 1141 1383 "Eu
1159 1356 1224 1390 περὶ
1239 1356 1342 1387 αὑτοῦ,
1364 1355 1398 1382 ἐκ
1417 1355 1472 1389 τῆς
1494 1356 1692 1382 Ἀπολλωνίου
1713 1355 1766 1382 τοῦ
1792 1358 1865 1384 Τυα-

1341 1391 1416 1423 νέως
1432 1392 1600 1425 (θεολογίας.

1117 1457 1125 1472 ι
1147 1447 1224 1474 Οὕτω
1256 1447 1346 1474 τοίνυν
1364 1447 1481 1482 μάλιστα
1495 1447 1528 1474 ἄν
1543 1456 1586 1479 τις
1604 1447 1653 1483 τὴν
1677 1449 1867 1484 προσήκουσαν

1079 1493 1238 1528 ἐπιμέλειαν
1255 1494 1358 1519 ποιοῖτο
1381 1493 1428 1519 τοῦ
1447 1493 1540 1524 Θείου,
1561 1495 1688 1528 τυγχάνοι
1708 1502 1736 1520 τε
1755 1494 1867 1521 αὐτόθεν

1082 1539 1144 1565 ἵλεώ
1160 1548 1189 1565 τε
1209 1539 1256 1566 καὶ
1271 1538 1401 1574 εὐμενοῦς
1416 1538 1497 1565 αὑτοῦ
1514 1540 1579 1574 παρ’
1596 1539 1733 1566 ὁντιναοῦν
1751 1539 1802 1566 τῶν
1820 1541 1869 1566 ἀν-

244 1591 294 1610 nes
310 1583 434 1618 quemvis
455 1583 595 1611 hominum
617 1585 711 1620 viget:
729 1585 809 1620 idque
832 1585 920 1620 ipsum
942 1594 1027 1613 unus—

1082 1584 1207 1620 θρώπων,
1225 1585 1249 1610 εἰ
1264 1584 1323 1619 Θεῷ
1341 1585 1400 1620 μὲν,
1412 1584 1440 1611 ὃν
1454 1584 1484 1620 δὴ
1496 1585 1585 1619 φαμὲν
1595 1585 1697 1616 τοῦτον,
1716 1586 1754 1612 ἑνί
1766 1594 1795 1612 τε
1809 1586 1867 1613 ὖντι

243 1628 358 1663 quisque
370 1629 526 1663 complebit,
543 1629 565 1656 si
578 1637 671 1656 eorum
682 1638 743 1665 quze
754 1631 804 1657 sub
817 1631 904 1658 visum
917 1631 1028 1662 cadunt,

243 1674 335 1708 qualia
352 1678 415 1701 sunt
429 1674 496 1705 hace,
511 1682 572 1709 qua:
582 1675 667 1710 digito
677 1676 908 1709 demonstramus,
920 1677 958 1703 illi
970 1685 1031 1712 quae

244 1727 297 1746 una
312 1723 363 1749 est.
381 1724 408 1746 ct
425 1721 459 1746 ab
474 1721 602 1748 omnibus
618 1722 700 1749 rebus
716 1727 853 1757 separata,
879 1724 1028 1750 secundum

244 1773 325 1800 qualn
348 1766 451 1800 reliqua
473 1767 564 1793 omnia
580 1774 746 1802 cognOSccre
762 1776 875 1796 necesse
892 1773 944 1801 est,
963 1769 1028 1796 nihil

243 1812 355 1838 omnino
382 1812 528 1843 sacriﬁcet,
556 1821 644 1847 neque
668 1814 756 1848 ignem
784 1815 921 1847 incendat,
943 1823 1030 1850 neque

243 1864 357 1891 prorsus
373 1857 520 1892 quidquam
541 1858 585 1885 illa
601 1860 730 1893 postulet,
750 1868 783 1887 ne
799 1868 814 1886 a
831 1861 1030 1895 praestantiori-

243 1902 295 1928 bus
319 1901 428 1936 quidem
451 1910 532 1936 quam
561 1911 612 1930 nos
636 1911 731 1931 sumus
749 1915 755 1931 :
776 1913 863 1940 neque
884 1906 968 1932 ullum
988 1909 1030 1933 est

243 1947 343 1982 planta:
365 1954 451 1980 genus
473 1947 545 1982 quod
567 1948 601 1974 ab
624 1948 702 1975 initio
725 1953 798 1976 terra
822 1951 918 1984 pariat,
943 1959 1030 1986 neque

244 1993 370 2019 animalis
383 1993 455 2027 quod
471 1994 564 2020 eadem
581 1995 696 2025 nutriat.
714 1995 757 2022 cui
773 1997 897 2030 protinus
913 1997 1030 2023 immun—

243 2036 324 2063 dities
339 2045 393 2063 non
410 2037 490 2068 adsit,
511 2038 559 2064 scd
576 2043 669 2065 utatur
679 2047 742 2074 erga
757 2040 830 2067 illam
847 2041 906 2068 solo
923 2042 1028 2068 meliori

242 2082 338 2114 verbo,
354 2082 415 2109 dico
430 2087 520 2110 autem
538 2091 592 2110 non
609 2091 642 2111 eo
664 2085 736 2119 quod
754 2093 800 2112 ore
821 2087 964 2120 emittitur,
983 2088 1029 2114 sed

243 2127 316 2161 quod
335 2127 369 2154 ab
385 2128 488 2162 optimo
504 2136 598 2156 eorum
615 2138 675 2164 qua:
694 2137 757 2158 sunt
773 2131 966 2166 proﬁciscitur.
983 2141 1030 2168 per

243 2173 376 2207 optimum
392 2181 486 2200 eorum
503 2183 563 2208 qua:
577 2175 604 2201 in
619 2175 697 2202 nobis
713 2180 775 2203 sunt
790 2177 934 2206 bonorum.
955 2178 1029 2206 Mens

243 2222 334 2246 autem
355 2219 410 2246 hch
425 2224 476 2250 est,
496 2228 555 2255 quae
570 2221 751 2249 instrumento
772 2231 824 2250 non
841 2224 951 2259 indiget.
972 2235 980 2250 ι
1001 2224 1028 2252 Si

1081 1631 1128 1656 καὶ
1142 1631 1336 1665 κεχωρισμένῳ
1351 1631 1469 1662 πάντων,
1491 1630 1550 1665 μεθ’
1565 1630 1594 1657 ὃν
1610 1631 1789 1666 γνωρίζεσθαι
1803 1632 1867 1664 τοὺς

1081 1675 1188 1706 λοιποὺς
1206 1675 1363 1708 ἀναγκαῖον,
1383 1676 1420 1710 μὴ
1435 1675 1493 1702 θύοι
1504 1685 1529 1701 τι
1541 1676 1590 1711 τὴν
1608 1676 1704 1712 ἀρχὴν,
1721 1677 1791 1714 μήτε
1802 1678 1868 1704 ἀνά-

1081 1730 1140 1747 πτοι
1153 1721 1219 1756 πῦρ,
1234 1722 1302 1757 μήτε
1315 1730 1340 1747 τι
1352 1721 1465 1748 καθόλου
1476 1721 1529 1748 τῶν
1543 1721 1678 1758 αἰσθητῶν
1693 1724 1865 1759 ὲπονομάζοι.

1080 1767 1170 1793 Δεῖται
1188 1766 1240 1801 γὰρ
1255 1766 1361 1798 οὐδενὸς
1373 1766 1432 1792 οὐδὲ
1447 1767 1521 1802 παρὰ
1536 1767 1589 1792 τῶν
1604 1767 1777 1802 κρειττόνων,
1788 1768 1868 1802 οἵπερ

1081 1814 1160 1847 ἡμεῖς
1179 1813 1271 1847 ἐσμεν·
1286 1812 1340 1838 οὐδ’
1352 1812 1424 1838 ἔστιν
1441 1811 1454 1838 ὃ
1470 1812 1519 1847 τὴν
1532 1812 1617 1847 ἀρχὴν
1633 1812 1669 1847 γῆ
1683 1812 1772 1848 ἀνίησι
1785 1813 1868 1847 φυτὸν

1081 1858 1207 1893 ἢτρέιρει
1224 1857 1292 1889 ζῶον
1315 1858 1332 1893 ἦ
1355 1858 1420 1894 ἀὴρ,
1452 1855 1474 1891 ᾦ
1494 1857 1524 1883 οὐ
1550 1858 1680 1893 πρόσεστί
1696 1866 1727 1892 γε
1748 1859 1865 1893 μίασμα·

1082 1904 1155 1939 μόνῳ
1170 1903 1197 1929 δὲ
1215 1903 1305 1939 χρῷτο
1321 1903 1389 1939 πρὸς
1405 1903 1485 1929 αὑτὸν
1507 1904 1552 1930 ἀεὶ
1575 1903 1613 1938 τῷ
1633 1903 1767 1939 κρείττονι
1784 1904 1866 1939 λόγῳ,

1080 1949 1151 1984 λέγω
1164 1949 1192 1975 δὲ
1207 1949 1244 1984 τῷ
1256 1949 1293 1985 μὴ
1309 1949 1353 1975 διὰ
1368 1949 1500 1984 στόματος
1515 1949 1591 1982 ίέντι,
1610 1949 1684 1984 παρὰ
1699 1949 1727 1975 δὲ
1741 1949 1788 1976 τοῦ
1804 1950 1867 1976 καλ-

1080 1994 1170 2021 λίστου
1183 1993 1236 2020 τῶν
1245 1994 1328 2021 ὄντων
1345 1993 1390 2020 διὰ
1399 1993 1445 2020 τοῦ
1458 1993 1600 2020 καλλίστου
1613 1994 1660 2020 τοῦ
1675 1995 1704 2020 ὲν
1716 1995 1782 2029 ἡμῖν
1797 1994 1867 2021 δόντι

1079 2041 1113 2067 τὰ
1127 2041 1227 2075 ἀγαθά.
1242 2040 1312 2072 Νοῦς
1323 2040 1352 2067 δέ
1370 2041 1442 2066 ἐστιν
1456 2037 1532 2071 οὗτος
1548 2040 1662 2076 ὀργάνου
1684 2041 1721 2075 μὴ
1731 2040 1864 2075 δεόμενος.

1080 2087 1111 2113 Εἰ
1129 2087 1161 2122 δὴ
1174 2084 1219 2112 οὖν
1234 2085 1318 2112 ταῦτα
1335 2085 1380 2111 καὶ
1395 2085 1463 2120 πρὸς
1478 2084 1530 2110 τῶν
1548 2085 1611 2119 παρ’
1630 2083 1740 2119 Ἕλλησι
1755 2084 1867 2119 διαπρε-

1080 2131 1138 2157 πῶν
1161 2130 1312 2165 φιλοσόφων
1333 2138 1362 2155 τε
1389 2129 1436 2155 καὶ
1460 2128 1590 2162 θεολόγων
1609 2129 1787 2164 ὁμολογεῖται,
1808 2129 1867 2160 πῶς

1081 2176 1113 2203 ἂν
1128 2176 1169 2210 εἴη
1187 2176 1285 2207 πλάνος
1303 2177 1317 2202 ὁ
1339 2175 1375 2210 μὴ
1391 2175 1469 2210 μόνον
1486 2174 1590 2208 λόγους,
1611 2175 1668 2200 ἀλλ’
1678 2174 1746 2210 ἔργα
1758 2174 1812 2200 τῶν
1824 2174 1869 2201 λό-

1080 2231 1134 2255 γων
1147 2222 1213 2248 πολὺ
1226 2221 1355 2257 πρότερον
1367 2223 1422 2252 τοῖς
1434 2222 1574 2255 φοιτηταῖς
1585 2220 1705 2246 ἐκτελεῖν
1719 2220 1866 2255 παραδοὺς,

244 2265 327 2300 igitur
344 2265 501 2293 Graecorum
515 2274 623 2301 quoque
644 2268 775 2300 illustres,
794 2274 849 2296 tam
875 2270 1027 2304 philosophi

1082 2258 1115 2295 δις
1129 2266 1165 2295 ὧν
1189 2268 1259 2294 κατὰ
1278 2268 1323 2293 τὴν
1343 2267 1420 2303 ὀρθὸν
1437 2267 1514 2301 λόγον
1534 2266 1644 2302 ἔμελλον
1662 2267 1821 2302 θεραπεύειν
1835 2266 1867 2293 τὸ

241 2319 325 2346 quam
341 2311 470 2348 theologi,
486 2313 543 2340 haec
557 2314 732 2346 conﬁtentur,
748 2323 866 2349 quonam
885 2316 966 2343 modo
984 2325 1026 2344 se-

241 2357 340 2384 ductor
363 2359 415 2385 erit
444 2359 467 2386 is
496 2359 542 2394 qui
576 2367 630 2386 non
647 2361 735 2387 solum
766 2361 860 2393 verba,
889 2361 936 2388 scd
955 2362 1025 2389 facta

243 2404 328 2430 multo
360 2404 437 2439 prius
467 2413 548 2439 quam
583 2407 665 2432 verba
696 2405 754 2433 suis
778 2406 933 2441 discipulis,
965 2407 1029 2442 qui-

242 2449 292 2476 bus
315 2449 491 2485 fungerentur
520 2451 677 2478 tradiderit!
710 2456 737 2478 et
755 2453 865 2486 quibus.
898 2457 927 2480 ut
956 2457 1030 2481 recta

242 2495 311 2522 ratio
332 2496 420 2529 jubet,
439 2497 522 2524 Deum
546 2497 634 2532 ipsum
658 2501 751 2524 essent
770 2498 945 2524 veneraturi?
970 2498 1030 2530 Quo

243 2544 333 2566 autem
351 2541 442 2573 modo.
458 2547 485 2570 ct
500 2543 600 2577 quibus
615 2543 768 2570 rationibus
785 2544 827 2571 usi
844 2544 870 2570 in
887 2543 1030 2571 sacriﬁciis

243 2584 368 2611 dicantur
381 2587 465 2620 prisci
479 2587 595 2621 Hebraei,
611 2589 637 2615 in
652 2588 740 2624 primo
759 2589 840 2623 hujus
856 2589 946 2623 operis
962 2589 1030 2616 libro

243 2627 424 2657 disseruimus
437 2641 444 2658 :
462 2636 543 2667 atque
555 2634 588 2660 iis
602 2642 663 2669 quae
677 2635 733 2662 illic
747 2635 820 2662 dicta
833 2639 896 2662 sunt
908 2635 1029 2662 contenti

243 2683 305 2702 esse
325 2676 404 2711 106
424 2676 566 2706 debemus.
586 2679 686 2707 Verum
709 2681 838 2716 quoniam
866 2684 964 2715 praeter
984 2681 1030 2708 illa

243 2728 304 2754 qua).
314 2721 372 2754 jam
384 2722 522 2756 disputata
538 2729 612 2758 sunt,
629 2727 756 2755 novimus
772 2727 811 2763 (id
827 2727 898 2762 quod
917 2735 932 2753 a
946 2727 1029 2755 Chri-

244 2770 287 2794 sto
307 2766 464 2804 didicimus)
493 2769 593 2798 l‘actum
618 2780 678 2801 esse
703 2774 845 2807 mundum,
875 2773 1028 2810 ctelumque

281 2836 303 2851 θ’
329 2834 424 2864 Matth.
451 2846 476 2869 ν,
491 2838 535 2867 48.

282 2890 319 2923 (l)
339 2890 397 2919 Lib.
421 2900 449 2919 ll.

1080 2314 1172 2346 Θεῖον;
1188 2314 1281 2345 Ὅπως
1296 2314 1334 2344 δὲ,
1349 2314 1394 2339 καὶ
1408 2313 1461 2339 τίσι
1477 2313 1564 2346 λόγοις
1580 2313 1603 2338 οἱ
1618 2312 1726 2338 παλαιοὶ
1747 2312 1866 2348 Ἐὃραίοι

1081 2359 1154 2385 θύειν
1172 2358 1394 2394 μνημονεύονται,
1410 2357 1574 2392 διειληφότες
1590 2359 1619 2383 ἐν
1636 2357 1672 2392 τῷ
1687 2357 1786 2393 πρώτῳ
1800 2366 1867 2391 συγ-

1081 2406 1224 2440 γράμματι
1244 2405 1293 2439 τῆς
1314 2405 1453 2439 παρούσης
1472 2402 1634 2434 ὑποθέσεως,
1653 2403 1767 2434 ἐκείνοις
1782 2403 1866 2438 ἀρκε-

1082 2451 1244 2486 σθησόμεθα.
1265 2450 1340 2476 Ἐπεὶ
1352 2450 1379 2476 δὲ
1393 2450 1460 2485 πρὸς
1471 2449 1527 2480 τοῖς
1540 2448 1731 2483 ἐξητασμένοις
1744 2448 1867 2483 ἔγνωμεν

1082 2498 1156 2532 παρὰ
1172 2497 1219 2523 τοῦ
1241 2497 1358 2533 Χριστοῦ
1380 2496 1519 2532 μαθόντες,
1537 2496 1578 2521 ὅτι
1592 2495 1704 2530 γενητὸς
1721 2496 1734 2521 ό
1753 2495 1865 2530 κόσμος,

1081 2543 1127 2569 καὶ
1147 2543 1187 2569 ὅτι
1210 2543 1323 2578 οὐρανὸς
1348 2542 1428 2573 αὐτὸς
1449 2541 1496 2568 καὶ
1517 2541 1602 2576 ἥλιος,
1623 2541 1669 2567 καὶ
1692 2541 1799 2577 σελήνη,
1819 2543 1867 2568 καὶ

1081 2589 1176 2624 ἄστρα,
1200 2588 1268 2624 ἔργα
1284 2588 1351 2614 ὄνεοῦ
1370 2587 1507 2622 τυγχάνει,
1531 2587 1577 2614 καὶ
1593 2588 1633 2613 ὅτι
1649 2588 1701 2623 χρὴ
1718 2587 1755 2623 μὴ
1769 2587 1864 2620 ταῦτα,

1082 2635 1149 2661 ἀλλὰ
1159 2635 1204 2661 τὸν
1214 2634 1327 2669 ποιητὴν
1338 2633 1427 2660 αὐτῶν
1441 2633 1538 2663 σέϐειν,
1554 2633 1702 2668 σκέψασθαι
1712 2633 1752 2659 δεῖ
1764 2633 1800 2669 μὴ
1811 2633 1864 2669 ἄρα

1081 2679 1260 2715 ἠπατήμεθα,
1283 2679 1375 2705 τοῦτον
1390 2679 1454 2715 παρ’
1473 2679 1555 2706 αὑτοῦ
1573 2679 1741 2713 διδαχθέντες
1757 2672 1880 2714 φρονεῖν’

1080 2724 1126 2751 τὸν
1136 2725 1245 2760 τρόπον.
1258 2725 1313 2750 Καὶ
1329 2725 1382 2760 μὴν
1402 2725 1533 2761 Ἐϐραίων
1548 2725 1594 2751 καὶ
1609 2722 1686 2756 οὗτος
1699 2722 1732 2759 ἦν
1748 2724 1762 2750 ὁ
1775 2724 1863 2758 λόγος·

1082 2772 1128 2798 καὶ
1151 2771 1300 2806 φιλοσόφων
1323 2770 1350 2797 δὲ
1371 2772 1394 2797 οἱ
1420 2771 1537 2806 μάλιστα
1551 2771 1689 2804 διαφανεῖς
1704 2772 1760 2802 τοῖς
1774 2771 1865 2802 αὐτοῖς

1118 2892 1157 2925 (‘2)
1178 2892 1337 2926 Apollonius
1351 2892 1487 2925 Tyaneus,
1503 2896 1530 2918 ut
1546 2900 1578 2919 ex
1590 2892 1766 2925 sequentibus
1779 2893 1862 2924 patet.
