  <div class='ocr_page' id='page_1' title='image "/cluster/home/n/w/nwhite01/storage/ocr_20150623/22/njp.32101077772497/136.png"; bbox 0 0 2071 3219; ppageno 0'>
   <div class='ocr_carea' id='block_1_1' title="bbox 215 172 267 199">
    <p class='ocr_par' dir='ltr' id='par_1_1' title="bbox 215 172 267 199">
     <span class='ocr_line' id='line_1_1' title="bbox 215 172 267 199; baseline 0 0"><span class='ocrx_word' id='word_1_1' title='bbox 215 172 267 199; x_wconf 73' lang='grc'><strong>195</strong></span> 
     </span>
    </p>
   </div>
   <div class='ocr_carea' id='block_1_2' title="bbox 672 169 1390 200">
    <p class='ocr_par' dir='ltr' id='par_1_2' title="bbox 672 169 1390 200">
     <span class='ocr_line' id='line_1_2' title="bbox 672 169 1390 200; baseline 0 -2"><span class='ocrx_word' id='word_1_2' title='bbox 672 170 1000 200; x_wconf 72' lang='lat' dir='ltr'><strong>DEIIONSTRATIONIS</strong></span> <span class='ocrx_word' id='word_1_3' title='bbox 1016 169 1245 198; x_wconf 62' lang='lat' dir='ltr'><strong>EV&#39;ANGELICL</strong></span> <span class='ocrx_word' id='word_1_4' title='bbox 1265 170 1328 198; x_wconf 80' lang='lat' dir='ltr'><strong>LIB.</strong></span> <span class='ocrx_word' id='word_1_5' title='bbox 1345 169 1390 198; x_wconf 88' lang='grc'><strong>111.</strong></span> 
     </span>
    </p>
   </div>
   <div class='ocr_carea' id='block_1_3' title="bbox 1747 143 1829 199">
    <p class='ocr_par' dir='ltr' id='par_1_3' title="bbox 1747 143 1829 199">
     <span class='ocr_line' id='line_1_3' title="bbox 1747 143 1829 199; baseline 0.024 -2"><span class='ocrx_word' id='word_1_6' title='bbox 1747 143 1752 148; x_wconf 39' lang='grc'><strong><em>⁵</em></strong></span> <span class='ocrx_word' id='word_1_7' title='bbox 1776 169 1829 199; x_wconf 78' lang='grc'><strong>191</strong></span> 
     </span>
    </p>
   </div>
   <div class='ocr_carea' id='block_1_4' title="bbox 212 227 986 265">
    <p class='ocr_par' dir='ltr' id='par_1_4' title="bbox 212 228 986 265">
     <span class='ocr_line' id='line_1_4' title="bbox 212 228 986 265; baseline -0.003 -8"><span class='ocrx_word' id='word_1_8' title='bbox 212 228 426 265; x_wconf 74' lang='grc' dir='ltr'><strong>συνηνέχθησαν,</strong></span> <span class='ocrx_word' id='word_1_9' title='bbox 443 229 555 265; x_wconf 81' lang='grc' dir='ltr'>γενητὸν</span> <span class='ocrx_word' id='word_1_10' title='bbox 570 229 618 256; x_wconf 68' lang='grc' dir='ltr'>καὶ</span> <span class='ocrx_word' id='word_1_11' title='bbox 639 228 719 256; x_wconf 79' lang='grc' dir='ltr'>αὑτὸν</span> <span class='ocrx_word' id='word_1_12' title='bbox 738 228 783 256; x_wconf 77' lang='grc' dir='ltr'>τὸν</span> <span class='ocrx_word' id='word_1_13' title='bbox 803 229 927 264; x_wconf 77' lang='grc' dir='ltr'>οὐρανὸν,</span> <span class='ocrx_word' id='word_1_14' title='bbox 948 228 986 254; x_wconf 63' lang='grc' dir='ltr'><strong>κα</strong></span> 
     </span>
    </p>
   </div>
   <div class='ocr_carea' id='block_1_5' title="bbox 1037 227 1826 265">
    <p class='ocr_par' dir='ltr' id='par_1_5' title="bbox 1046 227 1826 262">
     <span class='ocr_line' id='line_1_5' title="bbox 1046 227 1826 262; baseline 0.006 -9"><span class='ocrx_word' id='word_1_15' title='bbox 1046 228 1134 262; x_wconf 89' lang='lat' dir='ltr'><strong>ipsum</strong></span> <span class='ocrx_word' id='word_1_16' title='bbox 1146 231 1173 254; x_wconf 89' lang='lat' dir='ltr'><strong>et</strong></span> <span class='ocrx_word' id='word_1_17' title='bbox 1184 227 1279 260; x_wconf 82' lang='lat' dir='ltr'><strong>solem,</strong></span> <span class='ocrx_word' id='word_1_18' title='bbox 1294 232 1321 255; x_wconf 91' lang='lat' dir='ltr'><strong>et</strong></span> <span class='ocrx_word' id='word_1_19' title='bbox 1333 228 1436 259; x_wconf 86' lang='lat' dir='ltr'><strong>lunam,</strong></span> <span class='ocrx_word' id='word_1_20' title='bbox 1447 231 1475 255; x_wconf 83' lang='lat' dir='ltr'><strong>et</strong></span> <span class='ocrx_word' id='word_1_21' title='bbox 1485 227 1578 256; x_wconf 76' lang='lat' dir='ltr'><strong>stellas</strong></span> <span class='ocrx_word' id='word_1_22' title='bbox 1591 234 1672 262; x_wconf 81' lang='lat' dir='ltr'><strong>opera</strong></span> <span class='ocrx_word' id='word_1_23' title='bbox 1686 228 1730 255; x_wconf 82' lang='lat' dir='ltr'><strong>Dei</strong></span> <span class='ocrx_word' id='word_1_24' title='bbox 1742 236 1804 258; x_wconf 76' lang='lat' dir='ltr'><strong>esse</strong></span> <span class='ocrx_word' id='word_1_25' title='bbox 1818 239 1826 259; x_wconf 87' lang='lat'><strong>:</strong></span> 
     </span>
    </p>
   </div>
   <div class='ocr_carea' id='block_1_6' title="bbox 212 273 996 311">
    <p class='ocr_par' dir='ltr' id='par_1_6' title="bbox 212 273 996 311">
     <span class='ocr_line' id='line_1_6' title="bbox 212 273 996 311; baseline -0.001 -11"><span class='ocrx_word' id='word_1_26' title='bbox 212 274 296 309; x_wconf 73' lang='grc' dir='ltr'>ἣλιον,</span> <span class='ocrx_word' id='word_1_27' title='bbox 313 275 362 304; x_wconf 79' lang='grc' dir='ltr'>καὶ</span> <span class='ocrx_word' id='word_1_28' title='bbox 383 275 505 311; x_wconf 76' lang='grc' dir='ltr'><strong>σελήνην,</strong></span> <span class='ocrx_word' id='word_1_29' title='bbox 528 275 576 302; x_wconf 82' lang='grc' dir='ltr'>καὶ</span> <span class='ocrx_word' id='word_1_30' title='bbox 593 274 691 310; x_wconf 77' lang='grc' dir='ltr'>ἄστρα,</span> <span class='ocrx_word' id='word_1_31' title='bbox 716 274 762 301; x_wconf 87' lang='grc' dir='ltr'>καὶ</span> <span class='ocrx_word' id='word_1_32' title='bbox 785 274 831 300; x_wconf 83' lang='grc' dir='ltr'><strong>τὸν</strong></span> <span class='ocrx_word' id='word_1_33' title='bbox 853 273 996 308; x_wconf 85' lang='grc' dir='ltr'>σύμπαντα</span> 
     </span>
    </p>
   </div>
   <div class='ocr_carea' id='block_1_7' title="bbox 212 319 996 356">
    <p class='ocr_par' dir='ltr' id='par_1_7' title="bbox 212 319 996 356">
     <span class='ocr_line' id='line_1_7' title="bbox 212 319 996 356; baseline -0.003 -9"><span class='ocrx_word' id='word_1_34' title='bbox 212 320 312 355; x_wconf 84' lang='grc' dir='ltr'>κόσμον</span> <span class='ocrx_word' id='word_1_35' title='bbox 329 320 396 356; x_wconf 65' lang='grc' dir='ltr'>πρὸς</span> <span class='ocrx_word' id='word_1_36' title='bbox 410 321 456 347; x_wconf 89' lang='grc' dir='ltr'><strong>τοῦ</strong></span> <span class='ocrx_word' id='word_1_37' title='bbox 470 321 524 347; x_wconf 87' lang='grc' dir='ltr'><strong>τῶν</strong></span> <span class='ocrx_word' id='word_1_38' title='bbox 535 321 603 347; x_wconf 81' lang='grc' dir='ltr'>ὅλων</span> <span class='ocrx_word' id='word_1_39' title='bbox 617 320 728 356; x_wconf 80' lang='grc' dir='ltr'><strong>ποιητοῦ</strong></span> <span class='ocrx_word' id='word_1_40' title='bbox 745 319 874 354; x_wconf 79' lang='grc' dir='ltr'><strong>γεγονότα</strong></span> <span class='ocrx_word' id='word_1_41' title='bbox 890 319 996 353; x_wconf 85' lang='grc' dir='ltr'>ἀποφη-</span> 
     </span>
    </p>
   </div>
   <div class='ocr_carea' id='block_1_8' title="bbox 212 364 995 402">
    <p class='ocr_par' dir='ltr' id='par_1_8' title="bbox 212 364 995 402">
     <span class='ocr_line' id='line_1_8' title="bbox 212 364 995 402; baseline -0.004 -9"><span class='ocrx_word' id='word_1_42' title='bbox 212 367 331 402; x_wconf 82' lang='grc' dir='ltr'>νάμενοι.</span> <span class='ocrx_word' id='word_1_43' title='bbox 355 366 435 393; x_wconf 79' lang='grc' dir='ltr'>Ἀλλά</span> <span class='ocrx_word' id='word_1_44' title='bbox 454 367 500 393; x_wconf 81' lang='grc' dir='ltr'>καὶ</span> <span class='ocrx_word' id='word_1_45' title='bbox 523 367 685 397; x_wconf 76' lang='grc' dir='ltr'><strong>συντέλειαν,</strong></span> <span class='ocrx_word' id='word_1_46' title='bbox 709 367 756 392; x_wconf 75' lang='grc' dir='ltr'>καὶ</span> <span class='ocrx_word' id='word_1_47' title='bbox 780 365 930 401; x_wconf 74' lang='grc' dir='ltr'>μεταῦολὴν</span> <span class='ocrx_word' id='word_1_48' title='bbox 946 364 995 400; x_wconf 84' lang='grc' dir='ltr'><strong>τὴν</strong></span> 
     </span>
    </p>
   </div>
   <div class='ocr_carea' id='block_1_9' title="bbox 211 411 994 447">
    <p class='ocr_par' dir='ltr' id='par_1_9' title="bbox 211 411 994 447">
     <span class='ocr_line' id='line_1_9' title="bbox 211 411 994 447; baseline -0.005 -8"><span class='ocrx_word' id='word_1_49' title='bbox 211 413 257 439; x_wconf 70' lang='grc' dir='ltr'><strong>ἐπὶ</strong></span> <span class='ocrx_word' id='word_1_50' title='bbox 271 412 306 439; x_wconf 84' lang='grc' dir='ltr'>τὰ</span> <span class='ocrx_word' id='word_1_51' title='bbox 322 413 437 447; x_wconf 80' lang='grc' dir='ltr'><strong>κρείττω</strong></span> <span class='ocrx_word' id='word_1_52' title='bbox 449 412 525 439; x_wconf 85' lang='grc' dir='ltr'>τοῦδε</span> <span class='ocrx_word' id='word_1_53' title='bbox 542 412 587 439; x_wconf 74' lang='grc' dir='ltr'><strong>τοῦ</strong></span> <span class='ocrx_word' id='word_1_54' title='bbox 605 412 703 443; x_wconf 78' lang='grc' dir='ltr'>παντὸς</span> <span class='ocrx_word' id='word_1_55' title='bbox 719 412 827 438; x_wconf 70' lang='grc' dir='ltr'>ἔσεσθαι</span> <span class='ocrx_word' id='word_1_56' title='bbox 844 411 994 446; x_wconf 76' lang='grc' dir='ltr'>προσδοκᾷν</span> 
     </span>
    </p>
   </div>
   <div class='ocr_carea' id='block_1_10' title="bbox 210 456 995 494">
    <p class='ocr_par' dir='ltr' id='par_1_10' title="bbox 210 456 995 494">
     <span class='ocr_line' id='line_1_10' title="bbox 210 456 995 494; baseline -0.005 -9"><span class='ocrx_word' id='word_1_57' title='bbox 210 458 338 492; x_wconf 77' lang='grc' dir='ltr'>ἐδίδαξεν,</span> <span class='ocrx_word' id='word_1_58' title='bbox 355 459 414 490; x_wconf 82' lang='grc' dir='ltr'>ταῖς</span> <span class='ocrx_word' id='word_1_59' title='bbox 436 458 568 494; x_wconf 75' lang='grc' dir='ltr'>Ἑϐραίων</span> <span class='ocrx_word' id='word_1_60' title='bbox 591 459 637 484; x_wconf 80' lang='grc' dir='ltr'>καὶ</span> <span class='ocrx_word' id='word_1_61' title='bbox 653 458 731 484; x_wconf 85' lang='grc' dir='ltr'>τοῦτο</span> <span class='ocrx_word' id='word_1_62' title='bbox 747 456 903 487; x_wconf 74' lang='grc' dir='ltr'><strong>ἀκολούθως</strong></span> <span class='ocrx_word' id='word_1_63' title='bbox 926 456 995 490; x_wconf 86' lang='grc' dir='ltr'>Γρα-</span> 
     </span>
    </p>
   </div>
   <div class='ocr_carea' id='block_1_11' title="bbox 211 502 995 540">
    <p class='ocr_par' dir='ltr' id='par_1_11' title="bbox 211 502 995 540">
     <span class='ocr_line' id='line_1_11' title="bbox 211 502 995 540; baseline -0.006 -8"><span class='ocrx_word' id='word_1_64' title='bbox 211 506 284 539; x_wconf 80' lang='grc' dir='ltr'><strong>φαῖς.</strong></span> <span class='ocrx_word' id='word_1_65' title='bbox 299 505 331 532; x_wconf 90' lang='grc' dir='ltr'>Τί</span> <span class='ocrx_word' id='word_1_66' title='bbox 343 503 408 538; x_wconf 81' lang='grc' dir='ltr'>οὗν;</span> <span class='ocrx_word' id='word_1_67' title='bbox 428 505 488 540; x_wconf 76' lang='grc' dir='ltr'>οὐχὶ</span> <span class='ocrx_word' id='word_1_68' title='bbox 505 506 551 532; x_wconf 72' lang='grc' dir='ltr'>καὶ</span> <span class='ocrx_word' id='word_1_69' title='bbox 566 506 580 531; x_wconf 86' lang='grc' dir='ltr'>ὁ</span> <span class='ocrx_word' id='word_1_70' title='bbox 598 503 710 531; x_wconf 79' lang='grc' dir='ltr'><strong>Πλάτων</strong></span> <span class='ocrx_word' id='word_1_71' title='bbox 731 504 836 537; x_wconf 79' lang='grc' dir='ltr'>φύσεως</span> <span class='ocrx_word' id='word_1_72' title='bbox 851 502 933 537; x_wconf 81' lang='grc' dir='ltr'>λυτῆς</span> <span class='ocrx_word' id='word_1_73' title='bbox 949 502 995 528; x_wconf 83' lang='grc' dir='ltr'>καὶ</span> 
     </span>
    </p>
   </div>
   <div class='ocr_carea' id='block_1_12' title="bbox 210 550 994 587">
    <p class='ocr_par' dir='ltr' id='par_1_12' title="bbox 210 550 994 587">
     <span class='ocr_line' id='line_1_12' title="bbox 210 550 994 587; baseline -0.004 -9"><span class='ocrx_word' id='word_1_74' title='bbox 210 551 333 587; x_wconf 80' lang='grc' dir='ltr'><strong>φθαρτῆς</strong></span> <span class='ocrx_word' id='word_1_75' title='bbox 348 550 416 578; x_wconf 77' lang='grc' dir='ltr'>οῐδεν</span> <span class='ocrx_word' id='word_1_76' title='bbox 431 551 512 578; x_wconf 77' lang='grc' dir='ltr'>αὐτόν</span> <span class='ocrx_word' id='word_1_77' title='bbox 528 559 558 577; x_wconf 88' lang='grc' dir='ltr'><strong>τε</strong></span> <span class='ocrx_word' id='word_1_78' title='bbox 572 551 695 585; x_wconf 71' lang='grc' dir='ltr'>οὐρανὸν,</span> <span class='ocrx_word' id='word_1_79' title='bbox 716 551 763 576; x_wconf 75' lang='grc' dir='ltr'>καὶ</span> <span class='ocrx_word' id='word_1_80' title='bbox 782 550 866 584; x_wconf 70' lang='grc' dir='ltr'>ἥλιον,</span> <span class='ocrx_word' id='word_1_81' title='bbox 890 550 935 576; x_wconf 71' lang='grc' dir='ltr'>καὶ</span> <span class='ocrx_word' id='word_1_82' title='bbox 951 558 994 575; x_wconf 86' lang='grc' dir='ltr'>σε-</span> 
     </span>
    </p>
   </div>
   <div class='ocr_carea' id='block_1_13' title="bbox 210 595 993 633">
    <p class='ocr_par' dir='ltr' id='par_1_13' title="bbox 210 595 993 633">
     <span class='ocr_line' id='line_1_13' title="bbox 210 595 993 633; baseline -0.004 -9"><span class='ocrx_word' id='word_1_83' title='bbox 210 597 304 633; x_wconf 83' lang='grc' dir='ltr'>λήνην,</span> <span class='ocrx_word' id='word_1_84' title='bbox 324 597 370 624; x_wconf 77' lang='grc' dir='ltr'>καὶ</span> <span class='ocrx_word' id='word_1_85' title='bbox 386 598 448 629; x_wconf 68' lang='grc' dir='ltr'>τοὺς</span> <span class='ocrx_word' id='word_1_86' title='bbox 460 597 571 628; x_wconf 79' lang='grc' dir='ltr'>λοιποὺς</span> <span class='ocrx_word' id='word_1_87' title='bbox 585 596 713 631; x_wconf 80' lang='grc' dir='ltr'><strong>ἀστέρας,</strong></span> <span class='ocrx_word' id='word_1_88' title='bbox 731 596 755 622; x_wconf 84' lang='grc' dir='ltr'><strong>εἰ</strong></span> <span class='ocrx_word' id='word_1_89' title='bbox 768 596 813 622; x_wconf 74' lang='grc' dir='ltr'>καὶ</span> <span class='ocrx_word' id='word_1_90' title='bbox 829 596 865 631; x_wconf 86' lang='grc' dir='ltr'>μὴ</span> <span class='ocrx_word' id='word_1_91' title='bbox 880 595 993 631; x_wconf 82' lang='grc' dir='ltr'>λυθήσε-</span> 
     </span>
    </p>
   </div>
   <div class='ocr_carea' id='block_1_14' title="bbox 211 641 991 678">
    <p class='ocr_par' dir='ltr' id='par_1_14' title="bbox 211 641 991 678">
     <span class='ocr_line' id='line_1_14' title="bbox 211 641 991 678; baseline -0.004 -8"><span class='ocrx_word' id='word_1_92' title='bbox 211 643 272 670; x_wconf 83' lang='grc' dir='ltr'><strong>σθαι</strong></span> <span class='ocrx_word' id='word_1_93' title='bbox 289 651 354 678; x_wconf 60' lang='lat' dir='ltr'><strong>(mc:</strong></span> <span class='ocrx_word' id='word_1_94' title='bbox 370 643 464 675; x_wconf 74' lang='grc' dir='ltr'>ταῦτα,</span> <span class='ocrx_word' id='word_1_95' title='bbox 476 643 514 678; x_wconf 82' lang='grc' dir='ltr'>τῷ</span> <span class='ocrx_word' id='word_1_96' title='bbox 530 642 566 678; x_wconf 55' lang='grc' dir='ltr'><strong>μὴ</strong></span> <span class='ocrx_word' id='word_1_97' title='bbox 581 643 627 669; x_wconf 75' lang='grc' dir='ltr'><strong>τὸν</strong></span> <span class='ocrx_word' id='word_1_98' title='bbox 644 642 821 678; x_wconf 79' lang='grc' dir='ltr'>συμπήξαντα</span> <span class='ocrx_word' id='word_1_99' title='bbox 836 641 991 676; x_wconf 43' lang='lat' dir='ltr'><strong>Molestius;</strong></span> 
     </span>
    </p>
   </div>
   <div class='ocr_carea' id='block_1_15' title="bbox 209 686 992 726">
    <p class='ocr_par' dir='ltr' id='par_1_15' title="bbox 209 686 992 726">
     <span class='ocr_line' id='line_1_15' title="bbox 209 686 992 726; baseline -0.005 -10"><span class='ocrx_word' id='word_1_100' title='bbox 209 690 233 715; x_wconf 82' lang='grc' dir='ltr'><strong>εί</strong></span> <span class='ocrx_word' id='word_1_101' title='bbox 247 688 268 715; x_wconf 84' lang='grc' dir='ltr'>δ’</span> <span class='ocrx_word' id='word_1_102' title='bbox 280 689 336 724; x_wconf 75' lang='grc' dir='ltr'>ἄρα</span> <span class='ocrx_word' id='word_1_103' title='bbox 352 689 491 726; x_wconf 78' lang='grc' dir='ltr'>βουληθείη</span> <span class='ocrx_word' id='word_1_104' title='bbox 505 688 573 716; x_wconf 85' lang='grc' dir='ltr'>εἶναι</span> <span class='ocrx_word' id='word_1_105' title='bbox 589 688 694 723; x_wconf 75' lang='grc' dir='ltr'>φύσεως</span> <span class='ocrx_word' id='word_1_106' title='bbox 707 688 844 723; x_wconf 76' lang='grc' dir='ltr'>τοιαύτης,</span> <span class='ocrx_word' id='word_1_107' title='bbox 862 687 949 722; x_wconf 73' lang='grc' dir='ltr'>ψυχὴν</span> <span class='ocrx_word' id='word_1_108' title='bbox 964 686 992 712; x_wconf 83' lang='grc' dir='ltr'>δὲ</span> 
     </span>
    </p>
   </div>
   <div class='ocr_carea' id='block_1_16' title="bbox 207 732 992 771">
    <p class='ocr_par' dir='ltr' id='par_1_16' title="bbox 207 732 992 771">
     <span class='ocr_line' id='line_1_16' title="bbox 207 732 992 771; baseline -0.005 -10"><span class='ocrx_word' id='word_1_109' title='bbox 207 734 342 762; x_wconf 75' lang='grc' dir='ltr'>ἀθάνατον</span> <span class='ocrx_word' id='word_1_110' title='bbox 354 735 425 771; x_wconf 77' lang='grc' dir='ltr'>ἔχειν</span> <span class='ocrx_word' id='word_1_111' title='bbox 436 736 508 771; x_wconf 78' lang='grc' dir='ltr'>ἡμᾶς</span> <span class='ocrx_word' id='word_1_112' title='bbox 521 736 580 762; x_wconf 81' lang='grc' dir='ltr'>κατ’</span> <span class='ocrx_word' id='word_1_113' title='bbox 593 734 667 761; x_wconf 77' lang='grc' dir='ltr'>οὐδὲν</span> <span class='ocrx_word' id='word_1_114' title='bbox 683 735 730 769; x_wconf 83' lang='grc' dir='ltr'>μὲν</span> <span class='ocrx_word' id='word_1_115' title='bbox 744 734 850 769; x_wconf 71' lang='grc' dir='ltr'>ἐμφερῆ</span> <span class='ocrx_word' id='word_1_116' title='bbox 863 734 917 764; x_wconf 86' lang='grc' dir='ltr'>τοῖς</span> <span class='ocrx_word' id='word_1_117' title='bbox 929 732 992 758; x_wconf 86' lang='grc' dir='ltr'>ἀλό-</span> 
     </span>
    </p>
   </div>
   <div class='ocr_carea' id='block_1_17' title="bbox 208 780 992 816">
    <p class='ocr_par' dir='ltr' id='par_1_17' title="bbox 208 780 992 816">
     <span class='ocr_line' id='line_1_17' title="bbox 208 780 992 816; baseline -0.005 -8"><span class='ocrx_word' id='word_1_118' title='bbox 208 789 266 815; x_wconf 86' lang='grc' dir='ltr'>γοις</span> <span class='ocrx_word' id='word_1_119' title='bbox 281 781 368 813; x_wconf 74' lang='grc' dir='ltr'>ζώοις,</span> <span class='ocrx_word' id='word_1_120' title='bbox 382 781 436 808; x_wconf 86' lang='grc' dir='ltr'><strong>τῶν</strong></span> <span class='ocrx_word' id='word_1_121' title='bbox 447 781 475 808; x_wconf 81' lang='grc' dir='ltr'>δὲ</span> <span class='ocrx_word' id='word_1_122' title='bbox 487 781 533 808; x_wconf 90' lang='grc' dir='ltr'><strong>τοῦ</strong></span> <span class='ocrx_word' id='word_1_123' title='bbox 544 780 610 807; x_wconf 82' lang='grc' dir='ltr'><strong>Θεοῦ</strong></span> <span class='ocrx_word' id='word_1_124' title='bbox 621 781 758 816; x_wconf 80' lang='grc' dir='ltr'><strong>δυνάμεων</strong></span> <span class='ocrx_word' id='word_1_125' title='bbox 771 781 904 815; x_wconf 70' lang='grc' dir='ltr'>φέρουσαν</span> <span class='ocrx_word' id='word_1_126' title='bbox 916 780 992 805; x_wconf 86' lang='grc' dir='ltr'>ἀπει-</span> 
     </span>
    </p>
   </div>
   <div class='ocr_carea' id='block_1_18' title="bbox 207 824 992 861">
    <p class='ocr_par' dir='ltr' id='par_1_18' title="bbox 207 824 992 861">
     <span class='ocr_line' id='line_1_18' title="bbox 207 824 992 861; baseline -0.003 -9"><span class='ocrx_word' id='word_1_127' title='bbox 207 826 368 861; x_wconf 83' lang='grc' dir='ltr'>κσνίσματα,</span> <span class='ocrx_word' id='word_1_128' title='bbox 382 826 487 858; x_wconf 75' lang='grc' dir='ltr'><strong>διδάξας</strong></span> <span class='ocrx_word' id='word_1_129' title='bbox 499 826 633 861; x_wconf 80' lang='grc' dir='ltr'>ἡγεῖσθαι,</span> <span class='ocrx_word' id='word_1_130' title='bbox 647 825 732 857; x_wconf 78' lang='grc' dir='ltr'>οὓτως</span> <span class='ocrx_word' id='word_1_131' title='bbox 746 825 768 851; x_wconf 80' lang='grc' dir='ltr'>τ’</span> <span class='ocrx_word' id='word_1_132' title='bbox 782 825 863 859; x_wconf 75' lang='grc' dir='ltr'><strong>ἔχειν⁷</strong></span> <span class='ocrx_word' id='word_1_133' title='bbox 878 824 924 851; x_wconf 77' lang='grc' dir='ltr'>καὶ</span> <span class='ocrx_word' id='word_1_134' title='bbox 935 824 992 850; x_wconf 88' lang='grc' dir='ltr'>δια-</span> 
     </span>
    </p>
   </div>
   <div class='ocr_carea' id='block_1_19' title="bbox 206 871 990 908">
    <p class='ocr_par' dir='ltr' id='par_1_19' title="bbox 206 871 990 908">
     <span class='ocr_line' id='line_1_19' title="bbox 206 871 990 908; baseline -0.003 -9"><span class='ocrx_word' id='word_1_135' title='bbox 206 872 324 905; x_wconf 82' lang='grc' dir='ltr'>κεῖσθαι,</span> <span class='ocrx_word' id='word_1_136' title='bbox 348 872 395 898; x_wconf 76' lang='grc' dir='ltr'><strong>καὶ</strong></span> <span class='ocrx_word' id='word_1_137' title='bbox 417 874 524 908; x_wconf 78' lang='grc' dir='ltr'><strong>φρονεῖν</strong></span> <span class='ocrx_word' id='word_1_138' title='bbox 544 873 632 899; x_wconf 87' lang='grc' dir='ltr'>πάντα</span> <span class='ocrx_word' id='word_1_139' title='bbox 655 872 800 908; x_wconf 75' lang='grc' dir='ltr'>βάρϐαρον,</span> <span class='ocrx_word' id='word_1_140' title='bbox 819 872 865 897; x_wconf 80' lang='grc' dir='ltr'>καὶ</span> <span class='ocrx_word' id='word_1_141' title='bbox 884 871 990 906; x_wconf 80' lang='grc' dir='ltr'>ίδιώτην</span> 
     </span>
    </p>
   </div>
   <div class='ocr_carea' id='block_1_20' title="bbox 1046 273 1826 311">
    <p class='ocr_par' dir='ltr' id='par_1_20' title="bbox 1046 273 1826 311">
     <span class='ocr_line' id='line_1_20' title="bbox 1046 273 1826 311; baseline 0.005 -11"><span class='ocrx_word' id='word_1_142' title='bbox 1046 281 1134 308; x_wconf 84' lang='lat' dir='ltr'><strong>neque</strong></span> <span class='ocrx_word' id='word_1_143' title='bbox 1149 274 1218 311; x_wconf 73' lang='lat' dir='ltr'><strong>haec,</strong></span> <span class='ocrx_word' id='word_1_144' title='bbox 1234 273 1282 302; x_wconf 76' lang='lat' dir='ltr'><strong>sed</strong></span> <span class='ocrx_word' id='word_1_145' title='bbox 1302 275 1399 301; x_wconf 88' lang='lat' dir='ltr'><strong>horum</strong></span> <span class='ocrx_word' id='word_1_146' title='bbox 1415 278 1554 302; x_wconf 76' lang='lat' dir='ltr'><strong>auctorem</strong></span> <span class='ocrx_word' id='word_1_147' title='bbox 1577 274 1667 301; x_wconf 86' lang='lat' dir='ltr'><strong>colere</strong></span> <span class='ocrx_word' id='word_1_148' title='bbox 1690 280 1826 310; x_wconf 85' lang='lat' dir='ltr'><strong>oportere,</strong></span> 
     </span>
    </p>
   </div>
   <div class='ocr_carea' id='block_1_21' title="bbox 1046 319 1827 355">
    <p class='ocr_par' dir='ltr' id='par_1_21' title="bbox 1046 319 1827 355">
     <span class='ocr_line' id='line_1_21' title="bbox 1046 319 1827 355; baseline 0.004 -9"><span class='ocrx_word' id='word_1_149' title='bbox 1046 319 1275 346; x_wconf 87' lang='lat' dir='ltr'><strong>considerandum</strong></span> <span class='ocrx_word' id='word_1_150' title='bbox 1300 328 1362 348; x_wconf 82' lang='lat' dir='ltr'><strong>esse</strong></span> <span class='ocrx_word' id='word_1_151' title='bbox 1383 320 1492 348; x_wconf 85' lang='lat' dir='ltr'><strong>videtur</strong></span> <span class='ocrx_word' id='word_1_152' title='bbox 1514 328 1578 348; x_wconf 91' lang='lat' dir='ltr'><strong>num</strong></span> <span class='ocrx_word' id='word_1_153' title='bbox 1600 321 1705 355; x_wconf 83' lang='lat' dir='ltr'><strong>decepti</strong></span> <span class='ocrx_word' id='word_1_154' title='bbox 1729 322 1827 354; x_wconf 87' lang='lat' dir='ltr'><strong>simus,</strong></span> 
     </span>
    </p>
   </div>
   <div class='ocr_carea' id='block_1_22' title="bbox 1045 365 1829 399">
    <p class='ocr_par' dir='ltr' id='par_1_22' title="bbox 1045 365 1829 399">
     <span class='ocr_line' id='line_1_22' title="bbox 1045 365 1829 399; baseline 0.006 -9"><span class='ocrx_word' id='word_1_155' title='bbox 1045 365 1117 399; x_wconf 90' lang='lat' dir='ltr'><strong>quod</strong></span> <span class='ocrx_word' id='word_1_156' title='bbox 1138 366 1164 392; x_wconf 92' lang='lat' dir='ltr'><strong>in</strong></span> <span class='ocrx_word' id='word_1_157' title='bbox 1190 366 1262 393; x_wconf 91' lang='lat' dir='ltr'><strong>hunc</strong></span> <span class='ocrx_word' id='word_1_158' title='bbox 1281 365 1389 392; x_wconf 90' lang='lat' dir='ltr'><strong>modum</strong></span> <span class='ocrx_word' id='word_1_159' title='bbox 1406 366 1440 393; x_wconf 89' lang='lat' dir='ltr'><strong>de</strong></span> <span class='ocrx_word' id='word_1_160' title='bbox 1456 371 1551 393; x_wconf 84' lang='lat' dir='ltr'><strong>natura</strong></span> <span class='ocrx_word' id='word_1_161' title='bbox 1571 375 1660 394; x_wconf 88' lang='lat' dir='ltr'><strong>rerum</strong></span> <span class='ocrx_word' id='word_1_162' title='bbox 1678 368 1778 395; x_wconf 83' lang='lat' dir='ltr'><strong>sentire</strong></span> <span class='ocrx_word' id='word_1_163' title='bbox 1794 367 1829 395; x_wconf 86' lang='lat' dir='ltr'><strong>ab</strong></span> 
     </span>
    </p>
   </div>
   <div class='ocr_carea' id='block_1_23' title="bbox 1045 410 1829 446">
    <p class='ocr_par' dir='ltr' id='par_1_23' title="bbox 1045 410 1829 446">
     <span class='ocr_line' id='line_1_23' title="bbox 1045 410 1829 446; baseline 0.004 -10"><span class='ocrx_word' id='word_1_164' title='bbox 1045 410 1091 437; x_wconf 92' lang='lat' dir='ltr'><strong>illo</strong></span> <span class='ocrx_word' id='word_1_165' title='bbox 1104 410 1176 437; x_wconf 87' lang='lat' dir='ltr'><strong>docti</strong></span> <span class='ocrx_word' id='word_1_166' title='bbox 1194 419 1308 439; x_wconf 85' lang='lat' dir='ltr'><strong>sumus:</strong></span> <span class='ocrx_word' id='word_1_167' title='bbox 1326 412 1399 446; x_wconf 80' lang='lat' dir='ltr'><strong>alqui</strong></span> <span class='ocrx_word' id='word_1_168' title='bbox 1415 420 1469 438; x_wconf 91' lang='lat' dir='ltr'><strong>non</strong></span> <span class='ocrx_word' id='word_1_169' title='bbox 1480 412 1567 438; x_wconf 89' lang='lat' dir='ltr'><strong>solum</strong></span> <span class='ocrx_word' id='word_1_170' title='bbox 1584 412 1757 439; x_wconf 72' lang='lat' dir='ltr'><strong>Hebraeorum</strong></span> <span class='ocrx_word' id='word_1_171' title='bbox 1771 413 1829 440; x_wconf 60' lang='lat' dir='ltr'><strong>hac</strong></span> 
     </span>
    </p>
   </div>
   <div class='ocr_carea' id='block_1_24' title="bbox 1044 459 1828 496">
    <p class='ocr_par' dir='ltr' id='par_1_24' title="bbox 1044 459 1828 496">
     <span class='ocr_line' id='line_1_24' title="bbox 1044 459 1828 496; baseline 0.006 -12"><span class='ocrx_word' id='word_1_172' title='bbox 1044 459 1095 485; x_wconf 81' lang='lat' dir='ltr'><strong>fuit</strong></span> <span class='ocrx_word' id='word_1_173' title='bbox 1119 460 1218 491; x_wconf 83' lang='lat' dir='ltr'><strong>oratio,</strong></span> <span class='ocrx_word' id='word_1_174' title='bbox 1243 460 1289 487; x_wconf 90' lang='lat' dir='ltr'><strong>sed</strong></span> <span class='ocrx_word' id='word_1_175' title='bbox 1316 461 1539 495; x_wconf 89' lang='lat' dir='ltr'><strong>philosophorum</strong></span> <span class='ocrx_word' id='word_1_176' title='bbox 1565 469 1682 496; x_wconf 81' lang='lat' dir='ltr'><strong>quoque.</strong></span> <span class='ocrx_word' id='word_1_177' title='bbox 1710 461 1828 489; x_wconf 82' lang='lat' dir='ltr'><strong>maxime</strong></span> 
     </span>
    </p>
   </div>
   <div class='ocr_carea' id='block_1_25' title="bbox 1045 504 1826 539">
    <p class='ocr_par' dir='ltr' id='par_1_25' title="bbox 1045 504 1826 539">
     <span class='ocr_line' id='line_1_25' title="bbox 1045 504 1826 539; baseline 0.004 -9"><span class='ocrx_word' id='word_1_178' title='bbox 1045 504 1192 531; x_wconf 84' lang='lat' dir='ltr'><strong>illustrium</strong></span> <span class='ocrx_word' id='word_1_179' title='bbox 1209 514 1214 531; x_wconf 90' lang='lat'><strong>:</strong></span> <span class='ocrx_word' id='word_1_180' title='bbox 1229 506 1275 539; x_wconf 85' lang='lat' dir='ltr'><strong>qui</strong></span> <span class='ocrx_word' id='word_1_181' title='bbox 1292 513 1353 532; x_wconf 89' lang='lat' dir='ltr'><strong>cum</strong></span> <span class='ocrx_word' id='word_1_182' title='bbox 1370 505 1491 533; x_wconf 61' lang='lat' dir='ltr'><strong>Hebra&#39;is</strong></span> <span class='ocrx_word' id='word_1_183' title='bbox 1507 506 1720 539; x_wconf 79' lang='lat' dir='ltr'><strong>consentientes,</strong></span> <span class='ocrx_word' id='word_1_184' title='bbox 1736 511 1826 534; x_wconf 89' lang='lat' dir='ltr'><strong>ortum</strong></span> 
     </span>
    </p>
   </div>
   <div class='ocr_carea' id='block_1_26' title="bbox 1045 549 1827 587">
    <p class='ocr_par' dir='ltr' id='par_1_26' title="bbox 1045 549 1827 587">
     <span class='ocr_line' id='line_1_26' title="bbox 1045 549 1827 587; baseline 0.004 -11"><span class='ocrx_word' id='word_1_185' title='bbox 1045 549 1143 577; x_wconf 81' lang='lat' dir='ltr'><strong>habere</strong></span> <span class='ocrx_word' id='word_1_186' title='bbox 1155 555 1182 577; x_wconf 89' lang='lat' dir='ltr'><strong>et</strong></span> <span class='ocrx_word' id='word_1_187' title='bbox 1193 552 1291 578; x_wconf 67' lang='lat' dir='ltr'><strong>caelum</strong></span> <span class='ocrx_word' id='word_1_188' title='bbox 1305 552 1403 587; x_wconf 83' lang='lat' dir='ltr'><strong>ipsum.</strong></span> <span class='ocrx_word' id='word_1_189' title='bbox 1417 556 1444 579; x_wconf 91' lang='lat' dir='ltr'><strong>et</strong></span> <span class='ocrx_word' id='word_1_190' title='bbox 1455 552 1551 584; x_wconf 87' lang='lat' dir='ltr'><strong>solem,</strong></span> <span class='ocrx_word' id='word_1_191' title='bbox 1565 556 1591 579; x_wconf 88' lang='lat' dir='ltr'><strong>et</strong></span> <span class='ocrx_word' id='word_1_192' title='bbox 1604 552 1708 585; x_wconf 87' lang='lat' dir='ltr'><strong>lunam,</strong></span> <span class='ocrx_word' id='word_1_193' title='bbox 1721 556 1748 579; x_wconf 87' lang='lat' dir='ltr'><strong>et</strong></span> <span class='ocrx_word' id='word_1_194' title='bbox 1762 553 1827 579; x_wconf 89' lang='lat' dir='ltr'><strong>stel-</strong></span> 
     </span>
    </p>
   </div>
   <div class='ocr_carea' id='block_1_27' title="bbox 1044 596 1827 632">
    <p class='ocr_par' dir='ltr' id='par_1_27' title="bbox 1044 596 1827 632">
     <span class='ocr_line' id='line_1_27' title="bbox 1044 596 1827 632; baseline 0.003 -10"><span class='ocrx_word' id='word_1_195' title='bbox 1044 596 1095 627; x_wconf 85' lang='lat' dir='ltr'><strong>las,</strong></span> <span class='ocrx_word' id='word_1_196' title='bbox 1108 596 1319 632; x_wconf 80' lang='lat' dir='ltr'><strong>universumque</strong></span> <span class='ocrx_word' id='word_1_197' title='bbox 1335 597 1463 624; x_wconf 88' lang='lat' dir='ltr'><strong>mundum</strong></span> <span class='ocrx_word' id='word_1_198' title='bbox 1478 598 1512 624; x_wconf 92' lang='lat' dir='ltr'><strong>ab</strong></span> <span class='ocrx_word' id='word_1_199' title='bbox 1527 602 1637 625; x_wconf 85' lang='lat' dir='ltr'><strong>auctore</strong></span> <span class='ocrx_word' id='word_1_200' title='bbox 1647 598 1766 624; x_wconf 87' lang='lat' dir='ltr'><strong>omnium</strong></span> <span class='ocrx_word' id='word_1_201' title='bbox 1783 605 1827 625; x_wconf 54' lang='lat' dir='ltr'><strong>re.»</strong></span> 
     </span>
    </p>
   </div>
   <div class='ocr_carea' id='block_1_28' title="bbox 1044 642 1825 671">
    <p class='ocr_par' dir='ltr' id='par_1_28' title="bbox 1044 642 1825 671">
     <span class='ocr_line' id='line_1_28' title="bbox 1044 642 1825 671; baseline 0.004 -4"><span class='ocrx_word' id='word_1_202' title='bbox 1044 649 1102 668; x_wconf 91' lang='lat' dir='ltr'><strong>rum</strong></span> <span class='ocrx_word' id='word_1_203' title='bbox 1123 642 1223 668; x_wconf 78' lang='lat' dir='ltr'><strong>factum</strong></span> <span class='ocrx_word' id='word_1_204' title='bbox 1243 650 1304 669; x_wconf 86' lang='lat' dir='ltr'><strong>esse</strong></span> <span class='ocrx_word' id='word_1_205' title='bbox 1327 642 1545 670; x_wconf 85' lang='lat' dir='ltr'><strong>ailirmaverunt:</strong></span> <span class='ocrx_word' id='word_1_206' title='bbox 1566 649 1692 670; x_wconf 65' lang='lat' dir='ltr'><strong>cwterum</strong></span> <span class='ocrx_word' id='word_1_207' title='bbox 1713 643 1783 670; x_wconf 87' lang='lat' dir='ltr'><strong>idem</strong></span> <span class='ocrx_word' id='word_1_208' title='bbox 1798 647 1825 671; x_wconf 89' lang='lat' dir='ltr'><strong>et</strong></span> 
     </span>
    </p>
   </div>
   <div class='ocr_carea' id='block_1_29' title="bbox 1043 688 1825 721">
    <p class='ocr_par' dir='ltr' id='par_1_29' title="bbox 1043 688 1825 721">
     <span class='ocr_line' id='line_1_29' title="bbox 1043 688 1825 721; baseline 0.004 -8"><span class='ocrx_word' id='word_1_209' title='bbox 1043 688 1304 715; x_wconf 89' lang='lat' dir='ltr'><strong>consununationem</strong></span> <span class='ocrx_word' id='word_1_210' title='bbox 1329 692 1355 715; x_wconf 93' lang='lat' dir='ltr'><strong>et</strong></span> <span class='ocrx_word' id='word_1_211' title='bbox 1379 690 1555 715; x_wconf 79' lang='lat' dir='ltr'><strong>mutationem</strong></span> <span class='ocrx_word' id='word_1_212' title='bbox 1583 689 1609 715; x_wconf 92' lang='lat' dir='ltr'><strong>in</strong></span> <span class='ocrx_word' id='word_1_213' title='bbox 1628 689 1734 721; x_wconf 81' lang='lat' dir='ltr'><strong>inelius,</strong></span> <span class='ocrx_word' id='word_1_214' title='bbox 1763 690 1825 716; x_wconf 92' lang='lat' dir='ltr'><strong>uni-</strong></span> 
     </span>
    </p>
   </div>
   <div class='ocr_carea' id='block_1_30' title="bbox 1044 733 1824 768">
    <p class='ocr_par' dir='ltr' id='par_1_30' title="bbox 1044 733 1824 768">
     <span class='ocr_line' id='line_1_30' title="bbox 1044 733 1824 768; baseline 0.004 -10"><span class='ocrx_word' id='word_1_215' title='bbox 1044 733 1112 760; x_wconf 85' lang='lat' dir='ltr'><strong>versi</strong></span> <span class='ocrx_word' id='word_1_216' title='bbox 1126 733 1206 767; x_wconf 87' lang='lat' dir='ltr'><strong>hujus</strong></span> <span class='ocrx_word' id='word_1_217' title='bbox 1219 733 1336 760; x_wconf 81' lang='lat' dir='ltr'><strong>futuram</strong></span> <span class='ocrx_word' id='word_1_218' title='bbox 1349 738 1378 760; x_wconf 91' lang='lat' dir='ltr'><strong>ut</strong></span> <span class='ocrx_word' id='word_1_219' title='bbox 1390 739 1608 768; x_wconf 75' lang='lat' dir='ltr'><strong>exspectaremus</strong></span> <span class='ocrx_word' id='word_1_220' title='bbox 1620 735 1722 766; x_wconf 81' lang='lat' dir='ltr'><strong>docuit,</strong></span> <span class='ocrx_word' id='word_1_221' title='bbox 1732 735 1758 761; x_wconf 92' lang='lat' dir='ltr'><strong>in</strong></span> <span class='ocrx_word' id='word_1_222' title='bbox 1773 735 1824 762; x_wconf 88' lang='lat' dir='ltr'><strong>hoc</strong></span> 
     </span>
    </p>
   </div>
   <div class='ocr_carea' id='block_1_31' title="bbox 1042 778 1823 814">
    <p class='ocr_par' dir='ltr' id='par_1_31' title="bbox 1042 778 1823 814">
     <span class='ocr_line' id='line_1_31' title="bbox 1042 778 1823 814; baseline 0.003 -10"><span class='ocrx_word' id='word_1_223' title='bbox 1042 786 1150 813; x_wconf 84' lang='lat' dir='ltr'><strong>quoque</strong></span> <span class='ocrx_word' id='word_1_224' title='bbox 1177 778 1350 806; x_wconf 56' lang='lat' dir='ltr'><strong>Hebraeorum</strong></span> <span class='ocrx_word' id='word_1_225' title='bbox 1374 780 1519 814; x_wconf 87' lang='lat' dir='ltr'><strong>scripturis</strong></span> <span class='ocrx_word' id='word_1_226' title='bbox 1538 780 1712 807; x_wconf 82' lang='lat' dir='ltr'><strong>consentiens</strong></span> <span class='ocrx_word' id='word_1_227' title='bbox 1732 789 1737 806; x_wconf 91' lang='lat'><strong><em>:</em></strong></span> <span class='ocrx_word' id='word_1_228' title='bbox 1757 780 1823 814; x_wconf 88' lang='lat' dir='ltr'><strong>quid</strong></span> 
     </span>
    </p>
   </div>
   <div class='ocr_carea' id='block_1_32' title="bbox 1042 823 1823 860">
    <p class='ocr_par' dir='ltr' id='par_1_32' title="bbox 1042 823 1823 860">
     <span class='ocr_line' id='line_1_32' title="bbox 1042 823 1823 860; baseline 0.003 -10"><span class='ocrx_word' id='word_1_229' title='bbox 1042 824 1142 857; x_wconf 73' lang='lat' dir='ltr'><strong>igitur?</strong></span> <span class='ocrx_word' id='word_1_230' title='bbox 1161 832 1250 851; x_wconf 85' lang='lat' dir='ltr'><strong>nonne</strong></span> <span class='ocrx_word' id='word_1_231' title='bbox 1269 825 1349 852; x_wconf 89' lang='lat' dir='ltr'><strong>etiam</strong></span> <span class='ocrx_word' id='word_1_232' title='bbox 1372 823 1448 851; x_wconf 81' lang='lat' dir='ltr'><strong>Plato</strong></span> <span class='ocrx_word' id='word_1_233' title='bbox 1471 829 1566 860; x_wconf 88' lang='lat' dir='ltr'><strong>suapte</strong></span> <span class='ocrx_word' id='word_1_234' title='bbox 1580 830 1678 851; x_wconf 87' lang='lat' dir='ltr'><strong>natura</strong></span> <span class='ocrx_word' id='word_1_235' title='bbox 1692 829 1719 852; x_wconf 87' lang='lat' dir='ltr'><strong>et</strong></span> <span class='ocrx_word' id='word_1_236' title='bbox 1734 825 1823 860; x_wconf 88' lang='lat' dir='ltr'><strong>ipsum</strong></span> 
     </span>
    </p>
   </div>
   <div class='ocr_carea' id='block_1_33' title="bbox 1042 870 1824 905">
    <p class='ocr_par' dir='ltr' id='par_1_33' title="bbox 1042 870 1824 905">
     <span class='ocr_line' id='line_1_33' title="bbox 1042 870 1824 905; baseline 0 -9"><span class='ocrx_word' id='word_1_237' title='bbox 1042 870 1152 900; x_wconf 73' lang='lat' dir='ltr'><strong>cmlum.</strong></span> <span class='ocrx_word' id='word_1_238' title='bbox 1170 874 1197 896; x_wconf 87' lang='lat' dir='ltr'><strong>et</strong></span> <span class='ocrx_word' id='word_1_239' title='bbox 1213 870 1308 901; x_wconf 82' lang='lat' dir='ltr'><strong>solem,</strong></span> <span class='ocrx_word' id='word_1_240' title='bbox 1323 874 1350 897; x_wconf 87' lang='lat' dir='ltr'><strong>et</strong></span> <span class='ocrx_word' id='word_1_241' title='bbox 1366 870 1468 901; x_wconf 86' lang='lat' dir='ltr'><strong>lunam,</strong></span> <span class='ocrx_word' id='word_1_242' title='bbox 1497 878 1529 897; x_wconf 87' lang='lat' dir='ltr'><strong>ac</strong></span> <span class='ocrx_word' id='word_1_243' title='bbox 1544 871 1645 905; x_wconf 90' lang='lat' dir='ltr'><strong>reliqua</strong></span> <span class='ocrx_word' id='word_1_244' title='bbox 1662 871 1762 901; x_wconf 78' lang='lat' dir='ltr'><strong>sidera,</strong></span> <span class='ocrx_word' id='word_1_245' title='bbox 1779 878 1824 898; x_wconf 85' lang='lat' dir='ltr'><strong>so-</strong></span> 
     </span>
    </p>
   </div>
   <div class='ocr_carea' id='block_1_34' title="bbox 207 905 986 954">
    <p class='ocr_par' dir='ltr' id='par_1_34' title="bbox 207 915 986 954">
     <span class='ocr_line' id='line_1_34' title="bbox 207 915 986 954; baseline -0.003 -9"><span class='ocrx_word' id='word_1_246' title='bbox 207 918 365 949; x_wconf 80' lang='grc' dir='ltr'>παιδεύσας·</span> <span class='ocrx_word' id='word_1_247' title='bbox 382 915 425 954; x_wconf 79' lang='grc' dir='ltr'>ἄρ’</span> <span class='ocrx_word' id='word_1_248' title='bbox 447 919 506 954; x_wconf 76' lang='grc' dir='ltr'>οὐχὶ</span> <span class='ocrx_word' id='word_1_249' title='bbox 532 919 699 954; x_wconf 68' lang='grc' dir='ltr'><strong>σοφωτέρους</strong></span> <span class='ocrx_word' id='word_1_250' title='bbox 723 918 903 953; x_wconf 77' lang='grc' dir='ltr'><strong>ἀπείργασται</strong></span> <span class='ocrx_word' id='word_1_251' title='bbox 928 918 986 949; x_wconf 70' lang='grc' dir='ltr'>τοὺς</span> 
     </span>
    </p>
   </div>
   <div class='ocr_carea' id='block_1_35' title="bbox 1037 905 1823 954">
    <p class='ocr_par' dir='ltr' id='par_1_35' title="bbox 1043 915 1823 951">
     <span class='ocr_line' id='line_1_35' title="bbox 1043 915 1823 951; baseline 0.004 -11"><span class='ocrx_word' id='word_1_252' title='bbox 1043 915 1136 942; x_wconf 91' lang='lat' dir='ltr'><strong>lutioui</strong></span> <span class='ocrx_word' id='word_1_253' title='bbox 1150 916 1375 950; x_wconf 89' lang='lat' dir='ltr'><strong>corruptionique</strong></span> <span class='ocrx_word' id='word_1_254' title='bbox 1392 916 1509 942; x_wconf 79' lang='lat' dir='ltr'><strong>obnoxia</strong></span> <span class='ocrx_word' id='word_1_255' title='bbox 1528 924 1590 943; x_wconf 71' lang='lat' dir='ltr'><strong>esse</strong></span> <span class='ocrx_word' id='word_1_256' title='bbox 1605 916 1681 948; x_wconf 86' lang='lat' dir='ltr'><strong>vidit,</strong></span> <span class='ocrx_word' id='word_1_257' title='bbox 1698 917 1823 951; x_wconf 83' lang='lat' dir='ltr'><strong>quamvis</strong></span> 
     </span>
    </p>
   </div>
   <div class='ocr_carea' id='block_1_36' title="bbox 205 964 991 1000">
    <p class='ocr_par' dir='ltr' id='par_1_36' title="bbox 205 964 991 1000">
     <span class='ocr_line' id='line_1_36' title="bbox 205 964 991 1000; baseline 0 -10"><span class='ocrx_word' id='word_1_258' title='bbox 205 964 268 991; x_wconf 81' lang='grc' dir='ltr'>καθ’</span> <span class='ocrx_word' id='word_1_259' title='bbox 281 964 344 1000; x_wconf 82' lang='grc' dir='ltr'>ὅλης</span> <span class='ocrx_word' id='word_1_260' title='bbox 360 966 410 999; x_wconf 85' lang='grc' dir='ltr'><strong>τῆς</strong></span> <span class='ocrx_word' id='word_1_261' title='bbox 426 965 586 1000; x_wconf 80' lang='grc' dir='ltr'><strong>οἰκουμένης</strong></span> <span class='ocrx_word' id='word_1_262' title='bbox 601 965 635 991; x_wconf 82' lang='grc' dir='ltr'><strong>τὰ</strong></span> <span class='ocrx_word' id='word_1_263' title='bbox 650 964 730 992; x_wconf 76' lang='grc' dir='ltr'>αὑτοῦ</span> <span class='ocrx_word' id='word_1_264' title='bbox 747 964 920 1000; x_wconf 79' lang='grc' dir='ltr'><strong>φρονοῦντας,</strong></span> <span class='ocrx_word' id='word_1_265' title='bbox 938 964 991 990; x_wconf 82' lang='grc' dir='ltr'>τῶν</span> 
     </span>
    </p>
   </div>
   <div class='ocr_carea' id='block_1_37' title="bbox 204 1010 990 1047">
    <p class='ocr_par' dir='ltr' id='par_1_37' title="bbox 204 1010 990 1047">
     <span class='ocr_line' id='line_1_37' title="bbox 204 1010 990 1047; baseline -0.004 -9"><span class='ocrx_word' id='word_1_266' title='bbox 204 1011 256 1043; x_wconf 79' lang='grc' dir='ltr'><strong>τὰς</strong></span> <span class='ocrx_word' id='word_1_267' title='bbox 274 1011 360 1047; x_wconf 73' lang='grc' dir='ltr'>ὀφρῦς</span> <span class='ocrx_word' id='word_1_268' title='bbox 376 1010 584 1043; x_wconf 74' lang='grc' dir='ltr'>ἀνεσπακότων;</span> <span class='ocrx_word' id='word_1_269' title='bbox 604 1011 628 1037; x_wconf 78' lang='grc' dir='ltr'>οἳ</span> <span class='ocrx_word' id='word_1_270' title='bbox 646 1011 730 1046; x_wconf 80' lang='grc' dir='ltr'>μηδὲν</span> <span class='ocrx_word' id='word_1_271' title='bbox 743 1010 813 1037; x_wconf 83' lang='grc' dir='ltr'>κατὰ</span> <span class='ocrx_word' id='word_1_272' title='bbox 830 1010 877 1045; x_wconf 86' lang='grc' dir='ltr'>τὴν</span> <span class='ocrx_word' id='word_1_273' title='bbox 897 1010 990 1036; x_wconf 82' lang='grc' dir='ltr'>οὐσίαν</span> 
     </span>
    </p>
   </div>
   <div class='ocr_carea' id='block_1_38' title="bbox 204 1056 991 1092">
    <p class='ocr_par' dir='ltr' id='par_1_38' title="bbox 204 1056 991 1092">
     <span class='ocr_line' id='line_1_38' title="bbox 204 1056 991 1092; baseline -0.003 -9"><span class='ocrx_word' id='word_1_274' title='bbox 204 1057 344 1091; x_wconf 77' lang='grc' dir='ltr'>διαφέρειν</span> <span class='ocrx_word' id='word_1_275' title='bbox 354 1057 525 1092; x_wconf 79' lang='grc' dir='ltr'>ἀπεφήναντο</span> <span class='ocrx_word' id='word_1_276' title='bbox 534 1056 646 1092; x_wconf 78' lang='grc' dir='ltr'><strong>ἐμπίδος</strong></span> <span class='ocrx_word' id='word_1_277' title='bbox 655 1065 685 1083; x_wconf 89' lang='grc' dir='ltr'><strong>τε</strong></span> <span class='ocrx_word' id='word_1_278' title='bbox 697 1057 743 1083; x_wconf 74' lang='grc' dir='ltr'>καὶ</span> <span class='ocrx_word' id='word_1_279' title='bbox 755 1057 842 1091; x_wconf 85' lang='grc' dir='ltr'>εὺλῆς,</span> <span class='ocrx_word' id='word_1_280' title='bbox 852 1056 898 1082; x_wconf 80' lang='grc' dir='ltr'>καὶ</span> <span class='ocrx_word' id='word_1_281' title='bbox 911 1056 991 1091; x_wconf 82' lang='grc' dir='ltr'>μυίας</span> 
     </span>
    </p>
   </div>
   <div class='ocr_carea' id='block_1_39' title="bbox 204 1101 990 1138">
    <p class='ocr_par' dir='ltr' id='par_1_39' title="bbox 204 1101 990 1138">
     <span class='ocr_line' id='line_1_39' title="bbox 204 1101 990 1138; baseline -0.003 -10"><span class='ocrx_word' id='word_1_282' title='bbox 204 1102 255 1138; x_wconf 80' lang='grc' dir='ltr'><strong>τὴν</strong></span> <span class='ocrx_word' id='word_1_283' title='bbox 270 1103 299 1128; x_wconf 79' lang='grc' dir='ltr'><strong>ὲν</strong></span> <span class='ocrx_word' id='word_1_284' title='bbox 314 1101 468 1137; x_wconf 85' lang='grc' dir='ltr'>ἀνθρώποις</span> <span class='ocrx_word' id='word_1_285' title='bbox 486 1101 585 1137; x_wconf 71' lang='grc' dir='ltr'>ψυχὴν,</span> <span class='ocrx_word' id='word_1_286' title='bbox 606 1101 673 1128; x_wconf 84' lang='grc' dir='ltr'>ἀλλὰ</span> <span class='ocrx_word' id='word_1_287' title='bbox 688 1102 735 1128; x_wconf 70' lang='grc' dir='ltr'><strong>καὶ</strong></span> <span class='ocrx_word' id='word_1_288' title='bbox 749 1102 845 1136; x_wconf 69' lang='grc' dir='ltr'>ὄφεως,</span> <span class='ocrx_word' id='word_1_289' title='bbox 871 1101 916 1127; x_wconf 83' lang='grc' dir='ltr'>καὶ</span> <span class='ocrx_word' id='word_1_290' title='bbox 936 1101 990 1135; x_wconf 79' lang='grc' dir='ltr'>ἐχί-</span> 
     </span>
    </p>
   </div>
   <div class='ocr_carea' id='block_1_40' title="bbox 204 1146 989 1183">
    <p class='ocr_par' dir='ltr' id='par_1_40' title="bbox 204 1146 989 1183">
     <span class='ocr_line' id='line_1_40' title="bbox 204 1146 989 1183; baseline -0.003 -9"><span class='ocrx_word' id='word_1_291' title='bbox 204 1148 280 1183; x_wconf 83' lang='grc' dir='ltr'>δνης,</span> <span class='ocrx_word' id='word_1_292' title='bbox 295 1148 394 1183; x_wconf 76' lang='grc' dir='ltr'>ἄρκτου</span> <span class='ocrx_word' id='word_1_293' title='bbox 412 1157 441 1174; x_wconf 87' lang='grc' dir='ltr'><strong>τε</strong></span> <span class='ocrx_word' id='word_1_294' title='bbox 456 1149 501 1174; x_wconf 81' lang='grc' dir='ltr'>καὶ</span> <span class='ocrx_word' id='word_1_295' title='bbox 515 1147 681 1183; x_wconf 75' lang='grc' dir='ltr'><strong>παρδάλεως,</strong></span> <span class='ocrx_word' id='word_1_296' title='bbox 695 1147 741 1173; x_wconf 75' lang='grc' dir='ltr'>καὶ</span> <span class='ocrx_word' id='word_1_297' title='bbox 755 1147 818 1178; x_wconf 77' lang='grc' dir='ltr'>συὸς</span> <span class='ocrx_word' id='word_1_298' title='bbox 829 1146 917 1181; x_wconf 74' lang='grc' dir='ltr'>ψυχῆς</span> <span class='ocrx_word' id='word_1_299' title='bbox 930 1147 989 1172; x_wconf 84' lang='grc' dir='ltr'>κατ’</span> 
     </span>
    </p>
   </div>
   <div class='ocr_carea' id='block_1_41' title="bbox 204 1191 989 1227">
    <p class='ocr_par' dir='ltr' id='par_1_41' title="bbox 204 1191 989 1227">
     <span class='ocr_line' id='line_1_41' title="bbox 204 1191 989 1227; baseline -0.001 -9"><span class='ocrx_word' id='word_1_300' title='bbox 204 1191 291 1224; x_wconf 78' lang='grc' dir='ltr'>οὐδὲν,</span> <span class='ocrx_word' id='word_1_301' title='bbox 306 1192 367 1218; x_wconf 79' lang='grc' dir='ltr'>ὅσον</span> <span class='ocrx_word' id='word_1_302' title='bbox 381 1191 427 1218; x_wconf 66' lang='grc' dir='ltr'><strong>ἐπὶ</strong></span> <span class='ocrx_word' id='word_1_303' title='bbox 441 1192 511 1227; x_wconf 82' lang='grc' dir='ltr'>λόγῳ</span> <span class='ocrx_word' id='word_1_304' title='bbox 526 1191 631 1226; x_wconf 83' lang='grc' dir='ltr'>φύσεώς</span> <span class='ocrx_word' id='word_1_305' title='bbox 643 1200 672 1217; x_wconf 89' lang='grc' dir='ltr'><strong>τε</strong></span> <span class='ocrx_word' id='word_1_306' title='bbox 684 1193 730 1218; x_wconf 77' lang='grc' dir='ltr'>καὶ</span> <span class='ocrx_word' id='word_1_307' title='bbox 742 1191 843 1224; x_wconf 81' lang='grc' dir='ltr'>οὐσίας,</span> <span class='ocrx_word' id='word_1_308' title='bbox 857 1191 905 1226; x_wconf 87' lang='grc' dir='ltr'>τὴν</span> <span class='ocrx_word' id='word_1_309' title='bbox 917 1191 989 1225; x_wconf 68' lang='grc' dir='ltr'>σερῶν</span> 
     </span>
    </p>
   </div>
   <div class='ocr_carea' id='block_1_42' title="bbox 204 1237 990 1272">
    <p class='ocr_par' dir='ltr' id='par_1_42' title="bbox 204 1237 990 1272">
     <span class='ocr_line' id='line_1_42' title="bbox 204 1237 990 1272; baseline -0.001 -8"><span class='ocrx_word' id='word_1_310' title='bbox 204 1237 296 1264; x_wconf 83' lang='grc' dir='ltr'>αὐτῶν</span> <span class='ocrx_word' id='word_1_311' title='bbox 319 1237 372 1264; x_wconf 73' lang='grc' dir='ltr'>τῶν</span> <span class='ocrx_word' id='word_1_312' title='bbox 396 1237 621 1272; x_wconf 67' lang='grc' dir='ltr'>φιλοσοφωτάτων</span> <span class='ocrx_word' id='word_1_313' title='bbox 644 1237 732 1272; x_wconf 72' lang='grc' dir='ltr'>ψυχὴν</span> <span class='ocrx_word' id='word_1_314' title='bbox 753 1237 928 1264; x_wconf 81' lang='grc' dir='ltr'>διαλλάττειν·</span> <span class='ocrx_word' id='word_1_315' title='bbox 943 1237 990 1264; x_wconf 76' lang='grc' dir='ltr'>καὶ</span> 
     </span>
    </p>
   </div>
   <div class='ocr_carea' id='block_1_43' title="bbox 205 1284 990 1320">
    <p class='ocr_par' dir='ltr' id='par_1_43' title="bbox 205 1284 990 1320">
     <span class='ocr_line' id='line_1_43' title="bbox 205 1284 990 1320; baseline -0.001 -10"><span class='ocrx_word' id='word_1_316' title='bbox 205 1284 277 1310; x_wconf 87' lang='grc' dir='ltr'>θείου</span> <span class='ocrx_word' id='word_1_317' title='bbox 293 1284 322 1311; x_wconf 82' lang='grc' dir='ltr'>δὲ</span> <span class='ocrx_word' id='word_1_318' title='bbox 338 1285 405 1320; x_wconf 78' lang='grc' dir='ltr'>πρὸς</span> <span class='ocrx_word' id='word_1_319' title='bbox 422 1285 526 1316; x_wconf 86' lang='grc' dir='ltr'>τούτοις</span> <span class='ocrx_word' id='word_1_320' title='bbox 547 1284 736 1319; x_wconf 76' lang='grc' dir='ltr'>δικαιωτηρίου</span> <span class='ocrx_word' id='word_1_321' title='bbox 756 1284 874 1318; x_wconf 85' lang='grc' dir='ltr'>συνεχῶς</span> <span class='ocrx_word' id='word_1_322' title='bbox 891 1284 990 1319; x_wconf 82' lang='grc' dir='ltr'>ὑπομι-</span> 
     </span>
    </p>
   </div>
   <div class='ocr_carea' id='block_1_44' title="bbox 206 1330 990 1366">
    <p class='ocr_par' dir='ltr' id='par_1_44' title="bbox 206 1330 990 1366">
     <span class='ocr_line' id='line_1_44' title="bbox 206 1330 990 1366; baseline 0.001 -10"><span class='ocrx_word' id='word_1_323' title='bbox 206 1331 345 1365; x_wconf 81' lang='grc' dir='ltr'>μνήσκων,</span> <span class='ocrx_word' id='word_1_324' title='bbox 360 1330 407 1357; x_wconf 74' lang='grc' dir='ltr'><strong>καὶ</strong></span> <span class='ocrx_word' id='word_1_325' title='bbox 430 1330 578 1366; x_wconf 71' lang='grc' dir='ltr'>μελλούσης</span> <span class='ocrx_word' id='word_1_326' title='bbox 598 1330 706 1357; x_wconf 76' lang='grc' dir='ltr'>ἔσεσθαι</span> <span class='ocrx_word' id='word_1_327' title='bbox 719 1330 845 1366; x_wconf 85' lang='grc' dir='ltr'>κρίσεως,</span> <span class='ocrx_word' id='word_1_328' title='bbox 865 1330 990 1361; x_wconf 80' lang='grc' dir='ltr'>κολάσεις</span> 
     </span>
    </p>
   </div>
   <div class='ocr_carea' id='block_1_45' title="bbox 203 1377 990 1413">
    <p class='ocr_par' dir='ltr' id='par_1_45' title="bbox 203 1377 990 1413">
     <span class='ocr_line' id='line_1_45' title="bbox 203 1377 990 1413; baseline 0.001 -10"><span class='ocrx_word' id='word_1_329' title='bbox 203 1385 234 1404; x_wconf 70' lang='grc' dir='ltr'>τι</span> <span class='ocrx_word' id='word_1_330' title='bbox 250 1377 297 1403; x_wconf 78' lang='grc' dir='ltr'>καὶ</span> <span class='ocrx_word' id='word_1_331' title='bbox 310 1377 443 1412; x_wconf 85' lang='grc' dir='ltr'>τιμωρίας</span> <span class='ocrx_word' id='word_1_332' title='bbox 454 1377 654 1412; x_wconf 81' lang='grc' dir='ltr'>ἀπαραιτήτους</span> <span class='ocrx_word' id='word_1_333' title='bbox 665 1378 720 1408; x_wconf 85' lang='grc' dir='ltr'>τοῖς</span> <span class='ocrx_word' id='word_1_334' title='bbox 734 1377 858 1403; x_wconf 74' lang='grc' dir='ltr'>ἀσεϐέσιν</span> <span class='ocrx_word' id='word_1_335' title='bbox 872 1377 990 1413; x_wconf 88' lang='grc' dir='ltr'>ὑπογρά-</span> 
     </span>
    </p>
   </div>
   <div class='ocr_carea' id='block_1_46' title="bbox 204 1421 987 1457">
    <p class='ocr_par' dir='ltr' id='par_1_46' title="bbox 204 1421 987 1457">
     <span class='ocr_line' id='line_1_46' title="bbox 204 1421 987 1457; baseline 0 -9"><span class='ocrx_word' id='word_1_336' title='bbox 204 1431 273 1457; x_wconf 83' lang='grc' dir='ltr'>φων,</span> <span class='ocrx_word' id='word_1_337' title='bbox 285 1423 340 1454; x_wconf 82' lang='grc' dir='ltr'>τοῖς</span> <span class='ocrx_word' id='word_1_338' title='bbox 351 1431 380 1448; x_wconf 87' lang='grc' dir='ltr'><strong>τε</strong></span> <span class='ocrx_word' id='word_1_339' title='bbox 392 1422 529 1449; x_wconf 78' lang='grc' dir='ltr'>εὖσεϐέσιν</span> <span class='ocrx_word' id='word_1_340' title='bbox 542 1422 704 1456; x_wconf 72' lang='grc' dir='ltr'>ἐπαγγελίας</span> <span class='ocrx_word' id='word_1_341' title='bbox 713 1421 779 1448; x_wconf 84' lang='grc' dir='ltr'>Θεοῦ</span> <span class='ocrx_word' id='word_1_342' title='bbox 789 1423 897 1448; x_wconf 83' lang='grc' dir='ltr'>αἰωνίου</span> <span class='ocrx_word' id='word_1_343' title='bbox 906 1422 987 1457; x_wconf 82' lang='grc' dir='ltr'>ζωῆς,</span> 
     </span>
    </p>
   </div>
   <div class='ocr_carea' id='block_1_47' title="bbox 203 1467 989 1504">
    <p class='ocr_par' dir='ltr' id='par_1_47' title="bbox 203 1467 989 1504">
     <span class='ocr_line' id='line_1_47' title="bbox 203 1467 989 1504; baseline 0 -10"><span class='ocrx_word' id='word_1_344' title='bbox 203 1468 252 1494; x_wconf 77' lang='grc' dir='ltr'>καὶ</span> <span class='ocrx_word' id='word_1_345' title='bbox 261 1468 382 1504; x_wconf 77' lang='grc' dir='ltr'>οὐρανῶν</span> <span class='ocrx_word' id='word_1_346' title='bbox 396 1467 544 1503; x_wconf 79' lang='grc' dir='ltr'>βασιλείας,</span> <span class='ocrx_word' id='word_1_347' title='bbox 557 1469 604 1494; x_wconf 59' lang='grc' dir='ltr'><strong>καὶ⁵</strong></span> <span class='ocrx_word' id='word_1_348' title='bbox 617 1469 665 1495; x_wconf 88' lang='grc' dir='ltr'>σὺν</span> <span class='ocrx_word' id='word_1_349' title='bbox 676 1468 735 1503; x_wconf 83' lang='grc' dir='ltr'><strong>Θεῷ</strong></span> <span class='ocrx_word' id='word_1_350' title='bbox 748 1467 884 1504; x_wconf 84' lang='grc' dir='ltr'>μακαρίας</span> <span class='ocrx_word' id='word_1_351' title='bbox 894 1468 989 1501; x_wconf 86' lang='grc' dir='ltr'>διαγω-</span> 
     </span>
    </p>
   </div>
   <div class='ocr_carea' id='block_1_48' title="bbox 203 1513 988 1550">
    <p class='ocr_par' dir='ltr' id='par_1_48' title="bbox 203 1513 988 1550">
     <span class='ocr_line' id='line_1_48' title="bbox 203 1513 988 1550; baseline 0 -10"><span class='ocrx_word' id='word_1_352' title='bbox 203 1513 266 1549; x_wconf 78' lang='grc' dir='ltr'>γῆς,</span> <span class='ocrx_word' id='word_1_353' title='bbox 280 1514 339 1540; x_wconf 89' lang='grc' dir='ltr'>τίνα</span> <span class='ocrx_word' id='word_1_354' title='bbox 352 1514 385 1541; x_wconf 80' lang='grc' dir='ltr'><strong>ἂν</strong></span> <span class='ocrx_word' id='word_1_355' title='bbox 400 1514 569 1550; x_wconf 81' lang='grc' dir='ltr'>πλανήσειεν,</span> <span class='ocrx_word' id='word_1_356' title='bbox 583 1514 643 1549; x_wconf 68' lang='grc' dir='ltr'>οὐχ).</span> <span class='ocrx_word' id='word_1_357' title='bbox 653 1513 680 1540; x_wconf 84' lang='grc' dir='ltr'>δὲ</span> <span class='ocrx_word' id='word_1_358' title='bbox 698 1513 796 1549; x_wconf 83' lang='grc' dir='ltr'>μᾶλλον</span> <span class='ocrx_word' id='word_1_359' title='bbox 807 1513 988 1549; x_wconf 73' lang='grc' dir='ltr'>προτρέψαιτο</span> 
     </span>
    </p>
   </div>
   <div class='ocr_carea' id='block_1_49' title="bbox 203 1559 1022 1599">
    <p class='ocr_par' dir='ltr' id='par_1_49' title="bbox 203 1559 1022 1599">
     <span class='ocr_line' id='line_1_49' title="bbox 203 1559 1022 1599; baseline -0.001 -13"><span class='ocrx_word' id='word_1_360' title='bbox 203 1559 329 1586; x_wconf 77' lang='grc' dir='ltr'>σπεύδειν</span> <span class='ocrx_word' id='word_1_361' title='bbox 347 1560 395 1595; x_wconf 84' lang='grc' dir='ltr'><strong>μὲν</strong></span> <span class='ocrx_word' id='word_1_362' title='bbox 415 1561 461 1587; x_wconf 76' lang='grc' dir='ltr'><strong>ἐπὶ</strong></span> <span class='ocrx_word' id='word_1_363' title='bbox 477 1560 576 1595; x_wconf 80' lang='grc' dir='ltr'>ἀρετὴν</span> <span class='ocrx_word' id='word_1_364' title='bbox 592 1559 645 1586; x_wconf 85' lang='grc' dir='ltr'>τῶν</span> <span class='ocrx_word' id='word_1_365' title='bbox 660 1559 890 1595; x_wconf 80' lang='grc' dir='ltr'>προσδοκωμένων</span> <span class='ocrx_word' id='word_1_366' title='bbox 907 1560 986 1586; x_wconf 76' lang='grc' dir='ltr'>ἕνεκα</span> <span class='ocrx_word' id='word_1_367' title='bbox 1001 1568 1022 1599; x_wconf 80' lang='lat' dir='ltr'><strong><em>C</em></strong></span> 
     </span>
    </p>
   </div>
   <div class='ocr_carea' id='block_1_50' title="bbox 201 1604 985 1641">
    <p class='ocr_par' dir='ltr' id='par_1_50' title="bbox 201 1604 985 1641">
     <span class='ocr_line' id='line_1_50' title="bbox 201 1604 985 1641; baseline 0 -10"><span class='ocrx_word' id='word_1_368' title='bbox 201 1606 259 1636; x_wconf 77' lang='grc' dir='ltr'>τοῖς</span> <span class='ocrx_word' id='word_1_369' title='bbox 281 1605 420 1632; x_wconf 81' lang='grc' dir='ltr'>εὐσεϐέσιν</span> <span class='ocrx_word' id='word_1_370' title='bbox 443 1605 582 1638; x_wconf 76' lang='grc' dir='ltr'>ἐπάθλων,</span> <span class='ocrx_word' id='word_1_371' title='bbox 613 1604 813 1641; x_wconf 82' lang='grc' dir='ltr'>ἀποτρέπεσθαι</span> <span class='ocrx_word' id='word_1_372' title='bbox 841 1605 869 1631; x_wconf 77' lang='grc' dir='ltr'>δὲ</span> <span class='ocrx_word' id='word_1_373' title='bbox 896 1606 985 1639; x_wconf 80' lang='grc' dir='ltr'>πάσης</span> 
     </span>
    </p>
   </div>
   <div class='ocr_carea' id='block_1_51' title="bbox 201 1650 984 1685">
    <p class='ocr_par' dir='ltr' id='par_1_51' title="bbox 201 1650 984 1685">
     <span class='ocr_line' id='line_1_51' title="bbox 201 1650 984 1685; baseline 0 -9"><span class='ocrx_word' id='word_1_374' title='bbox 201 1650 301 1682; x_wconf 79' lang='grc' dir='ltr'>κακίας</span> <span class='ocrx_word' id='word_1_375' title='bbox 325 1650 369 1676; x_wconf 81' lang='grc' dir='ltr'><strong>διὰ</strong></span> <span class='ocrx_word' id='word_1_376' title='bbox 392 1650 441 1681; x_wconf 87' lang='grc' dir='ltr'><strong>τάς</strong></span> <span class='ocrx_word' id='word_1_377' title='bbox 466 1650 657 1685; x_wconf 82' lang='grc' dir='ltr'>ὲπηρτημένας</span> <span class='ocrx_word' id='word_1_378' title='bbox 683 1651 738 1682; x_wconf 81' lang='grc' dir='ltr'>τοῖς</span> <span class='ocrx_word' id='word_1_379' title='bbox 763 1650 872 1677; x_wconf 73' lang='grc' dir='ltr'>ἀσεϐέσι</span> <span class='ocrx_word' id='word_1_380' title='bbox 900 1659 984 1684; x_wconf 83' lang='grc' dir='ltr'>τιμω-</span> 
     </span>
    </p>
   </div>
   <div class='ocr_carea' id='block_1_52' title="bbox 202 1695 985 1731">
    <p class='ocr_par' dir='ltr' id='par_1_52' title="bbox 202 1695 985 1731">
     <span class='ocr_line' id='line_1_52' title="bbox 202 1695 985 1731; baseline -0.001 -9"><span class='ocrx_word' id='word_1_381' title='bbox 202 1695 278 1730; x_wconf 80' lang='grc' dir='ltr'>ρίας;</span> <span class='ocrx_word' id='word_1_382' title='bbox 309 1695 352 1722; x_wconf 79' lang='grc' dir='ltr'><strong>Ἐν</strong></span> <span class='ocrx_word' id='word_1_383' title='bbox 368 1697 423 1727; x_wconf 74' lang='grc' dir='ltr'>τοῖς</span> <span class='ocrx_word' id='word_1_384' title='bbox 439 1696 611 1731; x_wconf 84' lang='grc' dir='ltr'>δογματικοῖς</span> <span class='ocrx_word' id='word_1_385' title='bbox 624 1695 678 1721; x_wconf 85' lang='grc' dir='ltr'>τῶν</span> <span class='ocrx_word' id='word_1_386' title='bbox 692 1695 773 1722; x_wconf 78' lang='grc' dir='ltr'>αὑτοῦ</span> <span class='ocrx_word' id='word_1_387' title='bbox 788 1696 873 1729; x_wconf 88' lang='grc' dir='ltr'>λόγων</span> <span class='ocrx_word' id='word_1_388' title='bbox 888 1704 985 1730; x_wconf 82' lang='grc' dir='ltr'>παρει-</span> 
     </span>
    </p>
   </div>
   <div class='ocr_carea' id='block_1_53' title="bbox 201 1740 985 1777">
    <p class='ocr_par' dir='ltr' id='par_1_53' title="bbox 201 1740 985 1777">
     <span class='ocr_line' id='line_1_53' title="bbox 201 1740 985 1777; baseline 0 -10"><span class='ocrx_word' id='word_1_389' title='bbox 201 1740 327 1777; x_wconf 76' lang='grc' dir='ltr'>λήφαμεν</span> <span class='ocrx_word' id='word_1_390' title='bbox 349 1740 416 1767; x_wconf 78' lang='grc' dir='ltr'>εἷναί</span> <span class='ocrx_word' id='word_1_391' title='bbox 439 1750 514 1773; x_wconf 89' lang='grc' dir='ltr'>τινας</span> <span class='ocrx_word' id='word_1_392' title='bbox 534 1740 602 1776; x_wconf 86' lang='grc' dir='ltr'><strong>μετά</strong></span> <span class='ocrx_word' id='word_1_393' title='bbox 627 1741 672 1767; x_wconf 77' lang='grc' dir='ltr'>τὸν</span> <span class='ocrx_word' id='word_1_394' title='bbox 695 1741 824 1767; x_wconf 80' lang='grc' dir='ltr'>ἀνωτάτω</span> <span class='ocrx_word' id='word_1_395' title='bbox 851 1741 917 1767; x_wconf 78' lang='grc' dir='ltr'><strong>Θεὸν</strong></span> <span class='ocrx_word' id='word_1_396' title='bbox 940 1741 985 1767; x_wconf 87' lang='grc' dir='ltr'>δυ-</span> 
     </span>
    </p>
   </div>
   <div class='ocr_carea' id='block_1_54' title="bbox 201 1786 983 1822">
    <p class='ocr_par' dir='ltr' id='par_1_54' title="bbox 201 1786 983 1822">
     <span class='ocr_line' id='line_1_54' title="bbox 201 1786 983 1822; baseline -0.001 -10"><span class='ocrx_word' id='word_1_397' title='bbox 201 1787 317 1822; x_wconf 83' lang='grc' dir='ltr'>νάμεις,</span> <span class='ocrx_word' id='word_1_398' title='bbox 346 1787 507 1822; x_wconf 75' lang='grc' dir='ltr'>ἀσωμάτους</span> <span class='ocrx_word' id='word_1_399' title='bbox 534 1787 582 1822; x_wconf 82' lang='grc' dir='ltr'><strong>τὴν</strong></span> <span class='ocrx_word' id='word_1_400' title='bbox 611 1787 691 1820; x_wconf 81' lang='grc' dir='ltr'>φύσιν</span> <span class='ocrx_word' id='word_1_401' title='bbox 720 1787 767 1813; x_wconf 78' lang='grc' dir='ltr'>καὶ</span> <span class='ocrx_word' id='word_1_402' title='bbox 796 1786 909 1821; x_wconf 86' lang='grc' dir='ltr'>νοεράς,</span> <span class='ocrx_word' id='word_1_403' title='bbox 939 1786 983 1812; x_wconf 92' lang='grc' dir='ltr'>λο-</span> 
     </span>
    </p>
   </div>
   <div class='ocr_carea' id='block_1_55' title="bbox 201 1830 985 1866">
    <p class='ocr_par' dir='ltr' id='par_1_55' title="bbox 201 1830 985 1866">
     <span class='ocr_line' id='line_1_55' title="bbox 201 1830 985 1866; baseline -0.001 -9"><span class='ocrx_word' id='word_1_404' title='bbox 201 1831 284 1866; x_wconf 76' lang='grc' dir='ltr'>γικάς</span> <span class='ocrx_word' id='word_1_405' title='bbox 307 1840 337 1858; x_wconf 82' lang='grc' dir='ltr'><strong>τε</strong></span> <span class='ocrx_word' id='word_1_406' title='bbox 355 1832 402 1858; x_wconf 73' lang='grc' dir='ltr'>καὶ</span> <span class='ocrx_word' id='word_1_407' title='bbox 423 1831 608 1866; x_wconf 76' lang='grc' dir='ltr'>παναρέτους,</span> <span class='ocrx_word' id='word_1_408' title='bbox 624 1831 669 1857; x_wconf 80' lang='grc' dir='ltr'>τὸν</span> <span class='ocrx_word' id='word_1_409' title='bbox 700 1830 872 1866; x_wconf 72' lang='grc' dir='ltr'>παμϐασιλέα</span> <span class='ocrx_word' id='word_1_410' title='bbox 891 1839 985 1865; x_wconf 87' lang='grc' dir='ltr'>χορευ-</span> 
     </span>
    </p>
   </div>
   <div class='ocr_carea' id='block_1_56' title="bbox 201 1874 984 1911">
    <p class='ocr_par' dir='ltr' id='par_1_56' title="bbox 201 1874 984 1911">
     <span class='ocr_line' id='line_1_56' title="bbox 201 1874 984 1911; baseline -0.004 -7"><span class='ocrx_word' id='word_1_411' title='bbox 201 1877 300 1909; x_wconf 86' lang='grc' dir='ltr'>ούσας,</span> <span class='ocrx_word' id='word_1_412' title='bbox 335 1874 374 1903; x_wconf 84' lang='grc' dir='ltr'><strong>ὦν</strong></span> <span class='ocrx_word' id='word_1_413' title='bbox 399 1877 506 1909; x_wconf 84' lang='grc' dir='ltr'>πλείους</span> <span class='ocrx_word' id='word_1_414' title='bbox 544 1878 590 1903; x_wconf 80' lang='grc' dir='ltr'>καὶ</span> <span class='ocrx_word' id='word_1_415' title='bbox 625 1877 705 1911; x_wconf 85' lang='grc' dir='ltr'>μέχρι</span> <span class='ocrx_word' id='word_1_416' title='bbox 736 1875 886 1911; x_wconf 81' lang='grc' dir='ltr'>ἀνθρώπων</span> <span class='ocrx_word' id='word_1_417' title='bbox 924 1875 984 1902; x_wconf 85' lang='grc' dir='ltr'>νεύ-</span> 
     </span>
    </p>
   </div>
   <div class='ocr_carea' id='block_1_57' title="bbox 203 1921 984 1958">
    <p class='ocr_par' dir='ltr' id='par_1_57' title="bbox 203 1921 984 1958">
     <span class='ocr_line' id='line_1_57' title="bbox 203 1921 984 1958; baseline -0.003 -10"><span class='ocrx_word' id='word_1_418' title='bbox 203 1931 267 1958; x_wconf 81' lang='grc' dir='ltr'>ματι</span> <span class='ocrx_word' id='word_1_419' title='bbox 289 1922 336 1948; x_wconf 86' lang='grc' dir='ltr'><strong>τοῦ</strong></span> <span class='ocrx_word' id='word_1_420' title='bbox 362 1922 468 1958; x_wconf 84' lang='grc' dir='ltr'>Πατρὸς</span> <span class='ocrx_word' id='word_1_421' title='bbox 495 1923 538 1949; x_wconf 83' lang='grc' dir='ltr'><strong>διά</strong></span> <span class='ocrx_word' id='word_1_422' title='bbox 564 1931 639 1954; x_wconf 89' lang='grc' dir='ltr'>τινας</span> <span class='ocrx_word' id='word_1_423' title='bbox 663 1922 812 1957; x_wconf 83' lang='grc' dir='ltr'>σωτηρίους</span> <span class='ocrx_word' id='word_1_424' title='bbox 832 1921 984 1956; x_wconf 81' lang='grc' dir='ltr'>οίκονομίας</span> 
     </span>
    </p>
   </div>
   <div class='ocr_carea' id='block_1_58' title="bbox 200 1967 984 2004">
    <p class='ocr_par' dir='ltr' id='par_1_58' title="bbox 200 1967 984 2004">
     <span class='ocr_line' id='line_1_58' title="bbox 200 1967 984 2004; baseline -0.004 -8"><span class='ocrx_word' id='word_1_425' title='bbox 200 1969 380 1996; x_wconf 75' lang='grc' dir='ltr'>ἀπεστάλθαιο</span> <span class='ocrx_word' id='word_1_426' title='bbox 404 1969 437 2001; x_wconf 77' lang='grc' dir='ltr'>ἃς</span> <span class='ocrx_word' id='word_1_427' title='bbox 461 1969 492 2004; x_wconf 84' lang='grc' dir='ltr'>δὴ</span> <span class='ocrx_word' id='word_1_428' title='bbox 518 1969 660 2004; x_wconf 76' lang='grc' dir='ltr'>γνωρίζειν</span> <span class='ocrx_word' id='word_1_429' title='bbox 684 1968 731 1994; x_wconf 72' lang='grc' dir='ltr'>καὶ</span> <span class='ocrx_word' id='word_1_430' title='bbox 755 1969 836 2002; x_wconf 85' lang='grc' dir='ltr'>τιμᾷν</span> <span class='ocrx_word' id='word_1_431' title='bbox 862 1967 932 1994; x_wconf 84' lang='grc' dir='ltr'><strong>κατά</strong></span> <span class='ocrx_word' id='word_1_432' title='bbox 954 1968 984 1994; x_wconf 83' lang='grc' dir='ltr'>τὸ</span> 
     </span>
    </p>
   </div>
   <div class='ocr_carea' id='block_1_59' title="bbox 201 2013 984 2051">
    <p class='ocr_par' dir='ltr' id='par_1_59' title="bbox 201 2013 984 2051">
     <span class='ocr_line' id='line_1_59' title="bbox 201 2013 984 2051; baseline -0.003 -11"><span class='ocrx_word' id='word_1_433' title='bbox 201 2015 300 2051; x_wconf 77' lang='grc' dir='ltr'>μέτρον</span> <span class='ocrx_word' id='word_1_434' title='bbox 317 2015 366 2050; x_wconf 85' lang='grc' dir='ltr'>τῆς</span> <span class='ocrx_word' id='word_1_435' title='bbox 381 2013 459 2046; x_wconf 78' lang='grc' dir='ltr'>ἀξίας</span> <span class='ocrx_word' id='word_1_436' title='bbox 473 2014 658 2049; x_wconf 76' lang='grc' dir='ltr'>ἐδιδάχθημεν,</span> <span class='ocrx_word' id='word_1_437' title='bbox 678 2014 750 2049; x_wconf 81' lang='grc' dir='ltr'>μόνῳ</span> <span class='ocrx_word' id='word_1_438' title='bbox 764 2013 802 2048; x_wconf 86' lang='grc' dir='ltr'>τῷ</span> <span class='ocrx_word' id='word_1_439' title='bbox 821 2013 984 2048; x_wconf 75' lang='grc' dir='ltr'>παμϐασιλεῐ</span> 
     </span>
    </p>
   </div>
   <div class='ocr_carea' id='block_1_60' title="bbox 199 2059 982 2096">
    <p class='ocr_par' dir='ltr' id='par_1_60' title="bbox 199 2059 982 2096">
     <span class='ocr_line' id='line_1_60' title="bbox 199 2059 982 2096; baseline -0.004 -9"><span class='ocrx_word' id='word_1_440' title='bbox 199 2060 260 2095; x_wconf 82' lang='grc' dir='ltr'><strong>Θεῷ</strong></span> <span class='ocrx_word' id='word_1_441' title='bbox 281 2059 331 2095; x_wconf 81' lang='grc' dir='ltr'>τὴν</span> <span class='ocrx_word' id='word_1_442' title='bbox 359 2060 505 2096; x_wconf 78' lang='grc' dir='ltr'>σεϐάσμιον</span> <span class='ocrx_word' id='word_1_443' title='bbox 527 2060 608 2095; x_wconf 82' lang='grc' dir='ltr'>τιμὴν</span> <span class='ocrx_word' id='word_1_444' title='bbox 630 2059 819 2094; x_wconf 81' lang='grc' dir='ltr'>ἀπονέμοντες,</span> <span class='ocrx_word' id='word_1_445' title='bbox 835 2060 893 2085; x_wconf 85' lang='grc' dir='ltr'>Ἔτι</span> <span class='ocrx_word' id='word_1_446' title='bbox 915 2059 982 2094; x_wconf 80' lang='grc' dir='ltr'>πρὸς</span> 
     </span>
    </p>
   </div>
   <div class='ocr_carea' id='block_1_61' title="bbox 198 2103 981 2140">
    <p class='ocr_par' dir='ltr' id='par_1_61' title="bbox 198 2103 981 2140">
     <span class='ocr_line' id='line_1_61' title="bbox 198 2103 981 2140; baseline -0.003 -9"><span class='ocrx_word' id='word_1_447' title='bbox 198 2105 304 2136; x_wconf 77' lang='grc' dir='ltr'>τούτοις</span> <span class='ocrx_word' id='word_1_448' title='bbox 319 2104 439 2140; x_wconf 80' lang='grc' dir='ltr'>ἔγνωμεν</span> <span class='ocrx_word' id='word_1_449' title='bbox 463 2105 526 2137; x_wconf 73' lang='grc' dir='ltr'>παρ’</span> <span class='ocrx_word' id='word_1_450' title='bbox 542 2104 621 2131; x_wconf 76' lang='grc' dir='ltr'>αὑτοῦ</span> <span class='ocrx_word' id='word_1_451' title='bbox 638 2104 767 2139; x_wconf 74' lang='grc' dir='ltr'>μαθόντες</span> <span class='ocrx_word' id='word_1_452' title='bbox 789 2103 920 2138; x_wconf 84' lang='grc' dir='ltr'>πολεμίας</span> <span class='ocrx_word' id='word_1_453' title='bbox 940 2112 981 2129; x_wconf 88' lang='grc' dir='ltr'>τι-</span> 
     </span>
    </p>
   </div>
   <div class='ocr_carea' id='block_1_62' title="bbox 198 2151 982 2188">
    <p class='ocr_par' dir='ltr' id='par_1_62' title="bbox 198 2151 982 2188">
     <span class='ocr_line' id='line_1_62' title="bbox 198 2151 982 2188; baseline -0.003 -10"><span class='ocrx_word' id='word_1_454' title='bbox 198 2151 249 2183; x_wconf 79' lang='grc' dir='ltr'>νὰς</span> <span class='ocrx_word' id='word_1_455' title='bbox 270 2153 316 2178; x_wconf 78' lang='grc' dir='ltr'>καὶ</span> <span class='ocrx_word' id='word_1_456' title='bbox 340 2152 439 2188; x_wconf 80' lang='grc' dir='ltr'>ἐχθρὰς</span> <span class='ocrx_word' id='word_1_457' title='bbox 460 2152 507 2179; x_wconf 89' lang='grc' dir='ltr'><strong>τοῦ</strong></span> <span class='ocrx_word' id='word_1_458' title='bbox 534 2152 700 2188; x_wconf 79' lang='grc' dir='ltr'>ἀνθρωπείου</span> <span class='ocrx_word' id='word_1_459' title='bbox 724 2152 817 2185; x_wconf 87' lang='grc' dir='ltr'>γένους</span> <span class='ocrx_word' id='word_1_460' title='bbox 841 2151 912 2186; x_wconf 67' lang='grc' dir='ltr'>ἀμφὶ</span> <span class='ocrx_word' id='word_1_461' title='bbox 937 2151 982 2176; x_wconf 83' lang='grc' dir='ltr'>τὸν</span> 
     </span>
    </p>
   </div>
   <div class='ocr_carea' id='block_1_63' title="bbox 198 2196 981 2233">
    <p class='ocr_par' dir='ltr' id='par_1_63' title="bbox 198 2196 981 2233">
     <span class='ocr_line' id='line_1_63' title="bbox 198 2196 981 2233; baseline -0.001 -10"><span class='ocrx_word' id='word_1_462' title='bbox 198 2196 264 2231; x_wconf 77' lang='grc' dir='ltr'>περὶ</span> <span class='ocrx_word' id='word_1_463' title='bbox 289 2197 340 2232; x_wconf 80' lang='grc' dir='ltr'><strong>γῆν</strong></span> <span class='ocrx_word' id='word_1_464' title='bbox 371 2197 440 2233; x_wconf 83' lang='grc' dir='ltr'>ἀέρα</span> <span class='ocrx_word' id='word_1_465' title='bbox 465 2197 615 2228; x_wconf 82' lang='grc' dir='ltr'>πωτᾶσθαι,</span> <span class='ocrx_word' id='word_1_466' title='bbox 638 2197 684 2223; x_wconf 75' lang='grc' dir='ltr'><strong>καὶ</strong></span> <span class='ocrx_word' id='word_1_467' title='bbox 708 2197 756 2223; x_wconf 74' lang='grc' dir='ltr'>σὺν</span> <span class='ocrx_word' id='word_1_468' title='bbox 777 2197 832 2228; x_wconf 84' lang='grc' dir='ltr'>τοῖς</span> <span class='ocrx_word' id='word_1_469' title='bbox 852 2198 981 2232; x_wconf 84' lang='grc' dir='ltr'>πονηροῖς</span> 
     </span>
    </p>
   </div>
   <div class='ocr_carea' id='block_1_64' title="bbox 197 2239 986 2278">
    <p class='ocr_par' dir='ltr' id='par_1_64' title="bbox 197 2242 981 2278">
     <span class='ocr_line' id='line_1_64' title="bbox 197 2242 981 2278; baseline -0.003 -8"><span class='ocrx_word' id='word_1_470' title='bbox 197 2243 346 2278; x_wconf 77' lang='grc' dir='ltr'>διατρίϐειν</span> <span class='ocrx_word' id='word_1_471' title='bbox 362 2243 489 2278; x_wconf 80' lang='grc' dir='ltr'>δυνάμεις</span> <span class='ocrx_word' id='word_1_472' title='bbox 502 2242 642 2277; x_wconf 76' lang='grc' dir='ltr'>δαιμόνων.</span> <span class='ocrx_word' id='word_1_473' title='bbox 658 2243 703 2269; x_wconf 78' lang='grc' dir='ltr'>καὶ</span> <span class='ocrx_word' id='word_1_474' title='bbox 716 2243 878 2277; x_wconf 83' lang='grc' dir='ltr'>πνευμάτων</span> <span class='ocrx_word' id='word_1_475' title='bbox 900 2251 981 2277; x_wconf 85' lang='grc' dir='ltr'>πονη-</span> 
     </span>
    </p>
   </div>
   <div class='ocr_carea' id='block_1_65' title="bbox 1037 2239 1431 2278">
    <p class='ocr_par' dir='ltr' id='par_1_65' title="bbox 1037 2239 1431 2273">
     <span class='ocr_line' id='line_1_65' title="bbox 1037 2239 1431 2273; baseline -0.003 -7"><span class='ocrx_word' id='word_1_476' title='bbox 1037 2239 1110 2273; x_wconf 81' lang='grc' dir='ltr'><strong>ιοῚ</strong></span> <span class='ocrx_word' id='word_1_477' title='bbox 1129 2239 1227 2266; x_wconf 87' lang='lat' dir='ltr'><strong>choros</strong></span> <span class='ocrx_word' id='word_1_478' title='bbox 1253 2243 1396 2266; x_wconf 72' lang='lat' dir='ltr'><strong>exerceant</strong></span> <span class='ocrx_word' id='word_1_479' title='bbox 1424 2248 1431 2266; x_wconf 85' lang='lat'><strong>:</strong></span> 
     </span>
    </p>
   </div>
   <div class='ocr_carea' id='block_1_66' title="bbox 198 2286 980 2324">
    <p class='ocr_par' dir='ltr' id='par_1_66' title="bbox 198 2286 980 2324">
     <span class='ocr_line' id='line_1_66' title="bbox 198 2286 980 2324; baseline -0.004 -10"><span class='ocrx_word' id='word_1_480' title='bbox 198 2287 266 2324; x_wconf 66' lang='grc' dir='ltr'>ριῖιν,</span> <span class='ocrx_word' id='word_1_481' title='bbox 281 2288 328 2314; x_wconf 80' lang='grc' dir='ltr'>καὶ</span> <span class='ocrx_word' id='word_1_482' title='bbox 345 2288 400 2314; x_wconf 84' lang='grc' dir='ltr'><strong>τῶν</strong></span> <span class='ocrx_word' id='word_1_483' title='bbox 415 2289 444 2314; x_wconf 83' lang='grc' dir='ltr'><strong>ἐν</strong></span> <span class='ocrx_word' id='word_1_484' title='bbox 456 2288 560 2318; x_wconf 86' lang='grc' dir='ltr'>τούτοις</span> <span class='ocrx_word' id='word_1_485' title='bbox 575 2288 722 2322; x_wconf 78' lang='grc' dir='ltr'>ἀρχόντων,</span> <span class='ocrx_word' id='word_1_486' title='bbox 738 2287 784 2318; x_wconf 86' lang='grc' dir='ltr'>οὒς</span> <span class='ocrx_word' id='word_1_487' title='bbox 799 2287 878 2312; x_wconf 70' lang='grc' dir='ltr'>παντὶ</span> <span class='ocrx_word' id='word_1_488' title='bbox 893 2286 980 2312; x_wconf 83' lang='grc' dir='ltr'>σθένει</span> 
     </span>
    </p>
   </div>
   <div class='ocr_carea' id='block_1_67' title="bbox 198 2332 980 2368">
    <p class='ocr_par' dir='ltr' id='par_1_67' title="bbox 198 2332 980 2368">
     <span class='ocr_line' id='line_1_67' title="bbox 198 2332 980 2368; baseline -0.004 -8"><span class='ocrx_word' id='word_1_489' title='bbox 198 2333 310 2368; x_wconf 77' lang='grc' dir='ltr'>φεύγειν</span> <span class='ocrx_word' id='word_1_490' title='bbox 336 2333 552 2368; x_wconf 78' lang='grc' dir='ltr'>πεπαιδεύμεθα’</span> <span class='ocrx_word' id='word_1_491' title='bbox 581 2335 605 2359; x_wconf 86' lang='grc' dir='ltr'>εί</span> <span class='ocrx_word' id='word_1_492' title='bbox 621 2333 666 2359; x_wconf 79' lang='grc' dir='ltr'>καὶ</span> <span class='ocrx_word' id='word_1_493' title='bbox 697 2334 738 2359; x_wconf 80' lang='grc' dir='ltr'>ὅτι</span> <span class='ocrx_word' id='word_1_494' title='bbox 769 2332 884 2368; x_wconf 86' lang='grc' dir='ltr'>μάλιστα</span> <span class='ocrx_word' id='word_1_495' title='bbox 913 2332 980 2358; x_wconf 84' lang='grc' dir='ltr'>θεῶν</span> 
     </span>
    </p>
   </div>
   <div class='ocr_carea' id='block_1_68' title="bbox 197 2379 980 2416">
    <p class='ocr_par' dir='ltr' id='par_1_68' title="bbox 197 2379 980 2416">
     <span class='ocr_line' id='line_1_68' title="bbox 197 2379 980 2416; baseline -0.001 -10"><span class='ocrx_word' id='word_1_496' title='bbox 197 2380 382 2416; x_wconf 79' lang='grc' dir='ltr'>προσηγορίας</span> <span class='ocrx_word' id='word_1_497' title='bbox 404 2381 451 2406; x_wconf 68' lang='grc' dir='ltr'>καὶ</span> <span class='ocrx_word' id='word_1_498' title='bbox 475 2380 556 2415; x_wconf 81' lang='grc' dir='ltr'>τιμὰς</span> <span class='ocrx_word' id='word_1_499' title='bbox 576 2381 681 2412; x_wconf 78' lang='grc' dir='ltr'>ἑαυτοῖς</span> <span class='ocrx_word' id='word_1_500' title='bbox 697 2380 894 2415; x_wconf 80' lang='grc' dir='ltr'>ύφαρπάζουσι·</span> <span class='ocrx_word' id='word_1_501' title='bbox 916 2379 980 2405; x_wconf 85' lang='grc' dir='ltr'>ταύ-</span> 
     </span>
    </p>
   </div>
   <div class='ocr_carea' id='block_1_69' title="bbox 196 2425 980 2462">
    <p class='ocr_par' dir='ltr' id='par_1_69' title="bbox 196 2425 980 2462">
     <span class='ocr_line' id='line_1_69' title="bbox 196 2425 980 2462; baseline -0.003 -9"><span class='ocrx_word' id='word_1_502' title='bbox 196 2434 247 2462; x_wconf 79' lang='grc' dir='ltr'><strong>της</strong></span> <span class='ocrx_word' id='word_1_503' title='bbox 268 2426 291 2453; x_wconf 71' lang='grc' dir='ltr'>δ’</span> <span class='ocrx_word' id='word_1_504' title='bbox 306 2425 352 2453; x_wconf 83' lang='grc' dir='ltr'><strong>οὖν</strong></span> <span class='ocrx_word' id='word_1_505' title='bbox 377 2426 418 2453; x_wconf 79' lang='grc' dir='ltr'>ἔτι</span> <span class='ocrx_word' id='word_1_506' title='bbox 436 2426 533 2462; x_wconf 82' lang='grc' dir='ltr'>μᾶλλον</span> <span class='ocrx_word' id='word_1_507' title='bbox 553 2427 602 2460; x_wconf 82' lang='grc' dir='ltr'>τῆς</span> <span class='ocrx_word' id='word_1_508' title='bbox 618 2427 764 2461; x_wconf 82' lang='grc' dir='ltr'>θεομαχίας</span> <span class='ocrx_word' id='word_1_509' title='bbox 789 2426 835 2452; x_wconf 78' lang='grc' dir='ltr'><strong>καὶ</strong></span> <span class='ocrx_word' id='word_1_510' title='bbox 858 2426 906 2461; x_wconf 84' lang='grc' dir='ltr'>τῆς</span> <span class='ocrx_word' id='word_1_511' title='bbox 923 2426 980 2452; x_wconf 85' lang='grc' dir='ltr'>Θεο-</span> 
     </span>
    </p>
   </div>
   <div class='ocr_carea' id='block_1_70' title="bbox 195 2475 978 2514">
    <p class='ocr_par' dir='ltr' id='par_1_70' title="bbox 195 2475 978 2514">
     <span class='ocr_line' id='line_1_70' title="bbox 195 2475 978 2514; baseline 0 -11"><span class='ocrx_word' id='word_1_512' title='bbox 195 2476 307 2513; x_wconf 81' lang='grc' dir='ltr'>εχθρίας</span> <span class='ocrx_word' id='word_1_513' title='bbox 330 2477 422 2505; x_wconf 70' lang='grc' dir='ltr'>ἕνεκεν</span> <span class='ocrx_word' id='word_1_514' title='bbox 442 2478 644 2514; x_wconf 83' lang='grc' dir='ltr'>ἀποτρεπταίας</span> <span class='ocrx_word' id='word_1_515' title='bbox 668 2475 746 2509; x_wconf 74' lang='grc' dir='ltr'>εἶναι,</span> <span class='ocrx_word' id='word_1_516' title='bbox 769 2477 829 2504; x_wconf 83' lang='grc' dir='ltr'>καθ’</span> <span class='ocrx_word' id='word_1_517' title='bbox 846 2477 878 2508; x_wconf 75' lang='grc' dir='ltr'>ἃς</span> <span class='ocrx_word' id='word_1_518' title='bbox 897 2478 926 2503; x_wconf 78' lang='grc' dir='ltr'>ἐν</span> <span class='ocrx_word' id='word_1_519' title='bbox 945 2478 978 2512; x_wconf 85' lang='grc' dir='ltr'>τῇ</span> 
     </span>
    </p>
   </div>
   <div class='ocr_carea' id='block_1_71' title="bbox 194 2527 978 2564">
    <p class='ocr_par' dir='ltr' id='par_1_71' title="bbox 194 2527 978 2564">
     <span class='ocr_line' id='line_1_71' title="bbox 194 2527 978 2564; baseline -0.004 -9"><span class='ocrx_word' id='word_1_520' title='bbox 194 2527 433 2564; x_wconf 75' lang='grc' dir='ltr'>Προπαρασκευῇ</span> <span class='ocrx_word' id='word_1_521' title='bbox 460 2528 630 2564; x_wconf 81' lang='grc' dir='ltr'>πεποιήμεθα</span> <span class='ocrx_word' id='word_1_522' title='bbox 649 2527 693 2554; x_wconf 85' lang='grc' dir='ltr'><strong>διὰ</strong></span> <span class='ocrx_word' id='word_1_523' title='bbox 716 2527 847 2554; x_wconf 83' lang='grc' dir='ltr'>πλείστων</span> <span class='ocrx_word' id='word_1_524' title='bbox 871 2527 978 2553; x_wconf 81' lang='grc' dir='ltr'>ἀποδεί-</span> 
     </span>
    </p>
   </div>
   <div class='ocr_carea' id='block_1_72' title="bbox 194 2576 978 2613">
    <p class='ocr_par' dir='ltr' id='par_1_72' title="bbox 194 2576 978 2613">
     <span class='ocr_line' id='line_1_72' title="bbox 194 2576 978 2613; baseline -0.004 -8"><span class='ocrx_word' id='word_1_525' title='bbox 194 2577 260 2612; x_wconf 81' lang='grc' dir='ltr'>ξεις.</span> <span class='ocrx_word' id='word_1_526' title='bbox 279 2578 398 2605; x_wconf 83' lang='grc' dir='ltr'>Τοιαῦτα</span> <span class='ocrx_word' id='word_1_527' title='bbox 410 2577 477 2605; x_wconf 76' lang='grc' dir='ltr'>ἅττα</span> <span class='ocrx_word' id='word_1_528' title='bbox 495 2578 620 2613; x_wconf 84' lang='grc' dir='ltr'>τυγχάνει</span> <span class='ocrx_word' id='word_1_529' title='bbox 636 2578 682 2604; x_wconf 78' lang='grc' dir='ltr'>καὶ</span> <span class='ocrx_word' id='word_1_530' title='bbox 699 2578 726 2603; x_wconf 79' lang='grc' dir='ltr'>ἐν</span> <span class='ocrx_word' id='word_1_531' title='bbox 740 2578 794 2608; x_wconf 83' lang='grc' dir='ltr'>τοῖς</span> <span class='ocrx_word' id='word_1_532' title='bbox 807 2576 978 2612; x_wconf 84' lang='grc' dir='ltr'>δογματικοῖς</span> 
     </span>
    </p>
   </div>
   <div class='ocr_carea' id='block_1_73' title="bbox 195 2627 977 2666">
    <p class='ocr_par' dir='ltr' id='par_1_73' title="bbox 195 2627 977 2666">
     <span class='ocr_line' id='line_1_73' title="bbox 195 2627 977 2666; baseline -0.004 -10"><span class='ocrx_word' id='word_1_533' title='bbox 195 2629 336 2666; x_wconf 77' lang='grc' dir='ltr'>μαθήμασι</span> <span class='ocrx_word' id='word_1_534' title='bbox 347 2628 394 2656; x_wconf 88' lang='grc' dir='ltr'><strong>τοῦ</strong></span> <span class='ocrx_word' id='word_1_535' title='bbox 405 2629 528 2664; x_wconf 84' lang='grc' dir='ltr'>Σωτῆρος</span> <span class='ocrx_word' id='word_1_536' title='bbox 540 2630 556 2664; x_wconf 85' lang='grc' dir='ltr'><strong>ἡ</strong></span> <span class='ocrx_word' id='word_1_537' title='bbox 561 2628 618 2663; x_wconf 81' lang='grc' dir='ltr'><strong>μῶν</strong></span> <span class='ocrx_word' id='word_1_538' title='bbox 629 2628 827 2664; x_wconf 80' lang='grc' dir='ltr'>ἀναφερόμενα,</span> <span class='ocrx_word' id='word_1_539' title='bbox 843 2627 977 2660; x_wconf 77' lang='grc' dir='ltr'>Ἐϐραίων</span> 
     </span>
    </p>
   </div>
   <div class='ocr_carea' id='block_1_74' title="bbox 192 2678 977 2714">
    <p class='ocr_par' dir='ltr' id='par_1_74' title="bbox 192 2678 977 2714">
     <span class='ocr_line' id='line_1_74' title="bbox 192 2678 977 2714; baseline -0.004 -7"><span class='ocrx_word' id='word_1_540' title='bbox 192 2681 248 2709; x_wconf 83' lang='grc' dir='ltr'>τῶν</span> <span class='ocrx_word' id='word_1_541' title='bbox 259 2681 343 2709; x_wconf 74' lang='grc' dir='ltr'>πάλαι</span> <span class='ocrx_word' id='word_1_542' title='bbox 359 2679 489 2714; x_wconf 69' lang='grc' dir='ltr'>θεοφιλῶν</span> <span class='ocrx_word' id='word_1_543' title='bbox 506 2679 608 2714; x_wconf 87' lang='grc' dir='ltr'>ἀνδρῶν</span> <span class='ocrx_word' id='word_1_544' title='bbox 627 2687 656 2704; x_wconf 89' lang='grc' dir='ltr'><strong>τε</strong></span> <span class='ocrx_word' id='word_1_545' title='bbox 677 2678 723 2705; x_wconf 79' lang='grc' dir='ltr'>καὶ</span> <span class='ocrx_word' id='word_1_546' title='bbox 743 2679 888 2713; x_wconf 75' lang='grc' dir='ltr'>προφητῶν</span> <span class='ocrx_word' id='word_1_547' title='bbox 905 2678 977 2704; x_wconf 80' lang='grc' dir='ltr'>ἄντι-</span> 
     </span>
    </p>
   </div>
   <div class='ocr_carea' id='block_1_75' title="bbox 192 2726 975 2766">
    <p class='ocr_par' dir='ltr' id='par_1_75' title="bbox 192 2726 975 2766">
     <span class='ocr_line' id='line_1_75' title="bbox 192 2726 975 2766; baseline -0.005 -8"><span class='ocrx_word' id='word_1_548' title='bbox 192 2738 261 2766; x_wconf 68' lang='lat' dir='ltr'><strong>xm</strong></span> <span class='ocrx_word' id='word_1_549' title='bbox 285 2729 385 2766; x_wconf 72' lang='grc' dir='ltr'>εὐσεϐῆ</span> <span class='ocrx_word' id='word_1_550' title='bbox 412 2728 590 2763; x_wconf 84' lang='grc' dir='ltr'>παιδεύματα.</span> <span class='ocrx_word' id='word_1_551' title='bbox 610 2728 640 2753; x_wconf 76' lang='lat' dir='ltr'><strong>Et</strong></span> <span class='ocrx_word' id='word_1_552' title='bbox 654 2727 686 2763; x_wconf 85' lang='grc' dir='ltr'>δὴ</span> <span class='ocrx_word' id='word_1_553' title='bbox 708 2726 754 2754; x_wconf 85' lang='grc' dir='ltr'>οὖν</span> <span class='ocrx_word' id='word_1_554' title='bbox 772 2728 856 2754; x_wconf 83' lang='grc' dir='ltr'>ταῦτα</span> <span class='ocrx_word' id='word_1_555' title='bbox 879 2728 975 2764; x_wconf 83' lang='grc' dir='ltr'>σεμνὰ,</span> 
     </span>
    </p>
   </div>
   <div class='ocr_carea' id='block_1_76' title="bbox 191 2777 976 2816">
    <p class='ocr_par' dir='ltr' id='par_1_76' title="bbox 191 2777 976 2816">
     <span class='ocr_line' id='line_1_76' title="bbox 191 2777 976 2816; baseline -0.005 -8"><span class='ocrx_word' id='word_1_556' title='bbox 191 2781 217 2808; x_wconf 83' lang='grc' dir='ltr'>σι</span> <span class='ocrx_word' id='word_1_557' title='bbox 231 2780 369 2816; x_wconf 71' lang='grc' dir='ltr'>ὠφέλιμα,</span> <span class='ocrx_word' id='word_1_558' title='bbox 383 2780 408 2806; x_wconf 87' lang='grc' dir='ltr'><strong>εί</strong></span> <span class='ocrx_word' id='word_1_559' title='bbox 421 2779 561 2814; x_wconf 78' lang='grc' dir='ltr'>φιλόσοφα,</span> <span class='ocrx_word' id='word_1_560' title='bbox 577 2778 601 2803; x_wconf 81' lang='grc' dir='ltr'><strong>εί</strong></span> <span class='ocrx_word' id='word_1_561' title='bbox 621 2777 719 2812; x_wconf 82' lang='grc' dir='ltr'>ἀρετῆς</span> <span class='ocrx_word' id='word_1_562' title='bbox 741 2778 836 2812; x_wconf 80' lang='grc' dir='ltr'>μεστὰ,</span> <span class='ocrx_word' id='word_1_563' title='bbox 852 2778 922 2805; x_wconf 86' lang='grc' dir='ltr'>τίσιν</span> <span class='ocrx_word' id='word_1_564' title='bbox 942 2777 976 2804; x_wconf 82' lang='grc' dir='ltr'>ἂν</span> 
     </span>
    </p>
   </div>
   <div class='ocr_carea' id='block_1_77' title="bbox 190 2828 974 2866">
    <p class='ocr_par' dir='ltr' id='par_1_77' title="bbox 190 2828 974 2866">
     <span class='ocr_line' id='line_1_77' title="bbox 190 2828 974 2866; baseline -0.004 -7"><span class='ocrx_word' id='word_1_565' title='bbox 190 2831 309 2866; x_wconf 68' lang='grc' dir='ltr'>ιὺλόγως</span> <span class='ocrx_word' id='word_1_566' title='bbox 330 2831 346 2857; x_wconf 83' lang='grc' dir='ltr'><strong>ὁ</strong></span> <span class='ocrx_word' id='word_1_567' title='bbox 371 2830 473 2856; x_wconf 86' lang='grc' dir='ltr'>τούτων</span> <span class='ocrx_word' id='word_1_568' title='bbox 497 2828 655 2860; x_wconf 83' lang='grc' dir='ltr'>διδάσκαλος</span> <span class='ocrx_word' id='word_1_569' title='bbox 680 2829 856 2864; x_wconf 82' lang='grc' dir='ltr'>ὲπιγράφοιτο</span> <span class='ocrx_word' id='word_1_570' title='bbox 878 2830 907 2856; x_wconf 81' lang='grc' dir='ltr'>τὸ</span> <span class='ocrx_word' id='word_1_571' title='bbox 928 2829 974 2856; x_wconf 83' lang='grc' dir='ltr'><strong>τοῦ</strong></span> 
     </span>
    </p>
   </div>
   <div class='ocr_carea' id='block_1_78' title="bbox 190 2878 975 2916">
    <p class='ocr_par' dir='ltr' id='par_1_78' title="bbox 190 2878 975 2916">
     <span class='ocr_line' id='line_1_78' title="bbox 190 2878 975 2916; baseline -0.004 -7"><span class='ocrx_word' id='word_1_572' title='bbox 190 2882 290 2910; x_wconf 61' lang='grc' dir='ltr'><strong>¹πλάνου</strong></span> <span class='ocrx_word' id='word_1_573' title='bbox 301 2881 406 2915; x_wconf 76' lang='grc' dir='ltr'>δνομα;</span> <span class='ocrx_word' id='word_1_574' title='bbox 427 2879 506 2907; x_wconf 75' lang='grc' dir='ltr'>Ἀλλὰ</span> <span class='ocrx_word' id='word_1_575' title='bbox 518 2879 602 2906; x_wconf 82' lang='grc' dir='ltr'>ταῦτα</span> <span class='ocrx_word' id='word_1_576' title='bbox 631 2879 680 2914; x_wconf 85' lang='grc' dir='ltr'><strong>μὲν</strong></span> <span class='ocrx_word' id='word_1_577' title='bbox 691 2878 728 2910; x_wconf 86' lang='grc' dir='ltr'>ὠς</span> <span class='ocrx_word' id='word_1_578' title='bbox 745 2880 809 2914; x_wconf 81' lang='grc' dir='ltr'>περὶ</span> <span class='ocrx_word' id='word_1_579' title='bbox 822 2879 909 2906; x_wconf 79' lang='grc' dir='ltr'>κοινοῦ</span> <span class='ocrx_word' id='word_1_580' title='bbox 924 2880 975 2916; x_wconf 82' lang='grc' dir='ltr'>τὴν</span> 
     </span>
    </p>
   </div>
   <div class='ocr_carea' id='block_1_79' title="bbox 1040 961 1822 997">
    <p class='ocr_par' dir='ltr' id='par_1_79' title="bbox 1040 961 1822 997">
     <span class='ocr_line' id='line_1_79' title="bbox 1040 961 1822 997; baseline 0 -9"><span class='ocrx_word' id='word_1_581' title='bbox 1040 968 1071 988; x_wconf 88' lang='lat' dir='ltr'><strong>ea</strong></span> <span class='ocrx_word' id='word_1_582' title='bbox 1097 969 1150 988; x_wconf 91' lang='lat' dir='ltr'><strong>non</strong></span> <span class='ocrx_word' id='word_1_583' title='bbox 1174 961 1349 989; x_wconf 79' lang='lat' dir='ltr'><strong>dissolt&#39;enda</strong></span> <span class='ocrx_word' id='word_1_584' title='bbox 1374 962 1558 994; x_wconf 81' lang='lat' dir='ltr'><strong>aﬂirmaverit,</strong></span> <span class='ocrx_word' id='word_1_585' title='bbox 1585 966 1726 997; x_wconf 76' lang='lat' dir='ltr'><strong>propterea</strong></span> <span class='ocrx_word' id='word_1_586' title='bbox 1749 962 1822 996; x_wconf 91' lang='lat' dir='ltr'><strong>quod</strong></span> 
     </span>
    </p>
   </div>
   <div class='ocr_carea' id='block_1_80' title="bbox 1042 1007 1822 1043">
    <p class='ocr_par' dir='ltr' id='par_1_80' title="bbox 1042 1007 1822 1043">
     <span class='ocr_line' id='line_1_80' title="bbox 1042 1007 1822 1043; baseline 0.004 -11"><span class='ocrx_word' id='word_1_587' title='bbox 1042 1008 1114 1033; x_wconf 91' lang='lat' dir='ltr'><strong>norit</strong></span> <span class='ocrx_word' id='word_1_588' title='bbox 1136 1007 1190 1039; x_wconf 85' lang='lat' dir='ltr'><strong>ille,</strong></span> <span class='ocrx_word' id='word_1_589' title='bbox 1214 1008 1260 1043; x_wconf 90' lang='lat' dir='ltr'><strong>qui</strong></span> <span class='ocrx_word' id='word_1_590' title='bbox 1283 1015 1314 1035; x_wconf 89' lang='lat' dir='ltr'><strong>ea</strong></span> <span class='ocrx_word' id='word_1_591' title='bbox 1330 1009 1502 1043; x_wconf 82' lang='lat' dir='ltr'><strong>composuit?</strong></span> <span class='ocrx_word' id='word_1_592' title='bbox 1524 1008 1601 1041; x_wconf 83' lang='lat' dir='ltr'><strong>Quod</strong></span> <span class='ocrx_word' id='word_1_593' title='bbox 1623 1009 1645 1035; x_wconf 88' lang='lat' dir='ltr'><strong>si</strong></span> <span class='ocrx_word' id='word_1_594' title='bbox 1663 1009 1710 1036; x_wconf 88' lang='lat' dir='ltr'><strong>tali</strong></span> <span class='ocrx_word' id='word_1_595' title='bbox 1726 1013 1822 1036; x_wconf 86' lang='lat' dir='ltr'><strong>natura</strong></span> 
     </span>
    </p>
   </div>
   <div class='ocr_carea' id='block_1_81' title="bbox 1041 1055 1823 1089">
    <p class='ocr_par' dir='ltr' id='par_1_81' title="bbox 1041 1055 1823 1089">
     <span class='ocr_line' id='line_1_81' title="bbox 1041 1055 1823 1089; baseline 0.003 -10"><span class='ocrx_word' id='word_1_596' title='bbox 1041 1057 1166 1080; x_wconf 80' lang='lat' dir='ltr'><strong>constare</strong></span> <span class='ocrx_word' id='word_1_597' title='bbox 1178 1061 1238 1085; x_wconf 83' lang='lat' dir='ltr'><strong>nos,</strong></span> <span class='ocrx_word' id='word_1_598' title='bbox 1252 1055 1487 1089; x_wconf 87' lang='lat' dir='ltr'><strong>immortalemque</strong></span> <span class='ocrx_word' id='word_1_599' title='bbox 1502 1055 1601 1082; x_wconf 87' lang='lat' dir='ltr'><strong>habere</strong></span> <span class='ocrx_word' id='word_1_600' title='bbox 1616 1055 1744 1085; x_wconf 84' lang='lat' dir='ltr'><strong>animam.</strong></span> <span class='ocrx_word' id='word_1_601' title='bbox 1761 1055 1823 1082; x_wconf 83' lang='lat' dir='ltr'><strong>nul-</strong></span> 
     </span>
    </p>
   </div>
   <div class='ocr_carea' id='block_1_82' title="bbox 1041 1099 1820 1134">
    <p class='ocr_par' dir='ltr' id='par_1_82' title="bbox 1041 1099 1820 1134">
     <span class='ocr_line' id='line_1_82' title="bbox 1041 1099 1820 1134; baseline 0.003 -10"><span class='ocrx_word' id='word_1_602' title='bbox 1041 1099 1120 1134; x_wconf 85' lang='lat' dir='ltr'><strong>laque</strong></span> <span class='ocrx_word' id='word_1_603' title='bbox 1136 1099 1161 1125; x_wconf 92' lang='lat' dir='ltr'><strong>in</strong></span> <span class='ocrx_word' id='word_1_604' title='bbox 1180 1105 1257 1134; x_wconf 84' lang='lat' dir='ltr'><strong>parte</strong></span> <span class='ocrx_word' id='word_1_605' title='bbox 1278 1100 1366 1127; x_wconf 84' lang='lat' dir='ltr'><strong>brutis</strong></span> <span class='ocrx_word' id='word_1_606' title='bbox 1387 1100 1551 1127; x_wconf 78' lang='lat' dir='ltr'><strong>animalibus</strong></span> <span class='ocrx_word' id='word_1_607' title='bbox 1574 1100 1699 1132; x_wconf 82' lang='lat' dir='ltr'><strong>similem,</strong></span> <span class='ocrx_word' id='word_1_608' title='bbox 1724 1101 1820 1131; x_wconf 83' lang='lat' dir='ltr'><strong>voluit,</strong></span> 
     </span>
    </p>
   </div>
   <div class='ocr_carea' id='block_1_83' title="bbox 1040 1145 1820 1179">
    <p class='ocr_par' dir='ltr' id='par_1_83' title="bbox 1040 1145 1820 1179">
     <span class='ocr_line' id='line_1_83' title="bbox 1040 1145 1820 1179; baseline 0.001 -8"><span class='ocrx_word' id='word_1_609' title='bbox 1040 1148 1066 1171; x_wconf 89' lang='lat' dir='ltr'><strong>et</strong></span> <span class='ocrx_word' id='word_1_610' title='bbox 1080 1145 1209 1172; x_wconf 85' lang='lat' dir='ltr'><strong>virtutum</strong></span> <span class='ocrx_word' id='word_1_611' title='bbox 1224 1153 1283 1179; x_wconf 74' lang='lat' dir='ltr'><strong>quze</strong></span> <span class='ocrx_word' id='word_1_612' title='bbox 1295 1145 1321 1172; x_wconf 91' lang='lat' dir='ltr'><strong>in</strong></span> <span class='ocrx_word' id='word_1_613' title='bbox 1337 1145 1390 1172; x_wconf 87' lang='lat' dir='ltr'><strong>Deo</strong></span> <span class='ocrx_word' id='word_1_614' title='bbox 1407 1150 1470 1172; x_wconf 92' lang='lat' dir='ltr'><strong>sunt</strong></span> <span class='ocrx_word' id='word_1_615' title='bbox 1485 1145 1632 1172; x_wconf 85' lang='lat' dir='ltr'><strong>simulacra</strong></span> <span class='ocrx_word' id='word_1_616' title='bbox 1648 1146 1674 1172; x_wconf 91' lang='lat' dir='ltr'><strong>in</strong></span> <span class='ocrx_word' id='word_1_617' title='bbox 1691 1153 1720 1172; x_wconf 90' lang='lat' dir='ltr'><strong>se</strong></span> <span class='ocrx_word' id='word_1_618' title='bbox 1732 1148 1820 1172; x_wconf 88' lang='lat' dir='ltr'><strong>conti-</strong></span> 
     </span>
    </p>
   </div>
   <div class='ocr_carea' id='block_1_84' title="bbox 1040 1190 1820 1225">
    <p class='ocr_par' dir='ltr' id='par_1_84' title="bbox 1040 1190 1820 1225">
     <span class='ocr_line' id='line_1_84' title="bbox 1040 1190 1820 1225; baseline 0.004 -10"><span class='ocrx_word' id='word_1_619' title='bbox 1040 1198 1104 1216; x_wconf 85' lang='lat' dir='ltr'><strong>nere</strong></span> <span class='ocrx_word' id='word_1_620' title='bbox 1119 1190 1191 1216; x_wconf 87' lang='lat' dir='ltr'><strong>illam</strong></span> <span class='ocrx_word' id='word_1_621' title='bbox 1206 1191 1332 1217; x_wconf 88' lang='lat' dir='ltr'><strong>arbitrari</strong></span> <span class='ocrx_word' id='word_1_622' title='bbox 1346 1198 1396 1218; x_wconf 89' lang='lat' dir='ltr'><strong>nos</strong></span> <span class='ocrx_word' id='word_1_623' title='bbox 1408 1191 1511 1222; x_wconf 81' lang='lat' dir='ltr'><strong>docuit.</strong></span> <span class='ocrx_word' id='word_1_624' title='bbox 1524 1191 1617 1225; x_wconf 85' lang='lat' dir='ltr'><strong>sicque</strong></span> <span class='ocrx_word' id='word_1_625' title='bbox 1630 1191 1728 1218; x_wconf 87' lang='lat' dir='ltr'><strong>habere</strong></span> <span class='ocrx_word' id='word_1_626' title='bbox 1740 1195 1820 1225; x_wconf 90' lang='lat' dir='ltr'><strong>atque</strong></span> 
     </span>
    </p>
   </div>
   <div class='ocr_carea' id='block_1_85' title="bbox 1040 1235 1819 1271">
    <p class='ocr_par' dir='ltr' id='par_1_85' title="bbox 1040 1235 1819 1271">
     <span class='ocr_line' id='line_1_85' title="bbox 1040 1235 1819 1271; baseline 0.001 -9"><span class='ocrx_word' id='word_1_627' title='bbox 1040 1235 1109 1262; x_wconf 82' lang='lat' dir='ltr'><strong>allici</strong></span> <span class='ocrx_word' id='word_1_628' title='bbox 1122 1241 1148 1262; x_wconf 90' lang='lat' dir='ltr'><strong>et</strong></span> <span class='ocrx_word' id='word_1_629' title='bbox 1164 1244 1258 1271; x_wconf 86' lang='lat' dir='ltr'><strong>sapere</strong></span> <span class='ocrx_word' id='word_1_630' title='bbox 1272 1244 1377 1267; x_wconf 82' lang='lat' dir='ltr'><strong>omnes,</strong></span> <span class='ocrx_word' id='word_1_631' title='bbox 1398 1240 1424 1263; x_wconf 91' lang='lat' dir='ltr'><strong>et</strong></span> <span class='ocrx_word' id='word_1_632' title='bbox 1445 1236 1576 1263; x_wconf 83' lang='lat' dir='ltr'><strong>barbaros</strong></span> <span class='ocrx_word' id='word_1_633' title='bbox 1590 1240 1618 1263; x_wconf 87' lang='lat' dir='ltr'><strong>et</strong></span> <span class='ocrx_word' id='word_1_634' title='bbox 1634 1237 1758 1270; x_wconf 78' lang='lat' dir='ltr'><strong>vulgares</strong></span> <span class='ocrx_word' id='word_1_635' title='bbox 1775 1237 1819 1263; x_wconf 92' lang='lat' dir='ltr'><strong>in-</strong></span> 
     </span>
    </p>
   </div>
   <div class='ocr_carea' id='block_1_86' title="bbox 1040 1282 1820 1317">
    <p class='ocr_par' dir='ltr' id='par_1_86' title="bbox 1040 1282 1820 1317">
     <span class='ocr_line' id='line_1_86' title="bbox 1040 1282 1820 1317; baseline 0.003 -9"><span class='ocrx_word' id='word_1_636' title='bbox 1040 1282 1130 1308; x_wconf 88' lang='lat' dir='ltr'><strong>stituit</strong></span> <span class='ocrx_word' id='word_1_637' title='bbox 1149 1291 1154 1308; x_wconf 88' lang='lat'>:</span> <span class='ocrx_word' id='word_1_638' title='bbox 1172 1289 1262 1308; x_wconf 93' lang='lat' dir='ltr'><strong>nonne</strong></span> <span class='ocrx_word' id='word_1_639' title='bbox 1287 1283 1422 1316; x_wconf 86' lang='lat' dir='ltr'><strong>sapientes</strong></span> <span class='ocrx_word' id='word_1_640' title='bbox 1447 1282 1532 1317; x_wconf 78' lang='lat' dir='ltr'><strong>magis</strong></span> <span class='ocrx_word' id='word_1_641' title='bbox 1554 1282 1581 1309; x_wconf 90' lang='lat' dir='ltr'><strong>in</strong></span> <span class='ocrx_word' id='word_1_642' title='bbox 1598 1285 1654 1308; x_wconf 90' lang='lat' dir='ltr'><strong>toto</strong></span> <span class='ocrx_word' id='word_1_643' title='bbox 1671 1283 1737 1310; x_wconf 88' lang='lat' dir='ltr'><strong>orbe</strong></span> <span class='ocrx_word' id='word_1_644' title='bbox 1755 1289 1820 1310; x_wconf 86' lang='lat' dir='ltr'><strong>suos</strong></span> 
     </span>
    </p>
   </div>
   <div class='ocr_carea' id='block_1_87' title="bbox 1040 1327 1819 1362">
    <p class='ocr_par' dir='ltr' id='par_1_87' title="bbox 1040 1327 1819 1362">
     <span class='ocr_line' id='line_1_87' title="bbox 1040 1327 1819 1362; baseline 0.001 -9"><span class='ocrx_word' id='word_1_645' title='bbox 1040 1331 1190 1354; x_wconf 82' lang='lat' dir='ltr'><strong>sectatores</strong></span> <span class='ocrx_word' id='word_1_646' title='bbox 1204 1327 1334 1358; x_wconf 83' lang='lat' dir='ltr'><strong>reddidit,</strong></span> <span class='ocrx_word' id='word_1_647' title='bbox 1351 1335 1432 1362; x_wconf 86' lang='lat' dir='ltr'><strong>quam</strong></span> <span class='ocrx_word' id='word_1_648' title='bbox 1447 1327 1464 1353; x_wconf 91' lang='lat' dir='ltr'><strong>ii</strong></span> <span class='ocrx_word' id='word_1_649' title='bbox 1482 1327 1528 1362; x_wconf 93' lang='lat' dir='ltr'><strong>qui</strong></span> <span class='ocrx_word' id='word_1_650' title='bbox 1546 1328 1691 1362; x_wconf 81' lang='lat' dir='ltr'><strong>supercilia</strong></span> <span class='ocrx_word' id='word_1_651' title='bbox 1706 1332 1819 1354; x_wconf 89' lang='lat' dir='ltr'><strong>contra-</strong></span> 
     </span>
    </p>
   </div>
   <div class='ocr_carea' id='block_1_88' title="bbox 1039 1373 1820 1408">
    <p class='ocr_par' dir='ltr' id='par_1_88' title="bbox 1039 1373 1820 1408">
     <span class='ocr_line' id='line_1_88' title="bbox 1039 1373 1820 1408; baseline 0.001 -9"><span class='ocrx_word' id='word_1_652' title='bbox 1039 1376 1081 1399; x_wconf 88' lang='lat' dir='ltr'><strong>cta</strong></span> <span class='ocrx_word' id='word_1_653' title='bbox 1097 1376 1247 1405; x_wconf 83' lang='lat' dir='ltr'><strong>ostentant,</strong></span> <span class='ocrx_word' id='word_1_654' title='bbox 1264 1373 1286 1400; x_wconf 88' lang='lat' dir='ltr'><strong>si</strong></span> <span class='ocrx_word' id='word_1_655' title='bbox 1303 1373 1370 1399; x_wconf 93' lang='lat' dir='ltr'><strong>nihil</strong></span> <span class='ocrx_word' id='word_1_656' title='bbox 1390 1373 1468 1408; x_wconf 88' lang='lat' dir='ltr'><strong>plane</strong></span> <span class='ocrx_word' id='word_1_657' title='bbox 1492 1380 1522 1400; x_wconf 90' lang='lat' dir='ltr'><strong>ea</strong></span> <span class='ocrx_word' id='word_1_658' title='bbox 1541 1378 1618 1408; x_wconf 89' lang='lat' dir='ltr'><strong>parte</strong></span> <span class='ocrx_word' id='word_1_659' title='bbox 1633 1381 1687 1408; x_wconf 90' lang='lat' dir='ltr'><strong>qua</strong></span> <span class='ocrx_word' id='word_1_660' title='bbox 1702 1376 1753 1404; x_wconf 84' lang='lat' dir='ltr'><strong>est.</strong></span> <span class='ocrx_word' id='word_1_661' title='bbox 1768 1373 1820 1400; x_wconf 85' lang='lat' dir='ltr'><strong>dif-</strong></span> 
     </span>
    </p>
   </div>
   <div class='ocr_carea' id='block_1_89' title="bbox 1040 1419 1818 1451">
    <p class='ocr_par' dir='ltr' id='par_1_89' title="bbox 1040 1419 1818 1451">
     <span class='ocr_line' id='line_1_89' title="bbox 1040 1419 1818 1451; baseline 0.001 -6"><span class='ocrx_word' id='word_1_662' title='bbox 1040 1419 1110 1446; x_wconf 80' lang='lat' dir='ltr'><strong>ferre</strong></span> <span class='ocrx_word' id='word_1_663' title='bbox 1126 1427 1141 1446; x_wconf 90' lang='lat' dir='ltr'><strong>a</strong></span> <span class='ocrx_word' id='word_1_664' title='bbox 1162 1419 1260 1451; x_wconf 78' lang='lat' dir='ltr'><strong>culice,</strong></span> <span class='ocrx_word' id='word_1_665' title='bbox 1283 1423 1327 1446; x_wconf 90' lang='lat' dir='ltr'><strong>aut</strong></span> <span class='ocrx_word' id='word_1_666' title='bbox 1351 1419 1510 1450; x_wconf 82' lang='lat' dir='ltr'><strong>vermiculo.</strong></span> <span class='ocrx_word' id='word_1_667' title='bbox 1529 1423 1575 1445; x_wconf 88' lang='lat' dir='ltr'><strong>aut</strong></span> <span class='ocrx_word' id='word_1_668' title='bbox 1592 1427 1685 1446; x_wconf 90' lang='lat' dir='ltr'><strong>musca</strong></span> <span class='ocrx_word' id='word_1_669' title='bbox 1700 1420 1818 1446; x_wconf 91' lang='lat' dir='ltr'><strong>animam</strong></span> 
     </span>
    </p>
   </div>
   <div class='ocr_carea' id='block_1_90' title="bbox 1039 1464 1817 1500">
    <p class='ocr_par' dir='ltr' id='par_1_90' title="bbox 1039 1464 1817 1500">
     <span class='ocr_line' id='line_1_90' title="bbox 1039 1464 1817 1500; baseline 0 -9"><span class='ocrx_word' id='word_1_670' title='bbox 1039 1464 1182 1491; x_wconf 82' lang='lat' dir='ltr'><strong>humanam</strong></span> <span class='ocrx_word' id='word_1_671' title='bbox 1201 1465 1358 1492; x_wconf 79' lang='lat' dir='ltr'><strong>amrmant?</strong></span> <span class='ocrx_word' id='word_1_672' title='bbox 1382 1470 1428 1491; x_wconf 88' lang='lat' dir='ltr'><strong>aut</strong></span> <span class='ocrx_word' id='word_1_673' title='bbox 1443 1465 1465 1492; x_wconf 91' lang='lat' dir='ltr'><strong>si</strong></span> <span class='ocrx_word' id='word_1_674' title='bbox 1482 1473 1515 1492; x_wconf 88' lang='lat' dir='ltr'><strong>ne</strong></span> <span class='ocrx_word' id='word_1_675' title='bbox 1530 1473 1544 1491; x_wconf 89' lang='lat' dir='ltr'><strong>a</strong></span> <span class='ocrx_word' id='word_1_676' title='bbox 1558 1466 1693 1499; x_wconf 83' lang='lat' dir='ltr'><strong>serpentis</strong></span> <span class='ocrx_word' id='word_1_677' title='bbox 1708 1465 1817 1500; x_wconf 85' lang='lat' dir='ltr'><strong>quidem</strong></span> 
     </span>
    </p>
   </div>
   <div class='ocr_carea' id='block_1_91' title="bbox 1038 1510 1817 1545">
    <p class='ocr_par' dir='ltr' id='par_1_91' title="bbox 1038 1510 1817 1545">
     <span class='ocr_line' id='line_1_91' title="bbox 1038 1510 1817 1545; baseline 0.001 -9"><span class='ocrx_word' id='word_1_678' title='bbox 1038 1514 1084 1537; x_wconf 91' lang='lat' dir='ltr'><strong>aut</strong></span> <span class='ocrx_word' id='word_1_679' title='bbox 1097 1511 1204 1545; x_wconf 66' lang='lat' dir='ltr'><strong>viperae,</strong></span> <span class='ocrx_word' id='word_1_680' title='bbox 1221 1514 1267 1537; x_wconf 92' lang='lat' dir='ltr'><strong>aut</strong></span> <span class='ocrx_word' id='word_1_681' title='bbox 1281 1511 1347 1543; x_wconf 88' lang='lat' dir='ltr'><strong>ursi,</strong></span> <span class='ocrx_word' id='word_1_682' title='bbox 1369 1515 1415 1537; x_wconf 87' lang='lat' dir='ltr'><strong>aut</strong></span> <span class='ocrx_word' id='word_1_683' title='bbox 1436 1510 1566 1545; x_wconf 83' lang='lat' dir='ltr'><strong>pardalis,</strong></span> <span class='ocrx_word' id='word_1_684' title='bbox 1584 1515 1630 1537; x_wconf 90' lang='lat' dir='ltr'><strong>aut</strong></span> <span class='ocrx_word' id='word_1_685' title='bbox 1646 1511 1703 1538; x_wconf 81' lang='lat' dir='ltr'><strong>suis</strong></span> <span class='ocrx_word' id='word_1_686' title='bbox 1717 1511 1817 1544; x_wconf 81' lang='lat' dir='ltr'><strong>anima,</strong></span> 
     </span>
    </p>
   </div>
   <div class='ocr_carea' id='block_1_92' title="bbox 1039 1555 1818 1591">
    <p class='ocr_par' dir='ltr' id='par_1_92' title="bbox 1039 1555 1818 1591">
     <span class='ocr_line' id='line_1_92' title="bbox 1039 1555 1818 1591; baseline -0.001 -8"><span class='ocrx_word' id='word_1_687' title='bbox 1039 1557 1092 1583; x_wconf 68' lang='lat' dir='ltr'><strong>ulla</strong></span> <span class='ocrx_word' id='word_1_688' title='bbox 1116 1564 1229 1591; x_wconf 80' lang='lat' dir='ltr'><strong>pr0rsus</strong></span> <span class='ocrx_word' id='word_1_689' title='bbox 1247 1557 1272 1583; x_wconf 94' lang='lat' dir='ltr'><strong>in</strong></span> <span class='ocrx_word' id='word_1_690' title='bbox 1298 1561 1384 1591; x_wconf 89' lang='lat' dir='ltr'><strong>parte,</strong></span> <span class='ocrx_word' id='word_1_691' title='bbox 1401 1563 1477 1583; x_wconf 85' lang='lat' dir='ltr'><strong>suam</strong></span> <span class='ocrx_word' id='word_1_692' title='bbox 1493 1556 1613 1590; x_wconf 90' lang='lat' dir='ltr'><strong>ipsorum</strong></span> <span class='ocrx_word' id='word_1_693' title='bbox 1627 1555 1756 1589; x_wconf 91' lang='lat' dir='ltr'><strong>animam,</strong></span> <span class='ocrx_word' id='word_1_694' title='bbox 1771 1555 1818 1590; x_wconf 92' lang='lat' dir='ltr'><strong>qui</strong></span> 
     </span>
    </p>
   </div>
   <div class='ocr_carea' id='block_1_93' title="bbox 1038 1602 1818 1637">
    <p class='ocr_par' dir='ltr' id='par_1_93' title="bbox 1038 1602 1818 1637">
     <span class='ocr_line' id='line_1_93' title="bbox 1038 1602 1818 1637; baseline -0.001 -8"><span class='ocrx_word' id='word_1_695' title='bbox 1038 1602 1231 1636; x_wconf 82' lang='lat' dir='ltr'><strong>sapientissimi</strong></span> <span class='ocrx_word' id='word_1_696' title='bbox 1247 1602 1359 1634; x_wconf 81' lang='lat' dir='ltr'><strong>fuerint,</strong></span> <span class='ocrx_word' id='word_1_697' title='bbox 1374 1607 1509 1637; x_wconf 80' lang='lat' dir='ltr'><strong>quatenus</strong></span> <span class='ocrx_word' id='word_1_698' title='bbox 1528 1606 1653 1629; x_wconf 88' lang='lat' dir='ltr'><strong>naturam</strong></span> <span class='ocrx_word' id='word_1_699' title='bbox 1675 1602 1755 1629; x_wconf 83' lang='lat' dir='ltr'><strong>habet</strong></span> <span class='ocrx_word' id='word_1_700' title='bbox 1777 1607 1818 1628; x_wconf 88' lang='lat' dir='ltr'><strong>at-</strong></span> 
     </span>
    </p>
   </div>
   <div class='ocr_carea' id='block_1_94' title="bbox 1037 1647 1816 1682">
    <p class='ocr_par' dir='ltr' id='par_1_94' title="bbox 1037 1647 1816 1682">
     <span class='ocr_line' id='line_1_94' title="bbox 1037 1647 1816 1682; baseline 0 -8"><span class='ocrx_word' id='word_1_701' title='bbox 1037 1655 1090 1682; x_wconf 90' lang='lat' dir='ltr'><strong>que</strong></span> <span class='ocrx_word' id='word_1_702' title='bbox 1104 1653 1155 1678; x_wconf 81' lang='lat' dir='ltr'><strong>est.</strong></span> <span class='ocrx_word' id='word_1_703' title='bbox 1178 1648 1314 1675; x_wconf 88' lang='lat' dir='ltr'><strong>diversam</strong></span> <span class='ocrx_word' id='word_1_704' title='bbox 1337 1648 1417 1675; x_wconf 85' lang='lat' dir='ltr'><strong>esse?</strong></span> <span class='ocrx_word' id='word_1_705' title='bbox 1433 1649 1465 1675; x_wconf 89' lang='lat' dir='ltr'><strong>ad</strong></span> <span class='ocrx_word' id='word_1_706' title='bbox 1487 1648 1553 1679; x_wconf 81' lang='lat' dir='ltr'><strong>haec,</strong></span> <span class='ocrx_word' id='word_1_707' title='bbox 1572 1655 1634 1674; x_wconf 87' lang='lat' dir='ltr'><strong>cum</strong></span> <span class='ocrx_word' id='word_1_708' title='bbox 1654 1647 1703 1674; x_wconf 83' lang='lat' dir='ltr'><strong>fori</strong></span> <span class='ocrx_word' id='word_1_709' title='bbox 1720 1648 1816 1678; x_wconf 84' lang='lat' dir='ltr'><strong>divini,</strong></span> 
     </span>
    </p>
   </div>
   <div class='ocr_carea' id='block_1_95' title="bbox 1034 1693 1818 1728">
    <p class='ocr_par' dir='ltr' id='par_1_95' title="bbox 1034 1693 1818 1728">
     <span class='ocr_line' id='line_1_95' title="bbox 1034 1693 1818 1728; baseline 0 -8"><span class='ocrx_word' id='word_1_710' title='bbox 1034 1693 1185 1728; x_wconf 87' lang='lat' dir='ltr'><strong>judiciique</strong></span> <span class='ocrx_word' id='word_1_711' title='bbox 1200 1693 1282 1720; x_wconf 82' lang='lat' dir='ltr'><strong>futuri</strong></span> <span class='ocrx_word' id='word_1_712' title='bbox 1301 1693 1438 1720; x_wconf 84' lang='lat' dir='ltr'><strong>assiduam</strong></span> <span class='ocrx_word' id='word_1_713' title='bbox 1454 1694 1616 1720; x_wconf 84' lang='lat' dir='ltr'><strong>mentionem</strong></span> <span class='ocrx_word' id='word_1_714' title='bbox 1633 1693 1738 1724; x_wconf 77' lang='lat' dir='ltr'><strong>fecerit.</strong></span> <span class='ocrx_word' id='word_1_715' title='bbox 1756 1701 1818 1727; x_wconf 77' lang='lat' dir='ltr'><strong>sup-</strong></span> 
     </span>
    </p>
   </div>
   <div class='ocr_carea' id='block_1_96' title="bbox 1037 1738 1815 1774">
    <p class='ocr_par' dir='ltr' id='par_1_96' title="bbox 1037 1738 1815 1774">
     <span class='ocr_line' id='line_1_96' title="bbox 1037 1738 1815 1774; baseline -0.003 -8"><span class='ocrx_word' id='word_1_716' title='bbox 1037 1740 1169 1774; x_wconf 86' lang='lat' dir='ltr'><strong>pliciaque</strong></span> <span class='ocrx_word' id='word_1_717' title='bbox 1183 1747 1213 1765; x_wconf 87' lang='lat' dir='ltr'><strong>ac</strong></span> <span class='ocrx_word' id='word_1_718' title='bbox 1230 1747 1324 1773; x_wconf 69' lang='lat' dir='ltr'><strong>pinnas</strong></span> <span class='ocrx_word' id='word_1_719' title='bbox 1339 1739 1509 1766; x_wconf 78' lang='lat' dir='ltr'><strong>inevitabiles</strong></span> <span class='ocrx_word' id='word_1_720' title='bbox 1527 1739 1617 1773; x_wconf 88' lang='lat' dir='ltr'><strong>impiis</strong></span> <span class='ocrx_word' id='word_1_721' title='bbox 1628 1738 1815 1772; x_wconf 82' lang='lat' dir='ltr'><strong>descripserit.</strong></span> 
     </span>
    </p>
   </div>
   <div class='ocr_carea' id='block_1_97' title="bbox 1033 1783 1814 1819">
    <p class='ocr_par' dir='ltr' id='par_1_97' title="bbox 1033 1783 1814 1819">
     <span class='ocr_line' id='line_1_97' title="bbox 1033 1783 1814 1819; baseline -0.004 -7"><span class='ocrx_word' id='word_1_722' title='bbox 1033 1785 1115 1819; x_wconf 86' lang='lat' dir='ltr'><strong>justis</strong></span> <span class='ocrx_word' id='word_1_723' title='bbox 1130 1793 1193 1812; x_wconf 90' lang='lat' dir='ltr'><strong>vero</strong></span> <span class='ocrx_word' id='word_1_724' title='bbox 1214 1788 1342 1812; x_wconf 68' lang='lat' dir='ltr'><strong>aeternam</strong></span> <span class='ocrx_word' id='word_1_725' title='bbox 1363 1792 1378 1810; x_wconf 89' lang='lat' dir='ltr'><strong>a</strong></span> <span class='ocrx_word' id='word_1_726' title='bbox 1395 1783 1450 1810; x_wconf 89' lang='lat' dir='ltr'><strong>Deo</strong></span> <span class='ocrx_word' id='word_1_727' title='bbox 1470 1784 1551 1810; x_wconf 91' lang='lat' dir='ltr'><strong>vitam</strong></span> <span class='ocrx_word' id='word_1_728' title='bbox 1575 1783 1705 1818; x_wconf 87' lang='lat' dir='ltr'><strong>promitti,</strong></span> <span class='ocrx_word' id='word_1_729' title='bbox 1724 1787 1751 1810; x_wconf 90' lang='lat' dir='ltr'><strong>et</strong></span> <span class='ocrx_word' id='word_1_730' title='bbox 1770 1791 1814 1810; x_wconf 90' lang='lat' dir='ltr'><strong>re-</strong></span> 
     </span>
    </p>
   </div>
   <div class='ocr_carea' id='block_1_98' title="bbox 1035 1827 1814 1865">
    <p class='ocr_par' dir='ltr' id='par_1_98' title="bbox 1035 1827 1814 1865">
     <span class='ocr_line' id='line_1_98' title="bbox 1035 1827 1814 1865; baseline -0.005 -8"><span class='ocrx_word' id='word_1_731' title='bbox 1035 1838 1116 1865; x_wconf 75' lang='lat' dir='ltr'><strong>gnum</strong></span> <span class='ocrx_word' id='word_1_732' title='bbox 1134 1830 1255 1860; x_wconf 68' lang='lat' dir='ltr'><strong>caalestc,</strong></span> <span class='ocrx_word' id='word_1_733' title='bbox 1277 1831 1304 1855; x_wconf 89' lang='lat' dir='ltr'><strong>et</strong></span> <span class='ocrx_word' id='word_1_734' title='bbox 1329 1828 1432 1855; x_wconf 79' lang='lat' dir='ltr'><strong>felicem</strong></span> <span class='ocrx_word' id='word_1_735' title='bbox 1451 1836 1512 1855; x_wconf 92' lang='lat' dir='ltr'><strong>cum</strong></span> <span class='ocrx_word' id='word_1_736' title='bbox 1539 1828 1598 1862; x_wconf 89' lang='lat' dir='ltr'><strong>ipso</strong></span> <span class='ocrx_word' id='word_1_737' title='bbox 1623 1827 1677 1854; x_wconf 85' lang='lat' dir='ltr'><strong>Deo</strong></span> <span class='ocrx_word' id='word_1_738' title='bbox 1702 1827 1814 1860; x_wconf 89' lang='lat' dir='ltr'><strong>victum,</strong></span> 
     </span>
    </p>
   </div>
   <div class='ocr_carea' id='block_1_99' title="bbox 1035 1874 1816 1909">
    <p class='ocr_par' dir='ltr' id='par_1_99' title="bbox 1035 1874 1816 1909">
     <span class='ocr_line' id='line_1_99' title="bbox 1035 1874 1816 1909; baseline -0.004 -7"><span class='ocrx_word' id='word_1_739' title='bbox 1035 1875 1159 1902; x_wconf 88' lang='lat' dir='ltr'><strong>docuerit</strong></span> <span class='ocrx_word' id='word_1_740' title='bbox 1175 1885 1181 1902; x_wconf 91' lang='lat'>:</span> <span class='ocrx_word' id='word_1_741' title='bbox 1198 1882 1276 1909; x_wconf 89' lang='lat' dir='ltr'><strong>quem</strong></span> <span class='ocrx_word' id='word_1_742' title='bbox 1290 1875 1397 1901; x_wconf 86' lang='lat' dir='ltr'><strong>tandem</strong></span> <span class='ocrx_word' id='word_1_743' title='bbox 1409 1874 1534 1908; x_wconf 89' lang='lat' dir='ltr'><strong>decipere</strong></span> <span class='ocrx_word' id='word_1_744' title='bbox 1546 1874 1651 1908; x_wconf 89' lang='lat' dir='ltr'><strong>potuit?</strong></span> <span class='ocrx_word' id='word_1_745' title='bbox 1666 1880 1756 1899; x_wconf 89' lang='lat' dir='ltr'><strong>nonne</strong></span> <span class='ocrx_word' id='word_1_746' title='bbox 1767 1880 1816 1907; x_wconf 85' lang='lat' dir='ltr'><strong>po-</strong></span> 
     </span>
    </p>
   </div>
   <div class='ocr_carea' id='block_1_100' title="bbox 1037 1918 1814 1953">
    <p class='ocr_par' dir='ltr' id='par_1_100' title="bbox 1037 1918 1814 1953">
     <span class='ocr_line' id='line_1_100' title="bbox 1037 1918 1814 1953; baseline -0.003 -7"><span class='ocrx_word' id='word_1_747' title='bbox 1037 1921 1090 1948; x_wconf 90' lang='lat' dir='ltr'><strong>tius</strong></span> <span class='ocrx_word' id='word_1_748' title='bbox 1103 1920 1262 1947; x_wconf 86' lang='lat' dir='ltr'><strong>adhortatus</strong></span> <span class='ocrx_word' id='word_1_749' title='bbox 1274 1925 1315 1947; x_wconf 87' lang='lat' dir='ltr'><strong>est</strong></span> <span class='ocrx_word' id='word_1_750' title='bbox 1326 1927 1420 1946; x_wconf 91' lang='lat' dir='ltr'><strong>eorum</strong></span> <span class='ocrx_word' id='word_1_751' title='bbox 1431 1918 1602 1953; x_wconf 58' lang='lat' dir='ltr'><strong>praemiorum</strong></span> <span class='ocrx_word' id='word_1_752' title='bbox 1614 1925 1708 1949; x_wconf 88' lang='lat' dir='ltr'><strong>causa,</strong></span> <span class='ocrx_word' id='word_1_753' title='bbox 1725 1925 1786 1953; x_wconf 76' lang='lat' dir='ltr'><strong>quae</strong></span> <span class='ocrx_word' id='word_1_754' title='bbox 1799 1925 1814 1944; x_wconf 90' lang='lat' dir='ltr'><strong>a</strong></span> 
     </span>
    </p>
   </div>
   <div class='ocr_carea' id='block_1_101' title="bbox 1032 1963 1813 2000">
    <p class='ocr_par' dir='ltr' id='par_1_101' title="bbox 1032 1963 1813 2000">
     <span class='ocr_line' id='line_1_101' title="bbox 1032 1963 1813 2000; baseline -0.003 -9"><span class='ocrx_word' id='word_1_755' title='bbox 1032 1965 1114 2000; x_wconf 86' lang='lat' dir='ltr'><strong>justis</strong></span> <span class='ocrx_word' id='word_1_756' title='bbox 1129 1968 1323 2000; x_wconf 86' lang='lat' dir='ltr'><strong>exspectantur</strong></span> <span class='ocrx_word' id='word_1_757' title='bbox 1334 1964 1361 1991; x_wconf 93' lang='lat' dir='ltr'><strong>in</strong></span> <span class='ocrx_word' id='word_1_758' title='bbox 1374 1964 1501 1991; x_wconf 83' lang='lat' dir='ltr'><strong>virtutem</strong></span> <span class='ocrx_word' id='word_1_759' title='bbox 1511 1963 1726 1991; x_wconf 84' lang='lat' dir='ltr'><strong>incumbere?ab</strong></span> <span class='ocrx_word' id='word_1_760' title='bbox 1739 1963 1813 1990; x_wconf 85' lang='lat' dir='ltr'><strong>omni</strong></span> 
     </span>
    </p>
   </div>
   <div class='ocr_carea' id='block_1_102' title="bbox 1035 2009 1814 2045">
    <p class='ocr_par' dir='ltr' id='par_1_102' title="bbox 1035 2009 1814 2045">
     <span class='ocr_line' id='line_1_102' title="bbox 1035 2009 1814 2045; baseline 0.001 -8"><span class='ocrx_word' id='word_1_761' title='bbox 1035 2018 1098 2037; x_wconf 91' lang='lat' dir='ltr'><strong>vero</strong></span> <span class='ocrx_word' id='word_1_762' title='bbox 1113 2012 1214 2037; x_wconf 90' lang='lat' dir='ltr'><strong>malitia</strong></span> <span class='ocrx_word' id='word_1_763' title='bbox 1231 2011 1372 2042; x_wconf 82' lang='lat' dir='ltr'><strong>deterruit,</strong></span> <span class='ocrx_word' id='word_1_764' title='bbox 1390 2015 1499 2045; x_wconf 88' lang='lat' dir='ltr'><strong>propter</strong></span> <span class='ocrx_word' id='word_1_765' title='bbox 1522 2009 1708 2045; x_wconf 84' lang='lat' dir='ltr'><strong>impendentes</strong></span> <span class='ocrx_word' id='word_1_766' title='bbox 1723 2010 1814 2045; x_wconf 84' lang='lat' dir='ltr'><strong>impiis</strong></span> 
     </span>
    </p>
   </div>
   <div class='ocr_carea' id='block_1_103' title="bbox 1034 2057 1813 2093">
    <p class='ocr_par' dir='ltr' id='par_1_103' title="bbox 1034 2057 1813 2093">
     <span class='ocr_line' id='line_1_103' title="bbox 1034 2057 1813 2093; baseline -0.001 -9"><span class='ocrx_word' id='word_1_767' title='bbox 1034 2058 1149 2093; x_wconf 63' lang='lat' dir='ltr'><strong>ptenas?</strong></span> <span class='ocrx_word' id='word_1_768' title='bbox 1166 2057 1251 2085; x_wconf 86' lang='lat' dir='ltr'><strong>Porro</strong></span> <span class='ocrx_word' id='word_1_769' title='bbox 1270 2061 1359 2085; x_wconf 85' lang='lat' dir='ltr'><strong>autem</strong></span> <span class='ocrx_word' id='word_1_770' title='bbox 1375 2065 1406 2084; x_wconf 85' lang='lat' dir='ltr'><strong>ex</strong></span> <span class='ocrx_word' id='word_1_771' title='bbox 1427 2057 1500 2084; x_wconf 85' lang='lat' dir='ltr'><strong>illius</strong></span> <span class='ocrx_word' id='word_1_772' title='bbox 1518 2057 1636 2084; x_wconf 89' lang='lat' dir='ltr'><strong>decretis</strong></span> <span class='ocrx_word' id='word_1_773' title='bbox 1658 2057 1813 2091; x_wconf 85' lang='lat' dir='ltr'><strong>accepimus</strong></span> 
     </span>
    </p>
   </div>
   <div class='ocr_carea' id='block_1_104' title="bbox 1032 2103 1812 2139">
    <p class='ocr_par' dir='ltr' id='par_1_104' title="bbox 1032 2103 1812 2139">
     <span class='ocr_line' id='line_1_104' title="bbox 1032 2103 1812 2139; baseline -0.003 -8"><span class='ocrx_word' id='word_1_774' title='bbox 1032 2112 1093 2132; x_wconf 87' lang='lat' dir='ltr'><strong>esse</strong></span> <span class='ocrx_word' id='word_1_775' title='bbox 1111 2104 1241 2138; x_wconf 86' lang='lat' dir='ltr'><strong>quasdam</strong></span> <span class='ocrx_word' id='word_1_776' title='bbox 1258 2108 1318 2139; x_wconf 90' lang='lat' dir='ltr'><strong>post</strong></span> <span class='ocrx_word' id='word_1_777' title='bbox 1331 2111 1486 2138; x_wconf 88' lang='lat' dir='ltr'><strong>supremum</strong></span> <span class='ocrx_word' id='word_1_778' title='bbox 1502 2103 1584 2130; x_wconf 90' lang='lat' dir='ltr'><strong>Deum</strong></span> <span class='ocrx_word' id='word_1_779' title='bbox 1602 2107 1750 2137; x_wconf 88' lang='lat' dir='ltr'><strong>potestates</strong></span> <span class='ocrx_word' id='word_1_780' title='bbox 1763 2110 1812 2129; x_wconf 90' lang='lat' dir='ltr'><strong>na-</strong></span> 
     </span>
    </p>
   </div>
   <div class='ocr_carea' id='block_1_105' title="bbox 1032 2149 1813 2184">
    <p class='ocr_par' dir='ltr' id='par_1_105' title="bbox 1032 2149 1813 2184">
     <span class='ocr_line' id='line_1_105' title="bbox 1032 2149 1813 2184; baseline -0.003 -8"><span class='ocrx_word' id='word_1_781' title='bbox 1032 2153 1093 2176; x_wconf 88' lang='lat' dir='ltr'><strong>tura</strong></span> <span class='ocrx_word' id='word_1_782' title='bbox 1118 2151 1302 2184; x_wconf 83' lang='lat' dir='ltr'><strong>incorporeas,</strong></span> <span class='ocrx_word' id='word_1_783' title='bbox 1334 2149 1524 2183; x_wconf 82' lang='lat' dir='ltr'><strong>intelligentes,</strong></span> <span class='ocrx_word' id='word_1_784' title='bbox 1555 2149 1701 2176; x_wconf 88' lang='lat' dir='ltr'><strong>rationales</strong></span> <span class='ocrx_word' id='word_1_785' title='bbox 1724 2149 1813 2175; x_wconf 93' lang='lat' dir='ltr'><strong>omni-</strong></span> 
     </span>
    </p>
   </div>
   <div class='ocr_carea' id='block_1_106' title="bbox 1032 2194 1812 2230">
    <p class='ocr_par' dir='ltr' id='par_1_106' title="bbox 1032 2194 1812 2230">
     <span class='ocr_line' id='line_1_106' title="bbox 1032 2194 1812 2230; baseline -0.001 -9"><span class='ocrx_word' id='word_1_786' title='bbox 1032 2203 1084 2229; x_wconf 90' lang='lat' dir='ltr'><strong>que</strong></span> <span class='ocrx_word' id='word_1_787' title='bbox 1101 2196 1201 2221; x_wconf 90' lang='lat' dir='ltr'><strong>virtule</strong></span> <span class='ocrx_word' id='word_1_788' title='bbox 1222 2194 1360 2230; x_wconf 67' lang='lat' dir='ltr'><strong>praeditas,</strong></span> <span class='ocrx_word' id='word_1_789' title='bbox 1385 2202 1446 2229; x_wconf 76' lang='lat' dir='ltr'><strong>quae</strong></span> <span class='ocrx_word' id='word_1_790' title='bbox 1467 2196 1569 2221; x_wconf 90' lang='lat' dir='ltr'><strong>circum</strong></span> <span class='ocrx_word' id='word_1_791' title='bbox 1586 2202 1676 2229; x_wconf 77' lang='lat' dir='ltr'><strong>regem</strong></span> <span class='ocrx_word' id='word_1_792' title='bbox 1692 2194 1812 2221; x_wconf 89' lang='lat' dir='ltr'><strong>universi</strong></span> 
     </span>
    </p>
   </div>
   <div class='ocr_carea' id='block_1_107' title="bbox 1458 2239 1812 2274">
    <p class='ocr_par' dir='ltr' id='par_1_107' title="bbox 1458 2239 1812 2274">
     <span class='ocr_line' id='line_1_107' title="bbox 1458 2239 1812 2274; baseline -0.003 -8"><span class='ocrx_word' id='word_1_793' title='bbox 1458 2247 1572 2274; x_wconf 87' lang='lat' dir='ltr'><strong>quarum</strong></span> <span class='ocrx_word' id='word_1_794' title='bbox 1608 2239 1700 2274; x_wconf 85' lang='lat' dir='ltr'><strong>plures</strong></span> <span class='ocrx_word' id='word_1_795' title='bbox 1731 2239 1812 2265; x_wconf 86' lang='lat' dir='ltr'><strong>etiam</strong></span> 
     </span>
    </p>
   </div>
   <div class='ocr_carea' id='block_1_108' title="bbox 1034 2285 1812 2320">
    <p class='ocr_par' dir='ltr' id='par_1_108' title="bbox 1034 2285 1812 2320">
     <span class='ocr_line' id='line_1_108' title="bbox 1034 2285 1812 2320; baseline 0 -9"><span class='ocrx_word' id='word_1_796' title='bbox 1034 2292 1120 2319; x_wconf 89' lang='lat' dir='ltr'><strong>usque</strong></span> <span class='ocrx_word' id='word_1_797' title='bbox 1134 2285 1167 2311; x_wconf 89' lang='lat' dir='ltr'><strong>ad</strong></span> <span class='ocrx_word' id='word_1_798' title='bbox 1187 2285 1312 2313; x_wconf 89' lang='lat' dir='ltr'><strong>homines</strong></span> <span class='ocrx_word' id='word_1_799' title='bbox 1329 2285 1414 2319; x_wconf 90' lang='lat' dir='ltr'><strong>ipsius</strong></span> <span class='ocrx_word' id='word_1_800' title='bbox 1430 2286 1516 2320; x_wconf 87' lang='lat' dir='ltr'><strong>patris</strong></span> <span class='ocrx_word' id='word_1_801' title='bbox 1537 2289 1616 2316; x_wconf 89' lang='lat' dir='ltr'><strong>nutu,</strong></span> <span class='ocrx_word' id='word_1_802' title='bbox 1632 2285 1750 2319; x_wconf 89' lang='lat' dir='ltr'><strong>quadam</strong></span> <span class='ocrx_word' id='word_1_803' title='bbox 1767 2293 1812 2311; x_wconf 85' lang='lat' dir='ltr'><strong>sa-</strong></span> 
     </span>
    </p>
   </div>
   <div class='ocr_carea' id='block_1_109' title="bbox 1034 2331 1812 2366">
    <p class='ocr_par' dir='ltr' id='par_1_109' title="bbox 1034 2331 1812 2366">
     <span class='ocr_line' id='line_1_109' title="bbox 1034 2331 1812 2366; baseline 0 -9"><span class='ocrx_word' id='word_1_804' title='bbox 1034 2331 1114 2357; x_wconf 86' lang='lat' dir='ltr'><strong>lutari</strong></span> <span class='ocrx_word' id='word_1_805' title='bbox 1140 2331 1318 2365; x_wconf 85' lang='lat' dir='ltr'><strong>dispositione</strong></span> <span class='ocrx_word' id='word_1_806' title='bbox 1342 2331 1495 2362; x_wconf 87' lang='lat' dir='ltr'><strong>mittantur,</strong></span> <span class='ocrx_word' id='word_1_807' title='bbox 1516 2339 1638 2366; x_wconf 88' lang='lat' dir='ltr'><strong>quasque</strong></span> <span class='ocrx_word' id='word_1_808' title='bbox 1662 2335 1689 2358; x_wconf 83' lang='lat' dir='ltr'><strong>et</strong></span> <span class='ocrx_word' id='word_1_809' title='bbox 1713 2338 1812 2365; x_wconf 75' lang='lat' dir='ltr'><strong>cogno-</strong></span> 
     </span>
    </p>
   </div>
   <div class='ocr_carea' id='block_1_110' title="bbox 1033 2376 1812 2412">
    <p class='ocr_par' dir='ltr' id='par_1_110' title="bbox 1033 2376 1812 2412">
     <span class='ocr_line' id='line_1_110' title="bbox 1033 2376 1812 2412; baseline -0.003 -7"><span class='ocrx_word' id='word_1_810' title='bbox 1033 2385 1120 2409; x_wconf 82' lang='lat' dir='ltr'><strong>scere.</strong></span> <span class='ocrx_word' id='word_1_811' title='bbox 1136 2383 1163 2404; x_wconf 86' lang='lat' dir='ltr'><strong>et</strong></span> <span class='ocrx_word' id='word_1_812' title='bbox 1180 2378 1302 2405; x_wconf 84' lang='lat' dir='ltr'><strong>venerari</strong></span> <span class='ocrx_word' id='word_1_813' title='bbox 1321 2385 1368 2412; x_wconf 90' lang='lat' dir='ltr'><strong>pro</strong></span> <span class='ocrx_word' id='word_1_814' title='bbox 1384 2377 1498 2409; x_wconf 85' lang='lat' dir='ltr'><strong>ratione,</strong></span> <span class='ocrx_word' id='word_1_815' title='bbox 1515 2376 1654 2412; x_wconf 74' lang='lat' dir='ltr'><strong>graduque</strong></span> <span class='ocrx_word' id='word_1_816' title='bbox 1671 2377 1812 2411; x_wconf 79' lang='lat' dir='ltr'><strong>dignitatis</strong></span> 
     </span>
    </p>
   </div>
   <div class='ocr_carea' id='block_1_111' title="bbox 1032 2422 1809 2458">
    <p class='ocr_par' dir='ltr' id='par_1_111' title="bbox 1032 2422 1809 2458">
     <span class='ocr_line' id='line_1_111' title="bbox 1032 2422 1809 2458; baseline -0.003 -8"><span class='ocrx_word' id='word_1_817' title='bbox 1032 2424 1119 2450; x_wconf 84' lang='lat' dir='ltr'><strong>edocti</strong></span> <span class='ocrx_word' id='word_1_818' title='bbox 1143 2431 1248 2455; x_wconf 82' lang='lat' dir='ltr'><strong>sumus,</strong></span> <span class='ocrx_word' id='word_1_819' title='bbox 1270 2427 1299 2450; x_wconf 94' lang='lat' dir='ltr'><strong>ut</strong></span> <span class='ocrx_word' id='word_1_820' title='bbox 1319 2423 1369 2450; x_wconf 89' lang='lat' dir='ltr'><strong>soli</strong></span> <span class='ocrx_word' id='word_1_821' title='bbox 1388 2422 1451 2454; x_wconf 86' lang='lat' dir='ltr'><strong>Deo,</strong></span> <span class='ocrx_word' id='word_1_822' title='bbox 1469 2423 1514 2458; x_wconf 93' lang='lat' dir='ltr'><strong>qui</strong></span> <span class='ocrx_word' id='word_1_823' title='bbox 1538 2431 1585 2450; x_wconf 82' lang='lat' dir='ltr'><strong>rex</strong></span> <span class='ocrx_word' id='word_1_824' title='bbox 1611 2427 1653 2450; x_wconf 90' lang='lat' dir='ltr'><strong>est</strong></span> <span class='ocrx_word' id='word_1_825' title='bbox 1678 2422 1809 2453; x_wconf 86' lang='lat' dir='ltr'><strong>universi,</strong></span> 
     </span>
    </p>
   </div>
   <div class='ocr_carea' id='block_1_112' title="bbox 1032 2468 1810 2502">
    <p class='ocr_par' dir='ltr' id='par_1_112' title="bbox 1032 2468 1810 2502">
     <span class='ocr_line' id='line_1_112' title="bbox 1032 2468 1810 2502; baseline -0.003 -6"><span class='ocrx_word' id='word_1_826' title='bbox 1032 2470 1200 2497; x_wconf 86' lang='lat' dir='ltr'><strong>adorationis</strong></span> <span class='ocrx_word' id='word_1_827' title='bbox 1224 2470 1353 2496; x_wconf 89' lang='lat' dir='ltr'><strong>honorem</strong></span> <span class='ocrx_word' id='word_1_828' title='bbox 1377 2470 1539 2496; x_wconf 87' lang='lat' dir='ltr'><strong>tribuamus.</strong></span> <span class='ocrx_word' id='word_1_829' title='bbox 1557 2468 1598 2495; x_wconf 82' lang='lat' dir='ltr'><strong>Ab</strong></span> <span class='ocrx_word' id='word_1_830' title='bbox 1623 2468 1717 2495; x_wconf 89' lang='lat' dir='ltr'><strong>eodem</strong></span> <span class='ocrx_word' id='word_1_831' title='bbox 1742 2475 1810 2502; x_wconf 79' lang='lat' dir='ltr'><strong>prae-</strong></span> 
     </span>
    </p>
   </div>
   <div class='ocr_carea' id='block_1_113' title="bbox 1032 2513 1809 2550">
    <p class='ocr_par' dir='ltr' id='par_1_113' title="bbox 1032 2513 1809 2550">
     <span class='ocr_line' id='line_1_113' title="bbox 1032 2513 1809 2550; baseline -0.004 -8"><span class='ocrx_word' id='word_1_832' title='bbox 1032 2519 1103 2543; x_wconf 86' lang='lat' dir='ltr'><strong>terea</strong></span> <span class='ocrx_word' id='word_1_833' title='bbox 1118 2515 1273 2546; x_wconf 77' lang='lat' dir='ltr'><strong>didicimus.</strong></span> <span class='ocrx_word' id='word_1_834' title='bbox 1289 2515 1400 2542; x_wconf 88' lang='lat' dir='ltr'><strong>hostiles</strong></span> <span class='ocrx_word' id='word_1_835' title='bbox 1415 2514 1545 2550; x_wconf 89' lang='lat' dir='ltr'><strong>quasdam</strong></span> <span class='ocrx_word' id='word_1_836' title='bbox 1565 2513 1743 2548; x_wconf 76' lang='lat' dir='ltr'><strong>inimicusque</strong></span> <span class='ocrx_word' id='word_1_837' title='bbox 1757 2513 1809 2540; x_wconf 90' lang='lat' dir='ltr'><strong>hu-</strong></span> 
     </span>
    </p>
   </div>
   <div class='ocr_carea' id='block_1_114' title="bbox 1031 2560 1809 2595">
    <p class='ocr_par' dir='ltr' id='par_1_114' title="bbox 1031 2560 1809 2595">
     <span class='ocr_line' id='line_1_114' title="bbox 1031 2560 1809 2595; baseline -0.004 -7"><span class='ocrx_word' id='word_1_838' title='bbox 1031 2561 1103 2588; x_wconf 90' lang='lat' dir='ltr'><strong>mani</strong></span> <span class='ocrx_word' id='word_1_839' title='bbox 1120 2561 1237 2595; x_wconf 78' lang='lat' dir='ltr'><strong>generis,</strong></span> <span class='ocrx_word' id='word_1_840' title='bbox 1256 2568 1303 2595; x_wconf 88' lang='lat' dir='ltr'><strong>per</strong></span> <span class='ocrx_word' id='word_1_841' title='bbox 1316 2560 1398 2590; x_wconf 88' lang='lat' dir='ltr'><strong>hunc.</strong></span> <span class='ocrx_word' id='word_1_842' title='bbox 1418 2560 1464 2595; x_wconf 95' lang='lat' dir='ltr'><strong>qui</strong></span> <span class='ocrx_word' id='word_1_843' title='bbox 1481 2560 1583 2587; x_wconf 85' lang='lat' dir='ltr'><strong>circum</strong></span> <span class='ocrx_word' id='word_1_844' title='bbox 1604 2563 1703 2586; x_wconf 87' lang='lat' dir='ltr'><strong>terram</strong></span> <span class='ocrx_word' id='word_1_845' title='bbox 1717 2566 1809 2586; x_wconf 79' lang='lat' dir='ltr'><strong>versa-</strong></span> 
     </span>
    </p>
   </div>
   <div class='ocr_carea' id='block_1_115' title="bbox 1031 2605 1807 2641">
    <p class='ocr_par' dir='ltr' id='par_1_115' title="bbox 1031 2605 1807 2641">
     <span class='ocr_line' id='line_1_115' title="bbox 1031 2605 1807 2641; baseline -0.001 -8"><span class='ocrx_word' id='word_1_846' title='bbox 1031 2610 1085 2639; x_wconf 86' lang='lat' dir='ltr'><strong>tur,</strong></span> <span class='ocrx_word' id='word_1_847' title='bbox 1101 2614 1200 2638; x_wconf 77' lang='lat' dir='ltr'><strong>aercm,</strong></span> <span class='ocrx_word' id='word_1_848' title='bbox 1217 2607 1308 2633; x_wconf 84' lang='lat' dir='ltr'><strong>volare</strong></span> <span class='ocrx_word' id='word_1_849' title='bbox 1320 2610 1468 2641; x_wconf 85' lang='lat' dir='ltr'><strong>potestates</strong></span> <span class='ocrx_word' id='word_1_850' title='bbox 1479 2606 1630 2633; x_wconf 73' lang='lat' dir='ltr'><strong>daemonum</strong></span> <span class='ocrx_word' id='word_1_851' title='bbox 1646 2605 1807 2640; x_wconf 82' lang='lat' dir='ltr'><strong>spirituum-</strong></span> 
     </span>
    </p>
   </div>
   <div class='ocr_carea' id='block_1_116' title="bbox 1029 2651 1807 2686">
    <p class='ocr_par' dir='ltr' id='par_1_116' title="bbox 1029 2651 1807 2686">
     <span class='ocr_line' id='line_1_116' title="bbox 1029 2651 1807 2686; baseline -0.001 -8"><span class='ocrx_word' id='word_1_852' title='bbox 1029 2659 1082 2686; x_wconf 90' lang='lat' dir='ltr'><strong>que</strong></span> <span class='ocrx_word' id='word_1_853' title='bbox 1097 2652 1240 2683; x_wconf 89' lang='lat' dir='ltr'><strong>malorum,</strong></span> <span class='ocrx_word' id='word_1_854' title='bbox 1262 2659 1421 2686; x_wconf 86' lang='lat' dir='ltr'><strong>eorumque,</strong></span> <span class='ocrx_word' id='word_1_855' title='bbox 1438 2652 1484 2686; x_wconf 93' lang='lat' dir='ltr'><strong>qui</strong></span> <span class='ocrx_word' id='word_1_856' title='bbox 1500 2652 1528 2678; x_wconf 94' lang='lat' dir='ltr'><strong>in</strong></span> <span class='ocrx_word' id='word_1_857' title='bbox 1552 2651 1605 2678; x_wconf 89' lang='lat' dir='ltr'><strong>illis</strong></span> <span class='ocrx_word' id='word_1_858' title='bbox 1626 2651 1807 2686; x_wconf 90' lang='lat' dir='ltr'><strong>principatum</strong></span> 
     </span>
    </p>
   </div>
   <div class='ocr_carea' id='block_1_117' title="bbox 1029 2698 1808 2733">
    <p class='ocr_par' dir='ltr' id='par_1_117' title="bbox 1029 2698 1808 2733">
     <span class='ocr_line' id='line_1_117' title="bbox 1029 2698 1808 2733; baseline -0.001 -9"><span class='ocrx_word' id='word_1_859' title='bbox 1029 2703 1131 2729; x_wconf 86' lang='lat' dir='ltr'><strong>tenent,</strong></span> <span class='ocrx_word' id='word_1_860' title='bbox 1146 2705 1205 2733; x_wconf 73' lang='lat' dir='ltr'><strong>qua:</strong></span> <span class='ocrx_word' id='word_1_861' title='bbox 1219 2705 1280 2724; x_wconf 92' lang='lat' dir='ltr'><strong>cum</strong></span> <span class='ocrx_word' id='word_1_862' title='bbox 1299 2698 1377 2725; x_wconf 87' lang='lat' dir='ltr'><strong>malis</strong></span> <span class='ocrx_word' id='word_1_863' title='bbox 1396 2698 1550 2724; x_wconf 90' lang='lat' dir='ltr'><strong>hominibus</strong></span> <span class='ocrx_word' id='word_1_864' title='bbox 1568 2701 1720 2730; x_wconf 87' lang='lat' dir='ltr'><strong>versentur,</strong></span> <span class='ocrx_word' id='word_1_865' title='bbox 1739 2704 1808 2732; x_wconf 84' lang='lat' dir='ltr'><strong>quas</strong></span> 
     </span>
    </p>
   </div>
   <div class='ocr_carea' id='block_1_118' title="bbox 1028 2743 1806 2779">
    <p class='ocr_par' dir='ltr' id='par_1_118' title="bbox 1028 2743 1806 2779">
     <span class='ocr_line' id='line_1_118' title="bbox 1028 2743 1806 2779; baseline 0 -9"><span class='ocrx_word' id='word_1_866' title='bbox 1028 2747 1058 2770; x_wconf 93' lang='lat' dir='ltr'><strong>ut</strong></span> <span class='ocrx_word' id='word_1_867' title='bbox 1076 2745 1148 2771; x_wconf 91' lang='lat' dir='ltr'><strong>omni</strong></span> <span class='ocrx_word' id='word_1_868' title='bbox 1166 2749 1263 2772; x_wconf 90' lang='lat' dir='ltr'><strong>conatu</strong></span> <span class='ocrx_word' id='word_1_869' title='bbox 1280 2744 1426 2779; x_wconf 78' lang='lat' dir='ltr'><strong>fugiamus,</strong></span> <span class='ocrx_word' id='word_1_870' title='bbox 1448 2744 1474 2770; x_wconf 90' lang='lat' dir='ltr'><strong>in</strong></span> <span class='ocrx_word' id='word_1_871' title='bbox 1493 2744 1636 2779; x_wconf 61' lang='lat' dir='ltr'><strong>praeceptis</strong></span> <span class='ocrx_word' id='word_1_872' title='bbox 1656 2743 1806 2770; x_wconf 80' lang='lat' dir='ltr'><strong>habemus:</strong></span> 
     </span>
    </p>
   </div>
   <div class='ocr_carea' id='block_1_119' title="bbox 1028 2789 1808 2824">
    <p class='ocr_par' dir='ltr' id='par_1_119' title="bbox 1028 2789 1808 2824">
     <span class='ocr_line' id='line_1_119' title="bbox 1028 2789 1808 2824; baseline 0 -9"><span class='ocrx_word' id='word_1_873' title='bbox 1028 2789 1136 2816; x_wconf 87' lang='lat' dir='ltr'><strong>tametsi</strong></span> <span class='ocrx_word' id='word_1_874' title='bbox 1149 2790 1190 2817; x_wconf 86' lang='lat' dir='ltr'><strong>vel</strong></span> <span class='ocrx_word' id='word_1_875' title='bbox 1212 2797 1292 2824; x_wconf 87' lang='lat' dir='ltr'><strong>quam</strong></span> <span class='ocrx_word' id='word_1_876' title='bbox 1310 2790 1426 2817; x_wconf 84' lang='lat' dir='ltr'><strong>maxime</strong></span> <span class='ocrx_word' id='word_1_877' title='bbox 1440 2789 1552 2816; x_wconf 89' lang='lat' dir='ltr'><strong>deorum</strong></span> <span class='ocrx_word' id='word_1_878' title='bbox 1569 2789 1763 2824; x_wconf 74' lang='lat' dir='ltr'><strong>appellationes</strong></span> <span class='ocrx_word' id='word_1_879' title='bbox 1781 2793 1808 2815; x_wconf 82' lang='lat' dir='ltr'><strong>et</strong></span> 
     </span>
    </p>
   </div>
   <div class='ocr_carea' id='block_1_120' title="bbox 1027 2834 1807 2871">
    <p class='ocr_par' dir='ltr' id='par_1_120' title="bbox 1027 2834 1807 2871">
     <span class='ocr_line' id='line_1_120' title="bbox 1027 2834 1807 2871; baseline 0 -10"><span class='ocrx_word' id='word_1_880' title='bbox 1027 2835 1117 2862; x_wconf 86' lang='lat' dir='ltr'><strong>cultus</strong></span> <span class='ocrx_word' id='word_1_881' title='bbox 1132 2835 1183 2862; x_wconf 87' lang='lat' dir='ltr'><strong>sibi</strong></span> <span class='ocrx_word' id='word_1_882' title='bbox 1194 2835 1261 2870; x_wconf 90' lang='lat' dir='ltr'><strong>ipsis</strong></span> <span class='ocrx_word' id='word_1_883' title='bbox 1273 2840 1410 2871; x_wconf 76' lang='lat' dir='ltr'><strong>arrogant,</strong></span> <span class='ocrx_word' id='word_1_884' title='bbox 1426 2836 1564 2870; x_wconf 90' lang='lat' dir='ltr'><strong>multoque</strong></span> <span class='ocrx_word' id='word_1_885' title='bbox 1578 2835 1658 2863; x_wconf 84' lang='lat' dir='ltr'><strong>etiam</strong></span> <span class='ocrx_word' id='word_1_886' title='bbox 1674 2835 1759 2870; x_wconf 78' lang='lat' dir='ltr'><strong>magis</strong></span> <span class='ocrx_word' id='word_1_887' title='bbox 1772 2834 1807 2862; x_wconf 88' lang='lat' dir='ltr'><strong>ab</strong></span> 
     </span>
    </p>
   </div>
   <div class='ocr_carea' id='block_1_121' title="bbox 1027 2879 1804 2915">
    <p class='ocr_par' dir='ltr' id='par_1_121' title="bbox 1027 2879 1804 2915">
     <span class='ocr_line' id='line_1_121' title="bbox 1027 2879 1804 2915; baseline 0.001 -9"><span class='ocrx_word' id='word_1_888' title='bbox 1027 2879 1081 2908; x_wconf 86' lang='lat' dir='ltr'><strong>illis</strong></span> <span class='ocrx_word' id='word_1_889' title='bbox 1109 2887 1170 2908; x_wconf 88' lang='lat' dir='ltr'><strong>esse</strong></span> <span class='ocrx_word' id='word_1_890' title='bbox 1188 2880 1390 2914; x_wconf 86' lang='lat' dir='ltr'><strong>declinandum,</strong></span> <span class='ocrx_word' id='word_1_891' title='bbox 1411 2884 1522 2915; x_wconf 89' lang='lat' dir='ltr'><strong>propter</strong></span> <span class='ocrx_word' id='word_1_892' title='bbox 1541 2880 1612 2908; x_wconf 84' lang='lat' dir='ltr'><strong>hanc</strong></span> <span class='ocrx_word' id='word_1_893' title='bbox 1635 2881 1721 2914; x_wconf 85' lang='lat' dir='ltr'><strong>ipsam</strong></span> <span class='ocrx_word' id='word_1_894' title='bbox 1743 2888 1804 2907; x_wconf 91' lang='lat' dir='ltr'><strong>cum</strong></span> 
     </span>
    </p>
   </div>
  </div>
