2071 3219
247 175 298 204 135

565 173 699 202 EUSEBII
716 173 958 201 CAESARIENSIS
974 173 1049 202 OPP.
1069 172 1161 201 PARS
1178 173 1211 200 ll.
1232 187 1267 194 -—
1286 171 1536 200 APOLOGETICA.

1817 170 1868 198 196

247 234 302 259 Deo
317 231 534 266 repugnantiam,
550 231 655 265 hasque
679 230 810 258 adversus
834 230 918 257 Deum
942 231 1030 258 inimi-

1084 231 1161 266 φύσιν
1185 229 1328 266 ἀνθρώπου
1350 230 1417 260 τέως
1434 227 1582 264 ἐξητάσθω,
1602 235 1795 265 παραστατικα
1818 229 1866 265 τῆς

246 277 325 304 citias
341 276 586 312 :quemadmodum
606 276 688 303 latius
711 276 737 302 in
760 275 961 309 Prwparatione
982 276 1030 303 de-

247 323 469 350 monstravimus.
500 322 572 349 Sane
596 321 787 356 hujuscemodi
810 325 885 354 sunt,
912 330 972 357 qua:
1003 323 1029 350 in

1083 278 1184 312 σεμνῆς
1197 277 1244 303 καὶ
1253 275 1398 311 βιωφελοῦς
1411 274 1581 307 διδασκαλίας
1594 274 1677 302 αὐτοῦ
1691 275 1858 310 τυγχάνοντα

1083 324 1160 359 Φέρε,
1177 323 1209 358 δὴ
1225 322 1272 349 καὶ
1288 322 1322 349 τὰ
1335 322 1457 357 θειότερα
1474 320 1647 357 σκεψώμεθα.

247 369 386 404 ρι’ωρεριίε
417 374 497 403 atque
529 370 663 396 institutis
686 367 836 396 Salvatoris
868 369 955 397 nostri
982 369 1116 403 feruntur,
1141 378 1205 397 vere
1230 370 1382 405 priscorum
1415 369 1597 400 Hebraeorum,
1625 369 1671 404 qui
1701 368 1757 396 Deo
1793 367 1867 404 grati

247 414 332 445 fuere.
355 419 411 441 tum
427 415 558 446 virorum,
589 418 644 441 tum
666 415 869 450 prophetarum,
892 416 935 451 pia
964 422 1112 451 sanctaque
1138 416 1310 443 documenta.
1327 415 1403 448 Quod
1437 416 1459 442 si
1491 415 1548 442 haec
1570 417 1728 450 gravitatem
1754 415 1867 446 habent,

247 463 268 488 si
296 462 452 492 utilitatem,
483 461 505 488 si
532 461 651 488 studium
677 462 827 496 sapientiae,
857 461 879 488 si
907 461 1024 496 denique
1042 462 1117 488 omni
1147 462 1246 489 virtute
1275 461 1375 489 referta
1391 464 1476 488 sunt:
1496 468 1550 495 quo
1563 461 1670 488 tandem
1688 461 1758 495 jure,
1777 468 1865 496 quave

247 506 353 534 rati0ne
375 507 411 539 ei,
438 507 484 541 qui
503 506 567 533 talia
591 506 725 537 docuerit,
751 507 905 533 ascribatur
928 514 1027 534 nomen
1048 507 1216 535 seductoris?
1233 511 1260 534 et
1276 507 1332 534 haec
1355 506 1464 541 quidem
1484 510 1612 541 tanquam
1631 507 1664 533 de
1689 514 1721 533 eo
1742 506 1864 539 homine,

248 553 294 588 qui
327 562 341 580 a
362 553 467 580 caeteris
491 556 588 579 natura
613 561 667 580 non
684 553 801 585 diﬂ‘erat,
819 554 956 589 disputata
981 555 1047 587 sint,
1069 562 1129 589 quae
1149 554 1274 581 videlicet
1289 558 1316 581 et
1342 562 1462 589 gravem,
1487 557 1513 580 et
1538 554 1589 588 ipsi
1605 553 1666 580 vita:
1680 554 1773 581 utilem
1794 555 1865 582 illius

250 599 402 627 doctrinam
423 598 568 625 exhibeant
584 607 591 625 :
608 606 681 626 nunc
702 607 734 626 ea
754 607 814 635 quae
836 601 923 635 magis
941 601 1032 628 divina
1050 602 1114 634 sint,
1129 599 1345 627 consideremus.

389 667 432 694 IV.
455 667 493 694 De
505 668 675 695 divinioribus
690 667 789 695 Chriin
802 670 891 704 gestis.

283 725 323 752 Ac
341 725 457 760 primum
470 726 589 752 omnium
603 726 827 760 contemplemur,
843 734 897 760 quo
911 730 1032 761 tempore

248 775 373 799 versatus
384 775 425 797 est
445 779 507 798 cum
529 771 694 803 hominibus,
711 775 788 806 quot,
805 773 950 806 qualiaque
964 773 1030 803 sint,

1099 670 1135 696 Δ’.
1153 669 1221 702 Περὶ
1236 668 1296 694 τῶν
1312 667 1468 701 θειοτέρων,
1489 667 1583 702 ἔργων
1598 667 1691 694 αὐτοῦ
1710 667 1849 701 Χριστοῦ.

1117 726 1171 753 Καὶ
1183 725 1214 761 δὴ
1231 725 1402 760 σκεψώμεθα,
1421 726 1490 752 ὅσων
1509 726 1555 752 καὶ
1569 726 1631 752 οἴων
1647 726 1694 752 σὺν
1715 725 1866 761 ἀνθρώποις

1081 772 1130 803 τὰς
1144 772 1282 807 διατριϐὰς
1296 772 1490 806 πεποιημένος,
1506 771 1662 808 παραδόξων
1681 772 1776 806 γέγονε
1791 780 1864 806 ποιη-

249 824 310 851 quae
324 816 485 842 mirabiliter
507 816 631 850 gesserit,
656 823 728 842 nunc
745 816 854 850 quidem
875 816 976 850 lepram
999 816 1031 843 de

1084 814 1129 850 τὴς
1146 815 1244 850 ἔργων⁹
1259 815 1318 842 τοτὲ
1340 816 1389 851 μὲν
1405 815 1521 851 λεπροὺς
1541 816 1571 842 τὸ
1587 815 1664 851 σῶμα
1680 816 1791 851 δυνάμει
1808 816 1867 852 θείᾳ

248 862 410 897 corporibus
424 862 546 893 eiiciens,
562 869 650 896 eaque
665 862 796 888 divinitus
813 870 942 897 purgans,
958 870 1031 889 nunc

1084 862 1229 897 καθαίρων,
1255 862 1315 888 τοτὲ
1348 862 1376 888 δὲ
1413 862 1599 897 προστάγματι
1635 862 1713 896 λόγου
1741 863 1804 894 τοὺς
1837 863 1867 890 ὲν

249 915 314 935 vero
327 908 406 941 jussu
420 907 494 934 verbi
506 907 643 934 daemonas
656 915 688 934 ex
706 907 862 934 hominibus
873 909 1010 942 expellens
1023 917 1029 935 :

1084 907 1234 942 ἀνθρώποις
1251 908 1380 943 δαίμονας
1397 907 1526 939 ἐλαύνων,
1546 909 1594 935 καὶ
1611 908 1703 935 ἄλλοτε
1728 909 1808 936 πάλιν
1822 918 1868 936 νο-

250 954 318 980 alias
338 960 434 979 rursus
448 953 654 987 aagrotantibus,
672 953 800 987 omnique
814 953 973 987 languorum
989 962 1033 987 ge-

250 1006 315 1025 nere
336 998 533 1029 laborantibus,
551 998 694 1024 sanitatem
721 997 828 1024 abunde
845 998 1030 1032 suppeditans.

250 1043 373 1076 Quodam
407 1051 471 1070 vero
496 1047 618 1078 tempore
651 1044 731 1070 etiam
764 1044 914 1078 paralytico
943 1043 1031 1070 dixit:

254 1098 264 1114 ι
279 1089 398 1124 Surgens
413 1090 477 1117 tolle
497 1090 638 1124 grabatum
659 1092 734 1116 tuum
749 1093 776 1116 et
791 1089 899 1116 ambula
913 1089 947 1121 “,
964 1099 973 1115 ι
991 1093 1033 1116 at-

249 1143 303 1170 que
328 1136 371 1163 ille
393 1135 465 1170 quod
488 1136 651 1170 imperatum
673 1140 714 1162 est
734 1134 807 1162 fecit.
824 1135 930 1163 Rursus
952 1136 1032 1164 caecis

250 1182 303 1208 alio
314 1186 446 1216 tempore,
460 1182 584 1208 videnda:
601 1182 670 1208 lucis
687 1181 842 1208 facultatem
855 1182 969 1216 largitus
981 1187 1030 1209 est.

249 1226 319 1253 Olim
339 1235 403 1253 vero
427 1227 522 1253 mulier
545 1234 605 1260 qua:
622 1226 763 1261 sanguinis
786 1226 859 1252 fluxu
878 1226 1029 1257 laborabat,

249 1277 277 1299 et
292 1279 379 1298 annos
391 1272 524 1306 plurimos
541 1279 573 1298 eo
588 1279 687 1306 genere
707 1271 794 1298 morbi
812 1272 970 1303 vexabatur,
986 1272 1032 1298 ubi

250 1318 318 1346 vidit
346 1318 571 1345 innumerabilem
597 1319 698 1345 circum
723 1318 798 1344 illmn
821 1317 1031 1350 multitudinem,

249 1371 311 1399 quae
328 1371 463 1398 nusquam
490 1364 663 1398 permittebat
689 1368 719 1390 ut
737 1364 769 1390 ad
792 1363 867 1390 illum
893 1364 1032 1391 accederet

252 1418 285 1437 ac
307 1411 484 1445 supplicaret,
502 1410 745 1445 liberationemque
769 1418 784 1437 a
804 1411 898 1437 morbo
918 1413 1031 1445 peteret,

250 1461 401 1483 extremum
428 1457 501 1483 illius
529 1458 717 1484 vestimentum
747 1457 878 1491 attingere
903 1456 1034 1482 duntaxat

250 1502 390 1536 Cogitavit,
411 1502 491 1536 108
505 1507 585 1536 atque
613 1502 648 1528 ita
673 1502 772 1535 subiit;
789 1502 954 1536 limbumque
970 1509 1031 1528 cum

250 1548 486 1582 apprehendisset,
501 1556 554 1574 una
577 1556 637 1575 cum
657 1556 689 1575 eo
711 1549 878 1575 curationem
899 1548 1031 1574 malorum

1086 954 1274 990 σηλευομένοις
1290 955 1425 986 παντοίοις
1436 955 1581 982 ἀσθενειῶν
1601 955 1682 982 εἴδεσι
1697 964 1868 983 καταπονου-

1086 1000 1178 1035 μένοις
1190 999 1239 1035 τὴν
1255 1001 1325 1027 ἴασιν
1340 1000 1462 1034 ἀφθόνως
1473 1000 1650 1036 δωρούμενος.
1667 1002 1720 1028 Καὶ
1737 1002 1801 1029 ποτὲ
1818 1002 1867 1038 μὲν

1085 1045 1168 1080 ἔφησε
1186 1045 1378 1080 παραλυτικᾷν
1399 1055 1407 1071 ι
1429 1047 1556 1077 Ἀναστὰς
1573 1044 1638 1082 ἆρον
1654 1048 1699 1073 τὸν
1713 1047 1868 1083 κράϐϐατὸν

1086 1099 1142 1124 σου,
1156 1092 1202 1118 καὶ
1216 1091 1358 1127 περιπάτει
1373 1099 1379 1105 ⁸
1397 1100 1405 1116 ι
1424 1093 1438 1118 ό
1451 1091 1479 1118 δὲ
1499 1092 1528 1118 τὸ
1543 1092 1685 1119 κελευσθὲν
1700 1093 1795 1120 ὲποίει,
1814 1094 1869 1119 Τυ-

1085 1139 1160 1173 φλοῖς
1174 1138 1201 1164 δὲ
1218 1138 1297 1164 πάλιν
1310 1137 1402 1164 ἄλλοτε
1423 1138 1456 1164 τὰ
1473 1137 1605 1172 βλεπτικὰ
1617 1138 1663 1164 τοῦ
1677 1139 1764 1172 φωτὸς
1776 1140 1868 1174 ἐχαρί-

1085 1184 1155 1216 ζετο.
1170 1184 1238 1218 Ἤδη
1255 1183 1284 1209 δέ
1303 1192 1367 1210 ποτε
1389 1184 1435 1210 καὶ
1456 1184 1640 1220 αἱμορροοῦσα
1663 1185 1730 1220 γυνὴ
1749 1186 1869 1220 μακραῖς

1085 1230 1152 1256 ἐτῶν
1176 1229 1307 1265 περιόδοις
1327 1228 1395 1264 πρὸς
1420 1229 1466 1256 τοῦ
1495 1230 1598 1261 πάθους
1626 1231 1866 1266 κατατρυχομένη,

1086 1276 1176 1311 ἐπειδὴ
1193 1275 1265 1311 ἑώρα
1283 1275 1366 1311 μυρία
1382 1275 1469 1311 πλήθη
1482 1275 1632 1302 κυκλοῦνται
1649 1276 1739 1307 αὑτὸν,
1753 1277 1799 1303 καὶ
1816 1285 1868 1312 μη-

1085 1322 1176 1356 δαμῶς
1189 1321 1369 1357 ἐπιτρέποντα
1383 1321 1450 1356 αὒτῇ
1465 1320 1645 1355 γονυπετῆσαι
1662 1321 1846 1357 προσελθούσῃ
1859 1341 1866 1353 ,

1084 1368 1131 1394 τοῦ
1155 1377 1183 1394 τε
1207 1368 1307 1399 πάθους
1323 1367 1372 1403 τὴν
1394 1367 1552 1402 ἀπαλλαγὴν
1565 1366 1775 1402 ἐξαιτήσασθαι,
1799 1367 1868 1394 ἀλλᾶ

1085 1415 1132 1441 καὶ
1144 1415 1228 1450 ἄκρου
1239 1414 1285 1440 τοῦ
1298 1413 1403 1449 ἱματίου
1415 1413 1587 1448 προσψαῦσαι
1599 1413 1678 1448 μόνον
1686 1413 1866 1449 διανοηθεῖσα,

1085 1460 1218 1492 ὺποδύνει,
1229 1461 1276 1486 καλ¹
1292 1459 1338 1486 τοῦ
1355 1459 1507 1495 κρασπέδου
1522 1458 1702 1494 ἐπιλαϐομένη
1712 1480 1719 1491 ,
1735 1459 1803 1494 όμοῦ
1821 1459 1868 1486 καὶ

1084 1506 1134 1540 τῆς
1155 1506 1208 1532 τῶν
1225 1506 1317 1533 κακῶν
1345 1507 1440 1537 ἰάσεως
1464 1505 1624 1537 ἐπελάϐετο,
1644 1505 1815 1541 παραχρῆμά
1837 1514 1868 1533 τι

1085 1551 1164 1586 ὑγιὴς
1179 1549 1212 1586 ἦν
1223 1571 1229 1583 ,
1245 1552 1294 1586 τῆς
1317 1550 1364 1577 τοῦ
1384 1551 1509 1585 Σωτῆρος
1525 1550 1602 1585 ἡμῶν
1617 1550 1708 1576 ἐνθέου
1727 1551 1868 1586 δυνάμεως

251 1593 441 1627 apprehendit,
465 1598 546 1628 atque
563 1594 636 1620 illico
657 1601 722 1620 sana
747 1594 846 1625 evasit,
867 1593 906 1621 sic
924 1593 1031 1628 quidem

1084 1597 1180 1632 δεῖγμα
1195 1597 1320 1632 μέγιστον
1337 1595 1561 1631 ὲπικομιζομένη.
1584 1596 1677 1627 ’Ἄλλος
1691 1596 1719 1622 δέ
1734 1605 1774 1627 τις
1789 1596 1867 1631 βασι-

251 1639 349 1666 divina:
366 1639 516 1667 Salvatoris
533 1641 619 1667 nostri
634 1641 744 1667 virtutis
759 1641 905 1667 maximum
927 1640 1033 1675 signum

249 1690 404 1720 reportans.
417 1686 494 1713 Alius
505 1691 595 1714 autem
608 1687 719 1721 quidam
735 1687 778 1713 vir
791 1687 912 1722 regulus,
928 1694 989 1714 cum
1001 1685 1034 1712 ad

249 1728 314 1757 Jesu
333 1731 414 1765 pedes
433 1732 587 1763 cecidisset,
605 1732 688 1759 lilium
705 1732 751 1767 qui
770 1733 919 1768 aegrotabat
933 1732 1033 1760 evesti-

250 1777 294 1810 gio
309 1784 405 1804 sanum
427 1778 540 1813 recepit.
562 1778 657 1805 Filiam
679 1778 743 1805 item
760 1778 840 1810 alius,
858 1778 903 1813 qui
915 1777 1035 1805 Judaicaa

251 1820 400 1857 Synagogae
420 1823 546 1858 princeps
566 1828 633 1856 erat,
658 1828 685 1851 et
703 1824 746 1850 hic
767 1824 875 1858 quidem
886 1824 940 1858 jam
961 1831 1035 1850 mor-

250 1873 335 1895 tuam.
349 1868 417 1901 Quid
433 1877 497 1896 vero
511 1869 613 1902 dicam,
625 1870 698 1904 quod
710 1871 780 1897 alius
793 1871 848 1904 jam
860 1869 1032 1905 quatriduum

251 1919 386 1945 mortuus,
409 1915 509 1942 virtute
523 1915 588 1942 Jesu
613 1917 747 1943 excitatus
769 1917 828 1944 est?
844 1916 884 1944 vel
907 1916 979 1951 quod
1006 1915 1033 1942 in

252 1959 320 1985 mari
336 1962 465 1995 tanquam
483 1961 510 1987 in
525 1965 597 1988 terra
619 1969 672 1996 qua
685 1962 794 1996 publice
808 1962 864 1988 itur
879 1962 942 1989 olim
957 1961 1034 1997 pedi-

250 2003 303 2032 bus
322 2004 461 2038 ingressus
480 2009 532 2037 est,
556 2007 641 2041 ipsius
662 2007 770 2034 interim
791 2007 934 2042 discipulis
957 2007 1034 2034 navi-

251 2050 397 2084 gantibus?
421 2053 447 2078 et
471 2052 542 2086 quod
559 2052 639 2079 iidem
659 2060 722 2079 cum
739 2053 852 2080 adversa
875 2057 1034 2088 tempestate

251 2095 430 2129 agitarentur,
451 2105 537 2131 mare,
553 2098 662 2131 ﬂuctus,
681 2103 776 2126 ventos
792 2100 937 2134 increpuit,
953 2104 1034 2134 atque

251 2141 342 2166 omnia
359 2143 483 2176 protinus
502 2147 630 2178 tanquam
652 2144 757 2172 Domini
776 2153 867 2173 vocem
884 2145 1033 2172 formidan-

251 2186 289 2213 tia
315 2188 508 2216 constiterunt.
539 2189 607 2217 Cum
629 2198 693 2218 vero
714 2191 833 2226 quinque
855 2191 938 2218 millia
959 2191 1032 2218 viro-

251 2241 323 2265 rum,
354 2242 406 2261 una
440 2243 501 2262 cum
527 2235 718 2263 innumerabili
746 2237 908 2264 feminarum
935 2245 1031 2272 puero.

250 2289 366 2316 rumque
380 2281 554 2308 multitudine
574 2283 695 2317 quinque
716 2291 770 2310 non
786 2283 902 2318 amplius
917 2284 1031 2317 panibus

250 2327 357 2355 abunde
371 2328 506 2362 quondam
523 2328 697 2360 saturaverit,
714 2328 793 2360 adeo,
809 2333 838 2356 ut
855 2336 916 2364 quae
933 2337 1030 2364 super--

252 2374 361 2402 fuerant
384 2374 516 2409 reliquiae,
537 2374 680 2401 duodecim
700 2375 832 2409 cophinos
852 2375 964 2410 implere
983 2382 1031 2409 pou

252 2419 363 2449 tuerint,
394 2426 473 2453 quem
502 2426 556 2445 non
580 2423 692 2452 stupore
715 2419 853 2446 all‘ecerit?
879 2425 926 2446 aut
950 2428 1029 2455 quem

251 2470 305 2489 non
322 2463 419 2489 merito
436 2463 470 2489 ad
494 2463 668 2496 quaerendum
691 2463 725 2491 de
753 2464 837 2497 ipsius
861 2472 960 2491 arcana
983 2472 1031 2492 oc-

251 2509 378 2542 cultaque
391 2509 493 2536 virtute
515 2509 693 2536 excitaverit?
716 2510 764 2537 sed
784 2518 817 2537 ne
834 2510 899 2537 mihi
916 2519 988 2539 nunc
1005 2512 1031 2539 in

252 2553 361 2587 longum
389 2554 470 2581 nimis
491 2554 608 2581 ducatur
632 2555 729 2586 oratio,
752 2560 888 2590 postrema
910 2558 1030 2585 omnium

252 2597 325 2624 illius
344 2606 417 2625 mors
437 2604 598 2633 exponatur,
617 2608 677 2634 qua:
690 2608 744 2627 non
758 2602 893 2629 communi
914 2603 1033 2638 reliquo-

251 2649 311 2669 rum
328 2643 466 2670 hominum
483 2653 558 2672 more
572 2647 686 2674 exstitit.
699 2646 756 2674 Non
772 2647 844 2674 enim
858 2648 954 2675 morbo
967 2656 1034 2676 con-

252 2692 388 2722 sumptus,
409 2696 441 2715 ac
459 2697 492 2716 ne
508 2691 604 2725 laqueo
629 2692 750 2727 quidem,
776 2696 823 2719 aut
848 2693 928 2727 igne:
942 2701 1031 2728 neque

251 2740 317 2759 vero
338 2732 372 2759 ad
397 2741 499 2761 morem
518 2736 695 2771 reliquorum,
717 2738 762 2773 qui
784 2738 819 2766 ob
842 2740 945 2767 scelera
968 2747 1028 2772 sua,

253 2782 341 2809 crucis
362 2783 494 2818 supplicio
510 2784 576 2812 allici
593 2786 692 2821 solent,
711 2787 839 2817 cruribus
853 2788 945 2817 itidem
958 2789 1030 2817 ferro

289 2869 311 2884 “
326 2868 407 2897 lare.
425 2871 504 2904 ιι,·9-
513 2872 559 2900 Η,

1084 1642 1158 1674 λικὸς
1171 1643 1239 1678 ἀνὴρ
1261 1643 1352 1674 κακῶς
1369 1642 1463 1677 ἔχοντα
1478 1643 1523 1668 τὸν
1538 1642 1634 1675 παῖδα,
1652 1642 1813 1677 προσπεσὼν
1829 1643 1868 1677 τῷ

1090 1688 1187 1724 Ἰησοῦ,
1203 1688 1372 1724 παραχρῆμα
1389 1688 1455 1714 σῶον
1471 1687 1654 1722 ἀπελάμϐανε.
1666 1687 1719 1713 Καὶ
1731 1688 1868 1723 θυγατέρα

1084 1735 1163 1762 πάλιν
1173 1734 1261 1766 ἄλλος,
1283 1734 1414 1761 Ἰουδαίων
1428 1733 1455 1759 δὲ
1469 1733 1690 1768 ἀρχισυνάγωγος
1700 1731 1744 1768 ἦν,
1755 1733 1811 1760 ἀλλ’
1824 1731 1869 1759 οὗ·

1083 1788 1128 1811 τος
1143 1780 1193 1815 ἤδη
1209 1780 1255 1806 καὶ
1271 1779 1414 1806 θανοῦσαν.
1432 1778 1463 1804 Τί
1483 1779 1523 1805 δεῖ
1543 1778 1631 1812 λέγειν
1654 1779 1691 1810 ὠς
1710 1781 1868 1814 τεταρταῖος

1084 1825 1161 1857 ἄλλος
1175 1826 1287 1860 δυνάμει
1299 1825 1346 1852 τοῦ
1364 1824 1451 1860 Ἰησοῦ
1464 1824 1559 1858 νεκρὸς
1575 1825 1718 1860 ὴγείρετο;
1735 1824 1751 1859 ἧ
1766 1825 1804 1856 ὡς
1820 1825 1866 1850 ἐπὶ

1084 1871 1226 1906 θαλάττης,
1239 1868 1282 1897 οἷα
1293 1871 1338 1897 ἐπὶ
1347 1871 1484 1906 λεωφόρου
1496 1870 1556 1905 γῆς,
1567 1871 1678 1906 πορείας
1690 1871 1768 1905 ἤνυεν
1780 1870 1868 1897 ποιού-

1086 1927 1174 1954 μενος,
1187 1918 1240 1944 τῶν
1255 1917 1335 1943 αὐτοῦ
1352 1916 1479 1952 μαθητῶν
1494 1916 1681 1951 ὲμπλεόντων;
1697 1917 1743 1942 καὶ
1758 1917 1795 1947 ὡς
1811 1925 1867 1951 χει-

1085 1963 1240 1999 μασθέντων
1258 1962 1407 1997 ἐπετίμησε
1427 1963 1460 1997 τῇ
1482 1961 1603 1997 θαλάσσῃ
1625 1962 1672 1988 καὶ
1692 1961 1730 1996 τῷ
1751 1961 1867 1988 κλύδωνι

1084 2010 1131 2035 καὶ
1153 2010 1207 2040 τοῖς
1225 2009 1335 2043 ἀνέμοις
1347 2028 1354 2040 ,
1381 2008 1427 2034 καὶ
1443 2008 1530 2034 πάντα
1547 2016 1578 2041 γε
1595 2006 1659 2042 ἔστη
1676 2007 1846 2042 παραχρῆμα
1857 2026 1865 2039 ,

1083 2052 1127 2081 οἷα
1139 2054 1266 2081 δεσπότου
1283 2054 1373 2089 φωνὴν
1388 2052 1618 2088 καταπτήξαντα;
1637 2053 1720 2078 Πέντε
1734 2053 1762 2079 δὲ
1778 2053 1866 2087 χιλιά-

1082 2101 1130 2132 δας
1141 2100 1244 2136 ἀνδρῶν
1259 2100 1484 2135 συνεπιπαρόντος
1495 2099 1590 2135 μυρίου
1600 2099 1678 2126 ἄλλου
1687 2100 1822 2133 γυναικῶν
1836 2108 1868 2128 τε

1083 2146 1129 2173 καὶ
1144 2146 1245 2172 παίδων
1258 2145 1386 2181 πλήθους,
1397 2146 1429 2171 ὲκ
1440 2145 1518 2171 πέντε
1534 2144 1578 2171 τὸν
1594 2144 1707 2179 ἀριθμὸν
1722 2145 1811 2179 ἄρτων
1826 2146 1866 2177 είς

1083 2192 1162 2228 κόρον
1187 2191 1348 2227 πληρώσας,
1373 2192 1410 2223 ὼς
1443 2191 1489 2218 καὶ
1514 2191 1628 2226 περιττὰ
1655 2191 1789 2223 τοσαῦτα,
1815 2193 1866 2218 ὃσα

1085 2238 1164 2265 ἱκανὰ
1174 2236 1207 2273 ἦν
1218 2238 1359 2273 πληρῶσαι
1374 2236 1476 2263 δώδεκα
1487 2237 1612 2270 κοφίνους
1626 2236 1727 2270 λαϐεῖν,
1743 2237 1804 2264 τίνα
1816 2238 1867 2263 οὑκ

1083 2283 1116 2310 ἂν
1139 2283 1266 2319 ἐκπλήξει
1277 2303 1284 2315 ,
1301 2283 1346 2310 καὶ
1364 2283 1410 2309 ἐπὶ
1427 2281 1538 2317 ζήτησίν
1559 2290 1591 2315 γε
1613 2282 1724 2313 εἰκότως
1739 2282 1788 2316 τῆς
1805 2284 1865 2309 κατ’

1083 2331 1163 2357 αὐτὸν
1180 2331 1334 2367 ἀπορρήτου
1354 2329 1493 2363 δυνάμεως
1515 2327 1707 2360 ὲκκαλὲσεται;
1730 2328 1797 2354 Ἀλλ’
1822 2329 1867 2355 ἵνα

1085 2377 1121 2412 μή
1141 2386 1185 2412 μοι
1200 2377 1233 2403 τὰ
1248 2376 1294 2403 νῦν
1310 2377 1323 2402 ό
1337 2376 1414 2409 λόγος
1428 2376 1467 2405 εἰς
1489 2373 1592 2409 μακρὸν
1610 2374 1694 2408 μῆκος
1708 2375 1864 2406 ὲκτείνοιτο,

1083 2423 1129 2449 ἐπὶ
1146 2423 1226 2449 πᾶσιν
1242 2421 1373 2448 ἐκκείσθω
1390 2422 1404 2447 ό
1418 2419 1499 2446 αὐτοῦ
1513 2419 1642 2450 θάνατος,
1660 2420 1691 2445 οὐ
1707 2419 1795 2451 κοινὸς
1810 2422 1866 2452 τοῖς

1083 2469 1185 2500 λοιποῖς
1205 2467 1357 2503 ἀνθρώποις
1378 2466 1568 2501 γεγενημένος.
1592 2466 1628 2491 Οὐ
1654 2465 1708 2500 γὰρ
1722 2465 1791 2500 νόσῳ
1806 2465 1865 2492 δια-

1084 2514 1205 2549 φθαρεὶς,
1220 2513 1277 2540 ἀλλ’
1292 2512 1352 2539 οὐδὲ
1367 2512 1455 2548 βρόχῳ
1468 2511 1583 2545 πνιγεὶς,
1594 2511 1652 2537 οὐδὲ
1666 2511 1717 2546 μὴν
1729 2511 1787 2537 κατ’
1800 2511 1866 2537 αὐτὸ

1081 2560 1128 2586 τοῦ
1147 2558 1261 2594 σταυροῦ
1273 2557 1302 2584 τὺ
1312 2558 1439 2592 τρόπαιον
1449 2555 1548 2591 ὁμοίως
1560 2557 1615 2587 τοῖς
1629 2556 1730 2586 λοιποῖς
1748 2556 1866 2590 κακούρ-

1082 2614 1140 2639 γοις
1156 2604 1321 2639 ὑποτμηθεὶς
1337 2602 1437 2637 σιδήρῳ
1458 2601 1492 2628 τὰ
1520 2601 1616 2636 σκέλη,
1641 2601 1700 2627 οὐδὲ
1716 2601 1783 2632 ὅλως
1798 2602 1866 2636 πρὸς

1082 2659 1153 2681 τινος
1168 2649 1317 2686 ἀνθρώπων
1339 2647 1431 2674 παθών
1452 2655 1478 2673 τι
1499 2646 1553 2672 τῶν
1576 2647 1695 2682 ἀναιρεῖν
1714 2647 1864 2678 εἰωθότων,

1084 2696 1169 2731 βίαιον
1187 2695 1316 2730 ὑπέμεινε
1328 2693 1455 2728 τελευτὴν
1465 2713 1472 2725 ,
1488 2692 1544 2718 ἀλλ’
1564 2693 1601 2724 ὡς
1615 2692 1679 2718 αὐτὸ
1695 2693 1772 2727 μόνον
1794 2692 1863 2718 ἑκὼν

1084 2742 1226 2779 παρεδίδου
1249 2742 1305 2773 τοῖς
1332 2740 1534 2767 ἐπιϐουλεύουσι
1550 2739 1580 2766 τὸ
1598 2738 1687 2774 σῶμα,
1712 2739 1866 2774 ἀνωρθοῦτο

1085 2790 1134 2825 μὲν
1150 2789 1202 2816 ἀπὸ
1213 2788 1262 2824 γῆς
1272 2788 1380 2820 αὐτίκα,
1393 2787 1511 2814 κᾶπειτα
1522 2785 1568 2813 ἐπὶ
1579 2784 1626 2812 τοῦ
1639 2785 1727 2821 ὶκρίου
1737 2786 1867 2822 φωνήσας
