2071 3219
159 175 209 203 197

619 174 949 204 DEMONSTRATIONIS
968 174 1199 203 EVANGELICE
1213 174 1277 203 ΠΒ.
1299 174 1344 204 ΙΙΙ.

1735 176 1786 205 198

159 232 229 268 μέγα
239 252 247 261 .
261 233 310 259 καὶ
325 231 366 267 τῷ
388 232 476 268 Πατρὶ
496 232 655 268 παρατιθεὶς
670 233 700 260 τδ
716 233 841 269 πνεῦμα,
864 233 946 261 εἰπὼν

1000 233 1127 265 succisis,
1152 240 1241 268 neque
1266 233 1379 260 omnino
1396 233 1544 268 quidquam
1567 233 1602 260 Ib
1624 233 1680 260 ullo
1695 233 1787 260 homi-

158 277 249 310 αὐτοῖς
270 278 409 313 ῥήμασιν·
426 287 435 304 ι
450 278 541 313 Πάτερ
551 298 558 311 ,
574 279 614 310 εἰς
631 279 724 314 χεῖράς
740 288 787 306 σου
801 279 947 315 παρατιθε-

159 331 209 359 μαι
226 323 257 350 τὸ
273 323 384 359 πνεῦμά
401 333 452 359 μου
463 344 471 355 ,
488 334 497 349 ι
515 323 602 356 οὕτως
618 325 717 359 ἄφετος
739 325 786 351 καὶ
807 325 948 361 ἐλεύθερος

157 368 239 400 αὐτὸς
264 368 311 403 ἀφ’
326 369 423 396 ἑαυτοῦ
437 369 486 404 τὴν
503 371 534 395 ἐκ
551 369 598 395 τοῦ
616 369 740 404 σώματος
755 370 945 406 ἀναχώρησιν,

156 415 236 440 ταυτὶ
251 414 379 449 πρόσθες,
397 415 524 441 ἐποιεῖτο.
540 413 606 441 Εἶτα
620 415 647 441 δὲ
661 415 707 441 τοῦ
725 415 848 450 σώματος
864 416 946 442 αὑτοῦ

156 460 307 496 ληφθέντος
320 461 388 495 πρὸς
400 460 454 486 τῶν
474 460 620 496 γνωρίμων
630 481 637 493 ,
652 461 698 487 καὶ
717 463 750 497 τῇ
771 462 946 497 προσηκούσῃ

158 506 356 542 παραδοθέντος
389 508 480 542 ταφῇ,
512 508 631 542 τριταῖος
661 505 738 539 αὖθις
771 507 947 542 ἀπελάμϐανε

156 552 256 584 τοῦτο,
288 552 303 578 ὃ
329 552 393 588 πρὶν
418 553 598 588 ἀναχωρήσας
625 553 694 579 ἑκὼν
729 553 866 580 κατέθετο.
894 554 947 579 Καὶ

157 597 277 624 δείκνυσί
301 606 333 632 γε
359 597 439 624 πάλιν
464 598 544 630 αὐτὸς
568 599 661 625 ἑαυτὸν
687 598 831 634 ἕνσαρκον,
863 598 947 625 {votu-

160 651 228 678 μον,
254 643 336 670 αὑτὸν
366 644 486 676 ἐκεῖνον,
515 641 570 675 οἷος
600 644 647 671 καὶ
668 644 698 670 τὸ
727 645 790 680 πρὶν
817 643 865 680 ἦν,
891 646 947 676 τοῖς

156 689 270 720 οἰκείοις
287 689 436 724 μαθηταῖς,
449 688 489 720 οἷς
504 691 551 716 καὶ
573 690 618 717 ἐπὶ
635 691 720 726 βραχὺ
736 691 884 726 ὁμιλήσας,
901 692 946 717 καί

158 743 220 761 τινα
251 735 442 770 συνδιατρίψας
465 736 578 771 χρόνον,
600 736 702 763 ἄνεισιν
726 736 786 762 εοεν
817 736 863 762 καὶ
875 745 946 771 παρ-

158 781 210 814 ῆν.
222 781 268 807 ὑπ’
281 780 428 816 ὀφθαλμοῖς
447 781 537 808 αὐτῶν
553 781 601 817 τὴν
629 783 669 814 εἰς
691 783 821 817 οὐρανοὺς
836 783 946 818 πορείαν

159 825 350 860 στειλάμενος·
368 823 409 857 οἷς
431 826 463 861 δὴ
481 826 528 852 καὶ
551 826 689 862 ὑποθήκας
715 827 779 862 περὶ
804 826 858 852 τῶν
875 835 946 861 πρα-

158 871 248 897 κτέων
268 871 416 907 παραδοὺς,
439 872 614 904 διδασκάλους
638 872 692 898 τῶν
713 872 798 899 ὲθνῶν
819 873 946 898 ἁπάντων

156 916 209 952 τῆς
220 916 350 943 ἀνωτάτω
367 916 518 948 θεοσεϐείας
532 918 664 953 ἀπέφηνε.
687 917 803 944 Τοιαῦτα
822 918 900 953 ἡμῶν
912 918 946 944 τὰ
964 910 984 937 Β

158 961 336 997 πολυύμνητα
362 962 411 998 τῆς
433 962 534 998 ἀρετῆς
564 963 706 998 θαύματα·
731 963 815 989 ταῦτα
841 963 889 998 τῆς
918 965 948 990 ὲν

157 1007 234 1043 αὐτῷ
251 1007 376 1043 θεότητος
400 1008 435 1034 τὰ
457 1009 607 1043 τεκμήρια·
629 1006 716 1035 ταῦτα
739 1009 786 1035 καὶ
809 1009 885 1034 αὐτοὶ
905 1008 948 1034 λο-

158 1053 251 1090 γισμῷ
269 1053 386 1089 σώφρονι
401 1054 623 1090 τεθαυμάκαμεν,
635 1054 851 1089 βεϐασανισμένῃ
863 1063 889 1081 τε
901 1055 947 1081 καὶ

158 1100 331 1136 ἐξητασμένη
348 1101 437 1136 κρίσει
460 1101 672 1136 κατεδεξάμεθα.
697 1100 857 1136 Ἐξήτασται
884 1102 947 1136 παρ’

157 1147 225 1181 ἡμῖν
248 1146 296 1172 καὶ
319 1146 511 1181 βεΰασάνισται
536 1148 582 1173 καὶ
601 1147 634 1172 δι’
657 1147 756 1182 ἑτέρων
778 1146 947 1181 πραγμάτων

158 1192 284 1228 ἐναργῶν
300 1193 389 1219 πάντα
408 1193 598 1219 καλυπτόντων
615 1193 702 1227 λόγον,
719 1193 754 1219 δι’
780 1189 816 1219 ὢν
837 1193 917 1224 αὐτὸς
933 1193 947 1218 ὁ

160 1238 263 1274 Κύριος
284 1239 361 1274 ἡμῶν
378 1239 461 1265 εἰσέτι
475 1240 520 1265 καὶ
540 1239 587 1265 νῦν
603 1237 644 1270 οἷς
661 1239 693 1265 ἂν
710 1239 837 1273 κρίνειεν,
863 1239 948 1273 μικρά

158 1292 221 1310 τινα
235 1285 285 1319 τῆς
306 1284 389 1311 αὐτοῦ
404 1285 543 1319 δυνάμεως
563 1285 743 1320 παραφαίνειν
762 1284 851 1310 εἴωθε.
874 1285 946 1320 Πλὴν

157 1330 228 1356 ἀλλὰ
243 1331 289 1356 καὶ
307 1332 340 1366 τῇ
357 1330 524 1366 λογικωτέρα
547 1331 658 1366 μεθόδῳ,
674 1331 708 1365 ἣν
721 1331 868 1366 προσάγειν
885 1330 946 1356 εἱώ-

157 1374 246 1410 θαμεν
259 1376 315 1406 τοῖς
335 1375 365 1401 οὺ
386 1375 615 1410 παραδεχομένοις
631 1376 664 1402 τὰ
682 1375 876 1412 προειρημένα,
890 1375 946 1402 ἀλλ’

157 1421 220 1456 ἢτοι
237 1420 374 1452 παντελῶς
387 1421 545 1447 ἀπιστοῦσιν
558 1421 658 1452 αὐτοῖς,
675 1421 721 1447 καὶ
738 1420 821 1456 μηδὲν
832 1420 946 1446 καθόλου

157 1467 299 1501 γεγονέναι
311 1467 430 1494 τοιοῦτον
446 1466 513 1502 πρὸς
530 1467 611 1493 αὐτοῦ
628 1467 787 1501 φάσκουσιν,
808 1467 823 1501 ἦ
839 1467 948 1500 γεγονέ-

157 1521 205 1540 ναι
222 1513 282 1549 μὲν,
298 1513 414 1548 γοητικὰ
437 1513 464 1539 δὲ
480 1513 565 1544 ἄλλως
586 1512 631 1539 ἐπὶ
649 1513 735 1548 πλάνῃ
752 1512 805 1538 τῶν
823 1511 947 1547 ὁρώντων

156 1559 234 1587 ὠσὰν
246 1561 292 1587 ὑπ’
308 1560 403 1596 ἀνδρὸς
419 1560 520 1586 πλάνου
543 1561 689 1594 ἀναγκαῖον
705 1558 855 1586 ἐπιθέσθαι.
872 1559 902 1585 Εἰ
918 1559 946 1585 δὲ

156 1606 212 1642 χρὴ
232 1607 279 1633 καὶ
293 1607 338 1633 ἐπὶ
353 1606 400 1632 τοῦ
421 1606 552 1642 παρόντος
575 1605 677 1641 βραχέα
699 1605 767 1640 πρὸς
790 1604 852 1637 τοὺς
871 1604 945 1639 δεδη-

156 1652 295 1688 λωμένους
324 1653 465 1687 ἐνστῆναι,
497 1652 546 1678 οὐκ
572 1651 774 1686 ἀπολειψόμεθα
808 1651 942 1686 σπουδῆς·

156 1698 247 1730 ἄλλως
256 1698 284 1725 δέ
298 1707 355 1730 πως
372 1699 462 1730 αὐτοῖς
476 1698 682 1733 ὰπαντήσομεν;

999 286 1065 306 num
1081 286 1190 314 passus,
1206 286 1302 306 eorum
1317 279 1364 314 qui
1379 279 1449 306 alios
1461 286 1560 306 necare
1574 284 1785 311 consueverunt,

997 324 1124 351 violentae
1154 324 1252 351 mortis
1278 331 1365 359 genus
1388 325 1473 352 ullum
1505 324 1626 359 pertulit.
1656 323 1711 352 Sed
1739 325 1787 353 ubi

999 369 1089 404 ipsum
1105 370 1237 396 duntaxat
1251 374 1348 404 sponte
1364 371 1480 405 prazbuit
1496 369 1615 397 inimicis
1632 370 1787 397 insidianti—

997 417 1049 444 bus
1065 424 1176 451 corpus,
1193 420 1249 443 tum
1270 421 1377 444 erectus
1392 421 1431 444 est
1451 424 1466 443 a
1487 421 1558 443 terra
1583 417 1666 444 illico.
1685 415 1786 443 Deinde

998 464 1025 490 in
1042 464 1115 498 ligno
1136 469 1234 497 magna
1258 470 1325 489 voce
1342 462 1474 494 clamans,
1505 467 1532 489 et
1556 462 1631 489 Patri
1658 463 1784 497 spiritum

998 508 1203 540 commendans,
1223 511 1304 542 atque
1318 508 1375 534 lucc
1391 508 1424 534 ad
1448 508 1559 534 verbum
1577 508 1670 535 dicens
1684 516 1691 534 :
1708 517 1716 533 ι
1733 507 1786 534 Pa-

998 560 1049 586 ter,
1063 555 1091 582 in
1106 562 1203 581 manus
1219 558 1280 581 tuas
1296 554 1458 581 commendo
1472 554 1597 588 spiritum
1614 562 1702 581 meum
1716 554 1739 570 “
1753 564 1759 581 :
1774 564 1783 580 I

999 601 1035 627 ita
1058 600 1164 626 solutus
1185 607 1216 625 ac
1239 600 1317 631 liber,
1343 600 1400 634 ipse
1424 607 1472 634 per
1493 600 1612 633 seipsum
1637 607 1652 626 a
1670 607 1786 633 corpore

998 646 1123 673 secessit.
1141 644 1243 672 Deinde
1269 653 1331 672 cum
1349 653 1449 679 corpus
1467 645 1554 679 ipsius
1569 645 1718 672 familiares
1741 653 1786 671 ac-

998 688 1145 727 cepissent,
1159 696 1239 726 atque
1253 693 1372 719 honesta:
1381 693 1526 727 sepulturae
1535 693 1784 724 commendassem,

998 738 1076 765 tertio
1099 738 1143 765 die
1167 746 1264 765 rursus
1280 738 1345 764 illud
1363 738 1450 772 ipsum
1469 738 1582 772 recepit.
1599 738 1673 772 qttod
1690 730 1787 765 videli-

998 788 1040 810 cet
1059 788 1156 817 sponte
1171 784 1327 818 reliquerat.
1354 783 1386 809 Et
1403 784 1442 811 sic
1463 792 1570 814 rursus.
1590 784 1647 818 ipse
1663 785 1786 818 scipsum

999 829 1025 855 in
1056 836 1158 860 carne,
1186 829 1212 855 in
1244 836 1375 863 corpore,
1405 829 1495 863 ipsum
1525 829 1600 855 illum
1635 830 1680 864 qui
1711 831 1786 864 prius

999 876 1097 905 luerat,
1126 875 1183 901 suis
1204 875 1323 901 ostendit
1338 874 1491 909 discipulis,
1514 875 1615 909 quibus
1639 883 1700 902 cum
1718 883 1786 910 pau-

999 926 1045 945 cos
1073 919 1132 946 dies
1161 924 1304 950 versatus,
1330 923 1356 946 et
1385 926 1433 953 per
1462 920 1572 954 aliquod
1601 926 1709 954 tempus
1735 927 1785 947 suo

999 964 1080 990 etiam
1117 971 1244 991 sermone
1282 964 1431 999 dignatus,
1466 965 1531 991 illuc
1566 973 1691 992 reversus
1722 970 1784 997 est,

999 1009 1070 1035 unde
1090 1009 1180 1036 oculis
1198 1010 1306 1036 illorum
1335 1017 1364 1037 se
1390 1010 1538 1041 obtulerat,
1563 1011 1657 1045 sicque
1676 1012 1726 1037 iter
1751 1011 1785 1038 ad

999 1055 1079 1088 109
1098 1055 1198 1081 C(elunt
1216 1056 1325 1082 direxit.
1349 1055 1445 1082 Iisdem
1466 1063 1541 1087 vero,
1559 1064 1620 1082 cum
1650 1060 1786 1092 praecepta

998 1108 1106 1134 qu0que
1122 1100 1154 1127 de
1169 1101 1250 1127 rebus
1268 1101 1379 1135 agendis
1395 1101 1564 1134 tradidisset,
1585 1102 1695 1130 eosdem
1713 1103 1786 1138 apud

998 1154 1092 1173 omnes
1118 1151 1212 1180 gentes
1231 1154 1365 1180 suprema:
1388 1147 1527 1181 religionis
1544 1147 1675 1175 doctores
1692 1148 1786 1175 decla-

997 1192 1077 1218 ravit.
1100 1191 1162 1218 llaac
1184 1200 1249 1219 sane
1278 1197 1342 1219 sunt
1363 1193 1489 1225 virtutis,
1513 1201 1573 1228 qua:
1595 1194 1620 1220 in
1645 1194 1786 1222 Salvatore

999 1242 1092 1264 nostro
1115 1242 1184 1269 erat,
1212 1240 1334 1273 apprime
1362 1238 1524 1265 celebranda
1547 1239 1679 1266 miracula
1701 1250 1707 1267 :
1728 1241 1786 1267 haec

998 1282 1159 1315 divinitatis,
1175 1291 1236 1317 quae
1253 1284 1279 1309 in
1299 1284 1345 1309 illo
1365 1287 1423 1309 erat
1443 1283 1543 1310 indicia
1559 1291 1564 1308 :
1580 1283 1637 1310 haec
1654 1284 1705 1318 ipsi
1715 1293 1785 1319 quo-

997 1335 1050 1362 que
1069 1333 1144 1355 casta
1164 1329 1344 1355 zestimatione
1363 1328 1491 1354 admirati
1509 1336 1614 1361 smnus,
1630 1331 1786 1364 explorato-

997 1382 1049 1408 que
1065 1378 1145 1408 atquc
1168 1375 1305 1408 exquisito
1327 1374 1432 1408 judicio
1457 1375 1621 1408 recepimus.
1644 1375 1786 1410 Exquisita

998 1427 1063 1446 sane
1079 1420 1135 1446 hmc
1151 1428 1165 1446 a
1184 1420 1275 1451 nobis,
1289 1421 1484 1454 explorataque
1500 1425 1574 1451 sunt,
1601 1421 1662 1447 aliis
1677 1429 1786 1456 quoque

998 1465 1171 1492 evidentibus
1201 1466 1305 1497 rebus,
1330 1474 1493 1501 otnnemquc
1529 1467 1713 1500 aperientibus
1741 1475 1787 1494 ra-

999 1512 1110 1542 tionem,
1126 1512 1225 1546 quibus
1236 1512 1293 1546 ipse
1309 1512 1440 1539 Dominus
1456 1517 1549 1539 noster
1561 1513 1643 1539 etiam
1656 1521 1727 1539 nunc
1740 1513 1786 1545 iis,

998 1565 1066 1592 quos
1082 1558 1179 1593 dignos
1194 1558 1338 1592 putaverit,
1357 1558 1454 1592 exigua
1469 1558 1592 1593 quaedam
1607 1566 1663 1585 suae
1677 1558 1786 1585 virtutis

998 1604 1074 1638 signa
1092 1604 1236 1631 ostendere
1248 1604 1400 1631 consuevit.
1416 1603 1487 1636 Quin
1499 1604 1581 1630 etiam
1596 1604 1739 1631 subliiiore
1754 1611 1786 1631 ac

999 1651 1114 1678 certiore
1126 1651 1252 1677 doctrina
1273 1650 1343 1676 idem
1363 1657 1377 1676 a
1390 1650 1468 1676 nobis
1484 1649 1610 1676 effectum
1625 1653 1666 1676 est
1681 1658 1686 1675 :
1704 1656 1785 1683 quam

997 1696 1106 1731 quidem
1127 1696 1160 1723 iis
1175 1696 1304 1722 adhibere
1317 1696 1520 1727 consuevimus,
1538 1697 1583 1729 qui
1596 1702 1626 1721 ea
1638 1702 1699 1729 qua:
1712 1695 1748 1720 dit
1758 1699 1785 1721 ta

157 1750 224 1773 sunt
245 1753 300 1773 non
322 1745 486 1776 concedunt,
509 1745 556 1772 sed
576 1745 678 1771 nullam
694 1752 808 1779 prorsus
828 1744 861 1772 iis
881 1744 959 1771 [idem
980 1744 1091 1773 habent,
1109 1750 1197 1777 neque
1213 1742 1323 1768 omnino
1343 1742 1490 1775 quidquam
1515 1741 1566 1768 tale
1584 1741 1618 1767 ab
1631 1748 1663 1767 eo
1684 1740 1784 1767 factum

155 1799 221 1819 esse
237 1792 412 1823 conﬁtentur,
431 1795 478 1818 aut
494 1791 632 1819 exstitisse
648 1792 692 1818 illa
710 1791 818 1826 quidem
841 1799 894 1817 non
916 1794 1025 1825 negant,
1041 1797 1134 1817 verum
1158 1789 1271 1822 magicis
1292 1788 1446 1822 praestigiis,
1463 1788 1495 1814 ad
1526 1794 1646 1814 errorem
1677 1787 1786 1813 intuen-

157 1838 228 1869 tium
252 1841 381 1874 tanquam
398 1846 414 1865 a
427 1838 486 1864 viro
504 1838 647 1865 seductore
670 1837 807 1872 imposita,
827 1837 899 1871 quod
917 1838 940 1864 si
960 1838 1040 1864 etiam
1058 1837 1084 1863 in
1097 1835 1221 1871 praesenti
1238 1835 1370 1861 adversus
1389 1834 1458 1861 tales
1480 1841 1564 1868 pauca
1581 1833 1704 1868 quaadam
1728 1833 1785 1860 dis-

158 1889 256 1918 putare
269 1891 339 1919 opus
355 1883 403 1916 sit,
430 1891 485 1910 non
503 1883 662 1911 deseramus
681 1883 801 1910 studiqu
832 1883 969 1918 inceptum
989 1891 994 1908 :
1017 1882 1117 1916 alioqui
1133 1888 1197 1907 vero
1219 1887 1337 1914 quonam
1360 1884 1439 1914 pacto
1463 1879 1563 1906 ibimus
1586 1879 1640 1905 illis
1658 1878 1785 1905 obviam?

157 1941 196 1967 E'.
210 1940 288 1974 Πρὸς
304 1940 376 1974 τοὺς
389 1940 586 1973 ἀπειθοῦντας
599 1940 638 1973 τῇ
657 1938 716 1965 τῶν
737 1939 791 1965 τοῦ
813 1938 947 1973 Σωτῆρος

195 1975 279 2010 ἡμῶν
289 1975 424 2010 περὶτῶν
434 1975 609 2009 παραδόξων
617 1974 753 2009 πράξεων
763 1974 909 2008 διηγήσει.

194 2067 228 2095 ΕΙ.
247 2067 278 2103 δὴ
300 2067 403 2102 λέγοιεν
422 2067 504 2102 μηδὲν
526 2067 574 2102 τὴν
590 2066 676 2102 ἀρχὴν
701 2064 877 2099 πεποιηκέναι
898 2064 944 2090 τὸν

158 2113 275 2149 Σωτῆρα
301 2114 378 2149 ἡμῶν
398 2112 563 2148 Θαυμαστὸν,
590 2112 657 2147 μηδὲ
685 2120 710 2137 τι
735 2110 884 2146 παράδοξον
909 2106 946 2136 ὧν

158 2158 352 2194 ἐμαρτύρησαν
377 2159 402 2184 οἱ
425 2157 566 2193 γνώριμοι,
584 2155 746 2191 σκεψώμεθα
765 2156 788 2181 εἰ
806 2155 916 2186 πιθανὺς
929 2155 944 2181 ό

158 2205 238 2239 λόγος
247 2205 338 2236 αὐτοῖς
352 2204 438 2236 ἕσται,
452 2204 488 2239 μὴ
498 2204 547 2239 τὴν
561 2203 647 2229 αἰτίαν
664 2203 767 2237 ἔχουσιν
780 2201 942 2232 ἀποδιδόναι,

991 1938 1022 1966 ν.
1038 1939 1167 1965 Adversus
1193 1947 1235 1966 eos
1262 1939 1305 1972 qui
1325 1947 1376 1964 non
1396 1938 1503 1964 credunt
1524 1936 1670 1964 Saluatoris
1696 1935 1781 1960 nostri

1026 1974 1176 2034 discipulis,
1198 1974 1371 2000 admirabiles
1391 1973 1465 1999 illius
1495 1981 1535 1999 res
1555 1977 1641 2007 gestas
1662 1977 1778 1997 narrans

1028 2010 1047 2034 ti
1067 2017 1106 2034 us.

1028 2010 1106 2035 tibus.

1031 2062 1098 2089 Nam
1114 2062 1137 2089 si
1154 2061 1247 2089 dicant
1260 2061 1328 2088 nihil
1344 2060 1456 2088 omnino
1477 2059 1639 2086 admirabile
1659 2059 1784 2086 Salvato-

996 2117 1052 2136 rem
1071 2112 1206 2140 nostrum,
1223 2115 1310 2142 neque
1325 2107 1473 2142 quidquam
1495 2107 1568 2141 quod
1587 2110 1696 2141 superet
1707 2107 1782 2141 cogi-

996 2154 1126 2180 tationem
1143 2153 1289 2179 humanam
1306 2152 1414 2184 lecisse,
1437 2152 1526 2186 qualia
1545 2155 1609 2178 sunt
1630 2159 1689 2185 qure
1709 2151 1782 2178 illius

997 2198 1146 2233 familiares
1161 2197 1297 2224 testilicati
1313 2201 1387 2228 sunt,
1411 2197 1554 2224 videamus
1573 2205 1636 2223 num
1651 2198 1703 2224 illis
1718 2198 1782 2224 talia

158 2251 192 2278 δι’
208 2251 242 2286 ἢν
256 2251 280 2277 οἱ
297 2251 345 2286 μὲν
362 2250 490 2286 μαθηταὶ,
507 2251 521 2276 ὁ
535 2250 563 2275 δὲ
577 2249 734 2279 διδάσκαλος
751 2248 943 2283 ἐχρημάτισεν.

997 2244 1152 2271 dicentibus
1166 2244 1239 2270 credi
1257 2244 1311 2270 ullo
1325 2243 1405 2270 modo
1420 2243 1518 2277 possit,
1532 2243 1633 2278 quippe
1659 2244 1704 2277 qui
1723 2245 1785 2270 nul-

160 2297 195 2324 '0
217 2305 246 2324 τε
272 2296 327 2332 γὰρ
348 2296 480 2322 διδάσκων
503 2295 666 2329 ἐπαγγελίαν
692 2295 852 2330 μαθήματός
875 2302 945 2324 τινος

159 2342 371 2377 ἐπαγγέλλεταιο
388 2342 414 2368 οἴ
425 2351 454 2368 τε
471 2339 503 2368 αὖ
522 2342 650 2377 μαθηταὶ,
669 2341 836 2376 μαθημάτων
852 2340 946 2375 ὀρεγό-

159 2397 246 2425 μενοι,
265 2389 335 2423 σφᾶς
351 2388 447 2419 αὐτοὺς
459 2387 497 2423 τῷ
509 2387 658 2422 διδασκάλῳ
676 2386 875 2422 προσφέροντες
887 2386 946 2411 ἐπι-

157 2435 298 2470 τρέπουσι.
314 2434 381 2460 Τίνα
388 2431 433 2460 οὖν
447 2434 520 2459 ἐστὶν
536 2434 623 2459 εἰπεῖν
636 2433 723 2458 αἰτίαν
734 2432 785 2458 τῶν
794 2431 840 2458 τοῦ
858 2430 944 2466 Ἰησοῦ

160 2480 288 2516 μαθητῶν
296 2480 346 2515 τῆς
353 2480 400 2506 σὺν
416 2479 489 2514 αὐτῷ
497 2478 645 2514 διατριϐῆς,
663 2478 708 2504 καὶ
724 2478 749 2503 τί
761 2477 789 2504 τὸ
798 2478 943 2511 ἀναγκαῖον

158 2526 208 2562 τῆς
223 2526 289 2562 περὶ
304 2526 385 2552 αὐτὸν
406 2526 540 2560 σπουδῆς;
563 2525 642 2551 τίνων
665 2525 693 2550 δὲ
717 2524 763 2550 καὶ
786 2522 943 2549 διδάσκαλον

158 2573 345 2609 ἐπεγράφοντο
371 2571 556 2607 μαθημάτων;
572 2571 608 2597 Ἦ
624 2570 701 2596 τοῦτο
717 2569 811 2604 δῆλονς
838 2568 943 2600 πάντως

158 2617 213 2654 γάρ
225 2626 278 2644 που
292 2613 330 2644 ὧν
340 2618 404 2653 παρ’
420 2616 502 2643 αὑτοῦ
520 2615 649 2651 μαθόντες
659 2616 698 2646 εἰς
712 2614 820 2649 ἑτέρους
836 2613 946 2648 ἐξήνεγς

157 2671 224 2691 καν⁵
247 2663 430 2700 παραγγελίαι
455 2663 476 2689 δ’
490 2660 560 2698 ἦσαν
575 2661 648 2696 αὑτῷ
663 2661 807 2695 φιλοσόφου
830 2659 898 2694 βίου,
915 2659 945 2685 ὃν

159 2709 325 2746 ὑπογράφων
347 2710 439 2740 αὐτοῖς
461 2708 548 2742 ἔλεγε·
570 2716 579 2733 ι
604 2707 651 2742 Μὴ
675 2705 810 2741 κτήσησθε
834 2705 944 2740 χρυσίον

160 2754 227 2791 μηδι
242 2755 363 2791 ἄργυρον
379 2755 418 2785 εἰς
434 2753 482 2785 τὰς
498 2752 595 2785 ζώνας,
616 2751 652 2787 μὴ
672 2753 760 2787 πήραν
782 2751 821 2782 εἰς
836 2750 909 2776 ὁδόν·
931 2760 941 2775 υ

158 2802 205 2829 καὶ
231 2802 268 2829 τὰ
294 2802 420 2830 τοιαῦτα.
441 2803 480 2838 Τῇ
504 2802 532 2829 δὲ
561 2801 649 2828 πάντα
669 2798 805 2835 ὂιοικούσῃ
832 2797 945 2834 προνοίᾳ

157 2845 256 2878 αὐτοὺς
284 2846 452 2878 ἀναθέντας,
481 2846 563 2882 μηδὲν
594 2844 727 2881 μεριμνᾷν
757 2843 810 2871 τῶν
845 2842 944 2879 χρειῶν

193 2901 216 2918 “
231 2901 297 2930 Luc.
310 2909 389 2936 uin,
400 2900 445 2929 46.

995 2290 1047 2317 iam
1068 2290 1173 2324 possint
1197 2289 1337 2323 assignare
1357 2297 1479 2319 causam,
1502 2293 1614 2324 propter
1635 2297 1728 2323 quam,
1755 2289 1783 2315 hi

994 2335 1103 2370 quidem
1124 2335 1197 2361 illius
1220 2334 1359 2368 discipuli,
1377 2334 1422 2361 ille
1447 2342 1512 2361 vero
1534 2335 1632 2361 horum
1654 2334 1783 2368 magister

994 2382 1138 2409 exstiterit.
1153 2381 1219 2407 Nam
1233 2385 1260 2407 et
1274 2381 1319 2414 qui
1333 2380 1422 2411 docet,
1441 2380 1558 2414 alicujus
1568 2379 1718 2413 disciplinae
1730 2387 1783 2405 ma-

993 2428 1109 2463 gistrum
1128 2435 1157 2454 se
1170 2426 1313 2461 proﬁtetur
1329 2436 1334 2452 :
1349 2430 1376 2452 et
1395 2426 1524 2460 discipuli
1546 2426 1609 2452 talis
1631 2425 1783 2458 disciplime

997 2474 1090 2508 cupidi
1103 2473 1262 2507 magistrum
1275 2472 1418 2502 adeuntes,
1434 2472 1540 2505 seipsos
1553 2472 1588 2497 illi
1607 2471 1782 2498 instruendus

997 2519 1180 2546 committunt.
1193 2518 1278 2550 Quam
1292 2518 1373 2552 igitur
1381 2525 1491 2544 causam
1501 2517 1545 2544 isti
1553 2516 1647 2543 alierre
1656 2521 1781 2551 possunt,

997 2573 1082 2601 quare
1097 2566 1139 2592 sui
1151 2572 1212 2591 cum
1224 2563 1288 2591 Jesu
1300 2563 1427 2598 discipuli
1442 2563 1552 2595 versati,
1570 2562 1782 2597 frequentesque

998 2612 1118 2639 fuerint?
1129 2615 1176 2638 aut
1192 2610 1322 2645 quidnam
1333 2610 1410 2641 illud,
1424 2616 1527 2643 quasso,
1544 2612 1613 2640 erat,
1635 2608 1707 2642 quod
1722 2608 1782 2635 illos

997 2658 1044 2685 tali
1063 2658 1120 2684 viro
1133 2658 1198 2684 dare
1214 2664 1324 2690 operam
1341 2655 1468 2690 cogeret?
1480 2662 1595 2689 quarum
1608 2661 1689 2689 porro
1700 2654 1783 2682 disci-

997 2704 1132 2738 plinarum
1159 2702 1298 2728 doctorem
1324 2701 1401 2727 illum
1430 2700 1515 2727 fuisse
1539 2700 1650 2727 dicent?
1670 2708 1704 2727 an
1732 2699 1784 2726 hoc

997 2749 1106 2785 quidem
1128 2747 1229 2774 nemini
1253 2746 1366 2773 dubium
1393 2754 1454 2773 esse
1482 2746 1588 2781 potest?
1606 2746 1685 2780 plane
1709 2745 1783 2773 enim

998 2802 1091 2823 earum
1104 2801 1195 2821 rerum
1210 2792 1347 2819 doctorem
1359 2791 1444 2819 fuisse
1459 2799 1571 2819 necesse
1587 2794 1639 2823 est,
1657 2799 1727 2825 quas
1736 2790 1780 2825 qui

1000 2842 1033 2869 ab
1051 2841 1098 2869 illo
1116 2839 1280 2872 didicerunt,
1303 2837 1337 2866 ad
1360 2838 1480 2874 reliquos
1504 2838 1628 2866 homines
1641 2837 1757 2865 attulere
1772 2843 1781 2863 :
