2071 3219
287 160 337 188 ωε)

621 159 755 188 EUSEBll
774 159 1013 189 CESARIENSIS
1030 159 1105 188 OPP.
1127 159 1216 188 PARS
1234 160 1266 187 ll.
1285 175 1319 181 —
1338 158 1587 188 APOLOGETICA.

1856 159 1912 187 200

283 219 358 254 atqui
371 222 504 254 praecepta
521 223 600 246 erant
620 219 677 246 haec
691 219 886 254 philosophica:
900 220 971 251 vitae,
986 227 1066 254 quam

1119 219 1209 246 ἕνεκα.
1231 219 1350 255 Παρῄνει
1375 218 1396 244 δ’
1427 219 1518 250 αὐτοῖς
1544 219 1590 245 καὶ
1613 219 1668 247 τῶν
1695 217 1828 250 Ἰουδαίοις
1855 219 1911 245 ὑπὸ

283 264 337 292 illis
349 265 508 291 describens
527 263 654 291 dicebat:
670 275 678 289 ι
696 265 786 291 Nolite
803 264 943 298 possidere
961 272 1069 294 aurum,

282 318 372 345 neque
401 313 545 345 argentum
567 310 595 337 in
613 310 695 337 'zonis
719 310 831 341 vestris,
860 317 913 336 non
935 318 1026 344 peram
1042 311 1070 336 in

283 357 325 383 via
336 356 369 388 “,
387 365 397 382 ι
412 360 439 383 et
453 355 504 382 alia
514 355 659 389 ejusmodi.
681 355 791 389 Scipsos
807 362 869 382 vero
882 355 994 390 jubebat
1007 362 1071 389 pro-

281 401 416 435 videntiae,
425 410 486 438 qua:
498 402 589 430 omnia
597 403 740 437 gubernat,
750 401 982 433 commendantes,
995 406 1021 428 et
1036 401 1069 428 ad

283 449 356 475 illam
372 448 530 480 referentes,
552 456 687 483 nusquam
703 449 838 476 sollicitos
857 456 919 475 esse
936 447 969 475 de
987 448 1068 475 rebus

282 495 457 523 necessariis.
469 494 640 522 Admonebat
659 495 740 522 etiam
761 502 819 526 eos.
841 498 870 521 ut
888 494 970 521 altius
988 501 1068 528 sape-

283 545 344 568 rent
369 543 421 574 iis,
443 549 503 576 quae
519 541 620 569 Jutheis
645 550 659 569 a
680 542 755 569 Mose
777 545 912 577 praecepta
934 541 1042 568 fuerant
1061 548 1067 565 :

285 587 447 622 ιιοίιιυιη
456 587 528 614 enim
543 589 629 622 legem
641 588 696 616 illis
713 587 847 623 posuisse,
865 595 918 614 non
932 587 1067 619 Occidere,

282 638 411 668 tanquam
436 633 606 668 proelivibus
632 633 666 660 ad
693 633 871 660 occidendum
893 642 899 660 :
925 633 987 660 item
1013 640 1067 659 non

281 678 424 709 mmchari,
450 684 579 713 tanquam
599 678 633 706 iis
653 678 699 713 qui
721 677 908 709 lascivissimi,
934 682 1016 712 atque
1039 678 1067 704 in

281 724 420 751 libidinem
442 724 650 759 propensissimi
665 729 766 751 essent.
785 724 890 752 Rursus
905 730 957 750 non
971 722 1066 755 furari,

280 774 410 804 tanquam
431 771 530 798 servile
545 770 662 797 maxime
683 770 820 805 ingenium
835 777 891 804 pra).
910 777 939 796 se
955 768 1068 796 ferenti-

280 816 341 844 bus.
358 817 435 850 lpsos
453 817 519 843 vero
542 821 670 851 oportere
695 815 834 847 arbitrari,
861 815 909 842 has
930 815 981 842 sibi
1001 814 1067 849 ipsis

279 869 415 896 nusquam
429 869 490 889 esse
507 862 724 889 accommodatas
740 861 823 896 leges,
842 861 888 888 sed
904 860 987 887 animi
1002 860 1068 886 libe-

1122 265 1259 297 Μωῦσέως
1285 264 1517 300 παρηγγελμένων
1547 264 1687 300 κρείττονα
1712 266 1829 301 φρονεῖν.
1856 265 1911 292 Τὸν

1123 310 1172 345 μὲν
1194 310 1258 346 γὰρ,
1276 307 1319 336 οἷα
1334 310 1488 345 προχείροις
1502 311 1542 342 είς
1556 311 1744 346 ἀνδροφονίας,
1761 312 1911 347 νομοθετῆ-

1122 365 1166 382 σαι
1183 356 1220 392 μὴ
1235 356 1370 390 φονεύειν·
1388 356 1517 388 ὡσαύτως
1529 356 1558 382 δὲ
1575 356 1622 382 καὶ
1643 357 1680 392 μὴ
1698 357 1843 392 μοιχεύειν,
1864 356 1910 384 οἶα

1121 401 1324 436 λαγνιστάτοις,
1345 402 1391 428 καὶ
1414 402 1669 438 καταφερεστάτοις.
1690 405 1745 430 Καὶ
1766 402 1800 431 αὗ
1827 404 1910 432 πάλιν

1122 448 1159 484 μὴ
1175 448 1312 480 κλέπτειν,
1326 446 1369 474 οἶα
1384 448 1668 485 δουλοπρεπεστάτοις.
1686 450 1790 482 Αὐτοὺς
1806 450 1833 477 δὲ
1852 451 1909 478 δεῖν

1119 494 1230 525 τούτους
1253 494 1301 529 μὲν
1318 494 1442 529 ἡγεῖσθαι
1464 494 1501 530 μὴ
1517 495 1664 530 προσήκειν
1682 495 1773 527 αὐτοῖς
1788 497 1850 528 τοὺς
1864 496 1909 523 νὸΔ

1121 548 1198 574 μους,
1217 539 1247 565 τὸ
1263 539 1284 565 δ’
1299 539 1401 571 ἀπαθὲς
1415 540 1464 574 τῆς
1479 539 1568 574 ψυχῆς
1581 541 1643 575 περὶ
1654 540 1751 567 πολλοῦ
1769 542 1907 576 προτιμᾷν

1120 586 1239 613 κάτωθεν
1257 587 1288 612 ὲκ
1299 586 1397 621 βάθους
1406 585 1489 620 αὐτῆς
1501 585 1628 618 διανοίας,
1642 586 1735 622 ὥσπερ
1747 586 1800 612 ἀπὸ
1812 586 1905 621 ῥιζῶν,

1119 632 1152 658 τὰ
1160 633 1209 667 τῆς
1221 632 1319 664 κακίας
1329 631 1530 667 ἀποτέμνοντας
1539 631 1723 666 βλαστήματα·
1734 633 1781 658 καὶ
1795 634 1907 668 κρατεῖν

1120 678 1168 713 μὲν
1182 678 1267 714 ὀργῆς
1283 678 1330 704 καὶ
1345 678 1436 712 πάσης
1456 678 1571 713 αἰσχρᾶς
1587 677 1734 713 ἐπιθυμίας
1747 678 1905 713 πειρᾶσθαι,

1120 724 1218 759 μᾶλλον
1239 724 1267 750 δὲ
1293 724 1359 759 μηδὲ
1383 724 1539 759 ὀργίζεσθαι
1563 724 1596 750 δι’
1611 716 1698 759 ἄκραν
1721 724 1808 759 ψυχῆς
1834 723 1907 750 ἀπά-

1119 769 1204 802 θειαν,
1230 770 1297 805 μηδὲ
1324 770 1503 805 προσϐλέπειν
1526 771 1641 804 γυναῖκα
1668 769 1735 805 μετὰ
1760 769 1906 804 ἐπιθυμίας

1118 815 1282 842 ἀκολάστουο
1308 815 1376 851 μηδὲ
1404 815 1539 847 κλέπτειν,
1563 815 1716 841 τούναντίον
1739 816 1778 846 δὲ,
1802 816 1849 841 καὶ
1872 815 1906 842 τὰ

1117 861 1204 887 οἰκεῖα
1219 860 1361 895 προΐεσθαι
1386 861 1442 891 τοῖς
1464 860 1617 895 δεομένοις·
1640 860 1707 886 ἀλλὰ
1723 860 1789 896 μηδὲ
1807 860 1906 895 σεμνὺ-

279 907 413 934 rationem
429 908 463 934 ab
474 907 548 934 omni
564 907 659 934 morbo
679 907 789 942 plurimi
802 906 901 938 facere,
918 910 945 933 et
956 906 991 933 ab
1005 906 1066 932 imis

1117 905 1209 932 νεσθαι
1221 907 1266 932 ἐπὶ
1280 906 1319 941 τῷ
1335 905 1373 941 μὴ
1390 907 1561 941 ἀποστερεῖν,
1575 906 1630 932 ἀλλ’
1643 906 1689 932 ἐπὶ
1705 906 1744 941 τῷ
1758 906 1820 938 τοὺς
1835 907 1906 940 σφᾶς

279 953 404 987 partibus
414 961 445 980 ac
460 953 494 980 de
508 953 644 988 profundo
656 953 840 988 cogitationis,
852 957 980 987 tanquam
993 959 1008 978 a
1024 960 1067 978 ra-

279 998 388 1026 dicibus
413 999 547 1026 malitiam
568 999 747 1033 pullulantem
773 1006 914 1031 resecare,
943 999 1067 1033 iramque

278 1047 361 1079 atque
376 1051 485 1071 omnem
500 1043 591 1072 minus
609 1044 752 1070 honestam
768 1044 944 1078 cupiditatem
957 1044 1066 1071 vincere

279 1091 417 1122 coronari,
435 1097 467 1117 ac
482 1090 573 1125 potius
591 1098 622 1117 ex
642 1097 749 1118 summa
768 1091 850 1117 animi
870 1090 1067 1125 tranquillitate

284 1143 318 1162 ne
332 1135 413 1162 irasci
425 1135 544 1169 quidem,
557 1142 646 1170 neque
661 1135 802 1162 mulierem
819 1142 880 1162 cum
897 1135 1010 1162 libidine
1024 1135 1067 1161 in-

284 1181 364 1213 tueri,
380 1189 411 1208 ac
435 1189 489 1208 non
505 1181 585 1208 modo
613 1188 667 1207 non
694 1180 791 1213 furari,
815 1180 863 1208 sed
887 1184 1000 1213 contra,
1022 1187 1066 1207 res

282 1227 363 1254 etiam
377 1235 442 1254 suas
460 1226 643 1261 indigentibus
659 1234 783 1261 erogare.
795 1225 888 1261 Neque
907 1234 972 1253 vero
988 1226 1014 1252 in
1033 1233 1066 1252 eo

281 1272 404 1307 gloriari,
429 1272 501 1306 quod
523 1272 610 1299 aliena
631 1271 703 1298 inter
724 1279 754 1299 se
774 1279 828 1299 non
853 1271 1001 1303 auferrent,
1019 1272 1066 1299 sed

279 1317 351 1352 quod
373 1317 424 1348 eis,
444 1317 491 1352 qui
516 1324 545 1344 se
566 1316 646 1351 primi
672 1316 848 1351 spoliassent,
869 1324 976 1344 omnem
993 1316 1065 1351 inju-

279 1362 347 1389 riam
360 1362 538 1388 remitterent.
550 1361 581 1387 Et
594 1362 660 1396 quid
675 1369 745 1397 opus
762 1366 804 1389 est
819 1369 861 1389 me
878 1361 969 1388 omnia
989 1369 1066 1395 repe-

277 1413 346 1439 tere,
364 1414 535 1442 quazcunque
549 1411 596 1433 aut
612 1407 657 1434 ille
669 1407 773 1439 docuit,
784 1411 831 1434 aut
843 1407 881 1434 illi
895 1407 1066 1433 didicerunt?

277 1461 342 1481 nam
357 1457 455 1488 praeter
466 1457 576 1484 caetera,
589 1453 651 1480 illos
664 1453 700 1479 ita
709 1454 850 1480 veritaUem
867 1453 993 1488 amplecti
1006 1453 1066 1480 hor-

275 1499 399 1530 tabatur,
417 1503 447 1526 ut
463 1506 496 1526 ne
517 1498 578 1533 jure
592 1498 701 1533 quidem
715 1499 834 1534 jurando
856 1499 1020 1535 indigerent,
1034 1507 1065 1526 ac

276 1545 363 1573 multo
379 1544 489 1580 quidem
509 1545 600 1572 minus
615 1544 747 1579 perjurio.
770 1545 810 1571 Ita
827 1553 891 1572 vero
907 1553 937 1573 se
964 1546 1018 1572 vita
1033 1553 1065 1572 ac

276 1590 399 1618 moribus
415 1597 584 1625 comparare,
605 1595 632 1617 ut
657 1591 730 1625 quod
746 1591 878 1623 dicerent,
899 1591 974 1618 omni
988 1591 1064 1626 jure-
1078 1584 1098 1611 (ἶ

274 1637 392 1672 iurando
407 1638 510 1664 eertius
528 1637 685 1668 haberetur,
699 1638 906 1672 progredientes
920 1637 954 1665 ad
969 1638 994 1665 id
1015 1646 1063 1666 us-

276 1691 330 1718 que
355 1682 489 1711 sermonis
505 1686 533 1709 ut
549 1690 598 1717 pro
613 1681 790 1710 aﬂirmatione
810 1683 941 1717 dicerent,
956 1683 1041 1710 Etiam
1055 1694 1061 1711 :

276 1737 324 1764 pro
338 1730 492 1764 negatione,
506 1727 565 1755 Non
581 1738 587 1755 :
604 1733 631 1756 et
645 1737 706 1756 cum
724 1729 836 1757 veritate
850 1730 1005 1764 huiusmodi
1018 1738 1064 1757 vo-

276 1776 354 1802 cibus
369 1779 521 1802 uterentur.
537 1775 741 1810 lnterrogemus‘
754 1775 846 1810 igitur,
866 1783 947 1810 quam
963 1776 1062 1810 proba-

277 1823 410 1849 bilitatem
431 1821 541 1852 habeat,
553 1820 648 1847 talium
665 1820 892 1848 documentorum
911 1821 1060 1852 auditores.

276 1876 308 1895 ac
320 1868 409 1903 potius
419 1867 473 1902 jam
490 1866 635 1901 magistros
643 1865 764 1897 effectos.
774 1866 907 1901 suspicari
923 1867 1060 1898 mentitos,

276 1921 446 1948 quaecunque
463 1920 544 1940 suum
566 1916 761 1947 praeceptorem
782 1911 906 1939 eﬂccisse
923 1912 1062 1939 testiﬁcati

277 1958 359 1986 sunt?
374 1961 420 1985 aut
435 1965 516 1992 quam
535 1956 702 1984 credibiliter
721 1956 834 1989 faciant,
853 1957 876 1984 si
894 1957 1062 1992 putentillos

276 2011 372 2030 omnes
388 2003 440 2030 sibi
454 2003 525 2029 inter
540 2010 570 2030 se
583 2002 758 2030 consensisse
774 2002 801 2029 in
818 2002 976 2030 mendacio?
992 2002 1062 2030 duo-

1116 955 1277 988 ἀποστερεῖν
1305 954 1544 989 προηγουμένους,
1571 952 1769 987 ἁμνησικάκως
1800 953 1903 987 φέρειν.

1117 999 1172 1025 Καὶ
1192 999 1217 1024 τί
1239 1007 1271 1034 με
1297 999 1348 1034 χρὴ
1373 1000 1536 1032 συναγαγεῖν
1560 998 1640 1024 πάνθ’
1659 998 1708 1024 ὅσα
1722 999 1736 1023 ὁ
1755 998 1802 1033 μὲν
1817 998 1905 1024 ἐδίδα-

1117 1054 1191 1077 σκεν,
1208 1045 1232 1071 οἱ
1252 1044 1274 1071 δ’
1299 1045 1448 1079 ἐμάνθανον
1462 1053 1468 1076 ;
1484 1043 1599 1080 παρῄνει
1619 1043 1641 1070 δ’
1660 1044 1750 1075 αὐτοῖς
1766 1043 1834 1079 πρὸς
1848 1044 1906 1074 τοῖς

1115 1091 1204 1122 ἄλλοις
1226 1091 1276 1126 τῆς
1291 1091 1418 1126 ἀληθείας
1441 1090 1526 1122 οὕτως
1551 1090 1669 1125 ἔχεσθαι,
1687 1090 1724 1121 ὡς
1746 1090 1807 1124 μηδ’
1825 1090 1905 1125 εὐορ-

1117 1137 1178 1168 κίας
1199 1136 1313 1167 δεῖσθαι,
1332 1136 1429 1163 πολλοῦ
1450 1136 1490 1162 δεῖ
1508 1138 1659 1172 ἐπιορκεῖν·
1685 1135 1905 1171 παρασκευάζειν

1115 1182 1143 1208 δὲ
1159 1182 1204 1208 τὸν
1226 1182 1325 1217 τρόπον
1350 1182 1449 1214 παντὸς
1468 1183 1550 1217 ὅρκου
1573 1182 1730 1217 πιστότερον
1752 1181 1904 1215 φαίνεσθαι,

1118 1229 1197 1264 μέχρι
1220 1228 1266 1255 τοῦ
1282 1227 1335 1254 Ναὶ
1351 1228 1400 1255 καὶ
1425 1229 1472 1254 τοῦ
1490 1227 1526 1254 Οὒ
1548 1228 1712 1263 χωροῦντας,
1729 1228 1777 1254 σὺν
1791 1226 1906 1262 ἀληθείᾳ

1117 1276 1171 1306 τοῖς
1197 1274 1300 1309 ῥήμασι
1322 1273 1488 1309 χρωμένους.
1509 1273 1643 1299 Πευστέον
1663 1273 1764 1303 τοίνυν,
1787 1272 1848 1298 τίνει
1871 1272 1905 1298 ἂν

1117 1319 1172 1354 ἔχοι
1191 1319 1270 1353 λόγον
1288 1319 1351 1350 τοὺς
1369 1318 1422 1345 τῶν
1446 1319 1552 1345 τοιωνδὶ
1572 1319 1718 1354 ἀκροατὰς,
1736 1319 1785 1353 ἥδη
1806 1318 1835 1344 δὲ
1857 1319 1905 1345 καὶ

1116 1363 1288 1394 διδασκάλους
1307 1362 1360 1389 τῶν
1377 1362 1464 1389 αὐτῶν
1483 1363 1584 1397 φύντας
1599 1363 1779 1398 μαθημάτων,
1796 1363 1903 1389 πεπλᾶ-

1118 1409 1178 1435 σθαι
1204 1410 1341 1441 ὑπονοεῖν,
1367 1409 1416 1434 ὅσα
1443 1408 1642 1444 διαπράξασθαι
1670 1409 1715 1435 τὸν
1745 1408 1904 1435 διδάσκαλον

1117 1453 1318 1490 ἐμαρτύρησαν.
1334 1454 1365 1479 Τί
1386 1454 1414 1480 δὲ
1427 1455 1456 1480 τὸ
1473 1455 1585 1481 πιθανὸν
1599 1455 1644 1481 τοῦ
1660 1455 1780 1490 νομίζειν
1792 1453 1905 1490 συμφώ-

1116 1508 1168 1532 νως
1186 1500 1308 1531 ἅπαντας
1330 1499 1491 1534 ψεύσασθαι,
1512 1499 1617 1527 δώδεκα
1639 1500 1718 1532 ΰντας
1732 1501 1776 1527 τὸν
1787 1500 1904 1536 ἀριθμὸν

1115 1546 1177 1576 τοὺς
1198 1545 1351 1580 ἐκκρίτους,
1374 1544 1558 1580 ἐϐδομήκοντα
1577 1544 1605 1570 δὲ
1626 1545 1689 1575 τοὺς
1709 1543 1833 1576 λοιπούς;
1856 1542 1904 1576 οὓς

1116 1592 1162 1618 καὶ
1173 1591 1329 1618 ἀποστεῖλαι
1341 1591 1448 1624 λέγεται
1462 1590 1514 1616 ἀνὰ
1529 1590 1574 1616 δύο
1586 1590 1639 1625 πρὸ
1652 1590 1796 1626 προσώπου
1809 1590 1903 1622 αὑτοῦ,

1116 1638 1155 1668 εἰς
1173 1636 1260 1663 πάντα
1274 1635 1356 1675 τόπον
1370 1634 1416 1661 καῖ¹
1431 1634 1522 1670 χώραν
1540 1631 1570 1660 οὗ
1594 1634 1705 1669 ἔμελλεν
1728 1634 1808 1666 αὐτὸς
1826 1634 1905 1670 ἔρχε-

1117 1681 1188 1707 σθαι.
1217 1680 1287 1706 Ἀλλ’
1304 1679 1390 1711 οὐδεὶς
1412 1680 1484 1714 αἱρεῖ
1497 1679 1573 1713 λόγος
1597 1679 1768 1706 ἀπιστεῖσθαι
1792 1679 1905 1705 τοσοῦτο

1117 1725 1218 1760 πλῆθος
1243 1724 1349 1760 ἀνδρῶν
1365 1724 1463 1759 εὐσεϐῆ
1480 1725 1526 1750 καὶ
1540 1725 1636 1758 σεμνὸν
1661 1724 1717 1759 βίον
1741 1725 1904 1760 ἀσπασαμέ-

1118 1780 1181 1803 νων,
1199 1771 1246 1798 καὶ
1272 1771 1380 1797 πάντων
1408 1770 1457 1805 μὲν
1476 1771 1529 1796 τῶν
1553 1770 1659 1797 οἰκείων
1676 1771 1903 1806 ὼλιγωρηκότων,

1116 1818 1175 1844 ἀντὶ
1190 1817 1289 1844 δὲιτῶν
1308 1816 1452 1851 φιλτάτων,
1472 1816 1599 1850 γυναικὸς
1621 1816 1701 1850 λέγω,
1724 1816 1769 1842 καὶ
1787 1815 1902 1847 παίδων,

1116 1865 1163 1890 καὶ
1175 1864 1275 1896 παντὸς
1295 1863 1402 1897 γένους,
1417 1863 1461 1889 τὸν
1483 1863 1625 1898 ἀκτήμονα
1641 1863 1740 1897 τρόπον
1757 1862 1902 1898 ἑλομένων,

1117 1910 1164 1936 καὶ
1177 1909 1227 1945 τὴν
1247 1910 1310 1945 περὶ
1329 1909 1375 1936 τοῦ
1395 1908 1554 1936 διδασκάλου
1571 1908 1722 1944 μαρτυρίαν
1747 1908 1901 1943 σύμφωνον,

1114 1955 1152 1988 ὡς
1166 1957 1212 1990 ἀφ’
1225 1956 1284 1988 ἐνὸς
1303 1956 1446 1991 στόματος,
1463 1955 1503 1986 είς
1515 1955 1618 1985 πάντας
1633 1954 1793 1990 ἀνθρώπους
1810 1954 1904 1989 ἐξενη-

1115 2011 1241 2036 νοχοτων.

277 2049 365 2076 decim
380 2048 489 2083 quidem
510 2047 545 2075 de
564 2048 639 2075 omni
664 2055 778 2075 numero
791 2048 904 2080 electos,
920 2049 1091 2084 septuaginta
1113 2054 1201 2075 autem
1217 2048 1357 2083 reliquos?
1377 2048 1451 2081 Quos
1468 2048 1547 2075 etiam
1568 2047 1647 2074 binos
1672 2046 1780 2073 misisse
1802 2046 1902 2073 dicitur

279 2099 340 2122 ante
356 2094 452 2120 faciem
467 2101 555 2127 suam,
572 2093 606 2120 ad
627 2100 735 2120 omnem
762 2093 851 2120 locum
868 2098 895 2122 et
908 2095 1057 2130 regionem,
1076 2102 1130 2129 quo
1144 2098 1203 2122 erat
1216 2095 1274 2130 ipse
1303 2098 1446 2122 venturus.
1460 2093 1512 2120 Sed
1529 2093 1603 2120 nulla
1621 2100 1742 2127 unquam
1774 2092 1903 2119 afferetur

279 2141 358 2172 ratio,
374 2147 458 2175 quare
476 2144 557 2167 tanta!
577 2139 745 2167 multitudini
761 2140 901 2167 hominum
926 2141 1092 2169 credendum
1113 2150 1168 2169 non
1189 2142 1235 2173 sit,
1252 2141 1299 2177 qui
1318 2141 1428 2176 quidem
1451 2139 1607 2175 religiosam
1634 2146 1799 2173 gravemque
1818 2138 1901 2164 vitam

278 2186 394 2222 amplexi
414 2186 480 2218 sint,
510 2194 608 2221 resque
631 2194 726 2213 omnes
755 2195 820 2214 suas
839 2188 987 2221 aspernati,
1000 2193 1027 2215 et
1043 2197 1092 2223 pro
1109 2189 1290 2220 charissimis,
1308 2195 1403 2218 uxore,
1420 2187 1545 2222 inquam,
1561 2189 1589 2213 et
1613 2186 1708 2213 liberis
1725 2189 1752 2212 et
1767 2185 1842 2212 omni
1856 2192 1903 2219 ge-

277 2241 353 2263 nere.
374 2232 482 2266 inopem
499 2231 601 2259 vietum
622 2232 763 2266 elegerint,
773 2241 806 2260 ac
820 2233 853 2260 de
867 2241 918 2260 suo
935 2239 1100 2269 praeceptore
1116 2243 1233 2262 concors
1249 2233 1444 2265 testimonium,
1464 2236 1592 2267 tanquam
1609 2239 1663 2258 uno
1684 2239 1742 2263 ore,
1757 2231 1785 2258 in
1808 2239 1904 2258 omnes

276 2279 400 2308 homines
415 2278 586 2313 protulerint.

311 2324 441 2359 Princeps
452 2325 534 2360 igitur
547 2325 603 2352 haec
616 2329 643 2352 et
655 2326 741 2360 prima
750 2329 777 2352 et
792 2333 854 2353 vera
863 2326 900 2353 sit
915 2327 995 2354 ratio.
1009 2326 1062 2354 Sed
1081 2331 1102 2357 D

275 2372 440 2398 contrariam
455 2379 563 2406 quoque
582 2376 737 2406 spectemus
754 2382 760 2399 :
780 2373 806 2399 in
821 2376 880 2407 qua‘
892 2373 988 2400 saltem
1004 2373 1061 2407 pri-

275 2425 349 2444 mum
359 2417 423 2444 illud
432 2421 549 2450 constet,
557 2417 690 2451 nobisque
698 2425 759 2444 cum
770 2418 824 2445 illis
830 2418 1061 2449 eonveniat,hune

275 2464 384 2499 quidem
406 2463 491 2492 fuisse
514 2470 719 2499 praeceptorem,
739 2465 800 2492 illos
823 2473 887 2493 vero
900 2465 1059 2501 discipulos.

279 2509 356 2543 ιιι
371 2508 472 2536 Deinde
484 2510 619 2544 fingamus
633 2509 708 2536 illum
727 2517 781 2537 non
793 2518 824 2537 ca
840 2519 901 2545 qua)
914 2511 970 2545 jam
987 2511 1059 2538 dicta

276 2558 351 2585 sunt,
365 2554 502 2587 docuisse,
513 2554 561 2581 sed
579 2555 632 2582 illis
651 2555 731 2589 plane
750 2556 890 2583 contraria
906 2557 1006 2590 facere,
1017 2558 1060 2584 vi-

276 2600 375 2628 delicet
385 2605 480 2627 contra
495 2601 577 2636 leges,
595 2601 676 2635 impie
691 2601 844 2636 injusteque
875 2609 965 2636 agere,
983 2610 1064 2636 supe-

277 2652 350 2677 rare,
365 2646 480 2679 spoliare
503 2650 626 2679 caeteros,
641 2651 668 2674 et
684 2647 707 2674 si
732 2647 797 2681 quid
815 2647 906 2679 aliud,
939 2647 1010 2683 quod
1029 2648 1062 2675 ad

278 2689 407 2716 malitiam
425 2690 570 2724 pertineat,
582 2691 635 2718 dici
651 2695 741 2726 potest
758 2701 764 2718 :
782 2692 865 2719 latere
886 2697 977 2719 autem
994 2692 1063 2720 iuiis

281 2733 410 2761 omnibus
437 2735 543 2766 conari,
571 2740 595 2763 et
611 2736 747 2771 ejusmodi
775 2744 865 2764 mores
891 2737 1064 2764 simulatione

278 2779 411 2807 doctrina:
421 2780 565 2815 gravioris,
581 2786 607 2809 et
618 2790 688 2810 nova
702 2783 874 2818 professione
892 2783 1003 2819 pietatis
1014 2783 1063 2811 ob-

313 2857 336 2873 “
349 2856 414 2884 Luc.
430 2865 456 2888 ι,
472 2857 498 2885 6.

1155 2323 1184 2350 '0
1216 2323 1265 2359 μὲν
1296 2320 1342 2349 οὖν
1373 2322 1466 2358 κύριος
1502 2321 1548 2348 καὶ
1578 2320 1685 2355 πρῶτος
1718 2320 1765 2347 καὶ
1800 2321 1903 2356 ἀληθὴς

1113 2370 1191 2404 λόγος
1218 2370 1260 2405 εἴη
1284 2369 1316 2396 ἂν
1342 2366 1428 2400 οὗτος.
1452 2366 1618 2402 Σκεψώμεθα
1639 2367 1667 2393 δὲ
1690 2367 1737 2393 καὶ
1757 2366 1802 2393 τὸν
1826 2368 1903 2393 ὲναν-

1113 2417 1179 2443 τίον.
1205 2416 1294 2442 Ἔστω
1316 2414 1369 2450 γὰρ
1391 2415 1404 2440 ὁ
1431 2414 1480 2449 μὲν
1502 2413 1671 2444 διδάσκαλος,
1686 2413 1710 2439 οἱ
1727 2412 1754 2439 δὲ
1772 2413 1901 2448 μαθηταί.

1113 2460 1170 2488 Εἴθ’
1185 2462 1222 2493 ὡς
1238 2462 1267 2487 ὲν
1276 2460 1402 2487 ὑποθέσει
1419 2459 1508 2493 λόγου,
1525 2459 1539 2485 ὁ
1551 2459 1599 2493 μὲν
1612 2458 1648 2493 μὴ
1659 2458 1693 2484 τὰ
1701 2458 1903 2494 προλελεγμένα

1112 2507 1269 2539 διδασκέτω,
1293 2506 1327 2533 τὰ
1350 2505 1372 2531 δ’
1390 2504 1502 2536 ἐκείνοις
1530 2503 1648 2535 ἐναντία,
1671 2506 1840 2539 παρανομεῖν
1856 2504 1903 2539 δη-

1112 2554 1187 2589 λαδὴ,
1205 2554 1252 2580 καὶ
1269 2552 1387 2583 ἀσεϐεῖν,
1405 2551 1452 2577 καὶ
1469 2550 1579 2581 ἀδικεῖν,
1594 2551 1641 2576 καί
1655 2550 1836 2582 πλεονεκτεῖν,
1855 2552 1902 2578 καὶ

1110 2600 1279 2634 ἀποστερεῖν,
1298 2597 1343 2624 καὶ
1359 2597 1384 2623 εί
1400 2605 1425 2622 τι
1445 2596 1538 2631 ἓτερον
1555 2596 1639 2622 κακὸν
1660 2595 1766 2629 λέγοιτο
1777 2603 1783 2610 ·
1801 2595 1902 2622 λανθά-

1103 2653 1165 2671 ’νειν
1191 2645 1212 2671 δ’
1234 2645 1281 2670 ἐπὶ
1306 2643 1372 2669 πᾶσι
1398 2642 1503 2673 τούτοις
1527 2640 1698 2672 σπουδάζειν,
1718 2641 1766 2667 καὶ
1786 2641 1817 2667 τὸ
1837 2639 1902 2676 ἦθος

1111 2690 1173 2726 μάλ’
1186 2689 1293 2723 εὐφυῶς
1317 2687 1531 2724 ἐπικρύπτεσθαι
1555 2686 1727 2722 προσχήματι
1743 2686 1846 2721 σεμνῆς
1863 2686 1902 2712 δι-

1109 2735 1257 2766 δασκαλίας
1283 2734 1331 2760 καὶ
1349 2733 1490 2764 εὐσεϐείας
1513 2732 1663 2767 ἐπαγγελίᾳ
1687 2732 1793 2767 καινῆς.
1818 2732 1849 2757 Oi.
1874 2731 1902 2757 δὲ

1111 2781 1196 2810 ταῦτα
1211 2779 1446 2816 μετερχέσθωσαν,
1469 2779 1516 2806 καὶ
1539 2777 1573 2804 τὰ
1588 2777 1691 2805 τούτων
1708 2777 1749 2804 ἔτι
1764 2776 1901 2813 μοχθηρό-
