  <div class='ocr_page' id='page_1' title='image "/cluster/home/n/w/nwhite01/storage/ocr_20150623/22/njp.32101077772497/140.png"; bbox 0 0 2071 3219; ppageno 0'>
   <div class='ocr_carea' id='block_1_1' title="bbox 177 184 230 211">
    <p class='ocr_par' dir='ltr' id='par_1_1' title="bbox 177 184 230 211">
     <span class='ocr_line' id='line_1_1' title="bbox 177 184 230 211; baseline 0 0"><span class='ocrx_word' id='word_1_1' title='bbox 177 184 230 211; x_wconf 73' lang='grc'><strong>201</strong></span> 
     </span>
    </p>
   </div>
   <div class='ocr_carea' id='block_1_2' title="bbox 633 177 1358 209">
    <p class='ocr_par' dir='ltr' id='par_1_2' title="bbox 633 177 1358 209">
     <span class='ocr_line' id='line_1_2' title="bbox 633 177 1358 209; baseline -0.001 -2"><span class='ocrx_word' id='word_1_2' title='bbox 633 179 961 209; x_wconf 74' lang='lat' dir='ltr'><strong>DEMONSTRATIONIS</strong></span> <span class='ocrx_word' id='word_1_3' title='bbox 980 177 1209 207; x_wconf 64' lang='lat' dir='ltr'><strong>EVANGELICE</strong></span> <span class='ocrx_word' id='word_1_4' title='bbox 1228 178 1294 207; x_wconf 87' lang='lat' dir='ltr'><strong>LIB.</strong></span> <span class='ocrx_word' id='word_1_5' title='bbox 1312 178 1358 206; x_wconf 82' lang='lat' dir='ltr'><strong>Ill.</strong></span> 
     </span>
    </p>
   </div>
   <div class='ocr_carea' id='block_1_3' title="bbox 1742 180 1797 209">
    <p class='ocr_par' dir='ltr' id='par_1_3' title="bbox 1742 180 1797 209">
     <span class='ocr_line' id='line_1_3' title="bbox 1742 180 1797 209; baseline 0 0"><span class='ocrx_word' id='word_1_6' title='bbox 1742 180 1797 209; x_wconf 68' lang='grc' dir='ltr'><strong>1θῖ</strong></span> 
     </span>
    </p>
   </div>
   <div class='ocr_carea' id='block_1_4' title="bbox 177 237 959 274">
    <p class='ocr_par' dir='ltr' id='par_1_4' title="bbox 177 238 959 274">
     <span class='ocr_line' id='line_1_4' title="bbox 177 238 959 274; baseline -0.003 -8"><span class='ocrx_word' id='word_1_7' title='bbox 177 247 255 274; x_wconf 78' lang='grc' dir='ltr'>τερα,</span> <span class='ocrx_word' id='word_1_8' title='bbox 271 238 315 265; x_wconf 75' lang='grc' dir='ltr'><strong>διὰ</strong></span> <span class='ocrx_word' id='word_1_9' title='bbox 330 238 362 265; x_wconf 82' lang='grc' dir='ltr'>τὸ</span> <span class='ocrx_word' id='word_1_10' title='bbox 384 238 502 274; x_wconf 79' lang='grc' dir='ltr'>προαλὲς</span> <span class='ocrx_word' id='word_1_11' title='bbox 521 238 573 273; x_wconf 79' lang='grc' dir='ltr'>τῆς</span> <span class='ocrx_word' id='word_1_12' title='bbox 590 239 689 271; x_wconf 78' lang='grc' dir='ltr'><strong>κακίας</strong></span> <span class='ocrx_word' id='word_1_13' title='bbox 710 239 757 266; x_wconf 74' lang='grc' dir='ltr'>καὶ</span> <span class='ocrx_word' id='word_1_14' title='bbox 777 239 959 266; x_wconf 46' lang='grc' dir='ltr'>αὐτοδίδακτον</span> 
     </span>
    </p>
   </div>
   <div class='ocr_carea' id='block_1_5' title="bbox 1011 237 1796 274">
    <p class='ocr_par' dir='ltr' id='par_1_5' title="bbox 1017 237 1796 274">
     <span class='ocr_line' id='line_1_5' title="bbox 1017 237 1796 274; baseline 0.005 -10"><span class='ocrx_word' id='word_1_15' title='bbox 1017 239 1115 272; x_wconf 81' lang='lat' dir='ltr'><strong>tegere.</strong></span> <span class='ocrx_word' id='word_1_16' title='bbox 1137 237 1192 272; x_wconf 84' lang='lat' dir='ltr'><strong>Ipsi</strong></span> <span class='ocrx_word' id='word_1_17' title='bbox 1217 244 1282 265; x_wconf 86' lang='lat' dir='ltr'><strong>vero</strong></span> <span class='ocrx_word' id='word_1_18' title='bbox 1302 237 1430 272; x_wconf 85' lang='lat' dir='ltr'><strong>discipuli</strong></span> <span class='ocrx_word' id='word_1_19' title='bbox 1452 242 1480 264; x_wconf 83' lang='lat' dir='ltr'><strong>et</strong></span> <span class='ocrx_word' id='word_1_20' title='bbox 1507 237 1549 266; x_wconf 85' lang='lat' dir='ltr'><strong>his</strong></span> <span class='ocrx_word' id='word_1_21' title='bbox 1560 243 1749 274; x_wconf 79' lang='lat' dir='ltr'><strong>exerceantur,</strong></span> <span class='ocrx_word' id='word_1_22' title='bbox 1769 246 1796 268; x_wconf 85' lang='lat' dir='ltr'><strong>et</strong></span> 
     </span>
    </p>
   </div>
   <div class='ocr_carea' id='block_1_6' title="bbox 177 283 963 319">
    <p class='ocr_par' dir='ltr' id='par_1_6' title="bbox 177 283 963 319">
     <span class='ocr_line' id='line_1_6' title="bbox 177 283 963 319; baseline -0.003 -8"><span class='ocrx_word' id='word_1_23' title='bbox 177 285 276 319; x_wconf 78' lang='grc' dir='ltr'>αὐτῆς·</span> <span class='ocrx_word' id='word_1_24' title='bbox 297 284 344 310; x_wconf 69' lang='grc' dir='ltr'><strong>ἐπὶ</strong></span> <span class='ocrx_word' id='word_1_25' title='bbox 367 284 436 319; x_wconf 81' lang='grc' dir='ltr'>μέγα</span> <span class='ocrx_word' id='word_1_26' title='bbox 458 284 485 310; x_wconf 79' lang='grc' dir='ltr'>δὲ</span> <span class='ocrx_word' id='word_1_27' title='bbox 505 284 632 315; x_wconf 72' lang='grc' dir='ltr'><strong>πλαστοῖς</strong></span> <span class='ocrx_word' id='word_1_28' title='bbox 656 285 773 319; x_wconf 71' lang='grc' dir='ltr'>ῥήμασιν</span> <span class='ocrx_word' id='word_1_29' title='bbox 798 283 963 318; x_wconf 82' lang='grc' dir='ltr'><strong>ἐπαιρόντων</strong></span> 
     </span>
    </p>
   </div>
   <div class='ocr_carea' id='block_1_7' title="bbox 176 329 960 365">
    <p class='ocr_par' dir='ltr' id='par_1_7' title="bbox 176 329 960 365">
     <span class='ocr_line' id='line_1_7' title="bbox 176 329 960 365; baseline -0.004 -8"><span class='ocrx_word' id='word_1_30' title='bbox 176 331 223 357; x_wconf 61' lang='grc' dir='ltr'><strong>τὸν</strong></span> <span class='ocrx_word' id='word_1_31' title='bbox 238 330 405 361; x_wconf 80' lang='grc' dir='ltr'>διδάσκαλον,</span> <span class='ocrx_word' id='word_1_32' title='bbox 428 330 540 365; x_wconf 82' lang='grc' dir='ltr'>μηδενὸς</span> <span class='ocrx_word' id='word_1_33' title='bbox 556 329 670 364; x_wconf 70' lang='grc' dir='ltr'>ψευδοῦς</span> <span class='ocrx_word' id='word_1_34' title='bbox 694 329 843 364; x_wconf 74' lang='grc' dir='ltr'><strong>φειδόμενοι</strong></span> <span class='ocrx_word' id='word_1_35' title='bbox 863 329 942 362; x_wconf 87' lang='grc' dir='ltr'>λόγου</span> <span class='ocrx_word' id='word_1_36' title='bbox 954 337 960 342; x_wconf 89' lang='grc'>·</span> 
     </span>
    </p>
   </div>
   <div class='ocr_carea' id='block_1_8' title="bbox 177 375 963 410">
    <p class='ocr_par' dir='ltr' id='par_1_8' title="bbox 177 375 963 410">
     <span class='ocr_line' id='line_1_8' title="bbox 177 375 963 410; baseline -0.001 -9"><span class='ocrx_word' id='word_1_37' title='bbox 177 375 267 402; x_wconf 78' lang='grc' dir='ltr'>πάντα</span> <span class='ocrx_word' id='word_1_38' title='bbox 283 375 311 402; x_wconf 83' lang='grc' dir='ltr'>δὲ</span> <span class='ocrx_word' id='word_1_39' title='bbox 321 375 395 410; x_wconf 74' lang='grc' dir='ltr'>αὐτῷ</span> <span class='ocrx_word' id='word_1_40' title='bbox 412 376 445 401; x_wconf 75' lang='grc' dir='ltr'>τὰ</span> <span class='ocrx_word' id='word_1_41' title='bbox 462 375 600 410; x_wconf 83' lang='grc' dir='ltr'>παράδοξα</span> <span class='ocrx_word' id='word_1_42' title='bbox 617 375 663 401; x_wconf 78' lang='grc' dir='ltr'>καὶ</span> <span class='ocrx_word' id='word_1_43' title='bbox 679 375 728 406; x_wconf 82' lang='grc' dir='ltr'><strong>τὰς</strong></span> <span class='ocrx_word' id='word_1_44' title='bbox 744 375 963 410; x_wconf 84' lang='grc' dir='ltr'>θαυματουργίας</span> 
     </span>
    </p>
   </div>
   <div class='ocr_carea' id='block_1_9' title="bbox 177 420 964 456">
    <p class='ocr_par' dir='ltr' id='par_1_9' title="bbox 177 420 964 456">
     <span class='ocr_line' id='line_1_9' title="bbox 177 420 964 456; baseline -0.001 -9"><span class='ocrx_word' id='word_1_45' title='bbox 177 421 375 456; x_wconf 78' lang='grc' dir='ltr'><strong>πεπλασμένως</strong></span> <span class='ocrx_word' id='word_1_46' title='bbox 389 421 605 456; x_wconf 78' lang='grc' dir='ltr'>ὲπιγραφόντων,</span> <span class='ocrx_word' id='word_1_47' title='bbox 623 421 660 452; x_wconf 83' lang='grc' dir='ltr'>ὡς</span> <span class='ocrx_word' id='word_1_48' title='bbox 679 421 710 447; x_wconf 82' lang='grc' dir='ltr'>ἂν</span> <span class='ocrx_word' id='word_1_49' title='bbox 728 420 907 455; x_wconf 76' lang='grc' dir='ltr'><strong>θαυμάζοιντο</strong></span> <span class='ocrx_word' id='word_1_50' title='bbox 918 421 964 446; x_wconf 72' lang='grc' dir='ltr'>καὶ</span> 
     </span>
    </p>
   </div>
   <div class='ocr_carea' id='block_1_10' title="bbox 177 465 963 503">
    <p class='ocr_par' dir='ltr' id='par_1_10' title="bbox 177 465 963 503">
     <span class='ocr_line' id='line_1_10' title="bbox 177 465 963 503; baseline -0.004 -8"><span class='ocrx_word' id='word_1_51' title='bbox 177 468 264 499; x_wconf 71' lang='grc' dir='ltr'>αὐτοὶ,</span> <span class='ocrx_word' id='word_1_52' title='bbox 285 467 333 494; x_wconf 84' lang='grc' dir='ltr'>καὶ</span> <span class='ocrx_word' id='word_1_53' title='bbox 351 467 551 503; x_wconf 80' lang='grc' dir='ltr'>μακαρίζοιντο,</span> <span class='ocrx_word' id='word_1_54' title='bbox 570 465 613 493; x_wconf 81' lang='grc' dir='ltr'>οἷα</span> <span class='ocrx_word' id='word_1_55' title='bbox 632 467 748 503; x_wconf 75' lang='grc' dir='ltr'>μαθηταὶ</span> <span class='ocrx_word' id='word_1_56' title='bbox 768 467 870 493; x_wconf 77' lang='grc' dir='ltr'>τοιοῦδε</span> <span class='ocrx_word' id='word_1_57' title='bbox 886 467 963 500; x_wconf 81' lang='grc' dir='ltr'>γενέ-</span> 
     </span>
    </p>
   </div>
   <div class='ocr_carea' id='block_1_11' title="bbox 177 511 962 548">
    <p class='ocr_par' dir='ltr' id='par_1_11' title="bbox 177 511 962 548">
     <span class='ocr_line' id='line_1_11' title="bbox 177 511 962 548; baseline -0.003 -8"><span class='ocrx_word' id='word_1_58' title='bbox 177 514 239 540; x_wconf 84' lang='grc' dir='ltr'>σθαι</span> <span class='ocrx_word' id='word_1_59' title='bbox 255 512 409 548; x_wconf 72' lang='grc' dir='ltr'><strong>ἠξιωμένοι.</strong></span> <span class='ocrx_word' id='word_1_60' title='bbox 433 513 500 548; x_wconf 79' lang='grc' dir='ltr'>Φέρε</span> <span class='ocrx_word' id='word_1_61' title='bbox 517 511 563 539; x_wconf 81' lang='grc' dir='ltr'>οὖν</span> <span class='ocrx_word' id='word_1_62' title='bbox 582 513 690 547; x_wconf 69' lang='grc' dir='ltr'>ἴδωμεν,</span> <span class='ocrx_word' id='word_1_63' title='bbox 710 514 734 539; x_wconf 74' lang='grc' dir='ltr'>εἰ</span> <span class='ocrx_word' id='word_1_64' title='bbox 754 513 866 539; x_wconf 81' lang='grc' dir='ltr'>τοιοῖσδε</span> <span class='ocrx_word' id='word_1_65' title='bbox 889 511 962 539; x_wconf 82' lang='grc' dir='ltr'>οὖσιν</span> 
     </span>
    </p>
   </div>
   <div class='ocr_carea' id='block_1_12' title="bbox 176 557 963 594">
    <p class='ocr_par' dir='ltr' id='par_1_12' title="bbox 176 557 963 594">
     <span class='ocr_line' id='line_1_12' title="bbox 176 557 963 594; baseline -0.003 -8"><span class='ocrx_word' id='word_1_66' title='bbox 176 560 269 590; x_wconf 70' lang='grc' dir='ltr'>αὐτοῖς</span> <span class='ocrx_word' id='word_1_67' title='bbox 291 559 421 593; x_wconf 80' lang='grc' dir='ltr'><strong>συστῆναι</strong></span> <span class='ocrx_word' id='word_1_68' title='bbox 442 557 496 585; x_wconf 80' lang='grc' dir='ltr'>οἷόν</span> <span class='ocrx_word' id='word_1_69' title='bbox 515 567 545 585; x_wconf 85' lang='grc' dir='ltr'><strong>τε</strong></span> <span class='ocrx_word' id='word_1_70' title='bbox 564 557 597 594; x_wconf 81' lang='grc' dir='ltr'>ἦν</span> <span class='ocrx_word' id='word_1_71' title='bbox 621 559 651 585; x_wconf 73' lang='grc' dir='ltr'>τὸ</span> <span class='ocrx_word' id='word_1_72' title='bbox 674 559 851 594; x_wconf 79' lang='grc' dir='ltr'>ἐπιχείρημα.</span> <span class='ocrx_word' id='word_1_73' title='bbox 878 558 963 593; x_wconf 83' lang='grc' dir='ltr'>Κακῷ</span> 
     </span>
    </p>
   </div>
   <div class='ocr_carea' id='block_1_13' title="bbox 174 602 961 641">
    <p class='ocr_par' dir='ltr' id='par_1_13' title="bbox 174 602 961 641">
     <span class='ocr_line' id='line_1_13' title="bbox 174 602 961 641; baseline -0.001 -10"><span class='ocrx_word' id='word_1_74' title='bbox 174 605 209 641; x_wconf 84' lang='grc' dir='ltr'>δὴ</span> <span class='ocrx_word' id='word_1_75' title='bbox 223 604 308 631; x_wconf 79' lang='grc' dir='ltr'>κακὸν</span> <span class='ocrx_word' id='word_1_76' title='bbox 319 604 349 631; x_wconf 79' lang='grc' dir='ltr'>οὔ</span> <span class='ocrx_word' id='word_1_77' title='bbox 363 612 443 639; x_wconf 83' lang='grc' dir='ltr'>φασιν</span> <span class='ocrx_word' id='word_1_78' title='bbox 458 602 526 631; x_wconf 83' lang='grc' dir='ltr'>εἶναι</span> <span class='ocrx_word' id='word_1_79' title='bbox 541 605 627 638; x_wconf 82' lang='grc' dir='ltr'>φίλον,</span> <span class='ocrx_word' id='word_1_80' title='bbox 645 604 701 631; x_wconf 82' lang='grc' dir='ltr'>ἀλλ’</span> <span class='ocrx_word' id='word_1_81' title='bbox 718 604 777 631; x_wconf 78' lang='grc' dir='ltr'>οὐδὲ</span> <span class='ocrx_word' id='word_1_82' title='bbox 791 604 894 639; x_wconf 77' lang='grc' dir='ltr'>ἀγαθῷ.</span> <span class='ocrx_word' id='word_1_83' title='bbox 909 604 961 630; x_wconf 86' lang='grc' dir='ltr'><strong>Πό-</strong></span> 
     </span>
    </p>
   </div>
   <div class='ocr_carea' id='block_1_14' title="bbox 179 649 962 686">
    <p class='ocr_par' dir='ltr' id='par_1_14' title="bbox 179 649 962 686">
     <span class='ocr_line' id='line_1_14' title="bbox 179 649 962 686; baseline -0.001 -9"><span class='ocrx_word' id='word_1_84' title='bbox 179 650 225 677; x_wconf 75' lang='grc' dir='ltr'><strong>θεν</strong></span> <span class='ocrx_word' id='word_1_85' title='bbox 240 649 285 677; x_wconf 78' lang='grc' dir='ltr'>οὖν</span> <span class='ocrx_word' id='word_1_86' title='bbox 302 651 330 677; x_wconf 77' lang='grc' dir='ltr'>ὲν</span> <span class='ocrx_word' id='word_1_87' title='bbox 344 650 440 686; x_wconf 79' lang='grc' dir='ltr'>πλήθει</span> <span class='ocrx_word' id='word_1_88' title='bbox 460 650 573 676; x_wconf 77' lang='grc' dir='ltr'>τοσῶνδε</span> <span class='ocrx_word' id='word_1_89' title='bbox 594 650 695 685; x_wconf 80' lang='grc' dir='ltr'>ἀνδρῶν</span> <span class='ocrx_word' id='word_1_90' title='bbox 709 652 725 685; x_wconf 80' lang='grc' dir='ltr'>ἡ</span> <span class='ocrx_word' id='word_1_91' title='bbox 739 650 792 676; x_wconf 82' lang='grc' dir='ltr'>τῶν</span> <span class='ocrx_word' id='word_1_92' title='bbox 812 650 903 676; x_wconf 81' lang='grc' dir='ltr'>κακῶν</span> <span class='ocrx_word' id='word_1_93' title='bbox 918 650 962 676; x_wconf 77' lang='grc' dir='ltr'><strong>εὖ·</strong></span> 
     </span>
    </p>
   </div>
   <div class='ocr_carea' id='block_1_15' title="bbox 180 695 962 732">
    <p class='ocr_par' dir='ltr' id='par_1_15' title="bbox 180 695 962 732">
     <span class='ocr_line' id='line_1_15' title="bbox 180 695 962 732; baseline 0 -10"><span class='ocrx_word' id='word_1_94' title='bbox 180 704 263 732; x_wconf 75' lang='grc' dir='ltr'>ρηται</span> <span class='ocrx_word' id='word_1_95' title='bbox 279 696 437 731; x_wconf 52' lang='lat' dir='ltr'><strong>supercilia;</strong></span> <span class='ocrx_word' id='word_1_96' title='bbox 455 696 536 722; x_wconf 87' lang='grc' dir='ltr'>πόθεν</span> <span class='ocrx_word' id='word_1_97' title='bbox 552 697 568 730; x_wconf 81' lang='grc' dir='ltr'>ἡ</span> <span class='ocrx_word' id='word_1_98' title='bbox 583 696 646 731; x_wconf 83' lang='grc' dir='ltr'>περὶ</span> <span class='ocrx_word' id='word_1_99' title='bbox 660 695 712 722; x_wconf 80' lang='grc' dir='ltr'>τῶν</span> <span class='ocrx_word' id='word_1_100' title='bbox 732 695 819 722; x_wconf 79' lang='grc' dir='ltr'>αὐτῶν</span> <span class='ocrx_word' id='word_1_101' title='bbox 836 696 863 721; x_wconf 80' lang='grc' dir='ltr'>ὲν</span> <span class='ocrx_word' id='word_1_102' title='bbox 881 696 962 722; x_wconf 78' lang='grc' dir='ltr'>πᾶσιν</span> 
     </span>
    </p>
   </div>
   <div class='ocr_carea' id='block_1_16' title="bbox 177 741 962 780">
    <p class='ocr_par' dir='ltr' id='par_1_16' title="bbox 177 741 962 780">
     <span class='ocr_line' id='line_1_16' title="bbox 177 741 962 780; baseline -0.001 -12"><span class='ocrx_word' id='word_1_103' title='bbox 177 742 270 773; x_wconf 82' lang='grc' dir='ltr'>αὐτοῖς</span> <span class='ocrx_word' id='word_1_104' title='bbox 286 742 425 777; x_wconf 80' lang='grc' dir='ltr'><strong>ὁμόφωνος</strong></span> <span class='ocrx_word' id='word_1_105' title='bbox 450 741 634 777; x_wconf 67' lang='grc' dir='ltr'>μαρτυρίαςὴ</span> <span class='ocrx_word' id='word_1_106' title='bbox 660 741 738 776; x_wconf 82' lang='grc' dir='ltr'>μέχρι</span> <span class='ocrx_word' id='word_1_107' title='bbox 763 741 875 780; x_wconf 67' lang='grc' dir='ltr'>θανάτου</span> <span class='ocrx_word' id='word_1_108' title='bbox 898 742 962 776; x_wconf 81' lang='grc' dir='ltr'>ὁμο-</span> 
     </span>
    </p>
   </div>
   <div class='ocr_carea' id='block_1_17' title="bbox 175 787 962 823">
    <p class='ocr_par' dir='ltr' id='par_1_17' title="bbox 175 787 962 823">
     <span class='ocr_line' id='line_1_17' title="bbox 175 787 962 823; baseline -0.003 -9"><span class='ocrx_word' id='word_1_109' title='bbox 175 787 314 823; x_wconf 76' lang='grc' dir='ltr'>φροσύνης</span> <span class='ocrx_word' id='word_1_110' title='bbox 329 787 405 822; x_wconf 74' lang='grc' dir='ltr'>ἀνδρὶ</span> <span class='ocrx_word' id='word_1_111' title='bbox 426 787 454 814; x_wconf 77' lang='grc' dir='ltr'>δὲ</span> <span class='ocrx_word' id='word_1_112' title='bbox 469 787 545 822; x_wconf 80' lang='grc' dir='ltr'>γόητι</span> <span class='ocrx_word' id='word_1_113' title='bbox 561 787 649 813; x_wconf 81' lang='grc' dir='ltr'>τοιάδε</span> <span class='ocrx_word' id='word_1_114' title='bbox 670 787 904 822; x_wconf 77' lang='grc' dir='ltr'>ἐπαγγελλομένῳ,</span> <span class='ocrx_word' id='word_1_115' title='bbox 920 788 962 818; x_wconf 78' lang='grc' dir='ltr'><strong>τίς</strong></span> 
     </span>
    </p>
   </div>
   <div class='ocr_carea' id='block_1_18' title="bbox 176 832 961 868">
    <p class='ocr_par' dir='ltr' id='par_1_18' title="bbox 176 832 961 868">
     <span class='ocr_line' id='line_1_18' title="bbox 176 832 961 868; baseline -0.003 -8"><span class='ocrx_word' id='word_1_116' title='bbox 176 834 210 860; x_wconf 81' lang='grc' dir='ltr'>ἂν</span> <span class='ocrx_word' id='word_1_117' title='bbox 235 832 284 868; x_wconf 80' lang='grc' dir='ltr'>τὴν</span> <span class='ocrx_word' id='word_1_118' title='bbox 309 832 395 868; x_wconf 86' lang='grc' dir='ltr'>ἀρχὴν</span> <span class='ocrx_word' id='word_1_119' title='bbox 413 832 548 868; x_wconf 77' lang='grc' dir='ltr'>προσέσχε</span> <span class='ocrx_word' id='word_1_120' title='bbox 569 832 614 859; x_wconf 72' lang='grc' dir='ltr'>τὸν</span> <span class='ocrx_word' id='word_1_121' title='bbox 640 832 718 864; x_wconf 80' lang='grc' dir='ltr'>νοῦν;</span> <span class='ocrx_word' id='word_1_122' title='bbox 738 832 832 863; x_wconf 76' lang='grc' dir='ltr'>Εἴποις</span> <span class='ocrx_word' id='word_1_123' title='bbox 853 833 895 865; x_wconf 85' lang='grc' dir='ltr'>ἂν,</span> <span class='ocrx_word' id='word_1_124' title='bbox 921 833 961 858; x_wconf 78' lang='grc' dir='ltr'>ὅτι</span> 
     </span>
    </p>
   </div>
   <div class='ocr_carea' id='block_1_19' title="bbox 175 875 961 914">
    <p class='ocr_par' dir='ltr' id='par_1_19' title="bbox 175 875 961 914">
     <span class='ocr_line' id='line_1_19' title="bbox 175 875 961 914; baseline -0.001 -10"><span class='ocrx_word' id='word_1_125' title='bbox 175 878 272 913; x_wconf 80' lang='grc' dir='ltr'>γόητες</span> <span class='ocrx_word' id='word_1_126' title='bbox 285 879 361 904; x_wconf 78' lang='grc' dir='ltr'>αὐτοὶ</span> <span class='ocrx_word' id='word_1_127' title='bbox 377 878 452 904; x_wconf 79' lang='grc' dir='ltr'>οὐδὲν</span> <span class='ocrx_word' id='word_1_128' title='bbox 467 876 547 914; x_wconf 84' lang='grc' dir='ltr'>ἧττον</span> <span class='ocrx_word' id='word_1_129' title='bbox 561 878 607 904; x_wconf 88' lang='grc' dir='ltr'><strong>τοῦ</strong></span> <span class='ocrx_word' id='word_1_130' title='bbox 630 877 782 912; x_wconf 76' lang='grc' dir='ltr'><strong>καθηγητοῦ</strong></span> <span class='ocrx_word' id='word_1_131' title='bbox 803 875 881 912; x_wconf 79' lang='grc' dir='ltr'>ἦσαν.</span> <span class='ocrx_word' id='word_1_132' title='bbox 898 876 961 912; x_wconf 67' lang='grc' dir='ltr'><strong>Ἆρ’</strong></span> 
     </span>
    </p>
   </div>
   <div class='ocr_carea' id='block_1_20' title="bbox 174 921 960 958">
    <p class='ocr_par' dir='ltr' id='par_1_20' title="bbox 174 921 960 958">
     <span class='ocr_line' id='line_1_20' title="bbox 174 921 960 958; baseline 0 -8"><span class='ocrx_word' id='word_1_133' title='bbox 174 921 224 951; x_wconf 83' lang='grc' dir='ltr'>οὖν</span> <span class='ocrx_word' id='word_1_134' title='bbox 239 923 293 950; x_wconf 82' lang='grc' dir='ltr'>οἶδε</span> <span class='ocrx_word' id='word_1_135' title='bbox 314 923 431 954; x_wconf 79' lang='grc' dir='ltr'>τὸτέλος</span> <span class='ocrx_word' id='word_1_136' title='bbox 456 923 486 949; x_wconf 88' lang='grc' dir='ltr'>οὺ</span> <span class='ocrx_word' id='word_1_137' title='bbox 506 923 710 958; x_wconf 79' lang='grc' dir='ltr'>συνεωράκεσαν</span> <span class='ocrx_word' id='word_1_138' title='bbox 727 923 773 949; x_wconf 82' lang='grc' dir='ltr'><strong>τοῦ</strong></span> <span class='ocrx_word' id='word_1_139' title='bbox 792 923 960 955; x_wconf 78' lang='grc' dir='ltr'>διδασκάλου,</span> 
     </span>
    </p>
   </div>
   <div class='ocr_carea' id='block_1_21' title="bbox 174 967 962 1004">
    <p class='ocr_par' dir='ltr' id='par_1_21' title="bbox 174 967 962 1004">
     <span class='ocr_line' id='line_1_21' title="bbox 174 967 962 1004; baseline 0.001 -9"><span class='ocrx_word' id='word_1_140' title='bbox 174 969 225 996; x_wconf 69' lang='grc' dir='ltr'>καὶ</span> <span class='ocrx_word' id='word_1_141' title='bbox 240 969 287 1003; x_wconf 84' lang='grc' dir='ltr'><strong>οἵῳ</strong></span> <span class='ocrx_word' id='word_1_142' title='bbox 305 969 420 1004; x_wconf 82' lang='grc' dir='ltr'><strong>κέχρητο</strong></span> <span class='ocrx_word' id='word_1_143' title='bbox 439 968 561 1003; x_wconf 82' lang='grc' dir='ltr'>θανάτῳ;</span> <span class='ocrx_word' id='word_1_144' title='bbox 580 968 611 994; x_wconf 86' lang='grc' dir='ltr'>Τί</span> <span class='ocrx_word' id='word_1_145' title='bbox 629 968 695 1003; x_wconf 85' lang='grc' dir='ltr'>δῆτα</span> <span class='ocrx_word' id='word_1_146' title='bbox 714 967 760 995; x_wconf 76' lang='grc' dir='ltr'>οὖν</span> <span class='ocrx_word' id='word_1_147' title='bbox 783 970 827 996; x_wconf 79' lang='grc' dir='ltr'>καὶ</span> <span class='ocrx_word' id='word_1_148' title='bbox 845 969 913 1004; x_wconf 84' lang='grc' dir='ltr'>μετὰ</span> <span class='ocrx_word' id='word_1_149' title='bbox 931 970 962 996; x_wconf 80' lang='grc' dir='ltr'>τὸ</span> 
     </span>
    </p>
   </div>
   <div class='ocr_carea' id='block_1_22' title="bbox 175 1014 960 1050">
    <p class='ocr_par' dir='ltr' id='par_1_22' title="bbox 175 1014 960 1050">
     <span class='ocr_line' id='line_1_22' title="bbox 175 1014 960 1050; baseline 0 -8"><span class='ocrx_word' id='word_1_150' title='bbox 175 1016 314 1049; x_wconf 71' lang='grc' dir='ltr'>αἴσχιστον</span> <span class='ocrx_word' id='word_1_151' title='bbox 334 1016 421 1042; x_wconf 77' lang='grc' dir='ltr'>ἐκεῖνο</span> <span class='ocrx_word' id='word_1_152' title='bbox 436 1014 511 1046; x_wconf 87' lang='grc' dir='ltr'>τέλος</span> <span class='ocrx_word' id='word_1_153' title='bbox 538 1014 620 1041; x_wconf 80' lang='grc' dir='ltr'>αὑτοῦ</span> <span class='ocrx_word' id='word_1_154' title='bbox 643 1015 786 1050; x_wconf 78' lang='grc' dir='ltr'>ἐπέμενον,</span> <span class='ocrx_word' id='word_1_155' title='bbox 802 1016 847 1042; x_wconf 81' lang='grc' dir='ltr'><strong>τὸν</strong></span> <span class='ocrx_word' id='word_1_156' title='bbox 869 1017 898 1042; x_wconf 84' lang='grc' dir='ltr'>ὲν</span> <span class='ocrx_word' id='word_1_157' title='bbox 917 1025 960 1042; x_wconf 89' lang='grc' dir='ltr'>νε-</span> 
     </span>
    </p>
   </div>
   <div class='ocr_carea' id='block_1_23' title="bbox 175 1060 960 1096">
    <p class='ocr_par' dir='ltr' id='par_1_23' title="bbox 175 1060 960 1096">
     <span class='ocr_line' id='line_1_23' title="bbox 175 1060 960 1096; baseline 0 -8"><span class='ocrx_word' id='word_1_158' title='bbox 175 1063 254 1096; x_wconf 78' lang='grc' dir='ltr'>κροῖς</span> <span class='ocrx_word' id='word_1_159' title='bbox 270 1061 466 1095; x_wconf 71' lang='grc' dir='ltr'>θεολογοῦντες,</span> <span class='ocrx_word' id='word_1_160' title='bbox 485 1061 519 1088; x_wconf 78' lang='grc' dir='ltr'><strong>τὰ</strong></span> <span class='ocrx_word' id='word_1_161' title='bbox 536 1060 581 1087; x_wconf 81' lang='grc' dir='ltr'>ἴσα</span> <span class='ocrx_word' id='word_1_162' title='bbox 606 1061 716 1091; x_wconf 81' lang='grc' dir='ltr'>παθεῖνς</span> <span class='ocrx_word' id='word_1_163' title='bbox 733 1062 788 1087; x_wconf 73' lang='grc' dir='ltr'><strong>Καὶ</strong></span> <span class='ocrx_word' id='word_1_164' title='bbox 802 1062 843 1093; x_wconf 76' lang='grc' dir='ltr'><strong>τίς</strong></span> <span class='ocrx_word' id='word_1_165' title='bbox 859 1062 960 1088; x_wconf 80' lang='grc' dir='ltr'>πώποτ’</span> 
     </span>
    </p>
   </div>
   <div class='ocr_carea' id='block_1_24' title="bbox 174 1107 960 1144">
    <p class='ocr_par' dir='ltr' id='par_1_24' title="bbox 174 1107 960 1144">
     <span class='ocr_line' id='line_1_24' title="bbox 174 1107 960 1144; baseline 0.001 -10"><span class='ocrx_word' id='word_1_166' title='bbox 174 1107 322 1134; x_wconf 61' lang='grc' dir='ltr'>ὲπῗούδενὶ</span> <span class='ocrx_word' id='word_1_167' title='bbox 338 1108 408 1143; x_wconf 83' lang='grc' dir='ltr'>λόγῳ</span> <span class='ocrx_word' id='word_1_168' title='bbox 423 1107 555 1143; x_wconf 87' lang='grc' dir='ltr'>πρόδηλον</span> <span class='ocrx_word' id='word_1_169' title='bbox 572 1107 657 1134; x_wconf 72' lang='grc' dir='ltr'>ἕλοιτο</span> <span class='ocrx_word' id='word_1_170' title='bbox 672 1107 799 1144; x_wconf 82' lang='grc' dir='ltr'>τοιαύτην</span> <span class='ocrx_word' id='word_1_171' title='bbox 811 1109 960 1144; x_wconf 83' lang='grc' dir='ltr'>τιμωρίαν;</span> 
     </span>
    </p>
   </div>
   <div class='ocr_carea' id='block_1_25' title="bbox 175 1151 961 1189">
    <p class='ocr_par' dir='ltr' id='par_1_25' title="bbox 175 1151 961 1189">
     <span class='ocr_line' id='line_1_25' title="bbox 175 1151 961 1189; baseline 0.003 -9"><span class='ocrx_word' id='word_1_172' title='bbox 175 1151 233 1180; x_wconf 78' lang='grc' dir='ltr'><strong>Καὶ</strong></span> <span class='ocrx_word' id='word_1_173' title='bbox 251 1154 303 1189; x_wconf 85' lang='grc' dir='ltr'>μὴν</span> <span class='ocrx_word' id='word_1_174' title='bbox 321 1154 435 1180; x_wconf 81' lang='grc' dir='ltr'>δεδόσθω</span> <span class='ocrx_word' id='word_1_175' title='bbox 451 1154 532 1189; x_wconf 81' lang='grc' dir='ltr'>τιμᾷν</span> <span class='ocrx_word' id='word_1_176' title='bbox 551 1154 630 1180; x_wconf 72' lang='grc' dir='ltr'>αὑτὸν</span> <span class='ocrx_word' id='word_1_177' title='bbox 650 1155 761 1181; x_wconf 83' lang='grc' dir='ltr'>συνόντα</span> <span class='ocrx_word' id='word_1_178' title='bbox 778 1155 816 1180; x_wconf 76' lang='grc' dir='ltr'>ἔτι</span> <span class='ocrx_word' id='word_1_179' title='bbox 833 1155 878 1181; x_wconf 66' lang='grc' dir='ltr'>καὶ</span> <span class='ocrx_word' id='word_1_180' title='bbox 898 1164 961 1182; x_wconf 86' lang='grc' dir='ltr'>συν-</span> 
     </span>
    </p>
   </div>
   <div class='ocr_carea' id='block_1_26' title="bbox 173 1199 958 1235">
    <p class='ocr_par' dir='ltr' id='par_1_26' title="bbox 173 1199 958 1235">
     <span class='ocr_line' id='line_1_26' title="bbox 173 1199 958 1235; baseline 0.003 -10"><span class='ocrx_word' id='word_1_181' title='bbox 173 1199 356 1234; x_wconf 80' lang='grc' dir='ltr'>διατρίϐοντα,</span> <span class='ocrx_word' id='word_1_182' title='bbox 372 1199 417 1225; x_wconf 79' lang='grc' dir='ltr'><strong>καὶ</strong></span> <span class='ocrx_word' id='word_1_183' title='bbox 431 1200 464 1226; x_wconf 80' lang='grc' dir='ltr'>δι’</span> <span class='ocrx_word' id='word_1_184' title='bbox 482 1200 588 1235; x_wconf 83' lang='grc' dir='ltr'>ἀπάτης</span> <span class='ocrx_word' id='word_1_185' title='bbox 604 1200 709 1231; x_wconf 71' lang='grc' dir='ltr'>αὐτοὺς,</span> <span class='ocrx_word' id='word_1_186' title='bbox 725 1200 763 1232; x_wconf 83' lang='grc' dir='ltr'>ὡς</span> <span class='ocrx_word' id='word_1_187' title='bbox 777 1200 808 1227; x_wconf 80' lang='grc' dir='ltr'>ἂν</span> <span class='ocrx_word' id='word_1_188' title='bbox 826 1201 891 1235; x_wconf 80' lang='grc' dir='ltr'>φαίη</span> <span class='ocrx_word' id='word_1_189' title='bbox 907 1209 958 1232; x_wconf 82' lang='grc' dir='ltr'>τις,</span> 
     </span>
    </p>
   </div>
   <div class='ocr_carea' id='block_1_27' title="bbox 175 1243 958 1281">
    <p class='ocr_par' dir='ltr' id='par_1_27' title="bbox 175 1243 958 1281">
     <span class='ocr_line' id='line_1_27' title="bbox 175 1243 958 1281; baseline 0.001 -10"><span class='ocrx_word' id='word_1_190' title='bbox 175 1244 383 1272; x_wconf 81' lang='grc' dir='ltr'>ἀποπλανῶντα.</span> <span class='ocrx_word' id='word_1_191' title='bbox 401 1245 432 1271; x_wconf 87' lang='grc' dir='ltr'>Τί</span> <span class='ocrx_word' id='word_1_192' title='bbox 453 1243 509 1276; x_wconf 79' lang='grc' dir='ltr'>οὖν,</span> <span class='ocrx_word' id='word_1_193' title='bbox 527 1245 567 1271; x_wconf 77' lang='grc' dir='ltr'>ὅτι</span> <span class='ocrx_word' id='word_1_194' title='bbox 591 1246 637 1272; x_wconf 76' lang='grc' dir='ltr'>καὶ</span> <span class='ocrx_word' id='word_1_195' title='bbox 662 1246 729 1280; x_wconf 77' lang='grc' dir='ltr'>μετὰ</span> <span class='ocrx_word' id='word_1_196' title='bbox 750 1247 798 1279; x_wconf 83' lang='grc' dir='ltr'>τὴν</span> <span class='ocrx_word' id='word_1_197' title='bbox 823 1246 958 1281; x_wconf 80' lang='grc' dir='ltr'>τελευτὴν,</span> 
     </span>
    </p>
   </div>
   <div class='ocr_carea' id='block_1_28' title="bbox 174 1289 958 1326">
    <p class='ocr_par' dir='ltr' id='par_1_28' title="bbox 174 1289 958 1326">
     <span class='ocr_line' id='line_1_28' title="bbox 174 1289 958 1326; baseline 0.003 -10"><span class='ocrx_word' id='word_1_198' title='bbox 174 1289 226 1316; x_wconf 71' lang='grc' dir='ltr'>καὶ</span> <span class='ocrx_word' id='word_1_199' title='bbox 245 1290 311 1316; x_wconf 87' lang='grc' dir='ltr'>πολὺ</span> <span class='ocrx_word' id='word_1_200' title='bbox 327 1290 424 1326; x_wconf 76' lang='grc' dir='ltr'>μᾶλλον</span> <span class='ocrx_word' id='word_1_201' title='bbox 440 1291 500 1317; x_wconf 87' lang='grc' dir='ltr'>τότε</span> <span class='ocrx_word' id='word_1_202' title='bbox 522 1291 537 1326; x_wconf 84' lang='grc' dir='ltr'>ἢ</span> <span class='ocrx_word' id='word_1_203' title='bbox 556 1291 685 1326; x_wconf 79' lang='grc' dir='ltr'>πρότερον</span> <span class='ocrx_word' id='word_1_204' title='bbox 699 1292 778 1318; x_wconf 79' lang='grc' dir='ltr'>αὑτὸν</span> <span class='ocrx_word' id='word_1_205' title='bbox 798 1292 958 1326; x_wconf 80' lang='grc' dir='ltr'>τεθνηκότα,</span> 
     </span>
    </p>
   </div>
   <div class='ocr_carea' id='block_1_29' title="bbox 175 1335 958 1371">
    <p class='ocr_par' dir='ltr' id='par_1_29' title="bbox 175 1335 958 1371">
     <span class='ocr_line' id='line_1_29' title="bbox 175 1335 958 1371; baseline 0.004 -10"><span class='ocrx_word' id='word_1_206' title='bbox 175 1335 372 1370; x_wconf 77' lang='grc' dir='ltr'>τετιμήκασινς</span> <span class='ocrx_word' id='word_1_207' title='bbox 385 1336 446 1362; x_wconf 74' lang='grc' dir='ltr'>ἐπεὶ</span> <span class='ocrx_word' id='word_1_208' title='bbox 478 1336 525 1362; x_wconf 79' lang='grc' dir='ltr'>σὺν</span> <span class='ocrx_word' id='word_1_209' title='bbox 543 1335 695 1370; x_wconf 81' lang='grc' dir='ltr'>ἀνθρώποις</span> <span class='ocrx_word' id='word_1_210' title='bbox 710 1336 822 1371; x_wconf 87' lang='grc' dir='ltr'>μένοντα</span> <span class='ocrx_word' id='word_1_211' title='bbox 837 1337 958 1370; x_wconf 84' lang='grc' dir='ltr'>λέγονται</span> 
     </span>
    </p>
   </div>
   <div class='ocr_carea' id='block_1_30' title="bbox 176 1381 958 1418">
    <p class='ocr_par' dir='ltr' id='par_1_30' title="bbox 176 1381 958 1418">
     <span class='ocr_line' id='line_1_30' title="bbox 176 1381 958 1418; baseline 0.004 -11"><span class='ocrx_word' id='word_1_212' title='bbox 176 1381 225 1407; x_wconf 76' lang='grc' dir='ltr'><strong>καὶ</strong></span> <span class='ocrx_word' id='word_1_213' title='bbox 241 1381 413 1417; x_wconf 82' lang='grc' dir='ltr'>ἀπηρνῆσθαί</span> <span class='ocrx_word' id='word_1_214' title='bbox 430 1390 504 1414; x_wconf 81' lang='grc' dir='ltr'>ποτε,</span> <span class='ocrx_word' id='word_1_215' title='bbox 522 1382 566 1408; x_wconf 86' lang='grc' dir='ltr'>ὅτε</span> <span class='ocrx_word' id='word_1_216' title='bbox 583 1382 657 1417; x_wconf 76' lang='grc' dir='ltr'>αὑτῴ</span> <span class='ocrx_word' id='word_1_217' title='bbox 672 1383 705 1410; x_wconf 88' lang='grc' dir='ltr'><strong>τὰ</strong></span> <span class='ocrx_word' id='word_1_218' title='bbox 725 1383 774 1418; x_wconf 82' lang='grc' dir='ltr'>τῆς</span> <span class='ocrx_word' id='word_1_219' title='bbox 795 1391 826 1416; x_wconf 88' lang='grc' dir='ltr'><strong>γε</strong></span> <span class='ocrx_word' id='word_1_220' title='bbox 848 1383 958 1410; x_wconf 75' lang='grc' dir='ltr'>ἐπιϐου-</span> 
     </span>
    </p>
   </div>
   <div class='ocr_carea' id='block_1_31' title="bbox 175 1426 957 1464">
    <p class='ocr_par' dir='ltr' id='par_1_31' title="bbox 175 1426 957 1464">
     <span class='ocr_line' id='line_1_31' title="bbox 175 1426 957 1464; baseline 0.004 -11"><span class='ocrx_word' id='word_1_221' title='bbox 175 1426 227 1462; x_wconf 78' lang='grc' dir='ltr'>λῆς</span> <span class='ocrx_word' id='word_1_222' title='bbox 240 1426 418 1463; x_wconf 79' lang='grc' dir='ltr'>ὲσκευώρητο.</span> <span class='ocrx_word' id='word_1_223' title='bbox 434 1428 510 1455; x_wconf 76' lang='grc' dir='ltr'>Μετὰ</span> <span class='ocrx_word' id='word_1_224' title='bbox 525 1429 552 1455; x_wconf 84' lang='grc' dir='ltr'>δὲ</span> <span class='ocrx_word' id='word_1_225' title='bbox 569 1429 598 1455; x_wconf 76' lang='grc' dir='ltr'><strong>τὸ</strong></span> <span class='ocrx_word' id='word_1_226' title='bbox 613 1430 642 1462; x_wconf 72' lang='grc' dir='ltr'>ἐξ</span> <span class='ocrx_word' id='word_1_227' title='bbox 658 1428 807 1464; x_wconf 82' lang='grc' dir='ltr'>ἀνθρώπων</span> <span class='ocrx_word' id='word_1_228' title='bbox 824 1429 957 1463; x_wconf 84' lang='grc' dir='ltr'>γενέσθαι,</span> 
     </span>
    </p>
   </div>
   <div class='ocr_carea' id='block_1_32' title="bbox 174 1471 959 1510">
    <p class='ocr_par' dir='ltr' id='par_1_32' title="bbox 174 1471 959 1510">
     <span class='ocr_line' id='line_1_32' title="bbox 174 1471 959 1510; baseline 0.004 -12"><span class='ocrx_word' id='word_1_229' title='bbox 174 1471 302 1506; x_wconf 78' lang='grc' dir='ltr'>ἀσμένως</span> <span class='ocrx_word' id='word_1_230' title='bbox 314 1473 390 1499; x_wconf 78' lang='grc' dir='ltr'>αὐτοὶ</span> <span class='ocrx_word' id='word_1_231' title='bbox 403 1472 527 1508; x_wconf 80' lang='grc' dir='ltr'>θνήσκειν</span> <span class='ocrx_word' id='word_1_232' title='bbox 546 1474 643 1509; x_wconf 76' lang='grc' dir='ltr'>μᾶλλον</span> <span class='ocrx_word' id='word_1_233' title='bbox 659 1474 782 1510; x_wconf 75' lang='grc' dir='ltr'>ᾑροῦντο,</span> <span class='ocrx_word' id='word_1_234' title='bbox 796 1474 812 1510; x_wconf 83' lang='grc' dir='ltr'>ἣ</span> <span class='ocrx_word' id='word_1_235' title='bbox 828 1475 877 1509; x_wconf 77' lang='grc' dir='ltr'>τῆς</span> <span class='ocrx_word' id='word_1_236' title='bbox 890 1476 959 1510; x_wconf 82' lang='grc' dir='ltr'>ὑπὲρ</span> 
     </span>
    </p>
   </div>
   <div class='ocr_carea' id='block_1_33' title="bbox 174 1516 958 1556">
    <p class='ocr_par' dir='ltr' id='par_1_33' title="bbox 174 1516 958 1556">
     <span class='ocr_line' id='line_1_33' title="bbox 174 1516 958 1556; baseline 0.005 -13"><span class='ocrx_word' id='word_1_237' title='bbox 174 1516 258 1545; x_wconf 76' lang='grc' dir='ltr'>αὐτοῦ</span> <span class='ocrx_word' id='word_1_238' title='bbox 277 1519 426 1553; x_wconf 83' lang='grc' dir='ltr'>μαρτυρίας</span> <span class='ocrx_word' id='word_1_239' title='bbox 444 1519 550 1554; x_wconf 74' lang='grc' dir='ltr'>ἀγαθῆς</span> <span class='ocrx_word' id='word_1_240' title='bbox 562 1519 727 1551; x_wconf 82' lang='grc' dir='ltr'>ἐξίστασθαι.</span> <span class='ocrx_word' id='word_1_241' title='bbox 741 1520 772 1546; x_wconf 75' lang='lat' dir='ltr'><strong>Et</strong></span> <span class='ocrx_word' id='word_1_242' title='bbox 793 1520 824 1555; x_wconf 81' lang='grc' dir='ltr'>δὴ</span> <span class='ocrx_word' id='word_1_243' title='bbox 844 1518 889 1547; x_wconf 77' lang='grc' dir='ltr'>οὖν</span> <span class='ocrx_word' id='word_1_244' title='bbox 905 1530 958 1556; x_wconf 90' lang='grc' dir='ltr'>μη-</span> 
     </span>
    </p>
   </div>
   <div class='ocr_carea' id='block_1_34' title="bbox 174 1563 993 1607">
    <p class='ocr_par' dir='ltr' id='par_1_34' title="bbox 174 1563 993 1607">
     <span class='ocr_line' id='line_1_34' title="bbox 174 1563 993 1607; baseline 0.005 -18"><span class='ocrx_word' id='word_1_245' title='bbox 174 1563 221 1590; x_wconf 73' lang='grc' dir='ltr'>δὲν</span> <span class='ocrx_word' id='word_1_246' title='bbox 237 1563 337 1597; x_wconf 81' lang='grc' dir='ltr'>ἀγαθὸν</span> <span class='ocrx_word' id='word_1_247' title='bbox 353 1565 549 1598; x_wconf 79' lang='grc' dir='ltr'>συνεγνωκότες</span> <span class='ocrx_word' id='word_1_248' title='bbox 563 1565 600 1600; x_wconf 83' lang='grc' dir='ltr'>τῷ</span> <span class='ocrx_word' id='word_1_249' title='bbox 615 1565 773 1600; x_wconf 81' lang='grc' dir='ltr'>διδασκάλῳ,</span> <span class='ocrx_word' id='word_1_250' title='bbox 789 1566 825 1601; x_wconf 84' lang='grc' dir='ltr'>μὴ</span> <span class='ocrx_word' id='word_1_251' title='bbox 841 1566 905 1600; x_wconf 82' lang='grc' dir='ltr'>βίον,</span> <span class='ocrx_word' id='word_1_252' title='bbox 921 1566 958 1602; x_wconf 87' lang='grc' dir='ltr'>μὴ</span> <span class='ocrx_word' id='word_1_253' title='bbox 972 1579 993 1607; x_wconf 77' lang='lat' dir='ltr'>c</span> 
     </span>
    </p>
   </div>
   <div class='ocr_carea' id='block_1_35' title="bbox 176 1608 958 1647">
    <p class='ocr_par' dir='ltr' id='par_1_35' title="bbox 176 1608 958 1647">
     <span class='ocr_line' id='line_1_35' title="bbox 176 1608 958 1647; baseline 0.004 -12"><span class='ocrx_word' id='word_1_254' title='bbox 176 1608 302 1645; x_wconf 79' lang='grc' dir='ltr'>μάθημα,</span> <span class='ocrx_word' id='word_1_255' title='bbox 321 1609 357 1645; x_wconf 79' lang='grc' dir='ltr'>μὴ</span> <span class='ocrx_word' id='word_1_256' title='bbox 381 1610 489 1645; x_wconf 74' lang='grc' dir='ltr'>πρᾶξιν,</span> <span class='ocrx_word' id='word_1_257' title='bbox 509 1610 545 1646; x_wconf 82' lang='grc' dir='ltr'>μὴ</span> <span class='ocrx_word' id='word_1_258' title='bbox 561 1611 640 1646; x_wconf 75' lang='grc' dir='ltr'>ἔργον</span> <span class='ocrx_word' id='word_1_259' title='bbox 657 1611 766 1638; x_wconf 79' lang='grc' dir='ltr'>ἐπαίνου</span> <span class='ocrx_word' id='word_1_260' title='bbox 789 1612 871 1644; x_wconf 81' lang='grc' dir='ltr'>ἄξιον,</span> <span class='ocrx_word' id='word_1_261' title='bbox 891 1612 958 1647; x_wconf 80' lang='grc' dir='ltr'>μηδὲ</span> 
     </span>
    </p>
   </div>
   <div class='ocr_carea' id='block_1_36' title="bbox 177 1656 958 1694">
    <p class='ocr_par' dir='ltr' id='par_1_36' title="bbox 177 1656 958 1694">
     <span class='ocr_line' id='line_1_36' title="bbox 177 1656 958 1694; baseline 0.004 -12"><span class='ocrx_word' id='word_1_262' title='bbox 177 1656 232 1692; x_wconf 85' lang='grc' dir='ltr'>μὴν</span> <span class='ocrx_word' id='word_1_263' title='bbox 242 1657 313 1683; x_wconf 84' lang='grc' dir='ltr'>κατὰ</span> <span class='ocrx_word' id='word_1_264' title='bbox 328 1666 353 1683; x_wconf 93' lang='grc' dir='ltr'><strong>τι</strong></span> <span class='ocrx_word' id='word_1_265' title='bbox 368 1657 536 1692; x_wconf 77' lang='grc' dir='ltr'>ὼφελημένοι</span> <span class='ocrx_word' id='word_1_266' title='bbox 553 1658 645 1690; x_wconf 74' lang='grc' dir='ltr'>αὑτοῦ,</span> <span class='ocrx_word' id='word_1_267' title='bbox 660 1658 676 1693; x_wconf 86' lang='grc' dir='ltr'>ἢ</span> <span class='ocrx_word' id='word_1_268' title='bbox 693 1659 753 1685; x_wconf 85' lang='grc' dir='ltr'>ὅσον</span> <span class='ocrx_word' id='word_1_269' title='bbox 767 1659 896 1694; x_wconf 83' lang='grc' dir='ltr'>πονηρίαν</span> <span class='ocrx_word' id='word_1_270' title='bbox 912 1659 958 1685; x_wconf 80' lang='grc' dir='ltr'>καὶ</span> 
     </span>
    </p>
   </div>
   <div class='ocr_carea' id='block_1_37' title="bbox 174 1702 958 1740">
    <p class='ocr_par' dir='ltr' id='par_1_37' title="bbox 174 1702 958 1740">
     <span class='ocr_line' id='line_1_37' title="bbox 174 1702 958 1740; baseline 0.003 -11"><span class='ocrx_word' id='word_1_271' title='bbox 174 1702 281 1738; x_wconf 69' lang='grc' dir='ltr'>ἀνδρῶν</span> <span class='ocrx_word' id='word_1_272' title='bbox 303 1702 416 1737; x_wconf 82' lang='grc' dir='ltr'>πλάνην,</span> <span class='ocrx_word' id='word_1_273' title='bbox 434 1703 492 1734; x_wconf 83' lang='grc' dir='ltr'>πῶς</span> <span class='ocrx_word' id='word_1_274' title='bbox 509 1703 637 1738; x_wconf 74' lang='grc' dir='ltr'>ἔθνησκον</span> <span class='ocrx_word' id='word_1_275' title='bbox 649 1703 794 1739; x_wconf 79' lang='grc' dir='ltr'>προθύμως</span> <span class='ocrx_word' id='word_1_276' title='bbox 816 1704 850 1731; x_wconf 69' lang='grc' dir='ltr'><strong>τὰ</strong></span> <span class='ocrx_word' id='word_1_277' title='bbox 874 1705 958 1740; x_wconf 80' lang='grc' dir='ltr'>σεμνά</span> 
     </span>
    </p>
   </div>
   <div class='ocr_carea' id='block_1_38' title="bbox 175 1748 957 1785">
    <p class='ocr_par' dir='ltr' id='par_1_38' title="bbox 175 1748 957 1785">
     <span class='ocr_line' id='line_1_38' title="bbox 175 1748 957 1785; baseline 0.004 -11"><span class='ocrx_word' id='word_1_278' title='bbox 175 1749 224 1774; x_wconf 68' lang='grc' dir='ltr'><strong>καὶ</strong></span> <span class='ocrx_word' id='word_1_279' title='bbox 236 1748 343 1781; x_wconf 72' lang='grc' dir='ltr'>ἐπίδοξα</span> <span class='ocrx_word' id='word_1_280' title='bbox 359 1749 423 1784; x_wconf 80' lang='grc' dir='ltr'>περὶ</span> <span class='ocrx_word' id='word_1_281' title='bbox 434 1749 515 1776; x_wconf 84' lang='grc' dir='ltr'>αὑτοῦ</span> <span class='ocrx_word' id='word_1_282' title='bbox 534 1750 741 1785; x_wconf 80' lang='grc' dir='ltr'>μαρτυροῦντες,</span> <span class='ocrx_word' id='word_1_283' title='bbox 756 1750 842 1785; x_wconf 69' lang='grc' dir='ltr'>παρὸν</span> <span class='ocrx_word' id='word_1_284' title='bbox 852 1751 957 1785; x_wconf 83' lang='grc' dir='ltr'>ἑκάστῳ</span> 
     </span>
    </p>
   </div>
   <div class='ocr_carea' id='block_1_39' title="bbox 176 1793 958 1832">
    <p class='ocr_par' dir='ltr' id='par_1_39' title="bbox 176 1793 958 1832">
     <span class='ocr_line' id='line_1_39' title="bbox 176 1793 958 1832; baseline 0.005 -13"><span class='ocrx_word' id='word_1_285' title='bbox 176 1793 228 1828; x_wconf 67' lang='grc' dir='ltr'>ζῇν</span> <span class='ocrx_word' id='word_1_286' title='bbox 248 1794 441 1829; x_wconf 79' lang='grc' dir='ltr'>ἀπραγμόνως,</span> <span class='ocrx_word' id='word_1_287' title='bbox 463 1795 509 1821; x_wconf 81' lang='grc' dir='ltr'>καὶ</span> <span class='ocrx_word' id='word_1_288' title='bbox 531 1796 578 1822; x_wconf 72' lang='grc' dir='ltr'><strong>ἐπὶ</strong></span> <span class='ocrx_word' id='word_1_289' title='bbox 594 1796 642 1831; x_wconf 77' lang='grc' dir='ltr'>τῆς</span> <span class='ocrx_word' id='word_1_290' title='bbox 658 1797 758 1828; x_wconf 78' lang='grc' dir='ltr'>οίκείας</span> <span class='ocrx_word' id='word_1_291' title='bbox 781 1796 872 1828; x_wconf 76' lang='grc' dir='ltr'>ἑστίας</span> <span class='ocrx_word' id='word_1_292' title='bbox 890 1797 958 1832; x_wconf 76' lang='grc' dir='ltr'>μετὰ</span> 
     </span>
    </p>
   </div>
   <div class='ocr_carea' id='block_1_40' title="bbox 175 1838 957 1876">
    <p class='ocr_par' dir='ltr' id='par_1_40' title="bbox 175 1838 957 1876">
     <span class='ocr_line' id='line_1_40' title="bbox 175 1838 957 1876; baseline 0.004 -11"><span class='ocrx_word' id='word_1_293' title='bbox 175 1838 231 1865; x_wconf 77' lang='grc' dir='ltr'>τῶν</span> <span class='ocrx_word' id='word_1_294' title='bbox 251 1839 384 1874; x_wconf 79' lang='grc' dir='ltr'>φιλτάτων</span> <span class='ocrx_word' id='word_1_295' title='bbox 397 1841 443 1867; x_wconf 72' lang='grc' dir='ltr'>τὴν</span> <span class='ocrx_word' id='word_1_296' title='bbox 456 1841 594 1868; x_wconf 86' lang='grc' dir='ltr'>ἀκίνδυνον</span> <span class='ocrx_word' id='word_1_297' title='bbox 611 1841 712 1875; x_wconf 85' lang='grc' dir='ltr'>διάγειν</span> <span class='ocrx_word' id='word_1_298' title='bbox 728 1842 801 1876; x_wconf 81' lang='grc' dir='ltr'>βίον;</span> <span class='ocrx_word' id='word_1_299' title='bbox 815 1842 912 1868; x_wconf 83' lang='grc' dir='ltr'>Πλάνοι</span> <span class='ocrx_word' id='word_1_300' title='bbox 928 1842 957 1868; x_wconf 83' lang='grc' dir='ltr'>δὲ</span> 
     </span>
    </p>
   </div>
   <div class='ocr_carea' id='block_1_41' title="bbox 175 1885 957 1923">
    <p class='ocr_par' dir='ltr' id='par_1_41' title="bbox 175 1885 957 1923">
     <span class='ocr_line' id='line_1_41' title="bbox 175 1885 957 1923; baseline 0.003 -11"><span class='ocrx_word' id='word_1_301' title='bbox 175 1885 273 1921; x_wconf 80' lang='grc' dir='ltr'>ἄνδρες</span> <span class='ocrx_word' id='word_1_302' title='bbox 294 1887 341 1913; x_wconf 77' lang='grc' dir='ltr'><strong>καὶ</strong></span> <span class='ocrx_word' id='word_1_303' title='bbox 363 1887 517 1919; x_wconf 71' lang='grc' dir='ltr'>ἀπατεῶνες</span> <span class='ocrx_word' id='word_1_304' title='bbox 538 1888 596 1919; x_wconf 81' lang='grc' dir='ltr'>πῶς</span> <span class='ocrx_word' id='word_1_305' title='bbox 619 1888 758 1923; x_wconf 75' lang='grc' dir='ltr'>ἀγαπητὸν</span> <span class='ocrx_word' id='word_1_306' title='bbox 780 1888 893 1923; x_wconf 77' lang='grc' dir='ltr'>ἡγοῦντο</span> <span class='ocrx_word' id='word_1_307' title='bbox 912 1888 957 1914; x_wconf 81' lang='grc' dir='ltr'>τὸν</span> 
     </span>
    </p>
   </div>
   <div class='ocr_carea' id='block_1_42' title="bbox 176 1930 958 1967">
    <p class='ocr_par' dir='ltr' id='par_1_42' title="bbox 176 1930 958 1967">
     <span class='ocr_line' id='line_1_42' title="bbox 176 1930 958 1967; baseline 0.001 -10"><span class='ocrx_word' id='word_1_308' title='bbox 176 1930 248 1966; x_wconf 83' lang='grc' dir='ltr'>ὑπὲρ</span> <span class='ocrx_word' id='word_1_309' title='bbox 262 1931 353 1966; x_wconf 83' lang='grc' dir='ltr'>ἑτέρου</span> <span class='ocrx_word' id='word_1_310' title='bbox 365 1931 487 1964; x_wconf 79' lang='grc' dir='ltr'>θάνατον,</span> <span class='ocrx_word' id='word_1_311' title='bbox 500 1932 528 1958; x_wconf 77' lang='grc' dir='ltr'>ὃν</span> <span class='ocrx_word' id='word_1_312' title='bbox 539 1932 660 1967; x_wconf 72' lang='grc' dir='ltr'>ἀκριϐῶς</span> <span class='ocrx_word' id='word_1_313' title='bbox 675 1933 781 1958; x_wconf 83' lang='grc' dir='ltr'>πάντων</span> <span class='ocrx_word' id='word_1_314' title='bbox 794 1931 892 1967; x_wconf 74' lang='grc' dir='ltr'>μᾶλλον</span> <span class='ocrx_word' id='word_1_315' title='bbox 905 1932 958 1965; x_wconf 77' lang='grc' dir='ltr'>ἐγί-</span> 
     </span>
    </p>
   </div>
   <div class='ocr_carea' id='block_1_43' title="bbox 176 1978 957 2013">
    <p class='ocr_par' dir='ltr' id='par_1_43' title="bbox 176 1978 957 2013">
     <span class='ocr_line' id='line_1_43' title="bbox 176 1978 957 2013; baseline -0.001 -9"><span class='ocrx_word' id='word_1_316' title='bbox 176 1985 280 2004; x_wconf 80' lang='grc' dir='ltr'>νωσκον</span> <span class='ocrx_word' id='word_1_317' title='bbox 291 1978 394 2010; x_wconf 79' lang='grc' dir='ltr'>οὐδενὸς</span> <span class='ocrx_word' id='word_1_318' title='bbox 412 1979 460 2013; x_wconf 83' lang='grc' dir='ltr'>μὲν</span> <span class='ocrx_word' id='word_1_319' title='bbox 475 1979 574 2009; x_wconf 72' lang='grc' dir='ltr'>αὐτοῖς,</span> <span class='ocrx_word' id='word_1_320' title='bbox 584 1979 621 2010; x_wconf 82' lang='grc' dir='ltr'>ὡς</span> <span class='ocrx_word' id='word_1_321' title='bbox 635 1979 667 2004; x_wconf 82' lang='grc' dir='ltr'>ἂν</span> <span class='ocrx_word' id='word_1_322' title='bbox 681 1978 746 2013; x_wconf 88' lang='grc' dir='ltr'>φαίη</span> <span class='ocrx_word' id='word_1_323' title='bbox 762 1986 812 2009; x_wconf 81' lang='grc' dir='ltr'>τις,</span> <span class='ocrx_word' id='word_1_324' title='bbox 827 1978 957 2012; x_wconf 87' lang='grc' dir='ltr'>γεγονότα</span> 
     </span>
    </p>
   </div>
   <div class='ocr_carea' id='block_1_44' title="bbox 175 2023 955 2058">
    <p class='ocr_par' dir='ltr' id='par_1_44' title="bbox 175 2023 955 2058">
     <span class='ocr_line' id='line_1_44' title="bbox 175 2023 955 2058; baseline 0 -9"><span class='ocrx_word' id='word_1_325' title='bbox 175 2023 320 2058; x_wconf 73' lang='grc' dir='ltr'>παραίτιον</span> <span class='ocrx_word' id='word_1_326' title='bbox 346 2024 458 2057; x_wconf 84' lang='grc' dir='ltr'>ἀγαθοῦ,</span> <span class='ocrx_word' id='word_1_327' title='bbox 489 2025 579 2058; x_wconf 83' lang='grc' dir='ltr'>πάσης</span> <span class='ocrx_word' id='word_1_328' title='bbox 603 2024 631 2050; x_wconf 75' lang='grc' dir='ltr'>δὲ</span> <span class='ocrx_word' id='word_1_329' title='bbox 658 2024 756 2055; x_wconf 86' lang='grc' dir='ltr'>κακίας</span> <span class='ocrx_word' id='word_1_330' title='bbox 781 2023 955 2056; x_wconf 82' lang='grc' dir='ltr'>διδάσκαλον;</span> 
     </span>
    </p>
   </div>
   <div class='ocr_carea' id='block_1_45' title="bbox 183 2068 956 2106">
    <p class='ocr_par' dir='ltr' id='par_1_45' title="bbox 183 2068 956 2106">
     <span class='ocr_line' id='line_1_45' title="bbox 183 2068 956 2106; baseline -0.003 -10"><span class='ocrx_word' id='word_1_331' title='bbox 183 2069 266 2104; x_wconf 73' lang='grc' dir='ltr'>’Δνὴρ</span> <span class='ocrx_word' id='word_1_332' title='bbox 282 2069 331 2104; x_wconf 84' lang='grc' dir='ltr'>μὲν</span> <span class='ocrx_word' id='word_1_333' title='bbox 349 2070 403 2106; x_wconf 85' lang='grc' dir='ltr'><strong>γὰρ</strong></span> <span class='ocrx_word' id='word_1_334' title='bbox 425 2070 553 2105; x_wconf 78' lang='grc' dir='ltr'>λογισμοῦ</span> <span class='ocrx_word' id='word_1_335' title='bbox 574 2070 620 2096; x_wconf 72' lang='grc' dir='ltr'>καὶ</span> <span class='ocrx_word' id='word_1_336' title='bbox 635 2069 735 2105; x_wconf 78' lang='grc' dir='ltr'>ἀρετῆς</span> <span class='ocrx_word' id='word_1_337' title='bbox 757 2069 868 2104; x_wconf 83' lang='grc' dir='ltr'>μέτοχος</span> <span class='ocrx_word' id='word_1_338' title='bbox 888 2068 956 2103; x_wconf 80' lang='grc' dir='ltr'>ὑπὲρ</span> 
     </span>
    </p>
   </div>
   <div class='ocr_carea' id='block_1_46' title="bbox 174 2115 956 2151">
    <p class='ocr_par' dir='ltr' id='par_1_46' title="bbox 174 2115 956 2151">
     <span class='ocr_line' id='line_1_46' title="bbox 174 2115 956 2151; baseline -0.003 -9"><span class='ocrx_word' id='word_1_339' title='bbox 174 2115 280 2149; x_wconf 83' lang='grc' dir='ltr'>ἀγαθοῦ</span> <span class='ocrx_word' id='word_1_340' title='bbox 305 2115 513 2151; x_wconf 80' lang='grc' dir='ltr'>κατορθώματος</span> <span class='ocrx_word' id='word_1_341' title='bbox 534 2116 584 2142; x_wconf 77' lang='grc' dir='ltr'>κᾶν</span> <span class='ocrx_word' id='word_1_342' title='bbox 607 2116 723 2149; x_wconf 81' lang='grc' dir='ltr'>εὐλόγως</span> <span class='ocrx_word' id='word_1_343' title='bbox 746 2116 810 2142; x_wconf 86' lang='grc' dir='ltr'>ποτὲ</span> <span class='ocrx_word' id='word_1_344' title='bbox 833 2116 879 2141; x_wconf 85' lang='grc' dir='ltr'>τὸν</span> <span class='ocrx_word' id='word_1_345' title='bbox 900 2115 956 2150; x_wconf 83' lang='grc' dir='ltr'>μετ’</span> 
     </span>
    </p>
   </div>
   <div class='ocr_carea' id='block_1_47' title="bbox 175 2161 956 2197">
    <p class='ocr_par' dir='ltr' id='par_1_47' title="bbox 175 2161 956 2197">
     <span class='ocr_line' id='line_1_47' title="bbox 175 2161 956 2197; baseline -0.003 -9"><span class='ocrx_word' id='word_1_346' title='bbox 175 2161 301 2193; x_wconf 81' lang='grc' dir='ltr'>εὐκλείας</span> <span class='ocrx_word' id='word_1_347' title='bbox 324 2161 436 2188; x_wconf 86' lang='grc' dir='ltr'>θάνατον</span> <span class='ocrx_word' id='word_1_348' title='bbox 456 2162 625 2196; x_wconf 81' lang='grc' dir='ltr'>ὑπομείνειεν</span> <span class='ocrx_word' id='word_1_349' title='bbox 641 2170 647 2176; x_wconf 90' lang='grc'><strong>·</strong></span> <span class='ocrx_word' id='word_1_350' title='bbox 666 2163 680 2188; x_wconf 86' lang='grc' dir='ltr'>ὁ</span> <span class='ocrx_word' id='word_1_351' title='bbox 705 2162 733 2188; x_wconf 84' lang='grc' dir='ltr'>δὲ</span> <span class='ocrx_word' id='word_1_352' title='bbox 759 2161 892 2197; x_wconf 77' lang='grc' dir='ltr'>μοχθηρὸς</span> <span class='ocrx_word' id='word_1_353' title='bbox 912 2161 956 2187; x_wconf 84' lang='grc' dir='ltr'>τὸν</span> 
     </span>
    </p>
   </div>
   <div class='ocr_carea' id='block_1_48' title="bbox 175 2207 957 2244">
    <p class='ocr_par' dir='ltr' id='par_1_48' title="bbox 175 2207 957 2244">
     <span class='ocr_line' id='line_1_48' title="bbox 175 2207 957 2244; baseline -0.001 -10"><span class='ocrx_word' id='word_1_354' title='bbox 175 2208 287 2243; x_wconf 82' lang='grc' dir='ltr'>τρόπον,</span> <span class='ocrx_word' id='word_1_355' title='bbox 305 2208 454 2243; x_wconf 84' lang='grc' dir='ltr'>φιλοπαθής</span> <span class='ocrx_word' id='word_1_356' title='bbox 473 2217 515 2240; x_wconf 85' lang='grc' dir='ltr'><strong>τις</strong></span> <span class='ocrx_word' id='word_1_357' title='bbox 535 2209 581 2235; x_wconf 77' lang='grc' dir='ltr'><strong>καὶ</strong></span> <span class='ocrx_word' id='word_1_358' title='bbox 597 2209 734 2244; x_wconf 82' lang='grc' dir='ltr'>φιλήδονος</span> <span class='ocrx_word' id='word_1_359' title='bbox 755 2207 802 2237; x_wconf 83' lang='grc' dir='ltr'><strong>ὢν.</strong></span> <span class='ocrx_word' id='word_1_360' title='bbox 827 2208 909 2242; x_wconf 85' lang='grc' dir='ltr'>μόνην</span> <span class='ocrx_word' id='word_1_361' title='bbox 929 2207 957 2233; x_wconf 83' lang='grc' dir='ltr'>δὲ</span> 
     </span>
    </p>
   </div>
   <div class='ocr_carea' id='block_1_49' title="bbox 1014 283 1795 319">
    <p class='ocr_par' dir='ltr' id='par_1_49' title="bbox 1014 283 1795 319">
     <span class='ocr_line' id='line_1_49' title="bbox 1014 283 1795 319; baseline 0.005 -10"><span class='ocrx_word' id='word_1_362' title='bbox 1014 290 1095 317; x_wconf 89' lang='lat' dir='ltr'><strong>quam</strong></span> <span class='ocrx_word' id='word_1_363' title='bbox 1114 283 1171 310; x_wconf 74' lang='lat' dir='ltr'><strong>haec</strong></span> <span class='ocrx_word' id='word_1_364' title='bbox 1182 289 1255 314; x_wconf 84' lang='lat' dir='ltr'><strong>sunt,</strong></span> <span class='ocrx_word' id='word_1_365' title='bbox 1271 283 1352 310; x_wconf 84' lang='lat' dir='ltr'><strong>etiam</strong></span> <span class='ocrx_word' id='word_1_366' title='bbox 1378 284 1564 319; x_wconf 89' lang='lat' dir='ltr'><strong>nequioribus.</strong></span> <span class='ocrx_word' id='word_1_367' title='bbox 1582 283 1733 319; x_wconf 71' lang='lat' dir='ltr'><strong>Propterea</strong></span> <span class='ocrx_word' id='word_1_368' title='bbox 1755 287 1795 313; x_wconf 91' lang='lat' dir='ltr'><strong>vi-</strong></span> 
     </span>
    </p>
   </div>
   <div class='ocr_carea' id='block_1_50' title="bbox 1014 328 1796 365">
    <p class='ocr_par' dir='ltr' id='par_1_50' title="bbox 1014 328 1796 365">
     <span class='ocr_line' id='line_1_50' title="bbox 1014 328 1796 365; baseline 0.006 -11"><span class='ocrx_word' id='word_1_369' title='bbox 1014 328 1110 355; x_wconf 88' lang='lat' dir='ltr'><strong>delicet</strong></span> <span class='ocrx_word' id='word_1_370' title='bbox 1137 329 1208 362; x_wconf 91' lang='lat' dir='ltr'><strong>quod</strong></span> <span class='ocrx_word' id='word_1_371' title='bbox 1231 336 1329 364; x_wconf 79' lang='lat' dir='ltr'><strong>magna</strong></span> <span class='ocrx_word' id='word_1_372' title='bbox 1346 333 1388 357; x_wconf 85' lang='lat' dir='ltr'><strong>est</strong></span> <span class='ocrx_word' id='word_1_373' title='bbox 1412 329 1446 356; x_wconf 88' lang='lat' dir='ltr'><strong>ad</strong></span> <span class='ocrx_word' id='word_1_374' title='bbox 1463 330 1593 357; x_wconf 73' lang='lat' dir='ltr'><strong>malitiam</strong></span> <span class='ocrx_word' id='word_1_375' title='bbox 1616 331 1773 365; x_wconf 78' lang='lat' dir='ltr'><strong>proclivitas</strong></span> <span class='ocrx_word' id='word_1_376' title='bbox 1789 352 1796 363; x_wconf 89' lang='lat'><strong>,</strong></span> 
     </span>
    </p>
   </div>
   <div class='ocr_carea' id='block_1_51' title="bbox 1014 375 1798 410">
    <p class='ocr_par' dir='ltr' id='par_1_51' title="bbox 1014 375 1798 410">
     <span class='ocr_line' id='line_1_51' title="bbox 1014 375 1798 410; baseline 0.008 -10"><span class='ocrx_word' id='word_1_377' title='bbox 1014 382 1128 409; x_wconf 89' lang='lat' dir='ltr'><strong>eamque</strong></span> <span class='ocrx_word' id='word_1_378' title='bbox 1144 375 1185 401; x_wconf 84' lang='lat' dir='ltr'><strong>vel</strong></span> <span class='ocrx_word' id='word_1_379' title='bbox 1203 375 1277 401; x_wconf 82' lang='lat' dir='ltr'><strong>nullo</strong></span> <span class='ocrx_word' id='word_1_380' title='bbox 1294 380 1460 410; x_wconf 65' lang='lat' dir='ltr'><strong>praeceptore</strong></span> <span class='ocrx_word' id='word_1_381' title='bbox 1473 376 1579 404; x_wconf 79' lang='lat' dir='ltr'><strong>discere</strong></span> <span class='ocrx_word' id='word_1_382' title='bbox 1595 376 1675 405; x_wconf 81' lang='lat' dir='ltr'><strong>facile</strong></span> <span class='ocrx_word' id='word_1_383' title='bbox 1685 383 1728 405; x_wconf 89' lang='lat' dir='ltr'><strong>est</strong></span> <span class='ocrx_word' id='word_1_384' title='bbox 1745 388 1751 404; x_wconf 95' lang='lat'><strong>:</strong></span> <span class='ocrx_word' id='word_1_385' title='bbox 1770 379 1798 406; x_wconf 83' lang='lat' dir='ltr'><strong>in</strong></span> 
     </span>
    </p>
   </div>
   <div class='ocr_carea' id='block_1_52' title="bbox 1014 421 1798 456">
    <p class='ocr_par' dir='ltr' id='par_1_52' title="bbox 1014 421 1798 456">
     <span class='ocr_line' id='line_1_52' title="bbox 1014 421 1798 456; baseline 0.006 -10"><span class='ocrx_word' id='word_1_386' title='bbox 1014 421 1130 447; x_wconf 83' lang='lat' dir='ltr'><strong>sublime</strong></span> <span class='ocrx_word' id='word_1_387' title='bbox 1144 428 1209 447; x_wconf 83' lang='lat' dir='ltr'><strong>vero</strong></span> <span class='ocrx_word' id='word_1_388' title='bbox 1234 428 1313 448; x_wconf 91' lang='lat' dir='ltr'><strong>suum</strong></span> <span class='ocrx_word' id='word_1_389' title='bbox 1340 426 1531 456; x_wconf 74' lang='lat' dir='ltr'><strong>praeceptorem</strong></span> <span class='ocrx_word' id='word_1_390' title='bbox 1563 423 1634 450; x_wconf 80' lang='lat' dir='ltr'><strong>lictis</strong></span> <span class='ocrx_word' id='word_1_391' title='bbox 1647 424 1737 451; x_wconf 77' lang='lat' dir='ltr'><strong>verbis</strong></span> <span class='ocrx_word' id='word_1_392' title='bbox 1751 432 1798 451; x_wconf 82' lang='lat' dir='ltr'><strong>ex-</strong></span> 
     </span>
    </p>
   </div>
   <div class='ocr_carea' id='block_1_53' title="bbox 1014 465 1798 502">
    <p class='ocr_par' dir='ltr' id='par_1_53' title="bbox 1014 465 1798 502">
     <span class='ocr_line' id='line_1_53' title="bbox 1014 465 1798 502; baseline 0.008 -12"><span class='ocrx_word' id='word_1_393' title='bbox 1014 465 1121 496; x_wconf 77' lang='lat' dir='ltr'><strong>tollant,</strong></span> <span class='ocrx_word' id='word_1_394' title='bbox 1149 466 1270 501; x_wconf 86' lang='lat' dir='ltr'><strong>nullique</strong></span> <span class='ocrx_word' id='word_1_395' title='bbox 1301 467 1444 494; x_wconf 86' lang='lat' dir='ltr'><strong>mendacio</strong></span> <span class='ocrx_word' id='word_1_396' title='bbox 1465 472 1600 502; x_wconf 85' lang='lat' dir='ltr'><strong>parcant:</strong></span> <span class='ocrx_word' id='word_1_397' title='bbox 1626 469 1717 495; x_wconf 85' lang='lat' dir='ltr'><strong>omnia</strong></span> <span class='ocrx_word' id='word_1_398' title='bbox 1733 478 1798 496; x_wconf 88' lang='lat' dir='ltr'><strong>vero</strong></span> 
     </span>
    </p>
   </div>
   <div class='ocr_carea' id='block_1_54' title="bbox 1014 510 1798 547">
    <p class='ocr_par' dir='ltr' id='par_1_54' title="bbox 1014 510 1798 547">
     <span class='ocr_line' id='line_1_54' title="bbox 1014 510 1798 547; baseline 0.006 -11"><span class='ocrx_word' id='word_1_399' title='bbox 1014 510 1053 536; x_wconf 90' lang='lat' dir='ltr'><strong>illi</strong></span> <span class='ocrx_word' id='word_1_400' title='bbox 1081 511 1211 538; x_wconf 87' lang='lat' dir='ltr'><strong>miracula</strong></span> <span class='ocrx_word' id='word_1_401' title='bbox 1226 515 1252 538; x_wconf 91' lang='lat' dir='ltr'><strong>et</strong></span> <span class='ocrx_word' id='word_1_402' title='bbox 1268 517 1404 546; x_wconf 81' lang='lat' dir='ltr'><strong>portenta,</strong></span> <span class='ocrx_word' id='word_1_403' title='bbox 1421 520 1484 539; x_wconf 87' lang='lat' dir='ltr'><strong>cum</strong></span> <span class='ocrx_word' id='word_1_404' title='bbox 1509 514 1693 547; x_wconf 73' lang='lat' dir='ltr'><strong>simulatione,</strong></span> <span class='ocrx_word' id='word_1_405' title='bbox 1721 514 1798 542; x_wconf 80' lang='lat' dir='ltr'><strong>falsi-</strong></span> 
     </span>
    </p>
   </div>
   <div class='ocr_carea' id='block_1_55' title="bbox 1014 557 1797 593">
    <p class='ocr_par' dir='ltr' id='par_1_55' title="bbox 1014 557 1797 593">
     <span class='ocr_line' id='line_1_55' title="bbox 1014 557 1797 593; baseline 0.008 -12"><span class='ocrx_word' id='word_1_406' title='bbox 1014 559 1120 590; x_wconf 87' lang='lat' dir='ltr'><strong>tateque</strong></span> <span class='ocrx_word' id='word_1_407' title='bbox 1148 557 1285 583; x_wconf 85' lang='lat' dir='ltr'><strong>ascribant</strong></span> <span class='ocrx_word' id='word_1_408' title='bbox 1299 576 1305 588; x_wconf 92' lang='lat'><strong>,</strong></span> <span class='ocrx_word' id='word_1_409' title='bbox 1329 561 1357 583; x_wconf 93' lang='lat' dir='ltr'><strong>ut</strong></span> <span class='ocrx_word' id='word_1_410' title='bbox 1375 557 1425 592; x_wconf 87' lang='lat' dir='ltr'><strong>ipsi</strong></span> <span class='ocrx_word' id='word_1_411' title='bbox 1446 565 1553 593; x_wconf 87' lang='lat' dir='ltr'><strong>quoque</strong></span> <span class='ocrx_word' id='word_1_412' title='bbox 1568 559 1594 585; x_wconf 93' lang='lat' dir='ltr'><strong>in</strong></span> <span class='ocrx_word' id='word_1_413' title='bbox 1616 559 1797 588; x_wconf 90' lang='lat' dir='ltr'><strong>admiratione</strong></span> 
     </span>
    </p>
   </div>
   <div class='ocr_carea' id='block_1_56' title="bbox 1014 602 1796 641">
    <p class='ocr_par' dir='ltr' id='par_1_56' title="bbox 1014 602 1796 641">
     <span class='ocr_line' id='line_1_56' title="bbox 1014 602 1796 641; baseline 0.008 -13"><span class='ocrx_word' id='word_1_414' title='bbox 1014 602 1175 634; x_wconf 77' lang='lat' dir='ltr'><strong>habeantur,</strong></span> <span class='ocrx_word' id='word_1_415' title='bbox 1191 603 1319 638; x_wconf 80' lang='lat' dir='ltr'><strong>beatique</strong></span> <span class='ocrx_word' id='word_1_416' title='bbox 1334 603 1503 637; x_wconf 69' lang='lat' dir='ltr'><strong>iudicentur,</strong></span> <span class='ocrx_word' id='word_1_417' title='bbox 1522 605 1567 640; x_wconf 90' lang='lat' dir='ltr'><strong>qui</strong></span> <span class='ocrx_word' id='word_1_418' title='bbox 1583 605 1716 640; x_wconf 90' lang='lat' dir='ltr'><strong>ejusmodi</strong></span> <span class='ocrx_word' id='word_1_419' title='bbox 1726 614 1796 641; x_wconf 65' lang='lat' dir='ltr'><strong>prae-</strong></span> 
     </span>
    </p>
   </div>
   <div class='ocr_carea' id='block_1_57' title="bbox 1013 648 1795 688">
    <p class='ocr_par' dir='ltr' id='par_1_57' title="bbox 1013 648 1795 688">
     <span class='ocr_line' id='line_1_57' title="bbox 1013 648 1795 688; baseline 0.006 -14"><span class='ocrx_word' id='word_1_420' title='bbox 1013 648 1130 682; x_wconf 85' lang='lat' dir='ltr'><strong>ceptoris</strong></span> <span class='ocrx_word' id='word_1_421' title='bbox 1153 648 1278 684; x_wconf 81' lang='lat' dir='ltr'><strong>discipuli</strong></span> <span class='ocrx_word' id='word_1_422' title='bbox 1294 650 1458 677; x_wconf 83' lang='lat' dir='ltr'><strong>exstiterint.</strong></span> <span class='ocrx_word' id='word_1_423' title='bbox 1486 649 1632 679; x_wconf 76' lang='lat' dir='ltr'><strong>Videamus</strong></span> <span class='ocrx_word' id='word_1_424' title='bbox 1647 652 1731 687; x_wconf 80' lang='lat' dir='ltr'><strong>igitur</strong></span> <span class='ocrx_word' id='word_1_425' title='bbox 1749 653 1795 688; x_wconf 84' lang='lat' dir='ltr'><strong>qui</strong></span> 
     </span>
    </p>
   </div>
   <div class='ocr_carea' id='block_1_58' title="bbox 1013 693 1795 730">
    <p class='ocr_par' dir='ltr' id='par_1_58' title="bbox 1013 693 1795 730">
     <span class='ocr_line' id='line_1_58' title="bbox 1013 693 1795 730; baseline 0.01 -12"><span class='ocrx_word' id='word_1_426' title='bbox 1013 693 1130 727; x_wconf 89' lang='lat' dir='ltr'><strong>potuerit</strong></span> <span class='ocrx_word' id='word_1_427' title='bbox 1147 693 1200 720; x_wconf 85' lang='lat' dir='ltr'><strong>illis</strong></span> <span class='ocrx_word' id='word_1_428' title='bbox 1219 699 1272 720; x_wconf 91' lang='lat' dir='ltr'><strong>tam</strong></span> <span class='ocrx_word' id='word_1_429' title='bbox 1305 695 1392 721; x_wconf 73' lang='lat' dir='ltr'><strong>audax</strong></span> <span class='ocrx_word' id='word_1_430' title='bbox 1416 695 1562 729; x_wconf 74' lang='lat' dir='ltr'><strong>inemptum)</strong></span> <span class='ocrx_word' id='word_1_431' title='bbox 1586 698 1754 730; x_wconf 83' lang='lat' dir='ltr'><strong>consistere,</strong></span> <span class='ocrx_word' id='word_1_432' title='bbox 1772 699 1795 726; x_wconf 90' lang='lat' dir='ltr'><strong>si</strong></span> 
     </span>
    </p>
   </div>
   <div class='ocr_carea' id='block_1_59' title="bbox 1013 739 1795 774">
    <p class='ocr_par' dir='ltr' id='par_1_59' title="bbox 1013 739 1795 774">
     <span class='ocr_line' id='line_1_59' title="bbox 1013 739 1795 774; baseline 0.009 -10"><span class='ocrx_word' id='word_1_433' title='bbox 1013 739 1079 766; x_wconf 86' lang='lat' dir='ltr'><strong>tales</strong></span> <span class='ocrx_word' id='word_1_434' title='bbox 1095 740 1178 767; x_wconf 83' lang='lat' dir='ltr'><strong>fuere.</strong></span> <span class='ocrx_word' id='word_1_435' title='bbox 1197 741 1291 774; x_wconf 82' lang='lat' dir='ltr'><strong>quales</strong></span> <span class='ocrx_word' id='word_1_436' title='bbox 1305 740 1435 774; x_wconf 79' lang='lat' dir='ltr'><strong>descripti</strong></span> <span class='ocrx_word' id='word_1_437' title='bbox 1451 745 1524 769; x_wconf 80' lang='lat' dir='ltr'><strong>sunt.</strong></span> <span class='ocrx_word' id='word_1_438' title='bbox 1538 741 1606 768; x_wconf 74' lang='lat' dir='ltr'><strong>Nam</strong></span> <span class='ocrx_word' id='word_1_439' title='bbox 1621 743 1722 769; x_wconf 83' lang='lat' dir='ltr'><strong>malum</strong></span> <span class='ocrx_word' id='word_1_440' title='bbox 1737 751 1795 771; x_wconf 87' lang='lat' dir='ltr'><strong>ma-</strong></span> 
     </span>
    </p>
   </div>
   <div class='ocr_carea' id='block_1_60' title="bbox 1013 783 1792 824">
    <p class='ocr_par' dir='ltr' id='par_1_60' title="bbox 1013 783 1792 824">
     <span class='ocr_line' id='line_1_60' title="bbox 1013 783 1792 824; baseline 0.01 -15"><span class='ocrx_word' id='word_1_441' title='bbox 1013 783 1048 814; x_wconf 90' lang='lat' dir='ltr'><strong>lo,</strong></span> <span class='ocrx_word' id='word_1_442' title='bbox 1064 783 1151 816; x_wconf 85' lang='lat' dir='ltr'><strong>aiunt,</strong></span> <span class='ocrx_word' id='word_1_443' title='bbox 1175 784 1292 811; x_wconf 71' lang='lat' dir='ltr'><strong>amicum</strong></span> <span class='ocrx_word' id='word_1_444' title='bbox 1310 793 1364 812; x_wconf 85' lang='lat' dir='ltr'><strong>non</strong></span> <span class='ocrx_word' id='word_1_445' title='bbox 1383 790 1424 813; x_wconf 85' lang='lat' dir='ltr'><strong>est</strong></span> <span class='ocrx_word' id='word_1_446' title='bbox 1440 796 1445 812; x_wconf 93' lang='lat'><strong>:</strong></span> <span class='ocrx_word' id='word_1_447' title='bbox 1469 795 1501 814; x_wconf 88' lang='lat' dir='ltr'><strong>ac</strong></span> <span class='ocrx_word' id='word_1_448' title='bbox 1516 795 1550 814; x_wconf 89' lang='lat' dir='ltr'><strong>nc</strong></span> <span class='ocrx_word' id='word_1_449' title='bbox 1576 788 1647 815; x_wconf 92' lang='lat' dir='ltr'><strong>bono</strong></span> <span class='ocrx_word' id='word_1_450' title='bbox 1672 790 1792 824; x_wconf 87' lang='lat' dir='ltr'><strong>quidem.</strong></span> 
     </span>
    </p>
   </div>
   <div class='ocr_carea' id='block_1_61' title="bbox 1014 829 1795 867">
    <p class='ocr_par' dir='ltr' id='par_1_61' title="bbox 1014 829 1795 867">
     <span class='ocr_line' id='line_1_61' title="bbox 1014 829 1795 867; baseline 0.009 -11"><span class='ocrx_word' id='word_1_451' title='bbox 1014 829 1090 857; x_wconf 83' lang='lat' dir='ltr'><strong>Unde</strong></span> <span class='ocrx_word' id='word_1_452' title='bbox 1104 830 1187 864; x_wconf 79' lang='lat' dir='ltr'><strong>igitur</strong></span> <span class='ocrx_word' id='word_1_453' title='bbox 1200 830 1228 856; x_wconf 89' lang='lat' dir='ltr'><strong>in</strong></span> <span class='ocrx_word' id='word_1_454' title='bbox 1241 835 1315 857; x_wconf 87' lang='lat' dir='ltr'><strong>tanta</strong></span> <span class='ocrx_word' id='word_1_455' title='bbox 1328 832 1449 859; x_wconf 89' lang='lat' dir='ltr'><strong>virorum</strong></span> <span class='ocrx_word' id='word_1_456' title='bbox 1470 833 1654 867; x_wconf 88' lang='lat' dir='ltr'><strong>multitudine,</strong></span> <span class='ocrx_word' id='word_1_457' title='bbox 1679 842 1795 863; x_wconf 89' lang='lat' dir='ltr'><strong>concor-</strong></span> 
     </span>
    </p>
   </div>
   <div class='ocr_carea' id='block_1_62' title="bbox 1012 875 1794 913">
    <p class='ocr_par' dir='ltr' id='par_1_62' title="bbox 1012 875 1794 913">
     <span class='ocr_line' id='line_1_62' title="bbox 1012 875 1794 913; baseline 0.01 -12"><span class='ocrx_word' id='word_1_458' title='bbox 1012 875 1056 902; x_wconf 89' lang='lat' dir='ltr'><strong>dia</strong></span> <span class='ocrx_word' id='word_1_459' title='bbox 1082 877 1192 903; x_wconf 70' lang='lat' dir='ltr'><strong>malitize</strong></span> <span class='ocrx_word' id='word_1_460' title='bbox 1207 883 1312 912; x_wconf 86' lang='lat' dir='ltr'><strong>reperta</strong></span> <span class='ocrx_word' id='word_1_461' title='bbox 1335 880 1398 905; x_wconf 86' lang='lat' dir='ltr'><strong>cst‘!</strong></span> <span class='ocrx_word' id='word_1_462' title='bbox 1414 878 1484 906; x_wconf 87' lang='lat' dir='ltr'><strong>unde</strong></span> <span class='ocrx_word' id='word_1_463' title='bbox 1498 879 1526 906; x_wconf 90' lang='lat' dir='ltr'><strong>in</strong></span> <span class='ocrx_word' id='word_1_464' title='bbox 1537 880 1590 907; x_wconf 91' lang='lat' dir='ltr'><strong>illis</strong></span> <span class='ocrx_word' id='word_1_465' title='bbox 1609 880 1746 913; x_wconf 80' lang='lat' dir='ltr'><strong>omnibus.</strong></span> <span class='ocrx_word' id='word_1_466' title='bbox 1760 882 1794 910; x_wconf 90' lang='lat' dir='ltr'><strong>de</strong></span> 
     </span>
    </p>
   </div>
   <div class='ocr_carea' id='block_1_63' title="bbox 1013 920 1794 955">
    <p class='ocr_par' dir='ltr' id='par_1_63' title="bbox 1013 920 1794 955">
     <span class='ocr_line' id='line_1_63' title="bbox 1013 920 1794 955; baseline 0.01 -8"><span class='ocrx_word' id='word_1_467' title='bbox 1013 920 1108 948; x_wconf 88' lang='lat' dir='ltr'><strong>iisdem</strong></span> <span class='ocrx_word' id='word_1_468' title='bbox 1137 922 1220 948; x_wconf 84' lang='lat' dir='ltr'><strong>rebus</strong></span> <span class='ocrx_word' id='word_1_469' title='bbox 1237 930 1353 950; x_wconf 85' lang='lat' dir='ltr'><strong>concors</strong></span> <span class='ocrx_word' id='word_1_470' title='bbox 1369 924 1577 951; x_wconf 86' lang='lat' dir='ltr'><strong>testimonium?</strong></span> <span class='ocrx_word' id='word_1_471' title='bbox 1601 925 1734 954; x_wconf 83' lang='lat' dir='ltr'><strong>eteadem</strong></span> <span class='ocrx_word' id='word_1_472' title='bbox 1747 935 1794 955; x_wconf 91' lang='lat' dir='ltr'><strong>us-</strong></span> 
     </span>
    </p>
   </div>
   <div class='ocr_carea' id='block_1_64' title="bbox 1011 967 1793 1008">
    <p class='ocr_par' dir='ltr' id='par_1_64' title="bbox 1011 967 1793 1008">
     <span class='ocr_line' id='line_1_64' title="bbox 1011 967 1793 1008; baseline 0.009 -15"><span class='ocrx_word' id='word_1_473' title='bbox 1011 974 1064 1001; x_wconf 88' lang='lat' dir='ltr'><strong>que</strong></span> <span class='ocrx_word' id='word_1_474' title='bbox 1080 967 1113 994; x_wconf 92' lang='lat' dir='ltr'><strong>ad</strong></span> <span class='ocrx_word' id='word_1_475' title='bbox 1125 973 1238 994; x_wconf 90' lang='lat' dir='ltr'><strong>mortem</strong></span> <span class='ocrx_word' id='word_1_476' title='bbox 1265 969 1399 996; x_wconf 82' lang='lat' dir='ltr'><strong>sententia</strong></span> <span class='ocrx_word' id='word_1_477' title='bbox 1415 970 1426 996; x_wconf 88' lang='lat'><strong>?</strong></span> <span class='ocrx_word' id='word_1_478' title='bbox 1440 969 1505 998; x_wconf 73' lang='lat' dir='ltr'><strong>Viro</strong></span> <span class='ocrx_word' id='word_1_479' title='bbox 1529 975 1620 999; x_wconf 88' lang='lat' dir='ltr'><strong>autem</strong></span> <span class='ocrx_word' id='word_1_480' title='bbox 1647 973 1793 1008; x_wconf 67' lang='lat' dir='ltr'><strong>praestigiis</strong></span> 
     </span>
    </p>
   </div>
   <div class='ocr_carea' id='block_1_65' title="bbox 1013 1012 1793 1053">
    <p class='ocr_par' dir='ltr' id='par_1_65' title="bbox 1013 1012 1793 1053">
     <span class='ocr_line' id='line_1_65' title="bbox 1013 1012 1793 1053; baseline 0.012 -16"><span class='ocrx_word' id='word_1_481' title='bbox 1013 1012 1097 1038; x_wconf 88' lang='lat' dir='ltr'><strong>utenti</strong></span> <span class='ocrx_word' id='word_1_482' title='bbox 1110 1017 1136 1039; x_wconf 86' lang='lat' dir='ltr'><strong>et</strong></span> <span class='ocrx_word' id='word_1_483' title='bbox 1146 1012 1273 1047; x_wconf 83' lang='lat' dir='ltr'><strong>fallaciis,</strong></span> <span class='ocrx_word' id='word_1_484' title='bbox 1290 1015 1336 1049; x_wconf 90' lang='lat' dir='ltr'><strong>qui</strong></span> <span class='ocrx_word' id='word_1_485' title='bbox 1354 1016 1418 1042; x_wconf 88' lang='lat' dir='ltr'><strong>talia</strong></span> <span class='ocrx_word' id='word_1_486' title='bbox 1436 1015 1562 1048; x_wconf 84' lang='lat' dir='ltr'><strong>doceret,</strong></span> <span class='ocrx_word' id='word_1_487' title='bbox 1587 1025 1619 1044; x_wconf 87' lang='lat' dir='ltr'><strong>ac</strong></span> <span class='ocrx_word' id='word_1_488' title='bbox 1633 1018 1697 1045; x_wconf 87' lang='lat' dir='ltr'><strong>talia</strong></span> <span class='ocrx_word' id='word_1_489' title='bbox 1710 1019 1793 1053; x_wconf 87' lang='lat' dir='ltr'><strong>proii-</strong></span> 
     </span>
    </p>
   </div>
   <div class='ocr_carea' id='block_1_66' title="bbox 1012 1059 1793 1098">
    <p class='ocr_par' dir='ltr' id='par_1_66' title="bbox 1012 1059 1793 1098">
     <span class='ocr_line' id='line_1_66' title="bbox 1012 1059 1793 1098; baseline 0.01 -15"><span class='ocrx_word' id='word_1_490' title='bbox 1012 1061 1124 1088; x_wconf 84' lang='lat' dir='ltr'><strong>teretnr,</strong></span> <span class='ocrx_word' id='word_1_491' title='bbox 1139 1059 1201 1093; x_wconf 84' lang='lat' dir='ltr'><strong>quis</strong></span> <span class='ocrx_word' id='word_1_492' title='bbox 1217 1060 1250 1086; x_wconf 90' lang='lat' dir='ltr'><strong>ab</strong></span> <span class='ocrx_word' id='word_1_493' title='bbox 1265 1060 1343 1087; x_wconf 90' lang='lat' dir='ltr'><strong>initio</strong></span> <span class='ocrx_word' id='word_1_494' title='bbox 1366 1062 1516 1089; x_wconf 88' lang='lat' dir='ltr'><strong>studuisset</strong></span> <span class='ocrx_word' id='word_1_495' title='bbox 1530 1062 1542 1088; x_wconf 86' lang='lat'><strong>?</strong></span> <span class='ocrx_word' id='word_1_496' title='bbox 1558 1062 1648 1096; x_wconf 84' lang='lat' dir='ltr'><strong>Dices,</strong></span> <span class='ocrx_word' id='word_1_497' title='bbox 1663 1064 1735 1098; x_wconf 86' lang='lat' dir='ltr'><strong>quod</strong></span> <span class='ocrx_word' id='word_1_498' title='bbox 1747 1065 1793 1092; x_wconf 90' lang='lat' dir='ltr'><strong>alii</strong></span> 
     </span>
    </p>
   </div>
   <div class='ocr_carea' id='block_1_67' title="bbox 1011 1105 1795 1145">
    <p class='ocr_par' dir='ltr' id='par_1_67' title="bbox 1011 1105 1795 1145">
     <span class='ocr_line' id='line_1_67' title="bbox 1011 1105 1795 1145; baseline 0.01 -14"><span class='ocrx_word' id='word_1_499' title='bbox 1011 1112 1117 1139; x_wconf 86' lang='lat' dir='ltr'><strong>quoque</strong></span> <span class='ocrx_word' id='word_1_500' title='bbox 1129 1105 1174 1132; x_wconf 94' lang='lat' dir='ltr'><strong>illo</strong></span> <span class='ocrx_word' id='word_1_501' title='bbox 1191 1111 1354 1141; x_wconf 73' lang='lat' dir='ltr'><strong>praeceptore</strong></span> <span class='ocrx_word' id='word_1_502' title='bbox 1369 1115 1421 1134; x_wconf 92' lang='lat' dir='ltr'><strong>non</strong></span> <span class='ocrx_word' id='word_1_503' title='bbox 1435 1108 1526 1136; x_wconf 90' lang='lat' dir='ltr'><strong>minus</strong></span> <span class='ocrx_word' id='word_1_504' title='bbox 1535 1110 1732 1145; x_wconf 67' lang='lat' dir='ltr'><strong>praestigiarum</strong></span> <span class='ocrx_word' id='word_1_505' title='bbox 1748 1119 1795 1138; x_wconf 91' lang='lat' dir='ltr'><strong>cu-</strong></span> 
     </span>
    </p>
   </div>
   <div class='ocr_carea' id='block_1_68' title="bbox 1011 1151 1794 1187">
    <p class='ocr_par' dir='ltr' id='par_1_68' title="bbox 1011 1151 1794 1187">
     <span class='ocr_line' id='line_1_68' title="bbox 1011 1151 1794 1187; baseline 0.01 -10"><span class='ocrx_word' id='word_1_506' title='bbox 1011 1151 1084 1186; x_wconf 92' lang='lat' dir='ltr'><strong>pidi:</strong></span> <span class='ocrx_word' id='word_1_507' title='bbox 1102 1159 1167 1186; x_wconf 77' lang='lat' dir='ltr'><strong>ergo</strong></span> <span class='ocrx_word' id='word_1_508' title='bbox 1191 1152 1229 1178; x_wconf 90' lang='lat' dir='ltr'><strong>illi</strong></span> <span class='ocrx_word' id='word_1_509' title='bbox 1254 1154 1429 1187; x_wconf 66' lang='lat' dir='ltr'><strong>praeceptoris</strong></span> <span class='ocrx_word' id='word_1_510' title='bbox 1456 1154 1499 1181; x_wconf 91' lang='lat' dir='ltr'><strong>sui</strong></span> <span class='ocrx_word' id='word_1_511' title='bbox 1530 1156 1632 1182; x_wconf 82' lang='lat' dir='ltr'><strong>exitum</strong></span> <span class='ocrx_word' id='word_1_512' title='bbox 1647 1164 1702 1184; x_wconf 89' lang='lat' dir='ltr'><strong>non</strong></span> <span class='ocrx_word' id='word_1_513' title='bbox 1718 1157 1794 1185; x_wconf 84' lang='lat' dir='ltr'><strong>vide-</strong></span> 
     </span>
    </p>
   </div>
   <div class='ocr_carea' id='block_1_69' title="bbox 1011 1198 1794 1238">
    <p class='ocr_par' dir='ltr' id='par_1_69' title="bbox 1011 1198 1794 1238">
     <span class='ocr_line' id='line_1_69' title="bbox 1011 1198 1794 1238; baseline 0.01 -15"><span class='ocrx_word' id='word_1_514' title='bbox 1011 1202 1074 1224; x_wconf 92' lang='lat' dir='ltr'><strong>runt</strong></span> <span class='ocrx_word' id='word_1_515' title='bbox 1087 1198 1098 1224; x_wconf 84' lang='lat'><strong>?</strong></span> <span class='ocrx_word' id='word_1_516' title='bbox 1108 1203 1135 1225; x_wconf 85' lang='lat' dir='ltr'><strong>et</strong></span> <span class='ocrx_word' id='word_1_517' title='bbox 1147 1199 1221 1233; x_wconf 85' lang='lat' dir='ltr'><strong>quali</strong></span> <span class='ocrx_word' id='word_1_518' title='bbox 1236 1203 1322 1226; x_wconf 90' lang='lat' dir='ltr'><strong>morte</strong></span> <span class='ocrx_word' id='word_1_519' title='bbox 1334 1200 1416 1227; x_wconf 81' lang='lat' dir='ltr'><strong>fuerit</strong></span> <span class='ocrx_word' id='word_1_520' title='bbox 1433 1200 1546 1229; x_wconf 74' lang='lat' dir='ltr'><strong>affectus</strong></span> <span class='ocrx_word' id='word_1_521' title='bbox 1556 1202 1568 1228; x_wconf 82' lang='lat'><strong>?</strong></span> <span class='ocrx_word' id='word_1_522' title='bbox 1577 1210 1627 1229; x_wconf 92' lang='lat' dir='ltr'><strong>cur</strong></span> <span class='ocrx_word' id='word_1_523' title='bbox 1639 1203 1724 1237; x_wconf 81' lang='lat' dir='ltr'><strong>igitur</strong></span> <span class='ocrx_word' id='word_1_524' title='bbox 1732 1208 1794 1238; x_wconf 87' lang='lat' dir='ltr'><strong>post</strong></span> 
     </span>
    </p>
   </div>
   <div class='ocr_carea' id='block_1_70' title="bbox 1011 1244 1793 1283">
    <p class='ocr_par' dir='ltr' id='par_1_70' title="bbox 1011 1244 1793 1283">
     <span class='ocr_line' id='line_1_70' title="bbox 1011 1244 1793 1283; baseline 0.009 -13"><span class='ocrx_word' id='word_1_525' title='bbox 1011 1244 1083 1271; x_wconf 86' lang='lat' dir='ltr'><strong>illam</strong></span> <span class='ocrx_word' id='word_1_526' title='bbox 1094 1245 1279 1279; x_wconf 86' lang='lat' dir='ltr'><strong>turpissimam</strong></span> <span class='ocrx_word' id='word_1_527' title='bbox 1295 1246 1368 1273; x_wconf 93' lang='lat' dir='ltr'><strong>illius</strong></span> <span class='ocrx_word' id='word_1_528' title='bbox 1387 1254 1491 1280; x_wconf 88' lang='lat' dir='ltr'><strong>necem,</strong></span> <span class='ocrx_word' id='word_1_529' title='bbox 1513 1247 1547 1275; x_wconf 87' lang='lat' dir='ltr'><strong>de</strong></span> <span class='ocrx_word' id='word_1_530' title='bbox 1560 1256 1593 1275; x_wconf 88' lang='lat' dir='ltr'><strong>eo</strong></span> <span class='ocrx_word' id='word_1_531' title='bbox 1609 1250 1655 1283; x_wconf 90' lang='lat' dir='ltr'><strong>qui</strong></span> <span class='ocrx_word' id='word_1_532' title='bbox 1669 1254 1793 1277; x_wconf 90' lang='lat' dir='ltr'><strong>mortuus</strong></span> 
     </span>
    </p>
   </div>
   <div class='ocr_carea' id='block_1_71' title="bbox 1013 1291 1791 1329">
    <p class='ocr_par' dir='ltr' id='par_1_71' title="bbox 1013 1291 1791 1329">
     <span class='ocr_line' id='line_1_71' title="bbox 1013 1291 1791 1329; baseline 0.009 -13"><span class='ocrx_word' id='word_1_533' title='bbox 1013 1296 1084 1317; x_wconf 84' lang='lat' dir='ltr'><strong>esset</strong></span> <span class='ocrx_word' id='word_1_534' title='bbox 1092 1298 1189 1317; x_wconf 87' lang='lat' dir='ltr'><strong>novam</strong></span> <span class='ocrx_word' id='word_1_535' title='bbox 1199 1291 1360 1327; x_wconf 80' lang='lat' dir='ltr'><strong>theologiam</strong></span> <span class='ocrx_word' id='word_1_536' title='bbox 1374 1293 1596 1321; x_wconf 86' lang='lat' dir='ltr'><strong>constantissime</strong></span> <span class='ocrx_word' id='word_1_537' title='bbox 1607 1296 1791 1329; x_wconf 80' lang='lat' dir='ltr'><strong>protulerunt,</strong></span> 
     </span>
    </p>
   </div>
   <div class='ocr_carea' id='block_1_72' title="bbox 1010 1335 1793 1376">
    <p class='ocr_par' dir='ltr' id='par_1_72' title="bbox 1010 1335 1793 1376">
     <span class='ocr_line' id='line_1_72' title="bbox 1010 1335 1793 1376; baseline 0.009 -14"><span class='ocrx_word' id='word_1_538' title='bbox 1010 1342 1060 1362; x_wconf 89' lang='lat' dir='ltr'><strong>nec</strong></span> <span class='ocrx_word' id='word_1_539' title='bbox 1075 1335 1109 1362; x_wconf 82' lang='lat' dir='ltr'><strong>ab</strong></span> <span class='ocrx_word' id='word_1_540' title='bbox 1125 1336 1243 1371; x_wconf 64' lang='lat' dir='ltr'><strong>incepto</strong></span> <span class='ocrx_word' id='word_1_541' title='bbox 1257 1337 1388 1365; x_wconf 86' lang='lat' dir='ltr'><strong>deterreri</strong></span> <span class='ocrx_word' id='word_1_542' title='bbox 1403 1340 1569 1373; x_wconf 87' lang='lat' dir='ltr'><strong>potuerunt?</strong></span> <span class='ocrx_word' id='word_1_543' title='bbox 1581 1344 1627 1366; x_wconf 89' lang='lat' dir='ltr'><strong>aut</strong></span> <span class='ocrx_word' id='word_1_544' title='bbox 1639 1341 1705 1376; x_wconf 89' lang='lat' dir='ltr'><strong>quid</strong></span> <span class='ocrx_word' id='word_1_545' title='bbox 1717 1349 1749 1368; x_wconf 84' lang='lat' dir='ltr'><strong>ex</strong></span> <span class='ocrx_word' id='word_1_546' title='bbox 1760 1349 1793 1369; x_wconf 81' lang='lat' dir='ltr'><strong>ea</strong></span> 
     </span>
    </p>
   </div>
   <div class='ocr_carea' id='block_1_73' title="bbox 1009 1381 1792 1420">
    <p class='ocr_par' dir='ltr' id='par_1_73' title="bbox 1009 1381 1792 1420">
     <span class='ocr_line' id='line_1_73' title="bbox 1009 1381 1792 1420; baseline 0.009 -13"><span class='ocrx_word' id='word_1_547' title='bbox 1009 1388 1039 1408; x_wconf 88' lang='lat' dir='ltr'><strong>re</strong></span> <span class='ocrx_word' id='word_1_548' title='bbox 1056 1381 1163 1408; x_wconf 90' lang='lat' dir='ltr'><strong>tandem</strong></span> <span class='ocrx_word' id='word_1_549' title='bbox 1179 1382 1306 1417; x_wconf 84' lang='lat' dir='ltr'><strong>petebant</strong></span> <span class='ocrx_word' id='word_1_550' title='bbox 1318 1384 1328 1409; x_wconf 73' lang='grc' dir='ltr'><strong>’Ξ</strong></span> <span class='ocrx_word' id='word_1_551' title='bbox 1339 1392 1404 1410; x_wconf 88' lang='lat' dir='ltr'><strong>num</strong></span> <span class='ocrx_word' id='word_1_552' title='bbox 1422 1388 1452 1410; x_wconf 89' lang='lat' dir='ltr'><strong>ut</strong></span> <span class='ocrx_word' id='word_1_553' title='bbox 1474 1385 1569 1411; x_wconf 88' lang='lat' dir='ltr'><strong>eodem</strong></span> <span class='ocrx_word' id='word_1_554' title='bbox 1585 1386 1719 1420; x_wconf 88' lang='lat' dir='ltr'><strong>supplicio</strong></span> <span class='ocrx_word' id='word_1_555' title='bbox 1734 1386 1792 1413; x_wconf 76' lang='lat' dir='ltr'><strong>alli-</strong></span> 
     </span>
    </p>
   </div>
   <div class='ocr_carea' id='block_1_74' title="bbox 1009 1428 1792 1468">
    <p class='ocr_par' dir='ltr' id='par_1_74' title="bbox 1009 1428 1792 1468">
     <span class='ocr_line' id='line_1_74' title="bbox 1009 1428 1792 1468; baseline 0.009 -15"><span class='ocrx_word' id='word_1_556' title='bbox 1009 1428 1159 1454; x_wconf 79' lang='lat' dir='ltr'><strong>cerentur‘l</strong></span> <span class='ocrx_word' id='word_1_557' title='bbox 1174 1428 1222 1455; x_wconf 90' lang='lat' dir='ltr'><strong>sed</strong></span> <span class='ocrx_word' id='word_1_558' title='bbox 1237 1429 1299 1463; x_wconf 87' lang='lat' dir='ltr'><strong>quis</strong></span> <span class='ocrx_word' id='word_1_559' title='bbox 1315 1429 1369 1456; x_wconf 95' lang='lat' dir='ltr'><strong>ullo</strong></span> <span class='ocrx_word' id='word_1_560' title='bbox 1380 1437 1498 1464; x_wconf 87' lang='lat' dir='ltr'><strong>unquam</strong></span> <span class='ocrx_word' id='word_1_561' title='bbox 1514 1435 1643 1465; x_wconf 89' lang='lat' dir='ltr'><strong>tempore,</strong></span> <span class='ocrx_word' id='word_1_562' title='bbox 1662 1433 1735 1459; x_wconf 87' lang='lat' dir='ltr'><strong>nuUa</strong></span> <span class='ocrx_word' id='word_1_563' title='bbox 1745 1441 1792 1468; x_wconf 83' lang='lat' dir='ltr'><strong>spe</strong></span> 
     </span>
    </p>
   </div>
   <div class='ocr_carea' id='block_1_75' title="bbox 1009 1473 1792 1515">
    <p class='ocr_par' dir='ltr' id='par_1_75' title="bbox 1009 1473 1792 1515">
     <span class='ocr_line' id='line_1_75' title="bbox 1009 1473 1792 1515; baseline 0.009 -16"><span class='ocrx_word' id='word_1_564' title='bbox 1009 1473 1147 1507; x_wconf 86' lang='lat' dir='ltr'><strong>proposita</strong></span> <span class='ocrx_word' id='word_1_565' title='bbox 1162 1474 1297 1508; x_wconf 88' lang='lat' dir='ltr'><strong>ejusmodi</strong></span> <span class='ocrx_word' id='word_1_566' title='bbox 1319 1476 1482 1510; x_wconf 85' lang='lat' dir='ltr'><strong>supplicium</strong></span> <span class='ocrx_word' id='word_1_567' title='bbox 1510 1477 1685 1505; x_wconf 81' lang='lat' dir='ltr'><strong>manifestum</strong></span> <span class='ocrx_word' id='word_1_568' title='bbox 1709 1479 1792 1515; x_wconf 69' lang='lat' dir='ltr'><strong>elige—</strong></span> 
     </span>
    </p>
   </div>
   <div class='ocr_carea' id='block_1_76' title="bbox 1010 1518 1792 1556">
    <p class='ocr_par' dir='ltr' id='par_1_76' title="bbox 1010 1518 1792 1556">
     <span class='ocr_line' id='line_1_76' title="bbox 1010 1518 1792 1556; baseline 0.009 -11"><span class='ocrx_word' id='word_1_569' title='bbox 1010 1518 1071 1545; x_wconf 86' lang='lat' dir='ltr'><strong>ret?</strong></span> <span class='ocrx_word' id='word_1_570' title='bbox 1097 1518 1230 1546; x_wconf 56' lang='lat' dir='ltr'><strong>Caeterum</strong></span> <span class='ocrx_word' id='word_1_571' title='bbox 1259 1520 1356 1548; x_wconf 86' lang='lat' dir='ltr'><strong>demus</strong></span> <span class='ocrx_word' id='word_1_572' title='bbox 1387 1521 1447 1549; x_wconf 89' lang='lat' dir='ltr'><strong>illos</strong></span> <span class='ocrx_word' id='word_1_573' title='bbox 1469 1522 1545 1549; x_wconf 90' lang='lat' dir='ltr'><strong>illum</strong></span> <span class='ocrx_word' id='word_1_574' title='bbox 1561 1531 1623 1550; x_wconf 85' lang='lat' dir='ltr'><strong>esse</strong></span> <span class='ocrx_word' id='word_1_575' title='bbox 1636 1530 1792 1556; x_wconf 81' lang='lat' dir='ltr'><strong>veneratos,</strong></span> 
     </span>
    </p>
   </div>
   <div class='ocr_carea' id='block_1_77' title="bbox 1010 1566 1791 1606">
    <p class='ocr_par' dir='ltr' id='par_1_77' title="bbox 1010 1566 1791 1606">
     <span class='ocr_line' id='line_1_77' title="bbox 1010 1566 1791 1606; baseline 0.009 -15"><span class='ocrx_word' id='word_1_576' title='bbox 1010 1566 1139 1600; x_wconf 85' lang='lat' dir='ltr'><strong>quamdiu</strong></span> <span class='ocrx_word' id='word_1_577' title='bbox 1163 1573 1225 1593; x_wconf 88' lang='lat' dir='ltr'><strong>cum</strong></span> <span class='ocrx_word' id='word_1_578' title='bbox 1251 1567 1318 1601; x_wconf 91' lang='lat' dir='ltr'><strong>ipsis</strong></span> <span class='ocrx_word' id='word_1_579' title='bbox 1340 1573 1467 1596; x_wconf 77' lang='lat' dir='ltr'><strong>versatus</strong></span> <span class='ocrx_word' id='word_1_580' title='bbox 1493 1574 1733 1606; x_wconf 88' lang='lat' dir='ltr'><strong>commoratusque</strong></span> <span class='ocrx_word' id='word_1_581' title='bbox 1744 1572 1791 1603; x_wconf 82' lang='lat' dir='ltr'><strong>sit.</strong></span> 
     </span>
    </p>
   </div>
   <div class='ocr_carea' id='block_1_78' title="bbox 1011 1611 1791 1648">
    <p class='ocr_par' dir='ltr' id='par_1_78' title="bbox 1011 1611 1791 1648">
     <span class='ocr_line' id='line_1_78' title="bbox 1011 1611 1791 1648; baseline 0.009 -13"><span class='ocrx_word' id='word_1_582' title='bbox 1011 1613 1038 1636; x_wconf 87' lang='lat' dir='ltr'><strong>et</strong></span> <span class='ocrx_word' id='word_1_583' title='bbox 1047 1611 1175 1644; x_wconf 89' lang='lat' dir='ltr'><strong>quamdiu</strong></span> <span class='ocrx_word' id='word_1_584' title='bbox 1192 1611 1306 1639; x_wconf 78' lang='lat' dir='ltr'><strong>fallaciis</strong></span> <span class='ocrx_word' id='word_1_585' title='bbox 1320 1620 1377 1644; x_wconf 85' lang='lat' dir='ltr'><strong>eos,</strong></span> <span class='ocrx_word' id='word_1_586' title='bbox 1394 1619 1423 1639; x_wconf 85' lang='lat' dir='ltr'><strong>ut</strong></span> <span class='ocrx_word' id='word_1_587' title='bbox 1438 1621 1562 1641; x_wconf 88' lang='lat' dir='ltr'><strong>sermone</strong></span> <span class='ocrx_word' id='word_1_588' title='bbox 1586 1614 1700 1642; x_wconf 91' lang='lat' dir='ltr'><strong>istorum</strong></span> <span class='ocrx_word' id='word_1_589' title='bbox 1721 1620 1791 1648; x_wconf 74' lang='lat' dir='ltr'><strong>utar,</strong></span> 
     </span>
    </p>
   </div>
   <div class='ocr_carea' id='block_1_79' title="bbox 1011 1655 1792 1694">
    <p class='ocr_par' dir='ltr' id='par_1_79' title="bbox 1011 1655 1792 1694">
     <span class='ocr_line' id='line_1_79' title="bbox 1011 1655 1792 1694; baseline 0.008 -12"><span class='ocrx_word' id='word_1_590' title='bbox 1011 1655 1137 1690; x_wconf 88' lang='lat' dir='ltr'><strong>decipere</strong></span> <span class='ocrx_word' id='word_1_591' title='bbox 1159 1657 1286 1691; x_wconf 90' lang='lat' dir='ltr'><strong>potuerit.</strong></span> <span class='ocrx_word' id='word_1_592' title='bbox 1305 1657 1361 1684; x_wconf 92' lang='lat' dir='ltr'><strong>Cur</strong></span> <span class='ocrx_word' id='word_1_593' title='bbox 1385 1659 1466 1694; x_wconf 77' lang='lat' dir='ltr'><strong>igitur</strong></span> <span class='ocrx_word' id='word_1_594' title='bbox 1481 1664 1542 1694; x_wconf 89' lang='lat' dir='ltr'><strong>post</strong></span> <span class='ocrx_word' id='word_1_595' title='bbox 1565 1665 1679 1687; x_wconf 90' lang='lat' dir='ltr'><strong>mortem</strong></span> <span class='ocrx_word' id='word_1_596' title='bbox 1705 1662 1792 1689; x_wconf 89' lang='lat' dir='ltr'><strong>multo</strong></span> 
     </span>
    </p>
   </div>
   <div class='ocr_carea' id='block_1_80' title="bbox 1011 1701 1792 1736">
    <p class='ocr_par' dir='ltr' id='par_1_80' title="bbox 1011 1701 1792 1736">
     <span class='ocr_line' id='line_1_80' title="bbox 1011 1701 1792 1736; baseline 0.008 -8"><span class='ocrx_word' id='word_1_597' title='bbox 1011 1701 1098 1736; x_wconf 78' lang='lat' dir='ltr'><strong>magis</strong></span> <span class='ocrx_word' id='word_1_598' title='bbox 1114 1709 1196 1736; x_wconf 89' lang='lat' dir='ltr'><strong>quam</strong></span> <span class='ocrx_word' id='word_1_599' title='bbox 1221 1707 1284 1730; x_wconf 85' lang='lat' dir='ltr'><strong>ante</strong></span> <span class='ocrx_word' id='word_1_600' title='bbox 1296 1724 1303 1736; x_wconf 94' lang='lat'><strong>,</strong></span> <span class='ocrx_word' id='word_1_601' title='bbox 1322 1704 1398 1730; x_wconf 91' lang='lat' dir='ltr'><strong>illum</strong></span> <span class='ocrx_word' id='word_1_602' title='bbox 1424 1704 1549 1731; x_wconf 83' lang='lat' dir='ltr'><strong>admirati</strong></span> <span class='ocrx_word' id='word_1_603' title='bbox 1577 1706 1664 1732; x_wconf 87' lang='lat' dir='ltr'><strong>sunt?</strong></span> <span class='ocrx_word' id='word_1_604' title='bbox 1683 1714 1745 1733; x_wconf 89' lang='lat' dir='ltr'><strong>nam</strong></span> <span class='ocrx_word' id='word_1_605' title='bbox 1763 1707 1792 1735; x_wconf 89' lang='lat' dir='ltr'><strong>in</strong></span> 
     </span>
    </p>
   </div>
   <div class='ocr_carea' id='block_1_81' title="bbox 1011 1747 1792 1786">
    <p class='ocr_par' dir='ltr' id='par_1_81' title="bbox 1011 1747 1792 1786">
     <span class='ocr_line' id='line_1_81' title="bbox 1011 1747 1792 1786; baseline 0.009 -13"><span class='ocrx_word' id='word_1_606' title='bbox 1011 1747 1137 1775; x_wconf 84' lang='lat' dir='ltr'><strong>humanis</strong></span> <span class='ocrx_word' id='word_1_607' title='bbox 1153 1748 1293 1783; x_wconf 79' lang='lat' dir='ltr'><strong>degentem</strong></span> <span class='ocrx_word' id='word_1_608' title='bbox 1309 1752 1338 1776; x_wconf 84' lang='lat' dir='ltr'><strong>et</strong></span> <span class='ocrx_word' id='word_1_609' title='bbox 1355 1749 1510 1777; x_wconf 87' lang='lat' dir='ltr'><strong>deseruisse</strong></span> <span class='ocrx_word' id='word_1_610' title='bbox 1525 1754 1551 1777; x_wconf 91' lang='lat' dir='ltr'><strong>et</strong></span> <span class='ocrx_word' id='word_1_611' title='bbox 1565 1751 1715 1786; x_wconf 79' lang='lat' dir='ltr'><strong>abnegasse</strong></span> <span class='ocrx_word' id='word_1_612' title='bbox 1727 1752 1792 1780; x_wconf 92' lang='lat' dir='ltr'><strong>olim</strong></span> 
     </span>
    </p>
   </div>
   <div class='ocr_carea' id='block_1_82' title="bbox 1011 1793 1790 1825">
    <p class='ocr_par' dir='ltr' id='par_1_82' title="bbox 1011 1793 1790 1825">
     <span class='ocr_line' id='line_1_82' title="bbox 1011 1793 1790 1825; baseline 0.006 -5"><span class='ocrx_word' id='word_1_613' title='bbox 1011 1793 1147 1825; x_wconf 86' lang='lat' dir='ltr'><strong>dicuntur,</strong></span> <span class='ocrx_word' id='word_1_614' title='bbox 1175 1801 1236 1820; x_wconf 91' lang='lat' dir='ltr'><strong>cum</strong></span> <span class='ocrx_word' id='word_1_615' title='bbox 1257 1794 1295 1821; x_wconf 89' lang='lat' dir='ltr'><strong>illi</strong></span> <span class='ocrx_word' id='word_1_616' title='bbox 1312 1795 1436 1822; x_wconf 81' lang='lat' dir='ltr'><strong>videlicet</strong></span> <span class='ocrx_word' id='word_1_617' title='bbox 1466 1796 1572 1823; x_wconf 72' lang='lat' dir='ltr'><strong>insidia:</strong></span> <span class='ocrx_word' id='word_1_618' title='bbox 1604 1797 1681 1824; x_wconf 70' lang='lat' dir='ltr'><strong>factae</strong></span> <span class='ocrx_word' id='word_1_619' title='bbox 1714 1802 1790 1825; x_wconf 91' lang='lat' dir='ltr'><strong>sunt.</strong></span> 
     </span>
    </p>
   </div>
   <div class='ocr_carea' id='block_1_83' title="bbox 1011 1836 1791 1873">
    <p class='ocr_par' dir='ltr' id='par_1_83' title="bbox 1011 1836 1791 1873">
     <span class='ocr_line' id='line_1_83' title="bbox 1011 1836 1791 1873; baseline 0.008 -10"><span class='ocrx_word' id='word_1_620' title='bbox 1011 1836 1155 1872; x_wconf 82' lang='lat' dir='ltr'><strong>Postquam</strong></span> <span class='ocrx_word' id='word_1_621' title='bbox 1173 1846 1237 1865; x_wconf 87' lang='lat' dir='ltr'><strong>vero</strong></span> <span class='ocrx_word' id='word_1_622' title='bbox 1263 1839 1333 1865; x_wconf 90' lang='lat' dir='ltr'><strong>inter</strong></span> <span class='ocrx_word' id='word_1_623' title='bbox 1362 1838 1485 1866; x_wconf 87' lang='lat' dir='ltr'><strong>homines</strong></span> <span class='ocrx_word' id='word_1_624' title='bbox 1502 1848 1563 1867; x_wconf 86' lang='lat' dir='ltr'><strong>esse</strong></span> <span class='ocrx_word' id='word_1_625' title='bbox 1579 1840 1669 1873; x_wconf 89' lang='lat' dir='ltr'><strong>desiit,</strong></span> <span class='ocrx_word' id='word_1_626' title='bbox 1687 1842 1791 1869; x_wconf 86' lang='lat' dir='ltr'><strong>alacres</strong></span> 
     </span>
    </p>
   </div>
   <div class='ocr_carea' id='block_1_84' title="bbox 1012 1882 1792 1919">
    <p class='ocr_par' dir='ltr' id='par_1_84' title="bbox 1012 1882 1792 1919">
     <span class='ocr_line' id='line_1_84' title="bbox 1012 1882 1792 1919; baseline 0.008 -10"><span class='ocrx_word' id='word_1_627' title='bbox 1012 1882 1063 1917; x_wconf 89' lang='lat' dir='ltr'><strong>ipsi</strong></span> <span class='ocrx_word' id='word_1_628' title='bbox 1077 1883 1145 1909; x_wconf 92' lang='lat' dir='ltr'><strong>mori</strong></span> <span class='ocrx_word' id='word_1_629' title='bbox 1161 1884 1307 1916; x_wconf 89' lang='lat' dir='ltr'><strong>malebant,</strong></span> <span class='ocrx_word' id='word_1_630' title='bbox 1323 1892 1405 1919; x_wconf 80' lang='lat' dir='ltr'><strong>quam</strong></span> <span class='ocrx_word' id='word_1_631' title='bbox 1430 1892 1444 1911; x_wconf 91' lang='lat' dir='ltr'><strong>a</strong></span> <span class='ocrx_word' id='word_1_632' title='bbox 1461 1893 1524 1912; x_wconf 88' lang='lat' dir='ltr'><strong>vera</strong></span> <span class='ocrx_word' id='word_1_633' title='bbox 1545 1885 1578 1913; x_wconf 87' lang='lat' dir='ltr'><strong>de</strong></span> <span class='ocrx_word' id='word_1_634' title='bbox 1597 1887 1643 1913; x_wconf 90' lang='lat' dir='ltr'><strong>illo</strong></span> <span class='ocrx_word' id='word_1_635' title='bbox 1660 1887 1792 1915; x_wconf 82' lang='lat' dir='ltr'><strong>testiﬁca-</strong></span> 
     </span>
    </p>
   </div>
   <div class='ocr_carea' id='block_1_85' title="bbox 1011 1928 1791 1965">
    <p class='ocr_par' dir='ltr' id='par_1_85' title="bbox 1011 1928 1791 1965">
     <span class='ocr_line' id='line_1_85' title="bbox 1011 1928 1791 1965; baseline 0.009 -11"><span class='ocrx_word' id='word_1_636' title='bbox 1011 1928 1083 1955; x_wconf 90' lang='lat' dir='ltr'><strong>tione</strong></span> <span class='ocrx_word' id='word_1_637' title='bbox 1093 1928 1222 1955; x_wconf 81' lang='lat' dir='ltr'><strong>amoveri.</strong></span> <span class='ocrx_word' id='word_1_638' title='bbox 1239 1928 1266 1955; x_wconf 90' lang='lat' dir='ltr'><strong>Si</strong></span> <span class='ocrx_word' id='word_1_639' title='bbox 1282 1929 1363 1964; x_wconf 76' lang='lat' dir='ltr'><strong>igitur</strong></span> <span class='ocrx_word' id='word_1_640' title='bbox 1378 1932 1536 1965; x_wconf 62' lang='lat' dir='ltr'><strong>praeceptori</strong></span> <span class='ocrx_word' id='word_1_641' title='bbox 1552 1939 1603 1959; x_wconf 87' lang='lat' dir='ltr'><strong>suo</strong></span> <span class='ocrx_word' id='word_1_642' title='bbox 1618 1932 1718 1960; x_wconf 88' lang='lat' dir='ltr'><strong>nullius</strong></span> <span class='ocrx_word' id='word_1_643' title='bbox 1727 1933 1791 1961; x_wconf 91' lang='lat' dir='ltr'><strong>boni</strong></span> 
     </span>
    </p>
   </div>
   <div class='ocr_carea' id='block_1_86' title="bbox 1010 1973 1792 2012">
    <p class='ocr_par' dir='ltr' id='par_1_86' title="bbox 1010 1973 1792 2012">
     <span class='ocr_line' id='line_1_86' title="bbox 1010 1973 1792 2012; baseline 0.009 -13"><span class='ocrx_word' id='word_1_644' title='bbox 1010 1973 1113 2000; x_wconf 83' lang='lat' dir='ltr'><strong>conscii</strong></span> <span class='ocrx_word' id='word_1_645' title='bbox 1129 1979 1217 2006; x_wconf 88' lang='lat' dir='ltr'><strong>erant,</strong></span> <span class='ocrx_word' id='word_1_646' title='bbox 1243 1983 1296 2002; x_wconf 89' lang='lat' dir='ltr'><strong>non</strong></span> <span class='ocrx_word' id='word_1_647' title='bbox 1314 1976 1386 2008; x_wconf 65' lang='lat' dir='ltr'><strong>vine,</strong></span> <span class='ocrx_word' id='word_1_648' title='bbox 1404 1984 1457 2003; x_wconf 90' lang='lat' dir='ltr'><strong>non</strong></span> <span class='ocrx_word' id='word_1_649' title='bbox 1487 1976 1656 2012; x_wconf 82' lang='lat' dir='ltr'><strong>disciplime,</strong></span> <span class='ocrx_word' id='word_1_650' title='bbox 1676 1986 1731 2006; x_wconf 83' lang='lat' dir='ltr'><strong>non</strong></span> <span class='ocrx_word' id='word_1_651' title='bbox 1746 1986 1792 2006; x_wconf 86' lang='lat' dir='ltr'><strong>ac-</strong></span> 
     </span>
    </p>
   </div>
   <div class='ocr_carea' id='block_1_87' title="bbox 1010 2019 1792 2060">
    <p class='ocr_par' dir='ltr' id='par_1_87' title="bbox 1010 2019 1792 2060">
     <span class='ocr_line' id='line_1_87' title="bbox 1010 2019 1792 2060; baseline 0.01 -15"><span class='ocrx_word' id='word_1_652' title='bbox 1010 2019 1102 2051; x_wconf 88' lang='lat' dir='ltr'><strong>tionis,</strong></span> <span class='ocrx_word' id='word_1_653' title='bbox 1119 2028 1173 2047; x_wconf 90' lang='lat' dir='ltr'><strong>non</strong></span> <span class='ocrx_word' id='word_1_654' title='bbox 1188 2021 1279 2055; x_wconf 88' lang='lat' dir='ltr'><strong>operis</strong></span> <span class='ocrx_word' id='word_1_655' title='bbox 1291 2021 1406 2056; x_wconf 85' lang='lat' dir='ltr'><strong>alicujus</strong></span> <span class='ocrx_word' id='word_1_656' title='bbox 1423 2022 1529 2050; x_wconf 86' lang='lat' dir='ltr'><strong>laudem</strong></span> <span class='ocrx_word' id='word_1_657' title='bbox 1547 2024 1686 2056; x_wconf 89' lang='lat' dir='ltr'><strong>merentis,</strong></span> <span class='ocrx_word' id='word_1_658' title='bbox 1704 2032 1792 2060; x_wconf 87' lang='lat' dir='ltr'><strong>neque</strong></span> 
     </span>
    </p>
   </div>
   <div class='ocr_carea' id='block_1_88' title="bbox 1010 2064 1790 2104">
    <p class='ocr_par' dir='ltr' id='par_1_88' title="bbox 1010 2064 1790 2104">
     <span class='ocr_line' id='line_1_88' title="bbox 1010 2064 1790 2104; baseline 0.009 -14"><span class='ocrx_word' id='word_1_659' title='bbox 1010 2071 1074 2090; x_wconf 84' lang='lat' dir='ltr'><strong>vero</strong></span> <span class='ocrx_word' id='word_1_660' title='bbox 1090 2064 1238 2099; x_wconf 88' lang='lat' dir='ltr'><strong>quidquam</strong></span> <span class='ocrx_word' id='word_1_661' title='bbox 1262 2066 1296 2092; x_wconf 90' lang='lat' dir='ltr'><strong>ab</strong></span> <span class='ocrx_word' id='word_1_662' title='bbox 1324 2066 1369 2093; x_wconf 88' lang='lat' dir='ltr'><strong>illo</strong></span> <span class='ocrx_word' id='word_1_663' title='bbox 1386 2067 1560 2094; x_wconf 83' lang='lat' dir='ltr'><strong>emolumenti</strong></span> <span class='ocrx_word' id='word_1_664' title='bbox 1588 2074 1765 2104; x_wconf 84' lang='lat' dir='ltr'><strong>perceperant</strong></span> <span class='ocrx_word' id='word_1_665' title='bbox 1782 2090 1790 2102; x_wconf 88' lang='lat'><strong>,</strong></span> 
     </span>
    </p>
   </div>
   <div class='ocr_carea' id='block_1_89' title="bbox 1011 2111 1791 2143">
    <p class='ocr_par' dir='ltr' id='par_1_89' title="bbox 1011 2111 1791 2143">
     <span class='ocr_line' id='line_1_89' title="bbox 1011 2111 1791 2143; baseline 0.01 -8"><span class='ocrx_word' id='word_1_666' title='bbox 1011 2113 1107 2141; x_wconf 80' lang='lat' dir='ltr'><strong>praeter</strong></span> <span class='ocrx_word' id='word_1_667' title='bbox 1122 2118 1202 2136; x_wconf 87' lang='lat' dir='ltr'><strong>unam</strong></span> <span class='ocrx_word' id='word_1_668' title='bbox 1221 2111 1349 2138; x_wconf 85' lang='lat' dir='ltr'><strong>malitiam</strong></span> <span class='ocrx_word' id='word_1_669' title='bbox 1375 2116 1401 2138; x_wconf 92' lang='lat' dir='ltr'><strong>et</strong></span> <span class='ocrx_word' id='word_1_670' title='bbox 1425 2113 1539 2140; x_wconf 88' lang='lat' dir='ltr'><strong>aliorum</strong></span> <span class='ocrx_word' id='word_1_671' title='bbox 1557 2113 1697 2142; x_wconf 86' lang='lat' dir='ltr'><strong>hominum</strong></span> <span class='ocrx_word' id='word_1_672' title='bbox 1711 2115 1791 2143; x_wconf 88' lang='lat' dir='ltr'><strong>dece-</strong></span> 
     </span>
    </p>
   </div>
   <div class='ocr_carea' id='block_1_90' title="bbox 1010 2154 1791 2194">
    <p class='ocr_par' dir='ltr' id='par_1_90' title="bbox 1010 2154 1791 2194">
     <span class='ocr_line' id='line_1_90' title="bbox 1010 2154 1791 2194; baseline 0.012 -15"><span class='ocrx_word' id='word_1_673' title='bbox 1010 2154 1140 2188; x_wconf 89' lang='lat' dir='ltr'><strong>ptionem,</strong></span> <span class='ocrx_word' id='word_1_674' title='bbox 1166 2155 1243 2190; x_wconf 76' lang='lat'><strong>112</strong></span> <span class='ocrx_word' id='word_1_675' title='bbox 1262 2164 1342 2190; x_wconf 83' lang='lat' dir='ltr'><strong>quam</strong></span> <span class='ocrx_word' id='word_1_676' title='bbox 1359 2157 1393 2183; x_wconf 91' lang='lat' dir='ltr'><strong>ob</strong></span> <span class='ocrx_word' id='word_1_677' title='bbox 1410 2165 1466 2184; x_wconf 84' lang='lat' dir='ltr'><strong>rem</strong></span> <span class='ocrx_word' id='word_1_678' title='bbox 1481 2162 1534 2185; x_wconf 87' lang='lat' dir='ltr'><strong>tam</strong></span> <span class='ocrx_word' id='word_1_679' title='bbox 1551 2164 1674 2194; x_wconf 89' lang='lat' dir='ltr'><strong>prompte</strong></span> <span class='ocrx_word' id='word_1_680' title='bbox 1690 2161 1791 2188; x_wconf 80' lang='lat' dir='ltr'><strong>morie-</strong></span> 
     </span>
    </p>
   </div>
   <div class='ocr_carea' id='block_1_91' title="bbox 1010 2199 1790 2241">
    <p class='ocr_par' dir='ltr' id='par_1_91' title="bbox 1010 2199 1790 2241">
     <span class='ocr_line' id='line_1_91' title="bbox 1010 2199 1790 2241; baseline 0.012 -16"><span class='ocrx_word' id='word_1_681' title='bbox 1010 2199 1119 2232; x_wconf 87' lang='lat' dir='ltr'><strong>bantur,</strong></span> <span class='ocrx_word' id='word_1_682' title='bbox 1135 2200 1281 2228; x_wconf 87' lang='lat' dir='ltr'><strong>dummodo</strong></span> <span class='ocrx_word' id='word_1_683' title='bbox 1291 2201 1377 2229; x_wconf 85' lang='lat' dir='ltr'><strong>deillo</strong></span> <span class='ocrx_word' id='word_1_684' title='bbox 1388 2211 1482 2230; x_wconf 85' lang='lat' dir='ltr'><strong>severa</strong></span> <span class='ocrx_word' id='word_1_685' title='bbox 1497 2204 1620 2238; x_wconf 67' lang='lat' dir='ltr'><strong>quaadam</strong></span> <span class='ocrx_word' id='word_1_686' title='bbox 1633 2210 1659 2233; x_wconf 92' lang='lat' dir='ltr'><strong>et</strong></span> <span class='ocrx_word' id='word_1_687' title='bbox 1673 2206 1790 2241; x_wconf 80' lang='lat' dir='ltr'><strong>insignia</strong></span> 
     </span>
    </p>
   </div>
   <div class='ocr_carea' id='block_1_92' title="bbox 176 2245 959 2290">
    <p class='ocr_par' dir='ltr' id='par_1_92' title="bbox 176 2252 957 2290">
     <span class='ocr_line' id='line_1_92' title="bbox 176 2252 957 2290; baseline -0.004 -10"><span class='ocrx_word' id='word_1_688' title='bbox 176 2253 226 2290; x_wconf 79' lang='grc' dir='ltr'><strong>τὴν</strong></span> <span class='ocrx_word' id='word_1_689' title='bbox 247 2253 413 2289; x_wconf 83' lang='grc' dir='ltr'>πρόσκαιρον</span> <span class='ocrx_word' id='word_1_690' title='bbox 435 2253 545 2288; x_wconf 73' lang='grc' dir='ltr'>ταυτηνὶ</span> <span class='ocrx_word' id='word_1_691' title='bbox 564 2253 646 2288; x_wconf 77' lang='grc' dir='ltr'>ζωὴν,</span> <span class='ocrx_word' id='word_1_692' title='bbox 669 2253 714 2279; x_wconf 74' lang='grc' dir='ltr'>καὶ</span> <span class='ocrx_word' id='word_1_693' title='bbox 733 2252 782 2284; x_wconf 78' lang='grc' dir='ltr'><strong>τὰς</strong></span> <span class='ocrx_word' id='word_1_694' title='bbox 799 2253 857 2278; x_wconf 79' lang='grc' dir='ltr'>κατ’</span> <span class='ocrx_word' id='word_1_695' title='bbox 875 2252 957 2286; x_wconf 77' lang='grc' dir='ltr'>αὐτὴν</span> 
     </span>
    </p>
   </div>
   <div class='ocr_carea' id='block_1_93' title="bbox 1011 2245 1790 2290">
    <p class='ocr_par' dir='ltr' id='par_1_93' title="bbox 1011 2245 1790 2286">
     <span class='ocr_line' id='line_1_93' title="bbox 1011 2245 1790 2286; baseline 0.012 -15"><span class='ocrx_word' id='word_1_696' title='bbox 1011 2245 1189 2279; x_wconf 85' lang='lat' dir='ltr'><strong>praedicarent</strong></span> <span class='ocrx_word' id='word_1_697' title='bbox 1203 2247 1214 2273; x_wconf 88' lang='lat'><strong>?</strong></span> <span class='ocrx_word' id='word_1_698' title='bbox 1235 2255 1294 2274; x_wconf 84' lang='lat' dir='ltr'><strong>cum</strong></span> <span class='ocrx_word' id='word_1_699' title='bbox 1310 2248 1417 2275; x_wconf 89' lang='lat' dir='ltr'><strong>interim</strong></span> <span class='ocrx_word' id='word_1_700' title='bbox 1435 2250 1544 2276; x_wconf 89' lang='lat' dir='ltr'><strong>illorum</strong></span> <span class='ocrx_word' id='word_1_701' title='bbox 1559 2251 1707 2286; x_wconf 88' lang='lat' dir='ltr'><strong>unicuique</strong></span> <span class='ocrx_word' id='word_1_702' title='bbox 1723 2252 1790 2280; x_wconf 90' lang='lat' dir='ltr'><strong>lice-</strong></span> 
     </span>
    </p>
   </div>
   <div class='ocr_carea' id='block_1_94' title="bbox 176 2297 959 2334">
    <p class='ocr_par' dir='ltr' id='par_1_94' title="bbox 176 2297 959 2334">
     <span class='ocr_line' id='line_1_94' title="bbox 176 2297 959 2334; baseline -0.004 -8"><span class='ocrx_word' id='word_1_703' title='bbox 176 2299 341 2334; x_wconf 75' lang='grc' dir='ltr'>ἡδυπαθείας</span> <span class='ocrx_word' id='word_1_704' title='bbox 354 2299 536 2334; x_wconf 86' lang='grc' dir='ltr'>μεταδιώκων,</span> <span class='ocrx_word' id='word_1_705' title='bbox 548 2299 597 2325; x_wconf 70' lang='grc' dir='ltr'>οὐκ</span> <span class='ocrx_word' id='word_1_706' title='bbox 608 2299 638 2325; x_wconf 77' lang='grc' dir='ltr'>ἄν</span> <span class='ocrx_word' id='word_1_707' title='bbox 649 2307 713 2324; x_wconf 79' lang='grc' dir='ltr'>ποτε</span> <span class='ocrx_word' id='word_1_708' title='bbox 724 2298 808 2324; x_wconf 70' lang='grc' dir='ltr'>ἕλοιτο</span> <span class='ocrx_word' id='word_1_709' title='bbox 824 2298 874 2332; x_wconf 79' lang='grc' dir='ltr'>πρὸ</span> <span class='ocrx_word' id='word_1_710' title='bbox 887 2297 959 2332; x_wconf 82' lang='grc' dir='ltr'>ζωῆς</span> 
     </span>
    </p>
   </div>
   <div class='ocr_carea' id='block_1_95' title="bbox 176 2344 959 2381">
    <p class='ocr_par' dir='ltr' id='par_1_95' title="bbox 176 2344 959 2381">
     <span class='ocr_line' id='line_1_95' title="bbox 176 2344 959 2381; baseline -0.003 -10"><span class='ocrx_word' id='word_1_711' title='bbox 176 2344 301 2377; x_wconf 77' lang='grc' dir='ltr'>θάνατον,</span> <span class='ocrx_word' id='word_1_712' title='bbox 325 2345 378 2371; x_wconf 76' lang='grc' dir='ltr'>οὐδ’</span> <span class='ocrx_word' id='word_1_713' title='bbox 395 2345 465 2381; x_wconf 79' lang='grc' dir='ltr'>ὑπὲρ</span> <span class='ocrx_word' id='word_1_714' title='bbox 481 2345 586 2371; x_wconf 86' lang='grc' dir='ltr'>οἰκείων</span> <span class='ocrx_word' id='word_1_715' title='bbox 606 2345 651 2371; x_wconf 79' lang='grc' dir='ltr'><strong>καὶ</strong></span> <span class='ocrx_word' id='word_1_716' title='bbox 676 2344 809 2378; x_wconf 84' lang='grc' dir='ltr'>φιλτάτων</span> <span class='ocrx_word' id='word_1_717' title='bbox 825 2344 959 2378; x_wconf 86' lang='grc' dir='ltr'>τιμωρίας</span> 
     </span>
    </p>
   </div>
   <div class='ocr_carea' id='block_1_96' title="bbox 176 2390 959 2426">
    <p class='ocr_par' dir='ltr' id='par_1_96' title="bbox 176 2390 959 2426">
     <span class='ocr_line' id='line_1_96' title="bbox 176 2390 959 2426; baseline -0.001 -9"><span class='ocrx_word' id='word_1_718' title='bbox 176 2391 343 2426; x_wconf 80' lang='grc' dir='ltr'>ὑπομείνειε,</span> <span class='ocrx_word' id='word_1_719' title='bbox 358 2391 454 2426; x_wconf 88' lang='grc' dir='ltr'>μήτιγε</span> <span class='ocrx_word' id='word_1_720' title='bbox 463 2391 530 2426; x_wconf 77' lang='grc' dir='ltr'>ὑπὲρ</span> <span class='ocrx_word' id='word_1_721' title='bbox 547 2390 592 2416; x_wconf 89' lang='grc' dir='ltr'><strong>τοῦ</strong></span> <span class='ocrx_word' id='word_1_722' title='bbox 607 2391 759 2426; x_wconf 82' lang='grc' dir='ltr'>φαυλότητα</span> <span class='ocrx_word' id='word_1_723' title='bbox 771 2390 959 2424; x_wconf 75' lang='grc' dir='ltr'>κατεγνωσμέ-</span> 
     </span>
    </p>
   </div>
   <div class='ocr_carea' id='block_1_97' title="bbox 177 2434 958 2471">
    <p class='ocr_par' dir='ltr' id='par_1_97' title="bbox 177 2434 958 2471">
     <span class='ocr_line' id='line_1_97' title="bbox 177 2434 958 2471; baseline -0.003 -8"><span class='ocrx_word' id='word_1_724' title='bbox 177 2445 233 2463; x_wconf 77' lang='grc' dir='ltr'>νου.</span> <span class='ocrx_word' id='word_1_725' title='bbox 259 2436 323 2468; x_wconf 83' lang='grc' dir='ltr'><strong>Πῶς</strong></span> <span class='ocrx_word' id='word_1_726' title='bbox 343 2434 389 2463; x_wconf 79' lang='grc' dir='ltr'><strong>οὖν</strong></span> <span class='ocrx_word' id='word_1_727' title='bbox 412 2438 436 2463; x_wconf 91' lang='grc' dir='ltr'>οἰ</span> <span class='ocrx_word' id='word_1_728' title='bbox 453 2436 497 2463; x_wconf 86' lang='grc' dir='ltr'><strong>τοῦ</strong></span> <span class='ocrx_word' id='word_1_729' title='bbox 520 2436 684 2471; x_wconf 78' lang='grc' dir='ltr'>δηλουμένον</span> <span class='ocrx_word' id='word_1_730' title='bbox 709 2436 836 2471; x_wconf 77' lang='grc' dir='ltr'>μαθηταὶ,</span> <span class='ocrx_word' id='word_1_731' title='bbox 856 2436 881 2461; x_wconf 83' lang='grc' dir='ltr'><strong>εί</strong></span> <span class='ocrx_word' id='word_1_732' title='bbox 905 2435 958 2470; x_wconf 83' lang='grc' dir='ltr'>ἄρα</span> 
     </span>
    </p>
   </div>
   <div class='ocr_carea' id='block_1_98' title="bbox 178 2479 956 2518">
    <p class='ocr_par' dir='ltr' id='par_1_98' title="bbox 178 2479 956 2518">
     <span class='ocr_line' id='line_1_98' title="bbox 178 2479 956 2518; baseline -0.005 -9"><span class='ocrx_word' id='word_1_733' title='bbox 178 2481 279 2514; x_wconf 76' lang='grc' dir='ltr'>πλάνος</span> <span class='ocrx_word' id='word_1_734' title='bbox 293 2480 328 2518; x_wconf 82' lang='grc' dir='ltr'>ἦν</span> <span class='ocrx_word' id='word_1_735' title='bbox 343 2482 390 2509; x_wconf 81' lang='grc' dir='ltr'>καὶ</span> <span class='ocrx_word' id='word_1_736' title='bbox 407 2483 482 2517; x_wconf 84' lang='grc' dir='ltr'>γόης,</span> <span class='ocrx_word' id='word_1_737' title='bbox 495 2482 544 2508; x_wconf 81' lang='grc' dir='ltr'>οὐκ</span> <span class='ocrx_word' id='word_1_738' title='bbox 559 2481 716 2516; x_wconf 82' lang='grc' dir='ltr'>ἀγνοοῦντες</span> <span class='ocrx_word' id='word_1_739' title='bbox 738 2480 818 2507; x_wconf 77' lang='grc' dir='ltr'>αὑτὸν</span> <span class='ocrx_word' id='word_1_740' title='bbox 830 2479 956 2512; x_wconf 79' lang='grc' dir='ltr'>τοιοῦτον,</span> 
     </span>
    </p>
   </div>
   <div class='ocr_carea' id='block_1_99' title="bbox 176 2526 958 2563">
    <p class='ocr_par' dir='ltr' id='par_1_99' title="bbox 176 2526 958 2563">
     <span class='ocr_line' id='line_1_99' title="bbox 176 2526 958 2563; baseline -0.005 -8"><span class='ocrx_word' id='word_1_741' title='bbox 176 2528 245 2555; x_wconf 65' lang='lat' dir='ltr'><strong>«tm</strong></span> <span class='ocrx_word' id='word_1_742' title='bbox 259 2528 306 2555; x_wconf 83' lang='grc' dir='ltr'><strong>καὶ</strong></span> <span class='ocrx_word' id='word_1_743' title='bbox 324 2528 411 2559; x_wconf 78' lang='grc' dir='ltr'>αὐτοὶ,</span> <span class='ocrx_word' id='word_1_744' title='bbox 424 2529 523 2563; x_wconf 88' lang='grc' dir='ltr'>χείρονι</span> <span class='ocrx_word' id='word_1_745' title='bbox 542 2528 689 2563; x_wconf 87' lang='grc' dir='ltr'>μοχθηρίας</span> <span class='ocrx_word' id='word_1_746' title='bbox 702 2527 793 2562; x_wconf 82' lang='grc' dir='ltr'>τρόπῳ</span> <span class='ocrx_word' id='word_1_747' title='bbox 810 2527 858 2558; x_wconf 78' lang='grc' dir='ltr'>τὰς</span> <span class='ocrx_word' id='word_1_748' title='bbox 872 2526 958 2561; x_wconf 74' lang='grc' dir='ltr'>ψυχὰς</span> 
     </span>
    </p>
   </div>
   <div class='ocr_carea' id='block_1_100' title="bbox 177 2571 958 2609">
    <p class='ocr_par' dir='ltr' id='par_1_100' title="bbox 177 2571 958 2609">
     <span class='ocr_line' id='line_1_100' title="bbox 177 2571 958 2609; baseline -0.004 -9"><span class='ocrx_word' id='word_1_749' title='bbox 177 2573 363 2609; x_wconf 72' lang='grc' dir='ltr'>ὲνεσχημὲνοι,</span> <span class='ocrx_word' id='word_1_750' title='bbox 385 2574 519 2608; x_wconf 81' lang='grc' dir='ltr'>ὑπέμενον</span> <span class='ocrx_word' id='word_1_751' title='bbox 543 2574 611 2609; x_wconf 74' lang='grc' dir='ltr'>πρὸς</span> <span class='ocrx_word' id='word_1_752' title='bbox 635 2573 688 2599; x_wconf 85' lang='grc' dir='ltr'>τῶν</span> <span class='ocrx_word' id='word_1_753' title='bbox 711 2571 844 2607; x_wconf 80' lang='grc' dir='ltr'>ὁμοεθνῶν</span> <span class='ocrx_word' id='word_1_754' title='bbox 869 2571 958 2602; x_wconf 83' lang='grc' dir='ltr'>πάσας</span> 
     </span>
    </p>
   </div>
   <div class='ocr_carea' id='block_1_101' title="bbox 177 2618 958 2655">
    <p class='ocr_par' dir='ltr' id='par_1_101' title="bbox 177 2618 958 2655">
     <span class='ocr_line' id='line_1_101' title="bbox 177 2618 958 2655; baseline -0.003 -9"><span class='ocrx_word' id='word_1_755' title='bbox 177 2620 281 2652; x_wconf 80' lang='grc' dir='ltr'>αἰκίας,</span> <span class='ocrx_word' id='word_1_756' title='bbox 293 2621 340 2647; x_wconf 75' lang='grc' dir='ltr'>καὶ</span> <span class='ocrx_word' id='word_1_757' title='bbox 352 2621 406 2647; x_wconf 82' lang='grc' dir='ltr'>πᾶν</span> <span class='ocrx_word' id='word_1_758' title='bbox 420 2620 557 2655; x_wconf 83' lang='grc' dir='ltr'>τιμωριῶν</span> <span class='ocrx_word' id='word_1_759' title='bbox 569 2618 636 2651; x_wconf 83' lang='grc' dir='ltr'>εἶδος</span> <span class='ocrx_word' id='word_1_760' title='bbox 649 2620 717 2655; x_wconf 82' lang='grc' dir='ltr'>ὑπὲρ</span> <span class='ocrx_word' id='word_1_761' title='bbox 730 2620 778 2654; x_wconf 82' lang='grc' dir='ltr'>τῆς</span> <span class='ocrx_word' id='word_1_762' title='bbox 792 2618 873 2645; x_wconf 80' lang='grc' dir='ltr'>αὑτοῦ</span> <span class='ocrx_word' id='word_1_763' title='bbox 889 2627 958 2653; x_wconf 85' lang='grc' dir='ltr'>μαρ-</span> 
     </span>
    </p>
   </div>
   <div class='ocr_carea' id='block_1_102' title="bbox 176 2661 959 2700">
    <p class='ocr_par' dir='ltr' id='par_1_102' title="bbox 176 2661 959 2700">
     <span class='ocr_line' id='line_1_102' title="bbox 176 2661 959 2700; baseline -0.006 -8"><span class='ocrx_word' id='word_1_764' title='bbox 176 2665 272 2700; x_wconf 81' lang='grc' dir='ltr'>τυρίας</span> <span class='ocrx_word' id='word_1_765' title='bbox 288 2664 473 2699; x_wconf 79' lang='grc' dir='ltr'>ἀναδέχεσθαι,</span> <span class='ocrx_word' id='word_1_766' title='bbox 495 2664 544 2690; x_wconf 77' lang='grc' dir='ltr'>οὐκ</span> <span class='ocrx_word' id='word_1_767' title='bbox 566 2664 594 2690; x_wconf 82' lang='grc' dir='ltr'>ὃν</span> <span class='ocrx_word' id='word_1_768' title='bbox 610 2663 690 2690; x_wconf 81' lang='grc' dir='ltr'>τοῦτο</span> <span class='ocrx_word' id='word_1_769' title='bbox 710 2663 760 2698; x_wconf 83' lang='grc' dir='ltr'>τῆς</span> <span class='ocrx_word' id='word_1_770' title='bbox 775 2663 830 2688; x_wconf 85' lang='grc' dir='ltr'>τῶν</span> <span class='ocrx_word' id='word_1_771' title='bbox 851 2661 959 2696; x_wconf 75' lang='grc' dir='ltr'>φαύλων</span> 
     </span>
    </p>
   </div>
   <div class='ocr_carea' id='block_1_103' title="bbox 177 2707 958 2745">
    <p class='ocr_par' dir='ltr' id='par_1_103' title="bbox 177 2707 958 2745">
     <span class='ocr_line' id='line_1_103' title="bbox 177 2707 958 2745; baseline -0.006 -7"><span class='ocrx_word' id='word_1_772' title='bbox 177 2711 276 2738; x_wconf 77' lang='grc' dir='ltr'>οἰκεῖον</span> <span class='ocrx_word' id='word_1_773' title='bbox 291 2710 416 2745; x_wconf 85' lang='grc' dir='ltr'>φύσεως;</span> <span class='ocrx_word' id='word_1_774' title='bbox 436 2710 497 2736; x_wconf 86' lang='grc' dir='ltr'>Ἔτι</span> <span class='ocrx_word' id='word_1_775' title='bbox 513 2709 540 2736; x_wconf 76' lang='grc' dir='ltr'>δὲ</span> <span class='ocrx_word' id='word_1_776' title='bbox 560 2710 605 2736; x_wconf 77' lang='grc' dir='ltr'><strong>καὶ</strong></span> <span class='ocrx_word' id='word_1_777' title='bbox 628 2710 714 2744; x_wconf 81' lang='grc' dir='ltr'>τούτῳ</span> <span class='ocrx_word' id='word_1_778' title='bbox 733 2708 864 2744; x_wconf 80' lang='grc' dir='ltr'>πρόσχες·</span> <span class='ocrx_word' id='word_1_779' title='bbox 884 2708 907 2733; x_wconf 86' lang='grc' dir='ltr'>εἰ</span> <span class='ocrx_word' id='word_1_780' title='bbox 927 2707 958 2742; x_wconf 81' lang='grc' dir='ltr'>δὴ</span> 
     </span>
    </p>
   </div>
   <div class='ocr_carea' id='block_1_104' title="bbox 177 2752 958 2789">
    <p class='ocr_par' dir='ltr' id='par_1_104' title="bbox 177 2752 958 2789">
     <span class='ocr_line' id='line_1_104' title="bbox 177 2752 958 2789; baseline -0.006 -6"><span class='ocrx_word' id='word_1_781' title='bbox 177 2756 225 2783; x_wconf 76' lang='grc' dir='ltr'>καὶ</span> <span class='ocrx_word' id='word_1_782' title='bbox 238 2756 316 2783; x_wconf 76' lang='grc' dir='ltr'>αὐτοὶ</span> <span class='ocrx_word' id='word_1_783' title='bbox 326 2755 420 2782; x_wconf 83' lang='grc' dir='ltr'>πλάνοι</span> <span class='ocrx_word' id='word_1_784' title='bbox 436 2756 482 2782; x_wconf 74' lang='grc' dir='ltr'>καὶ</span> <span class='ocrx_word' id='word_1_785' title='bbox 499 2754 655 2786; x_wconf 78' lang='grc' dir='ltr'>ἀπατεῶνες</span> <span class='ocrx_word' id='word_1_786' title='bbox 668 2754 823 2789; x_wconf 81' lang='grc' dir='ltr'>ἐτύγχανον,</span> <span class='ocrx_word' id='word_1_787' title='bbox 843 2752 958 2788; x_wconf 81' lang='grc' dir='ltr'>πρόσθες</span> 
     </span>
    </p>
   </div>
   <div class='ocr_carea' id='block_1_105' title="bbox 176 2797 958 2833">
    <p class='ocr_par' dir='ltr' id='par_1_105' title="bbox 176 2797 958 2833">
     <span class='ocr_line' id='line_1_105' title="bbox 176 2797 958 2833; baseline -0.006 -5"><span class='ocrx_word' id='word_1_788' title='bbox 176 2801 199 2827; x_wconf 76' lang='grc' dir='ltr'>δ’</span> <span class='ocrx_word' id='word_1_789' title='bbox 213 2801 255 2828; x_wconf 81' lang='grc' dir='ltr'>ὅτι</span> <span class='ocrx_word' id='word_1_790' title='bbox 276 2801 324 2827; x_wconf 81' lang='grc' dir='ltr'>καὶ</span> <span class='ocrx_word' id='word_1_791' title='bbox 338 2800 495 2827; x_wconf 85' lang='grc' dir='ltr'>ἀπαίδευτοι</span> <span class='ocrx_word' id='word_1_792' title='bbox 512 2799 558 2828; x_wconf 75' lang='grc' dir='ltr'>καὶ</span> <span class='ocrx_word' id='word_1_793' title='bbox 580 2798 717 2830; x_wconf 82' lang='grc' dir='ltr'>παντελῶς</span> <span class='ocrx_word' id='word_1_794' title='bbox 729 2798 842 2830; x_wconf 84' lang='grc' dir='ltr'>ίδιῶται,</span> <span class='ocrx_word' id='word_1_795' title='bbox 861 2797 958 2833; x_wconf 82' lang='grc' dir='ltr'>μᾶλλον</span> 
     </span>
    </p>
   </div>
   <div class='ocr_carea' id='block_1_106' title="bbox 177 2844 958 2881">
    <p class='ocr_par' dir='ltr' id='par_1_106' title="bbox 177 2844 958 2881">
     <span class='ocr_line' id='line_1_106' title="bbox 177 2844 958 2881; baseline -0.005 -8"><span class='ocrx_word' id='word_1_796' title='bbox 177 2845 205 2873; x_wconf 77' lang='grc' dir='ltr'>δὲ</span> <span class='ocrx_word' id='word_1_797' title='bbox 218 2847 259 2873; x_wconf 72' lang='lat' dir='ltr'><strong>au</strong></span> <span class='ocrx_word' id='word_1_798' title='bbox 268 2846 316 2872; x_wconf 76' lang='grc' dir='ltr'><strong>καὶ</strong></span> <span class='ocrx_word' id='word_1_799' title='bbox 327 2844 469 2881; x_wconf 73' lang='grc' dir='ltr'>βάρὸαροι,</span> <span class='ocrx_word' id='word_1_800' title='bbox 486 2845 532 2871; x_wconf 73' lang='grc' dir='ltr'>καὶ</span> <span class='ocrx_word' id='word_1_801' title='bbox 544 2845 592 2879; x_wconf 76' lang='grc' dir='ltr'>τῆς</span> <span class='ocrx_word' id='word_1_802' title='bbox 606 2844 699 2880; x_wconf 86' lang='grc' dir='ltr'>Σύρων</span> <span class='ocrx_word' id='word_1_803' title='bbox 712 2844 742 2870; x_wconf 81' lang='grc' dir='ltr'>οὺ</span> <span class='ocrx_word' id='word_1_804' title='bbox 759 2844 838 2870; x_wconf 89' lang='grc' dir='ltr'>πλέον</span> <span class='ocrx_word' id='word_1_805' title='bbox 852 2844 958 2869; x_wconf 77' lang='grc' dir='ltr'>ἐπαΐον-</span> 
     </span>
    </p>
   </div>
   <div class='ocr_carea' id='block_1_107' title="bbox 177 2889 966 2928">
    <p class='ocr_par' dir='ltr' id='par_1_107' title="bbox 177 2889 966 2928">
     <span class='ocr_line' id='line_1_107' title="bbox 177 2889 966 2928; baseline -0.004 -10"><span class='ocrx_word' id='word_1_806' title='bbox 177 2899 222 2922; x_wconf 78' lang='grc' dir='ltr'><strong>τες</strong></span> <span class='ocrx_word' id='word_1_807' title='bbox 235 2891 338 2927; x_wconf 79' lang='grc' dir='ltr'>φωνῆς,</span> <span class='ocrx_word' id='word_1_808' title='bbox 351 2891 399 2918; x_wconf 70' lang='grc' dir='ltr'>καὶ</span> <span class='ocrx_word' id='word_1_809' title='bbox 415 2890 472 2922; x_wconf 78' lang='grc' dir='ltr'>πῶς</span> <span class='ocrx_word' id='word_1_810' title='bbox 494 2890 539 2916; x_wconf 69' lang='grc' dir='ltr'><strong>ἐπὶ</strong></span> <span class='ocrx_word' id='word_1_811' title='bbox 556 2891 646 2916; x_wconf 73' lang='grc' dir='ltr'>πᾶσαν</span> <span class='ocrx_word' id='word_1_812' title='bbox 666 2890 797 2926; x_wconf 75' lang='grc' dir='ltr'>προῆλθον</span> <span class='ocrx_word' id='word_1_813' title='bbox 812 2889 859 2925; x_wconf 74' lang='grc' dir='ltr'>τὴν</span> <span class='ocrx_word' id='word_1_814' title='bbox 870 2890 966 2928; x_wconf 43' lang='grc' dir='ltr'>οἰκουτ</span> 
     </span>
    </p>
   </div>
   <div class='ocr_carea' id='block_1_108' title="bbox 334 2935 688 2969">
    <p class='ocr_par' dir='ltr' id='par_1_108' title="bbox 334 2935 688 2969">
     <span class='ocr_line' id='line_1_108' title="bbox 334 2935 688 2969; baseline -0.011 0"><span class='ocrx_word' id='word_1_815' title='bbox 334 2938 469 2969; x_wconf 58' lang='lat' dir='ltr'><strong>Parnm“</strong></span> <span class='ocrx_word' id='word_1_816' title='bbox 500 2937 558 2968; x_wconf 86' lang='lat' dir='ltr'><strong>Gn.</strong></span> <span class='ocrx_word' id='word_1_817' title='bbox 587 2935 688 2966; x_wconf 76' lang='lat' dir='ltr'><strong>XXI).</strong></span> 
     </span>
    </p>
   </div>
   <div class='ocr_carea' id='block_1_109' title="bbox 1010 2292 1788 2333">
    <p class='ocr_par' dir='ltr' id='par_1_109' title="bbox 1010 2292 1788 2333">
     <span class='ocr_line' id='line_1_109' title="bbox 1010 2292 1788 2333; baseline 0.01 -16"><span class='ocrx_word' id='word_1_818' title='bbox 1010 2295 1051 2317; x_wconf 88' lang='lat' dir='ltr'><strong>ret</strong></span> <span class='ocrx_word' id='word_1_819' title='bbox 1063 2292 1150 2319; x_wconf 84' lang='lat' dir='ltr'><strong>otiose</strong></span> <span class='ocrx_word' id='word_1_820' title='bbox 1165 2293 1265 2325; x_wconf 85' lang='lat' dir='ltr'><strong>vivere,</strong></span> <span class='ocrx_word' id='word_1_821' title='bbox 1279 2297 1305 2320; x_wconf 85' lang='lat' dir='ltr'><strong>et</strong></span> <span class='ocrx_word' id='word_1_822' title='bbox 1320 2294 1346 2320; x_wconf 91' lang='lat' dir='ltr'><strong>in</strong></span> <span class='ocrx_word' id='word_1_823' title='bbox 1364 2295 1474 2329; x_wconf 90' lang='lat' dir='ltr'><strong>propria</strong></span> <span class='ocrx_word' id='word_1_824' title='bbox 1489 2295 1569 2333; x_wconf 87' lang='lat' dir='ltr'><strong>domo</strong></span> <span class='ocrx_word' id='word_1_825' title='bbox 1589 2305 1642 2323; x_wconf 86' lang='lat' dir='ltr'><strong>una</strong></span> <span class='ocrx_word' id='word_1_826' title='bbox 1658 2305 1720 2325; x_wconf 90' lang='lat' dir='ltr'><strong>cum</strong></span> <span class='ocrx_word' id='word_1_827' title='bbox 1737 2298 1788 2326; x_wconf 88' lang='lat' dir='ltr'><strong>sibi</strong></span> 
     </span>
    </p>
   </div>
   <div class='ocr_carea' id='block_1_110' title="bbox 1010 2337 1789 2377">
    <p class='ocr_par' dir='ltr' id='par_1_110' title="bbox 1010 2337 1789 2377">
     <span class='ocr_line' id='line_1_110' title="bbox 1010 2337 1789 2377; baseline 0.009 -14"><span class='ocrx_word' id='word_1_828' title='bbox 1010 2337 1190 2369; x_wconf 88' lang='lat' dir='ltr'><strong>charissimis,</strong></span> <span class='ocrx_word' id='word_1_829' title='bbox 1217 2340 1383 2367; x_wconf 73' lang='lat' dir='ltr'><strong>securiorem</strong></span> <span class='ocrx_word' id='word_1_830' title='bbox 1413 2341 1498 2368; x_wconf 85' lang='lat' dir='ltr'><strong>multo</strong></span> <span class='ocrx_word' id='word_1_831' title='bbox 1515 2342 1696 2377; x_wconf 91' lang='lat' dir='ltr'><strong>tutioremque</strong></span> <span class='ocrx_word' id='word_1_832' title='bbox 1706 2344 1789 2370; x_wconf 88' lang='lat' dir='ltr'><strong>vitam</strong></span> 
     </span>
    </p>
   </div>
   <div class='ocr_carea' id='block_1_111' title="bbox 1010 2382 1791 2417">
    <p class='ocr_par' dir='ltr' id='par_1_111' title="bbox 1010 2382 1791 2417">
     <span class='ocr_line' id='line_1_111' title="bbox 1010 2382 1791 2417; baseline 0.01 -9"><span class='ocrx_word' id='word_1_833' title='bbox 1010 2390 1089 2417; x_wconf 82' lang='lat' dir='ltr'><strong>agere</strong></span> <span class='ocrx_word' id='word_1_834' title='bbox 1103 2383 1114 2409; x_wconf 90' lang='lat'><strong>?</strong></span> <span class='ocrx_word' id='word_1_835' title='bbox 1130 2382 1240 2411; x_wconf 84' lang='lat' dir='ltr'><strong>fallaces</strong></span> <span class='ocrx_word' id='word_1_836' title='bbox 1254 2389 1342 2412; x_wconf 89' lang='lat' dir='ltr'><strong>autem</strong></span> <span class='ocrx_word' id='word_1_837' title='bbox 1350 2386 1474 2413; x_wconf 78' lang='lat' dir='ltr'><strong>homines</strong></span> <span class='ocrx_word' id='word_1_838' title='bbox 1489 2391 1516 2413; x_wconf 91' lang='lat' dir='ltr'><strong>et</strong></span> <span class='ocrx_word' id='word_1_839' title='bbox 1533 2387 1560 2414; x_wconf 90' lang='lat' dir='ltr'><strong>in</strong></span> <span class='ocrx_word' id='word_1_840' title='bbox 1575 2387 1718 2416; x_wconf 79' lang='lat' dir='ltr'><strong>fraudibus</strong></span> <span class='ocrx_word' id='word_1_841' title='bbox 1728 2397 1791 2416; x_wconf 86' lang='lat' dir='ltr'><strong>ver-</strong></span> 
     </span>
    </p>
   </div>
   <div class='ocr_carea' id='block_1_112' title="bbox 1010 2430 1790 2469">
    <p class='ocr_par' dir='ltr' id='par_1_112' title="bbox 1010 2430 1790 2469">
     <span class='ocr_line' id='line_1_112' title="bbox 1010 2430 1790 2469; baseline 0.01 -15"><span class='ocrx_word' id='word_1_842' title='bbox 1010 2432 1113 2461; x_wconf 85' lang='lat' dir='ltr'><strong>santes,</strong></span> <span class='ocrx_word' id='word_1_843' title='bbox 1129 2430 1266 2463; x_wconf 88' lang='lat' dir='ltr'><strong>quomodo</strong></span> <span class='ocrx_word' id='word_1_844' title='bbox 1284 2430 1456 2459; x_wconf 72' lang='lat' dir='ltr'><strong>aﬂ‘ectassent</strong></span> <span class='ocrx_word' id='word_1_845' title='bbox 1469 2434 1538 2459; x_wconf 87' lang='lat' dir='ltr'><strong>mori</strong></span> <span class='ocrx_word' id='word_1_846' title='bbox 1554 2441 1603 2467; x_wconf 89' lang='lat' dir='ltr'><strong>pro</strong></span> <span class='ocrx_word' id='word_1_847' title='bbox 1619 2434 1688 2467; x_wconf 90' lang='lat' dir='ltr'><strong>alio,</strong></span> <span class='ocrx_word' id='word_1_848' title='bbox 1709 2443 1790 2469; x_wconf 89' lang='lat' dir='ltr'><strong>quem</strong></span> 
     </span>
    </p>
   </div>
   <div class='ocr_carea' id='block_1_113' title="bbox 1010 2474 1790 2515">
    <p class='ocr_par' dir='ltr' id='par_1_113' title="bbox 1010 2474 1790 2515">
     <span class='ocr_line' id='line_1_113' title="bbox 1010 2474 1790 2515; baseline 0.01 -15"><span class='ocrx_word' id='word_1_849' title='bbox 1010 2474 1061 2508; x_wconf 87' lang='lat' dir='ltr'><strong>ipsi</strong></span> <span class='ocrx_word' id='word_1_850' title='bbox 1075 2475 1195 2502; x_wconf 85' lang='lat' dir='ltr'><strong>omnium</strong></span> <span class='ocrx_word' id='word_1_851' title='bbox 1210 2476 1349 2504; x_wconf 86' lang='lat' dir='ltr'><strong>hominum</strong></span> <span class='ocrx_word' id='word_1_852' title='bbox 1376 2478 1493 2505; x_wconf 80' lang='lat' dir='ltr'><strong>maxime</strong></span> <span class='ocrx_word' id='word_1_853' title='bbox 1510 2480 1716 2515; x_wconf 86' lang='lat' dir='ltr'><strong>eertissimequc</strong></span> <span class='ocrx_word' id='word_1_854' title='bbox 1741 2489 1790 2508; x_wconf 88' lang='lat' dir='ltr'><strong>no-</strong></span> 
     </span>
    </p>
   </div>
   <div class='ocr_carea' id='block_1_114' title="bbox 1009 2519 1788 2557">
    <p class='ocr_par' dir='ltr' id='par_1_114' title="bbox 1009 2519 1788 2557">
     <span class='ocr_line' id='line_1_114' title="bbox 1009 2519 1788 2557; baseline 0.008 -12"><span class='ocrx_word' id='word_1_855' title='bbox 1009 2519 1112 2546; x_wconf 81' lang='lat' dir='ltr'><strong>vissent</strong></span> <span class='ocrx_word' id='word_1_856' title='bbox 1128 2520 1297 2554; x_wconf 74' lang='lat' dir='ltr'><strong>?pr:esertim</strong></span> <span class='ocrx_word' id='word_1_857' title='bbox 1325 2523 1370 2557; x_wconf 88' lang='lat' dir='ltr'><strong>qui</strong></span> <span class='ocrx_word' id='word_1_858' title='bbox 1386 2522 1464 2557; x_wconf 84' lang='lat' dir='ltr'><strong>ipsis,</strong></span> <span class='ocrx_word' id='word_1_859' title='bbox 1482 2527 1511 2549; x_wconf 88' lang='lat' dir='ltr'><strong>ut</strong></span> <span class='ocrx_word' id='word_1_860' title='bbox 1525 2531 1650 2551; x_wconf 84' lang='lat' dir='ltr'><strong>sermone</strong></span> <span class='ocrx_word' id='word_1_861' title='bbox 1674 2524 1788 2551; x_wconf 89' lang='lat' dir='ltr'><strong>istorum</strong></span> 
     </span>
    </p>
   </div>
   <div class='ocr_carea' id='block_1_115' title="bbox 1010 2566 1793 2603">
    <p class='ocr_par' dir='ltr' id='par_1_115' title="bbox 1010 2566 1793 2603">
     <span class='ocr_line' id='line_1_115' title="bbox 1010 2566 1793 2603; baseline 0.009 -13"><span class='ocrx_word' id='word_1_862' title='bbox 1010 2569 1081 2597; x_wconf 85' lang='lat' dir='ltr'><strong>utar,</strong></span> <span class='ocrx_word' id='word_1_863' title='bbox 1093 2566 1195 2593; x_wconf 90' lang='lat' dir='ltr'><strong>nullius</strong></span> <span class='ocrx_word' id='word_1_864' title='bbox 1208 2567 1270 2594; x_wconf 91' lang='lat' dir='ltr'><strong>boni</strong></span> <span class='ocrx_word' id='word_1_865' title='bbox 1281 2573 1379 2594; x_wconf 88' lang='lat' dir='ltr'><strong>auctor</strong></span> <span class='ocrx_word' id='word_1_866' title='bbox 1391 2569 1496 2600; x_wconf 82' lang='lat' dir='ltr'><strong>fuisset,</strong></span> <span class='ocrx_word' id='word_1_867' title='bbox 1511 2569 1557 2596; x_wconf 86' lang='lat' dir='ltr'><strong>sed</strong></span> <span class='ocrx_word' id='word_1_868' title='bbox 1576 2574 1671 2596; x_wconf 86' lang='lat' dir='ltr'><strong>contra</strong></span> <span class='ocrx_word' id='word_1_869' title='bbox 1688 2570 1793 2603; x_wconf 77' lang='lat' dir='ltr'><strong>potiris,</strong></span> 
     </span>
    </p>
   </div>
   <div class='ocr_carea' id='block_1_116' title="bbox 1009 2611 1788 2651">
    <p class='ocr_par' dir='ltr' id='par_1_116' title="bbox 1009 2611 1788 2651">
     <span class='ocr_line' id='line_1_116' title="bbox 1009 2611 1788 2651; baseline 0.009 -15"><span class='ocrx_word' id='word_1_870' title='bbox 1009 2611 1097 2638; x_wconf 91' lang='lat' dir='ltr'><strong>omnis</strong></span> <span class='ocrx_word' id='word_1_871' title='bbox 1111 2612 1220 2639; x_wconf 64' lang='lat' dir='ltr'><strong>malitiae</strong></span> <span class='ocrx_word' id='word_1_872' title='bbox 1234 2615 1449 2649; x_wconf 69' lang='lat' dir='ltr'><strong>praeceptorYVir</strong></span> <span class='ocrx_word' id='word_1_873' title='bbox 1462 2615 1534 2642; x_wconf 90' lang='lat' dir='ltr'><strong>enim</strong></span> <span class='ocrx_word' id='word_1_874' title='bbox 1545 2620 1572 2643; x_wconf 85' lang='lat' dir='ltr'><strong>et</strong></span> <span class='ocrx_word' id='word_1_875' title='bbox 1588 2616 1788 2651; x_wconf 41' lang='lat' dir='ltr'><strong>rationisgusum</strong></span> 
     </span>
    </p>
   </div>
   <div class='ocr_carea' id='block_1_117' title="bbox 1009 2652 1791 2697">
    <p class='ocr_par' dir='ltr' id='par_1_117' title="bbox 1009 2652 1791 2697">
     <span class='ocr_line' id='line_1_117' title="bbox 1009 2652 1791 2697; baseline 0.008 -15"><span class='ocrx_word' id='word_1_876' title='bbox 1009 2652 1123 2689; x_wconf 84' lang='lat' dir='ltr'><strong>habens,</strong></span> <span class='ocrx_word' id='word_1_877' title='bbox 1141 2662 1168 2684; x_wconf 94' lang='lat' dir='ltr'><strong>et</strong></span> <span class='ocrx_word' id='word_1_878' title='bbox 1190 2659 1289 2686; x_wconf 85' lang='lat' dir='ltr'><strong>virtute</strong></span> <span class='ocrx_word' id='word_1_879' title='bbox 1304 2660 1443 2695; x_wconf 66' lang='lat' dir='ltr'><strong>praeditus,</strong></span> <span class='ocrx_word' id='word_1_880' title='bbox 1462 2661 1524 2688; x_wconf 90' lang='lat' dir='ltr'><strong>boni</strong></span> <span class='ocrx_word' id='word_1_881' title='bbox 1542 2662 1695 2697; x_wconf 73' lang='lat' dir='ltr'><strong>cuiuspiam</strong></span> <span class='ocrx_word' id='word_1_882' title='bbox 1711 2662 1791 2690; x_wconf 82' lang='lat' dir='ltr'><strong>cilicii</strong></span> 
     </span>
    </p>
   </div>
   <div class='ocr_carea' id='block_1_118' title="bbox 1009 2703 1791 2741">
    <p class='ocr_par' dir='ltr' id='par_1_118' title="bbox 1009 2703 1791 2741">
     <span class='ocr_line' id='line_1_118' title="bbox 1009 2703 1791 2741; baseline 0.009 -13"><span class='ocrx_word' id='word_1_883' title='bbox 1009 2703 1094 2737; x_wconf 81' lang='lat' dir='ltr'><strong>gratia</strong></span> <span class='ocrx_word' id='word_1_884' title='bbox 1110 2711 1305 2739; x_wconf 85' lang='lat' dir='ltr'><strong>nonnunquam</strong></span> <span class='ocrx_word' id='word_1_885' title='bbox 1334 2706 1509 2741; x_wconf 85' lang='lat' dir='ltr'><strong>probabiliter</strong></span> <span class='ocrx_word' id='word_1_886' title='bbox 1523 2711 1636 2735; x_wconf 83' lang='lat' dir='ltr'><strong>mortem</strong></span> <span class='ocrx_word' id='word_1_887' title='bbox 1654 2715 1716 2735; x_wconf 89' lang='lat' dir='ltr'><strong>cum</strong></span> <span class='ocrx_word' id='word_1_888' title='bbox 1740 2708 1791 2735; x_wconf 88' lang='lat' dir='ltr'><strong>ho-</strong></span> 
     </span>
    </p>
   </div>
   <div class='ocr_carea' id='block_1_119' title="bbox 1009 2751 1790 2789">
    <p class='ocr_par' dir='ltr' id='par_1_119' title="bbox 1009 2751 1790 2789">
     <span class='ocr_line' id='line_1_119' title="bbox 1009 2751 1790 2789; baseline 0.008 -14"><span class='ocrx_word' id='word_1_889' title='bbox 1009 2752 1115 2776; x_wconf 85' lang='lat' dir='ltr'><strong>nestate</strong></span> <span class='ocrx_word' id='word_1_890' title='bbox 1134 2754 1162 2777; x_wconf 90' lang='lat' dir='ltr'><strong>et</strong></span> <span class='ocrx_word' id='word_1_891' title='bbox 1183 2751 1268 2785; x_wconf 78' lang='lat' dir='ltr'><strong>gloria</strong></span> <span class='ocrx_word' id='word_1_892' title='bbox 1291 2752 1417 2780; x_wconf 88' lang='lat' dir='ltr'><strong>subierit.</strong></span> <span class='ocrx_word' id='word_1_893' title='bbox 1445 2753 1572 2786; x_wconf 83' lang='lat' dir='ltr'><strong>Quivero</strong></span> <span class='ocrx_word' id='word_1_894' title='bbox 1588 2753 1712 2781; x_wconf 87' lang='lat' dir='ltr'><strong>moribus</strong></span> <span class='ocrx_word' id='word_1_895' title='bbox 1727 2760 1790 2789; x_wconf 87' lang='lat' dir='ltr'><strong>pcr-</strong></span> 
     </span>
    </p>
   </div>
   <div class='ocr_carea' id='block_1_120' title="bbox 1009 2796 1792 2835">
    <p class='ocr_par' dir='ltr' id='par_1_120' title="bbox 1009 2796 1792 2835">
     <span class='ocr_line' id='line_1_120' title="bbox 1009 2796 1792 2835; baseline 0.005 -13"><span class='ocrx_word' id='word_1_896' title='bbox 1009 2797 1095 2823; x_wconf 76' lang='lat' dir='ltr'><strong>versis</strong></span> <span class='ocrx_word' id='word_1_897' title='bbox 1112 2796 1158 2827; x_wconf 89' lang='lat' dir='ltr'><strong>sit,</strong></span> <span class='ocrx_word' id='word_1_898' title='bbox 1173 2802 1201 2824; x_wconf 90' lang='lat' dir='ltr'><strong>et</strong></span> <span class='ocrx_word' id='word_1_899' title='bbox 1215 2797 1358 2825; x_wconf 75' lang='lat' dir='ltr'><strong>affectibus</strong></span> <span class='ocrx_word' id='word_1_900' title='bbox 1385 2799 1626 2835; x_wconf 83' lang='lat' dir='ltr'><strong>voluptatibusque</strong></span> <span class='ocrx_word' id='word_1_901' title='bbox 1647 2803 1720 2828; x_wconf 87' lang='lat' dir='ltr'><strong>totus</strong></span> <span class='ocrx_word' id='word_1_902' title='bbox 1737 2799 1792 2826; x_wconf 86' lang='lat' dir='ltr'><strong>de—</strong></span> 
     </span>
    </p>
   </div>
   <div class='ocr_carea' id='block_1_121' title="bbox 1010 2843 1791 2881">
    <p class='ocr_par' dir='ltr' id='par_1_121' title="bbox 1010 2843 1791 2881">
     <span class='ocr_line' id='line_1_121' title="bbox 1010 2843 1791 2881; baseline 0.003 -11"><span class='ocrx_word' id='word_1_903' title='bbox 1010 2843 1093 2873; x_wconf 80' lang='lat' dir='ltr'><strong>ditus.</strong></span> <span class='ocrx_word' id='word_1_904' title='bbox 1110 2844 1250 2879; x_wconf 86' lang='lat' dir='ltr'><strong>solamque</strong></span> <span class='ocrx_word' id='word_1_905' title='bbox 1265 2845 1335 2872; x_wconf 85' lang='lat' dir='ltr'><strong>hanc</strong></span> <span class='ocrx_word' id='word_1_906' title='bbox 1361 2846 1551 2881; x_wconf 86' lang='lat' dir='ltr'><strong>temporariam</strong></span> <span class='ocrx_word' id='word_1_907' title='bbox 1567 2846 1661 2879; x_wconf 79' lang='lat' dir='ltr'><strong>vitam,</strong></span> <span class='ocrx_word' id='word_1_908' title='bbox 1681 2850 1708 2873; x_wconf 92' lang='lat' dir='ltr'><strong>et</strong></span> <span class='ocrx_word' id='word_1_909' title='bbox 1731 2853 1791 2881; x_wconf 74' lang='lat' dir='ltr'><strong>qua:</strong></span> 
     </span>
    </p>
   </div>
   <div class='ocr_carea' id='block_1_122' title="bbox 1011 2888 1788 2927">
    <p class='ocr_par' dir='ltr' id='par_1_122' title="bbox 1011 2888 1788 2927">
     <span class='ocr_line' id='line_1_122' title="bbox 1011 2888 1788 2927; baseline 0.004 -12"><span class='ocrx_word' id='word_1_910' title='bbox 1011 2888 1043 2915; x_wconf 85' lang='lat' dir='ltr'><strong>ad</strong></span> <span class='ocrx_word' id='word_1_911' title='bbox 1062 2896 1119 2916; x_wconf 86' lang='lat' dir='ltr'><strong>eam</strong></span> <span class='ocrx_word' id='word_1_912' title='bbox 1146 2895 1269 2924; x_wconf 87' lang='lat' dir='ltr'><strong>spectant</strong></span> <span class='ocrx_word' id='word_1_913' title='bbox 1295 2891 1421 2919; x_wconf 69' lang='lat' dir='ltr'><strong>libidines</strong></span> <span class='ocrx_word' id='word_1_914' title='bbox 1438 2899 1624 2926; x_wconf 86' lang='lat' dir='ltr'><strong>persequens,</strong></span> <span class='ocrx_word' id='word_1_915' title='bbox 1651 2899 1788 2927; x_wconf 77' lang='lat' dir='ltr'><strong>nunquam</strong></span> 
     </span>
    </p>
   </div>
   <div class='ocr_carea' id='block_1_123' title="bbox 1552 2937 1570 2966">
    <p class='ocr_par' dir='ltr' id='par_1_123' title="bbox 1552 2937 1570 2966">
     <span class='ocr_line' id='line_1_123' title="bbox 1552 2937 1570 2966; baseline 0 0"><span class='ocrx_word' id='word_1_916' title='bbox 1552 2937 1570 2966; x_wconf 74' lang='grc' dir='ltr'><strong>ἴ</strong></span> 
     </span>
    </p>
   </div>
  </div>
