2071 3219
264 161 319 188 203

584 162 717 190 EUSEBll
737 159 980 190 CzESAmENSlS
999 161 1074 189 OPP.
1099 161 1200 189 PARS.
1224 161 1302 189 ll.-—
1322 161 1574 190 A‘POLOGETICA.

1841 165 1896 194 20‘

263 219 386 256 profecto
402 219 464 247 vita
479 225 596 247 mortem
610 221 798 255 prmposucrit,
814 227 845 247 ac
859 228 894 247 ne
915 219 1048 247 domesti-

1104 219 1204 254 μένην;
1223 219 1239 254 ἢ
1254 219 1319 254 ποία
1346 219 1426 246 τοῦτο
1441 219 1544 255 διανοίᾳ
1573 219 1780 255 ἐφαντάσθησαν
1795 221 1895 258 τολμῆ-

263 273 360 293 corum
375 265 496 300 quidem,
510 269 538 292 et
554 265 780 293 chariSsimorum
795 273 878 293 causa
891 265 1053 300 supplicium

263 313 367 344 tulerit,
388 312 488 339 nedum
500 319 550 347 pro
564 319 607 342 eo,
623 312 670 346 qui
687 311 814 346 nequitize
830 312 866 339 sit
883 312 1053 339 condemna-

263 363 320 387 tus.
339 359 425 392 Quam
447 366 511 394 ergo
522 358 673 394 probabile,
692 363 722 385 ut
737 359 811 386 illius
827 358 861 386 de
876 366 932 394 quo
949 359 1054 386 dictum

264 409 319 437 est,
344 404 484 439 discipuli,
510 405 534 432 si
551 403 631 431 modo
647 404 692 431 ille
709 403 838 431 seductor
857 404 1055 439 przestigiator-

265 459 320 487 que
335 451 395 483 fuit,
413 458 476 477 cum
493 450 569 476 illum
585 450 665 477 talem
683 457 744 477 esse
758 457 813 477 non
827 450 995 485 ignorarem,
1013 454 1054 476 at-

263 505 318 533 que
329 497 380 532 ipsi
397 497 478 524 etiam
495 495 660 530 improbiore
671 495 764 531 ﬂagitii
777 503 875 531 genere
888 497 994 523 animos
1006 495 1055 522 ha-

264 545 361 572 berent
385 543 542 579 implicitos,
559 551 575 570 a
590 551 647 571 sua:
662 544 750 579 gentis
766 544 834 571 viris
848 544 940 571 omnia
954 544 1054 579 probra

264 591 336 619 ferre
359 598 414 617 non
440 590 641 621 recusaverint,
659 594 686 617 et
701 597 782 617 omne
812 590 940 625 supplicii
968 597 1054 624 genus

263 643 314 672 pro
341 636 497 663 testimonio
515 635 555 662 illi
573 634 711 662 reddendo
741 635 897 662 subierint?
913 643 967 662 non
987 643 1054 662 con-

263 683 338 709 venit
366 682 418 710 hoc
432 688 494 709 cum
513 685 610 708 natura
629 681 827 716 improborum,
848 682 1005 717 longissime
1020 682 1054 709 ab

262 737 294 756 ea
314 727 424 764 refugit.
440 729 575 756 Caeterum
602 728 654 756 hoc
675 736 783 764 quoque
807 729 951 764 diligenter
963 728 1053 756 consi-

263 774 353 802 dera:
374 782 436 801 nam
461 774 485 802 si
513 774 564 809 ipsi
595 779 621 801 et
649 775 808 802 seductores
836 779 863 801 et
890 775 1053 810 impostores

262 824 353 852 erant,
371 825 398 847 et
409 820 677 855 praetereaimperiti
688 821 854 856 omninoque
865 821 1002 856 vulgares,
1023 825 1053 848 ut

263 870 382 897 constat,
403 866 470 902 quin
484 866 567 892 etiam
585 866 705 898 barbari,
719 870 746 893 et
760 866 807 901 qui
821 875 875 894 non
893 867 954 902 plus
970 874 1051 902 quam

1107 273 1170 296 σαι;
1190 266 1252 301 ποίᾳ
1275 265 1303 292 δὲ
1319 266 1432 300 δυνάμει
1454 266 1483 292 τὸ
1501 266 1674 301 ὲπιχειρηθὲν
1687 266 1895 301 ’κατώρθωσαν;

1108 310 1198 336 Ἔστω
1223 311 1278 346 γὰρ
1305 312 1352 338 ἐπὶ
1379 311 1429 346 τῆς
1456 311 1560 342 οἰκείας
1587 311 1639 347 γῆς
1671 312 1896 350 καλινδουμένους

1106 357 1251 392 ἀγροίκους
1266 357 1365 393 ἄνδρας
1377 357 1480 393 πλανᾷν
1495 358 1541 384 καὶ
1556 358 1717 390 πλανᾶσθαι,
1734 359 1781 385 καὶ
1795 359 1832 395 μὴ
1852 361 1894 395 ἐφ’

1104 404 1219 440 ἡσυχίας
1234 403 1376 438 βάλλεσθαι
1387 403 1418 429 τὸ
1432 404 1561 438 πρᾶγμαι
1579 402 1724 439 κηρύττειν
1738 403 1759 429 δ’
1773 405 1813 435 εἰς
1827 405 1894 431 πάνθ

1103 459 1154 482 τας
1162 449 1246 476 τὸτοῦ
1268 449 1353 484 ’1ησοῦ
1367 449 1462 484 ὖνομα,
1477 449 1524 476 καὶ
1536 449 1585 481 τὰς
1602 449 1769 485 παραδόξους
1781 450 1895 485 πράξεις

1104 496 1186 524 αὐτοῦ
1209 496 1281 523 κατά
1301 505 1331 522 τε
1353 496 1455 531 ἀγροὺς
1473 496 1520 522 καὶ
1549 496 1620 523 κατὰ
1640 496 1718 522 πόλιν
1741 496 1891 524 διδάσκειν·

1104 543 1225 574 καὶτοὺς
1241 542 1290 578 μὲν
1307 542 1396 569 αὐτῶν
1416 542 1464 578 τὴν
1482 542 1626 578 Ῥωμαίων
1638 543 1725 578 ἀρχὴν
1741 544 1788 570 καὶ
1808 531 1894 578 αὑτήῦ

1104 598 1133 615 τε
1155 589 1204 625 τὴν
1223 588 1438 624 βασιλικωτάτην
1455 588 1531 615 πόλιν
1554 588 1708 624 νείμασθαι,
1725 590 1788 621 τοὺς
1800 589 1828 616 δὲ
1843 590 1895 625 τὴν

1104 633 1228 670 Περσῶν,
1241 635 1303 665 τοὺς
1316 634 1343 660 δὲ
1357 634 1406 668 τὴν
1425 633 1586 669 Ἀρμενίων,
1599 634 1709 669 ἑτέρους
1730 635 1757 661 δὲ
1774 635 1805 662 τὸ
1820 636 1894 670 Πάρ-

1105 679 1158 706 θων
1180 679 1264 711 ἔθνος,
1288 679 1333 705 καὶ
1353 677 1386 706 αὖ
1406 678 1487 706 πάλιν
1509 679 1539 705 τὸ
1561 680 1684 712 Σκυθῶν,
1702 681 1778 720 τινὰς
1791 682 1819 708 δὲ
1841 682 1892 717 ήδη

1104 723 1150 750 καὶ
1173 724 1217 750 ἐπ’
1238 723 1308 750 αὐτὰ
1333 723 1381 759 τῆς
1401 724 1562 759 οἰκουμένης
1582 724 1668 752 ἐλθεῖν
1691 726 1725 752 τὰ
1747 727 1829 761 ἄκρα,
1846 726 1893 762 ξπῑ

1103 778 1133 795 τε
1161 769 1210 805 τὴν
1238 769 1323 796 Ἰνδῶν
1351 769 1451 803 φθάσαι
1477 770 1583 806 χώραν,
1614 772 1660 798 καὶ
1688 773 1796 809 ἑτέρους
1822 774 1893 810 ὑπὲρ

1103 815 1148 842 τὸν
1169 814 1293 842 Ὠκεανὸν
1313 815 1456 851 παρελθεῖν
1478 817 1524 843 ἐπὶ
1544 817 1595 850 τὰς
1617 818 1785 854 καλουμένας
1809 820 1893 855 Βρετ-

1103 861 1216 893 τανικὰς
1229 862 1336 897 νήσους,
1352 861 1436 889 ταῦτα
1463 862 1552 889 οὐκέτ’
1580 863 1667 898 ἔγωγε
1683 865 1802 900 ἡγοῦμαι
1822 866 1893 892 κατὰ

264 911 395 947 Syrorum
407 911 526 947 linguam
543 918 665 944 nossent,
677 912 814 947 quomodo
830 913 858 940 in
877 916 963 940 totum
988 919 1053 947 pro-

1104 907 1246 942 ἄνθρωπον
1262 907 1341 939 εἶναι,
1360 908 1456 943 μήτιγε
1474 908 1544 935 κατὰ
1567 910 1684 941 εὐτελεῖς
1707 911 1754 938 καὶ
1774 911 1890 943 ἰδιώτας,

261 959 350 993 gressi
365 963 431 985 sunt
447 963 584 986 terrarum
602 958 696 985 orbem
711 961 723 988 ιο
748 958 791 985 vel
805 965 859 993 qua
871 952 952 986 istud
967 960 1053 985 soler-
1069 951 1078 959 ”

262 1006 299 1032 tia
311 1005 510 1040 exeogitarunt,
525 1005 620 1032 ausive
633 1009 698 1032 sunt
712 1005 725 1031 ?
739 1004 840 1040 quibus
854 1011 937 1039 porro
947 1004 1053 1031 viribus

262 1049 290 1078 id
310 1050 383 1084 quod
406 1049 467 1079 ausi
489 1053 554 1077 sunt
574 1049 778 1084 perfecerunt?
799 1049 863 1076 Esto
877 1050 961 1082 enim,
977 1050 1053 1077 viros

262 1095 381 1123 rusticos
394 1095 422 1122 in
434 1099 508 1122 terra
520 1095 630 1130 propria
651 1099 806 1129 versantes,
822 1094 948 1129 decipere
964 1099 991 1122 et
1005 1102 1052 1121 va-

261 1141 331 1176 gari,
346 1148 396 1168 nec
405 1141 494 1168 otiose
507 1144 554 1168 aut
569 1140 670 1168 frustra
681 1148 738 1168 rem
753 1148 854 1168 serere.
866 1141 972 1168 Atvero
982 1141 1053 1175 apud

261 1194 357 1214 onmes
369 1194 467 1214 nomen
484 1186 549 1214 Iesu
560 1186 726 1221 praedicare,
738 1185 965 1220 admirabiliaque
979 1186 1052 1213 illius

261 1236 349 1267 gesta,
366 1237 392 1259 et
404 1232 432 1259 in
448 1232 563 1260 urbibus
579 1236 607 1258 et
619 1232 647 1258 in
661 1232 734 1267 agris
745 1232 845 1259 docere
857 1241 864 1259 :
875 1236 903 1259 et
913 1232 981 1260 alios
992 1233 1053 1267 qui-

261 1279 324 1306 dem
339 1286 445 1310 eorum,
464 1277 609 1313 imperium
635 1277 806 1310 Romanum,
834 1278 977 1313 ipsamque
994 1286 1053 1304 om-

261 1324 338 1351 nium
360 1324 468 1352 urbium
493 1323 616 1359 reginam
644 1323 785 1350 civitatem
812 1323 941 1350 invadere
960 1332 966 1350 :
984 1323 1052 1350 alios

261 1370 409 1398 Persarum
434 1377 561 1405 regnum,
579 1369 646 1397 alios
661 1369 865 1402 Armeniorum,
888 1369 1052 1397 Parthorum

263 1416 332 1443 alios
348 1416 510 1444 nationem:
537 1416 602 1443 item
625 1416 694 1443 alios
719 1414 897 1451 Scytharum,
919 1416 1052 1450 quosdam

262 1462 344 1490 etiam
353 1463 386 1490 ad
394 1463 469 1498 ipsos
484 1462 558 1491 orbis
566 1467 646 1490 teme
657 1462 766 1490 venisse
778 1462 856 1494 ﬁnes,
869 1462 1052 1496 Indorumque

262 1509 401 1544 regionem
419 1513 597 1544 penetrasse:
624 1509 694 1536 alios
713 1516 795 1544 porro
812 1514 889 1537 trans
913 1508 1051 1536 Oceanum

263 1555 396 1587 evasisse,
414 1554 447 1582 ad
464 1561 511 1582 eas
523 1555 628 1582 insulas
643 1562 703 1589 quae
723 1554 887 1582 Britannica:
895 1559 1050 1583 vocantur:
1067 1568 1087 1596 ο

264 1599 322 1626 haec
337 1606 402 1626 sane
417 1605 467 1633 ego
483 1605 622 1633 nunquam
643 1598 768 1624 humana
781 1598 807 1624 vi
825 1597 920 1625 affecta
942 1602 1054 1632 putave—

263 1646 328 1677 rim,
340 1645 440 1673 nedum
454 1649 555 1673 conatu
572 1644 673 1671 levium
680 1644 889 1680 vulgariumque
900 1644 1053 1677 hominum,

265 1691 344 1727 113
363 1699 396 1719 ac
416 1691 502 1719 multo
528 1691 619 1718 minus
644 1690 832 1724 seductorum,
851 1690 1053 1725 praestigiisque

263 1739 408 1766 utentium.
423 1737 476 1771 Qui
497 1745 562 1765 vero
590 1736 766 1772 ﬂagitiosum,
790 1740 986 1772 versutumque
1003 1736 1054 1763 du-

263 1788 366 1811 ctorem
383 1782 489 1818 experti
505 1786 608 1814 essent,
629 1786 656 1809 et
667 1782 727 1816 ejus
757 1781 860 1809 exitum
883 1781 945 1808 vita:
971 1781 1053 1808 talem

263 1830 478 1866 perspexissent,
505 1829 605 1864 quibus
629 1828 740 1855 tandem
762 1828 853 1855 verbis
876 1834 1054 1862 assequeren-

263 1882 319 1907 tur,
336 1880 364 1903 ut
382 1876 456 1903 inter
472 1882 501 1903 se
516 1875 550 1902 de
572 1875 619 1902 illo
636 1878 821 1902 consentanea
840 1874 992 1909 ﬁngerent?
1014 1874 1053 1901 si-

263 1920 374 1956 quidem
389 1927 444 1947 uno
458 1927 505 1947 ore
522 1927 618 1947 omnes
633 1923 660 1946 et
678 1919 848 1954 lcprosorum
864 1918 1052 1954 purgationes,

263 1972 291 1995 et
320 1967 468 2002 ejectioncs
489 1966 652 1997 daemonum,
671 1969 698 1992 et
724 1965 903 1992 excitationes
929 1968 1052 1993 mortuo-

263 2021 336 2045 rum,
346 2017 373 2041 et
388 2020 521 2041 caecorum
538 2013 705 2044 sanationes,
716 2015 743 2038 et
756 2011 968 2038 innumerabiles
984 2011 1051 2038 alias

263 2059 453 2094 mgrotantium
473 2057 604 2089 medelas,
620 2064 687 2091 quas
703 2057 748 2083 ille
764 2056 940 2091 praestiterat,
956 2056 1052 2083 testiﬁ-

263 2107 411 2138 cabantur;
435 2109 659 2140 postremumque
684 2102 824 2133 omnium,
854 2102 928 2137 quod
955 2102 1051 2137 primis

263 2152 317 2180 sibi
334 2156 397 2186 post
419 2154 546 2181 mortem,
563 2149 667 2177 reditus
683 2149 756 2176 illius
772 2149 799 2176 in
818 2149 901 2176 vitam
914 2148 951 2176 sit
963 2149 1049 2176 visus.

262 2197 326 2225 Rrec
339 2198 441 2232 itaque,
459 2204 546 2231 neque
559 2197 629 2222 facta
644 2203 734 2230 neque
746 2195 838 2222 audita
855 2202 976 2229 unquam
992 2195 1050 2222 suis

1104 953 1201 980 πολλοῦ
1216 954 1255 981 δεῖ
1271 955 1339 982 κατὰ
1356 956 1472 988 πλάνους
1490 957 1537 983 καὶ
1553 956 1660 992 γόητας.
1679 959 1710 984 Οἱ
1724 958 1753 984 δὲ
1768 958 1892 985 διδασκά-

1104 999 1150 1026 λου
1167 999 1268 1034 φαύλου
1284 1001 1330 1027 κα)⁸
1344 1001 1528 1038 διαστροφέως
1545 1003 1754 1038 πεπειραμένοι.
1771 1004 1818 1031 καὶ
1830 1003 1892 1030 τού-

1104 1055 1149 1072 του
1167 1046 1214 1081 τὴν
1231 1046 1342 1074 ἔκϐασιν
1357 1047 1407 1082 τῆς
1421 1048 1550 1083 τελευτῆς
1569 1048 1787 1084 καθεωρακότες,
1805 1049 1892 1082 ποίοις

1104 1091 1158 1128 ἄρα
1170 1092 1258 1126 λόγοις
1272 1094 1421 1129 ἐχρήσαντο
1434 1095 1501 1130 πρὸς
1513 1095 1654 1130 ἀλλήλους,
1667 1096 1706 1127 εἰς
1717 1096 1749 1122 τὸ
1759 1096 1892 1132 σύμφωνα

1104 1137 1168 1173 περὶ
1189 1138 1272 1164 αὑτοῦ
1297 1139 1467 1172 nido-adiat;
1496 1140 1525 1174 ἐξ
1548 1141 1608 1172 ἐνὸς
1633 1141 1686 1177 γὰρ
1712 1142 1843 1177 πόματος
1867 1143 1891 1168 oi

1105 1183 1214 1216 πάντες,
1232 1185 1279 1211 καὶ
1297 1185 1406 1222 λεπρῶν
1433 1186 1590 1223 καθάρσεις,
1614 1188 1662 1214 καὶ
1681 1187 1815 1223 δαιμόνων
1836 1188 1890 1214 ἀπ-

1104 1230 1224 1263 ελάσεις,
1249 1231 1352 1270 νεκρῶν
1368 1240 1397 1258 τε
1414 1233 1585 1265 ἁναϐιώσεις,
1611 1233 1707 1269 πηρῶν
1729 1242 1757 1260 τε
1779 1234 1892 1261 ἀναϐλέ-

1103 1276 1173 1310 ψεις,
1192 1276 1237 1302 καὶ
1256 1277 1354 1312 μυρίας
1369 1278 1452 1310 ἄλλοις
1462 1279 1610 1306 νοσούντων
1624 1280 1709 1311 ἰάσεις
1723 1280 1792 1315 πρὸς
1807 1280 1889 1307 αὑτοῦ

1103 1321 1228 1354 γενέσθαι
1242 1322 1446 1358 ἐμαρτύρησαν,
1460 1325 1507 1350 καὶ
1521 1325 1567 1351 ἐπὶ
1581 1326 1646 1352 πᾶσι
1661 1326 1710 1361 τὴν
1726 1324 1808 1351 αὐτοῦ
1822 1325 1890 1360 μετὰ

1103 1366 1148 1392 τὸν
1169 1367 1283 1394 θάνατον
1299 1368 1445 1396 ἀναϐίωσιν
1469 1369 1588 1405 πρώτοις
1607 1373 1698 1403 αὐτοῖς
1719 1372 1889 1408 ὲωραμένην.

1104 1413 1196 1439 Ταῦτα
1210 1413 1275 1449 γὰρ,
1289 1414 1324 1449 μὴ
1332 1415 1476 1450 γενόμενα,
1495 1417 1557 1451 μηδ’
1569 1417 1735 1444 ἀκουσθέντα
1751 1427 1804 1450 πω,
1819 1418 1890 1444 κατὰ

1103 1459 1165 1490 τοὺς
1182 1458 1270 1485 αὐτῶν
1292 1460 1403 1496 χρόνους
1427 1461 1486 1493 πῶς
1501 1462 1530 1496 ἐξ
1544 1464 1603 1495 ἑνὸς
1621 1464 1753 1499 στόματος
1769 1464 1890 1500 ἐμαρτύ-

1104 1503 1474 1540 ρουνγεγονέναι,μέχρικαὶ
1499 1506 1613 1534 θανάτου
1640 1512 1815 1544 ’πιστούμενοι
1840 1508 1891 1544 τὴν

1105 1549 1258 1584 ὁμολογίαν,
1280 1551 1304 1577 εἰ
1324 1551 1429 1586 μήποτε
1449 1551 1513 1587 ἄρα,
1533 1553 1706 1586 συνελθόντες
1721 1555 1889 1590 συνωμοσίαν

1105 1603 1134 1621 τε
1151 1595 1221 1622 κατὰ
1234 1595 1264 1621 τὸ
1278 1596 1344 1622 αὐτὸ
1360 1597 1548 1632 πεποιημένοι,
1566 1598 1699 1633 συνθήκας
1716 1599 1806 1626 ἔθεντο
1823 1600 1890 1636 πρὸς

1105 1641 1233 1677 ἀλλήλους
1249 1641 1413 1675 πλάσασθαι,
1428 1643 1475 1669 καὶ
1490 1644 1710 1679 καταψεύσασθαι
1726 1645 1778 1672 τῶν
1797 1646 1833 1681 μὴ
1844 1655 1892 1680 γε-

1104 1689 1240 1722 γονότων;
1256 1689 1301 1715 καὶ
1323 1689 1409 1720 ποίοις
1430 1690 1483 1726 ἄρα
1501 1690 1612 1718 πιθανὸν
1636 1693 1722 1718 εἰπεῖν
1738 1693 1890 1728 χρήσασθαι

1104 1734 1202 1766 αὐτοὺς
1223 1734 1312 1768 λόγοις
1335 1735 1380 1761 ἐπὶ
1399 1737 1458 1766 ταῖς
1482 1736 1638 1772 συνθήκαις,
1659 1738 1683 1763 εἱ
1699 1738 1736 1773 μή
1754 1746 1818 1764 ποτε
1834 1740 1890 1770 τοῖς

1104 1780 1233 1813 τοιοῖσδε;
1251 1781 1363 1816 ¹Ἄνδρες
1381 1781 1460 1816 φίλοι,
1475 1782 1521 1811 τὸν
1543 1782 1591 1817 μὲν
1606 1783 1637 1819 δὴ
1651 1783 1714 1818 χθὲς
1734 1785 1780 1811 καὶ
1795 1783 1890 1820 πρώην

1104 1826 1259 1858 ἀπατεῶνα,
1273 1827 1321 1854 καὶ
1348 1827 1452 1863 πλάνης
1483 1828 1653 1862 διδάσκαλον,
1672 1828 1717 1855 ὑπ’
1742 1829 1890 1865 ὀφθαλμοῖς

1103 1873 1230 1900 ἁπάντων
1246 1874 1324 1909 ἡμῶν
1338 1875 1387 1909 τὴν
1404 1874 1522 1910 ἐσχάτην
1542 1875 1726 1910 ὑπομείναντα
1744 1876 1888 1911 τιμωρίαν,

1103 1920 1175 1952 ὅστις
1189 1919 1254 1946 ποτὲ
1266 1918 1310 1955 ἦν,
1324 1921 1433 1947 πάντων
1444 1921 1524 1955 ἡμεῖς
1538 1920 1655 1956 μάλιστα
1666 1922 1787 1956 ἀκριϐῶς
1799 1923 1888 1957 ἴσμεν,

1102 1962 1145 1991 οἷα
1164 1965 1262 2000 μύσται
1276 1966 1330 1992 τῶν
1346 1966 1509 2002 ἀπορρήτων
1526 1966 1605 1993 αὐτοῦ
1630 1968 1817 2003 γεγενημένοι·
1846 1977 1891 1994 σε-

1105 2012 1170 2046 μνὸς
1189 2012 1240 2047 μέν
1255 2021 1297 2043 τις
1313 2014 1368 2044 τοῖς
1381 2013 1486 2044 πολλοῖς
1501 2013 1665 2048 ἐφαντάζετο
1675 2034 1681 2045 ,
1704 2015 1750 2040 καί
1771 2023 1796 2040 τι
1811 2015 1890 2041 πλέον

1103 2057 1174 2093 ἔχειν
1189 2058 1264 2093 παρὰ
1278 2059 1339 2090 τοὺς
1353 2058 1466 2090 πολλοὺς
1483 2060 1601 2095 ἐφρόνει,
1617 2059 1693 2086 οὐδὲν
1705 2059 1733 2085 δὲ
1746 2060 1816 2094 μέγα
1831 2060 1890 2086 οὐδὲ

1101 2103 1152 2139 τῆς
1167 2104 1339 2136 ἀναστάσεως
1363 2104 1435 2136 ἄξιον
1450 2105 1577 2140 ἐπήγετο,
1593 2107 1616 2132 εἰ
1632 2107 1668 2141 μή
1685 2114 1726 2137 τις
1739 2105 1769 2131 τὸ
1782 2105 1890 2140 δολερὸν

1102 2149 1149 2175 καὶ
1165 2149 1280 2176 ὕπουλον
1294 2146 1367 2184 λέγει
1387 2150 1432 2176 τοῦ
1450 2150 1560 2185 τρόπου,
1579 2153 1626 2178 καὶ
1641 2152 1672 2178 τὸ
1688 2152 1835 2188 διάστροφα
1851 2152 1890 2178 δι-

1102 2193 1178 2227 δάξαι
1198 2195 1272 2230 ἡμᾶς
1292 2195 1400 2227 αὐτοὺς,
1415 2196 1460 2222 τόν
1479 2205 1508 2222 τε
1528 2196 1561 2223 δι’
1578 2196 1686 2231 ἀπάτης
1707 2197 1799 2231 τῦιρον.
1819 2195 1889 2222 Ἀνθ”

261 2245 442 2279 temporibus,
453 2243 590 2278 quomodo
603 2250 658 2268 uno
670 2249 717 2269 ore
733 2241 805 2268 facta
818 2241 903 2269 fuisse
918 2241 1052 2268 afﬁrmare

1104 2237 1151 2272 ὧν,
1170 2241 1246 2276 φέρε,
1261 2240 1351 2274 δεξιὰς
1371 2241 1460 2272 δόντες
1475 2241 1608 2276 ἀλλήλοις,
1625 2241 1692 2277 όμοῦ
1713 2242 1813 2274 πάντες
1829 2250 1890 2270 συν-

263 2291 323 2319 ausi
337 2295 440 2323 essent,
458 2293 545 2316 morte
559 2296 666 2324 quoque
679 2288 738 2323 ipsa
755 2287 966 2322 comprobantcs
978 2286 1050 2321 quod

262 2337 404 2366 dicerent?
418 2336 550 2371 numquid
568 2336 632 2363 olim
644 2335 784 2370 congressi
803 2338 829 2361 et
848 2334 1052 2369 conspiratione

262 2383 296 2410 ad
314 2382 386 2410 idem
411 2380 585 2410 sent'mndum
616 2380 698 2408 facta.
717 2378 806 2405 foedus
828 2377 900 2404 inler
923 2385 952 2404 sc
976 2377 1052 2412 pepi-

262 2432 371 2464 gerunt,
385 2435 439 2462 quo
456 2427 588 2461 ﬁngerent
604 2425 855 2459 ementirenturque
867 2431 899 2450 ea
911 2431 971 2458 qua:
985 2431 1052 2451 nus-

263 2482 344 2510 quam
369 2473 439 2501 facla
455 2473 565 2500 essent?
578 2476 604 2499 et
619 2471 720 2506 quibus
737 2470 885 2498 verisimile
906 2469 979 2497 dictu
997 2473 1050 2502 est,

264 2521 325 2549 illos
337 2528 398 2548 esse
414 2527 479 2547 usos
495 2519 586 2546 verbis
603 2518 630 2544 in
650 2517 771 2544 ﬁndere?
786 2525 850 2544 num
865 2516 979 2544 forsitan
990 2516 1052 2543 tali-

262 2567 333 2594 bus?
349 2565 404 2592 Viri
435 2565 526 2596 amici,
545 2566 690 2600 quisquam
714 2563 797 2590 fuerit
816 2563 862 2590 ille
879 2563 925 2597 qui
942 2562 1000 2589 heri
1019 2569 1052 2589 ac

263 2619 351 2646 nuper
366 2611 524 2642 seducebat,
541 2617 573 2636 ac
585 2609 752 2644 deccptionis
768 2611 826 2635 erat
841 2608 980 2642 magister,
995 2607 1053 2642 qui-

263 2665 317 2692 que
333 2656 361 2683 in
376 2655 463 2682 oculis
481 2655 604 2682 omnium
620 2654 722 2682 nostris
737 2657 888 2681 extremum
900 2652 974 2680 dedit
987 2659 1052 2687 sup-

263 2703 387 2738 plicium,
405 2701 455 2736 ipsi
473 2701 632 2735 planissime
645 2699 912 2734 evquisitissimeque
929 2698 1050 2725 omnium

263 2749 402 2779 novimus.
421 2751 523 2782 utpote,
540 2748 586 2782 qui
606 2751 632 2774 et
647 2746 785 2781 discipuli,
800 2750 826 2772 et
845 2745 918 2772 illius
937 2751 1052 2772 arcano~

263 2802 325 2822 rum
349 2794 452 2821 conscii
478 2793 610 2821 fuerimus
625 2800 631 2817 :
648 2792 747 2828 dignus
764 2791 810 2818 ille
831 2791 942 2826 quidem
960 2790 1050 2824 aliqua

263 2841 437 2869 ueneratione
456 2848 471 2867 a
486 2840 579 2868 multis
599 2840 771 2873 censebatur,
788 2839 834 2867 sed
851 2842 941 2866 tamen
961 2838 1050 2866 omnis

1103 2285 1215 2322 θώμεθα
1227 2288 1290 2323 περὶ
1303 2287 1385 2314 αὑτοῦ
1402 2288 1545 2323 σύμφωνον
1561 2287 1714 2322 ἐξενεγκεῖν
1727 2288 1766 2320 εἰς
1786 2287 1889 2319 πάντας

1103 2332 1263 2369 ἀνθρώπους
1284 2334 1397 2370 πλάνην,
1422 2335 1468 2360 καὶ
1484 2334 1607 2369 λέγωμεν
1632 2334 1784 2370 ἑωρακέναι
1807 2334 1890 2360 αὑτὸν

1103 2379 1212 2414 τυφλοῖς
1225 2379 1255 2406 τὸ
1267 2379 1374 2415 βλέπειν
1387 2381 1594 2416 κεχαρισμένον,
1608 2380 1621 2407 ὃ
1636 2380 1722 2412 οὐδείς
1737 2380 1795 2406 ποθ’
1811 2379 1890 2416 ἡμῶν

1105 2425 1245 2460 ἱστόρησε·
1264 2426 1310 2452 καὶ
1325 2427 1426 2460 κωφοῖς
1440 2426 1488 2461 τὴν
1503 2426 1586 2461 ἀκοὴν
1602 2427 1762 2461 παρασχεῖν,
1777 2425 1791 2451 ὃ
1803 2425 1889 2456 οὐδείς

1103 2470 1162 2497 ποθ’
1178 2471 1256 2507 ήμῶν
1280 2471 1393 2506 ἤκουσε·
1415 2471 1530 2507 λεπρούς
1551 2480 1581 2497 τε
1600 2471 1758 2508 καθαρίσαι,
1780 2472 1827 2498 καὶ
1846 2480 1889 2498 νε-

1103 2517 1186 2552 κροὺς
1199 2518 1302 2552 ἐγεῖραι
1312 2525 1319 2532 ·
1335 2518 1382 2544 καὶ
1397 2517 1546 2553 συλλήϐδην
1558 2518 1656 2550 εἰπεῖν,
1671 2517 1688 2544 ἃ
1703 2518 1771 2553 μήτε
1783 2517 1889 2552 εἴδομεν

1101 2563 1171 2598 πρὸς
1187 2564 1268 2590 αὑτοῦ
1291 2563 1457 2599 πραχθέντα,
1480 2565 1547 2600 μήτε
1574 2564 1732 2600 ἠκούσαμεν
1747 2563 1887 2598 λεχθέντα,

1102 2609 1186 2636 ταῦτα
1204 2610 1241 2641 ὡς
1259 2609 1366 2645 άληθῶς
1383 2610 1564 2646 πεπραγμένα
1584 2609 1790 2645 διατεινὼμεθα.
1819 2609 1887 2636 Ἀλλ’

1102 2656 1162 2682 ἐπεὶ
1184 2656 1230 2683 καὶ
1251 2657 1268 2691 ἡ
1291 2656 1391 2692 ἐσχάτη
1410 2656 1491 2683 αὐτοῦ
1511 2657 1623 2692 τελευτὴ
1650 2656 1810 2692 περιϐόητον
1827 2656 1888 2690 ἔσχε

1103 2703 1152 2728 καὶ
1180 2701 1294 2736 διαφανῆ
1319 2701 1364 2728 τὸν
1388 2701 1511 2733 θάνατον,
1537 2702 1575 2734 ὡς
1599 2703 1635 2737 μὴ
1661 2702 1788 2729 δύνασθαι
1808 2702 1889 2729 αὐτὸν

1105 2745 1317 2781 ἐπικρύψασθαι,
1337 2746 1404 2773 ἀλλὰ
1425 2747 1472 2772 καὶ
1489 2746 1582 2773 τοῦτον
1603 2748 1683 2782 ἡμεῖς
1704 2747 1889 2782 ἀδιατρέπτως

1105 2792 1288 2828 ὲπιλυώμεθα,
1305 2793 1505 2829 μαρτυροῦντες
1517 2791 1546 2820 εὖ
1569 2793 1640 2828 μάλα
1656 2793 1781 2825 ἀναιδῶς,
1800 2793 1841 2819 ὅτι
1856 2792 1888 2827 δὴ

1106 2839 1187 2865 πᾶσιν
1204 2840 1270 2874 ἡμῖν
1290 2839 1359 2875 μετὰ
1379 2840 1409 2866 τὸ
1429 2840 1459 2866 ὲκ
1481 2838 1585 2874 νεκρῶν
1609 2839 1756 2866 ἀναϐιῶναι
1779 2838 1890 2873 συνεγέ-
