2071 3219
177 168 236 197 Ξῠὸ

640 168 970 197 DEMONSTBATIONIS
989 168 1217 197 EVANGELICAS
1238 169 1302 197 LIB.
1321 168 1366 198 Ill.

1756 169 1813 201 206

180 235 252 260 νετο,
267 227 361 260 ἑστίας
369 236 400 254 τε
410 228 460 255 καὶ
468 227 571 263 τροφῆς
587 228 718 264 συνήθους
729 228 902 264 ἐκοινώνησε.
915 229 967 254 Φυ-

1022 228 1095 255 illius
1122 236 1199 256 mens
1226 232 1295 261 erat,
1313 233 1343 256 ut
1365 228 1440 264 omni
1462 235 1554 256 rerum
1576 235 1675 263 genere
1696 234 1810 257 ceteros

177 272 319 301 λαττέσθω
332 273 356 300 δ’
376 275 444 310 ἡμῖν
456 275 523 301 πᾶσι
539 274 570 300 τὸ
588 274 694 307 ἀναιδὲς
709 275 756 301 καὶ
778 275 969 310 ἀδιάτρεπτον,

180 319 286 354 μενέτω
297 319 325 346 δὲ
339 319 466 351 ἔκστασις
483 320 564 356 μέχρι
581 320 695 348 θανάτου
706 329 713 336 ·
733 321 760 347 τί
775 321 829 356 γὰρ
847 321 893 348 καὶ
909 320 970 346 ἄτο-

179 374 230 392 πον
246 365 316 401 ὑπὲρ
329 365 377 392 τοῦ
392 366 506 401 μηδενὸς
523 366 720 402 ἁποθνήσκειν;
735 367 763 393 τί
776 367 804 393 δὲ
821 367 867 393 καὶ
879 367 968 397 λυπεῖ,

180 411 295 447 μηδενὸς
310 411 421 446 εὐλόγου
435 412 526 448 χάριν,
540 413 675 448 μάστιγας
689 413 736 440 καὶ
752 413 884 448 βασάνους
899 412 970 439 κατὰ

176 457 226 484 τοῦ
242 457 367 493 σώματος
380 458 489 493 λαϐεῖν;
504 461 528 486 εἰ
541 460 570 487 δὲ
582 460 637 487 δέοι
649 461 694 486 καὶ⁸
705 460 900 495 δεσμωτηρίων
914 468 969 486 πει-

178 503 290 540 ρᾶσθαι,
305 504 423 540 ἀτιμιῶν
441 514 470 532 τε
494 506 541 533 καὶ
563 506 667 542 ὕϐρεων
685 507 755 542 ὑπὲρ
775 506 882 538 οὐδενὸς
904 506 970 541 ἀλη-

177 556 253 589 θοῦς,
268 558 315 584 καὶ
330 557 404 584 τοῦθ’
421 559 487 594 ἡμῖν
503 559 553 594 ἤδη
573 559 775 595 μεμλετὴσθω.
798 558 969 594 Ψευδώμεθα

177 603 212 638 δὴ
228 603 329 635 πάντες
343 603 411 639 ὁμοῦ
427 605 592 639 συμφώνως,
607 606 653 632 καὶ
667 604 850 640 πλαττώμεθα
870 605 914 630 ἐπ’
928 605 970 631 οὑ-

176 654 254 687 δενὸς
279 654 411 691 ὠφελείᾳ,
433 655 489 682 οὗθ’
509 656 604 691 ἡμῶν,
621 655 682 683 οὔτε
698 657 751 683 τῶν
771 656 967 691 ἁπατωμένων,

177 700 240 726 οὐδὲ
252 700 306 736 μὴν
317 701 400 727 αὑτοῦ
414 700 461 728 τοῦ
473 701 507 729 τὰ
518 703 605 738 ψευδῆ
618 703 684 738 πρὸς
701 703 779 738 ἡμῶν
794 703 970 738 ὲκθειαςομέ-

177 755 238 774 νου.
261 747 399 783 Τείνωμεν
421 748 450 775 δὲ
472 749 503 775 τὸ
529 749 634 784 ψεῦδος,
661 749 699 785 μὴ
718 750 765 776 ἐπὶ
786 751 883 785 μόνους
906 751 969 781 τοὺς

177 793 328 829 ὁμοεθνεῖς,
344 795 413 822 ἀλλὰ
429 796 475 822 καὶ
491 797 532 827 εἰς
553 797 656 828 πάντας
673 796 849 832 προελθόντες
866 795 970 831 ἀνθρώ-

178 847 258 873 πους,
281 840 328 868 καὶ
347 841 493 876 σύμπασαν
507 841 556 877 τὴν
570 843 734 878 οἰκουμένην
750 842 969 877 καταπλήσωμεν

178 887 235 914 τῶν
262 887 326 923 περὶ
349 887 430 914 αὑτοῦ
455 888 663 923 συντιθεμένων.
691 889 759 924 Ἤδη
787 888 816 914 δὲ
845 887 969 914 ἐντεῦθεν

178 934 371 970 νομοθετῶμεν
388 935 454 961 πᾶσι
473 936 530 966 τοῖς
552 934 655 962 ἔθνεσιν
673 935 839 970 ἀντίστροφα
860 936 920 966 ταῖς
939 934 969 967 ἐξ

179 980 279 1012 αἰῶνος
290 983 354 1017 παρ’
371 981 462 1013 αὐτοῖς
476 982 540 1016 περὶ
555 982 610 1008 τῶν
624 982 758 1018 πατρῴων
781 981 849 1009 θεῶν
867 981 967 1013 δόξαις.

179 1033 344 1069 Κελεύωμεν
361 1034 506 1069 Ῥωμαίοις
527 1034 619 1065 αὐτοῖς
636 1034 778 1070 πρώτιστα
798 1034 906 1060 πάντων
930 1034 968 1069 μὴ

181 1079 272 1107 σὲᾶειν
286 1079 334 1110 οὓς
353 1079 467 1115 ἡγοῦντο
483 1079 561 1111 θεοὺς
576 1081 600 1106 οἱ
621 1081 802 1115 προπάτορες.
821 1080 969 1116 Παρίωμεν

178 1125 209 1152 δὲ
224 1126 272 1152 καὶ
290 1125 337 1152 ἐπὶ
350 1125 400 1160 τὴν
418 1125 540 1158 Ἐλλάδα,
562 1125 609 1152 καὶ
625 1127 681 1157 τοῖς
698 1126 799 1152 τούτων
820 1127 911 1160 σοφοῖς
924 1126 970 1152 ἀν-

177 1171 402 1208 πκηρὺττωμεν·
439 1172 500 1207 μηδ’
532 1172 696 1206 Αἰγυπτίους
731 1173 853 1208 ἀνῶμεν,

181 1217 280 1253 μῶμεν
305 1218 334 1244 δὲ
361 1218 409 1245 καὶ
429 1218 492 1249 τοὺς
523 1218 625 1245 τούτων
656 1218 750 1250 θεοὺς.
785 1218 822 1254 μὴ
851 1219 884 1245 τὰ
907 1219 971 1245 Μω-

181 1265 251 1296 σέως
270 1264 387 1300 πρόσθεν
411 1266 471 1291 κατ’
493 1265 582 1291 αὐτῶν
605 1266 738 1300 γενόμενα
758 1265 969 1300 ἁνατεινόμενοι,

178 1311 226 1337 τὸν
247 1310 275 1336 δὲ
291 1310 338 1337 τοῦ
353 1311 486 1346 ἡμετέρου
501 1311 659 1338 διδασκάλου
683 1311 807 1343 θάνατον,
829 1311 923 1347 ὥσπερ
944 1320 970 1337 τι

180 1355 327 1392 φόϐητρον,
341 1357 433 1388 αὐτοῖς
450 1357 664 1388 ἀντι-τάττοντες·
683 1358 729 1384 καὶ
743 1357 793 1392 τὴν
810 1358 856 1383 ἀπ’
873 1357 970 1389 αἰῶνος

179 1401 212 1434 ἐξ
225 1401 316 1428 αὐτῶν
333 1403 374 1433 εἰς
392 1403 496 1434 πάντας
518 1402 677 1438 ἀνθρώπους
700 1403 883 1438 προελθοῦσαν
907 1404 971 1438 περὶ

180 1447 254 1475 θεῶν
274 1448 378 1484 φήμην,
400 1448 438 1483 μὴ
461 1449 604 1484 ῥηματίοις
624 1450 671 1476 καὶ
688 1449 788 1483 λόγοις,
809 1449 921 1484 δυνάμει
943 1450 970 1476 δὲ

179 1494 230 1521 τοῦ
241 1495 443 1530 σταυρωθέντος
455 1495 614 1522 διδασκάλου
628 1496 815 1531 καταλύωμεν.
834 1496 971 1531 Ἀπίωμεν

180 1540 230 1567 καὶ
248 1540 296 1566 ἐπὶ
313 1541 364 1577 τὴν
382 1540 465 1575 ἄλλην
486 1542 623 1578 βάρϐαρον
638 1543 698 1577 γῆν,
714 1543 760 1568 καὶ
775 1543 809 1569 τὰ
826 1542 901 1578 παρὰ
916 1544 971 1574 τοῖς

892 1172 970 1199 πολε-

181 1587 268 1614 σκᾶσιν
291 1587 497 1622 ἁνατρέπωμεν.
525 1588 693 1624 Προθυμίαις
722 1588 750 1614 δὲ
777 1589 870 1624 μηδεὶς
893 1589 1006 1624 ἡμῶνρ

182 1631 333 1659 λειπέσθω·
347 1632 408 1659 οὔτε
423 1634 477 1670 γὰρ
490 1634 585 1670 μικρὸς
597 1635 609 1660 ὁ
620 1633 699 1666 ἆθλος
713 1635 766 1661 τῶν
780 1635 971 1670 τολμωμένων,

183 1679 247 1705 ἐπεὶ
260 1678 298 1714 μὴ
310 1679 344 1706 τὰ
358 1680 473 1714 τυχόντα
490 1680 602 1715 βραὸεἰα
617 1681 690 1716 ἡμᾶς
703 1681 852 1714 ἐκδέξεται,
870 1680 926 1708 ἀλλ’
944 1682 972 1707 αἱ

183 1723 239 1750 ἀπὸ
255 1723 309 1750 τῶν
325 1726 392 1760 παρ’
404 1726 542 1758 ἑκάστοις,
560 1726 597 1758 ὡς
614 1727 702 1758 εἰκὸς,
726 1727 814 1762 νόμων
830 1728 971 1763 τιμωρίαι,

182 1768 272 1805 δεσμὰ
285 1769 385 1806 δηλαδὴ
407 1772 454 1799 καὶ
473 1772 583 1806 βάσανοι
600 1773 647 1799 καὶ
664 1773 795 1807 φυλακαὶ,
811 1774 866 1809 πῦρ
882 1783 909 1800 τε
926 1775 973 1801 καὶ

185 1815 305 1851 σίδηρος,
321 1817 368 1844 καὶ
382 1818 504 1853 σταυροὶ,
519 1819 566 1845 καὶ
580 1818 674 1854 θῆρες,
688 1816 725 1846 ὧν
738 1820 855 1854 μάλιστα
872 1820 974 1856 προθυ-

185 1870 297 1905 μητέον,
314 1871 436 1904 καὶτοῖς
456 1874 551 1904 κακοῖς
565 1873 646 1908 ὁμόσε
666 1873 802 1908 χωρητέον
821 1874 974 1909 ὑπόδειγμα

183 1915 232 1942 τὸν
251 1915 411 1943 διδάσκαλον
433 1918 619 1953 κεκτημένοις.
635 1918 667 1943 Τί
684 1918 738 1953 γὰρ
755 1918 856 1944 τούτων
874 1918 972 1952 γένοιτ’

184 1961 219 1988 av
245 1961 363 1996 κάλλιον,
384 1963 498 1999 ἐχθροὺς
518 1965 564 1990 καὶ
588 1964 659 1996 θεοῖς
679 1965 726 1991 καὶ
750 1964 902 2000 ἀνθρώποις
929 1965 972 1991 ἐπ’

184 2006 275 2034 οὐδενὶ
305 2007 376 2043 λόγῳ
409 2009 577 2044 καταστῆναι
607 2010 654 2036 καὶ
675 2012 778 2044 μήποτε
800 2009 877 2044 ἡδέος
907 2010 974 2035 ἀπο-

184 2051 285 2080 λαῦσαί
298 2062 380 2086 τινος,
396 2055 464 2089 μήτε
477 2055 531 2081 τῶν
544 2055 676 2090 φιλτάτων
689 2055 812 2087 ὄνασθαι,
826 2057 893 2091 μήτε
908 2065 974 2091 χρη-

187 2098 283 2134 μάτων
297 2101 398 2134 τυχεῖν,
414 2102 482 2135 μήτε
495 2101 568 2133 τινὸς
583 2101 685 2135 ἀγαθοῦ
699 2102 729 2128 τὸ
741 2103 868 2138 παρὰπαν
880 2103 973 2129 ἐλπίδα

185 2145 350 2180 κτήσασθαι,
361 2145 422 2180 εικῆ
432 2146 461 2172 δὲ
472 2147 519 2173 καὶ
533 2147 620 2183 μάτην
634 2148 784 2175 πλανᾶσθαι
798 2149 844 2175 καὶ
860 2149 972 2184 πλανᾷνς

185 2189 274 2217 Τοῦτο
290 2190 344 2226 γὰρ
360 2189 393 2226 ἦν
405 2191 436 2217 τὸ
451 2192 599 2229 συμφέρον,
616 2194 662 2219 καὶ
681 2193 711 2220 τὸ
725 2194 854 2229 φέρεσθαι
869 2194 971 2226 ἐξεναν-

185 2243 249 2276 ista;
264 2244 330 2270 πᾶσι
341 2245 397 2276 τοῖς
407 2244 506 2278 ἔθνεσι,
521 2245 568 2271 καὶ
578 2246 609 2272 τὸ
622 2245 692 2277 θεοῖς

187 2290 264 2327 παρὰ
292 2292 375 2318 πᾶσιν
402 2291 624 2327 ὡμολογημένοις
645 2293 783 2328 πολεμεῖν,
816 2294 861 2319 τὸν
881 2294 903 2319 δ’
928 2294 974 2320 ὑπ’

186 2336 338 2372 ὀφθαλμοῖς
359 2337 437 2373 ἡμῶν
452 2338 542 2365 αὐτῶν
557 2338 724 2370 διδάσκαλον,
743 2339 809 2366 Θεὸν
833 2338 912 2371 εἶναι,
929 2340 975 2366 καὶ

187 2381 256 2410 Θεοῦ
271 2383 354 2410 παῖδα
368 2383 523 2419 κηρύττειν,
549 2385 618 2420 ὑπὲρ
635 2382 665 2411 οὗ
679 2385 725 2412 καὶ
739 2386 836 2417 αὐτοὺς
850 2385 975 2421 θνήσκειν

188 2427 316 2464 ἑτοίμους
335 2426 415 2461 εἶναι,
432 2429 515 2464 μηδὲν
530 2429 628 2465 ἀληθὲς
641 2430 707 2467 παρ’
728 2430 808 2456 αὑτοῦ
825 2431 886 2466 μηδ’
905 2431 975 2465 ὠφέ-

187 2473 268 2511 λιμον
283 2474 488 2511 μεμαθηκότας.
507 2477 597 2512 Ταύτῃ
614 2478 636 2503 δ’
651 2475 698 2504 οὖν
713 2478 760 2504 καὶ
782 2478 880 2513 μᾶλλον
895 2488 976 2514 τιμη-

187 2527 251 2555 τέον
261 2528 355 2561 αὐτὸν,
373 2530 398 2555 ει
416 2529 499 2564 μηδὲν
516 2530 589 2564 ἡμᾶς
605 2529 703 2565 ὢνησε,
722 2530 812 2557 πάντα
826 2539 855 2557 τε
877 2532 922 2557 ἐπὶ
938 2531 976 2566 τῷ

187 2574 300 2607 δοξάσαι
313 2574 396 2602 αὑτοῦ
410 2575 459 2611 τὴν
474 2576 658 2611 προσηγορίαν
671 2577 805 2612 ποιητέον,
821 2577 867 2603 καὶ
886 2578 976 2609 πάσας

189 2620 284 2658 ὕϐρεις
299 2621 345 2648 καὶ
360 2622 495 2658 τιμωρίας
512 2624 705 2660 ὗπομενητέον,
724 2625 812 2651 πάντα
827 2633 857 2650 τε
876 2625 975 2661 τρόπον

187 2667 350 2695 ἀναδεκτέον
368 2667 495 2701 Θανάτου,
518 2670 587 2705 ὑπὲρ
608 2670 720 2706 μηδενὸς
738 2670 862 2706 ἀληθοῦς.
884 2671 975 2697 Κακὺν

188 2713 244 2750 γὰρ
258 2713 324 2747 ἴσως
344 2715 470 2751 ἀλήθεια,
488 2716 519 2742 τὺ
539 2716 567 2742 δὲ
589 2716 685 2751 ψεῦδος
705 2716 760 2752 ἔχει
776 2718 823 2744 τοῦ
841 2717 927 2744 κακοῦ
944 2718 975 2744 τὸ

188 2760 323 2788 ἐναντίον·
338 2761 380 2788 διὸ
396 2761 538 2798 λέγωμεν,
555 2762 599 2789 ὅτι
614 2763 661 2788 καὶ
675 2764 788 2798 νεκροὺς
804 2764 910 2800 ἤγειρε,
928 2765 975 2790 καὶ

189 2799 306 2844 λεπροῦς
319 2808 478 2845 ὲκαθάρισε,
491 2810 537 2836 καὶ
548 2809 676 2845 δαίμονας
688 2810 781 2845 ἤλασε,
797 2811 844 2837 καὶ
859 2810 912 2837 τῶν
928 2810 975 2837 ἆλ-

186 2851 242 2880 λων
262 2854 422 2890 παραδόξων
443 2854 531 2890 ἔργων
551 2855 646 2889 γέγονε
671 2855 795 2891 ποιητὴς,
820 2856 903 2891 μηδὲν
927 2856 975 2891 μὲν

157 2924 162 2931 ,
190 2899 306 2930 τοιοῦτον
330 2901 407 2937 αὐτῷ
427 2902 635 2936 συνεγνωκότες,
653 2903 758 2934 ἑαυτοῖς
783 2902 810 2929 δὲ
835 2903 868 2930 τὰ
889 2902 977 2932 πάντα

1021 279 1173 310 superaret,
1196 282 1228 302 ac
1247 282 1281 302 ne
1304 283 1433 310 magnum
1457 274 1566 310 quidem
1593 282 1706 310 prorsus
1729 275 1811 310 quid-

1020 329 1101 356 quam
1124 321 1173 351 illi.
1191 325 1238 348 aut
1263 321 1351 348 reditu
1369 322 1396 348 in
1419 322 1500 348 vitam
1518 321 1631 356 dignum
1650 325 1741 348 actum
1756 326 1809 351 est.

1022 366 1074 394 nisi
1089 366 1151 401 quis
1170 366 1241 394 dolis
1261 366 1391 401 omnique
1412 367 1587 394 simulatione
1602 366 1720 394 refertos
1735 367 1809 394 illitis

1024 413 1127 440 referat
1165 420 1278 444 mores,
1306 418 1333 440 et
1368 413 1442 448 quod
1472 414 1546 448 ipsos
1575 421 1626 440 nos
1645 421 1725 440 usum
1747 421 1811 440 ver--

1021 459 1166 490 sntiarum,
1192 459 1356 494 inanemque
1377 459 1539 494 iactantiam
1565 467 1614 494 per
1639 459 1762 486 l‘raudem
1778 467 1810 485 ac

1020 505 1113 532 dolum
1125 505 1260 532 docuerit.
1277 505 1413 538 Quocirca
1432 505 1540 537 demus,
1555 513 1659 541 qmeso,
1673 507 1744 534 inter
1759 514 1811 534 nos

1020 551 1142 583 dextras,
1159 551 1294 586 simulque
1313 559 1408 579 omnes
1425 552 1514 579 fmdus
1527 552 1710 587 paciscamur,
1728 557 1758 579 ut
1775 552 1810 580 de

1020 595 1067 622 illo
1081 596 1107 622 in
1122 600 1237 623 cunctos
1252 595 1376 624 homines
1389 597 1576 632 deceptionem
1589 605 1739 625 consonam
1750 605 1811 633 pro-

1021 641 1358 677 feramus,narremusque
1373 642 1474 670 vidisse
1489 650 1540 670 nos
1557 643 1633 670 illum
1647 643 1713 671 dum
1728 644 1810 671 cacis

1020 686 1108 714 visum
1126 687 1282 722 largiretur,
1301 687 1410 715 tametsi
1431 687 1525 715 nullus
1541 695 1662 723 unquam
1682 691 1810 715 nostrum

1020 733 1072 760 hoc
1092 733 1168 765 vidit,
1186 739 1212 761 et
1230 734 1295 761 dum
1317 734 1410 768 surdis
1433 733 1555 761 auditum
1572 734 1717 769 pratberet,
1736 733 1811 768 quod

1019 779 1129 815 quidem
1154 781 1246 808 nullus
1269 788 1389 816 unquam
1416 785 1540 808 nostrum
1565 781 1680 813 audivit,
1696 786 1723 808 et
1744 781 1811 808 dum

1019 826 1142 861 leprosos
1160 832 1298 862 purgaret,
1308 831 1486 862 mortuosque
1499 828 1533 854 ad
1546 828 1629 854 vitam
1641 827 1810 855 restitueret.

1020 873 1142 908 Denique
1156 881 1187 900 ea
1203 882 1264 908 qua:
1283 882 1372 909 neque
1386 873 1457 901 facta
1476 874 1510 901 ab
1532 874 1578 901 illo
1596 873 1734 905 novimus,
1755 881 1811 900 ne—

986 915 1006 942 Β
1020 927 1072 954 que
1084 919 1157 946 dicta
1172 919 1338 951 audivimus,
1350 924 1481 955 tanquam
1493 927 1557 948 vere
1572 925 1648 955 gesta
1661 920 1811 947 contenda-

1020 972 1092 992 mus.
1124 964 1223 992 Verum
1250 966 1380 1000 quoniam
1408 970 1561 993 extremum
1588 966 1663 994 illius
1689 970 1809 1001 tempus.

1019 1010 1153 1038 celebrem
1180 1011 1274 1038 habuit
1288 1016 1314 1038 et
1330 1012 1503 1046 perspicuum
1519 1012 1671 1044 interitum,
1690 1015 1718 1039 ut
1737 1020 1813 1039 nus-

1020 1064 1101 1091 quam
1123 1057 1156 1084 ab
1176 1057 1222 1083 illo
1238 1057 1371 1084 occultari
1387 1057 1517 1092 potuerit,
1540 1065 1591 1085 nos
1619 1057 1683 1084 huic
1701 1065 1812 1092 quoque

1020 1102 1194 1129 incommodo
1211 1107 1284 1130 recta
1303 1107 1445 1138 pergentes
1466 1110 1660 1136 occurramus;
1678 1102 1810 1131 testiﬁce-

1020 1156 1136 1183 nnquue
1162 1149 1242 1183 plane
1269 1149 1338 1175 bene
1359 1148 1540 1184 impudenter,
1558 1149 1635 1175 illum
1663 1153 1811 1183 postquam

1023 1194 1102 1231 114
1117 1203 1132 1221 a
1150 1199 1237 1222 morte
1252 1195 1285 1221 ad
1300 1195 1382 1222 vitam
1396 1194 1516 1228 redierit,
1536 1195 1607 1222 inter
1619 1202 1670 1222 nos
1681 1202 1743 1222 esse
1753 1203 1812 1221 ver-

1021 1246 1121 1273 satum,
1147 1241 1293 1276 locumque
1321 1245 1347 1268 et
1370 1241 1464 1268 cibum
1479 1245 1641 1268 consuetum
1667 1240 1811 1268 nobiscum

1021 1295 1180 1322 usurpasse.
1203 1288 1388 1314 Conservctur
1413 1292 1503 1314 autem
1527 1287 1562 1313 ab
1587 1287 1715 1314 omnibus
1731 1287 1813 1314 nobis

1020 1332 1197 1367 impudentia:
1234 1332 1519 1367 immulabilitali'sque
1539 1336 1628 1364 tenor,
1651 1336 1679 1360 et
1701 1337 1813 1360 maneat

1021 1379 1079 1405 haec
1096 1379 1195 1406 mentis
1210 1378 1338 1406 alienatio
1355 1387 1442 1413 usque
1459 1378 1493 1405 ad
1510 1382 1640 1410 mortem;
1657 1379 1723 1413 quid
1738 1379 1813 1406 enim

1022 1423 1132 1450 absurd'i
1149 1424 1229 1451 habet
1242 1431 1292 1458 pro
1309 1423 1396 1450 nihilo
1411 1424 1491 1457 mori,
1505 1428 1553 1450 aut
1573 1423 1639 1458 quid
1656 1425 1812 1458 quempiam

1021 1469 1230 1502 oﬂ'endat,nulla
1246 1469 1379 1504 probabili
1393 1477 1486 1502 causa,
1497 1470 1610 1497 verbera
1621 1474 1812 1505 tormentaque

1021 1516 1049 1543 in
1065 1523 1189 1552 corpore,
1205 1521 1232 1543 et
1257 1516 1280 1543 si
1305 1524 1374 1551 opus
1398 1515 1446 1546 sit,
1464 1516 1573 1543 vincula
1586 1524 1694 1551 quoque
1707 1520 1734 1544 et
1750 1523 1813 1543 car-

1023 1570 1110 1593 ceres,
1123 1570 1173 1589 nec
1191 1570 1245 1589 non
1263 1562 1444 1590 contumelias
1454 1566 1481 1589 et
1503 1563 1603 1597 probra
1621 1563 1723 1590 nullius
1742 1571 1814 1591 vera:

1024 1609 1062 1637 rei
1084 1609 1170 1644 gratia
1195 1608 1332 1643 experiri?
1353 1607 1409 1635 Hoc
1429 1607 1511 1642 igitur
1524 1608 1579 1642 jam
1600 1616 1674 1636 nunc
1697 1609 1814 1636 medite-

1024 1663 1095 1688 mur,
1121 1655 1340 1689 mentiamurque
1365 1662 1462 1682 omnes
1478 1662 1534 1681 uno
1550 1662 1608 1686 ore,
1623 1660 1651 1682 Cl
1678 1655 1813 1691 ﬁngamus

1024 1710 1066 1735 ea,
1082 1710 1143 1736 quae
1169 1709 1258 1736 neque
1275 1701 1356 1728 alicui
1383 1705 1509 1728 nostrum
1537 1701 1613 1728 utilia
1635 1702 1727 1728 futura
1745 1703 1813 1734 sint,

1024 1757 1112 1784 neque
1137 1749 1217 1775 alicui
1242 1756 1337 1776 eorum
1367 1757 1437 1783 quos
1465 1749 1644 1783 decipiemus,
1665 1757 1696 1775 ac
1720 1757 1753 1776 ne
1773 1750 1814 1776 illi

1024 1795 1133 1830 quidem
1159 1796 1206 1829 qui
1230 1802 1244 1821 a
1270 1794 1348 1822 nobis
1377 1794 1522 1822 mendacio
1548 1796 1698 1823 extollitur.
1719 1800 1746 1822 et
1762 1804 1814 1831 pro

1025 1841 1079 1868 Dco
1093 1840 1311 1868 commendatur.
1328 1840 1412 1868 Porro
1427 1845 1517 1868 autem
1533 1841 1705 1868 mendacium
1723 1842 1814 1869 inten-

1025 1886 1123 1913 damus
1150 1894 1205 1913 non
1237 1886 1318 1913 modo
1340 1886 1367 1913 in
1389 1891 1491 1914 nostra:
1508 1888 1594 1921 gentis
1614 1887 1748 1920 homines,
1764 1890 1812 1916 scd

1026 1934 1052 1960 in
1074 1940 1154 1960 omne
1177 1932 1289 1959 omnino
1317 1933 1458 1960 hominum
1481 1941 1578 1967 genus,
1601 1937 1744 1969 totumque
1766 1943 1814 1960 or-

1024 1980 1085 2006 bem
1111 1984 1247 2007 terrarum
1260 1979 1312 2007 hoc
1325 1987 1430 2011 errore,
1448 1980 1537 2014 iisque
1556 1988 1617 2015 quae
1628 1980 1661 2007 de
1676 1981 1723 2007 illo
1740 1981 1813 2008 inter

1025 2034 1076 2053 nos
1099 2027 1304 2061 composuimus
1334 2027 1506 2061 impleamus.
1537 2026 1651 2062 Jamque
1683 2027 1813 2062 deinceps

1026 2073 1098 2108 leges
1113 2073 1181 2100 alias
1194 2074 1301 2100 cunctis
1311 2074 1437 2108 gentibus
1454 2074 1636 2108 imponamus,
1646 2082 1706 2108 qua:
1718 2081 1813 2100 omnes

1025 2117 1147 2144 onmium
1170 2118 1204 2145 de
1230 2118 1327 2153 patriis
1352 2118 1474 2153 ipsorum
1495 2119 1548 2146 diis
1565 2119 1709 2153 opiniones
1726 2126 1814 2153 oppu-

1026 2169 1109 2199 gnent
1126 2169 1208 2199 atque
1232 2168 1366 2196 evertunt,
1388 2173 1567 2200 quascunque
1581 2174 1596 2191 ιι
1619 2165 1729 2191 condito
1756 2172 1814 2191 .‘Bvu

1026 2211 1182 2242 habuerint,
1195 2211 1416 2245 itnpercmusquc
1426 2211 1520 2246 primis
1534 2211 1656 2237 omniuln
1670 2209 1813 2239 Romanis.

704 2246 753 2281 μὲν
763 2248 819 2278 τοῖς
834 2247 863 2279 ἐξ
878 2247 972 2279 αἰῶνος

1028 2265 1062 2284 ne
1087 2257 1178 2284 colant
1205 2265 1273 2291 quos
1298 2256 1416 2291 majores
1440 2257 1563 2291 ipsorum
1596 2256 1663 2283 deos
1690 2257 1814 2283 arbitrati

1028 2306 1102 2329 sunt.
1119 2301 1149 2328 In
1169 2302 1302 2329 Grtcciam
1322 2310 1430 2337 quoque
1455 2306 1639 2337 penetremus.
1660 2308 1686 2329 et
1706 2302 1815 2336 sapien-

1026 2348 1099 2375 tibus
1118 2348 1164 2383 qui
1178 2349 1232 2375 illic
1248 2352 1312 2376 sunt
1327 2349 1462 2375 contraria
1480 2349 1587 2383 publice
1603 2349 1763 2379 doceamus,
1782 2356 1815 2374 at.

1027 2402 1060 2420 ne
1074 2393 1217 2430 [Egyptios
1233 2395 1343 2429 quidem
1356 2395 1527 2427 omittamus,
1544 2394 1591 2422 sed
1611 2395 1731 2429 ipsorum
1745 2401 1815 2428 quo-

1027 2448 1079 2474 que
1098 2441 1164 2469 deos
1191 2443 1294 2476 patrios
1313 2449 1513 2477 oppugnemus.
1538 2449 1592 2468 non
1617 2440 1736 2468 Mosaica
1757 2447 1814 2465 am-

1027 2487 1098 2521 plius
1115 2496 1175 2522 qum
1193 2488 1258 2514 olim
1282 2488 1353 2523 apud
1371 2488 1432 2514 illos
1455 2492 1530 2522 gesta
1547 2492 1611 2514 sunt
1631 2487 1813 2521 proierentes.

1027 2535 1074 2561 sed
1093 2534 1179 2561 nostri
1196 2534 1370 2568 prreceptoris
1399 2533 1538 2560 interitum
1555 2533 1609 2558 illis
1632 2531 1712 2566 quasi
1729 2532 1814 2566 quod»

1027 2582 1088 2608 dam
1117 2581 1222 2616 insigne
1242 2581 1354 2607 terroris
1373 2580 1545 2613 objicientes.
1562 2578 1628 2611 Qua:
1642 2585 1707 2605 vero
1722 2578 1815 2612 opinio

1027 2632 1054 2654 et
1067 2626 1136 2653 fama
1152 2626 1185 2653 ab
1197 2626 1274 2652 initio
1290 2625 1324 2652 ab
1342 2625 1408 2656 illis,
1421 2624 1454 2650 ad
1472 2632 1568 2650 omnes
1581 2623 1706 2650 homines
1717 2623 1751 2649 de
1763 2622 1816 2648 diis

1027 2673 1161 2709 pervenit,
1177 2673 1246 2699 hanc
1265 2680 1315 2699 nos
1331 2680 1384 2698 non
1400 2670 1505 2697 voculis
1522 2668 1686 2704 quibusdam
1707 2672 1754 2694 aut
1771 2676 1817 2694 ra-

1027 2720 1158 2750 tionibus.
1183 2718 1231 2746 sed
1258 2717 1433 2753 praeceptoris
1462 2715 1586 2743 cruciﬁxi
1610 2716 1637 2742 vi
1664 2715 1814 2742 diluamus.

1027 2764 1236 2799 Progrediamur
1258 2771 1321 2791 vero
1345 2763 1427 2790 etiam
1451 2763 1477 2789 in
1504 2762 1638 2797 reliquam
1667 2761 1813 2788 barbaram

1027 2815 1141 2842 terram,
1162 2815 1188 2837 et
1202 2818 1262 2844 qua:
1279 2808 1350 2844 apud
1379 2816 1474 2836 omnes
1499 2808 1608 2835 decreta
1624 2812 1689 2834 sunt
1709 2811 1816 2834 everta-

1028 2864 1090 2883 mus
1108 2865 1115 2883 :
1134 2863 1221 2890 neque
1236 2863 1299 2883 vero
1319 2854 1464 2890 quisquam
1481 2858 1605 2880 nostrum
1624 2853 1706 2880 animi
1726 2852 1817 2879 inten-

1028 2903 1131 2930 tionem
1157 2902 1289 2930 remittat.
1303 2900 1363 2929 Non
1388 2901 1460 2929 enim
1486 2900 1614 2935 exiguum
1636 2903 1682 2926 aut
1701 2906 1815 2934 parvum
