2071 3219
258 164 310 194 207

257 281 336 309 gares
356 281 407 301 nos
425 281 474 308 pro
490 273 574 300 tantis
590 273 785 300 certaminibus
801 278 912 300 manent
923 281 1041 303 coronai.

258 317 305 345 sed
332 324 392 352 qua:
412 317 546 352 supplicia
564 317 691 344 videliect
704 325 718 344 a
730 317 835 351 legibus
850 318 973 344 omnium
993 318 1044 345 ho-

590 166 724 195 EUSEBII
746 165 983 194 CASSANENSIS
1002 166 1077 194 OPP.
1095 167 1184 194 PARS
1203 167 1236 195 ll.
1257 169 1541 198 —APOLOGETICA.

258 228 309 255 riet
327 226 408 262 hujus
430 226 551 254 audacia:
577 228 729 262 praemium,
755 226 888 261 siquidem
911 235 966 253 non
988 227 1082 271 vul-A

1100 227 1287 263 πλαττόμενοι,
1305 230 1352 255 καὶ
1367 229 1521 262 πλανῶντες
1540 231 1588 266 μὲν
1602 230 1648 263 οὒς
1667 230 1776 258 δυνατόν
1786 240 1793 246 ·
1813 233 1837 258 εἰ
1853 232 1884 258 δὲ

1098 273 1135 308 μὴ
1149 273 1267 300 πείθοιτό
1279 283 1329 305 τις,
1342 274 1399 300 ἀλλ’
1411 275 1484 301 αὐτοί
1494 284 1536 309 γε,
1552 277 1621 312 ὑπὲρ
1629 273 1666 302 ὧν
1680 276 1882 312 συντεθείμεθα,

1099 319 1245 354 τάπίχειρα
1260 319 1309 354 τῆς
1326 319 1429 355 πλάνης
1446 320 1506 347 καθ’
1524 322 1626 348 ἑαυτῶν
1644 321 1828 357 ἐφελκόμενοι.

256 364 372 394 minum,
386 367 414 389 ut
430 370 478 398 par
492 367 545 394 est,
558 362 811 392 contradicentibus
831 363 955 398 injuncta
969 368 1044 396 sunt,
1063 364 1171 391 vincula
1187 365 1301 398 sciliCet,
1317 369 1462 399 tormenta,
1497 374 1621 394 carceres
1639 376 1645 394 :
1664 374 1768 394 necnon
1801 367 1883 401 ignis.

255 414 283 438 et
309 410 423 441 ferrum,
443 413 470 437 et
501 417 607 441 cruces,
626 414 653 436 et
681 410 777 437 bellua:
795 419 802 438 :
820 410 853 438 ad
878 418 938 445 qua:
953 411 1044 438 omnia
1064 411 1268 446 promptissimo
1299 412 1390 439 animo
1401 416 1442 440 est
1457 412 1652 444 accedendum,
1677 412 1766 446 iisque
1776 412 1883 438 obviam

255 458 334 485 malis
347 458 465 485 eundum
496 457 640 492 intrepide,
662 465 722 492 qua?
740 462 934 493 praeceptorem
955 463 1079 486 nostrum
1100 459 1178 486 nobis
1192 466 1240 493 pro
1249 460 1372 494 exemplo
1388 464 1536 486 ostentant.
1550 459 1620 492 Quid
1635 459 1707 486 enim
1724 458 1882 493 pulchrius,

253 512 336 539 quam
353 505 427 531 nulla
444 505 547 531 ratione
558 508 585 531 et
598 504 651 532 diis
666 509 692 531 et
708 504 865 532 hominibus
891 505 947 532 lieri
981 504 1120 538 inimicos;
1138 513 1226 540 neque
1249 505 1304 532 ulla
1335 513 1456 540 unquam
1481 513 1593 540 prorsus
1622 505 1673 532 l‘rui
1699 505 1882 540 jucunditatc,

256 550 335 586 115
352 558 438 585 neque
462 549 632 577 charissimis
659 549 742 577 rebus
771 549 902 576 obiectari
916 569 924 582 ,
951 557 1039 584 neque
1058 557 1218 584 comparare
1235 550 1375 585 pecunias,
1394 558 1444 577 nec
1461 551 1544 578 ullius
1572 558 1686 585 prorsus
1709 550 1773 578 boni
1806 557 1882 584 spem

253 597 306 626 sibi
322 596 454 632 reliquam
470 596 558 623 facere
575 605 582 623 :
600 600 702 623 temere
730 599 820 622 autem
836 598 863 622 et
880 595 1000 623 inaniter
1032 603 1125 623 errare
1146 603 1178 623 ac
1201 595 1346 631 decipere?
1369 596 1426 623 Hoc
1453 597 1526 624 enim
1549 597 1716 632 praecipuum
1748 600 1790 623 est
1808 595 1883 630 quod

253 649 407 680 spectemus
421 653 427 670 τ
441 650 472 670 ac
485 647 615 678 praeterea
632 643 759 670 omnibus
789 643 945 670 nationibus
977 643 1126 676 adversari,
1145 647 1173 671 et
1194 643 1271 676 deos,
1287 644 1333 679 qui
1353 651 1367 671 a
1389 644 1500 672 condito
1524 652 1582 672 aevo
1598 644 1670 679 apud
1699 651 1794 671 omnes
1821 650 1885 670 cer-

252 692 352 720 tissimi
374 691 458 720 habiti
476 695 540 719 sunt
557 699 724 726 oppugnare.
749 690 946 726 Praeceptorem
964 699 1039 723 vero,
1067 699 1149 726 quem
1174 692 1261 719 oculis
1286 692 1390 720 nostris
1422 693 1556 727 supplicio
1581 693 1649 719 allici
1677 693 1808 724 vidimus,
1832 698 1883 726 pro

253 736 308 766 Deo
323 741 350 765 et
366 745 414 772 pro
431 736 478 763 Dei
499 735 569 763 Filio
583 736 740 770 prcedicare.
757 735 811 762 Pro
832 743 885 770 quo
901 740 928 762 et
953 736 1003 771 ipsi
1020 738 1088 764 mori
1106 737 1193 772 parati
1214 738 1309 768 simus,
1326 738 1434 765 tametsi
1459 739 1493 765 ab
1516 738 1562 765 illo
1591 746 1679 773 neque
1707 739 1765 766 veri
1794 745 1882 772 neque

251 783 327 811 utilis
345 787 391 810 aut
403 781 539 809 commodi
558 781 705 816 quidquam
722 781 879 808 didicimus.
893 780 950 808 Hoc
967 782 1038 809 enim
1058 782 1116 817 ipso
1132 782 1177 810 ille
1190 783 1276 818 pluris
1291 787 1333 811 est
1349 783 1500 816 faciendus,
1516 783 1588 818 quod
1616 783 1684 810 nihil
1715 783 1794 810 nobis
1816 791 1882 818 pro-

251 829 344 857 fuerit.
372 828 470 856 Omnia
486 835 551 855 vero
573 828 653 855 nobis
677 827 801 854 facienda
827 831 901 859 sunt,
925 832 953 854 ut
982 827 1055 855 illius
1087 836 1185 856 numen
1217 831 1323 858 illustre
1361 830 1564 865 gloriosumque
1602 830 1757 857 reddamus.
1783 829 1881 858 Omnia

251 879 362 915 probra,
379 878 472 905 omnia
497 876 629 911 supplicia
646 876 766 909 ferenda,
801 883 881 903 omne
902 884 987 911 genus
1003 877 1099 905 mortis
1121 877 1292 905 subeundum
1307 885 1356 913 pro
1378 885 1410 904 ea
1428 885 1467 909 re,
1486 885 1546 912 qua:
1562 877 1635 904 nulla
1666 877 1693 904 in
1716 881 1791 912 parte
1817 885 1882 904 vera

251 930 305 955 est.
334 925 439 952 Malum
463 924 535 952 enim
558 923 675 951 forsitan
699 924 813 956 veritas,
845 927 872 951 et
903 924 966 950 mali
999 925 1166 952 contrarium
1195 925 1222 952 in
1255 925 1398 952 mendacio
1423 934 1429 952 :
1457 931 1540 959 quare
1567 923 1730 951 aliirmemus
1753 923 1828 950 illum
1853 927 1882 950 ct

251 977 374 999 mortuos
400 971 547 1003 excitasse,
573 975 599 998 et
621 970 745 1005 leprosos
780 977 928 1006 purgasse,
965 975 992 997 et
1024 971 1161 999 da-monas
1177 971 1300 1006 ejecisse,
1321 975 1348 998 et
1367 971 1419 998 alia
1442 970 1624 1002 incredibilia,
1655 977 1818 1004 omnemque
1846 970 1880 997 li-

250 1019 312 1047 dem
327 1019 484 1054 superantia
497 1018 607 1050 fecisse,
622 1025 738 1052 quarum
754 1017 863 1052 quidem
888 1025 979 1044 rerum
1009 1018 1116 1045 nullius
1139 1018 1177 1045 illi
1201 1027 1252 1046 nos
1279 1019 1384 1046 conscii
1417 1026 1523 1050 sumus,
1556 1017 1603 1045 sed
1626 1018 1758 1045 arbitram
1784 1023 1880 1045 nostro

250 1073 350 1094 cuncta
377 1064 512 1101 ﬁngentes
529 1074 534 1091 :
550 1068 577 1092 et
594 1064 762 1098 deeipiamus
776 1063 885 1098 quidem
903 1072 971 1098 quos
991 1072 1148 1099 possumus,
1171 1066 1195 1092 si
1213 1066 1257 1093 eui
1272 1074 1335 1093 vero
1348 1074 1402 1092 non
1416 1065 1645 1100 persuaserimus,
1675 1069 1731 1092 tum
1752 1065 1803 1100 ipsi
1829 1074 1880 1100 pro

251 1116 285 1145 iis
301 1124 361 1151 quae
378 1116 447 1142 inter
462 1121 512 1141 nos
528 1113 733 1147 composuimus
749 1112 852 1139 erroris
867 1112 1031 1145 mercedem,
1054 1113 1186 1141 adversus
1203 1122 1253 1141 nos
1266 1114 1343 1148 ipsos
1360 1114 1511 1140 eliciamus.

286 1162 458 1190 Videnturne
476 1160 524 1187 tibi
544 1158 685 1186 credibilia
706 1158 774 1189 haec,
792 1162 839 1185 aut
864 1158 912 1185 ulli
930 1166 993 1186 vero
1008 1159 1044 1185 si-
1060 1167 1080 1193 Β

250 1209 347 1236 milia?
368 1207 502 1244 ignobiles
524 1205 704 1240 vulgaresque
728 1205 863 1236 homines,
894 1208 1039 1239 postquam

248 1255 315 1283 talia
328 1253 467 1285 ﬁnxerint,
483 1255 564 1286 atque
578 1251 649 1279 inter
666 1259 696 1278 sc
711 1250 925 1286 composuerint,
943 1250 1041 1277 Roma-

252 1310 317 1329 num
335 1301 478 1336 imperium
504 1298 656 1326 invasisse?
672 1301 719 1324 aut
733 1298 881 1324 humanam
902 1300 1038 1328 naturam,

251 1354 312 1382 quae
337 1346 400 1373 vitae
426 1352 548 1372 amorem
576 1352 608 1371 ac
640 1343 761 1370 studium
788 1343 866 1377 quasi
899 1343 1040 1378 proprium

251 1392 381 1427 quiddam
405 1391 536 1426 possidet,
562 1390 683 1424 potuisse
699 1396 819 1424 unquam
840 1388 895 1415 ulla
916 1388 1040 1415 mercede

250 1437 435 1466 voluntarium
452 1437 546 1465 subire
561 1436 713 1467 interitum,
729 1433 959 1470 quemadmodum
978 1433 1040 1460 Sal-

250 1485 354 1512 vatoris
372 1483 460 1511 nostri
476 1482 602 1518 discipuli
618 1473 752 1518 potuere?
774 1481 849 1514 Quos
867 1480 908 1507 sic
929 1479 1039 1515 quidem

249 1539 283 1560 eo
295 1530 416 1566 stuporis
431 1529 538 1557 venisse
553 1528 660 1560 credas,
676 1532 705 1554 ut
719 1534 781 1554 cum
797 1527 831 1553 ab
845 1526 892 1553 illo
913 1525 980 1552 nihil
995 1525 1038 1552 di-

251 1585 334 1613 gnum
352 1575 534 1603 admiratione
549 1577 655 1610 gestum
678 1573 858 1608 inspexerint,
877 1572 928 1607 ipsi
949 1577 1039 1600 tamen

252 1631 287 1651 ex
312 1622 464 1657 composito
488 1625 587 1648 cuncta
615 1619 675 1654 ejus
701 1619 809 1655 generis
838 1619 1040 1646 conlinxerint?

249 1661 347 1697 deinde
367 1668 447 1704 nugis
467 1666 629 1702 quibusdam
649 1665 683 1693 de
703 1665 749 1693 illo
765 1665 926 1701 corrogatis,
942 1672 991 1700 pro
1005 1665 1039 1692 iis

249 1722 330 1743 omne
346 1721 433 1750 genus
447 1712 543 1739 mortis
557 1711 658 1738 ‘subire
671 1710 770 1746 parati,
789 1710 962 1746 promptique
982 1709 1040 1737 fue-

249 1761 323 1789 rint?
335 1765 364 1788 tu
376 1767 440 1787 vero
457 1758 521 1794 quid
536 1758 577 1785 ais
603 1757 713 1785 tandem
729 1757 859 1785 adversus
871 1756 928 1784 hiec
937 1756 949 1783 ?
959 1755 1039 1784 Nem-

250 1816 285 1844 pe
316 1807 380 1834 illos
397 1812 486 1840 neque
510 1804 636 1839 opinatos
665 1802 767 1836 fuisse,
795 1809 882 1837 neque
913 1808 1038 1836 sperasse

1129 1157 1203 1194 Ἆρά
1216 1168 1256 1187 σοι
1270 1159 1370 1186 πιθανά
1382 1159 1467 1186 ταῦτα
1479 1159 1495 1195 ἧ
1510 1159 1557 1186 καὶ
1571 1159 1688 1196 ἀληθοῦς
1701 1159 1818 1195 ἐχόμενα
1836 1160 1880 1187 λό-

1090 1214 1150 1240 γου,
1167 1205 1204 1237 ὡς
1226 1205 1260 1232 τὰ
1279 1205 1390 1232 τοιαῦτα
1406 1205 1574 1240 πλασάμενοι
1590 1206 1637 1232 καὶ
1655 1206 1811 1241 συνθέμενοι
1830 1207 1879 1234 ἀλ-

1093 1251 1185 1286 λήλοις
1193 1251 1310 1282 εὐτελεῖς
1322 1251 1418 1286 ἄνδρες
1430 1251 1477 1277 καὶ
1494 1250 1756 1286 ἱδιῶται,παρῄεσαν
1770 1252 1816 1277 ἐπὶ
1829 1252 1878 1287 τὴν

1096 1297 1238 1332 Ῥωμαίων
1251 1297 1375 1333 ἀρχήνςῆ
1392 1297 1428 1328 ὡς
1439 1297 1594 1332 ἀνθρωπεία
1603 1297 1693 1331 φύσις,
1704 1297 1735 1324 τὸ
1749 1296 1878 1330 φιλόζωον

1090 1343 1188 1369 οἰκεῖον
1205 1343 1371 1378 κεκτημένη,
1387 1342 1486 1369 δύναιτ’
1501 1343 1533 1369 ἄν
1548 1343 1607 1369 ποθ’
1619 1343 1688 1378 ὑπὲρ
1700 1343 1747 1369 τοῦ
1765 1334 1878 1378 μηδενὸς

1091 1389 1250 1424 αὐθαίρετον
1261 1389 1403 1423 ὑπομεῖναι
1414 1387 1559 1423 τελευτήν;
1573 1387 1589 1423 ἦ
1604 1387 1642 1419 ὡς
1656 1391 1680 1414 οῖ
1693 1388 1739 1415 τοῦ
1752 1388 1877 1424 Σωτῆρος

1090 1435 1168 1470 ἡμῶν
1191 1434 1311 1470 μαθηταὶ
1335 1435 1375 1466 εἰς
1398 1433 1532 1469 τοσαύτην
1554 1433 1706 1469 ὑπερϐολὴν
1729 1433 1877 1470 ἐκπληξίας

1090 1481 1203 1516 ἡλασαν,
1217 1481 1254 1513 ὡς
1272 1481 1354 1516 μηδὲν
1367 1481 1416 1515 μὲν
1432 1481 1478 1507 ὑπ’
1492 1479 1575 1507 αὑτοῦ
1589 1480 1739 1515 παράδοξον
1754 1480 1876 1515 πραχθὲν

1090 1527 1252 1563 ἑωρακέναι,
1267 1528 1365 1559 αὐτοὺς
1382 1527 1404 1554 δ’
1421 1528 1453 1553 ἐκ
1469 1527 1638 1562 συνθήματος
1654 1526 1722 1561 ὁμοῦ
1737 1526 1826 1553 πάντα
1841 1525 1878 1552 τὰ

1089 1573 1202 1600 τοιαῦιὴ
1230 1573 1399 1605 πεπλάσθαι,
1433 1572 1528 1600 ἔπειτα
1558 1573 1678 1608 ῥημάτια
1705 1573 1769 1608 περὶ¹
1793 1571 1875 1598 αύτοῦ

1089 1620 1174 1656 ψευδῆ
1202 1619 1509 1656 συνταξαμένουῆὑτνὲρ
1535 1619 1637 1645 τούτων
1660 1619 1788 1654 θνήσκειν
1812 1619 1878 1645 ὑπο-

1092 1668 1183 1703 μένειν
1208 1667 1324 1702 ἑτοίμως
1350 1667 1439 1702 ἔχεινς
1467 1666 1546 1692 Ἀλλὰ
1569 1666 1595 1692 τί
1617 1666 1688 1701 (pm;
1708 1665 1745 1701 μὴ
1761 1665 1877 1702 προσδο-

1090 1713 1172 1748 κῆσαι
1191 1713 1289 1744 αὐτοὺς
1310 1713 1377 1748 μηδὲ
1398 1712 1506 1738 ἐλπίσαι
1530 1712 1614 1738 δεινόν
1635 1720 1662 1738 τι
1682 1711 1823 1738 πείσεσθαι
1842 1711 1876 1737 ἐκ

1089 1760 1139 1795 τῆς
1161 1759 1225 1795 περὶ¹
1241 1759 1287 1785 τοῦ
1309 1758 1396 1794 Ἰησοῦ
1415 1757 1575 1794 μαρτυρίας,
1601 1757 1641 1784 διὸ
1655 1757 1702 1784 καὶ
1723 1757 1809 1789 ἀδεῶς
1829 1757 1876 1784 ἐπὶ

1089 1807 1120 1833 τὸ
1133 1807 1198 1842 περὶ
1211 1805 1292 1832 αὐτοῦ
1314 1806 1444 1842 κήρυγμα
1466 1805 1623 1841 προελθεῐν;
1652 1803 1721 1830 Ἀλλ’
1737 1804 1786 1830 ούκ
1802 1803 1876 1835 εἰκὸς

248 1853 399 1889 quidquam
415 1850 551 1886 ejusmodi
569 1849 604 1876 ob
618 1848 883 1876 commendationem
898 1847 963 1874 Jesu
977 1854 1034 1882 per-

1090 1847 1123 1886 ἧν
1144 1849 1292 1877 ἀπελπὶσιι
1314 1849 1348 1876 τὰ
1364 1850 1451 1876 πάντα
1468 1850 1513 1876 ὑπ’
1530 1849 1618 1876 αὐτῶν
1635 1848 1788 1881 πείσεσθαι,
1811 1849 1876 1880 τοὺς

250 1906 392 1934 pessuros.
407 1896 498 1930 Quare
512 1901 565 1922 tam
583 1894 717 1930 intrepide
738 1894 771 1921 ad
790 1892 990 1930 praedicandum
1005 1891 1039 1920 de

250 1945 297 1972 illo
319 1947 462 1980 provectos
489 1951 496 1969 :
521 1946 549 1968 at
571 1941 643 1969 istuc
663 1948 781 1976 quonam
804 1943 884 1974 pacto
906 1939 1039 1966 concede-

249 1989 315 2017 tur?
332 1989 394 2016 illos
409 1995 464 2016 non
477 1993 604 2023 sperasse
621 1993 670 2021 pro
684 1985 730 2012 illo
743 1992 773 2012 se
784 1985 875 2011 omnia
890 1983 1039 2019 passuros?

249 2035 340 2071 quiet
367 2033 437 2069 apud
463 2031 613 2064 Romanos,
631 2035 658 2058 et
685 2031 756 2066 apud
786 2028 905 2060 Graecos,
924 2033 951 2056 et
966 2028 1038 2063 apud

249 2082 393 2111 barbaros,
410 2079 523 2106 deorum
538 2077 707 2105 eversionem
722 2079 814 2104 essent
830 2075 983 2102 invecturi?
1004 2074 1039 2100 At

249 2126 322 2154 enim
336 2125 450 2152 historia
467 2132 527 2159 qua:
538 2114 575 2150 de
592 2123 646 2149 illis
659 2126 757 2154 exstat,
773 2125 865 2156 aperte
879 2121 931 2148 hoc
944 2120 1036 2152 habet,

252 2172 332 2207 116
347 2171 408 2198 illos
423 2175 485 2206 post
500 2168 680 2204 Praeceptoris
700 2167 850 2198 interitum,
871 2167 906 2194 ab
922 2166 1037 2193 insidia-

250 2217 357 2244 toribus
381 2215 546 2250 quibusdam
563 2217 657 2248 captos
681 2212 776 2244 fuisse,
792 2215 819 2239 et
836 2211 953 2246 primum
977 2211 1038 2246 qui-

249 2263 311 2290 dem
333 2263 361 2289 in
380 2268 518 2288 carcerem
534 2259 684 2294 conjectos,
705 2257 805 2285 deinde
822 2265 886 2284 vero
897 2256 1036 2287 dimissos,

250 2312 308 2335 tum
323 2308 356 2334 iis
369 2308 531 2342 imperatum
546 2313 580 2332 ne
596 2304 644 2331 ulli
654 2304 795 2331 hominum
809 2302 836 2329 in
852 2303 961 2330 nomine
973 2301 1038 2330 Jesu

250 2354 437 2388 loquerentur.
467 2351 567 2378 Postea
590 2358 655 2378 vero
680 2357 742 2377 cum
768 2349 807 2376 illi
835 2349 884 2377 hos
906 2349 1038 2376 vidissent

250 2399 322 2434 aprd
337 2398 540 2425 multitudinem
554 2396 642 2431 palam
660 2395 693 2423 de
706 2396 752 2423 illo
769 2395 866 2422 iterum
884 2395 1035 2429 loquentes,

250 2447 392 2478 correptos
411 2442 600 2473 verberarunt,
616 2449 718 2476 eosque
740 2440 775 2468 ob
792 2441 923 2468 doctrina:
952 2448 1038 2476 genus

251 2492 437 2522 mereparunt.
456 2487 516 2520 Quo
534 2491 657 2522 tempore
677 2486 803 2514 videlicet
825 2494 922 2514 rursus
940 2487 978 2513 illi
995 2494 1037 2514 re-

1096 1896 1242 1932 Ῥωμαίοις
1266 1895 1334 1932 ὁμοῦ
1362 1896 1408 1922 καὶ
1434 1895 1546 1931 Ἕλλησι
1571 1895 1617 1922 καὶ
1639 1895 1786 1931 βαρϐάροις
1806 1894 1874 1921 θεῶν

1089 1942 1247 1977 ἀνατροπὴν
1267 1941 1518 1977 εἰσηγησαμένους;
1546 1941 1578 1967 Ἦ
1601 1941 1628 1967 δέ
1645 1949 1676 1974 γε
1700 1941 1763 1975 περὶ
1785 1939 1875 1966 αὐτῶν

1090 1987 1194 2022 ἱστορία
1213 1987 1305 2021 σαφῶς
1319 1987 1462 2019 δείκνυσιν,
1482 1987 1520 2018 ὼς
1535 1986 1604 2022 μετὰ
1619 1985 1670 2021 τὴν
1686 1985 1733 2012 τοῦ
1749 1985 1876 2011 διδασκά-

1089 2032 1135 2059 λου
1160 2031 1285 2067 τελευτὴν
1308 2031 1445 2058 ὲπίὸουλοί
1466 2040 1549 2063 τινες,
1568 2030 1742 2062 συλλαϐόντες
1764 2031 1874 2063 αὐτοὺς,

1089 2078 1185 2115 πρῶτα
1200 2078 1249 2113 μὲν
1265 2077 1426 2113 παρέδωκαν
1441 2077 1559 2112 φυλακῇ,
1578 2076 1671 2103 ἔπειτα
1685 2076 1713 2102 δὲ
1725 2074 1873 2106 ἀπέλυσαν,

1090 2123 1322 2160 παραγγείλαντες
1341 2123 1435 2159 μηδενὶ
1458 2123 1548 2150 λαλεῖν
1580 2122 1627 2149 ἐπὶ
1643 2122 1683 2158 τῷ
1699 2122 1810 2157 ὀνόματι
1825 2121 1874 2148 τοῦ

1095 2167 1191 2203 Ἰησοῦ.
1208 2167 1320 2198 Γνόντες
1335 2167 1364 2193 δὲ
1383 2167 1481 2199 αὐτοὺς
1500 2167 1568 2202 μετὰ
1588 2166 1683 2198 ταῦτα,
1700 2166 1817 2202 δημοσίᾳ
1835 2166 1874 2202 τῷ

1089 2213 1186 2249 πλήθει
1205 2214 1237 2240 τὰ
1254 2214 1318 2249 περὶ
1337 2214 1418 2240 αὑτοῦ
1435 2213 1650 2248 διαλεγομένους,
1667 2213 1875 2248 ἀναρπάσαντες

1089 2259 1253 2294 ἐμάστιζον,
1278 2259 1457 2295 ἐπιτιμῶντες
1486 2260 1533 2286 ἐπὶ
1556 2260 1588 2294 τῇ
1612 2258 1780 2294 διδασκαλίᾳ.
1810 2259 1874 2285 Ὅτε

1089 2306 1248 2342 ἀποκριθεὶς
1264 2304 1342 2338 αὖθις
1355 2307 1447 2337 αὐτοῖς
1463 2306 1476 2331 ὁ
1494 2306 1596 2341 Πέτρος
1617 2303 1693 2331 εἶπεν
1704 2313 1710 2320 ·
1728 2315 1737 2331 ‹
1757 2304 1874 2340 Πειθαρ-

1089 2354 1146 2388 χεῖν
1164 2354 1204 2380 δεῖ
1223 2353 1281 2389 Θεῷ
1301 2353 1398 2388 μᾶλλον
1415 2353 1431 2388 ἦ
1447 2353 1609 2388 ἀνθρώποις.
1631 2362 1640 2378 ι
1656 2352 1733 2379 Μετὰ
1745 2352 1772 2378 δὲ
1787 2352 1875 2378 ταῦτα

1089 2399 1173 2432 λίθοις
1197 2399 1304 2436 βληθεὶς
1320 2401 1472 2435 ἀναιρεῖται
1494 2398 1637 2433 Στέφανος,
1661 2399 1707 2425 ἐπὶ
1730 2398 1776 2424 τοῦ
1806 2399 1873 2424 Ἰου-

1088 2447 1169 2473 δαίων
1182 2446 1299 2482 πλήθους
1314 2445 1582 2482 παρρησιασάμενος,
1600 2445 1646 2471 καὶ
1661 2445 1778 2479 διωγμὸς
1795 2444 1844 2479 οὐχ
1859 2445 1874 2470 ὁ

1088 2492 1177 2526 τυχὼν
1197 2491 1374 2518 ἐπανίσταται
1390 2492 1445 2522 τοῖς
1467 2490 1646 2526 πρεσϐεύουσι
1663 2490 1693 2516 τὺ
1707 2489 1753 2516 τοῦ
1784 2489 1873 2524 Ἰησοῦ

251 2534 390 2568 spondens
402 2534 500 2561 Petrus
522 2533 590 2560 dixit
604 2542 610 2559 :
628 2541 638 2558 ι
653 2531 768 2560 Obedire
782 2536 889 2567 oportet
911 2531 966 2559 Deo
982 2540 1039 2559 ina-

1090 2538 1183 2573 ὖνομα.
1201 2537 1255 2563 Καὶ
1277 2537 1358 2563 πάλιν
1377 2536 1469 2563 ἄλλοτε
1493 2536 1613 2572 Ἡρώδης
1634 2537 1648 2562 ὁ
1664 2536 1718 2562 τῶν
1741 2536 1873 2563 Ἰουδαίων

253 2579 294 2613 gis
309 2586 389 2612 quam
403 2578 562 2606 hominibus
577 2577 610 2604 ⁵⁸.
630 2586 640 2602 ι
660 2575 735 2602 [laud
755 2576 792 2602 ita
811 2576 897 2603 multo
920 2579 982 2611 post
997 2576 1037 2602 la-

254 2624 362 2658 pidibus
385 2624 484 2659 petitus
507 2623 662 2658 Stephanus
688 2622 859 2655 interlicitur,
884 2630 946 2649 cum
965 2622 1037 2657 apud

253 2669 410 2696 Judteorum
431 2669 632 2697 multitudinem
655 2668 789 2703 intrepide
816 2669 1035 2700 concionaretur,

255 2719 336 2749 atque
361 2715 504 2742 insertatio
527 2723 581 2742 non
610 2715 755 2742 mediocris
770 2718 829 2741 orta
853 2719 893 2742 est
908 2714 1037 2742 adversus

256 2768 314 2792 eos,
329 2761 376 2795 qui
398 2768 498 2787 nomen
515 2760 579 2788 Jesn
596 2762 702 2796 publice
717 2760 955 2788 commendabant.
977 2761 1038 2787 Alio

257 2814 352 2834 rursus
374 2811 494 2841 tempore
518 2807 652 2839 Herodes,
668 2807 714 2843 qui
736 2806 890 2834 Judzeorum
908 2815 955 2834 rex
968 2810 1037 2838 erat,

254 2850 385 2879 Jacobum
413 2852 524 2880 fratrem
547 2853 660 2882 Joannis
688 2853 787 2894 occidit
806 2853 906 2889 gladio.
927 2852 1036 2881 Petrum

291 2897 314 2913 “
330 2898 390 2926 Λρι.
406 2907 432 2932 ν,
445 2899 489 2927 29,
537 2917 541 2924 ι

1091 2583 1215 2619 βασιλεὺς
1228 2583 1331 2609 ἀνεῖλεν
1346 2582 1391 2608 τὸν
1410 2582 1535 2609 Ἰάκωϐον
1550 2582 1594 2608 τὸν
1610 2581 1723 2616 ἀδελφὸν
1749 2581 1872 2608 Ἰωάννου

1092 2627 1222 2663 μαχαίρᾳ,
1237 2627 1282 2653 τόν
1296 2634 1325 2652 τε
1340 2626 1441 2661 Πέτρον
1457 2627 1471 2653 ὁ
1485 2626 1565 2658 αὐτὸς
1578 2626 1685 2661 δεσμοῖς
1703 2625 1872 2661 περιέϐαλεν,

1090 2672 1128 2703 ὡς
1142 2673 1170 2698 ὲν
1181 2673 1241 2703 ταῖς
1253 2671 1372 2707 Πρὰξεσι
1393 2671 1447 2697 τῶν
1466 2671 1620 2699 ἀποστόλων
1631 2670 1796 2705 γέγραπται.
1817 2669 1873 2696 Καὶ

1090 2717 1192 2744 τούτων
1206 2716 1291 2743 ταῦτα
1306 2716 1488 2748 πεπονθότων,
1502 2718 1526 2743 οἱ
1544 2716 1631 2742 λοιποὶ
1650 2715 1769 2750 μαθηταὶ
1789 2713 1874 2748 ἀπρὶξ

1090 2761 1213 2796 ἐχόμενοι
1229 2760 1274 2787 τοῦ
1296 2760 1394 2796 Ἰησοῦ,
1415 2761 1566 2796 παρέμενον
1581 2760 1620 2786 ἔτι
1634 2759 1732 2795 μᾶλλον
1748 2760 1788 2791 εἰς
1809 2759 1873 2785 πάν-

1090 2815 1138 2838 τας
1154 2806 1233 2833 αὐτόν
1250 2815 1278 2833 τε
1293 2807 1340 2834 καὶ
1360 2806 1409 2838 τὰς
1427 2805 1653 2842 παραδοξοποιίας
1669 2805 1750 2832 αὑτοῦ
1768 2813 1872 2838 καταγ-

1091 2852 1239 2887 γέλλοντες.
1261 2853 1322 2880 Ἐπὶ
1334 2853 1439 2885 τούτοις
1463 2851 1588 2883 Ἰάκωϐος
1600 2852 1614 2878 ὁ
1629 2851 1741 2886 ἁδελφὸς
1755 2850 1800 2877 τοῦ
1819 2849 1873 2876 Κυ-
