2071 3219
185 227 238 255 209

640 226 966 256 DEMONSTRATIONIS
979 226 1208 255 EVANGELICE
1228 226 1292 254 LIB.
1313 225 1358 253 111.

1749 227 1801 256 210

186 282 255 319 ρίου,
275 282 305 309 ὃν
321 283 347 309 οἰ
366 283 448 310 πάλαι
464 282 498 309 τά
516 282 687 319 Ἰεροσόλυμα
703 284 840 318 οἰκοῦντες
857 285 963 312 ἐκάλουι

1022 293 1086 313 vero
1110 285 1137 312 in
1159 284 1267 312 vincula
1289 283 1415 318 conjecit,
1433 286 1463 310 ut
1477 283 1503 310 in
1525 277 1603 310 Actis
1617 283 1802 318 apostolorum

184 330 287 357 δίκαιον
301 328 346 357 διὰ
361 328 394 355 τὰ
406 328 456 363 τῆς
468 329 567 363 ἀρετῆς
581 329 811 365 πλεονεκτήματα,
823 330 970 366 ἐρωτηθεὶς

184 376 252 412 πρὸς
271 375 326 401 τὼν
347 374 496 410 ἀρχιερέων
517 375 564 402 καὶ
583 375 749 402 διδασκάλων
762 376 809 402 τοῦ
837 376 970 403 Ἰουδαίων

184 421 287 453 ἔθνους,
301 421 361 446 τίνα
381 421 446 455 περὶ
464 420 511 446 τοῦ
531 421 648 456 Χριστοῦ
669 421 724 456 ἔχοι
743 421 833 454 δόξαν,
852 422 970 449 κᾶπειτα

182 466 418 503 ἀποκρινάμενος.
437 466 477 492 ὁτι
498 467 554 498 υίὸς
571 466 638 493 Θεοῦ
655 467 707 502 εἴη,
724 467 806 499 λίθοις
825 469 872 494 καὶ
889 469 969 501 αὐτὸς

181 513 252 549 πρὸς
273 513 363 540 αὐτῶν
383 513 517 548 βάλλεται.
539 513 594 539 Καὶ
615 513 717 548 Πέτρος
738 513 766 540 δὲ
790 514 836 540 ἐπὶ
861 514 968 550 Ῥώμης

181 559 255 586 κατὰ
273 559 394 594 κεφαλῆς
411 558 583 594 σταυροῦται,
601 559 705 590 Παῦλος
723 568 753 586 τε
775 560 968 596 ἀποτέμνεται,

187 605 318 641 Ἰωάννης
335 614 366 632 τε
388 606 462 640 νήσῳ
479 605 662 642 παραδίδοται.
684 606 737 632 Καὶ
760 606 861 633 τούτων
883 607 968 634 ταῦτα

181 651 334 683 παθόντων,
351 651 437 683 οὐδεὶς
452 651 506 678 τῶν
518 651 619 678 λοιπῶν
631 651 726 687 ἐξέστη
741 653 791 688 τῆς
803 653 966 688 προθέσεως,

178 697 214 724 δι’
229 698 312 732 εὺχῆς
325 698 354 724 δὲ
365 697 499 733 τιθέμενοι
513 698 560 724 καὶ
571 698 647 724 αὐτοὶ
660 698 712 725 τῶν
727 699 791 725 ῖςων
805 701 860 732 τοῖς
874 708 967 734 προει-

183 744 312 779 ρημένοις
328 744 377 780 τῆς
399 745 438 776 εἰς
456 744 487 770 τὺ
510 744 587 771 Θεῖον
609 745 749 776 εὐσεϐείας
765 745 845 771 ἕνεκα
863 746 965 780 τυχεῖν,

182 789 222 816 ἔτι
252 788 352 824 μᾶλλον
377 789 416 824 τῷ
442 789 530 825 Ἰησοῦ
556 790 602 816 καὶ
621 791 675 821 τοῖς
696 790 857 825 παραδόξοις
878 791 966 826 ἔργοις

181 834 264 861 αὐτοῦ
281 834 349 869 μετὰ
371 835 526 870 παρρησίας
546 835 725 870 ἐμαρτύρουν.
746 835 800 861 Καὶ
816 835 869 871 μὴν
888 835 966 872 εἴπερ

181 881 324 916 ψεύσματα
348 879 384 916 ἦν
409 880 480 908 κατὰ
508 881 643 916 συνθήκην
663 881 753 912 αὐτοῖς
776 881 964 917 πεπλασμένα.

182 927 332 963 θαυμάζειν
348 927 433 961 ἄξιον,
448 928 522 960 ὅπως
539 927 649 955 τοσοῦτο
665 928 766 962 πλῆθος
786 928 836 963 τὴν
856 937 965 963 συμφω-

180 973 241 1000 νίαν
256 974 302 1000 ἐπὶ
321 975 377 1006 τοῖς
396 974 536 1009 πλάσμασι
551 975 598 1002 καὶ
618 975 698 1010 μέχρι
713 974 827 1001 θανάτου
842 974 966 1008 διεφύλα-

180 1017 237 1051 ξεν,
258 1019 345 1051 οὐδείς
369 1028 399 1046 τε
423 1019 511 1046 αὐτῶν
543 1019 651 1047 πώποτε
681 1021 715 1047 τὰ
743 1021 884 1055 συμϐάντα
911 1022 966 1052 τοῖς

181 1062 418 1100 προανῃρημένοις
454 1064 571 1099 τρέσας,
608 1065 705 1100 ἐξέστη
741 1066 790 1099 τῆς
828 1065 964 1101 ἑταιρίας,

178 1108 234 1135 οὐδ’
256 1108 423 1144 ἀντεκήρυξε
448 1111 503 1141 τοῖς
527 1109 627 1142 ἄλλοις,
656 1111 696 1140 εἰς
717 1110 774 1145 φῶς
801 1111 910 1145 ἀγαγὼν
931 1111 965 1138 τὰ

179 1154 384 1189 συντεθειμένα.
421 1154 500 1181 Ἀλλὰ
520 1155 567 1181 καὶ
588 1156 602 1182 ὁ
627 1154 715 1187 ζῶντα
740 1156 884 1191 πρώοὖναι
906 1157 965 1183 τολ-

179 1199 270 1234 μήσας
291 1199 382 1231 αὑτὸν,
396 1199 552 1235 αὐτοχειρίᾳ
583 1200 643 1227 καθ’
671 1201 767 1227 ἑαυτοῦ
797 1201 965 1237 παραχρῆμα

176 1243 228 1279 τὴν
241 1244 318 1280 δίκην
339 1245 524 1272 ἐπεσπάσατο.
549 1246 666 1272 Κάκείνο
688 1245 716 1272 δὲ
738 1246 796 1278 πῶς
814 1247 843 1272 οὐ
868 1246 965 1282 μεστὸν

177 1288 346 1324 ἐκπλήξεως,
368 1289 398 1316 τὸ
418 1289 533 1321 πλάνους
554 1290 653 1326 ἄνδρας
674 1291 720 1317 καὶ
749 1291 866 1323 ἰδιώτας,
896 1292 964 1326 μήτε

175 1333 279 1368 λαλεῖν,
298 1335 366 1370 μήτε
399 1335 507 1362 ἀκούειν
536 1335 616 1362 πλέον
651 1337 701 1372 τῆς
732 1337 846 1373 πατρίου
874 1337 965 1372 φωνῆς

176 1380 383 1415 ἐπισταμένους,
422 1381 460 1416 μὴ
498 1381 576 1416 μόνον
614 1382 786 1417 διανοηθῆναι
831 1383 964 1418 τολμῆσαι

177 1425 320 1462 προελθεῖν
348 1426 393 1453 ἐπὶ
415 1427 463 1462 τὴν
488 1427 542 1453 τῶν
567 1427 651 1455 ἐθνῶν
678 1429 803 1455 ἁπάντων
830 1429 962 1464 περίοδον,

176 1469 246 1496 ἀλλὰ
289 1470 336 1497 καὶ
371 1471 550 1507 προελθόντας
591 1473 761 1508 κατορθῶσαι
803 1474 834 1500 τὸ
871 1474 964 1509 ἐπιτή-

174 1515 264 1550 δευμα
277 1523 285 1548 ;
300 1515 402 1551 Σκέψαι
418 1516 446 1543 δὲ
466 1517 556 1543 ὁποῖόν
570 1518 628 1544 ἐστι
645 1518 690 1544 καὶ¹
710 1519 740 1544 τὸ
763 1519 863 1554 μηδένα
880 1518 964 1553 μηδα-

178 1559 232 1595 μοῦ
246 1560 378 1596 διάφωνον
395 1561 546 1596 ἐξενεγκεῖν
563 1564 626 1599 περὶ
642 1563 694 1590 τῶν
707 1564 832 1599 πράξεων
845 1563 890 1590 τοῦ
909 1564 962 1599 Ἰη-

983 955 1003 981 Β

1021 332 1152 367 scriptum
1167 334 1210 358 cst
1228 330 1261 358 “'.
1281 329 1313 356 Et
1329 337 1390 356 cum
1406 329 1433 356 hi
1453 329 1517 356 talia
1532 330 1718 364 pertulissent,
1739 331 1802 358 reli-

1020 378 1066 413 qui
1083 377 1209 412 discipuli
1226 375 1448 403 constantissime
1466 374 1531 402 Jesu
1553 383 1603 403 suo
1619 376 1802 409 adhaerentes,

1019 423 1098 458 longe
1111 422 1192 450 etiam
1205 421 1290 456 magis
1302 428 1383 455 quam
1399 425 1463 448 ante
1476 425 1684 456 perseverarunt
1699 421 1726 448 in
1740 429 1803 456 pro-

1019 469 1119 504 posito,
1137 467 1209 502 apud
1229 467 1372 494 universos
1387 467 1487 502 ubique
1501 471 1529 494 et
1541 467 1617 494 illum
1629 471 1656 498 et
1671 468 1803 495 miracula

1019 515 1092 542 illius
1117 513 1306 549 praedicantes.
1333 513 1431 541 Postea
1455 513 1574 542 Jacobus
1595 513 1679 542 frater
1696 514 1802 541 Domini

1019 560 1065 594 qui
1078 559 1112 586 ab
1123 560 1156 586 iis
1170 559 1216 594 qui
1231 560 1296 586 olim
1312 558 1501 595 Hierosolyma
1515 559 1679 591 incolebant,
1695 560 1730 587 ob
1743 559 1798 586 vir-

1019 605 1084 631 tutis
1095 603 1384 632 exccllentiamJustus
1395 605 1554 637 vocabatur,
1563 611 1578 631 a
1591 604 1764 639 pontificibus
1774 607 1802 632 et

1017 649 1137 677 Judaicaz
1152 650 1240 684 gentis
1253 650 1391 685 magistris
1411 650 1605 686 interrogatus,
1619 651 1750 686 quidnam
1767 651 1801 678 de

1017 695 1080 723 Jesu
1097 696 1220 727 sentiret,
1241 703 1303 722 eum
1318 696 1396 731 plane
1409 695 1484 722 illum
1505 704 1566 724 esse
1582 695 1680 723 Filium
1696 696 1744 723 Dei
1758 705 1802 724 re-

1018 742 1184 777 spondissct,
1207 742 1264 776 ipse
1278 749 1386 776 quoque
1407 741 1542 777 lapidibus
1568 742 1603 769 ab
1628 742 1682 769 illis
1702 743 1802 778 petitur

1018 793 1099 824 atquc
1115 787 1286 816 interficitur.
1308 787 1404 815 Petrus
1428 793 1518 815 autem
1542 787 1634 815 Roma:
1659 789 1748 824 capite
1772 789 1801 817 in

1016 840 1115 862 terram
1136 842 1216 862 verso
1233 834 1308 862 cruci
1324 833 1450 869 adigitur.
1467 833 1552 861 Paulo
1572 842 1636 862 vero
1651 838 1733 870 caput
1752 836 1802 863 ab.

1017 881 1161 912 scinditur,
1181 884 1208 908 et
1223 879 1342 908 Joannes
1362 880 1526 907 inrinsulam
1543 880 1689 915 relegatur.
1713 880 1802 915 Hique

1017 933 1078 953 eum
1091 927 1156 953 talia
1170 927 1243 961 passi
1260 929 1360 958 essent,
1377 925 1468 953 nullus
1483 926 1650 961 reliquorum
1668 926 1702 954 ab
1715 927 1801 954 incut-

1017 976 1063 1006 pto
1077 971 1191 999 destitit.
1207 971 1279 1004 Quin
1304 972 1385 999 etiam
1401 972 1470 998 votis
1485 972 1674 1007 unusquisque
1689 975 1800 1007 expete-

1016 1017 1072 1050 bat,
1090 1017 1199 1052 pietatis
1231 1016 1370 1052 divinique
1389 1017 1480 1044 cultus
1504 1017 1601 1052 gratia,
1618 1017 1669 1044 sibi
1691 1024 1800 1052 quoque

1016 1062 1118 1097 aliquid
1135 1063 1188 1090 tale
1198 1063 1365 1097 contingere.
1375 1061 1434 1095 Quo
1445 1063 1526 1089 etiam
1539 1063 1710 1090 constantius
1718 1059 1800 1098 atque

1016 1109 1156 1136 ardentius
1180 1112 1206 1136 et
1231 1109 1282 1142 ipsi
1298 1108 1373 1141 Jesu,
1391 1112 1418 1135 et
1444 1107 1651 1135 admirabilibus
1675 1108 1799 1143 ejusdem

1016 1154 1098 1189 gestis
1121 1154 1307 1181 testimonium
1331 1154 1488 1181 aﬁ'erebant.
1516 1154 1594 1187 Quod
1612 1155 1634 1181 si
1658 1154 1799 1181 mendacia

1016 1200 1072 1227 haec
1088 1205 1166 1227 erant
1186 1207 1245 1234 qua:
1268 1200 1307 1226 illi
1321 1207 1354 1227 cx
1372 1200 1522 1234 composito
1540 1199 1690 1230 finxissent,
1709 1207 1799 1234 opera:

1015 1247 1131 1281 pretium
1147 1246 1200 1273 erit
1214 1245 1354 1278 admirari,
1368 1253 1487 1280 quonam
1502 1249 1582 1280 pacto
1596 1249 1689 1272 tantus
1704 1253 1800 1272 nume.

1015 1300 1074 1324 rus,
1091 1299 1255 1319 consensum
1270 1292 1345 1318 illum
1365 1291 1435 1318 inter
1448 1299 1477 1318 se
1500 1291 1528 1318 in
1550 1291 1632 1318 rebus
1652 1291 1731 1324 ﬁctis,
1757 1291 1800 1319 vel

1016 1346 1102 1374 usque
1115 1338 1148 1365 ad
1168 1344 1281 1365 mortem
1299 1337 1459 1370 servaverit,
1480 1345 1568 1372 neque
1580 1337 1651 1364 ullus
1666 1345 1797 1372 unquam,

1014 1391 1107 1411 earum
1122 1391 1212 1411 rerum
1226 1383 1372 1410 formidine
1384 1390 1445 1418 quze
1460 1382 1524 1413 illis,
1547 1382 1594 1417 qui
1609 1382 1685 1418 prius
1698 1382 1798 1410 sublati

1014 1434 1091 1457 erant
1105 1429 1279 1461 accidissent,
1294 1436 1309 1455 a
1325 1429 1456 1456 societate
1477 1428 1632 1461 desciverit,
1654 1437 1741 1464 neque
1755 1437 1799 1456 re-

1014 1476 1096 1511 liquis
1113 1476 1221 1511 publice
1233 1475 1440 1508 contradixerit,
1457 1476 1574 1512 prodens
1596 1483 1629 1503 ea
1642 1483 1703 1511 quae
1728 1476 1799 1503 inter

1014 1522 1089 1557 ipsos
1101 1522 1330 1557 composuissent.
1344 1522 1414 1555 Quin
1423 1526 1449 1549 et
1458 1529 1528 1549 unus
1537 1529 1642 1553 eorum,
1652 1522 1697 1556 qui
1706 1522 1797 1548 vivum

1015 1572 1208 1602 przeccplorem
1231 1567 1345 1602 prodere
1361 1575 1445 1595 ausus
1460 1571 1511 1598 est,
1531 1567 1603 1594 illico
1617 1574 1726 1594 manum
1745 1566 1797 1594 sibi

175 1603 226 1630 σοῦ
239 1603 326 1638 λόγον.
339 1605 370 1632 Εἰ
386 1605 442 1642 γὰρ
459 1606 504 1632 ἐπὶ
519 1607 626 1634 πάντων
639 1608 879 1644 ἀμφιγνοουμένων
894 1617 959 1644 πρα-

1014 1614 1062 1650 ipsi
1078 1615 1251 1642 consciscens
1263 1634 1271 1646 ,
1294 1614 1416 1641 debitum
1429 1614 1591 1649 supplicium
1603 1613 1715 1640 invenit.
1728 1612 1797 1640 Illud

174 1650 301 1686 γμάτων,
319 1651 348 1678 ἐν
363 1660 394 1678 τε
410 1654 466 1684 τοῖς
479 1653 550 1679 κατὰ
564 1654 661 1688 νόμους
677 1655 860 1692 δικαστηρίοις
876 1657 922 1683 καὶ
934 1657 963 1683 ὲν

175 1697 238 1728 ταῖς
255 1699 359 1730 κοιναῖς
375 1699 606 1734 άμφισϐητήσεσι,
617 1700 670 1726 τῶν
688 1701 833 1736 μαρτύρων
852 1711 963 1738 συμφω-

175 1742 221 1768 νία
243 1744 322 1778 κυροῖ
336 1743 366 1770 τὸ
386 1745 620 1780 ἁμφιγνοούμενον
654 1747 711 1781 (ἐπὶ
735 1748 865 1783 στόματος
878 1749 900 1775 δ’
917 1747 962 1776 οὖν

173 1787 222 1814 δύο
236 1788 283 1814 καὶ
293 1789 375 1823 τριῶν
391 1791 535 1827 μαρτύρων
548 1792 702 1819 συνίσταται
718 1794 770 1820 πᾶν
788 1795 891 1830 ῥῆμα),
904 1796 963 1827 πῶς

175 1834 228 1861 οὐκ
249 1834 282 1861 ἂν
298 1835 315 1870 ἡ
337 1835 450 1871 ἀλήθεια
473 1838 518 1864 καὶ
541 1838 587 1864 ἐπὶ
610 1839 692 1865 τῶνδε
716 1841 838 1876 συσταίη,
860 1841 963 1868 δώδεκα

177 1878 228 1914 μὲν
255 1879 340 1906 ὅντων
368 1881 532 1914 ἀποστόλων,
557 1883 740 1920 ἑϐδομήκοντα
762 1885 790 1911 δὲ
822 1886 960 1921 μαθητῶν,

177 1926 276 1962 μυρίον
289 1936 318 1954 τε
333 1927 564 1963 πλήθουςπούτων
577 1931 664 1962 ἐκτὸς,
679 1931 787 1958 πάντων
804 1932 961 1969 θαυμαστὴν

175 1974 336 2008 συμςοωνίαν
358 1974 592 2011 ἑπιδεδειγμένων,
615 1978 662 2004 καί
682 1979 915 2014 μαρτυρησάντων
930 1988 961 2014 γε

172 2019 233 2050 τοῖς
257 2018 309 2045 ὑπὸ
332 2019 378 2046 τοῦ
402 2020 488 2055 Ἰησοῦ
512 2022 726 2057 πεπραγμένοις,
751 2024 801 2049 οὐκ
824 2024 959 2059 ἀνιδρωτὶ,

173 2062 219 2090 διὰ
239 2063 267 2090 ﬁt
281 2064 404 2099 βασάνων
418 2065 566 2101 ὑπομονῆς,
583 2068 629 2093 καὶ
643 2067 733 2103 πάσης
747 2068 838 2100 αἰκίας
853 2070 899 2095 καὶ
915 2069 962 2096 θα-

173 2110 266 2140 νάτου.
281 2111 328 2138 καὶ
341 2112 387 2138 ἐπὶ
406 2112 488 2138 πᾶσιν
501 2110 552 2139 ὑπὸ
566 2113 612 2140 τοῦ
629 2113 695 2140 Θεοῦ
717 2114 959 2150 μαρτυρηθέντωνς

176 2157 226 2189 ⁸ος
242 2156 287 2183 τὸν
304 2157 350 2184 ὑπ’
364 2157 445 2184 αὑτοῦ
463 2159 682 2193 καταΠελθὲντα
693 2160 769 2195 λόγον
785 2161 825 2187 ἐτι
841 2162 887 2187 καὶ
900 2161 958 2194 νῦν,

173 2203 222 2230 καὶ
239 2204 279 2234 εἰς
291 2203 351 2230 ὅλον
364 2204 410 2231 τὸν
429 2205 513 2232 αἰῶνα
527 2205 665 2240 κρατύνει.
682 2206 773 2233 Ταῦτα
788 2207 837 2242 μὲν
853 2205 899 2234 οὖν
912 2209 960 2243 ἀρ-

173 2248 225 2283 χῆς
238 2249 338 2276 ἀτόπου
355 2250 425 2277 κατὰ
448 2250 619 2286 συγχώρησιν
632 2251 752 2286 δοθείσης
767 2252 957 2288 γεγυμνάσθω.

174 2292 212 2321 Τὸ
225 2294 280 2330 γὰρ
294 2297 351 2327 τοῖς
363 2297 510 2330 ἐγγράφοις
522 2297 649 2323 τάναντία
670 2297 822 2330 ὑπολαϐεῖν,
840 2299 888 2325 καὶ
905 2299 958 2333 φά·
975 2288 997 2315 D

173 2348 219 2367 ναι
235 2340 283 2368 τὸν
305 2342 408 2377 Ἰησοῦν
424 2342 582 2370 διδάσκαλον
600 2344 739 2378 γεγονέναι
758 2346 795 2381 μὴ
812 2347 958 2382 σωφρόνων

173 2386 269 2421 λόγων,
285 2387 393 2420 ἀδικίας
408 2388 435 2414 δὲ
457 2389 502 2415 καὶ
517 2389 670 2423 πλεονεξίας
688 2390 733 2417 καὶ
756 2392 845 2426 πάσης
861 2393 959 2418 ἀκολα-

175 2430 245 2464 σίας.
259 2432 323 2464 τούς
338 2432 503 2468 τεςμαθητὰς
519 2434 602 2469 αὐτῷ,
615 2435 726 2462 τοιαῦτα
738 2436 957 2471 δεδιδαγμένους,

173 2478 360 2514 ηνπρέκτας
381 2481 520 2514 γεγονέναι
545 2481 591 2507 καὶ
611 2482 804 2518 παμπονήρους
824 2482 878 2509 τῶν
902 2483 959 2509 πώ-

175 2530 240 2550 ποτε
261 2523 425 2559 ἀνθρώπων,
448 2525 508 2551 καθ’
530 2526 656 2553 ὑπόθεσιν
672 2528 738 2562 ἡμῖν
761 2529 956 2563 συνεχωρεῖτο·

172 2567 242 2604 ὅπερ
251 2566 287 2604 ἧν
306 2569 407 2597 παντὸς
422 2571 593 2598 ἀτοπώτατον
610 2572 700 2607 ὅμοιον
718 2572 755 2604 ὡς
777 2574 801 2599 εἰ
817 2574 872 2605 καὶ,
902 2573 960 2600 Μω-

173 2613 243 2646 σέως
262 2615 293 2641 ἐν
307 2616 365 2646 τοῖς
377 2615 469 2650 νόμοις
485 2617 618 2650 λέγοντος,
638 2618 674 2644 Οὐ
692 2617 840 2653 φονεύσεις,
854 2620 884 2646 οὐ
901 2628 959 2654 μοι-

172 2659 291 2696 χεύσεις,
308 2661 340 2688 οὐ
356 2661 476 2696 κλέψεις,
494 2663 524 2689 οὺ
539 2663 814 2700 ψευδομαρτυρήσεις,
827 2673 959 2700 συκοφαν-

172 2705 225 2732 τῶν
240 2706 323 2733 αὐτὸν
345 2706 466 2734 διέϐαλλέ
482 2717 533 2740 τις,
551 2708 637 2742 λέγων
659 2710 784 2745 εἰρωνεία
803 2710 890 2738 ταῦτα
907 2711 958 2745 φά-

172 2759 216 2778 ναι
231 2752 279 2779 καὶ
295 2753 488 2789 προσποιήσει.
511 2754 656 2780 Βούλεσθαι
679 2755 728 2790 μὲν
743 2755 797 2791 γὰρ
812 2757 874 2788 τοὺς
892 2757 958 2792 ὑπη-

172 2796 262 2830 κόους,
286 2797 336 2825 καὶ
358 2799 490 2834 φονεύειν,
518 2801 564 2826 καί
590 2800 734 2836 μοιχεύειν,
762 2801 807 2827 καὶ
830 2802 960 2829 τάναντία

174 2843 302 2879 πράττειν
319 2841 525 2880 οἷςνομοθετεῖ,
547 2846 754 2881 προσποιεῖσθαι
774 2846 803 2872 δὲ
827 2848 959 2882 σχηματί-

174 2889 276 2922 ζεσθαι.
293 2891 341 2918 καὶ
356 2891 601 2927 καθυποκρίνεσοαι
614 2893 657 2919 τον
676 2892 771 2927 σεμνὸν
787 2892 851 2927 βίον.
868 2893 961 2930 Ταύτῃ

208 2947 231 2962 ⁸⁷
248 2947 308 2976 Act.
327 2955 378 2978 χιι,
393 2947 453 2975 2-4.

1016 1660 1094 1695 117
1109 1667 1190 1695 porro
1201 1660 1248 1695 qui
1265 1659 1323 1686 ﬁeri
1336 1663 1436 1695 potest,
1452 1665 1481 1687 ut
1502 1667 1556 1687 non
1572 1664 1679 1686 omnem
1699 1659 1798 1686 habeat

1014 1709 1168 1740 stuporem,
1190 1705 1314 1732 homines
1334 1705 1494 1732 seductores
1519 1708 1600 1739 atque
1627 1704 1796 1735 illitteratos,

1012 1750 1059 1785 qui
1076 1758 1164 1784 neque
1186 1750 1261 1784 loqui
1285 1756 1373 1783 neque
1393 1747 1488 1775 audire
1517 1747 1682 1782 quidquam,
1699 1749 1798 1781 preter

1013 1804 1095 1822 unam
1111 1795 1226 1831 patriam
1247 1795 1366 1829 linguam
1380 1793 1599 1825 consuevissent,
1624 1800 1680 1819 non
1707 1792 1795 1820 solum

1012 1842 1181 1876 excogitasse
1205 1841 1345 1868 audaciam
1371 1839 1532 1875 peragrandi
1556 1839 1649 1866 orbem
1673 1838 1794 1865 omnium

1012 1888 1163 1919 nationum,
1180 1887 1226 1914 sed
1241 1894 1303 1914 cum
1320 1885 1524 1921 peragraverint
1535 1904 1543 1917 ,
1559 1883 1708 1920 perfecisse
1723 1883 1798 1918 quod.

1012 1933 1218 1969 cogitaverant?
1237 1933 1429 1968 Contemplare
1456 1935 1586 1966 prxeterea
1617 1933 1748 1965 quantum
1769 1932 1798 1957 et

1011 1978 1165 2014 cuiusmodi
1181 1979 1226 2009 sit,
1242 1977 1303 2005 illos
1323 1977 1357 2004 de
1378 1977 1460 2004 rebus
1477 1976 1560 2010 gestis
1578 1974 1642 2002 Jesu
1654 1994 1661 2006 ,
1690 1975 1797 2002 nullum

1012 2032 1126 2060 usquam
1141 2024 1299 2058 discrepans
1318 2023 1430 2050 verbum
1451 2021 1607 2057 protulisse.
1629 2020 1659 2048 Si
1673 2021 1746 2048 enim
1767 2022 1799 2050 in

1011 2071 1138 2098 omnibus
1154 2070 1236 2097 rebus
1250 2069 1283 2096 de
1297 2068 1396 2104 quibus
1415 2067 1573 2102 ambigitur,
1586 2071 1667 2103 atque
1684 2067 1711 2095 in
1721 2067 1796 2102 judi-

1011 2118 1062 2145 ciis
1089 2125 1149 2152 qua:
1169 2124 1202 2143 ex
1221 2116 1326 2151 legibus
1341 2119 1525 2154 exercentur.
1550 2114 1796 2150 communibusque

1010 2162 1214 2193 controversiis,
1230 2168 1380 2188 consensus
1400 2160 1508 2187 testium
1526 2163 1630 2186 certum
1652 2163 1796 2194 ratumque

1011 2209 1037 2235 id
1047 2207 1126 2236 efficit
1141 2207 1174 2235 de
1190 2206 1244 2242 quo
1260 2207 1406 2241 ambigitur
1420 2207 1459 2240 (in
1475 2213 1523 2233 ore
1540 2205 1613 2232 enim
1625 2206 1741 2233 duorum
1752 2205 1794 2232 vel

1010 2255 1092 2281 trium
1109 2254 1219 2281 testium
1235 2253 1362 2279 consistit
1384 2259 1463 2279 omne
1476 2253 1618 2287 verbum),
1639 2260 1690 2280 cur
1703 2252 1732 2279 in
1751 2252 1795 2279 his

1011 2306 1119 2334 quoque
1142 2299 1243 2326 veritas
1272 2306 1326 2325 non
1355 2297 1587 2325 consistat?rcum
1603 2302 1629 2324 et
1652 2297 1795 2324 duodecim

1013 2344 1127 2380 apostoli
1144 2344 1252 2376 fuerint,
1267 2347 1293 2371 et
1310 2343 1480 2378 septuaginta
1495 2343 1637 2378 discipuli,
1664 2346 1691 2370 et
1714 2343 1796 2369 innu-

1013 2390 1151 2417 morabilis
1169 2393 1246 2417 extra
1262 2390 1334 2417 hunc
1351 2396 1494 2416 numerum
1509 2388 1669 2420 multitudo,
1685 2388 1731 2423 qui
1747 2388 1796 2414 ad-

1012 2435 1162 2462 mirabilem
1180 2435 1207 2462 in
1227 2435 1353 2462 omnibus
1376 2442 1540 2462 consensum
1567 2435 1750 2465 servaverint,
1767 2437 1794 2460 et

1013 2478 1046 2505 de
1059 2479 1137 2506 rebus
1144 2479 1179 2506 ab
1192 2478 1256 2506 Jesu
1265 2480 1348 2514 gestis
1359 2480 1542 2507 testimonium
1568 2480 1708 2512 dederint,
1738 2488 1796 2508 non

1012 2525 1076 2551 illud
1103 2525 1212 2559 quidem
1232 2525 1291 2552 sine
1310 2525 1418 2557 sudore,
1442 2526 1490 2554 sed
1512 2533 1573 2553 cum
1596 2530 1793 2553 tormentorum

1011 2571 1153 2606 omnisque
1171 2571 1277 2605 injuria:
1296 2579 1328 2598 ac
1345 2571 1462 2606 denique
1479 2572 1575 2599 mortis
1601 2573 1792 2607 perpessioue,

1011 2620 1038 2643 et
1049 2625 1118 2652 quos
1133 2622 1269 2652 postremo
1284 2618 1364 2644 etiam
1380 2616 1449 2644 Deus
1467 2618 1586 2646 vicissim
1603 2625 1653 2645 suo
1668 2617 1793 2645 testimo-

1010 2664 1056 2692 nio
1070 2665 1296 2700 comprobaverit,
1313 2665 1359 2700 qui
1375 2665 1486 2693 verbum
1502 2666 1573 2701 quod
1586 2666 1620 2693 ab
1635 2665 1688 2692 illis
1701 2666 1794 2700 prodi-

1011 2715 1068 2737 tum
1091 2710 1282 2745 vulgatumque
1297 2715 1352 2741 est.
1377 2711 1410 2737 ad
1427 2710 1499 2737 hunc
1521 2719 1606 2745 usque
1619 2711 1701 2743 diem,
1719 2715 1746 2738 et
1764 2711 1793 2738 in

1009 2763 1089 2784 omne
1110 2763 1196 2783 aevum
1213 2757 1352 2783 continuat
1372 2760 1454 2791 atque
1468 2761 1608 2792 propagat.
1632 2755 1694 2783 Haec
1711 2756 1793 2791 igitur

1012 2803 1080 2829 satis
1102 2809 1134 2829 ex
1149 2803 1325 2830 concessione
1341 2807 1395 2830 tam
1411 2802 1521 2830 absurdi
1542 2803 1688 2838 principii,
1712 2803 1793 2830 nobis

1012 2848 1138 2875 meditata
1155 2848 1218 2875 sint.
1235 2848 1376 2875 Contraria
1390 2849 1461 2875 enim
1479 2848 1512 2875 iis
1529 2856 1589 2882 qum
1612 2848 1713 2883 scripta
1728 2851 1791 2875 sunt

1011 2894 1126 2930 opinari,
1141 2898 1167 2922 ct
1185 2893 1277 2922 Jcsum
1293 2894 1382 2922 dicere
1396 2902 1450 2921 non
1467 2894 1616 2922 honestatis
1630 2897 1677 2922 aut
1691 2893 1797 2921 sobrie-
