2071 3219
262 187 313 215 2H

597 178 737 216 'EL’SEB"
755 189 994 218 Cz'ESARlENSlS
1014 191 1088 219 OPP.
1111 191 1200 219 PARS
1221 191 1252 219 ll.
1268 207 1303 211 —
1315 191 1564 220 APOLOGETICA.

1835 192 1892 219 EH2

259 247 323 274 tatis
340 251 533 281 praeceptorem
551 247 650 280 fuisse,
670 249 718 276 sed
733 249 876 283 injl‘Istitiae
900 254 927 277 et
954 259 1044 286 super-

1101 252 1156 288 γὰρ
1172 252 1219 278 καὶ
1235 251 1284 283 τὰς
1302 252 1356 278 τῶν
1370 252 1434 287 παρ’
1451 251 1562 286 Ἕλλησι
1579 251 1730 285 φιλοσόφων
1747 251 1890 287 ὑποθήκας

258 293 310 320 hia:
327 293 471 328 omnisque
486 293 713 329 intemperantiae.
726 299 753 322 et
766 295 840 323 illius
854 296 1003 331 discipulos
1013 298 1047 325 ab

258 339 304 365 illo
321 339 384 365 talia
401 338 513 367 edoctos
524 359 532 370 .
546 340 620 367 omni
640 341 789 375 cupiditate
813 349 844 368 ac
870 343 973 370 scelere
988 351 1048 370 om-

258 392 308 411 nes
323 385 370 420 qui
387 393 507 420 unquam
532 385 633 413 fuerint
655 386 780 414 homines
798 396 962 422 superasse,
983 397 1046 416 cum

258 431 379 458 omnium
396 440 456 467 qua
473 431 590 459 absurda
606 438 680 463 sunt,
695 434 925 462 absurdissimum
939 436 983 466 sit.
997 443 1047 462 nos

258 479 326 505 illud
343 483 433 506 tamen
445 479 602 513 disputandi
620 481 708 515 gratia
726 481 838 507 concedi
860 489 942 515 posse
956 482 1048 509 existi-

258 524 402 551 mavimus.
420 524 498 557 Quod
520 524 629 559 quidem
643 528 684 552 est
697 525 796 556 simile,
810 530 840 553 ut
856 526 878 553 si
895 526 967 561 quis,
983 534 1046 553 cum

258 569 346 596 Moses
362 570 389 596 in
405 571 462 597 suis
491 571 594 606 legibus
610 571 685 598 dicat
699 581 706 598 :
731 581 741 597 ι
762 571 821 599 Νοη
837 573 946 600 occides
959 594 966 604 ,
991 581 1046 600 non

257 616 451 647 mmcbaheris,
469 624 522 644 non
552 617 705 649 furaberis,
724 625 779 645 non
803 618 902 645 falsum
927 619 1047 646 testimo-

257 661 332 688 nium
348 662 423 689 dices
439 663 481 689 “z
505 673 513 688 ›
536 665 592 690 haec
613 665 640 690 in
659 665 777 699 priorem
801 673 911 692 sensum
936 666 1046 693 trahens

257 712 284 734 et
300 708 482 742 calumnians,
497 710 582 740 dicat.
598 711 673 738 illum
691 719 753 738 cum
769 712 895 739 irrisione
910 719 942 739 ac
962 712 1048 739 simu-

255 753 359 782 latione
386 755 439 783 alia
459 758 631 792 praecepisse.
647 758 719 786 Velle
730 759 803 786 enim
817 766 866 786 eos
877 759 976 794 quibus
994 760 1047 785 im-

254 806 342 836 peret.
357 806 383 829 et
397 803 523 831 occidere
538 809 564 832 et
578 805 721 837 mmchari.
739 810 765 833 et
781 805 815 832 iis
830 806 921 832 omnia
935 809 1048 832 contra-

256 846 297 873 ria
310 847 401 875 facere
416 856 476 883 qua:
489 849 545 884 ipse
561 849 587 876 in
603 850 707 884 legibus
723 851 856 885 posuerit,
873 850 920 877 sed
936 851 1046 878 interim

257 893 359 928 [iugere
375 894 498 922 habitum
520 903 549 922 se
564 901 591 922 et
606 904 750 931 personam
769 897 830 924 vitae
849 898 983 932 gravioris
1004 898 1047 924 in-

1103 298 1239 325 διαϐάλλοι
1254 298 1286 325 ἄν
1303 306 1354 330 τις,
1368 299 1412 325 τόν
1423 307 1452 324 τε
1469 297 1630 333 καρτερικὸν
1648 297 1704 332 βίον
1718 297 1766 324 καὶ
1778 298 1839 329 τοὺς
1851 297 1893 324 λό-

1103 353 1169 379 γους
1181 343 1270 370 αὐτῶν
1286 343 1404 375 πάντων,
1419 343 1530 378 φάσκων
1546 342 1674 373 ἐναντίως
1692 342 1741 377 μὲν
1753 343 1808 373 τοῖς
1821 342 1888 369 ἀνα-

1101 389 1304 424 γεγραμμένοις
1321 388 1502 415 διατεθεῖσθαι
1521 388 1618 418 αὐτοὺς
1641 387 1689 413 καὶ
1707 386 1890 414 ἀναϐεϐιωκέ-

1101 442 1156 465 ναι,
1173 434 1407 469 προσπεποιῆσθαι
1421 434 1449 460 δὲ
1468 433 1528 460 καθ’
1545 433 1697 468 ὑπόκρισιν,
1715 432 1760 458 τὸν
1782 432 1891 466 φιλόσο-

1101 489 1151 514 φον
1170 480 1306 516 μετελθεῖν
1324 480 1390 515 βίον.
1408 479 1500 511 Οὕτως
1515 480 1544 506 δέ
1564 488 1605 511 τις
1622 480 1669 506 καὶ
1683 479 1772 510 πάσας
1795 478 1891 510 ἁπλῶς

1102 529 1188 554 εἰπεῖν
1202 527 1251 558 τὰς
1265 527 1319 552 τῶν
1338 526 1460 553 παλαιῶν
1479 526 1615 553 διαϐάλλοι
1632 526 1665 552 ἂν
1681 525 1811 560 ἱστορίας,
1827 524 1892 551 ἀθε-

1101 574 1155 600 τῶν
1169 574 1218 609 τὴν
1239 575 1268 600 ἐν
1287 574 1382 605 αὑταῖς
1404 573 1543 608 ἀλήθειαν,
1561 573 1608 599 καὶ
1629 573 1668 603 είς
1687 571 1842 597 τούναντίον
1856 570 1891 596 τὰ

1101 620 1254 656 δηλούμενα
1266 619 1495 656 παραδεχόμενος.
1517 618 1585 644 Ἀλλ’
1599 618 1637 649 ὡς
1650 618 1700 644 οὐκ
1713 617 1744 644 ἄν
1755 626 1797 648 τις
1810 617 1891 651 ὀκνή-

1103 674 1158 692 σειε
1171 666 1225 692 τῶν
1244 664 1272 693 εὖ
1288 665 1456 701 φρονούντων
1474 664 1616 700 μαίνεσθαι
1627 664 1673 690 τὸν
1687 663 1806 689 τοιοῦτον
1822 663 1890 689 ἀπο-

1102 712 1247 747 φήνασθαι,
1262 711 1334 738 οὓτω
1348 711 1396 738 καὶ
1412 712 1458 738 ἐπὶ
1475 711 1528 737 τῶν
1544 710 1591 737 τοῦ
1610 710 1738 745 Σωτῆρος
1756 709 1842 743 λόγων
1858 717 1889 735 τε

1101 760 1149 786 καὶ
1176 759 1361 794 μαθημάτων,
1385 758 1412 784 εῐ
1429 767 1470 789 τις
1497 757 1611 793 τάληθὲς
1637 756 1814 792 διαστρέφων,
1839 756 1890 792 τὴν

1102 805 1226 832 ἐναντίαν
1248 802 1288 836 οἷς
1309 804 1431 830 ἐδίδασκε
1449 803 1620 840 περιϐάλλειν
1641 802 1714 837 αὐτῷ
1730 802 1807 834 δόξαν
1827 811 1890 829 πει-

1104 851 1182 886 ρῴτο.
1205 850 1277 885 Πλὴν
1300 849 1358 877 ἀλλ’
1382 850 1459 886 ἐδόθη
1479 851 1526 877 καὶ
1546 850 1625 876 τοῦτο
1643 850 1681 880 ὡς
1701 850 1730 875 ὲν
1750 849 1889 882 ὑποθέσει,

1102 898 1174 928 ὅπως
1191 897 1238 923 καὶ
1255 897 1286 922 ἐκ
1302 896 1469 932 περιουσίας,
1485 897 1531 923 καὶ
1553 897 1582 922 ὲν
1595 896 1687 931 ἀτόπῳ
1704 897 1887 932 συγχωρήσει,

255 938 350 966 dncre.
375 939 509 968 Caeterum
533 941 626 968 eadem
642 943 747 969 ratione
762 941 918 970 Graecorum
935 951 1044 978 quoque

1097 943 1126 969 τὸ
1139 943 1291 970 ἀσύστατον
1305 942 1351 969 τοῦ
1365 942 1398 968 δι’
1413 942 1538 974 ἐναντίας
1554 942 1633 976 λόγου
1649 943 1730 977 φανῇ.

255 986 481 1021 philosophorum
508 992 654 1023 praecepta.
670 993 696 1016 et
709 989 882 1016 tolerantiam
910 990 990 1023 vitae,
1018 990 1153 1025 planeque
1182 996 1277 1016 eorum
1301 991 1422 1016 omnium
1449 989 1551 1023 scripta
1577 988 1765 1023 unusquisque
1788 987 1887 1023 poterit

256 1033 437 1064 calumniari.
457 1038 483 1061 et
507 1034 615 1062 dicere:
635 1035 696 1062 illos
715 1036 825 1070 quidem
860 1036 894 1063 iis
912 1044 972 1070 quae
1004 1037 1181 1071 scripserint,
1202 1035 1341 1063 contraria
1370 1035 1397 1062 in
1422 1035 1514 1062 animo
1539 1035 1678 1067 habuisse,
1707 1034 1886 1061 contrariam-

255 1085 308 1113 que
324 1079 421 1106 rationi
437 1079 518 1106 vitam
539 1081 641 1108 vixisse
654 1101 660 1113 ,
687 1081 834 1109 simulasse
856 1086 946 1108 autem
968 1081 1046 1117 quasi
1067 1081 1118 1107 alia
1133 1081 1226 1107 induta
1243 1088 1370 1116 persona,
1401 1079 1619 1115 philosophicum
1641 1080 1691 1107 sibi
1721 1080 1783 1106 vitrc
1797 1087 1887 1111 genus

254 1127 401 1160 placuisse.
425 1128 506 1163 118
530 1128 575 1155 Sic
591 1133 680 1156 autem
706 1137 802 1156 omnes
828 1137 955 1164 quoque,
973 1134 1003 1156 ut
1027 1129 1054 1156 in
1075 1136 1181 1156 summa
1197 1129 1298 1160 dicam,
1312 1133 1433 1155 veterum
1451 1128 1581 1155 historias
1595 1127 1756 1154 calumniari
1785 1127 1823 1154 sit
1845 1127 1886 1153 fa-

254 1175 317 1207 cile,
332 1179 359 1202 et
373 1176 480 1203 veritati
495 1184 556 1210 quae
572 1176 599 1203 in
618 1177 672 1204 illis
687 1181 730 1204 est
756 1177 899 1205 detrahere
910 1198 917 1209 ,
943 1185 1057 1212 eamque
1077 1177 1179 1204 nullam
1194 1184 1255 1203 esse
1270 1175 1446 1206 contendere,
1464 1181 1491 1202 et
1508 1175 1625 1210 denique
1648 1175 1676 1202 in
1696 1175 1862 1202 contrarium
1876 1193 1886 1205 .

255 1231 425 1258 qnmcunque
452 1228 562 1250 narrata
589 1229 669 1257 sunt,
686 1229 802 1254 vertere.
824 1225 876 1253 Sed
899 1225 1127 1261 quemadmodum
1152 1225 1244 1251 nullus
1271 1225 1369 1251 mentis
1391 1230 1503 1258 compos
1521 1231 1594 1255 eum,
1628 1223 1675 1259 qui
1701 1223 1765 1249 talia
1790 1222 1884 1252 dieat,

255 1270 383 1296 insanum
407 1275 488 1304 atque
509 1274 644 1298 amentem
670 1271 804 1299 ailirmarc
832 1277 975 1304 vereatur,
1004 1273 1041 1299 ita
1061 1274 1140 1300 etiam
1156 1272 1183 1298 in
1200 1270 1349 1298 Salvatoris
1363 1272 1449 1298 nostri
1479 1271 1651 1298 sermonibus
1672 1275 1753 1305 atque
1781 1277 1884 1304 praece-

258 1317 322 1352 ptis,
339 1318 362 1345 si
374 1318 436 1353 quis
450 1319 591 1346 veritatem
609 1323 792 1354 contorquens
810 1325 891 1355 atque
905 1325 1062 1355 pervertens
1074 1341 1080 1350 .
1101 1320 1267 1348 contrariam
1287 1320 1321 1347 iis
1337 1327 1398 1355 qum
1413 1319 1505 1347 docuit
1520 1319 1564 1346 ille
1580 1319 1743 1346 sententiam
1770 1321 1887 1345 conetur

255 1364 406 1400 imponere,
422 1364 486 1392 huic
500 1373 608 1400 quoque
634 1373 649 1392 a
679 1367 775 1398 nobis,
801 1366 828 1393 id
851 1367 923 1401 quod
942 1366 1038 1394 falsum
1058 1371 1111 1399 est,
1127 1366 1296 1393 illustrandae
1312 1366 1434 1393 veritatis
1465 1366 1561 1400 gratia,
1579 1372 1609 1392 ut
1633 1366 1660 1392 in
1691 1363 1885 1399 disputationi-

255 1413 308 1440 bus
322 1412 379 1439 ﬁeri
396 1413 473 1444 solet,
490 1421 651 1442 concessum
665 1419 723 1442 esto
738 1424 747 1446 ;
767 1418 796 1442 ut
826 1423 887 1443 cum
905 1415 1060 1442 dederimus
1080 1415 1106 1442 id
1118 1415 1190 1450 quod
1210 1415 1284 1442 dictu
1310 1415 1459 1443 absurdum
1474 1419 1526 1447 cst,
1540 1414 1682 1442 contraria:
1698 1414 1812 1441 rationis
1839 1413 1884 1440 in-

255 1460 411 1488 constantia
423 1466 560 1488 cernatur.

291 1505 360 1532 Cum
374 1513 439 1540 ergo
452 1514 515 1534 eum
532 1507 578 1542 qui
593 1507 633 1534 sic
653 1507 833 1535 calumnietur
852 1508 918 1536 satis
936 1507 1043 1535 abunde

1108 1510 1110 1512 ‘
1137 1505 1331 1540 Ἐληλεγμένου
1354 1504 1421 1539 δῆτα
1446 1503 1550 1537 τούτου,
1575 1504 1656 1540 φέρε,
1683 1504 1885 1540 ἀναδραμόντες

256 1551 521 1586 reprehenderinius,
534 1557 642 1588 tempus
657 1554 713 1588 jam
737 1559 790 1585 est,
809 1559 837 1581 ut
853 1555 885 1581 ad
902 1562 1043 1582 sacrorum

1097 1552 1142 1578 ἐπὶ
1161 1551 1209 1586 τὴν
1227 1551 1280 1577 τῶν
1305 1551 1384 1585 ἱερῶν
1405 1550 1521 1586 Γραφῶν
1537 1551 1674 1586 ἀλήθειαν,
1691 1551 1721 1577 τὸ
1741 1550 1806 1586 ἦθος
1829 1552 1885 1579 τῶν

257 1597 388 1625 librorum
405 1599 546 1626 veritatem
564 1607 752 1631 recurramus,
761 1605 788 1627 et
809 1601 836 1628 in
854 1602 908 1628 illis
921 1601 1042 1636 discipu-

256 1645 345 1672 lorum
362 1643 427 1672 Iesu
442 1653 533 1672 mores
547 1647 772 1681 contemplemur.
790 1646 856 1680 Qn's
873 1647 955 1682 igitur
967 1655 1044 1674 nien-

255 1691 292 1718 tis
309 1691 425 1719 sanitate
451 1692 597 1726 praeditus,
625 1701 678 1720 non
696 1693 730 1720 ab
756 1693 810 1720 illis
826 1694 892 1728 ipsis
918 1695 1043 1728 protinus

255 1742 459 1772 argumentaris,
474 1739 546 1765 omni
557 1739 608 1766 ﬁde
617 1739 715 1775 dignos
729 1740 790 1767 illos
807 1740 989 1774 judicuvcrit?
1004 1741 1044 1767 vi-

255 1790 302 1810 ros
325 1784 427 1818 absque
451 1785 637 1812 controversia
661 1785 810 1820 ignobiles,
839 1785 1043 1820 litterarumque

256 1829 366 1864 ignaros
382 1830 563 1865 loquendique
578 1832 728 1866 imperitos,
741 1836 768 1859 at
779 1831 806 1858 in
823 1836 923 1859 sancta
938 1839 969 1859 ac
981 1832 1043 1867 phi—

255 1875 403 1910 losophica:
425 1876 556 1903 doctrina:
583 1884 704 1904 amorem
728 1884 902 1911 progressos.
929 1881 955 1904 et
974 1883 1044 1905 stre-

255 1929 338 1949 nuam
365 1920 583 1955 laboriosamque
602 1923 683 1948 vitam
701 1923 856 1958 amplexos.
883 1931 964 1958 quam
986 1924 1044 1958 qui-

256 1968 317 1994 dem
335 1968 434 1997 inedia,
447 1971 473 1994 et
487 1968 651 1995 abstinentia
667 1973 723 1995 tum
738 1976 753 1995 a
770 1969 844 2000 vino,
862 1973 918 1996 tum
939 1977 953 1995 a
981 1977 1042 1996 ear-

256 2013 354 2042 nibns.
378 2013 510 2047 plurimos
528 2013 590 2040 item
607 2013 667 2040 aliis
684 2014 876 2042 aﬂlictionibus
901 2015 1042 2049 corporis,

256 2062 338 2092 atque
357 2057 525 2085 orationibus
557 2058 854 2094 supplicationibusque
882 2059 916 2087 ad
937 2061 1041 2091 Deum.

257 2111 289 2130 ac
315 2104 400 2130 multo
420 2104 510 2138 prius,
531 2094 638 2131 summa
665 2107 841 2139 temperantia
872 2111 898 2134 et
917 2107 1044 2134 castitate

255 2151 396 2184 corporis,
422 2150 524 2184 pariter
540 2154 622 2185 atque
646 2151 743 2178 animae
767 2153 937 2180 correxerint
961 2158 1043 2188 atque

255 2197 436 2232 perfecerint?
450 2197 512 2231 quis
531 2204 586 2223 non
614 2197 696 2232 igitur
716 2197 824 2225 illorum
845 2198 1042 2234 philosophiam

1097 1597 1144 1623 τοῦ
1165 1597 1252 1632 Ἰησοῦ
1276 1596 1403 1631 μαθητῶν
1428 1596 1598 1632 θεασώμεθα.
1622 1597 1738 1624 Λὺτόθεν
1765 1598 1813 1633 μὲν
1837 1596 1885 1626 οὖν

1097 1643 1130 1670 ἄν
1148 1652 1190 1674 τις
1212 1641 1241 1669 εὖ
1264 1642 1370 1678 φρονῶν
1392 1642 1450 1674 πῶς
1471 1643 1501 1668 οὐ
1518 1643 1608 1677 πάσης
1632 1643 1766 1678 ἀποδοχῆς
1785 1644 1884 1675 αὐτοὺς

1097 1689 1188 1722 ἀξίους
1212 1690 1342 1725 κρίνειεν;
1364 1689 1478 1724 Ἀνδρας
1500 1689 1549 1724 μὲν
1566 1689 1682 1720 εὐτελεῖς
1703 1690 1886 1726 ὁμολογουμέ-

1097 1745 1160 1769 νως,
1175 1736 1280 1762 καὶτὸν
1298 1736 1375 1769 λόγον
1393 1735 1508 1767 ἰδιώτας,
1522 1735 1649 1766 εὐσεϐοῦς
1665 1735 1693 1761 δὲ
1710 1736 1756 1762 καὶ
1776 1736 1884 1770 φιλοσό-

1097 1791 1147 1817 φου
1162 1781 1333 1813 διδασκαλίας
1350 1783 1388 1813 εἰς
1409 1781 1496 1817 ἔρωτα
1511 1781 1726 1816 συμϐεϐηκότας,
1742 1782 1788 1808 καὶ
1805 1782 1885 1818 στέρ-

1098 1829 1194 1862 ξαντας
1210 1829 1265 1865 βίον
1280 1828 1443 1864 καρτερικὸν
1457 1827 1504 1854 καὶ
1520 1828 1658 1858 ἐπίπονον,
1679 1828 1722 1854 διὰ
1739 1828 1882 1863 νηστειῶν,

1096 1875 1168 1902 οἴνου
1183 1885 1212 1901 τε
1226 1876 1272 1902 καὶ
1289 1875 1376 1910 κρεῶν
1393 1874 1510 1908 ἀποχῆς,
1530 1875 1576 1901 καὶ
1593 1874 1721 1908 πλείστης
1741 1874 1823 1910 ἄλλης
1837 1883 1885 1901 τα-

1097 1920 1251 1952 πεινώσεως
1262 1920 1307 1946 τοῦ
1324 1919 1458 1955 σώματος,
1476 1920 1520 1946 διά
1535 1928 1564 1946 τε
1577 1920 1664 1954 εὐχῶν
1677 1920 1723 1946 καὶ
1739 1920 1884 1955 ἱκετηριῶν

1095 1967 1150 1993 τῶν
1161 1967 1229 2000 πρὸς
1244 1967 1288 1992 τὸν
1301 1966 1379 1998 Θεὸν,
1396 1965 1442 1992 καὶ
1453 1965 1519 1991 πολὺ
1535 1965 1667 2001 πρότερον
1681 1965 1714 1992 δι’
1729 1966 1816 2001 ἄκρας
1835 1973 1886 1992 σω-

1096 2012 1230 2047 φροσύνης
1241 2012 1287 2039 καὶ
1303 2012 1413 2046 ἁγνείας
1430 2011 1553 2046 σώματος
1572 2012 1639 2046 ὁμοῦ
1655 2012 1701 2038 καὶ
1715 2011 1803 2047 ψυχῆς
1820 2020 1884 2038 κατ-

1096 2058 1269 2094 ορθούμενον.
1288 2058 1336 2088 Τίς
1349 2057 1371 2084 δ’
1385 2054 1430 2084 οὖν
1442 2058 1491 2083 οὐκ
1507 2057 1539 2084 ἂν
1551 2058 1646 2089 αὐτοὺς
1675 2056 1832 2092 θαυμάσειε,
1847 2058 1883 2084 δι’

1097 2103 1247 2139 ὑπερϐολὴν
1261 2103 1419 2137 φιλοσοφίας
1433 2103 1480 2129 καὶ
1491 2104 1550 2134 ταῖς
1562 2103 1631 2130 κατὰ
1646 2103 1728 2138 νόμον
1745 2111 1884 2138 συγκεχω-

1098 2147 1229 2182 ρημέναις
1252 2149 1385 2182 γαμεταῖς
1408 2148 1654 2183 ἀποτεταγμένους,
1677 2148 1723 2175 καὶ
1746 2149 1808 2185 μήθ’
1830 2150 1884 2176 ὑπὸ

1096 2193 1145 2228 τῆς
1169 2192 1286 2227 φυσικῆς
1303 2193 1399 2228 ἡδονῆς
1423 2193 1665 2226 καθελκυσθέντας,
1688 2195 1755 2230 μήτε
1779 2195 1883 2227 παίδων

255 2251 338 2278 supra
363 2244 474 2270 modum
499 2243 659 2276 admiretur,
676 2245 720 2279 qui
735 2249 762 2272 et
779 2253 793 2271 a
810 2245 937 2280 legitimis
955 2247 1044 2273 uxori-

1097 2238 1142 2264 καὶ
1157 2238 1275 2272 ἐγγόνων
1290 2238 1422 2273 ἐπιθυμίᾳ
1437 2238 1635 2272 δουλωθέντας;
1660 2241 1722 2266 ἐπεὶ
1741 2240 1806 2276 μηδὲ
1820 2241 1882 2276 θνη-

255 2289 308 2316 bus
323 2297 352 2316 se
367 2289 539 2320 abduxerim,
558 2297 645 2324 neque
665 2297 679 2316 a
696 2291 834 2325 voluptate
851 2291 946 2318 saltem
963 2295 1042 2320 natu-

254 2337 304 2363 rali
319 2335 423 2363 deliniti
433 2337 498 2366 sint,
507 2344 593 2370 neque
603 2337 718 2363 ﬁliorum
730 2345 761 2364 ac
771 2338 1043 2372 nepotum'desiderio

254 2383 334 2410 fracti
349 2387 376 2410 et
394 2383 519 2410 subacti?
534 2383 607 2418 quod
629 2383 736 2418 quidem
759 2385 813 2411 illis
839 2385 898 2412 ideo
914 2385 1042 2420 contigit,

254 2429 325 2463 quod
344 2437 398 2456 non
414 2430 543 2458 mortales
566 2435 698 2464 nepotes,
721 2431 769 2458 sed
794 2431 961 2458 immortales
990 2432 1042 2458 sibi

253 2472 442 2506 expetiveriut.
463 2472 552 2500 Mores
577 2477 666 2499 autem
691 2473 849 2500 eorumdem
865 2480 879 2499 a
896 2474 1043 2507 cupiditate

254 2520 344 2546 omnis
358 2520 467 2554 generis
480 2519 601 2554 pecuniae
617 2519 720 2546 alienos
731 2539 739 2548 .
760 2520 821 2554 quis
839 2526 894 2546 non
913 2520 1043 2554 obstupe-

254 2561 330 2587 scat?
343 2562 389 2595 qui
402 2562 454 2588 hoc
470 2569 579 2596 quoque
601 2562 747 2594 coniecerit
766 2570 799 2589 cx
824 2570 872 2592 eo.
899 2562 971 2597 quod
988 2571 1043 2590 non

255 2603 385 2637 fugerint.
405 2603 452 2630 sed
471 2604 556 2630 secuti
577 2605 632 2630 sint
648 2603 854 2637 Przeecptorem,
869 2604 915 2638 qui
937 2604 1010 2639 ipsos
1028 2612 1043 2631 a

255 2648 421 2683 possidendo
429 2656 496 2676 auro
505 2654 586 2684 atque
597 2654 710 2685 argento
721 2650 893 2681 delerruerit,
904 2651 1044 2686 legemque

255 2696 356 2726 merit,
364 2699 394 2721 ut
405 2702 438 2722 ne
446 2702 532 2729 usque
541 2696 573 2722 ad
584 2695 652 2723 duas
661 2696 770 2730 quidem
787 2696 895 2724 tunicas
903 2704 1042 2724 remsuam

254 2745 384 2775 augerent
399 2751 406 2767 :
425 2741 496 2775 quod
512 2741 621 2776 quidem
638 2743 680 2769 vel
697 2741 799 2768 auditui
814 2742 984 2770 intolerabile
997 2743 1042 2769 alii

253 2787 371 2822 cuipiam
400 2787 533 2818 videatur,
550 2787 584 2814 ob
607 2788 766 2822 gravitatem
791 2788 896 2823 imperii
911 2798 917 2816 :
933 2792 961 2816 at
982 2788 1053 2816 illos

253 2835 336 2861 etiam
353 2833 441 2868 rcipsa
454 2834 632 2868 complevisse
647 2834 719 2869 quod
735 2834 837 2861 dictum
854 2839 896 2862 est
917 2838 1040 2861 constat:

254 2887 319 2914 ergo
334 2878 450 2917 quodam
475 2884 596 2915 tempore
622 2888 683 2907 cum
698 2881 808 2915 quidam
831 2881 944 2907 claudus
961 2889 974 2906 τι
993 2880 1042 2907 l‘c-

289 2942 311 2956 "‘
327 2940 408 2967 Exod.
424 2948 478 2971 nl,
495 2939 570 2967 Selii.

1093 2283 1147 2310 τῶν
1163 2283 1292 2318 ἐγγόνων,
1305 2283 1363 2310 ἀλλ’
1377 2284 1518 2310 ἀθανάτων
1532 2285 1700 2320 ὠρέχθησαν.
1720 2286 1756 2312 Τὸ
1776 2286 1804 2312 δὲ
1818 2287 1883 2321 ἀφι-

1093 2330 1262 2366 λοχρήματον
1279 2330 1368 2356 αὐτῶν
1380 2330 1426 2357 τοῦ
1441 2331 1540 2366 τρόπου
1553 2331 1611 2363 πῶς
1624 2332 1672 2359 οὐκ
1683 2333 1716 2360 ἄν
1727 2341 1769 2364 τις
1785 2333 1882 2360 ὲκπλω

1093 2375 1175 2410 γείης
1192 2376 1239 2401 καὶ
1257 2375 1334 2401 τοῦτο
1357 2376 1563 2411 τεκμηράμενος
1580 2378 1612 2402 ἐκ
1631 2376 1676 2403 τοῦ
1703 2377 1739 2412 μὴ
1760 2377 1880 2412 φεύγειν,

1094 2421 1151 2447 ἀλλ’
1169 2421 1342 2448 ἀσπάσασθαι
1369 2421 1540 2454 διδάσκαλον,
1563 2423 1662 2458 χρυσοῦ
1689 2423 1734 2449 καὶ
1759 2424 1880 2459 ἀργύρου

1093 2467 1142 2502 τὴν
1163 2467 1258 2502 κτῆσιν
1282 2467 1497 2502 ἀπαγορεύοντα,
1521 2469 1568 2495 καὶ
1593 2469 1788 2504 νομοθετοῦντα
1811 2469 1879 2505 μηδὲ

1096 2514 1176 2549 μέχρι
1200 2513 1327 2549 δευτέρου
1350 2513 1460 2548 χιτῶνος
1481 2513 1571 2546 αὔξειν
1587 2515 1635 2550 τὴν
1657 2514 1791 2549 ὓπαρξιν”
1810 2516 1880 2551 ὅπερ

1093 2560 1163 2595 τάχα
1178 2569 1219 2591 τις
1234 2560 1352 2591 ἀκούσας
1365 2560 1504 2596 παρῄτητο
1515 2560 1547 2587 ἂν
1561 2561 1591 2587 τὸ
1605 2561 1674 2596 βαρὺ
1688 2562 1734 2588 τοῦ
1751 2562 1881 2597 πράγμα-

1093 2615 1138 2638 τος
1149 2616 1156 2621 ν
1170 2607 1194 2632 οἱ
1212 2606 1241 2632 δὲ
1257 2606 1302 2632 καὶ
1317 2606 1395 2640 ἔργον
1414 2608 1592 2642 πεποιηκότες
1615 2608 1659 2634 τὺν
1679 2608 1756 2642 λόγον
1774 2608 1881 2635 ἀποδεί-

1094 2662 1213 2679 κνυνται.
1227 2653 1291 2687 Αἰτή
1297 2661 1390 2684 σαντος
1403 2653 1466 2686 γοῦν
1477 2663 1541 2680 ποτε
1558 2654 1620 2685 τοὺς
1632 2655 1704 2690 ἀμφὶ
1722 2655 1767 2681 τὸν
1778 2655 1880 2691 Πέτρον

1095 2698 1180 2733 χωλοῦ
1195 2707 1268 2730 τινος
1292 2695 1378 2733 (οὗτος
1386 2698 1408 2724 δ’
1421 2697 1454 2733 ἦν
1465 2699 1519 2725 τῶν
1528 2699 1560 2726 δι’
1573 2699 1689 2734 ἐσχάτην
1704 2701 1820 2736 ἀπορίαν
1830 2701 1879 2732 τὰς

1093 2744 1194 2779 τροφὰς
1211 2745 1437 2780 μεταιτοὺντων),
1453 2745 1503 2772 οὐκ
1521 2745 1589 2780 ἒχων
1609 2746 1623 2771 ὁ
1638 2746 1741 2782 Πέτρος
1757 2748 1771 2774 ὃ
1787 2756 1813 2774 τι
1829 2747 1876 2782 δῷ,

1092 2789 1225 2824 ὡμολόγει
1237 2791 1327 2825 πάσης
1336 2790 1478 2826 ὑπάρξεως
1486 2792 1595 2826 χρυσίου
1605 2792 1651 2818 καὶ¹
1659 2793 1790 2828 ἀργυρίου
1794 2792 1878 2829 λιαθοι⁴

1095 2835 1194 2870 ρεύειν,
1211 2837 1313 2871 φήσας
1329 2846 1338 2861 ι
1350 2836 1492 2871 ’Λργύριον
1508 2837 1554 2864 καὶ
1569 2838 1680 2872 χρυσίον
1697 2839 1746 2873 οὐχ
1761 2838 1876 2874 ὑπάρχει

1095 2890 1148 2915 μοι,
1159 2881 1215 2907 me
1232 2881 1295 2916 ἔχω,
1307 2881 1382 2908 τοῦτό
1393 2891 1431 2908 σοι
1441 2882 1551 2916 δίδωμ’
1568 2884 1596 2909 ἐν
1608 2882 1646 2918 τῷ
1660 2883 1770 2919 ὀνόματι
1791 2882 1876 2918 Ἰησοῦ
