  <div class='ocr_page' id='page_1' title='image "/cluster/home/n/w/nwhite01/storage/ocr_20150623/22/njp.32101077772497/146.png"; bbox 0 0 2071 3219; ppageno 0'>
   <div class='ocr_carea' id='block_1_1' title="bbox 204 210 261 238">
    <p class='ocr_par' dir='ltr' id='par_1_1' title="bbox 204 210 261 238">
     <span class='ocr_line' id='line_1_1' title="bbox 204 210 261 238; baseline 0 0"><span class='ocrx_word' id='word_1_1' title='bbox 204 210 261 238; x_wconf 68' lang='grc' dir='ltr'><strong>ειε</strong></span> 
     </span>
    </p>
   </div>
   <div class='ocr_carea' id='block_1_2' title="bbox 666 209 1398 240">
    <p class='ocr_par' dir='ltr' id='par_1_2' title="bbox 666 209 1398 240">
     <span class='ocr_line' id='line_1_2' title="bbox 666 209 1398 240; baseline 0 -2"><span class='ocrx_word' id='word_1_2' title='bbox 666 209 996 240; x_wconf 78' lang='lat' dir='ltr'><strong>DEMONSTRATIONIS</strong></span> <span class='ocrx_word' id='word_1_3' title='bbox 1016 209 1245 239; x_wconf 71' lang='lat' dir='ltr'><strong>EVANGELICAE</strong></span> <span class='ocrx_word' id='word_1_4' title='bbox 1264 209 1328 237; x_wconf 86' lang='lat' dir='ltr'><strong>LIB.</strong></span> <span class='ocrx_word' id='word_1_5' title='bbox 1345 209 1398 238; x_wconf 86' lang='lat' dir='ltr'><strong>llI..</strong></span> 
     </span>
    </p>
   </div>
   <div class='ocr_carea' id='block_1_3' title="bbox 1778 208 1829 237">
    <p class='ocr_par' dir='ltr' id='par_1_3' title="bbox 1778 208 1829 237">
     <span class='ocr_line' id='line_1_3' title="bbox 1778 208 1829 237; baseline 0.02 -1"><span class='ocrx_word' id='word_1_6' title='bbox 1778 208 1829 237; x_wconf 62' lang='grc' dir='ltr'>Ωιι</span> 
     </span>
    </p>
   </div>
   <div class='ocr_carea' id='block_1_4' title="bbox 203 267 983 308">
    <p class='ocr_par' dir='ltr' id='par_1_4' title="bbox 203 268 983 306">
     <span class='ocr_line' id='line_1_4' title="bbox 203 268 983 306; baseline 0.003 -10"><span class='ocrx_word' id='word_1_7' title='bbox 203 268 324 305; x_wconf 78' lang='grc' dir='ltr'>Χριστοῦ</span> <span class='ocrx_word' id='word_1_8' title='bbox 355 268 459 306; x_wconf 74' lang='grc' dir='ltr'>ἔγειραι</span> <span class='ocrx_word' id='word_1_9' title='bbox 482 269 529 296; x_wconf 75' lang='grc' dir='ltr'>καὶ</span> <span class='ocrx_word' id='word_1_10' title='bbox 554 269 710 305; x_wconf 83' lang='grc' dir='ltr'>περιπάτει.</span> <span class='ocrx_word' id='word_1_11' title='bbox 734 279 744 295; x_wconf 72' lang='grc' dir='ltr'><strong>ι</strong></span> <span class='ocrx_word' id='word_1_12' title='bbox 780 270 934 306; x_wconf 85' lang='grc' dir='ltr'>Σκυθρωπά</span> <span class='ocrx_word' id='word_1_13' title='bbox 964 271 983 298; x_wconf 69' lang='grc' dir='ltr'><strong>δὲ</strong></span> 
     </span>
    </p>
   </div>
   <div class='ocr_carea' id='block_1_5' title="bbox 1033 267 1830 308">
    <p class='ocr_par' dir='ltr' id='par_1_5' title="bbox 1044 267 1830 308">
     <span class='ocr_line' id='line_1_5' title="bbox 1044 267 1830 308; baseline -0.004 -10"><span class='ocrx_word' id='word_1_14' title='bbox 1044 275 1095 302; x_wconf 88' lang='lat' dir='ltr'><strong>tro,</strong></span> <span class='ocrx_word' id='word_1_15' title='bbox 1108 275 1134 298; x_wconf 89' lang='lat' dir='ltr'><strong>et</strong></span> <span class='ocrx_word' id='word_1_16' title='bbox 1150 271 1185 298; x_wconf 82' lang='lat' dir='ltr'><strong>ab</strong></span> <span class='ocrx_word' id='word_1_17' title='bbox 1200 271 1233 298; x_wconf 88' lang='lat' dir='ltr'><strong>iis</strong></span> <span class='ocrx_word' id='word_1_18' title='bbox 1252 270 1297 305; x_wconf 91' lang='lat' dir='ltr'><strong>qui</strong></span> <span class='ocrx_word' id='word_1_19' title='bbox 1313 270 1416 297; x_wconf 84' lang='lat' dir='ltr'><strong>circum</strong></span> <span class='ocrx_word' id='word_1_20' title='bbox 1431 268 1540 296; x_wconf 82' lang='lat' dir='ltr'><strong>Petrum</strong></span> <span class='ocrx_word' id='word_1_21' title='bbox 1555 271 1634 295; x_wconf 83' lang='lat' dir='ltr'><strong>erant</strong></span> <span class='ocrx_word' id='word_1_22' title='bbox 1647 267 1724 308; x_wconf 79' lang='lat' dir='ltr'><strong>aliud</strong></span> <span class='ocrx_word' id='word_1_23' title='bbox 1737 271 1830 302; x_wconf 85' lang='lat' dir='ltr'><strong>postu-</strong></span> 
     </span>
    </p>
   </div>
   <div class='ocr_carea' id='block_1_6' title="bbox 203 315 992 352">
    <p class='ocr_par' dir='ltr' id='par_1_6' title="bbox 203 315 992 352">
     <span class='ocr_line' id='line_1_6' title="bbox 203 315 992 352; baseline 0.003 -10"><span class='ocrx_word' id='word_1_24' title='bbox 203 317 297 348; x_wconf 76' lang='grc' dir='ltr'>αὐτοῖς</span> <span class='ocrx_word' id='word_1_25' title='bbox 312 316 542 352; x_wconf 86' lang='grc' dir='ltr'>προαγγέλλοντος</span> <span class='ocrx_word' id='word_1_26' title='bbox 557 315 605 343; x_wconf 83' lang='grc' dir='ltr'>τοῦ</span> <span class='ocrx_word' id='word_1_27' title='bbox 619 316 793 350; x_wconf 83' lang='grc' dir='ltr'>Διδασκάλου,</span> <span class='ocrx_word' id='word_1_28' title='bbox 815 317 992 352; x_wconf 81' lang='grc' dir='ltr'><strong>προσέχοντες</strong></span> 
     </span>
    </p>
   </div>
   <div class='ocr_carea' id='block_1_7' title="bbox 203 358 992 398">
    <p class='ocr_par' dir='ltr' id='par_1_7' title="bbox 203 358 992 398">
     <span class='ocr_line' id='line_1_7' title="bbox 203 358 992 398; baseline 0.001 -10"><span class='ocrx_word' id='word_1_29' title='bbox 203 361 237 388; x_wconf 78' lang='grc' dir='ltr'><strong>δι’</strong></span> <span class='ocrx_word' id='word_1_30' title='bbox 254 358 292 388; x_wconf 78' lang='grc' dir='ltr'>ὧν</span> <span class='ocrx_word' id='word_1_31' title='bbox 305 362 374 398; x_wconf 78' lang='grc' dir='ltr'>πρὸς</span> <span class='ocrx_word' id='word_1_32' title='bbox 393 362 490 394; x_wconf 80' lang='grc' dir='ltr'>αὐτοὺς</span> <span class='ocrx_word' id='word_1_33' title='bbox 510 361 602 396; x_wconf 73' lang='grc' dir='ltr'>ἔλεγεν</span> <span class='ocrx_word' id='word_1_34' title='bbox 614 371 621 377; x_wconf 93' lang='grc'><strong>·</strong></span> <span class='ocrx_word' id='word_1_35' title='bbox 649 372 658 388; x_wconf 79' lang='grc' dir='ltr'><strong>ι</strong></span> <span class='ocrx_word' id='word_1_36' title='bbox 676 363 721 389; x_wconf 81' lang='grc' dir='ltr'>Ἐν</span> <span class='ocrx_word' id='word_1_37' title='bbox 735 363 775 398; x_wconf 86' lang='grc' dir='ltr'>τῷ</span> <span class='ocrx_word' id='word_1_38' title='bbox 793 363 888 398; x_wconf 87' lang='grc' dir='ltr'>κόσμῳ</span> <span class='ocrx_word' id='word_1_39' title='bbox 904 363 992 397; x_wconf 68' lang='grc' dir='ltr'>θλίψιν</span> 
     </span>
    </p>
   </div>
   <div class='ocr_carea' id='block_1_8' title="bbox 203 407 990 445">
    <p class='ocr_par' dir='ltr' id='par_1_8' title="bbox 203 407 990 445">
     <span class='ocr_line' id='line_1_8' title="bbox 203 407 990 445; baseline 0.001 -11"><span class='ocrx_word' id='word_1_40' title='bbox 203 407 281 443; x_wconf 74' lang='grc' dir='ltr'>ἔχετε</span> <span class='ocrx_word' id='word_1_41' title='bbox 291 417 316 433; x_wconf 70' lang='grc'><strong>’1</strong></span> <span class='ocrx_word' id='word_1_42' title='bbox 329 409 376 435; x_wconf 81' lang='grc' dir='ltr'>καὶ</span> <span class='ocrx_word' id='word_1_43' title='bbox 391 408 489 436; x_wconf 73' lang='grc' dir='ltr'>πάλινο</span> <span class='ocrx_word' id='word_1_44' title='bbox 507 408 660 435; x_wconf 75' lang='grc' dir='ltr'>(κλαύσετε</span> <span class='ocrx_word' id='word_1_45' title='bbox 673 409 720 436; x_wconf 71' lang='grc' dir='ltr'>καὶ</span> <span class='ocrx_word' id='word_1_46' title='bbox 737 409 886 445; x_wconf 77' lang='grc' dir='ltr'><strong>θρηνήσετε</strong></span> <span class='ocrx_word' id='word_1_47' title='bbox 902 410 990 444; x_wconf 70' lang='grc' dir='ltr'>ὑμεῖς,</span> 
     </span>
    </p>
   </div>
   <div class='ocr_carea' id='block_1_9' title="bbox 197 453 992 490">
    <p class='ocr_par' dir='ltr' id='par_1_9' title="bbox 197 453 992 490">
     <span class='ocr_line' id='line_1_9' title="bbox 197 453 992 490; baseline 0.001 -10"><span class='ocrx_word' id='word_1_48' title='bbox 197 454 212 480; x_wconf 84' lang='grc' dir='ltr'><strong>ὸ</strong></span> <span class='ocrx_word' id='word_1_49' title='bbox 229 453 260 480; x_wconf 73' lang='grc' dir='ltr'><strong>δὲ</strong></span> <span class='ocrx_word' id='word_1_50' title='bbox 274 453 376 489; x_wconf 81' lang='grc' dir='ltr'>κόσμος</span> <span class='ocrx_word' id='word_1_51' title='bbox 398 455 558 490; x_wconf 76' lang='grc' dir='ltr'>χαρήσεται,</span> <span class='ocrx_word' id='word_1_52' title='bbox 570 463 579 479; x_wconf 78' lang='grc' dir='ltr'><strong>ι</strong></span> <span class='ocrx_word' id='word_1_53' title='bbox 603 454 661 485; x_wconf 85' lang='grc' dir='ltr'><strong>πῶς</strong></span> <span class='ocrx_word' id='word_1_54' title='bbox 684 454 733 481; x_wconf 85' lang='grc' dir='ltr'>οὐκ</span> <span class='ocrx_word' id='word_1_55' title='bbox 753 455 829 481; x_wconf 73' lang='grc' dir='ltr'>αὐτοὶ</span> <span class='ocrx_word' id='word_1_56' title='bbox 854 455 903 490; x_wconf 84' lang='grc' dir='ltr'>μὲν</span> <span class='ocrx_word' id='word_1_57' title='bbox 917 455 992 490; x_wconf 80' lang='grc' dir='ltr'>δῆλοι</span> 
     </span>
    </p>
   </div>
   <div class='ocr_carea' id='block_1_10' title="bbox 196 500 990 537">
    <p class='ocr_par' dir='ltr' id='par_1_10' title="bbox 196 500 990 537">
     <span class='ocr_line' id='line_1_10' title="bbox 196 500 990 537; baseline 0.001 -11"><span class='ocrx_word' id='word_1_58' title='bbox 196 501 244 527; x_wconf 72' lang='grc' dir='ltr'>τὸν</span> <span class='ocrx_word' id='word_1_59' title='bbox 263 500 374 536; x_wconf 75' lang='grc' dir='ltr'>τρόπον,</span> <span class='ocrx_word' id='word_1_60' title='bbox 386 501 427 527; x_wconf 76' lang='grc' dir='ltr'>ᾶτι</span> <span class='ocrx_word' id='word_1_61' title='bbox 440 500 472 535; x_wconf 83' lang='grc' dir='ltr'><strong>δὴ</strong></span> <span class='ocrx_word' id='word_1_62' title='bbox 488 501 596 537; x_wconf 69' lang='grc' dir='ltr'>στερροι</span> <span class='ocrx_word' id='word_1_63' title='bbox 608 509 680 533; x_wconf 85' lang='grc' dir='ltr'>τινες</span> <span class='ocrx_word' id='word_1_64' title='bbox 693 501 740 527; x_wconf 76' lang='grc' dir='ltr'>καὶ</span> <span class='ocrx_word' id='word_1_65' title='bbox 755 501 845 536; x_wconf 82' lang='grc' dir='ltr'><strong>βαθεῖς</strong></span> <span class='ocrx_word' id='word_1_66' title='bbox 858 501 990 537; x_wconf 83' lang='grc' dir='ltr'><strong>ὑπῆρχον,</strong></span> 
     </span>
    </p>
   </div>
   <div class='ocr_carea' id='block_1_11' title="bbox 199 546 990 582">
    <p class='ocr_par' dir='ltr' id='par_1_11' title="bbox 199 546 990 582">
     <span class='ocr_line' id='line_1_11' title="bbox 199 546 990 582; baseline 0.004 -10"><span class='ocrx_word' id='word_1_67' title='bbox 199 546 238 582; x_wconf 82' lang='grc' dir='ltr'>μὴ</span> <span class='ocrx_word' id='word_1_68' title='bbox 266 546 412 581; x_wconf 83' lang='grc' dir='ltr'>φεύγοντες</span> <span class='ocrx_word' id='word_1_69' title='bbox 434 546 469 573; x_wconf 80' lang='grc' dir='ltr'>τὰ</span> <span class='ocrx_word' id='word_1_70' title='bbox 492 547 544 582; x_wconf 81' lang='grc' dir='ltr'>τῆς</span> <span class='ocrx_word' id='word_1_71' title='bbox 571 547 660 582; x_wconf 82' lang='grc' dir='ltr'>ψυχῆς</span> <span class='ocrx_word' id='word_1_72' title='bbox 689 547 846 582; x_wconf 83' lang='grc' dir='ltr'>γυμνάσια,</span> <span class='ocrx_word' id='word_1_73' title='bbox 868 547 935 582; x_wconf 78' lang='grc' dir='ltr'>μηδὲ</span> <span class='ocrx_word' id='word_1_74' title='bbox 955 547 990 575; x_wconf 76' lang='grc' dir='ltr'>τὰ</span> 
     </span>
    </p>
   </div>
   <div class='ocr_carea' id='block_1_12' title="bbox 196 591 988 628">
    <p class='ocr_par' dir='ltr' id='par_1_12' title="bbox 196 591 988 628">
     <span class='ocr_line' id='line_1_12' title="bbox 196 591 988 628; baseline 0.001 -10"><span class='ocrx_word' id='word_1_75' title='bbox 196 591 268 627; x_wconf 77' lang='grc' dir='ltr'>πρὸς</span> <span class='ocrx_word' id='word_1_76' title='bbox 293 593 389 628; x_wconf 82' lang='grc' dir='ltr'>ἡδονὴν</span> <span class='ocrx_word' id='word_1_77' title='bbox 413 592 638 628; x_wconf 82' lang='grc' dir='ltr'>μεταδιώκοντες;</span> <span class='ocrx_word' id='word_1_78' title='bbox 659 593 706 619; x_wconf 75' lang='grc' dir='ltr'>καὶ</span> <span class='ocrx_word' id='word_1_79' title='bbox 731 593 746 618; x_wconf 89' lang='lat'><strong>6</strong></span> <span class='ocrx_word' id='word_1_80' title='bbox 767 592 924 624; x_wconf 79' lang='grc' dir='ltr'>διδάσκαλος</span> <span class='ocrx_word' id='word_1_81' title='bbox 950 593 988 626; x_wconf 81' lang='grc' dir='ltr'>δὲ,</span> 
     </span>
    </p>
   </div>
   <div class='ocr_carea' id='block_1_13' title="bbox 195 637 990 674">
    <p class='ocr_par' dir='ltr' id='par_1_13' title="bbox 195 637 990 674">
     <span class='ocr_line' id='line_1_13' title="bbox 195 637 990 674; baseline 0.003 -10"><span class='ocrx_word' id='word_1_82' title='bbox 195 637 238 664; x_wconf 75' lang='grc' dir='ltr'>ὅτι</span> <span class='ocrx_word' id='word_1_83' title='bbox 268 638 306 673; x_wconf 82' lang='grc' dir='ltr'>μὴ</span> <span class='ocrx_word' id='word_1_84' title='bbox 329 638 363 665; x_wconf 83' lang='grc' dir='ltr'>δι’</span> <span class='ocrx_word' id='word_1_85' title='bbox 379 638 487 674; x_wconf 83' lang='grc' dir='ltr'><strong>ἀπάτης</strong></span> <span class='ocrx_word' id='word_1_86' title='bbox 515 638 617 673; x_wconf 82' lang='grc' dir='ltr'>θέλγων</span> <span class='ocrx_word' id='word_1_87' title='bbox 646 639 745 671; x_wconf 78' lang='grc' dir='ltr'>αὐτοὺς</span> <span class='ocrx_word' id='word_1_88' title='bbox 772 639 820 666; x_wconf 78' lang='lat' dir='ltr'><strong>xui.</strong></span> <span class='ocrx_word' id='word_1_89' title='bbox 845 638 880 665; x_wconf 78' lang='grc' dir='ltr'><strong>τὰ</strong></span> <span class='ocrx_word' id='word_1_90' title='bbox 902 640 990 667; x_wconf 87' lang='grc' dir='ltr'>οίκεῖα</span> 
     </span>
    </p>
   </div>
   <div class='ocr_carea' id='block_1_14' title="bbox 198 683 991 721">
    <p class='ocr_par' dir='ltr' id='par_1_14' title="bbox 198 683 991 721">
     <span class='ocr_line' id='line_1_14' title="bbox 198 683 991 721; baseline 0.004 -12"><span class='ocrx_word' id='word_1_91' title='bbox 198 683 397 719; x_wconf 76' lang='grc' dir='ltr'><strong>προϊσχόμενος</strong></span> <span class='ocrx_word' id='word_1_92' title='bbox 422 683 596 720; x_wconf 57' lang='grc' dir='ltr'>ἐξῳηιοῦω,</span> <span class='ocrx_word' id='word_1_93' title='bbox 621 685 754 721; x_wconf 77' lang='grc' dir='ltr'>ἐλευθέρῳ</span> <span class='ocrx_word' id='word_1_94' title='bbox 773 686 801 712; x_wconf 77' lang='grc' dir='ltr'><strong>δὲ</strong></span> <span class='ocrx_word' id='word_1_95' title='bbox 826 687 874 713; x_wconf 84' lang='lat' dir='ltr'><strong>xui.</strong></span> <span class='ocrx_word' id='word_1_96' title='bbox 895 686 991 721; x_wconf 84' lang='grc' dir='ltr'>ἀληθεῖ</span> 
     </span>
    </p>
   </div>
   <div class='ocr_carea' id='block_1_15' title="bbox 198 728 990 766">
    <p class='ocr_par' dir='ltr' id='par_1_15' title="bbox 198 728 990 766">
     <span class='ocr_line' id='line_1_15' title="bbox 198 728 990 766; baseline 0.005 -12"><span class='ocrx_word' id='word_1_97' title='bbox 198 728 273 764; x_wconf 76' lang='grc' dir='ltr'>λόγῳ</span> <span class='ocrx_word' id='word_1_98' title='bbox 294 729 328 756; x_wconf 78' lang='grc' dir='ltr'>τὰ</span> <span class='ocrx_word' id='word_1_99' title='bbox 353 729 548 766; x_wconf 71' lang='grc' dir='ltr'>συμϐησόμενα</span> <span class='ocrx_word' id='word_1_100' title='bbox 576 730 720 763; x_wconf 77' lang='grc' dir='ltr'><strong>θεσπίζων,</strong></span> <span class='ocrx_word' id='word_1_101' title='bbox 745 731 794 766; x_wconf 83' lang='grc' dir='ltr'>τὴν</span> <span class='ocrx_word' id='word_1_102' title='bbox 815 732 919 766; x_wconf 78' lang='grc' dir='ltr'>αἵρεσιν</span> <span class='ocrx_word' id='word_1_103' title='bbox 938 731 990 766; x_wconf 77' lang='grc' dir='ltr'>τῆς</span> 
     </span>
    </p>
   </div>
   <div class='ocr_carea' id='block_1_16' title="bbox 198 774 990 810">
    <p class='ocr_par' dir='ltr' id='par_1_16' title="bbox 198 774 990 810">
     <span class='ocr_line' id='line_1_16' title="bbox 198 774 990 810; baseline 0.004 -9"><span class='ocrx_word' id='word_1_104' title='bbox 198 775 261 802; x_wconf 78' lang='grc' dir='ltr'>κατ’</span> <span class='ocrx_word' id='word_1_105' title='bbox 269 774 350 801; x_wconf 79' lang='grc' dir='ltr'>αὐτοῦ</span> <span class='ocrx_word' id='word_1_106' title='bbox 361 775 400 810; x_wconf 85' lang='grc'><strong>(1)</strong></span> <span class='ocrx_word' id='word_1_107' title='bbox 408 775 545 808; x_wconf 84' lang='grc' dir='ltr'>πολιτείας</span> <span class='ocrx_word' id='word_1_108' title='bbox 551 777 591 808; x_wconf 80' lang='grc' dir='ltr'><strong>είς</strong></span> <span class='ocrx_word' id='word_1_109' title='bbox 600 777 698 808; x_wconf 80' lang='grc' dir='ltr'>αὐτοὺς</span> <span class='ocrx_word' id='word_1_110' title='bbox 710 776 842 803; x_wconf 77' lang='grc' dir='ltr'>ἐνετίθετο</span> <span class='ocrx_word' id='word_1_111' title='bbox 853 785 859 809; x_wconf 88' lang='grc'>;</span> <span class='ocrx_word' id='word_1_112' title='bbox 872 777 990 804; x_wconf 77' lang='grc' dir='ltr'>Τοιαῦτα</span> 
     </span>
    </p>
   </div>
   <div class='ocr_carea' id='block_1_17' title="bbox 197 818 989 858">
    <p class='ocr_par' dir='ltr' id='par_1_17' title="bbox 197 818 989 858">
     <span class='ocr_line' id='line_1_17' title="bbox 197 818 989 858; baseline 0.003 -11"><span class='ocrx_word' id='word_1_113' title='bbox 197 820 227 847; x_wconf 81' lang='grc' dir='ltr'><strong>δὲ</strong></span> <span class='ocrx_word' id='word_1_114' title='bbox 243 818 280 856; x_wconf 84' lang='grc' dir='ltr'>ἦν</span> <span class='ocrx_word' id='word_1_115' title='bbox 295 821 342 848; x_wconf 80' lang='lat' dir='ltr'><strong>xui.</strong></span> <span class='ocrx_word' id='word_1_116' title='bbox 354 821 387 848; x_wconf 76' lang='grc' dir='ltr'><strong>τὰ</strong></span> <span class='ocrx_word' id='word_1_117' title='bbox 400 821 527 857; x_wconf 74' lang='grc' dir='ltr'>περὶτῶν</span> <span class='ocrx_word' id='word_1_118' title='bbox 541 822 689 857; x_wconf 78' lang='grc' dir='ltr'><strong>μελλόντων</strong></span> <span class='ocrx_word' id='word_1_119' title='bbox 703 822 746 848; x_wconf 86' lang='grc' dir='ltr'>διὰ</span> <span class='ocrx_word' id='word_1_120' title='bbox 762 822 792 848; x_wconf 76' lang='grc' dir='ltr'><strong>τὸ</strong></span> <span class='ocrx_word' id='word_1_121' title='bbox 805 822 890 858; x_wconf 79' lang='grc' dir='ltr'>ὄνομα</span> <span class='ocrx_word' id='word_1_122' title='bbox 906 823 989 849; x_wconf 78' lang='grc' dir='ltr'>αὑτοῦ</span> 
     </span>
    </p>
   </div>
   <div class='ocr_carea' id='block_1_18' title="bbox 199 865 988 904">
    <p class='ocr_par' dir='ltr' id='par_1_18' title="bbox 199 865 988 904">
     <span class='ocr_line' id='line_1_18' title="bbox 199 865 988 904; baseline 0.004 -12"><span class='ocrx_word' id='word_1_123' title='bbox 199 866 389 902; x_wconf 77' lang='grc' dir='ltr'>συμϐήσεσθαι</span> <span class='ocrx_word' id='word_1_124' title='bbox 410 867 517 899; x_wconf 78' lang='grc' dir='ltr'>αὐτοῖς,</span> <span class='ocrx_word' id='word_1_125' title='bbox 541 868 571 895; x_wconf 83' lang='grc' dir='ltr'>ὲν</span> <span class='ocrx_word' id='word_1_126' title='bbox 591 865 631 899; x_wconf 73' lang='grc' dir='ltr'><strong>οἷς</strong></span> <span class='ocrx_word' id='word_1_127' title='bbox 648 867 788 904; x_wconf 80' lang='grc' dir='ltr'>προλέγων</span> <span class='ocrx_word' id='word_1_128' title='bbox 805 868 988 904; x_wconf 82' lang='grc' dir='ltr'>ἐμαρτύρατο,</span> 
     </span>
    </p>
   </div>
   <div class='ocr_carea' id='block_1_19' title="bbox 198 911 987 947">
    <p class='ocr_par' dir='ltr' id='par_1_19' title="bbox 198 911 987 947">
     <span class='ocr_line' id='line_1_19' title="bbox 198 911 987 947; baseline 0 -9"><span class='ocrx_word' id='word_1_129' title='bbox 198 911 240 938; x_wconf 85' lang='grc' dir='ltr'>ὃτι</span> <span class='ocrx_word' id='word_1_130' title='bbox 257 911 304 938; x_wconf 75' lang='grc' dir='ltr'>καὶ</span> <span class='ocrx_word' id='word_1_131' title='bbox 319 911 366 938; x_wconf 68' lang='grc' dir='ltr'><strong>ἐπὶ</strong></span> <span class='ocrx_word' id='word_1_132' title='bbox 382 912 529 947; x_wconf 82' lang='grc' dir='ltr'>ἡγεμονίας</span> <span class='ocrx_word' id='word_1_133' title='bbox 550 912 725 947; x_wconf 84' lang='grc' dir='ltr'>ἀχθήσονται,</span> <span class='ocrx_word' id='word_1_134' title='bbox 744 913 791 938; x_wconf 72' lang='grc' dir='ltr'>καὶ</span> <span class='ocrx_word' id='word_1_135' title='bbox 810 912 891 947; x_wconf 88' lang='grc' dir='ltr'>μέχρι</span> <span class='ocrx_word' id='word_1_136' title='bbox 909 912 987 946; x_wconf 87' lang='grc' dir='ltr'>βασι-</span> 
     </span>
    </p>
   </div>
   <div class='ocr_carea' id='block_1_20' title="bbox 1042 313 1830 354">
    <p class='ocr_par' dir='ltr' id='par_1_20' title="bbox 1042 313 1830 354">
     <span class='ocr_line' id='line_1_20' title="bbox 1042 313 1830 354; baseline -0.006 -10"><span class='ocrx_word' id='word_1_137' title='bbox 1042 318 1111 346; x_wconf 89' lang='lat' dir='ltr'><strong>laret</strong></span> <span class='ocrx_word' id='word_1_138' title='bbox 1126 318 1180 354; x_wconf 87' lang='lat' dir='ltr'><strong>(hic</strong></span> <span class='ocrx_word' id='word_1_139' title='bbox 1196 325 1277 352; x_wconf 89' lang='lat' dir='ltr'><strong>porro</strong></span> <span class='ocrx_word' id='word_1_140' title='bbox 1293 324 1364 343; x_wconf 89' lang='lat' dir='ltr'><strong>unus</strong></span> <span class='ocrx_word' id='word_1_141' title='bbox 1378 320 1437 343; x_wconf 89' lang='lat' dir='ltr'><strong>erat</strong></span> <span class='ocrx_word' id='word_1_142' title='bbox 1451 323 1556 348; x_wconf 88' lang='lat' dir='ltr'><strong>eorum,</strong></span> <span class='ocrx_word' id='word_1_143' title='bbox 1570 314 1616 350; x_wconf 88' lang='lat' dir='ltr'><strong>qui</strong></span> <span class='ocrx_word' id='word_1_144' title='bbox 1631 313 1667 341; x_wconf 90' lang='lat' dir='ltr'><strong>ob</strong></span> <span class='ocrx_word' id='word_1_145' title='bbox 1681 317 1830 341; x_wconf 77' lang='lat' dir='ltr'><strong>extremam</strong></span> 
     </span>
    </p>
   </div>
   <div class='ocr_carea' id='block_1_21' title="bbox 1041 359 1832 399">
    <p class='ocr_par' dir='ltr' id='par_1_21' title="bbox 1041 359 1832 399">
     <span class='ocr_line' id='line_1_21' title="bbox 1041 359 1832 399; baseline -0.004 -11"><span class='ocrx_word' id='word_1_146' title='bbox 1041 362 1160 399; x_wconf 85' lang='lat' dir='ltr'><strong>inopiam</strong></span> <span class='ocrx_word' id='word_1_147' title='bbox 1183 363 1283 390; x_wconf 82' lang='lat' dir='ltr'><strong>victum</strong></span> <span class='ocrx_word' id='word_1_148' title='bbox 1309 361 1588 396; x_wconf 69' lang='lat' dir='ltr'><strong>mcudicabant)‘non</strong></span> <span class='ocrx_word' id='word_1_149' title='bbox 1613 360 1717 387; x_wconf 88' lang='lat' dir='ltr'><strong>babens</strong></span> <span class='ocrx_word' id='word_1_150' title='bbox 1733 359 1832 386; x_wconf 82' lang='lat' dir='ltr'><strong>Petrus</strong></span> 
     </span>
    </p>
   </div>
   <div class='ocr_carea' id='block_1_22' title="bbox 1041 405 1830 443">
    <p class='ocr_par' dir='ltr' id='par_1_22' title="bbox 1041 405 1830 443">
     <span class='ocr_line' id='line_1_22' title="bbox 1041 405 1830 443; baseline -0.006 -7"><span class='ocrx_word' id='word_1_151' title='bbox 1041 409 1106 443; x_wconf 90' lang='lat' dir='ltr'><strong>quid</strong></span> <span class='ocrx_word' id='word_1_152' title='bbox 1132 409 1228 442; x_wconf 83' lang='lat' dir='ltr'><strong>daret,</strong></span> <span class='ocrx_word' id='word_1_153' title='bbox 1256 408 1400 436; x_wconf 77' lang='lat' dir='ltr'><strong>confessus</strong></span> <span class='ocrx_word' id='word_1_154' title='bbox 1428 411 1493 440; x_wconf 85' lang='lat' dir='ltr'><strong>est,</strong></span> <span class='ocrx_word' id='word_1_155' title='bbox 1520 406 1555 433; x_wconf 88' lang='lat' dir='ltr'><strong>ab</strong></span> <span class='ocrx_word' id='word_1_156' title='bbox 1583 405 1657 433; x_wconf 88' lang='lat' dir='ltr'><strong>omni</strong></span> <span class='ocrx_word' id='word_1_157' title='bbox 1677 412 1830 440; x_wconf 83' lang='lat' dir='ltr'><strong>seposses-</strong></span> 
     </span>
    </p>
   </div>
   <div class='ocr_carea' id='block_1_23' title="bbox 1041 451 1830 490">
    <p class='ocr_par' dir='ltr' id='par_1_23' title="bbox 1041 451 1830 490">
     <span class='ocr_line' id='line_1_23' title="bbox 1041 451 1830 490; baseline -0.006 -8"><span class='ocrx_word' id='word_1_158' title='bbox 1041 455 1118 482; x_wconf 85' lang='lat' dir='ltr'><strong>sione</strong></span> <span class='ocrx_word' id='word_1_159' title='bbox 1141 455 1200 481; x_wconf 84' lang='lat' dir='ltr'><strong>auri</strong></span> <span class='ocrx_word' id='word_1_160' title='bbox 1227 458 1309 490; x_wconf 87' lang='lat' dir='ltr'><strong>atque</strong></span> <span class='ocrx_word' id='word_1_161' title='bbox 1330 453 1435 489; x_wconf 78' lang='lat' dir='ltr'><strong>argenti</strong></span> <span class='ocrx_word' id='word_1_162' title='bbox 1467 451 1629 483; x_wconf 77' lang='lat' dir='ltr'><strong>abhorrere,</strong></span> <span class='ocrx_word' id='word_1_163' title='bbox 1662 451 1705 478; x_wconf 88' lang='lat' dir='ltr'><strong>his</strong></span> <span class='ocrx_word' id='word_1_164' title='bbox 1721 451 1830 486; x_wconf 86' lang='lat' dir='ltr'><strong>quidem</strong></span> 
     </span>
    </p>
   </div>
   <div class='ocr_carea' id='block_1_24' title="bbox 1039 495 1830 534">
    <p class='ocr_par' dir='ltr' id='par_1_24' title="bbox 1039 495 1830 534">
     <span class='ocr_line' id='line_1_24' title="bbox 1039 495 1830 534; baseline -0.006 -7"><span class='ocrx_word' id='word_1_165' title='bbox 1039 499 1154 527; x_wconf 77' lang='lat' dir='ltr'><strong>verbis:</strong></span> <span class='ocrx_word' id='word_1_166' title='bbox 1178 509 1187 525; x_wconf 88' lang='grc'><strong>‹</strong></span> <span class='ocrx_word' id='word_1_167' title='bbox 1217 499 1365 534; x_wconf 79' lang='lat' dir='ltr'><strong>Argentum</strong></span> <span class='ocrx_word' id='word_1_168' title='bbox 1397 501 1424 526; x_wconf 88' lang='lat' dir='ltr'><strong>et</strong></span> <span class='ocrx_word' id='word_1_169' title='bbox 1451 504 1548 524; x_wconf 88' lang='lat' dir='ltr'><strong>aurum</strong></span> <span class='ocrx_word' id='word_1_170' title='bbox 1581 504 1636 523; x_wconf 91' lang='lat' dir='ltr'><strong>non</strong></span> <span class='ocrx_word' id='word_1_171' title='bbox 1666 499 1709 524; x_wconf 87' lang='lat' dir='ltr'><strong>est</strong></span> <span class='ocrx_word' id='word_1_172' title='bbox 1745 495 1830 534; x_wconf 85' lang='lat' dir='ltr'><strong>mihi.</strong></span> 
     </span>
    </p>
   </div>
   <div class='ocr_carea' id='block_1_25' title="bbox 1042 533 1830 580">
    <p class='ocr_par' dir='ltr' id='par_1_25' title="bbox 1042 533 1830 580">
     <span class='ocr_line' id='line_1_25' title="bbox 1042 533 1830 580; baseline -0.005 -8"><span class='ocrx_word' id='word_1_173' title='bbox 1042 545 1122 580; x_wconf 79' lang='lat'><strong>119</strong></span> <span class='ocrx_word' id='word_1_174' title='bbox 1141 544 1214 580; x_wconf 93' lang='lat' dir='ltr'><strong>quod</strong></span> <span class='ocrx_word' id='word_1_175' title='bbox 1238 533 1326 572; x_wconf 80' lang='lat' dir='ltr'><strong>autem</strong></span> <span class='ocrx_word' id='word_1_176' title='bbox 1349 544 1447 577; x_wconf 89' lang='lat' dir='ltr'><strong>habeo,</strong></span> <span class='ocrx_word' id='word_1_177' title='bbox 1467 544 1519 571; x_wconf 84' lang='lat' dir='ltr'><strong>hoc.</strong></span> <span class='ocrx_word' id='word_1_178' title='bbox 1529 543 1577 570; x_wconf 89' lang='lat' dir='ltr'><strong>tibi</strong></span> <span class='ocrx_word' id='word_1_179' title='bbox 1593 543 1645 575; x_wconf 87' lang='lat' dir='ltr'><strong>do;</strong></span> <span class='ocrx_word' id='word_1_180' title='bbox 1671 542 1698 569; x_wconf 93' lang='lat' dir='ltr'><strong>in</strong></span> <span class='ocrx_word' id='word_1_181' title='bbox 1720 533 1830 569; x_wconf 73' lang='lat' dir='ltr'><strong>noinine</strong></span> 
     </span>
    </p>
   </div>
   <div class='ocr_carea' id='block_1_26' title="bbox 1038 587 1830 624">
    <p class='ocr_par' dir='ltr' id='par_1_26' title="bbox 1038 587 1830 624">
     <span class='ocr_line' id='line_1_26' title="bbox 1038 587 1830 624; baseline -0.001 -9"><span class='ocrx_word' id='word_1_182' title='bbox 1038 588 1103 616; x_wconf 80' lang='lat' dir='ltr'><strong>Jesu</strong></span> <span class='ocrx_word' id='word_1_183' title='bbox 1113 588 1213 616; x_wconf 88' lang='lat' dir='ltr'><strong>Christi</strong></span> <span class='ocrx_word' id='word_1_184' title='bbox 1229 596 1310 624; x_wconf 71' lang='lat' dir='ltr'><strong>surge</strong></span> <span class='ocrx_word' id='word_1_185' title='bbox 1325 593 1351 616; x_wconf 90' lang='lat' dir='ltr'><strong>et</strong></span> <span class='ocrx_word' id='word_1_186' title='bbox 1363 588 1470 615; x_wconf 88' lang='lat' dir='ltr'><strong>ambula</strong></span> <span class='ocrx_word' id='word_1_187' title='bbox 1480 589 1513 616; x_wconf 70' lang='grc' dir='ltr'><strong>θ’.</strong></span> <span class='ocrx_word' id='word_1_188' title='bbox 1528 597 1537 613; x_wconf 70' lang='grc' dir='ltr'><strong>ι</strong></span> <span class='ocrx_word' id='word_1_189' title='bbox 1546 588 1614 615; x_wconf 89' lang='lat' dir='ltr'><strong>Cum</strong></span> <span class='ocrx_word' id='word_1_190' title='bbox 1625 595 1690 615; x_wconf 89' lang='lat' dir='ltr'><strong>vero</strong></span> <span class='ocrx_word' id='word_1_191' title='bbox 1700 587 1737 614; x_wconf 86' lang='lat' dir='ltr'><strong>illi</strong></span> <span class='ocrx_word' id='word_1_192' title='bbox 1754 594 1769 613; x_wconf 92' lang='lat' dir='ltr'><strong>a</strong></span> <span class='ocrx_word' id='word_1_193' title='bbox 1780 593 1830 614; x_wconf 85' lang='lat' dir='ltr'><strong>suo</strong></span> 
     </span>
    </p>
   </div>
   <div class='ocr_carea' id='block_1_27' title="bbox 1039 634 1829 671">
    <p class='ocr_par' dir='ltr' id='par_1_27' title="bbox 1039 634 1829 671">
     <span class='ocr_line' id='line_1_27' title="bbox 1039 634 1829 671; baseline 0 -9"><span class='ocrx_word' id='word_1_194' title='bbox 1039 634 1209 671; x_wconf 77' lang='lat' dir='ltr'><strong>Prmceptore</strong></span> <span class='ocrx_word' id='word_1_195' title='bbox 1222 636 1311 663; x_wconf 80' lang='lat' dir='ltr'><strong>tristia</strong></span> <span class='ocrx_word' id='word_1_196' title='bbox 1328 635 1422 663; x_wconf 84' lang='lat' dir='ltr'><strong>auditu</strong></span> <span class='ocrx_word' id='word_1_197' title='bbox 1443 636 1625 670; x_wconf 83' lang='lat' dir='ltr'><strong>perciperent.</strong></span> <span class='ocrx_word' id='word_1_198' title='bbox 1650 635 1672 662; x_wconf 88' lang='lat' dir='ltr'><strong>si</strong></span> <span class='ocrx_word' id='word_1_199' title='bbox 1691 634 1772 662; x_wconf 90' lang='lat' dir='ltr'><strong>modo</strong></span> <span class='ocrx_word' id='word_1_200' title='bbox 1789 638 1829 662; x_wconf 52' lang='lat' dir='ltr'><strong>at»</strong></span> 
     </span>
    </p>
   </div>
   <div class='ocr_carea' id='block_1_28' title="bbox 1039 681 1829 718">
    <p class='ocr_par' dir='ltr' id='par_1_28' title="bbox 1039 681 1829 718">
     <span class='ocr_line' id='line_1_28' title="bbox 1039 681 1829 718; baseline -0.001 -9"><span class='ocrx_word' id='word_1_201' title='bbox 1039 681 1185 709; x_wconf 87' lang='lat' dir='ltr'><strong>tendebant</strong></span> <span class='ocrx_word' id='word_1_202' title='bbox 1197 690 1256 718; x_wconf 76' lang='lat' dir='ltr'><strong>qua:</strong></span> <span class='ocrx_word' id='word_1_203' title='bbox 1271 682 1303 709; x_wconf 86' lang='lat' dir='ltr'><strong>ad</strong></span> <span class='ocrx_word' id='word_1_204' title='bbox 1323 682 1397 718; x_wconf 90' lang='lat' dir='ltr'><strong>ipsos</strong></span> <span class='ocrx_word' id='word_1_205' title='bbox 1411 682 1524 714; x_wconf 85' lang='lat' dir='ltr'><strong>diceret,</strong></span> <span class='ocrx_word' id='word_1_206' title='bbox 1537 681 1580 709; x_wconf 77' lang='lat' dir='ltr'><strong>iln</strong></span> <span class='ocrx_word' id='word_1_207' title='bbox 1591 681 1692 709; x_wconf 86' lang='lat' dir='ltr'><strong>mundo</strong></span> <span class='ocrx_word' id='word_1_208' title='bbox 1705 681 1829 708; x_wconf 74' lang='lat' dir='ltr'><strong>afﬂictio-</strong></span> 
     </span>
    </p>
   </div>
   <div class='ocr_carea' id='block_1_29' title="bbox 1038 726 1829 762">
    <p class='ocr_par' dir='ltr' id='par_1_29' title="bbox 1038 726 1829 762">
     <span class='ocr_line' id='line_1_29' title="bbox 1038 726 1829 762; baseline 0.003 -10"><span class='ocrx_word' id='word_1_209' title='bbox 1038 733 1100 753; x_wconf 87' lang='lat' dir='ltr'><strong>nem</strong></span> <span class='ocrx_word' id='word_1_210' title='bbox 1117 726 1260 755; x_wconf 79' lang='lat' dir='ltr'><strong>habebitis.</strong></span> <span class='ocrx_word' id='word_1_211' title='bbox 1271 737 1280 753; x_wconf 74' lang='grc' dir='ltr'><strong>ι</strong></span> <span class='ocrx_word' id='word_1_212' title='bbox 1292 727 1326 754; x_wconf 84' lang='lat' dir='ltr'><strong>Et</strong></span> <span class='ocrx_word' id='word_1_213' title='bbox 1342 734 1439 754; x_wconf 88' lang='lat' dir='ltr'><strong>rursus</strong></span> <span class='ocrx_word' id='word_1_214' title='bbox 1452 726 1624 762; x_wconf 68' lang='lat' dir='ltr'><strong>:«Lugcbitis</strong></span> <span class='ocrx_word' id='word_1_215' title='bbox 1638 732 1665 754; x_wconf 88' lang='lat' dir='ltr'><strong>et</strong></span> <span class='ocrx_word' id='word_1_216' title='bbox 1684 726 1829 762; x_wconf 84' lang='lat' dir='ltr'><strong>plorabitis</strong></span> 
     </span>
    </p>
   </div>
   <div class='ocr_carea' id='block_1_30' title="bbox 1037 773 1828 808">
    <p class='ocr_par' dir='ltr' id='par_1_30' title="bbox 1037 773 1828 808">
     <span class='ocr_line' id='line_1_30' title="bbox 1037 773 1828 808; baseline 0 -9"><span class='ocrx_word' id='word_1_217' title='bbox 1037 779 1097 805; x_wconf 84' lang='lat' dir='ltr'><strong>vos,</strong></span> <span class='ocrx_word' id='word_1_218' title='bbox 1114 773 1231 801; x_wconf 89' lang='lat' dir='ltr'><strong>mundus</strong></span> <span class='ocrx_word' id='word_1_219' title='bbox 1245 775 1336 801; x_wconf 83' lang='lat' dir='ltr'><strong>autem</strong></span> <span class='ocrx_word' id='word_1_220' title='bbox 1356 773 1484 808; x_wconf 77' lang='lat' dir='ltr'><strong>gaudebit</strong></span> <span class='ocrx_word' id='word_1_221' title='bbox 1501 782 1506 799; x_wconf 90' lang='lat'>:</span> <span class='ocrx_word' id='word_1_222' title='bbox 1523 773 1546 788; x_wconf 79' lang='grc'><strong>⁷⁸</strong></span> <span class='ocrx_word' id='word_1_223' title='bbox 1557 782 1566 798; x_wconf 71' lang='grc' dir='ltr'><strong>ι</strong></span> <span class='ocrx_word' id='word_1_224' title='bbox 1585 781 1676 800; x_wconf 88' lang='lat' dir='ltr'><strong>nonne</strong></span> <span class='ocrx_word' id='word_1_225' title='bbox 1696 773 1729 800; x_wconf 91' lang='lat' dir='ltr'><strong>de</strong></span> <span class='ocrx_word' id='word_1_226' title='bbox 1744 773 1828 801; x_wconf 85' lang='lat' dir='ltr'><strong>animi</strong></span> 
     </span>
    </p>
   </div>
   <div class='ocr_carea' id='block_1_31' title="bbox 1039 819 1872 855">
    <p class='ocr_par' dir='ltr' id='par_1_31' title="bbox 1039 819 1872 855">
     <span class='ocr_line' id='line_1_31' title="bbox 1039 819 1872 855; baseline 0.001 -9"><span class='ocrx_word' id='word_1_227' title='bbox 1039 819 1082 846; x_wconf 87' lang='lat' dir='ltr'><strong>sui</strong></span> <span class='ocrx_word' id='word_1_228' title='bbox 1105 820 1227 847; x_wconf 86' lang='lat' dir='ltr'><strong>moribus</strong></span> <span class='ocrx_word' id='word_1_229' title='bbox 1238 820 1318 854; x_wconf 82' lang='lat' dir='ltr'><strong>plane</strong></span> <span class='ocrx_word' id='word_1_230' title='bbox 1342 820 1520 847; x_wconf 86' lang='lat' dir='ltr'><strong>indicabant?</strong></span> <span class='ocrx_word' id='word_1_231' title='bbox 1533 820 1606 855; x_wconf 85' lang='lat' dir='ltr'><strong>quod</strong></span> <span class='ocrx_word' id='word_1_232' title='bbox 1619 819 1746 848; x_wconf 86' lang='lat' dir='ltr'><strong>videlicet</strong></span> <span class='ocrx_word' id='word_1_233' title='bbox 1761 819 1829 847; x_wconf 76' lang='lat' dir='ltr'><strong>soli-</strong></span> <span class='ocrx_word' id='word_1_234' title='bbox 1867 840 1872 844; x_wconf 91' lang='lat'><strong>.</strong></span> 
     </span>
    </p>
   </div>
   <div class='ocr_carea' id='block_1_32' title="bbox 1038 863 1828 901">
    <p class='ocr_par' dir='ltr' id='par_1_32' title="bbox 1038 863 1828 901">
     <span class='ocr_line' id='line_1_32' title="bbox 1038 863 1828 901; baseline 0.003 -10"><span class='ocrx_word' id='word_1_235' title='bbox 1038 863 1108 892; x_wconf 91' lang='lat' dir='ltr'><strong>diori</strong></span> <span class='ocrx_word' id='word_1_236' title='bbox 1120 865 1236 901; x_wconf 87' lang='lat' dir='ltr'><strong>quadam</strong></span> <span class='ocrx_word' id='word_1_237' title='bbox 1247 866 1391 901; x_wconf 84' lang='lat' dir='ltr'><strong>altiorique</strong></span> <span class='ocrx_word' id='word_1_238' title='bbox 1403 869 1498 893; x_wconf 88' lang='lat' dir='ltr'><strong>natura</strong></span> <span class='ocrx_word' id='word_1_239' title='bbox 1509 869 1678 899; x_wconf 84' lang='lat' dir='ltr'><strong>constarent,</strong></span> <span class='ocrx_word' id='word_1_240' title='bbox 1693 873 1757 893; x_wconf 92' lang='lat' dir='ltr'><strong>cum</strong></span> <span class='ocrx_word' id='word_1_241' title='bbox 1766 866 1828 893; x_wconf 89' lang='lat' dir='ltr'><strong>ani-</strong></span> 
     </span>
    </p>
   </div>
   <div class='ocr_carea' id='block_1_33' title="bbox 1038 911 1828 949">
    <p class='ocr_par' dir='ltr' id='par_1_33' title="bbox 1038 911 1828 949">
     <span class='ocr_line' id='line_1_33' title="bbox 1038 911 1828 949; baseline 0.004 -11"><span class='ocrx_word' id='word_1_242' title='bbox 1038 911 1076 938; x_wconf 90' lang='lat' dir='ltr'><strong>mi</strong></span> <span class='ocrx_word' id='word_1_243' title='bbox 1091 912 1200 940; x_wconf 87' lang='lat' dir='ltr'><strong>labores</strong></span> <span class='ocrx_word' id='word_1_244' title='bbox 1223 920 1278 940; x_wconf 89' lang='lat' dir='ltr'><strong>non</strong></span> <span class='ocrx_word' id='word_1_245' title='bbox 1297 913 1434 948; x_wconf 79' lang='lat' dir='ltr'><strong>fugerent,</strong></span> <span class='ocrx_word' id='word_1_246' title='bbox 1449 920 1537 948; x_wconf 87' lang='lat' dir='ltr'><strong>neque</strong></span> <span class='ocrx_word' id='word_1_247' title='bbox 1554 913 1718 948; x_wconf 78' lang='lat' dir='ltr'><strong>voluptatem</strong></span> <span class='ocrx_word' id='word_1_248' title='bbox 1735 921 1828 949; x_wconf 85' lang='lat' dir='ltr'><strong>perse-</strong></span> 
     </span>
    </p>
   </div>
   <div class='ocr_carea' id='block_1_34' title="bbox 198 953 983 996">
    <p class='ocr_par' dir='ltr' id='par_1_34' title="bbox 198 957 983 993">
     <span class='ocr_line' id='line_1_34' title="bbox 198 957 983 993; baseline -0.001 -9"><span class='ocrx_word' id='word_1_249' title='bbox 198 957 268 984; x_wconf 77' lang='grc' dir='ltr'>λέων</span> <span class='ocrx_word' id='word_1_250' title='bbox 284 957 430 992; x_wconf 78' lang='grc' dir='ltr'><strong>φθάσουσι,</strong></span> <span class='ocrx_word' id='word_1_251' title='bbox 447 958 494 984; x_wconf 79' lang='grc' dir='ltr'>καὶ</span> <span class='ocrx_word' id='word_1_252' title='bbox 511 958 640 989; x_wconf 79' lang='grc' dir='ltr'>παντοίας</span> <span class='ocrx_word' id='word_1_253' title='bbox 659 957 824 993; x_wconf 82' lang='grc' dir='ltr'>ὑπομενοῦσι</span> <span class='ocrx_word' id='word_1_254' title='bbox 841 957 983 992; x_wconf 71' lang='grc' dir='ltr'>τιμωρίας,</span> 
     </span>
    </p>
   </div>
   <div class='ocr_carea' id='block_1_35' title="bbox 1033 953 1828 996">
    <p class='ocr_par' dir='ltr' id='par_1_35' title="bbox 1038 959 1828 996">
     <span class='ocr_line' id='line_1_35' title="bbox 1038 959 1828 996; baseline 0.005 -12"><span class='ocrx_word' id='word_1_255' title='bbox 1038 964 1196 993; x_wconf 82' lang='lat' dir='ltr'><strong>querentur,</strong></span> <span class='ocrx_word' id='word_1_256' title='bbox 1214 959 1342 994; x_wconf 87' lang='lat' dir='ltr'><strong>quodque</strong></span> <span class='ocrx_word' id='word_1_257' title='bbox 1358 960 1478 995; x_wconf 89' lang='lat' dir='ltr'><strong>ipsorum</strong></span> <span class='ocrx_word' id='word_1_258' title='bbox 1501 961 1632 996; x_wconf 81' lang='lat' dir='ltr'><strong>magister</strong></span> <span class='ocrx_word' id='word_1_259' title='bbox 1643 968 1698 987; x_wconf 90' lang='lat' dir='ltr'><strong>non</strong></span> <span class='ocrx_word' id='word_1_260' title='bbox 1715 960 1828 988; x_wconf 80' lang='lat' dir='ltr'><strong>fraudu—</strong></span> 
     </span>
    </p>
   </div>
   <div class='ocr_carea' id='block_1_36' title="bbox 196 1003 985 1039">
    <p class='ocr_par' dir='ltr' id='par_1_36' title="bbox 196 1003 985 1039">
     <span class='ocr_line' id='line_1_36' title="bbox 196 1003 985 1039; baseline -0.001 -9"><span class='ocrx_word' id='word_1_261' title='bbox 196 1003 232 1030; x_wconf 81' lang='grc' dir='ltr'><strong>δι’</strong></span> <span class='ocrx_word' id='word_1_262' title='bbox 249 1003 325 1030; x_wconf 78' lang='grc' dir='ltr'>οὐδὲν</span> <span class='ocrx_word' id='word_1_263' title='bbox 341 1004 389 1039; x_wconf 90' lang='grc' dir='ltr'><strong>μέν</strong></span> <span class='ocrx_word' id='word_1_264' title='bbox 405 1004 516 1038; x_wconf 81' lang='grc' dir='ltr'>φαῦλον,</span> <span class='ocrx_word' id='word_1_265' title='bbox 534 1004 594 1031; x_wconf 80' lang='grc' dir='ltr'>οὐδὲ</span> <span class='ocrx_word' id='word_1_266' title='bbox 608 1004 641 1030; x_wconf 86' lang='grc' dir='ltr'><strong>δι’</strong></span> <span class='ocrx_word' id='word_1_267' title='bbox 658 1004 753 1039; x_wconf 77' lang='grc' dir='ltr'>ἑτέραν</span> <span class='ocrx_word' id='word_1_268' title='bbox 770 1004 878 1038; x_wconf 79' lang='grc' dir='ltr'>εὒλογον</span> <span class='ocrx_word' id='word_1_269' title='bbox 887 1003 985 1035; x_wconf 84' lang='grc' dir='ltr'>αἰτίαν,</span> 
     </span>
    </p>
   </div>
   <div class='ocr_carea' id='block_1_37' title="bbox 196 1049 987 1085">
    <p class='ocr_par' dir='ltr' id='par_1_37' title="bbox 196 1049 987 1085">
     <span class='ocr_line' id='line_1_37' title="bbox 196 1049 987 1085; baseline -0.001 -9"><span class='ocrx_word' id='word_1_270' title='bbox 196 1049 265 1076; x_wconf 79' lang='grc' dir='ltr'>αὐτὸ</span> <span class='ocrx_word' id='word_1_271' title='bbox 280 1049 309 1076; x_wconf 79' lang='grc' dir='ltr'><strong>δὲ</strong></span> <span class='ocrx_word' id='word_1_272' title='bbox 323 1049 403 1076; x_wconf 77' lang='grc' dir='ltr'>τοῦτο</span> <span class='ocrx_word' id='word_1_273' title='bbox 419 1050 479 1076; x_wconf 85' lang='grc' dir='ltr'>ὅλον</span> <span class='ocrx_word' id='word_1_274' title='bbox 492 1050 535 1076; x_wconf 78' lang='grc' dir='ltr'>διὰ</span> <span class='ocrx_word' id='word_1_275' title='bbox 549 1050 580 1076; x_wconf 83' lang='grc' dir='ltr'>τὸ</span> <span class='ocrx_word' id='word_1_276' title='bbox 593 1050 677 1085; x_wconf 75' lang='grc' dir='ltr'>ὄνομα</span> <span class='ocrx_word' id='word_1_277' title='bbox 690 1049 784 1076; x_wconf 80' lang='grc' dir='ltr'>αὑτοῦ.</span> <span class='ocrx_word' id='word_1_278' title='bbox 804 1051 836 1076; x_wconf 91' lang='grc' dir='ltr'><em>Ὃ</em></span> <span class='ocrx_word' id='word_1_279' title='bbox 851 1050 897 1076; x_wconf 73' lang='grc' dir='ltr'>καὶ</span> <span class='ocrx_word' id='word_1_280' title='bbox 915 1049 987 1075; x_wconf 74' lang='grc' dir='ltr'>ἔστιν</span> 
     </span>
    </p>
   </div>
   <div class='ocr_carea' id='block_1_38' title="bbox 196 1095 987 1133">
    <p class='ocr_par' dir='ltr' id='par_1_38' title="bbox 196 1095 987 1133">
     <span class='ocr_line' id='line_1_38' title="bbox 196 1095 987 1133; baseline -0.001 -11"><span class='ocrx_word' id='word_1_281' title='bbox 196 1096 239 1127; x_wconf 80' lang='grc' dir='ltr'><strong>είς</strong></span> <span class='ocrx_word' id='word_1_282' title='bbox 262 1095 342 1131; x_wconf 81' lang='grc' dir='ltr'>δεῦρο</span> <span class='ocrx_word' id='word_1_283' title='bbox 363 1096 531 1133; x_wconf 83' lang='grc' dir='ltr'>θεωροῦντας</span> <span class='ocrx_word' id='word_1_284' title='bbox 553 1096 757 1132; x_wconf 81' lang='grc' dir='ltr'>ἐνεργούμενον,</span> <span class='ocrx_word' id='word_1_285' title='bbox 781 1095 987 1130; x_wconf 81' lang='grc' dir='ltr'>καταπλαγῆναι</span> 
     </span>
    </p>
   </div>
   <div class='ocr_carea' id='block_1_39' title="bbox 195 1141 986 1179">
    <p class='ocr_par' dir='ltr' id='par_1_39' title="bbox 195 1141 986 1179">
     <span class='ocr_line' id='line_1_39' title="bbox 195 1141 986 1179; baseline -0.003 -10"><span class='ocrx_word' id='word_1_286' title='bbox 195 1142 247 1178; x_wconf 74' lang='grc' dir='ltr'>τὴν</span> <span class='ocrx_word' id='word_1_287' title='bbox 259 1142 409 1179; x_wconf 80' lang='grc' dir='ltr'>πρόρῤησιν</span> <span class='ocrx_word' id='word_1_288' title='bbox 419 1150 426 1157; x_wconf 87' lang='grc'><strong>·</strong></span> <span class='ocrx_word' id='word_1_289' title='bbox 444 1143 461 1177; x_wconf 81' lang='grc' dir='ltr'><strong>ὴ</strong></span> <span class='ocrx_word' id='word_1_290' title='bbox 475 1142 529 1177; x_wconf 76' lang='grc' dir='ltr'><strong>γὰρ</strong></span> <span class='ocrx_word' id='word_1_291' title='bbox 543 1141 589 1168; x_wconf 83' lang='grc' dir='ltr'>τοῦ</span> <span class='ocrx_word' id='word_1_292' title='bbox 606 1141 693 1175; x_wconf 81' lang='grc' dir='ltr'>Ἰησοῦ</span> <span class='ocrx_word' id='word_1_293' title='bbox 708 1142 840 1176; x_wconf 84' lang='grc' dir='ltr'>ὀνόματος</span> <span class='ocrx_word' id='word_1_294' title='bbox 856 1141 986 1176; x_wconf 76' lang='grc' dir='ltr'>ὁμολογία</span> 
     </span>
    </p>
   </div>
   <div class='ocr_carea' id='block_1_40' title="bbox 195 1187 985 1224">
    <p class='ocr_par' dir='ltr' id='par_1_40' title="bbox 195 1187 985 1224">
     <span class='ocr_line' id='line_1_40' title="bbox 195 1187 985 1224; baseline -0.003 -9"><span class='ocrx_word' id='word_1_295' title='bbox 195 1189 262 1219; x_wconf 71' lang='grc' dir='ltr'>τοὺς</span> <span class='ocrx_word' id='word_1_296' title='bbox 274 1188 377 1224; x_wconf 78' lang='grc' dir='ltr'>θυμοὺς</span> <span class='ocrx_word' id='word_1_297' title='bbox 408 1188 502 1214; x_wconf 79' lang='grc' dir='ltr'>εἴωθεν</span> <span class='ocrx_word' id='word_1_298' title='bbox 527 1188 647 1215; x_wconf 80' lang='grc' dir='ltr'>ἐκκαίειν</span> <span class='ocrx_word' id='word_1_299' title='bbox 670 1188 724 1214; x_wconf 77' lang='grc' dir='ltr'>τῶν</span> <span class='ocrx_word' id='word_1_300' title='bbox 747 1187 895 1223; x_wconf 86' lang='grc' dir='ltr'>ἀρχόντων,</span> <span class='ocrx_word' id='word_1_301' title='bbox 925 1187 985 1214; x_wconf 77' lang='grc' dir='ltr'>Κᾶν</span> 
     </span>
    </p>
   </div>
   <div class='ocr_carea' id='block_1_41' title="bbox 199 1232 984 1271">
    <p class='ocr_par' dir='ltr' id='par_1_41' title="bbox 199 1232 984 1271">
     <span class='ocr_line' id='line_1_41' title="bbox 199 1232 984 1271; baseline -0.004 -9"><span class='ocrx_word' id='word_1_302' title='bbox 199 1235 294 1271; x_wconf 77' lang='grc' dir='ltr'>μηδενὶ</span> <span class='ocrx_word' id='word_1_303' title='bbox 318 1234 372 1270; x_wconf 75' lang='grc' dir='ltr'><strong>γὰρ</strong></span> <span class='ocrx_word' id='word_1_304' title='bbox 391 1234 491 1269; x_wconf 82' lang='grc' dir='ltr'>φαῦλον</span> <span class='ocrx_word' id='word_1_305' title='bbox 546 1234 739 1269; x_wconf 76' lang='grc' dir='ltr'>πεπραγμένον</span> <span class='ocrx_word' id='word_1_306' title='bbox 754 1233 794 1268; x_wconf 83' lang='grc' dir='ltr'>τῷ</span> <span class='ocrx_word' id='word_1_307' title='bbox 809 1233 854 1259; x_wconf 79' lang='grc' dir='ltr'>τὸν</span> <span class='ocrx_word' id='word_1_308' title='bbox 868 1233 984 1268; x_wconf 77' lang='grc' dir='ltr'>Χριστὸν</span> 
     </span>
    </p>
   </div>
   <div class='ocr_carea' id='block_1_42' title="bbox 195 1278 984 1314">
    <p class='ocr_par' dir='ltr' id='par_1_42' title="bbox 195 1278 984 1314">
     <span class='ocr_line' id='line_1_42' title="bbox 195 1278 984 1314; baseline -0.001 -8"><span class='ocrx_word' id='word_1_309' title='bbox 195 1278 388 1314; x_wconf 77' lang='grc' dir='ltr'>ὁμολογοῦντι,</span> <span class='ocrx_word' id='word_1_310' title='bbox 412 1279 572 1311; x_wconf 81' lang='grc' dir='ltr'>κολάζουσιν</span> <span class='ocrx_word' id='word_1_311' title='bbox 591 1279 692 1314; x_wconf 72' lang='grc' dir='ltr'>ὁμοίως</span> <span class='ocrx_word' id='word_1_312' title='bbox 713 1279 878 1314; x_wconf 74' lang='grc' dir='ltr'>αἰκιζόμενοι</span> <span class='ocrx_word' id='word_1_313' title='bbox 894 1279 939 1306; x_wconf 74' lang='grc' dir='ltr'>διὰ</span> <span class='ocrx_word' id='word_1_314' title='bbox 954 1279 984 1305; x_wconf 82' lang='grc' dir='ltr'>τὸ</span> 
     </span>
    </p>
   </div>
   <div class='ocr_carea' id='block_1_43' title="bbox 194 1324 982 1361">
    <p class='ocr_par' dir='ltr' id='par_1_43' title="bbox 194 1324 982 1361">
     <span class='ocr_line' id='line_1_43' title="bbox 194 1324 982 1361; baseline -0.001 -9"><span class='ocrx_word' id='word_1_315' title='bbox 194 1325 281 1360; x_wconf 74' lang='grc' dir='ltr'>Βνομα</span> <span class='ocrx_word' id='word_1_316' title='bbox 294 1324 386 1357; x_wconf 78' lang='grc' dir='ltr'>αὐτοῦ,</span> <span class='ocrx_word' id='word_1_317' title='bbox 400 1325 438 1357; x_wconf 85' lang='grc' dir='ltr'>ὡς</span> <span class='ocrx_word' id='word_1_318' title='bbox 451 1325 559 1352; x_wconf 82' lang='grc' dir='ltr'>πάντων</span> <span class='ocrx_word' id='word_1_319' title='bbox 572 1326 678 1351; x_wconf 83' lang='grc' dir='ltr'>ἀνοσιου</span> <span class='ocrx_word' id='word_1_320' title='bbox 684 1325 754 1361; x_wconf 83' lang='grc' dir='ltr'>ργῶν</span> <span class='ocrx_word' id='word_1_321' title='bbox 767 1326 982 1361; x_wconf 81' lang='grc' dir='ltr'>χαλεπωτέρους·</span> 
     </span>
    </p>
   </div>
   <div class='ocr_carea' id='block_1_44' title="bbox 194 1370 982 1406">
    <p class='ocr_par' dir='ltr' id='par_1_44' title="bbox 194 1370 982 1406">
     <span class='ocr_line' id='line_1_44' title="bbox 194 1370 982 1406; baseline -0.001 -9"><span class='ocrx_word' id='word_1_322' title='bbox 194 1371 218 1397; x_wconf 78' lang='grc' dir='ltr'>εξ</span> <span class='ocrx_word' id='word_1_323' title='bbox 235 1370 258 1397; x_wconf 83' lang='grc' dir='ltr'><strong>δ’</strong></span> <span class='ocrx_word' id='word_1_324' title='bbox 270 1370 429 1405; x_wconf 77' lang='grc' dir='ltr'>ἐξομόσαιτό</span> <span class='ocrx_word' id='word_1_325' title='bbox 444 1379 486 1402; x_wconf 86' lang='grc' dir='ltr'><strong>τις</strong></span> <span class='ocrx_word' id='word_1_326' title='bbox 504 1370 554 1406; x_wconf 87' lang='grc' dir='ltr'>τὴν</span> <span class='ocrx_word' id='word_1_327' title='bbox 570 1371 767 1406; x_wconf 77' lang='grc' dir='ltr'>προσηγορίαν,</span> <span class='ocrx_word' id='word_1_328' title='bbox 787 1371 833 1397; x_wconf 76' lang='lat' dir='ltr'><strong>xui</strong></span> <span class='ocrx_word' id='word_1_329' title='bbox 851 1370 982 1406; x_wconf 81' lang='grc' dir='ltr'>ἀρνηθείη</span> 
     </span>
    </p>
   </div>
   <div class='ocr_carea' id='block_1_45' title="bbox 196 1413 982 1451">
    <p class='ocr_par' dir='ltr' id='par_1_45' title="bbox 196 1413 982 1451">
     <span class='ocr_line' id='line_1_45' title="bbox 196 1413 982 1451; baseline -0.003 -8"><span class='ocrx_word' id='word_1_330' title='bbox 196 1415 234 1451; x_wconf 81' lang='grc' dir='ltr'>μὴ</span> <span class='ocrx_word' id='word_1_331' title='bbox 252 1413 320 1443; x_wconf 70' lang='grc' dir='ltr'>εἶναι</span> <span class='ocrx_word' id='word_1_332' title='bbox 333 1415 387 1442; x_wconf 85' lang='grc' dir='ltr'>τῶν</span> <span class='ocrx_word' id='word_1_333' title='bbox 398 1415 516 1451; x_wconf 81' lang='grc' dir='ltr'>Χριστοῦ</span> <span class='ocrx_word' id='word_1_334' title='bbox 535 1415 674 1451; x_wconf 79' lang='grc' dir='ltr'>μαθητῶν,</span> <span class='ocrx_word' id='word_1_335' title='bbox 690 1416 800 1449; x_wconf 82' lang='grc' dir='ltr'>ἀφεῖται</span> <span class='ocrx_word' id='word_1_336' title='bbox 815 1416 982 1451; x_wconf 82' lang='grc' dir='ltr'>παραχρῆμα</span> 
     </span>
    </p>
   </div>
   <div class='ocr_carea' id='block_1_46' title="bbox 193 1460 982 1496">
    <p class='ocr_par' dir='ltr' id='par_1_46' title="bbox 193 1460 982 1496">
     <span class='ocr_line' id='line_1_46' title="bbox 193 1460 982 1496; baseline -0.003 -9"><span class='ocrx_word' id='word_1_337' title='bbox 193 1460 346 1496; x_wconf 69' lang='grc' dir='ltr'>ἐλεύθερος,</span> <span class='ocrx_word' id='word_1_338' title='bbox 366 1460 418 1487; x_wconf 74' lang='grc' dir='ltr'>κᾶν</span> <span class='ocrx_word' id='word_1_339' title='bbox 435 1461 542 1496; x_wconf 80' lang='grc' dir='ltr'>μυρίοις</span> <span class='ocrx_word' id='word_1_340' title='bbox 555 1460 645 1495; x_wconf 73' lang='grc' dir='ltr'>ἔνοχος</span> <span class='ocrx_word' id='word_1_341' title='bbox 658 1460 801 1495; x_wconf 76' lang='grc' dir='ltr'>ἁλίσκηται</span> <span class='ocrx_word' id='word_1_342' title='bbox 818 1460 982 1496; x_wconf 78' lang='grc' dir='ltr'>πλημμελή-</span> 
     </span>
    </p>
   </div>
   <div class='ocr_carea' id='block_1_47' title="bbox 195 1516 274 1544">
    <p class='ocr_par' dir='ltr' id='par_1_47' title="bbox 195 1516 274 1544">
     <span class='ocr_line' id='line_1_47' title="bbox 195 1516 274 1544; baseline 0 -10"><span class='ocrx_word' id='word_1_343' title='bbox 195 1516 274 1544; x_wconf 83' lang='grc' dir='ltr'>μασι.</span> 
     </span>
    </p>
   </div>
   <div class='ocr_carea' id='block_1_48' title="bbox 1036 1003 1828 1040">
    <p class='ocr_par' dir='ltr' id='par_1_48' title="bbox 1036 1003 1828 1040">
     <span class='ocr_line' id='line_1_48' title="bbox 1036 1003 1828 1040; baseline 0.008 -10"><span class='ocrx_word' id='word_1_344' title='bbox 1036 1003 1108 1031; x_wconf 84' lang='lat' dir='ltr'><strong>lente</strong></span> <span class='ocrx_word' id='word_1_345' title='bbox 1123 1013 1170 1032; x_wconf 91' lang='lat' dir='ltr'><strong>eos</strong></span> <span class='ocrx_word' id='word_1_346' title='bbox 1187 1005 1357 1040; x_wconf 87' lang='lat' dir='ltr'><strong>demulccns,</strong></span> <span class='ocrx_word' id='word_1_347' title='bbox 1372 1011 1419 1035; x_wconf 85' lang='lat' dir='ltr'><strong>aut</strong></span> <span class='ocrx_word' id='word_1_348' title='bbox 1431 1016 1474 1036; x_wconf 90' lang='lat' dir='ltr'><strong>res</strong></span> <span class='ocrx_word' id='word_1_349' title='bbox 1484 1016 1549 1037; x_wconf 92' lang='lat' dir='ltr'><strong>suas</strong></span> <span class='ocrx_word' id='word_1_350' title='bbox 1559 1008 1600 1038; x_wconf 84' lang='lat' dir='ltr'><strong>eis</strong></span> <span class='ocrx_word' id='word_1_351' title='bbox 1611 1012 1755 1036; x_wconf 88' lang='lat' dir='ltr'><strong>ostentans</strong></span> <span class='ocrx_word' id='word_1_352' title='bbox 1773 1008 1828 1035; x_wconf 84' lang='lat' dir='ltr'><strong>sibi</strong></span> 
     </span>
    </p>
   </div>
   <div class='ocr_carea' id='block_1_49' title="bbox 1037 1049 1828 1089">
    <p class='ocr_par' dir='ltr' id='par_1_49' title="bbox 1037 1049 1828 1089">
     <span class='ocr_line' id='line_1_49' title="bbox 1037 1049 1828 1089; baseline 0.006 -13"><span class='ocrx_word' id='word_1_353' title='bbox 1037 1049 1088 1084; x_wconf 86' lang='lat' dir='ltr'><strong>ipsi</strong></span> <span class='ocrx_word' id='word_1_354' title='bbox 1105 1050 1168 1078; x_wconf 91' lang='lat' dir='ltr'><strong>illos</strong></span> <span class='ocrx_word' id='word_1_355' title='bbox 1186 1051 1357 1086; x_wconf 80' lang='lat' dir='ltr'><strong>adjungeret,</strong></span> <span class='ocrx_word' id='word_1_356' title='bbox 1375 1052 1424 1080; x_wconf 85' lang='lat' dir='ltr'><strong>sed</strong></span> <span class='ocrx_word' id='word_1_357' title='bbox 1439 1053 1558 1089; x_wconf 78' lang='lat' dir='ltr'><strong>ingenua</strong></span> <span class='ocrx_word' id='word_1_358' title='bbox 1571 1061 1690 1089; x_wconf 88' lang='lat' dir='ltr'><strong>veraque</strong></span> <span class='ocrx_word' id='word_1_359' title='bbox 1703 1054 1828 1081; x_wconf 78' lang='lat' dir='ltr'><strong>oratione</strong></span> 
     </span>
    </p>
   </div>
   <div class='ocr_carea' id='block_1_50' title="bbox 1036 1100 1828 1136">
    <p class='ocr_par' dir='ltr' id='par_1_50' title="bbox 1036 1100 1828 1136">
     <span class='ocr_line' id='line_1_50' title="bbox 1036 1100 1828 1136; baseline 0.006 -14"><span class='ocrx_word' id='word_1_360' title='bbox 1036 1104 1096 1131; x_wconf 68' lang='lat' dir='ltr'><strong>qua:</strong></span> <span class='ocrx_word' id='word_1_361' title='bbox 1107 1101 1235 1124; x_wconf 78' lang='lat' dir='ltr'><strong>eventura</strong></span> <span class='ocrx_word' id='word_1_362' title='bbox 1246 1103 1323 1125; x_wconf 87' lang='lat' dir='ltr'><strong>erant</strong></span> <span class='ocrx_word' id='word_1_363' title='bbox 1333 1105 1445 1132; x_wconf 84' lang='lat' dir='ltr'><strong>canens,</strong></span> <span class='ocrx_word' id='word_1_364' title='bbox 1460 1107 1517 1127; x_wconf 64' lang='lat' dir='ltr'><strong>sua!</strong></span> <span class='ocrx_word' id='word_1_365' title='bbox 1528 1100 1683 1136; x_wconf 64' lang='lat' dir='ltr'><strong>reipublicae</strong></span> <span class='ocrx_word' id='word_1_366' title='bbox 1695 1101 1828 1128; x_wconf 82' lang='lat' dir='ltr'><strong>rationem</strong></span> 
     </span>
    </p>
   </div>
   <div class='ocr_carea' id='block_1_51' title="bbox 1038 1143 1827 1182">
    <p class='ocr_par' dir='ltr' id='par_1_51' title="bbox 1038 1143 1827 1182">
     <span class='ocr_line' id='line_1_51' title="bbox 1038 1143 1827 1182; baseline 0.008 -14"><span class='ocrx_word' id='word_1_367' title='bbox 1038 1146 1118 1177; x_wconf 86' lang='lat' dir='ltr'><strong>atque</strong></span> <span class='ocrx_word' id='word_1_368' title='bbox 1132 1143 1311 1177; x_wconf 88' lang='lat' dir='ltr'><strong>propositum,</strong></span> <span class='ocrx_word' id='word_1_369' title='bbox 1327 1145 1354 1171; x_wconf 92' lang='lat' dir='ltr'><strong>in</strong></span> <span class='ocrx_word' id='word_1_370' title='bbox 1369 1146 1469 1174; x_wconf 86' lang='lat' dir='ltr'><strong>animis</strong></span> <span class='ocrx_word' id='word_1_371' title='bbox 1479 1146 1587 1173; x_wconf 91' lang='lat' dir='ltr'><strong>illorum</strong></span> <span class='ocrx_word' id='word_1_372' title='bbox 1599 1146 1740 1182; x_wconf 76' lang='lat' dir='ltr'><strong>inﬁgeret?</strong></span> <span class='ocrx_word' id='word_1_373' title='bbox 1751 1146 1827 1174; x_wconf 80' lang='lat' dir='ltr'><strong>Talia</strong></span> 
     </span>
    </p>
   </div>
   <div class='ocr_carea' id='block_1_52' title="bbox 1037 1189 1827 1229">
    <p class='ocr_par' dir='ltr' id='par_1_52' title="bbox 1037 1189 1827 1229">
     <span class='ocr_line' id='line_1_52' title="bbox 1037 1189 1827 1229; baseline 0.009 -14"><span class='ocrx_word' id='word_1_374' title='bbox 1037 1189 1101 1215; x_wconf 72' lang='lat' dir='ltr'><strong>item</strong></span> <span class='ocrx_word' id='word_1_375' title='bbox 1118 1194 1196 1216; x_wconf 86' lang='lat' dir='ltr'><strong>erant</strong></span> <span class='ocrx_word' id='word_1_376' title='bbox 1211 1198 1272 1225; x_wconf 76' lang='lat' dir='ltr'><strong>quze</strong></span> <span class='ocrx_word' id='word_1_377' title='bbox 1292 1196 1401 1227; x_wconf 85' lang='lat' dir='ltr'><strong>propter</strong></span> <span class='ocrx_word' id='word_1_378' title='bbox 1415 1200 1513 1220; x_wconf 88' lang='lat' dir='ltr'><strong>nomen</strong></span> <span class='ocrx_word' id='word_1_379' title='bbox 1528 1201 1608 1221; x_wconf 91' lang='lat' dir='ltr'><strong>suum</strong></span> <span class='ocrx_word' id='word_1_380' title='bbox 1623 1200 1753 1229; x_wconf 79' lang='lat' dir='ltr'><strong>passuros</strong></span> <span class='ocrx_word' id='word_1_381' title='bbox 1765 1194 1827 1222; x_wconf 88' lang='lat' dir='ltr'><strong>illos</strong></span> 
     </span>
    </p>
   </div>
   <div class='ocr_carea' id='block_1_53' title="bbox 1038 1234 1827 1273">
    <p class='ocr_par' dir='ltr' id='par_1_53' title="bbox 1038 1234 1827 1273">
     <span class='ocr_line' id='line_1_53' title="bbox 1038 1234 1827 1273; baseline 0.009 -14"><span class='ocrx_word' id='word_1_382' title='bbox 1038 1234 1211 1267; x_wconf 60' lang='lat' dir='ltr'><strong>praedicabat,</strong></span> <span class='ocrx_word' id='word_1_383' title='bbox 1230 1235 1400 1270; x_wconf 81' lang='lat' dir='ltr'><strong>signiﬁcans,</strong></span> <span class='ocrx_word' id='word_1_384' title='bbox 1418 1239 1491 1272; x_wconf 89' lang='lat' dir='ltr'><strong>quod</strong></span> <span class='ocrx_word' id='word_1_385' title='bbox 1511 1238 1543 1265; x_wconf 92' lang='lat' dir='ltr'><strong>ad</strong></span> <span class='ocrx_word' id='word_1_386' title='bbox 1560 1238 1690 1273; x_wconf 74' lang='lat' dir='ltr'><strong>praesides</strong></span> <span class='ocrx_word' id='word_1_387' title='bbox 1708 1239 1827 1266; x_wconf 90' lang='lat' dir='ltr'><strong>ducendi</strong></span> 
     </span>
    </p>
   </div>
   <div class='ocr_carea' id='block_1_54' title="bbox 1036 1281 1827 1320">
    <p class='ocr_par' dir='ltr' id='par_1_54' title="bbox 1036 1281 1827 1320">
     <span class='ocr_line' id='line_1_54' title="bbox 1036 1281 1827 1320; baseline 0.006 -13"><span class='ocrx_word' id='word_1_388' title='bbox 1036 1284 1138 1313; x_wconf 82' lang='lat' dir='ltr'><strong>essent,</strong></span> <span class='ocrx_word' id='word_1_389' title='bbox 1165 1281 1238 1315; x_wconf 88' lang='lat' dir='ltr'><strong>quod</strong></span> <span class='ocrx_word' id='word_1_390' title='bbox 1255 1287 1317 1309; x_wconf 86' lang='lat' dir='ltr'><strong>ante</strong></span> <span class='ocrx_word' id='word_1_391' title='bbox 1339 1290 1418 1319; x_wconf 76' lang='lat' dir='ltr'><strong>reges</strong></span> <span class='ocrx_word' id='word_1_392' title='bbox 1437 1283 1563 1315; x_wconf 80' lang='lat' dir='ltr'><strong>sistendi,</strong></span> <span class='ocrx_word' id='word_1_393' title='bbox 1577 1284 1649 1318; x_wconf 90' lang='lat' dir='ltr'><strong>quod</strong></span> <span class='ocrx_word' id='word_1_394' title='bbox 1672 1285 1762 1312; x_wconf 84' lang='lat' dir='ltr'><strong>omnis</strong></span> <span class='ocrx_word' id='word_1_395' title='bbox 1779 1293 1827 1320; x_wconf 73' lang='lat' dir='ltr'><strong>go-</strong></span> 
     </span>
    </p>
   </div>
   <div class='ocr_carea' id='block_1_55' title="bbox 1037 1326 1824 1364">
    <p class='ocr_par' dir='ltr' id='par_1_55' title="bbox 1037 1326 1824 1364">
     <span class='ocr_line' id='line_1_55' title="bbox 1037 1326 1824 1364; baseline 0.004 -12"><span class='ocrx_word' id='word_1_396' title='bbox 1037 1326 1112 1353; x_wconf 90' lang='lat' dir='ltr'><strong>neris</strong></span> <span class='ocrx_word' id='word_1_397' title='bbox 1131 1332 1226 1360; x_wconf 61' lang='lat' dir='ltr'><strong>paanas</strong></span> <span class='ocrx_word' id='word_1_398' title='bbox 1245 1326 1374 1360; x_wconf 87' lang='lat' dir='ltr'><strong>subituri,</strong></span> <span class='ocrx_word' id='word_1_399' title='bbox 1390 1337 1444 1356; x_wconf 91' lang='lat' dir='ltr'><strong>non</strong></span> <span class='ocrx_word' id='word_1_400' title='bbox 1460 1328 1496 1356; x_wconf 91' lang='lat' dir='ltr'><strong>ob</strong></span> <span class='ocrx_word' id='word_1_401' title='bbox 1511 1329 1595 1356; x_wconf 78' lang='lat' dir='ltr'><strong>levem</strong></span> <span class='ocrx_word' id='word_1_402' title='bbox 1614 1336 1671 1356; x_wconf 88' lang='lat' dir='ltr'><strong>rem</strong></span> <span class='ocrx_word' id='word_1_403' title='bbox 1694 1329 1824 1364; x_wconf 86' lang='lat' dir='ltr'><strong>aliquam,</strong></span> 
     </span>
    </p>
   </div>
   <div class='ocr_carea' id='block_1_56' title="bbox 1035 1372 1826 1408">
    <p class='ocr_par' dir='ltr' id='par_1_56' title="bbox 1035 1372 1826 1408">
     <span class='ocr_line' id='line_1_56' title="bbox 1035 1372 1826 1408; baseline 0.006 -11"><span class='ocrx_word' id='word_1_404' title='bbox 1035 1379 1123 1406; x_wconf 85' lang='lat' dir='ltr'><strong>neque</strong></span> <span class='ocrx_word' id='word_1_405' title='bbox 1137 1372 1172 1399; x_wconf 87' lang='lat' dir='ltr'><strong>ob</strong></span> <span class='ocrx_word' id='word_1_406' title='bbox 1194 1372 1277 1400; x_wconf 86' lang='lat' dir='ltr'><strong>ullam</strong></span> <span class='ocrx_word' id='word_1_407' title='bbox 1291 1373 1458 1408; x_wconf 84' lang='lat' dir='ltr'><strong>probabilem</strong></span> <span class='ocrx_word' id='word_1_408' title='bbox 1479 1382 1603 1406; x_wconf 84' lang='lat' dir='ltr'><strong>causam,</strong></span> <span class='ocrx_word' id='word_1_409' title='bbox 1625 1375 1673 1402; x_wconf 88' lang='lat' dir='ltr'><strong>sed</strong></span> <span class='ocrx_word' id='word_1_410' title='bbox 1692 1374 1719 1402; x_wconf 90' lang='lat' dir='ltr'><strong>id</strong></span> <span class='ocrx_word' id='word_1_411' title='bbox 1736 1379 1826 1402; x_wconf 88' lang='lat' dir='ltr'><strong>totum</strong></span> 
     </span>
    </p>
   </div>
   <div class='ocr_carea' id='block_1_57' title="bbox 1035 1420 1826 1456">
    <p class='ocr_par' dir='ltr' id='par_1_57' title="bbox 1035 1420 1826 1456">
     <span class='ocr_line' id='line_1_57' title="bbox 1035 1420 1826 1456; baseline 0.008 -13"><span class='ocrx_word' id='word_1_412' title='bbox 1035 1421 1144 1451; x_wconf 86' lang='lat' dir='ltr'><strong>propter</strong></span> <span class='ocrx_word' id='word_1_413' title='bbox 1155 1426 1238 1445; x_wconf 93' lang='lat' dir='ltr'><strong>unum</strong></span> <span class='ocrx_word' id='word_1_414' title='bbox 1250 1427 1329 1446; x_wconf 91' lang='lat' dir='ltr'><strong>suum</strong></span> <span class='ocrx_word' id='word_1_415' title='bbox 1342 1427 1451 1448; x_wconf 88' lang='lat' dir='ltr'><strong>nomen.</strong></span> <span class='ocrx_word' id='word_1_416' title='bbox 1462 1420 1539 1453; x_wconf 84' lang='lat' dir='ltr'><strong>Quod</strong></span> <span class='ocrx_word' id='word_1_417' title='bbox 1551 1421 1659 1448; x_wconf 88' lang='lat' dir='ltr'><strong>interim</strong></span> <span class='ocrx_word' id='word_1_418' title='bbox 1668 1429 1729 1448; x_wconf 91' lang='lat' dir='ltr'><strong>cum</strong></span> <span class='ocrx_word' id='word_1_419' title='bbox 1736 1422 1826 1456; x_wconf 85' lang='lat' dir='ltr'><strong>reipsa</strong></span> 
     </span>
    </p>
   </div>
   <div class='ocr_carea' id='block_1_58' title="bbox 1034 1462 1826 1502">
    <p class='ocr_par' dir='ltr' id='par_1_58' title="bbox 1034 1462 1826 1502">
     <span class='ocr_line' id='line_1_58' title="bbox 1034 1462 1826 1502; baseline 0.006 -13"><span class='ocrx_word' id='word_1_420' title='bbox 1034 1462 1069 1489; x_wconf 89' lang='lat' dir='ltr'><strong>ad</strong></span> <span class='ocrx_word' id='word_1_421' title='bbox 1089 1463 1163 1491; x_wconf 91' lang='lat' dir='ltr'><strong>hunc</strong></span> <span class='ocrx_word' id='word_1_422' title='bbox 1180 1472 1267 1500; x_wconf 89' lang='lat' dir='ltr'><strong>usque</strong></span> <span class='ocrx_word' id='word_1_423' title='bbox 1288 1465 1360 1494; x_wconf 84' lang='lat' dir='ltr'><strong>diem</strong></span> <span class='ocrx_word' id='word_1_424' title='bbox 1381 1467 1511 1502; x_wconf 87' lang='lat' dir='ltr'><strong>compleri</strong></span> <span class='ocrx_word' id='word_1_425' title='bbox 1533 1475 1691 1500; x_wconf 85' lang='lat' dir='ltr'><strong>cernamus,</strong></span> <span class='ocrx_word' id='word_1_426' title='bbox 1706 1474 1756 1495; x_wconf 91' lang='lat' dir='ltr'><strong>cur</strong></span> <span class='ocrx_word' id='word_1_427' title='bbox 1771 1474 1826 1494; x_wconf 90' lang='lat' dir='ltr'><strong>non</strong></span> 
     </span>
    </p>
   </div>
   <div class='ocr_carea' id='block_1_59' title="bbox 1033 1508 1826 1548">
    <p class='ocr_par' dir='ltr' id='par_1_59' title="bbox 1033 1508 1826 1548">
     <span class='ocr_line' id='line_1_59' title="bbox 1033 1508 1826 1548; baseline 0.008 -13"><span class='ocrx_word' id='word_1_428' title='bbox 1033 1508 1148 1543; x_wconf 83' lang='lat' dir='ltr'><strong>hujusce</strong></span> <span class='ocrx_word' id='word_1_429' title='bbox 1164 1515 1277 1538; x_wconf 83' lang='lat' dir='ltr'><strong>eventus</strong></span> <span class='ocrx_word' id='word_1_430' title='bbox 1288 1511 1492 1546; x_wconf 66' lang='lat' dir='ltr'><strong>praedictionem</strong></span> <span class='ocrx_word' id='word_1_431' title='bbox 1517 1513 1755 1548; x_wconf 81' lang='lat' dir='ltr'><strong>obstupescimus?</strong></span> <span class='ocrx_word' id='word_1_432' title='bbox 1773 1521 1826 1540; x_wconf 80' lang='lat' dir='ltr'><strong>una</strong></span> 
     </span>
    </p>
   </div>
   <div class='ocr_carea' id='block_1_60' title="bbox 193 1554 1826 1597">
    <p class='ocr_par' dir='ltr' id='par_1_60' title="bbox 193 1554 1826 1597">
     <span class='ocr_line' id='line_1_60' title="bbox 193 1554 1826 1597; baseline 0.004 -16"><span class='ocrx_word' id='word_1_433' title='bbox 193 1554 269 1582; x_wconf 82' lang='lat' dir='ltr'><strong>enim</strong></span> <span class='ocrx_word' id='word_1_434' title='bbox 294 1554 430 1582; x_wconf 68' lang='lat' dir='ltr'><strong>confessio</strong></span> <span class='ocrx_word' id='word_1_435' title='bbox 455 1555 575 1582; x_wconf 88' lang='lat' dir='ltr'><strong>nominis</strong></span> <span class='ocrx_word' id='word_1_436' title='bbox 596 1555 678 1587; x_wconf 83' lang='lat' dir='ltr'><strong>Jesu,</strong></span> <span class='ocrx_word' id='word_1_437' title='bbox 706 1555 812 1582; x_wconf 86' lang='lat' dir='ltr'><strong>animos</strong></span> <span class='ocrx_word' id='word_1_438' title='bbox 836 1554 979 1582; x_wconf 85' lang='lat' dir='ltr'><strong>consuevit</strong></span> <span class='ocrx_word' id='word_1_439' title='bbox 998 1556 1148 1585; x_wconf 82' lang='lat' dir='ltr'><strong>accendere</strong></span> <span class='ocrx_word' id='word_1_440' title='bbox 1165 1558 1335 1594; x_wconf 89' lang='lat' dir='ltr'><strong>principum.</strong></span> <span class='ocrx_word' id='word_1_441' title='bbox 1351 1559 1421 1588; x_wconf 77' lang='lat' dir='ltr'><strong>Nam</strong></span> <span class='ocrx_word' id='word_1_442' title='bbox 1450 1561 1503 1589; x_wconf 89' lang='lat' dir='ltr'><strong>etsi</strong></span> <span class='ocrx_word' id='word_1_443' title='bbox 1530 1561 1598 1588; x_wconf 90' lang='lat' dir='ltr'><strong>nihil</strong></span> <span class='ocrx_word' id='word_1_444' title='bbox 1614 1561 1826 1597; x_wconf 86' lang='lat' dir='ltr'><strong>reprehensione</strong></span> 
     </span>
    </p>
   </div>
   <div class='ocr_carea' id='block_1_61' title="bbox 193 1601 1826 1640">
    <p class='ocr_par' dir='ltr' id='par_1_61' title="bbox 193 1601 1826 1640">
     <span class='ocr_line' id='line_1_61' title="bbox 193 1601 1826 1640; baseline 0.004 -11"><span class='ocrx_word' id='word_1_445' title='bbox 193 1602 306 1637; x_wconf 75' lang='lat' dir='ltr'><strong>dignum</strong></span> <span class='ocrx_word' id='word_1_446' title='bbox 319 1601 468 1633; x_wconf 85' lang='lat' dir='ltr'><strong>admiserit,</strong></span> <span class='ocrx_word' id='word_1_447' title='bbox 484 1601 531 1636; x_wconf 92' lang='lat' dir='ltr'><strong>qui</strong></span> <span class='ocrx_word' id='word_1_448' title='bbox 543 1601 682 1628; x_wconf 86' lang='lat' dir='ltr'><strong>Christum</strong></span> <span class='ocrx_word' id='word_1_449' title='bbox 695 1602 840 1629; x_wconf 79' lang='lat' dir='ltr'><strong>confessus</strong></span> <span class='ocrx_word' id='word_1_450' title='bbox 855 1605 907 1635; x_wconf 88' lang='lat' dir='ltr'><strong>est,</strong></span> <span class='ocrx_word' id='word_1_451' title='bbox 920 1608 981 1630; x_wconf 88' lang='lat' dir='ltr'><strong>eum</strong></span> <span class='ocrx_word' id='word_1_452' title='bbox 1001 1605 1091 1630; x_wconf 90' lang='lat' dir='ltr'><strong>tamen</strong></span> <span class='ocrx_word' id='word_1_453' title='bbox 1110 1603 1227 1638; x_wconf 92' lang='lat' dir='ltr'><strong>puniunt</strong></span> <span class='ocrx_word' id='word_1_454' title='bbox 1242 1607 1391 1640; x_wconf 88' lang='lat' dir='ltr'><strong>plectentes</strong></span> <span class='ocrx_word' id='word_1_455' title='bbox 1404 1607 1524 1635; x_wconf 90' lang='lat' dir='ltr'><strong>nominis</strong></span> <span class='ocrx_word' id='word_1_456' title='bbox 1541 1607 1615 1635; x_wconf 90' lang='lat' dir='ltr'><strong>illius</strong></span> <span class='ocrx_word' id='word_1_457' title='bbox 1646 1614 1740 1639; x_wconf 84' lang='lat' dir='ltr'><strong>causa,</strong></span> <span class='ocrx_word' id='word_1_458' title='bbox 1766 1616 1826 1636; x_wconf 85' lang='lat' dir='ltr'><strong>om-</strong></span> 
     </span>
    </p>
   </div>
   <div class='ocr_carea' id='block_1_62' title="bbox 193 1647 1824 1689">
    <p class='ocr_par' dir='ltr' id='par_1_62' title="bbox 193 1647 1824 1689">
     <span class='ocr_line' id='line_1_62' title="bbox 193 1647 1824 1689; baseline 0.005 -15"><span class='ocrx_word' id='word_1_459' title='bbox 193 1647 277 1675; x_wconf 88' lang='lat' dir='ltr'><strong>nibus</strong></span> <span class='ocrx_word' id='word_1_460' title='bbox 294 1647 417 1675; x_wconf 81' lang='lat' dir='ltr'><strong>scelestis</strong></span> <span class='ocrx_word' id='word_1_461' title='bbox 433 1648 567 1682; x_wconf 81' lang='lat' dir='ltr'><strong>asperius.</strong></span> <span class='ocrx_word' id='word_1_462' title='bbox 599 1648 676 1680; x_wconf 84' lang='lat' dir='ltr'><strong>Quod</strong></span> <span class='ocrx_word' id='word_1_463' title='bbox 694 1649 717 1675; x_wconf 91' lang='lat' dir='ltr'><strong>si</strong></span> <span class='ocrx_word' id='word_1_464' title='bbox 742 1649 804 1683; x_wconf 86' lang='lat' dir='ltr'><strong>quis</strong></span> <span class='ocrx_word' id='word_1_465' title='bbox 835 1656 895 1675; x_wconf 89' lang='lat' dir='ltr'><strong>cam</strong></span> <span class='ocrx_word' id='word_1_466' title='bbox 925 1649 1135 1684; x_wconf 87' lang='lat' dir='ltr'><strong>appellationem</strong></span> <span class='ocrx_word' id='word_1_467' title='bbox 1154 1650 1338 1685; x_wconf 85' lang='lat' dir='ltr'><strong>ahjuraverit,</strong></span> <span class='ocrx_word' id='word_1_468' title='bbox 1361 1655 1555 1689; x_wconf 76' lang='lat' dir='ltr'><strong>ncgaveritque</strong></span> <span class='ocrx_word' id='word_1_469' title='bbox 1581 1661 1610 1681; x_wconf 83' lang='lat' dir='ltr'><strong>se</strong></span> <span class='ocrx_word' id='word_1_470' title='bbox 1634 1653 1737 1682; x_wconf 87' lang='lat' dir='ltr'><strong>Christi</strong></span> <span class='ocrx_word' id='word_1_471' title='bbox 1761 1662 1824 1682; x_wconf 81' lang='lat' dir='ltr'><strong>esse</strong></span> 
     </span>
    </p>
   </div>
   <div class='ocr_carea' id='block_1_63' title="bbox 194 1693 1679 1733">
    <p class='ocr_par' dir='ltr' id='par_1_63' title="bbox 194 1693 1679 1733">
     <span class='ocr_line' id='line_1_63' title="bbox 194 1693 1679 1733; baseline 0.003 -11"><span class='ocrx_word' id='word_1_472' title='bbox 194 1693 372 1729; x_wconf 82' lang='lat' dir='ltr'><strong>discipulum,</strong></span> <span class='ocrx_word' id='word_1_473' title='bbox 392 1694 539 1721; x_wconf 84' lang='lat' dir='ltr'><strong>dimittitur</strong></span> <span class='ocrx_word' id='word_1_474' title='bbox 566 1695 639 1721; x_wconf 89' lang='lat' dir='ltr'><strong>illico</strong></span> <span class='ocrx_word' id='word_1_475' title='bbox 657 1703 689 1722; x_wconf 84' lang='lat' dir='ltr'><strong>ac</strong></span> <span class='ocrx_word' id='word_1_476' title='bbox 712 1695 853 1728; x_wconf 81' lang='lat' dir='ltr'><strong>liberatur,</strong></span> <span class='ocrx_word' id='word_1_477' title='bbox 871 1696 978 1724; x_wconf 86' lang='lat' dir='ltr'><strong>etiamsi</strong></span> <span class='ocrx_word' id='word_1_478' title='bbox 995 1697 1241 1725; x_wconf 80' lang='lat' dir='ltr'><strong>innumerabilibus</strong></span> <span class='ocrx_word' id='word_1_479' title='bbox 1257 1699 1374 1733; x_wconf 82' lang='lat' dir='ltr'><strong>peccatis</strong></span> <span class='ocrx_word' id='word_1_480' title='bbox 1389 1700 1526 1728; x_wconf 83' lang='lat' dir='ltr'><strong>obnoxius</strong></span> <span class='ocrx_word' id='word_1_481' title='bbox 1543 1704 1679 1728; x_wconf 85' lang='lat' dir='ltr'><strong>teneatur.</strong></span> 
     </span>
    </p>
   </div>
   <div class='ocr_carea' id='block_1_64' title="bbox 229 1741 983 1780">
    <p class='ocr_par' dir='ltr' id='par_1_64' title="bbox 229 1741 983 1776">
     <span class='ocr_line' id='line_1_64' title="bbox 229 1741 983 1776; baseline 0.004 -10"><span class='ocrx_word' id='word_1_482' title='bbox 229 1741 286 1767; x_wconf 70' lang='grc' dir='ltr'><strong>Καὶ</strong></span> <span class='ocrx_word' id='word_1_483' title='bbox 297 1741 324 1767; x_wconf 86' lang='grc' dir='ltr'><strong>τί</strong></span> <span class='ocrx_word' id='word_1_484' title='bbox 338 1749 371 1775; x_wconf 80' lang='grc' dir='ltr'><strong>με</strong></span> <span class='ocrx_word' id='word_1_485' title='bbox 383 1741 436 1776; x_wconf 86' lang='grc' dir='ltr'>χρὴ</span> <span class='ocrx_word' id='word_1_486' title='bbox 461 1742 546 1776; x_wconf 83' lang='grc' dir='ltr'>μυρία</span> <span class='ocrx_word' id='word_1_487' title='bbox 561 1742 734 1776; x_wconf 85' lang='grc' dir='ltr'>συναγαγεῖν,</span> <span class='ocrx_word' id='word_1_488' title='bbox 746 1743 776 1768; x_wconf 83' lang='grc' dir='ltr'><strong>τὺ</strong></span> <span class='ocrx_word' id='word_1_489' title='bbox 793 1742 847 1768; x_wconf 82' lang='grc' dir='ltr'>τῶν</span> <span class='ocrx_word' id='word_1_490' title='bbox 870 1743 983 1769; x_wconf 75' lang='grc' dir='ltr'>ἀποστό-</span> 
     </span>
    </p>
   </div>
   <div class='ocr_carea' id='block_1_65' title="bbox 1033 1741 1825 1780">
    <p class='ocr_par' dir='ltr' id='par_1_65' title="bbox 1071 1741 1825 1780">
     <span class='ocr_line' id='line_1_65' title="bbox 1071 1741 1825 1780; baseline 0.007 -12"><span class='ocrx_word' id='word_1_491' title='bbox 1071 1741 1104 1769; x_wconf 87' lang='grc' dir='ltr'><strong>Ει</strong></span> <span class='ocrx_word' id='word_1_492' title='bbox 1116 1743 1180 1777; x_wconf 88' lang='lat' dir='ltr'><strong>quid</strong></span> <span class='ocrx_word' id='word_1_493' title='bbox 1201 1752 1244 1771; x_wconf 90' lang='lat' dir='ltr'><strong>me</strong></span> <span class='ocrx_word' id='word_1_494' title='bbox 1260 1744 1409 1772; x_wconf 81' lang='lat' dir='ltr'><strong>Salvatoris</strong></span> <span class='ocrx_word' id='word_1_495' title='bbox 1426 1746 1514 1774; x_wconf 83' lang='lat' dir='ltr'><strong>nostri</strong></span> <span class='ocrx_word' id='word_1_496' title='bbox 1531 1746 1718 1780; x_wconf 86' lang='lat' dir='ltr'><strong>apostolorum</strong></span> <span class='ocrx_word' id='word_1_497' title='bbox 1733 1753 1825 1773; x_wconf 78' lang='lat' dir='ltr'><strong>mores</strong></span> 
     </span>
    </p>
   </div>
   <div class='ocr_carea' id='block_1_66' title="bbox 191 1785 981 1825">
    <p class='ocr_par' dir='ltr' id='par_1_66' title="bbox 191 1785 981 1825">
     <span class='ocr_line' id='line_1_66' title="bbox 191 1785 981 1825; baseline 0.003 -12"><span class='ocrx_word' id='word_1_498' title='bbox 191 1785 248 1813; x_wconf 85' lang='grc' dir='ltr'><strong>λων</strong></span> <span class='ocrx_word' id='word_1_499' title='bbox 261 1787 308 1813; x_wconf 82' lang='grc' dir='ltr'>τοῦ</span> <span class='ocrx_word' id='word_1_500' title='bbox 323 1787 448 1822; x_wconf 78' lang='grc' dir='ltr'>Σωτῆρος</span> <span class='ocrx_word' id='word_1_501' title='bbox 461 1788 539 1823; x_wconf 79' lang='grc' dir='ltr'>ἡμῶν</span> <span class='ocrx_word' id='word_1_502' title='bbox 553 1788 712 1823; x_wconf 68' lang='grc' dir='ltr'>διαγράφειν</span> <span class='ocrx_word' id='word_1_503' title='bbox 725 1787 790 1824; x_wconf 78' lang='grc' dir='ltr'>ἦθος</span> <span class='ocrx_word' id='word_1_504' title='bbox 803 1789 981 1825; x_wconf 80' lang='grc' dir='ltr'>πειρώμενον,</span> 
     </span>
    </p>
   </div>
   <div class='ocr_carea' id='block_1_67' title="bbox 191 1833 983 1871">
    <p class='ocr_par' dir='ltr' id='par_1_67' title="bbox 191 1833 983 1871">
     <span class='ocr_line' id='line_1_67' title="bbox 191 1833 983 1871; baseline 0.004 -11"><span class='ocrx_word' id='word_1_505' title='bbox 191 1833 348 1869; x_wconf 81' lang='grc' dir='ltr'>ἀρκούντων</span> <span class='ocrx_word' id='word_1_506' title='bbox 375 1835 421 1861; x_wconf 78' lang='grc' dir='ltr'>καὶ</span> <span class='ocrx_word' id='word_1_507' title='bbox 446 1834 499 1860; x_wconf 82' lang='grc' dir='ltr'>τῶν</span> <span class='ocrx_word' id='word_1_508' title='bbox 527 1835 679 1871; x_wconf 79' lang='grc' dir='ltr'>εἰρημένων</span> <span class='ocrx_word' id='word_1_509' title='bbox 700 1836 740 1867; x_wconf 84' lang='grc' dir='ltr'><strong>είς</strong></span> <span class='ocrx_word' id='word_1_510' title='bbox 766 1835 901 1868; x_wconf 72' lang='grc' dir='ltr'>ἀπόδειξιν</span> <span class='ocrx_word' id='word_1_511' title='bbox 935 1836 983 1863; x_wconf 79' lang='grc' dir='ltr'>τοῦ</span> 
     </span>
    </p>
   </div>
   <div class='ocr_carea' id='block_1_68' title="bbox 191 1876 981 1916">
    <p class='ocr_par' dir='ltr' id='par_1_68' title="bbox 191 1876 981 1916">
     <span class='ocr_line' id='line_1_68' title="bbox 191 1876 981 1916; baseline 0.006 -14"><span class='ocrx_word' id='word_1_512' title='bbox 191 1878 394 1912; x_wconf 78' lang='grc' dir='ltr'>προκιιμένου;</span> <span class='ocrx_word' id='word_1_513' title='bbox 414 1876 455 1910; x_wconf 75' lang='grc' dir='ltr'>οἷς</span> <span class='ocrx_word' id='word_1_514' title='bbox 471 1878 512 1905; x_wconf 75' lang='grc' dir='ltr'>ἔτι</span> <span class='ocrx_word' id='word_1_515' title='bbox 527 1879 613 1906; x_wconf 83' lang='grc' dir='ltr'>ταῦτα</span> <span class='ocrx_word' id='word_1_516' title='bbox 631 1880 770 1915; x_wconf 76' lang='grc' dir='ltr'>προσθεὶς,</span> <span class='ocrx_word' id='word_1_517' title='bbox 785 1881 831 1907; x_wconf 81' lang='grc' dir='ltr'>ἐπὶ</span> <span class='ocrx_word' id='word_1_518' title='bbox 846 1881 876 1907; x_wconf 82' lang='grc' dir='ltr'>τὸ</span> <span class='ocrx_word' id='word_1_519' title='bbox 890 1881 981 1916; x_wconf 68' lang='grc' dir='ltr'>ἕτερον</span> 
     </span>
    </p>
   </div>
   <div class='ocr_carea' id='block_1_69' title="bbox 191 1923 982 1961">
    <p class='ocr_par' dir='ltr' id='par_1_69' title="bbox 191 1923 982 1961">
     <span class='ocr_line' id='line_1_69' title="bbox 191 1923 982 1961; baseline 0.006 -12"><span class='ocrx_word' id='word_1_520' title='bbox 191 1924 287 1957; x_wconf 74' lang='grc' dir='ltr'>στῖφος</span> <span class='ocrx_word' id='word_1_521' title='bbox 315 1923 368 1950; x_wconf 85' lang='grc' dir='ltr'>τῶν</span> <span class='ocrx_word' id='word_1_522' title='bbox 402 1925 575 1959; x_wconf 82' lang='grc' dir='ltr'>συκοφαντῶν</span> <span class='ocrx_word' id='word_1_523' title='bbox 607 1926 805 1961; x_wconf 71' lang='grc' dir='ltr'>μεταϐήσομαι.</span> <span class='ocrx_word' id='word_1_524' title='bbox 843 1927 982 1959; x_wconf 80' lang='grc' dir='ltr'>Ματθαῖος</span> 
     </span>
    </p>
   </div>
   <div class='ocr_carea' id='block_1_70' title="bbox 189 1969 981 2008">
    <p class='ocr_par' dir='ltr' id='par_1_70' title="bbox 189 1969 981 2008">
     <span class='ocr_line' id='line_1_70' title="bbox 189 1969 981 2008; baseline 0.005 -12"><span class='ocrx_word' id='word_1_525' title='bbox 189 1969 341 2001; x_wconf 76' lang='grc' dir='ltr'>ἀπόστολος</span> <span class='ocrx_word' id='word_1_526' title='bbox 355 1970 400 1997; x_wconf 83' lang='grc' dir='ltr'>τὸν</span> <span class='ocrx_word' id='word_1_527' title='bbox 413 1971 545 2007; x_wconf 75' lang='grc' dir='ltr'>πρότερον</span> <span class='ocrx_word' id='word_1_528' title='bbox 562 1971 619 2006; x_wconf 89' lang='grc' dir='ltr'>βίον</span> <span class='ocrx_word' id='word_1_529' title='bbox 632 1973 682 1998; x_wconf 83' lang='grc' dir='ltr'>οὐκ</span> <span class='ocrx_word' id='word_1_530' title='bbox 696 1972 749 1999; x_wconf 85' lang='grc' dir='ltr'>ἀπὸ</span> <span class='ocrx_word' id='word_1_531' title='bbox 764 1973 866 2008; x_wconf 86' lang='grc' dir='ltr'>σεμνῆς</span> <span class='ocrx_word' id='word_1_532' title='bbox 880 1973 981 2008; x_wconf 81' lang='grc' dir='ltr'>διατρι-</span> 
     </span>
    </p>
   </div>
   <div class='ocr_carea' id='block_1_71' title="bbox 191 2015 980 2052">
    <p class='ocr_par' dir='ltr' id='par_1_71' title="bbox 191 2015 980 2052">
     <span class='ocr_line' id='line_1_71' title="bbox 191 2015 980 2052; baseline 0.004 -10"><span class='ocrx_word' id='word_1_533' title='bbox 191 2015 244 2052; x_wconf 72' lang='grc' dir='ltr'><strong>ϐῆς</strong></span> <span class='ocrx_word' id='word_1_534' title='bbox 255 2016 376 2052; x_wconf 83' lang='grc' dir='ltr'>ὡρμᾶτο,</span> <span class='ocrx_word' id='word_1_535' title='bbox 392 2018 424 2043; x_wconf 77' lang='grc' dir='ltr'><strong>ἐκ</strong></span> <span class='ocrx_word' id='word_1_536' title='bbox 434 2017 462 2043; x_wconf 77' lang='grc' dir='ltr'><strong>δὲ</strong></span> <span class='ocrx_word' id='word_1_537' title='bbox 479 2017 533 2043; x_wconf 82' lang='grc' dir='ltr'><strong>τῶν</strong></span> <span class='ocrx_word' id='word_1_538' title='bbox 546 2017 616 2052; x_wconf 78' lang='grc' dir='ltr'>ἀμφὶ</span> <span class='ocrx_word' id='word_1_539' title='bbox 632 2017 681 2049; x_wconf 80' lang='grc' dir='ltr'><strong>τὰς</strong></span> <span class='ocrx_word' id='word_1_540' title='bbox 695 2018 823 2050; x_wconf 86' lang='grc' dir='ltr'>τελωνίας</span> <span class='ocrx_word' id='word_1_541' title='bbox 838 2019 884 2045; x_wconf 73' lang='grc' dir='ltr'><strong>καὶ</strong></span> <span class='ocrx_word' id='word_1_542' title='bbox 901 2019 980 2048; x_wconf 85' lang='grc' dir='ltr'>πλεοτ</span> 
     </span>
    </p>
   </div>
   <div class='ocr_carea' id='block_1_72' title="bbox 190 2062 980 2099">
    <p class='ocr_par' dir='ltr' id='par_1_72' title="bbox 190 2062 980 2099">
     <span class='ocr_line' id='line_1_72' title="bbox 190 2062 980 2099; baseline 0.003 -10"><span class='ocrx_word' id='word_1_543' title='bbox 190 2062 283 2096; x_wconf 82' lang='grc' dir='ltr'>νεξίας</span> <span class='ocrx_word' id='word_1_544' title='bbox 300 2062 491 2098; x_wconf 81' lang='grc' dir='ltr'>σχολαζόντων.</span> <span class='ocrx_word' id='word_1_545' title='bbox 509 2063 594 2089; x_wconf 76' lang='grc' dir='ltr'>Τοῦτο</span> <span class='ocrx_word' id='word_1_546' title='bbox 609 2063 696 2095; x_wconf 79' lang='grc' dir='ltr'>οὐδεὶς</span> <span class='ocrx_word' id='word_1_547' title='bbox 712 2063 765 2090; x_wconf 83' lang='grc' dir='ltr'>τῶν</span> <span class='ocrx_word' id='word_1_548' title='bbox 781 2065 980 2099; x_wconf 77' lang='grc' dir='ltr'>εὐαγγελιστῶν</span> 
     </span>
    </p>
   </div>
   <div class='ocr_carea' id='block_1_73' title="bbox 190 2108 979 2144">
    <p class='ocr_par' dir='ltr' id='par_1_73' title="bbox 190 2108 979 2144">
     <span class='ocr_line' id='line_1_73' title="bbox 190 2108 979 2144; baseline 0.003 -10"><span class='ocrx_word' id='word_1_549' title='bbox 190 2108 335 2144; x_wconf 81' lang='grc' dir='ltr'>ἐδήλωσεν,</span> <span class='ocrx_word' id='word_1_550' title='bbox 347 2109 395 2143; x_wconf 80' lang='grc' dir='ltr'>οὐχ</span> <span class='ocrx_word' id='word_1_551' title='bbox 406 2110 420 2135; x_wconf 97' lang='lat'><strong>6</strong></span> <span class='ocrx_word' id='word_1_552' title='bbox 431 2109 626 2141; x_wconf 78' lang='grc' dir='ltr'>συναπύστολος</span> <span class='ocrx_word' id='word_1_553' title='bbox 637 2109 719 2135; x_wconf 75' lang='grc' dir='ltr'>αὐτοῦ</span> <span class='ocrx_word' id='word_1_554' title='bbox 732 2110 866 2144; x_wconf 79' lang='grc' dir='ltr'>Ἰωάννης,</span> <span class='ocrx_word' id='word_1_555' title='bbox 877 2110 937 2136; x_wconf 79' lang='grc' dir='ltr'>οὺδέ</span> <span class='ocrx_word' id='word_1_556' title='bbox 947 2119 979 2144; x_wconf 81' lang='grc' dir='ltr'><strong>γε</strong></span> 
     </span>
    </p>
   </div>
   <div class='ocr_carea' id='block_1_74' title="bbox 189 2153 980 2191">
    <p class='ocr_par' dir='ltr' id='par_1_74' title="bbox 189 2153 980 2191">
     <span class='ocr_line' id='line_1_74' title="bbox 189 2153 980 2191; baseline 0.004 -12"><span class='ocrx_word' id='word_1_557' title='bbox 189 2154 310 2185; x_wconf 80' lang='grc' dir='ltr'>Λουκᾶς,</span> <span class='ocrx_word' id='word_1_558' title='bbox 317 2153 377 2180; x_wconf 80' lang='grc' dir='ltr'><strong>οὐδὲ</strong></span> <span class='ocrx_word' id='word_1_559' title='bbox 385 2154 507 2190; x_wconf 83' lang='grc' dir='ltr'>Μάρκος,</span> <span class='ocrx_word' id='word_1_560' title='bbox 516 2156 530 2181; x_wconf 92' lang='lat'><strong>6</strong></span> <span class='ocrx_word' id='word_1_561' title='bbox 547 2155 575 2181; x_wconf 80' lang='grc' dir='ltr'><strong>δὲ</strong></span> <span class='ocrx_word' id='word_1_562' title='bbox 583 2155 719 2187; x_wconf 83' lang='grc' dir='ltr'>Ματθαῖος</span> <span class='ocrx_word' id='word_1_563' title='bbox 730 2155 775 2181; x_wconf 83' lang='grc' dir='ltr'>τὸν</span> <span class='ocrx_word' id='word_1_564' title='bbox 784 2156 880 2182; x_wconf 77' lang='grc' dir='ltr'>ἑαυτοῦ</span> <span class='ocrx_word' id='word_1_565' title='bbox 889 2156 980 2191; x_wconf 86' lang='grc' dir='ltr'>στηλι-</span> 
     </span>
    </p>
   </div>
   <div class='ocr_carea' id='block_1_75' title="bbox 187 2198 976 2237">
    <p class='ocr_par' dir='ltr' id='par_1_75' title="bbox 187 2198 976 2237">
     <span class='ocr_line' id='line_1_75' title="bbox 187 2198 976 2237; baseline 0.005 -12"><span class='ocrx_word' id='word_1_566' title='bbox 187 2198 278 2225; x_wconf 71' lang='grc' dir='ltr'>τεὺων</span> <span class='ocrx_word' id='word_1_567' title='bbox 294 2198 359 2233; x_wconf 90' lang='grc' dir='ltr'>βίον,</span> <span class='ocrx_word' id='word_1_568' title='bbox 375 2199 421 2225; x_wconf 81' lang='lat' dir='ltr'><strong>xui.</strong></span> <span class='ocrx_word' id='word_1_569' title='bbox 435 2201 585 2235; x_wconf 76' lang='grc' dir='ltr'>κατήγορος</span> <span class='ocrx_word' id='word_1_570' title='bbox 599 2201 679 2232; x_wconf 67' lang='grc' dir='ltr'>αὐτὸς</span> <span class='ocrx_word' id='word_1_571' title='bbox 696 2201 792 2227; x_wconf 78' lang='grc' dir='ltr'>ἑαυτοῦ</span> <span class='ocrx_word' id='word_1_572' title='bbox 808 2202 976 2237; x_wconf 80' lang='grc' dir='ltr'>γιγνόμενος.</span> 
     </span>
    </p>
   </div>
   <div class='ocr_carea' id='block_1_76' title="bbox 195 2238 975 2283">
    <p class='ocr_par' dir='ltr' id='par_1_76' title="bbox 195 2238 975 2283">
     <span class='ocr_line' id='line_1_76' title="bbox 195 2238 975 2283; baseline 0.005 -12"><span class='ocrx_word' id='word_1_573' title='bbox 195 2238 362 2271; x_wconf 73' lang='grc' dir='ltr'>Ἕπάκουσον</span> <span class='ocrx_word' id='word_1_574' title='bbox 373 2245 438 2279; x_wconf 82' lang='grc' dir='ltr'>γοῦν</span> <span class='ocrx_word' id='word_1_575' title='bbox 449 2246 522 2277; x_wconf 79' lang='grc' dir='ltr'>ὅπως</span> <span class='ocrx_word' id='word_1_576' title='bbox 533 2246 679 2282; x_wconf 70' lang='grc' dir='ltr'>διαρρήδην</span> <span class='ocrx_word' id='word_1_577' title='bbox 692 2248 736 2273; x_wconf 78' lang='grc' dir='ltr'>ἐπ’</span> <span class='ocrx_word' id='word_1_578' title='bbox 747 2247 878 2283; x_wconf 78' lang='grc' dir='ltr'>ὀνόματος</span> <span class='ocrx_word' id='word_1_579' title='bbox 890 2248 975 2275; x_wconf 73' lang='grc' dir='ltr'>αὐτοῦ</span> 
     </span>
    </p>
   </div>
   <div class='ocr_carea' id='block_1_77' title="bbox 190 2291 977 2329">
    <p class='ocr_par' dir='ltr' id='par_1_77' title="bbox 190 2291 977 2329">
     <span class='ocr_line' id='line_1_77' title="bbox 190 2291 977 2329; baseline 0.008 -14"><span class='ocrx_word' id='word_1_580' title='bbox 190 2291 328 2326; x_wconf 74' lang='grc' dir='ltr'>μέμνηται</span> <span class='ocrx_word' id='word_1_581' title='bbox 336 2291 365 2317; x_wconf 79' lang='grc' dir='ltr'><strong>ἐν</strong></span> <span class='ocrx_word' id='word_1_582' title='bbox 372 2291 410 2326; x_wconf 82' lang='grc' dir='ltr'>τῷ</span> <span class='ocrx_word' id='word_1_583' title='bbox 419 2291 487 2327; x_wconf 74' lang='grc' dir='ltr'>πρὸς</span> <span class='ocrx_word' id='word_1_584' title='bbox 497 2292 578 2319; x_wconf 75' lang='grc' dir='ltr'>αὑτοῦ</span> <span class='ocrx_word' id='word_1_585' title='bbox 591 2293 722 2328; x_wconf 77' lang='grc' dir='ltr'>γραφέντι</span> <span class='ocrx_word' id='word_1_586' title='bbox 738 2294 904 2329; x_wconf 72' lang='grc' dir='ltr'>Εὑαγγελιῳ,</span> <span class='ocrx_word' id='word_1_587' title='bbox 917 2294 977 2321; x_wconf 82' lang='grc' dir='ltr'><strong>τοῦ-</strong></span> 
     </span>
    </p>
   </div>
   <div class='ocr_carea' id='block_1_78' title="bbox 187 2337 976 2375">
    <p class='ocr_par' dir='ltr' id='par_1_78' title="bbox 187 2337 976 2375">
     <span class='ocr_line' id='line_1_78' title="bbox 187 2337 976 2375; baseline 0.005 -12"><span class='ocrx_word' id='word_1_588' title='bbox 187 2345 235 2364; x_wconf 63' lang='grc' dir='ltr'><strong>¹ιον</strong></span> <span class='ocrx_word' id='word_1_589' title='bbox 242 2337 329 2371; x_wconf 80' lang='grc' dir='ltr'>λέγων</span> <span class='ocrx_word' id='word_1_590' title='bbox 338 2337 384 2364; x_wconf 78' lang='grc' dir='ltr'><strong>τὸν</strong></span> <span class='ocrx_word' id='word_1_591' title='bbox 394 2338 504 2374; x_wconf 77' lang='grc' dir='ltr'>τρόπον’</span> <span class='ocrx_word' id='word_1_592' title='bbox 519 2348 527 2363; x_wconf 86' lang='grc' dir='ltr'><strong>ι</strong></span> <span class='ocrx_word' id='word_1_593' title='bbox 534 2339 588 2365; x_wconf 81' lang='grc' dir='ltr'><strong>Καὶ</strong></span> <span class='ocrx_word' id='word_1_594' title='bbox 599 2339 730 2374; x_wconf 81' lang='grc' dir='ltr'>παράγων</span> <span class='ocrx_word' id='word_1_595' title='bbox 742 2340 844 2367; x_wconf 79' lang='grc' dir='ltr'>ἐκεῖθεν</span> <span class='ocrx_word' id='word_1_596' title='bbox 854 2341 867 2366; x_wconf 91' lang='lat'><strong>6</strong></span> <span class='ocrx_word' id='word_1_597' title='bbox 877 2340 976 2375; x_wconf 71' lang='grc' dir='ltr'>Ἰησοῦς</span> 
     </span>
    </p>
   </div>
   <div class='ocr_carea' id='block_1_79' title="bbox 189 2381 975 2421">
    <p class='ocr_par' dir='ltr' id='par_1_79' title="bbox 189 2381 975 2421">
     <span class='ocr_line' id='line_1_79' title="bbox 189 2381 975 2421; baseline 0.006 -12"><span class='ocrx_word' id='word_1_598' title='bbox 189 2381 260 2409; x_wconf 77' lang='grc' dir='ltr'>εἶδεν</span> <span class='ocrx_word' id='word_1_599' title='bbox 272 2383 413 2421; x_wconf 82' lang='grc' dir='ltr'>ἄνθρωπον</span> <span class='ocrx_word' id='word_1_600' title='bbox 423 2384 576 2420; x_wconf 81' lang='grc' dir='ltr'>καθήμενον</span> <span class='ocrx_word' id='word_1_601' title='bbox 591 2385 636 2411; x_wconf 78' lang='grc' dir='ltr'>ἐπὶ</span> <span class='ocrx_word' id='word_1_602' title='bbox 650 2385 681 2411; x_wconf 80' lang='grc' dir='ltr'>τὸ</span> <span class='ocrx_word' id='word_1_603' title='bbox 692 2385 828 2418; x_wconf 81' lang='grc' dir='ltr'>τελώνιον,</span> <span class='ocrx_word' id='word_1_604' title='bbox 837 2387 975 2414; x_wconf 86' lang='grc' dir='ltr'>Ματοαῖον</span> 
     </span>
    </p>
   </div>
   <div class='ocr_carea' id='block_1_80' title="bbox 188 2420 1014 2468">
    <p class='ocr_par' dir='ltr' id='par_1_80' title="bbox 188 2420 1014 2468">
     <span class='ocr_line' id='line_1_80' title="bbox 188 2420 1014 2468; baseline 0.007 -13"><span class='ocrx_word' id='word_1_605' title='bbox 188 2429 317 2465; x_wconf 71' lang='grc' dir='ltr'>ὀνόματι,</span> <span class='ocrx_word' id='word_1_606' title='bbox 349 2430 396 2457; x_wconf 70' lang='grc' dir='ltr'><strong>καὶ</strong></span> <span class='ocrx_word' id='word_1_607' title='bbox 430 2429 507 2458; x_wconf 73' lang='grc' dir='ltr'>εἶπεν</span> <span class='ocrx_word' id='word_1_608' title='bbox 542 2431 631 2466; x_wconf 68' lang='grc' dir='ltr'>αὐτῷ’</span> <span class='ocrx_word' id='word_1_609' title='bbox 661 2432 813 2459; x_wconf 81' lang='grc' dir='ltr'>Ἀκολούθει</span> <span class='ocrx_word' id='word_1_610' title='bbox 838 2442 897 2468; x_wconf 85' lang='grc' dir='ltr'>μοι·</span> <span class='ocrx_word' id='word_1_611' title='bbox 929 2435 976 2460; x_wconf 82' lang='grc' dir='ltr'>καὶ</span> <span class='ocrx_word' id='word_1_612' title='bbox 991 2420 1014 2447; x_wconf 81' lang='lat' dir='ltr'><strong>D</strong></span> 
     </span>
    </p>
   </div>
   <div class='ocr_carea' id='block_1_81' title="bbox 187 2475 976 2515">
    <p class='ocr_par' dir='ltr' id='par_1_81' title="bbox 187 2475 976 2515">
     <span class='ocr_line' id='line_1_81' title="bbox 187 2475 976 2515; baseline 0.005 -13"><span class='ocrx_word' id='word_1_613' title='bbox 187 2475 308 2507; x_wconf 76' lang='grc' dir='ltr'>ἀναστὰς</span> <span class='ocrx_word' id='word_1_614' title='bbox 329 2476 510 2512; x_wconf 70' lang='grc' dir='ltr'>ἠκολούθησεν</span> <span class='ocrx_word' id='word_1_615' title='bbox 524 2477 606 2512; x_wconf 77' lang='grc' dir='ltr'>αὐτῷ.</span> <span class='ocrx_word' id='word_1_616' title='bbox 625 2478 679 2505; x_wconf 80' lang='grc' dir='ltr'><strong>Καὶ</strong></span> <span class='ocrx_word' id='word_1_617' title='bbox 697 2479 814 2512; x_wconf 76' lang='grc' dir='ltr'>ἐγένετο,</span> <span class='ocrx_word' id='word_1_618' title='bbox 832 2480 976 2515; x_wconf 85' lang='grc' dir='ltr'>ἀνακειμέ-</span> 
     </span>
    </p>
   </div>
   <div class='ocr_carea' id='block_1_82' title="bbox 186 2522 976 2558">
    <p class='ocr_par' dir='ltr' id='par_1_82' title="bbox 186 2522 976 2558">
     <span class='ocr_line' id='line_1_82' title="bbox 186 2522 976 2558; baseline 0.005 -10"><span class='ocrx_word' id='word_1_619' title='bbox 186 2531 235 2549; x_wconf 87' lang='grc' dir='ltr'><strong>νου</strong></span> <span class='ocrx_word' id='word_1_620' title='bbox 254 2522 337 2548; x_wconf 80' lang='grc' dir='ltr'><strong>αὑτοῦ</strong></span> <span class='ocrx_word' id='word_1_621' title='bbox 355 2523 384 2548; x_wconf 88' lang='grc' dir='ltr'><strong>ἐν</strong></span> <span class='ocrx_word' id='word_1_622' title='bbox 397 2523 430 2558; x_wconf 81' lang='grc' dir='ltr'><strong>τῇ</strong></span> <span class='ocrx_word' id='word_1_623' title='bbox 452 2523 534 2558; x_wconf 81' lang='grc' dir='ltr'>οἰκίᾳ,</span> <span class='ocrx_word' id='word_1_624' title='bbox 551 2523 598 2550; x_wconf 86' lang='lat' dir='ltr'><strong>xui.</strong></span> <span class='ocrx_word' id='word_1_625' title='bbox 617 2523 670 2551; x_wconf 78' lang='grc' dir='ltr'>ἰδοὺ</span> <span class='ocrx_word' id='word_1_626' title='bbox 689 2525 780 2551; x_wconf 76' lang='grc' dir='ltr'>πολλοὶ</span> <span class='ocrx_word' id='word_1_627' title='bbox 799 2525 912 2553; x_wconf 84' lang='grc' dir='ltr'>τελῶναι</span> <span class='ocrx_word' id='word_1_628' title='bbox 929 2527 976 2553; x_wconf 78' lang='lat' dir='ltr'><strong>xui</strong></span> 
     </span>
    </p>
   </div>
   <div class='ocr_carea' id='block_1_83' title="bbox 186 2567 976 2607">
    <p class='ocr_par' dir='ltr' id='par_1_83' title="bbox 186 2567 976 2607">
     <span class='ocr_line' id='line_1_83' title="bbox 186 2567 976 2607; baseline 0.005 -13"><span class='ocrx_word' id='word_1_629' title='bbox 186 2567 346 2604; x_wconf 71' lang='grc' dir='ltr'>ἁμαρτωλοὶ</span> <span class='ocrx_word' id='word_1_630' title='bbox 359 2568 545 2596; x_wconf 79' lang='grc' dir='ltr'>συνανέκειντο</span> <span class='ocrx_word' id='word_1_631' title='bbox 557 2569 595 2604; x_wconf 82' lang='grc' dir='ltr'>τῷ</span> <span class='ocrx_word' id='word_1_632' title='bbox 612 2570 698 2605; x_wconf 86' lang='grc' dir='ltr'>Ἰησοῦ</span> <span class='ocrx_word' id='word_1_633' title='bbox 712 2571 759 2597; x_wconf 89' lang='lat' dir='ltr'><strong>xui.</strong></span> <span class='ocrx_word' id='word_1_634' title='bbox 771 2572 828 2603; x_wconf 84' lang='grc' dir='ltr'>τοῖς</span> <span class='ocrx_word' id='word_1_635' title='bbox 844 2572 976 2607; x_wconf 77' lang='grc' dir='ltr'>μαθηταῖς</span> 
     </span>
    </p>
   </div>
   <div class='ocr_carea' id='block_1_84' title="bbox 186 2613 978 2652">
    <p class='ocr_par' dir='ltr' id='par_1_84' title="bbox 186 2613 978 2652">
     <span class='ocr_line' id='line_1_84' title="bbox 186 2613 978 2652; baseline 0.004 -10"><span class='ocrx_word' id='word_1_636' title='bbox 186 2613 283 2642; x_wconf 72' lang='grc' dir='ltr'>αὑτοῦ.</span> <span class='ocrx_word' id='word_1_637' title='bbox 300 2623 310 2640; x_wconf 77' lang='grc' dir='ltr'><strong>ι</strong></span> <span class='ocrx_word' id='word_1_638' title='bbox 336 2615 392 2641; x_wconf 76' lang='grc' dir='ltr'><strong>Καὶ</strong></span> <span class='ocrx_word' id='word_1_639' title='bbox 415 2614 495 2642; x_wconf 86' lang='grc' dir='ltr'>πάλιν</span> <span class='ocrx_word' id='word_1_640' title='bbox 512 2615 614 2651; x_wconf 83' lang='grc' dir='ltr'>προῖὼν</span> <span class='ocrx_word' id='word_1_641' title='bbox 633 2616 705 2651; x_wconf 80' lang='grc' dir='ltr'>ἑξῆς,</span> <span class='ocrx_word' id='word_1_642' title='bbox 721 2616 767 2642; x_wconf 82' lang='grc' dir='ltr'><strong>τόν</strong></span> <span class='ocrx_word' id='word_1_643' title='bbox 785 2625 814 2642; x_wconf 82' lang='grc' dir='ltr'><strong>τε</strong></span> <span class='ocrx_word' id='word_1_644' title='bbox 830 2617 978 2652; x_wconf 81' lang='grc' dir='ltr'>κατάλογον</span> 
     </span>
    </p>
   </div>
   <div class='ocr_carea' id='block_1_85' title="bbox 183 2659 977 2697">
    <p class='ocr_par' dir='ltr' id='par_1_85' title="bbox 183 2659 977 2697">
     <span class='ocr_line' id='line_1_85' title="bbox 183 2659 977 2697; baseline 0.004 -11"><span class='ocrx_word' id='word_1_645' title='bbox 183 2659 239 2687; x_wconf 82' lang='grc' dir='ltr'>τῶν</span> <span class='ocrx_word' id='word_1_646' title='bbox 255 2659 386 2696; x_wconf 82' lang='grc' dir='ltr'>μαθητῶν</span> <span class='ocrx_word' id='word_1_647' title='bbox 404 2659 644 2696; x_wconf 76' lang='grc' dir='ltr'>ἐξαριθμούμενος,</span> <span class='ocrx_word' id='word_1_648' title='bbox 669 2662 750 2694; x_wconf 80' lang='grc' dir='ltr'>αὐτὸς</span> <span class='ocrx_word' id='word_1_649' title='bbox 771 2662 860 2697; x_wconf 84' lang='grc' dir='ltr'>ἐαυτῷ</span> <span class='ocrx_word' id='word_1_650' title='bbox 882 2663 912 2689; x_wconf 79' lang='grc' dir='ltr'>τὸ</span> <span class='ocrx_word' id='word_1_651' title='bbox 930 2663 977 2689; x_wconf 82' lang='grc' dir='ltr'>τοῦ</span> 
     </span>
    </p>
   </div>
   <div class='ocr_carea' id='block_1_86' title="bbox 183 2705 976 2742">
    <p class='ocr_par' dir='ltr' id='par_1_86' title="bbox 183 2705 976 2742">
     <span class='ocr_line' id='line_1_86' title="bbox 183 2705 976 2742; baseline 0.004 -10"><span class='ocrx_word' id='word_1_652' title='bbox 183 2705 301 2733; x_wconf 82' lang='grc' dir='ltr'>τελώνου</span> <span class='ocrx_word' id='word_1_653' title='bbox 331 2706 417 2742; x_wconf 77' lang='grc' dir='ltr'>θνομα</span> <span class='ocrx_word' id='word_1_654' title='bbox 443 2706 630 2741; x_wconf 86' lang='grc' dir='ltr'>προστίθησιν.</span> <span class='ocrx_word' id='word_1_655' title='bbox 654 2707 734 2741; x_wconf 81' lang='grc' dir='ltr'>Λέγει</span> <span class='ocrx_word' id='word_1_656' title='bbox 757 2708 779 2735; x_wconf 75' lang='grc' dir='ltr'><strong>δ’</strong></span> <span class='ocrx_word' id='word_1_657' title='bbox 798 2707 860 2735; x_wconf 84' lang='grc' dir='ltr'>οὖν·</span> <span class='ocrx_word' id='word_1_658' title='bbox 891 2719 899 2734; x_wconf 84' lang='grc' dir='ltr'><strong>ι</strong></span> <span class='ocrx_word' id='word_1_659' title='bbox 916 2709 976 2735; x_wconf 82' lang='grc' dir='ltr'>Τῶν</span> 
     </span>
    </p>
   </div>
   <div class='ocr_carea' id='block_1_87' title="bbox 181 2743 974 2791">
    <p class='ocr_par' dir='ltr' id='par_1_87' title="bbox 181 2743 974 2791">
     <span class='ocr_line' id='line_1_87' title="bbox 181 2743 974 2791; baseline 0.005 -13"><span class='ocrx_word' id='word_1_660' title='bbox 181 2743 212 2778; x_wconf 58' lang='grc' dir='ltr'><strong>δὲ</strong></span> <span class='ocrx_word' id='word_1_661' title='bbox 226 2750 332 2779; x_wconf 75' lang='grc' dir='ltr'>δώδεκα</span> <span class='ocrx_word' id='word_1_662' title='bbox 348 2752 505 2779; x_wconf 79' lang='grc' dir='ltr'>ἀποστόλων</span> <span class='ocrx_word' id='word_1_663' title='bbox 519 2751 554 2778; x_wconf 87' lang='grc' dir='ltr'>τὰ</span> <span class='ocrx_word' id='word_1_664' title='bbox 565 2752 685 2787; x_wconf 80' lang='grc' dir='ltr'>ὀνόματά</span> <span class='ocrx_word' id='word_1_665' title='bbox 700 2754 758 2780; x_wconf 75' lang='grc' dir='ltr'>ἐστι</span> <span class='ocrx_word' id='word_1_666' title='bbox 772 2754 857 2781; x_wconf 83' lang='grc' dir='ltr'>ταῦτα</span> <span class='ocrx_word' id='word_1_667' title='bbox 867 2763 873 2770; x_wconf 90' lang='grc'><strong>·</strong></span> <span class='ocrx_word' id='word_1_668' title='bbox 898 2755 974 2791; x_wconf 79' lang='grc' dir='ltr'>πρῶ-</span> 
     </span>
    </p>
   </div>
   <div class='ocr_carea' id='block_1_88' title="bbox 181 2797 973 2837">
    <p class='ocr_par' dir='ltr' id='par_1_88' title="bbox 181 2797 973 2837">
     <span class='ocr_line' id='line_1_88' title="bbox 181 2797 973 2837; baseline 0.009 -14"><span class='ocrx_word' id='word_1_669' title='bbox 181 2804 228 2828; x_wconf 78' lang='grc' dir='ltr'><strong>τος</strong></span> <span class='ocrx_word' id='word_1_670' title='bbox 241 2797 335 2833; x_wconf 87' lang='grc' dir='ltr'>Σίμων</span> <span class='ocrx_word' id='word_1_671' title='bbox 353 2799 368 2825; x_wconf 86' lang='lat'><strong>6</strong></span> <span class='ocrx_word' id='word_1_672' title='bbox 379 2798 523 2834; x_wconf 81' lang='grc' dir='ltr'>λεγόμενος</span> <span class='ocrx_word' id='word_1_673' title='bbox 537 2799 649 2836; x_wconf 70' lang='grc' dir='ltr'>Πέτρος,</span> <span class='ocrx_word' id='word_1_674' title='bbox 662 2801 708 2828; x_wconf 75' lang='grc' dir='ltr'><strong>καὶ</strong></span> <span class='ocrx_word' id='word_1_675' title='bbox 729 2802 854 2837; x_wconf 82' lang='grc' dir='ltr'>Ἀνδρέας</span> <span class='ocrx_word' id='word_1_676' title='bbox 869 2803 883 2829; x_wconf 89' lang='lat'><strong>6</strong></span> <span class='ocrx_word' id='word_1_677' title='bbox 896 2803 973 2829; x_wconf 83' lang='grc' dir='ltr'>ἁδελ-</span> 
     </span>
    </p>
   </div>
   <div class='ocr_carea' id='block_1_89' title="bbox 183 2841 973 2884">
    <p class='ocr_par' dir='ltr' id='par_1_89' title="bbox 183 2841 973 2884">
     <span class='ocr_line' id='line_1_89' title="bbox 183 2841 973 2884; baseline 0.01 -16"><span class='ocrx_word' id='word_1_678' title='bbox 183 2841 232 2877; x_wconf 72' lang='grc' dir='ltr'>φὸς</span> <span class='ocrx_word' id='word_1_679' title='bbox 248 2842 344 2875; x_wconf 80' lang='grc' dir='ltr'>αὐτοῦ,</span> <span class='ocrx_word' id='word_1_680' title='bbox 367 2844 494 2877; x_wconf 75' lang='grc' dir='ltr'>Ἰάκωϐος</span> <span class='ocrx_word' id='word_1_681' title='bbox 513 2846 527 2869; x_wconf 81' lang='lat'><strong>6</strong></span> <span class='ocrx_word' id='word_1_682' title='bbox 546 2845 594 2871; x_wconf 75' lang='grc' dir='ltr'>τοῦ</span> <span class='ocrx_word' id='word_1_683' title='bbox 609 2847 761 2879; x_wconf 76' lang='grc' dir='ltr'>Ζεϐεδαίου,</span> <span class='ocrx_word' id='word_1_684' title='bbox 779 2848 826 2874; x_wconf 79' lang='grc' dir='ltr'>καὶ</span> <span class='ocrx_word' id='word_1_685' title='bbox 848 2849 973 2884; x_wconf 74' lang='grc' dir='ltr'>Ἰωάννης</span> 
     </span>
    </p>
   </div>
   <div class='ocr_carea' id='block_1_90' title="bbox 218 2889 989 2930">
    <p class='ocr_par' dir='ltr' id='par_1_90' title="bbox 218 2889 989 2930">
     <span class='ocr_line' id='line_1_90' title="bbox 218 2889 989 2930; baseline 0.012 -13"><span class='ocrx_word' id='word_1_686' title='bbox 218 2889 310 2918; x_wconf 78' lang='lat' dir='ltr'><strong>&quot;Act.</strong></span> <span class='ocrx_word' id='word_1_687' title='bbox 327 2899 369 2923; x_wconf 85' lang='lat' dir='ltr'><strong>Ill,</strong></span> <span class='ocrx_word' id='word_1_688' title='bbox 385 2891 413 2919; x_wconf 87' lang='lat'><em>6.</em></span> <span class='ocrx_word' id='word_1_689' title='bbox 487 2893 509 2908; x_wconf 85' lang='grc'><strong>⁷⁰</strong></span> <span class='ocrx_word' id='word_1_690' title='bbox 523 2892 590 2920; x_wconf 91' lang='lat' dir='ltr'><strong>Luc.</strong></span> <span class='ocrx_word' id='word_1_691' title='bbox 607 2903 644 2925; x_wconf 73' lang='lat' dir='ltr'><strong>vr,</strong></span> <span class='ocrx_word' id='word_1_692' title='bbox 660 2895 705 2921; x_wconf 71' lang='lat'><strong>25.</strong></span> <span class='ocrx_word' id='word_1_693' title='bbox 745 2897 764 2911; x_wconf 76' lang='grc' dir='ltr'><strong>τ’</strong></span> <span class='ocrx_word' id='word_1_694' title='bbox 781 2895 874 2924; x_wconf 68' lang='grc' dir='ltr'>Μαιιιι.</span> <span class='ocrx_word' id='word_1_695' title='bbox 894 2906 930 2930; x_wconf 79' lang='lat' dir='ltr'><strong>ix,</strong></span> <span class='ocrx_word' id='word_1_696' title='bbox 946 2898 989 2926; x_wconf 78' lang='grc'><strong>10.</strong></span> 
     </span>
    </p>
   </div>
   <div class='ocr_carea' id='block_1_91' title="bbox 214 2936 684 2971">
    <p class='ocr_par' dir='ltr' id='par_1_91' title="bbox 214 2936 684 2971">
     <span class='ocr_line' id='line_1_91' title="bbox 214 2936 684 2971; baseline 0.013 -7"><span class='ocrx_word' id='word_1_697' title='bbox 214 2936 252 2971; x_wconf 81' lang='grc' dir='ltr'><strong>(ί)</strong></span> <span class='ocrx_word' id='word_1_698' title='bbox 273 2938 385 2966; x_wconf 72' lang='grc' dir='ltr'><strong>Αὐτοῦ.</strong></span> <span class='ocrx_word' id='word_1_699' title='bbox 403 2938 483 2968; x_wconf 85' lang='lat' dir='ltr'><strong>Forte</strong></span> <span class='ocrx_word' id='word_1_700' title='bbox 500 2941 588 2969; x_wconf 66' lang='grc' dir='ltr'>αὐτόν.</span> <span class='ocrx_word' id='word_1_701' title='bbox 609 2941 684 2970; x_wconf 70' lang='grc' dir='ltr'>[ἐυιῑ.</span> 
     </span>
    </p>
   </div>
   <div class='ocr_carea' id='block_1_92' title="bbox 1035 1786 1824 1826">
    <p class='ocr_par' dir='ltr' id='par_1_92' title="bbox 1035 1786 1824 1826">
     <span class='ocr_line' id='line_1_92' title="bbox 1035 1786 1824 1826; baseline 0.006 -13"><span class='ocrx_word' id='word_1_702' title='bbox 1035 1786 1192 1816; x_wconf 84' lang='lat' dir='ltr'><strong>describere</strong></span> <span class='ocrx_word' id='word_1_703' title='bbox 1210 1794 1367 1822; x_wconf 85' lang='lat' dir='ltr'><strong>conantem,</strong></span> <span class='ocrx_word' id='word_1_704' title='bbox 1387 1791 1464 1825; x_wconf 88' lang='lat' dir='ltr'><strong>plura</strong></span> <span class='ocrx_word' id='word_1_705' title='bbox 1486 1791 1514 1817; x_wconf 93' lang='lat' dir='ltr'><strong>in</strong></span> <span class='ocrx_word' id='word_1_706' title='bbox 1530 1799 1615 1818; x_wconf 92' lang='lat' dir='ltr'><strong>unum</strong></span> <span class='ocrx_word' id='word_1_707' title='bbox 1631 1799 1728 1826; x_wconf 80' lang='lat' dir='ltr'><strong>cogere</strong></span> <span class='ocrx_word' id='word_1_708' title='bbox 1741 1799 1824 1826; x_wconf 83' lang='lat' dir='ltr'><strong>opor—</strong></span> 
     </span>
    </p>
   </div>
   <div class='ocr_carea' id='block_1_93' title="bbox 1033 1835 1824 1871">
    <p class='ocr_par' dir='ltr' id='par_1_93' title="bbox 1033 1835 1824 1871">
     <span class='ocr_line' id='line_1_93' title="bbox 1033 1835 1824 1871; baseline 0.005 -11"><span class='ocrx_word' id='word_1_709' title='bbox 1033 1838 1080 1868; x_wconf 84' lang='lat' dir='ltr'><strong>tet,</strong></span> <span class='ocrx_word' id='word_1_710' title='bbox 1097 1842 1159 1861; x_wconf 89' lang='lat' dir='ltr'><strong>cum</strong></span> <span class='ocrx_word' id='word_1_711' title='bbox 1180 1835 1213 1863; x_wconf 89' lang='lat' dir='ltr'><strong>iis</strong></span> <span class='ocrx_word' id='word_1_712' title='bbox 1226 1844 1287 1871; x_wconf 77' lang='lat' dir='ltr'><strong>qua:</strong></span> <span class='ocrx_word' id='word_1_713' title='bbox 1305 1836 1378 1863; x_wconf 85' lang='lat' dir='ltr'><strong>dicta</strong></span> <span class='ocrx_word' id='word_1_714' title='bbox 1393 1840 1469 1870; x_wconf 87' lang='lat' dir='ltr'><strong>sunt,</strong></span> <span class='ocrx_word' id='word_1_715' title='bbox 1492 1837 1601 1864; x_wconf 89' lang='lat' dir='ltr'><strong>abunde</strong></span> <span class='ocrx_word' id='word_1_716' title='bbox 1620 1837 1741 1865; x_wconf 87' lang='lat' dir='ltr'><strong>contenti</strong></span> <span class='ocrx_word' id='word_1_717' title='bbox 1761 1845 1824 1865; x_wconf 87' lang='lat' dir='ltr'><strong>esse</strong></span> 
     </span>
    </p>
   </div>
   <div class='ocr_carea' id='block_1_94' title="bbox 1033 1882 1824 1919">
    <p class='ocr_par' dir='ltr' id='par_1_94' title="bbox 1033 1882 1824 1919">
     <span class='ocr_line' id='line_1_94' title="bbox 1033 1882 1824 1919; baseline 0.005 -12"><span class='ocrx_word' id='word_1_718' title='bbox 1033 1882 1181 1915; x_wconf 82' lang='lat' dir='ltr'><strong>possimus,</strong></span> <span class='ocrx_word' id='word_1_719' title='bbox 1197 1882 1230 1908; x_wconf 86' lang='lat' dir='ltr'><strong>ad</strong></span> <span class='ocrx_word' id='word_1_720' title='bbox 1245 1882 1271 1909; x_wconf 81' lang='lat' dir='ltr'><strong>id</strong></span> <span class='ocrx_word' id='word_1_721' title='bbox 1287 1882 1530 1911; x_wconf 87' lang='lat' dir='ltr'><strong>demonstrandum</strong></span> <span class='ocrx_word' id='word_1_722' title='bbox 1547 1883 1618 1919; x_wconf 92' lang='lat' dir='ltr'><strong>quod</strong></span> <span class='ocrx_word' id='word_1_723' title='bbox 1640 1891 1654 1910; x_wconf 91' lang='lat' dir='ltr'><strong>a</strong></span> <span class='ocrx_word' id='word_1_724' title='bbox 1669 1885 1750 1912; x_wconf 87' lang='lat' dir='ltr'><strong>nobis</strong></span> <span class='ocrx_word' id='word_1_725' title='bbox 1764 1892 1824 1919; x_wconf 88' lang='lat' dir='ltr'><strong>pro-</strong></span> 
     </span>
    </p>
   </div>
   <div class='ocr_carea' id='block_1_95' title="bbox 1033 1928 1823 1966">
    <p class='ocr_par' dir='ltr' id='par_1_95' title="bbox 1033 1928 1823 1966">
     <span class='ocr_line' id='line_1_95' title="bbox 1033 1928 1823 1966; baseline 0.005 -12"><span class='ocrx_word' id='word_1_726' title='bbox 1033 1928 1151 1962; x_wconf 90' lang='lat' dir='ltr'><strong>positum</strong></span> <span class='ocrx_word' id='word_1_727' title='bbox 1164 1928 1222 1956; x_wconf 87' lang='lat' dir='ltr'><strong>est?</strong></span> <span class='ocrx_word' id='word_1_728' title='bbox 1232 1928 1338 1961; x_wconf 87' lang='lat' dir='ltr'><strong>Quibus</strong></span> <span class='ocrx_word' id='word_1_729' title='bbox 1353 1937 1415 1957; x_wconf 86' lang='lat' dir='ltr'><strong>cum</strong></span> <span class='ocrx_word' id='word_1_730' title='bbox 1428 1938 1514 1966; x_wconf 84' lang='lat' dir='ltr'><strong>pauca</strong></span> <span class='ocrx_word' id='word_1_731' title='bbox 1531 1939 1593 1966; x_wconf 69' lang='lat' dir='ltr'><strong>quae</strong></span> <span class='ocrx_word' id='word_1_732' title='bbox 1608 1935 1762 1966; x_wconf 87' lang='lat' dir='ltr'><strong>sequuntur</strong></span> <span class='ocrx_word' id='word_1_733' title='bbox 1775 1931 1823 1958; x_wconf 87' lang='lat' dir='ltr'><strong>ad-</strong></span> 
     </span>
    </p>
   </div>
   <div class='ocr_carea' id='block_1_96' title="bbox 1031 1974 1824 2013">
    <p class='ocr_par' dir='ltr' id='par_1_96' title="bbox 1031 1974 1824 2013">
     <span class='ocr_line' id='line_1_96' title="bbox 1031 1974 1824 2013; baseline 0.004 -12"><span class='ocrx_word' id='word_1_734' title='bbox 1031 1974 1137 2006; x_wconf 91' lang='lat' dir='ltr'><strong>didero,</strong></span> <span class='ocrx_word' id='word_1_735' title='bbox 1151 1975 1185 2002; x_wconf 88' lang='lat' dir='ltr'><strong>ad</strong></span> <span class='ocrx_word' id='word_1_736' title='bbox 1204 1976 1276 2002; x_wconf 87' lang='lat' dir='ltr'><strong>aliud</strong></span> <span class='ocrx_word' id='word_1_737' title='bbox 1297 1976 1524 2004; x_wconf 87' lang='lat' dir='ltr'><strong>calumniantium</strong></span> <span class='ocrx_word' id='word_1_738' title='bbox 1547 1985 1633 2013; x_wconf 77' lang='lat' dir='ltr'><strong>genus</strong></span> <span class='ocrx_word' id='word_1_739' title='bbox 1653 1985 1696 2005; x_wconf 90' lang='lat' dir='ltr'><strong>me</strong></span> <span class='ocrx_word' id='word_1_740' title='bbox 1708 1985 1824 2005; x_wconf 86' lang='lat' dir='ltr'><strong>conver-</strong></span> 
     </span>
    </p>
   </div>
   <div class='ocr_carea' id='block_1_97' title="bbox 1031 2020 1823 2060">
    <p class='ocr_par' dir='ltr' id='par_1_97' title="bbox 1031 2020 1823 2060">
     <span class='ocr_line' id='line_1_97' title="bbox 1031 2020 1823 2060; baseline 0.008 -14"><span class='ocrx_word' id='word_1_741' title='bbox 1031 2025 1097 2046; x_wconf 89' lang='lat' dir='ltr'><strong>tam.</strong></span> <span class='ocrx_word' id='word_1_742' title='bbox 1121 2020 1263 2050; x_wconf 71' lang='lat' dir='ltr'><strong>Mattlia&#39;us</strong></span> <span class='ocrx_word' id='word_1_743' title='bbox 1285 2023 1424 2057; x_wconf 83' lang='lat' dir='ltr'><strong>apostolus</strong></span> <span class='ocrx_word' id='word_1_744' title='bbox 1447 2024 1510 2050; x_wconf 58' lang='lat' dir='ltr'><strong>vita</strong></span> <span class='ocrx_word' id='word_1_745' title='bbox 1530 2032 1628 2059; x_wconf 75' lang='lat' dir='ltr'><strong>genus,</strong></span> <span class='ocrx_word' id='word_1_746' title='bbox 1650 2024 1724 2060; x_wconf 85' lang='lat' dir='ltr'><strong>quod</strong></span> <span class='ocrx_word' id='word_1_747' title='bbox 1745 2024 1823 2059; x_wconf 88' lang='lat' dir='ltr'><strong>prius</strong></span> 
     </span>
    </p>
   </div>
   <div class='ocr_carea' id='block_1_98' title="bbox 1030 2069 1824 2105">
    <p class='ocr_par' dir='ltr' id='par_1_98' title="bbox 1030 2069 1824 2105">
     <span class='ocr_line' id='line_1_98' title="bbox 1030 2069 1824 2105; baseline 0.008 -12"><span class='ocrx_word' id='word_1_748' title='bbox 1030 2070 1152 2095; x_wconf 83' lang='lat' dir='ltr'><strong>sectatus</strong></span> <span class='ocrx_word' id='word_1_749' title='bbox 1169 2072 1222 2101; x_wconf 84' lang='lat' dir='ltr'><strong>est,</strong></span> <span class='ocrx_word' id='word_1_750' title='bbox 1240 2069 1316 2096; x_wconf 88' lang='lat' dir='ltr'><strong>nullo</strong></span> <span class='ocrx_word' id='word_1_751' title='bbox 1336 2070 1464 2105; x_wconf 76' lang='lat' dir='ltr'><strong>graviore</strong></span> <span class='ocrx_word' id='word_1_752' title='bbox 1484 2070 1579 2098; x_wconf 86' lang='lat' dir='ltr'><strong>studio</strong></span> <span class='ocrx_word' id='word_1_753' title='bbox 1601 2075 1648 2098; x_wconf 87' lang='lat' dir='ltr'><strong>aut</strong></span> <span class='ocrx_word' id='word_1_754' title='bbox 1674 2075 1824 2099; x_wconf 89' lang='lat' dir='ltr'><strong>consuetu-</strong></span> 
     </span>
    </p>
   </div>
   <div class='ocr_carea' id='block_1_99' title="bbox 1029 2114 1821 2153">
    <p class='ocr_par' dir='ltr' id='par_1_99' title="bbox 1029 2114 1821 2153">
     <span class='ocr_line' id='line_1_99' title="bbox 1029 2114 1821 2153; baseline 0.005 -12"><span class='ocrx_word' id='word_1_755' title='bbox 1029 2114 1093 2142; x_wconf 88' lang='lat' dir='ltr'><strong>dine</strong></span> <span class='ocrx_word' id='word_1_756' title='bbox 1121 2115 1252 2143; x_wconf 88' lang='lat' dir='ltr'><strong>relertum</strong></span> <span class='ocrx_word' id='word_1_757' title='bbox 1275 2116 1326 2143; x_wconf 83' lang='lat' dir='ltr'><strong>sibi</strong></span> <span class='ocrx_word' id='word_1_758' title='bbox 1349 2117 1461 2151; x_wconf 71' lang='lat' dir='ltr'><strong>delegit,</strong></span> <span class='ocrx_word' id='word_1_759' title='bbox 1485 2117 1533 2145; x_wconf 86' lang='lat' dir='ltr'><strong>sed</strong></span> <span class='ocrx_word' id='word_1_760' title='bbox 1554 2117 1627 2145; x_wconf 86' lang='lat' dir='ltr'><strong>inter</strong></span> <span class='ocrx_word' id='word_1_761' title='bbox 1648 2118 1821 2153; x_wconf 84' lang='lat' dir='ltr'><strong>publicanos,</strong></span> 
     </span>
    </p>
   </div>
   <div class='ocr_carea' id='block_1_100' title="bbox 1029 2162 1823 2200">
    <p class='ocr_par' dir='ltr' id='par_1_100' title="bbox 1029 2162 1823 2200">
     <span class='ocr_line' id='line_1_100' title="bbox 1029 2162 1823 2200; baseline 0.008 -13"><span class='ocrx_word' id='word_1_762' title='bbox 1029 2165 1056 2187; x_wconf 90' lang='lat' dir='ltr'><strong>et</strong></span> <span class='ocrx_word' id='word_1_763' title='bbox 1066 2169 1113 2188; x_wconf 83' lang='lat' dir='ltr'><strong>eos</strong></span> <span class='ocrx_word' id='word_1_764' title='bbox 1130 2162 1176 2196; x_wconf 91' lang='lat' dir='ltr'><strong>qui</strong></span> <span class='ocrx_word' id='word_1_765' title='bbox 1197 2163 1321 2196; x_wconf 67' lang='lat' dir='ltr'><strong>pecunia:</strong></span> <span class='ocrx_word' id='word_1_766' title='bbox 1339 2164 1500 2199; x_wconf 77' lang='lat' dir='ltr'><strong>colligenda:</strong></span> <span class='ocrx_word' id='word_1_767' title='bbox 1525 2168 1665 2192; x_wconf 86' lang='lat' dir='ltr'><strong>vacarent.</strong></span> <span class='ocrx_word' id='word_1_768' title='bbox 1685 2164 1743 2192; x_wconf 86' lang='lat' dir='ltr'><strong>Hoc</strong></span> <span class='ocrx_word' id='word_1_769' title='bbox 1761 2166 1823 2200; x_wconf 89' lang='lat' dir='ltr'><strong>qui-</strong></span> 
     </span>
    </p>
   </div>
   <div class='ocr_carea' id='block_1_101' title="bbox 1028 2207 1822 2246">
    <p class='ocr_par' dir='ltr' id='par_1_101' title="bbox 1028 2207 1822 2246">
     <span class='ocr_line' id='line_1_101' title="bbox 1028 2207 1822 2246; baseline 0.006 -12"><span class='ocrx_word' id='word_1_770' title='bbox 1028 2207 1090 2234; x_wconf 87' lang='lat' dir='ltr'><strong>dem</strong></span> <span class='ocrx_word' id='word_1_771' title='bbox 1104 2209 1195 2236; x_wconf 90' lang='lat' dir='ltr'><strong>nullus</strong></span> <span class='ocrx_word' id='word_1_772' title='bbox 1205 2209 1434 2244; x_wconf 80' lang='lat' dir='ltr'><strong>evangelistarum</strong></span> <span class='ocrx_word' id='word_1_773' title='bbox 1451 2210 1592 2242; x_wconf 83' lang='lat' dir='ltr'><strong>indicavit,</strong></span> <span class='ocrx_word' id='word_1_774' title='bbox 1605 2219 1659 2238; x_wconf 88' lang='lat' dir='ltr'><strong>non</strong></span> <span class='ocrx_word' id='word_1_775' title='bbox 1674 2215 1822 2246; x_wconf 89' lang='lat' dir='ltr'><strong>coaposto—</strong></span> 
     </span>
    </p>
   </div>
   <div class='ocr_carea' id='block_1_102' title="bbox 1029 2253 1822 2293">
    <p class='ocr_par' dir='ltr' id='par_1_102' title="bbox 1029 2253 1822 2293">
     <span class='ocr_line' id='line_1_102' title="bbox 1029 2253 1822 2293; baseline 0.008 -14"><span class='ocrx_word' id='word_1_776' title='bbox 1029 2253 1071 2281; x_wconf 89' lang='lat' dir='ltr'><strong>lus</strong></span> <span class='ocrx_word' id='word_1_777' title='bbox 1090 2255 1150 2289; x_wconf 90' lang='lat' dir='ltr'><strong>ejus</strong></span> <span class='ocrx_word' id='word_1_778' title='bbox 1164 2254 1295 2287; x_wconf 85' lang='lat' dir='ltr'><strong>Joannes,</strong></span> <span class='ocrx_word' id='word_1_779' title='bbox 1311 2264 1366 2283; x_wconf 88' lang='lat' dir='ltr'><strong>non</strong></span> <span class='ocrx_word' id='word_1_780' title='bbox 1381 2255 1481 2288; x_wconf 84' lang='lat' dir='ltr'><strong>Lucas,</strong></span> <span class='ocrx_word' id='word_1_781' title='bbox 1492 2265 1548 2284; x_wconf 93' lang='lat' dir='ltr'><strong>non</strong></span> <span class='ocrx_word' id='word_1_782' title='bbox 1563 2257 1682 2290; x_wconf 83' lang='lat' dir='ltr'><strong>Marcus,</strong></span> <span class='ocrx_word' id='word_1_783' title='bbox 1703 2257 1751 2285; x_wconf 81' lang='lat' dir='ltr'><strong>sed</strong></span> <span class='ocrx_word' id='word_1_784' title='bbox 1763 2258 1822 2293; x_wconf 86' lang='lat' dir='ltr'><strong>ipse</strong></span> 
     </span>
    </p>
   </div>
   <div class='ocr_carea' id='block_1_103' title="bbox 1029 2300 1821 2338">
    <p class='ocr_par' dir='ltr' id='par_1_103' title="bbox 1029 2300 1821 2338">
     <span class='ocr_line' id='line_1_103' title="bbox 1029 2300 1821 2338; baseline 0.005 -12"><span class='ocrx_word' id='word_1_785' title='bbox 1029 2300 1171 2328; x_wconf 68' lang='lat' dir='ltr'><strong>Matthaaus</strong></span> <span class='ocrx_word' id='word_1_786' title='bbox 1190 2309 1267 2328; x_wconf 89' lang='lat' dir='ltr'><strong>suam</strong></span> <span class='ocrx_word' id='word_1_787' title='bbox 1283 2302 1372 2336; x_wconf 89' lang='lat' dir='ltr'><strong>ipsius</strong></span> <span class='ocrx_word' id='word_1_788' title='bbox 1385 2302 1467 2329; x_wconf 84' lang='lat' dir='ltr'><strong>vitam</strong></span> <span class='ocrx_word' id='word_1_789' title='bbox 1485 2310 1540 2330; x_wconf 91' lang='lat' dir='ltr'><strong>non</strong></span> <span class='ocrx_word' id='word_1_790' title='bbox 1556 2303 1746 2335; x_wconf 87' lang='lat' dir='ltr'><strong>dissimulans,</strong></span> <span class='ocrx_word' id='word_1_791' title='bbox 1763 2303 1821 2338; x_wconf 84' lang='lat' dir='ltr'><strong>pla—</strong></span> 
     </span>
    </p>
   </div>
   <div class='ocr_carea' id='block_1_104' title="bbox 1027 2348 1821 2386">
    <p class='ocr_par' dir='ltr' id='par_1_104' title="bbox 1027 2348 1821 2386">
     <span class='ocr_line' id='line_1_104' title="bbox 1027 2348 1821 2386; baseline 0.005 -13"><span class='ocrx_word' id='word_1_792' title='bbox 1027 2354 1115 2382; x_wconf 84' lang='lat' dir='ltr'><strong>noque</strong></span> <span class='ocrx_word' id='word_1_793' title='bbox 1134 2348 1191 2381; x_wconf 87' lang='lat' dir='ltr'><strong>ipse</strong></span> <span class='ocrx_word' id='word_1_794' title='bbox 1207 2348 1326 2382; x_wconf 87' lang='lat' dir='ltr'><strong>seipsum</strong></span> <span class='ocrx_word' id='word_1_795' title='bbox 1339 2356 1485 2377; x_wconf 85' lang='lat' dir='ltr'><strong>accusans.</strong></span> <span class='ocrx_word' id='word_1_796' title='bbox 1500 2350 1572 2377; x_wconf 77' lang='lat' dir='ltr'><strong>Audi</strong></span> <span class='ocrx_word' id='word_1_797' title='bbox 1586 2350 1670 2384; x_wconf 73' lang='lat' dir='ltr'><strong>igitur</strong></span> <span class='ocrx_word' id='word_1_798' title='bbox 1684 2351 1821 2386; x_wconf 84' lang='lat' dir='ltr'><strong>quomodo</strong></span> 
     </span>
    </p>
   </div>
   <div class='ocr_carea' id='block_1_105' title="bbox 1027 2393 1820 2430">
    <p class='ocr_par' dir='ltr' id='par_1_105' title="bbox 1027 2393 1820 2430">
     <span class='ocr_line' id='line_1_105' title="bbox 1027 2393 1820 2430; baseline 0.006 -12"><span class='ocrx_word' id='word_1_799' title='bbox 1027 2393 1115 2427; x_wconf 86' lang='lat' dir='ltr'><strong>palam</strong></span> <span class='ocrx_word' id='word_1_800' title='bbox 1127 2393 1168 2420; x_wconf 91' lang='lat' dir='ltr'><strong>sui</strong></span> <span class='ocrx_word' id='word_1_801' title='bbox 1187 2394 1305 2421; x_wconf 87' lang='lat' dir='ltr'><strong>nominis</strong></span> <span class='ocrx_word' id='word_1_802' title='bbox 1330 2396 1465 2427; x_wconf 81' lang='lat' dir='ltr'><strong>meminit.</strong></span> <span class='ocrx_word' id='word_1_803' title='bbox 1479 2395 1506 2422; x_wconf 91' lang='lat' dir='ltr'><strong>in</strong></span> <span class='ocrx_word' id='word_1_804' title='bbox 1522 2403 1565 2427; x_wconf 89' lang='lat' dir='ltr'><strong>eo,</strong></span> <span class='ocrx_word' id='word_1_805' title='bbox 1585 2395 1657 2430; x_wconf 89' lang='lat' dir='ltr'><strong>quod</strong></span> <span class='ocrx_word' id='word_1_806' title='bbox 1673 2395 1731 2430; x_wconf 87' lang='lat' dir='ltr'><strong>ipse</strong></span> <span class='ocrx_word' id='word_1_807' title='bbox 1751 2397 1820 2423; x_wconf 87' lang='lat' dir='ltr'><strong>scri-</strong></span> 
     </span>
    </p>
   </div>
   <div class='ocr_carea' id='block_1_106' title="bbox 1029 2439 1820 2475">
    <p class='ocr_par' dir='ltr' id='par_1_106' title="bbox 1029 2439 1820 2475">
     <span class='ocr_line' id='line_1_106' title="bbox 1029 2439 1820 2475; baseline 0.004 -10"><span class='ocrx_word' id='word_1_808' title='bbox 1029 2439 1084 2473; x_wconf 88' lang='lat' dir='ltr'><strong>psit</strong></span> <span class='ocrx_word' id='word_1_809' title='bbox 1104 2439 1261 2474; x_wconf 80' lang='lat' dir='ltr'><strong>Evangelio,</strong></span> <span class='ocrx_word' id='word_1_810' title='bbox 1276 2444 1304 2467; x_wconf 90' lang='lat' dir='ltr'><strong>et</strong></span> <span class='ocrx_word' id='word_1_811' title='bbox 1329 2447 1421 2467; x_wconf 89' lang='lat' dir='ltr'><strong>mores</strong></span> <span class='ocrx_word' id='word_1_812' title='bbox 1448 2441 1575 2475; x_wconf 90' lang='lat' dir='ltr'><strong>proprios</strong></span> <span class='ocrx_word' id='word_1_813' title='bbox 1604 2441 1730 2468; x_wconf 83' lang='lat' dir='ltr'><strong>notavit;</strong></span> <span class='ocrx_word' id='word_1_814' title='bbox 1752 2452 1770 2468; x_wconf 42' lang='grc' dir='ltr'>ι,</span> <span class='ocrx_word' id='word_1_815' title='bbox 1787 2441 1820 2468; x_wconf 85' lang='lat' dir='ltr'><strong>Et</strong></span> 
     </span>
    </p>
   </div>
   <div class='ocr_carea' id='block_1_107' title="bbox 1030 2485 1818 2522">
    <p class='ocr_par' dir='ltr' id='par_1_107' title="bbox 1030 2485 1818 2522">
     <span class='ocr_line' id='line_1_107' title="bbox 1030 2485 1818 2522; baseline 0.008 -12"><span class='ocrx_word' id='word_1_816' title='bbox 1030 2485 1186 2519; x_wconf 67' lang='lat' dir='ltr'><strong>prmteriens</strong></span> <span class='ocrx_word' id='word_1_817' title='bbox 1202 2485 1276 2512; x_wconf 90' lang='lat' dir='ltr'><strong>illinc</strong></span> <span class='ocrx_word' id='word_1_818' title='bbox 1285 2485 1376 2518; x_wconf 82' lang='lat' dir='ltr'><strong>Jesus,</strong></span> <span class='ocrx_word' id='word_1_819' title='bbox 1393 2486 1459 2514; x_wconf 88' lang='lat' dir='ltr'><strong>vidit</strong></span> <span class='ocrx_word' id='word_1_820' title='bbox 1473 2487 1552 2522; x_wconf 74' lang='lat'><strong>120</strong></span> <span class='ocrx_word' id='word_1_821' title='bbox 1564 2488 1700 2515; x_wconf 79' lang='lat' dir='ltr'><strong>hominem</strong></span> <span class='ocrx_word' id='word_1_822' title='bbox 1718 2488 1818 2517; x_wconf 85' lang='lat' dir='ltr'><strong>seden-</strong></span> 
     </span>
    </p>
   </div>
   <div class='ocr_carea' id='block_1_108' title="bbox 1029 2531 1820 2564">
    <p class='ocr_par' dir='ltr' id='par_1_108' title="bbox 1029 2531 1820 2564">
     <span class='ocr_line' id='line_1_108' title="bbox 1029 2531 1820 2564; baseline 0.006 -7"><span class='ocrx_word' id='word_1_823' title='bbox 1029 2536 1083 2557; x_wconf 82' lang='lat' dir='ltr'><strong>tem</strong></span> <span class='ocrx_word' id='word_1_824' title='bbox 1100 2531 1128 2558; x_wconf 89' lang='lat' dir='ltr'><strong>in</strong></span> <span class='ocrx_word' id='word_1_825' title='bbox 1147 2531 1258 2564; x_wconf 85' lang='lat' dir='ltr'><strong>telonio,</strong></span> <span class='ocrx_word' id='word_1_826' title='bbox 1271 2531 1426 2560; x_wconf 67' lang='lat' dir='ltr'><strong>Matthaaum</strong></span> <span class='ocrx_word' id='word_1_827' title='bbox 1450 2534 1571 2564; x_wconf 88' lang='lat' dir='ltr'><strong>nomine,</strong></span> <span class='ocrx_word' id='word_1_828' title='bbox 1587 2538 1614 2561; x_wconf 90' lang='lat' dir='ltr'><strong>et</strong></span> <span class='ocrx_word' id='word_1_829' title='bbox 1633 2534 1702 2561; x_wconf 74' lang='lat' dir='ltr'><strong>dixit</strong></span> <span class='ocrx_word' id='word_1_830' title='bbox 1715 2534 1757 2561; x_wconf 87' lang='lat' dir='ltr'><strong>ei:</strong></span> <span class='ocrx_word' id='word_1_831' title='bbox 1770 2534 1820 2563; x_wconf 82' lang='lat' dir='ltr'><strong>Se-</strong></span> 
     </span>
    </p>
   </div>
   <div class='ocr_carea' id='block_1_109' title="bbox 1030 2579 1818 2612">
    <p class='ocr_par' dir='ltr' id='par_1_109' title="bbox 1030 2579 1818 2612">
     <span class='ocr_line' id='line_1_109' title="bbox 1030 2579 1818 2612; baseline 0.006 -11"><span class='ocrx_word' id='word_1_832' title='bbox 1030 2584 1114 2610; x_wconf 84' lang='lat' dir='ltr'><strong>querc</strong></span> <span class='ocrx_word' id='word_1_833' title='bbox 1130 2584 1184 2608; x_wconf 89' lang='lat' dir='ltr'><strong>me,</strong></span> <span class='ocrx_word' id='word_1_834' title='bbox 1205 2582 1232 2605; x_wconf 74' lang='grc' dir='ltr'><strong>ΘΙ-</strong></span> <span class='ocrx_word' id='word_1_835' title='bbox 1252 2585 1367 2612; x_wconf 76' lang='lat' dir='ltr'><strong>surgens</strong></span> <span class='ocrx_word' id='word_1_836' title='bbox 1385 2583 1496 2606; x_wconf 71' lang='grc' dir='ltr'>εθουιυε</span> <span class='ocrx_word' id='word_1_837' title='bbox 1515 2583 1558 2606; x_wconf 88' lang='lat' dir='ltr'><strong>est</strong></span> <span class='ocrx_word' id='word_1_838' title='bbox 1573 2586 1648 2611; x_wconf 90' lang='lat' dir='ltr'><strong>eum,</strong></span> <span class='ocrx_word' id='word_1_839' title='bbox 1670 2584 1698 2606; x_wconf 87' lang='lat' dir='ltr'><strong>et</strong></span> <span class='ocrx_word' id='word_1_840' title='bbox 1715 2579 1818 2607; x_wconf 77' lang='lat' dir='ltr'><strong>factum</strong></span> 
     </span>
    </p>
   </div>
   <div class='ocr_carea' id='block_1_110' title="bbox 1028 2623 1819 2662">
    <p class='ocr_par' dir='ltr' id='par_1_110' title="bbox 1028 2623 1819 2662">
     <span class='ocr_line' id='line_1_110' title="bbox 1028 2623 1819 2662; baseline 0.006 -13"><span class='ocrx_word' id='word_1_841' title='bbox 1028 2627 1080 2655; x_wconf 83' lang='lat' dir='ltr'><strong>est,</strong></span> <span class='ocrx_word' id='word_1_842' title='bbox 1097 2623 1287 2651; x_wconf 87' lang='lat' dir='ltr'><strong>discumbente</strong></span> <span class='ocrx_word' id='word_1_843' title='bbox 1302 2624 1348 2651; x_wconf 86' lang='lat' dir='ltr'><strong>illo</strong></span> <span class='ocrx_word' id='word_1_844' title='bbox 1365 2624 1391 2651; x_wconf 93' lang='lat' dir='ltr'><strong>in</strong></span> <span class='ocrx_word' id='word_1_845' title='bbox 1409 2625 1500 2658; x_wconf 91' lang='lat' dir='ltr'><strong>domo,</strong></span> <span class='ocrx_word' id='word_1_846' title='bbox 1512 2633 1577 2653; x_wconf 88' lang='lat' dir='ltr'><strong>ecce</strong></span> <span class='ocrx_word' id='word_1_847' title='bbox 1589 2626 1665 2652; x_wconf 90' lang='lat' dir='ltr'><strong>multi</strong></span> <span class='ocrx_word' id='word_1_848' title='bbox 1678 2627 1819 2662; x_wconf 87' lang='lat' dir='ltr'><strong>publicani</strong></span> 
     </span>
    </p>
   </div>
   <div class='ocr_carea' id='block_1_111' title="bbox 1028 2671 1820 2706">
    <p class='ocr_par' dir='ltr' id='par_1_111' title="bbox 1028 2671 1820 2706">
     <span class='ocr_line' id='line_1_111' title="bbox 1028 2671 1820 2706; baseline 0.008 -12"><span class='ocrx_word' id='word_1_849' title='bbox 1028 2672 1054 2695; x_wconf 89' lang='lat' dir='ltr'><strong>et</strong></span> <span class='ocrx_word' id='word_1_850' title='bbox 1078 2674 1238 2703; x_wconf 85' lang='lat' dir='ltr'><strong>peccatores</strong></span> <span class='ocrx_word' id='word_1_851' title='bbox 1260 2671 1342 2698; x_wconf 89' lang='lat' dir='ltr'><strong>simul</strong></span> <span class='ocrx_word' id='word_1_852' title='bbox 1367 2671 1578 2699; x_wconf 86' lang='lat' dir='ltr'><strong>discumbebant</strong></span> <span class='ocrx_word' id='word_1_853' title='bbox 1605 2680 1667 2699; x_wconf 91' lang='lat' dir='ltr'><strong>cum</strong></span> <span class='ocrx_word' id='word_1_854' title='bbox 1686 2672 1769 2706; x_wconf 76' lang='lat' dir='ltr'><strong>Jesu,</strong></span> <span class='ocrx_word' id='word_1_855' title='bbox 1792 2678 1820 2700; x_wconf 87' lang='lat' dir='ltr'><strong>et</strong></span> 
     </span>
    </p>
   </div>
   <div class='ocr_carea' id='block_1_112' title="bbox 1027 2714 1816 2753">
    <p class='ocr_par' dir='ltr' id='par_1_112' title="bbox 1027 2714 1816 2753">
     <span class='ocr_line' id='line_1_112' title="bbox 1027 2714 1816 2753; baseline 0.006 -12"><span class='ocrx_word' id='word_1_856' title='bbox 1027 2714 1169 2749; x_wconf 81' lang='lat' dir='ltr'><strong>discipulis</strong></span> <span class='ocrx_word' id='word_1_857' title='bbox 1193 2717 1295 2751; x_wconf 82' lang='lat' dir='ltr'><strong>ejus“.</strong></span> <span class='ocrx_word' id='word_1_858' title='bbox 1310 2726 1318 2742; x_wconf 83' lang='lat' dir='ltr'><strong>I</strong></span> <span class='ocrx_word' id='word_1_859' title='bbox 1336 2717 1469 2752; x_wconf 87' lang='lat' dir='ltr'><strong>Deinceps</strong></span> <span class='ocrx_word' id='word_1_860' title='bbox 1494 2725 1620 2745; x_wconf 88' lang='lat' dir='ltr'><strong>sermone</strong></span> <span class='ocrx_word' id='word_1_861' title='bbox 1642 2726 1816 2753; x_wconf 73' lang='lat' dir='ltr'><strong>progressus,</strong></span> 
     </span>
    </p>
   </div>
   <div class='ocr_carea' id='block_1_113' title="bbox 1026 2761 1816 2802">
    <p class='ocr_par' dir='ltr' id='par_1_113' title="bbox 1026 2761 1816 2802">
     <span class='ocr_line' id='line_1_113' title="bbox 1026 2761 1816 2802; baseline 0.009 -15"><span class='ocrx_word' id='word_1_862' title='bbox 1026 2769 1058 2787; x_wconf 87' lang='lat' dir='ltr'><strong>ac</strong></span> <span class='ocrx_word' id='word_1_863' title='bbox 1073 2761 1270 2798; x_wconf 90' lang='lat' dir='ltr'><strong>discipulorum</strong></span> <span class='ocrx_word' id='word_1_864' title='bbox 1292 2765 1404 2791; x_wconf 87' lang='lat' dir='ltr'><strong>nomina</strong></span> <span class='ocrx_word' id='word_1_865' title='bbox 1419 2773 1595 2798; x_wconf 79' lang='lat' dir='ltr'><strong>enumeratis,</strong></span> <span class='ocrx_word' id='word_1_866' title='bbox 1613 2766 1672 2801; x_wconf 87' lang='lat' dir='ltr'><strong>ipse</strong></span> <span class='ocrx_word' id='word_1_867' title='bbox 1690 2766 1742 2793; x_wconf 86' lang='lat' dir='ltr'><strong>sibi</strong></span> <span class='ocrx_word' id='word_1_868' title='bbox 1765 2767 1816 2802; x_wconf 87' lang='lat' dir='ltr'><strong>ipsi</strong></span> 
     </span>
    </p>
   </div>
   <div class='ocr_carea' id='block_1_114' title="bbox 1026 2807 1819 2847">
    <p class='ocr_par' dir='ltr' id='par_1_114' title="bbox 1026 2807 1819 2847">
     <span class='ocr_line' id='line_1_114' title="bbox 1026 2807 1819 2847; baseline 0.01 -14"><span class='ocrx_word' id='word_1_869' title='bbox 1026 2807 1162 2841; x_wconf 89' lang='lat' dir='ltr'><strong>publicani</strong></span> <span class='ocrx_word' id='word_1_870' title='bbox 1177 2817 1276 2838; x_wconf 89' lang='lat' dir='ltr'><strong>nomen</strong></span> <span class='ocrx_word' id='word_1_871' title='bbox 1291 2810 1424 2845; x_wconf 83' lang='lat' dir='ltr'><strong>adjungit,</strong></span> <span class='ocrx_word' id='word_1_872' title='bbox 1440 2812 1619 2847; x_wconf 80' lang='lat' dir='ltr'><strong>dicitigitur:</strong></span> <span class='ocrx_word' id='word_1_873' title='bbox 1639 2822 1648 2838; x_wconf 79' lang='grc' dir='ltr'><strong>ι</strong></span> <span class='ocrx_word' id='word_1_874' title='bbox 1668 2812 1819 2841; x_wconf 86' lang='lat' dir='ltr'><strong>Duodecim</strong></span> 
     </span>
    </p>
   </div>
   <div class='ocr_carea' id='block_1_115' title="bbox 1025 2855 1816 2893">
    <p class='ocr_par' dir='ltr' id='par_1_115' title="bbox 1025 2855 1816 2893">
     <span class='ocr_line' id='line_1_115' title="bbox 1025 2855 1816 2893; baseline 0.008 -14"><span class='ocrx_word' id='word_1_875' title='bbox 1025 2861 1089 2880; x_wconf 81' lang='lat' dir='ltr'><strong>vero</strong></span> <span class='ocrx_word' id='word_1_876' title='bbox 1105 2855 1291 2890; x_wconf 87' lang='lat' dir='ltr'><strong>apostolorum</strong></span> <span class='ocrx_word' id='word_1_877' title='bbox 1304 2857 1415 2884; x_wconf 88' lang='lat' dir='ltr'><strong>nomina</strong></span> <span class='ocrx_word' id='word_1_878' title='bbox 1430 2862 1493 2887; x_wconf 87' lang='lat' dir='ltr'><strong>sunt</strong></span> <span class='ocrx_word' id='word_1_879' title='bbox 1509 2858 1576 2891; x_wconf 75' lang='lat' dir='ltr'><strong>haec,</strong></span> <span class='ocrx_word' id='word_1_880' title='bbox 1588 2858 1693 2893; x_wconf 85' lang='lat' dir='ltr'><strong>primus</strong></span> <span class='ocrx_word' id='word_1_881' title='bbox 1710 2858 1816 2890; x_wconf 81' lang='lat' dir='ltr'><strong>Simon,</strong></span> 
     </span>
    </p>
   </div>
  </div>
