2071 3219
274 201 328 230 £45

609 205 743 233 EUSEBH
762 205 1000 234 CESARlENSlS
1015 206 1090 234 OPP.
1111 207 1199 234 PARS
1215 207 1246 235 ll.
1260 223 1295 228 —
1311 206 1559 238 APOLOGETICA.

1839 210 1896 238 2ιὸ

273 262 320 296 qui
339 262 439 290 dicitur
454 262 563 295 Petrus,
580 268 609 291 et
620 264 744 292 Andreas
759 264 843 292 frater
859 265 927 299 ejus,
943 265 1044 292 Jacobu

1109 265 1124 291 ὁ
1134 266 1245 300 ἀδελφὸς
1259 265 1352 297 αὐτοῦ,
1365 266 1496 298 Φίλιππος
1507 267 1553 294 καὶ
1567 267 1776 303 Βαρθολομαῖος,
1791 267 1897 303 Θωμᾶς,

273 306 410 340 Zebedari,
422 313 448 336 et
465 308 584 338 Joannes
603 310 688 337 frater
706 311 776 345 ejus,
796 311 938 347 Philippus
953 317 980 339 et
996 311 1059 338 Bar-

273 354 447 387 tholomaaus,
472 354 591 383 Thomas
613 360 640 384 et
661 356 802 384 lllatthzeus
820 358 1026 393 publicanus".
1046 367 1055 383 ›

277 398 370 434 Itaque
383 400 523 428 Matlhznus
536 401 702 429 abundantia
714 403 829 437 quadam
842 403 989 436 modestiae,
1004 407 1058 431 stu-

276 446 352 473 dium
371 455 426 482 pra:
440 455 469 475 se
484 447 573 476 ferens
586 449 709 476 veritatis
726 450 753 476 in
768 449 826 477 suis
843 449 964 478 moribus
981 450 1052 477 indi-

274 493 381 524 candis,
403 493 578 528 publicanum
599 502 628 522 se
649 495 805 530 appellavit,
824 503 912 531 neque
939 497 1056 531 priorem

275 545 353 565 suam
368 539 450 566 vitam
465 541 604 568 occultare
624 542 718 568 voluit.
734 542 768 569 Et
784 543 903 570 secundo
922 543 982 570 loco
996 547 1057 577 post

275 585 405 618 aequalem
416 592 494 612 suum
510 594 539 613 se
554 588 712 614 nominavit.
727 587 794 615 Cum
804 588 876 616 enim
890 589 988 622 singuli
1000 589 1056 616 sin-

275 630 347 663 gulis
373 637 576 666 comparantnr.
591 633 649 667 ipse
666 633 809 661 Matthzeus
824 633 944 667 Thomzc,
959 634 1056 663 Petrus

272 676 398 708 Andreaa,
418 677 537 705 Jacobus
553 677 661 710 Joanni,
683 679 824 714 Philippus
847 680 1055 714 Bartholomazo,

273 721 406 750 Thomam
430 724 481 751 sibi
501 724 552 759 ipsi
579 726 723 760 praeponit,
747 727 865 760 priorem
887 727 925 754 illi
948 727 1055 760 locum,

272 770 397 803 quamvis
409 771 578 805 coapostolo,
593 775 722 806 tanquam
740 772 908 800 honoratiori
923 774 1055 807 tribuens,

272 814 381 841 tametsi
408 815 506 849 reliqui
541 817 714 851 evangelista
741 818 910 844 contrarium
940 817 1055 847 faciunt.

271 858 343 886 Audi
359 861 450 895 itaque
459 860 572 893 Lucam,
590 867 619 888 ut
631 862 748 889 Matthaei
762 863 925 890 mentionem
941 863 1054 896 faciens,

273 911 327 930 non
354 905 529 939 publicanum
552 906 627 938 dicit,
650 915 737 940 neque
761 912 823 942 post
842 907 973 935 Thomam
999 909 1056 935 col-

1108 317 1155 339 και
1169 312 1306 344 Ματθαῖος
1317 313 1331 338 ὁ
1346 312 1473 349 τελώνης.
1484 322 1493 338 ι
1503 314 1594 346 οὕτως
1610 315 1658 350 μὲν
1673 315 1687 341 ὁ
1701 315 1848 347 Ματὺαῐος,
1858 315 1894 342 δι’

1108 358 1259 394 ὑπερϐολὴν
1281 359 1431 392 ἐπιεικείας
1455 360 1484 387 τδ
1501 361 1645 396 φιλάληθες
1663 362 1818 396 ὑποφαίνων
1843 362 1893 389 τοῦ

1109 403 1174 430 ἰδίου
1199 404 1318 439 τρόπου,
1349 405 1396 431 καὶ
1419 405 1538 440 τελώνην
1563 407 1656 433 ἑαυτὸν
1684 407 1831 438 ἀπεκάλει,
1854 407 1893 442 μὴ

1108 449 1290 484 ἀποκρύπτων
1317 450 1363 477 τὸν
1388 452 1520 487 πρότερον
1547 452 1644 478 ἑαυτοῦ
1670 452 1746 486 βίον,
1774 453 1820 478 καὶ
1844 452 1893 479 τοῦ

1108 494 1226 529 συζύγου
1247 495 1372 532 δεύτερον
1393 497 1489 524 ἑαυτὸν
1504 498 1659 532 κατέλεγεν.
1676 498 1895 533 Συνεζευγμένος

1107 540 1171 574 γοῦν
1192 540 1230 576 τῷ
1242 541 1336 577 Θωμᾷ,
1355 543 1368 568 ὁ
1385 543 1486 578 Πέτρος
1505 543 1626 578 Ἀνδρέα,
1643 543 1689 570 καὶ
1712 543 1838 575 Ἰάκωϐος
1853 542 1892 578 τῷ

1114 585 1239 621 Ἰωάννῃ,
1266 587 1311 612 καὶ
1337 586 1467 618 Φίλιππος
1501 587 1710 623 Βαρθολομαίῳ,
1746 587 1891 622 προτάττει

1107 630 1203 656 ἑαυτοῦ
1219 630 1264 657 τὸν
1280 631 1389 666 Θωμᾶν,
1405 632 1542 668 προτιμῶν
1562 632 1599 664 ὡς
1613 633 1754 668 κρείττονα
1767 633 1812 659 τὸν
1829 642 1892 660 συν-

1107 676 1272 707 απύστολον,
1295 677 1349 703 τῶν
1373 677 1472 704 λοιπῶν
1506 678 1705 712 εὐαγγελιστῶν
1738 679 1892 706 τούναντίον

1107 722 1303 756 πεποιηκότων.
1317 723 1415 750 Ἀκουε
1429 724 1492 757 γοῦν
1503 725 1604 754 Λουκᾶ,
1617 724 1684 755 πῶς,
1696 724 1741 750 τοῦ
1751 724 1890 750 Ματθαίου

1108 767 1305 802 μνημονεύσας,
1332 769 1361 795 οὐ
1377 769 1494 805 τελώνην
1516 769 1652 805 ὀνομάζει,
1675 770 1728 796 οὐδ’
1747 771 1891 797 ὐποτάττει

1106 812 1144 847 τῷ
1159 813 1259 848 Θωμᾷ,
1276 814 1416 850 κρείττονα
1437 815 1465 841 δὲ
1484 815 1563 842 αὐτὸν
1583 815 1670 846 εἰδὼς.
1685 815 1792 850 πρῶτον
1809 815 1890 842 αὐτὸν

1107 858 1258 891 κατέλεξεν,
1281 859 1406 896 δεύτερον
1429 861 1473 887 τὸν
1494 860 1593 895 Θωμᾶν
1618 860 1776 895 ἐπαγαγὼν,
1793 859 1890 896 ὥσπερ

1106 904 1153 930 καὶ
1174 905 1188 930 ὁ
1200 904 1311 940 Μάρκος
1331 907 1479 941 πεποίηκεν
1489 915 1495 921 ·
1516 906 1605 941 έχουσι
1621 906 1649 933 δὲ
1663 906 1744 933 αὑτοῦ
1759 907 1787 933 αἱ
1803 906 1890 940 λέξεις

271 948 353 981 locat,
368 950 415 977 sed
427 952 641 986 prmstantiorem
656 953 730 979 illum
744 960 922 988 cognoscens,
938 955 1048 989 priorcn

1106 950 1208 982 οὕτως·
1240 951 1318 977 (Καὶ
1340 952 1383 977 ὅτε
1413 952 1503 987 ἡμέρα
1526 951 1649 985 ἐγένετο,
1677 951 1800 987 ὲφώνησε
1826 953 1890 983 τοὺς

270 1005 380 1031 quoque
395 998 527 1030 nominat,
542 998 673 1026 Thomam
685 999 723 1026 illi
736 999 858 1027 secundo
873 1001 932 1028 loco
944 1001 1054 1035 subjun-

270 1051 348 1077 gens,
362 1044 434 1079 quod
457 1045 545 1080 ipsum
567 1045 675 1073 Marcus
695 1055 802 1081 quoque
822 1049 951 1076 servavit.
966 1048 1054 1076 Verba

270 1091 353 1124 igitur
378 1091 451 1118 illius
474 1092 514 1118 sic
536 1099 565 1119 se
583 1092 686 1120 habent
702 1102 709 1119 :
724 1102 734 1118 ‹
754 1093 787 1120 Ει
805 1101 866 1120 cum
888 1094 946 1122 dies
967 1094 1054 1122 factus

268 1141 352 1167 esset.
371 1138 478 1164 vocavit
501 1138 652 1174 discipulos
669 1147 745 1172 suos,
767 1144 794 1168 et
809 1141 889 1176 elegit
909 1143 1052 1171 duodecim

267 1190 301 1208 ex
322 1182 373 1212 eis.
397 1190 466 1217 quos
487 1186 513 1209 et
536 1183 674 1218 apostolos
700 1185 852 1212 nominavit
872 1195 878 1212 :
904 1186 1052 1218 Simonem,

268 1235 348 1262 quem
374 1229 456 1255 etiam
478 1227 589 1255 Petrum
609 1230 728 1261 vocavit,
745 1234 772 1257 et
788 1230 923 1259 Andream
941 1232 1053 1259 fratrem

269 1271 344 1306 ejus,
357 1271 487 1299 Iacobum
505 1277 530 1299 et
545 1271 688 1305 Joannem,
699 1273 854 1310 Philippum
871 1280 898 1303 et
912 1276 1054 1304 Bartholo-

268 1326 378 1350 mzeum,
396 1318 549 1346 ltlatlhxeum
568 1322 594 1346 et
610 1319 741 1347 Thomam
754 1321 786 1348 ⁷³.
808 1331 817 1347 ι
836 1321 881 1348 Sic
897 1322 1052 1349 Matthaeum

267 1363 357 1391 Lucas
377 1365 526 1399 anteponit,
547 1365 773 1399 quemadmodum
797 1367 849 1402 ipsi
873 1367 1051 1399 tradiderant,

267 1410 314 1445 qui
328 1410 362 1437 ab
379 1410 456 1437 initio
471 1411 523 1445 ipsi
540 1411 675 1443 viderant,
693 1416 719 1439 et
735 1413 853 1439 ministri
869 1413 977 1441 fuerant
993 1422 1052 1442 ser-

267 1455 367 1484 monis.
385 1455 516 1483 Joannem
530 1466 638 1493 qnoque
650 1459 765 1486 similem
780 1458 906 1487 Matthmo
921 1461 1051 1488 invenies.

267 1499 335 1527 Nam
348 1501 374 1527 in
390 1502 448 1528 suis
466 1502 590 1536 epistolis
607 1511 640 1530 ne
661 1503 784 1530 meminit
800 1504 909 1538 quidem
925 1512 981 1532 suae
1002 1513 1051 1539 ap-

268 1546 435 1581 pellationis,
447 1552 494 1574 aut
506 1548 641 1576 seniorem
654 1557 683 1577 se
698 1550 831 1582 nominat,
842 1557 976 1585 nusquam
988 1558 1052 1578 vero

268 1593 421 1628 apostolum
442 1597 489 1620 aut
502 1595 707 1630 evangelistam.
729 1594 758 1621 In
780 1595 926 1630 Evangelia
948 1600 1048 1628 autem,

266 1646 328 1666 cum
341 1639 521 1674 Signiﬁcasset
532 1641 608 1668 illum
622 1649 701 1676 quem
715 1641 939 1676 diligebatJesus,
951 1650 1048 1670 nomen

265 1693 345 1712 suum
363 1693 418 1713 non
442 1687 545 1721 posuit.
563 1686 662 1714 Petrus
685 1695 750 1715 vero
772 1696 804 1715 ex
828 1688 912 1714 nimia
932 1687 1049 1722 quadam

264 1733 430 1764 reverentia,
447 1741 480 1760 ne
495 1733 606 1768 dignum
618 1733 725 1768 quidem
744 1741 773 1761 se
792 1734 941 1769 scriptione
961 1734 1049 1761 Evan-

264 1779 327 1814 gelii
349 1780 526 1807 existimavit.
549 1780 600 1808 Sed
620 1780 682 1815 ejus
704 1780 848 1808 familiaris
870 1788 902 1808 ac
927 1781 1048 1816 discipu-

263 1824 307 1852 lus
328 1824 446 1857 Marcus,
472 1825 498 1852 in
525 1825 751 1860 commentarium
775 1826 903 1853 retulisse
926 1826 1047 1860 ejusdem

263 1869 297 1896 de
326 1871 409 1898 rebus
439 1871 524 1905 gestis
552 1870 634 1903 Jesu,
664 1870 836 1898 narrationes
872 1877 1046 1899 memoratur.

264 1915 342 1950 121
353 1915 404 1948 Qui
423 1923 484 1942 cum
496 1916 529 1943 ad
542 1916 616 1943 illum
629 1916 748 1943 historia:
761 1916 849 1942 locum
858 1916 987 1947 venisset.
1001 1917 1046 1944 ubi

261 1959 342 1988 Jesus
366 1961 552 1996 interrogavit,
567 1968 646 1996 quem
660 1969 689 1988 se
703 1969 763 1988 esse
777 1961 899 1988 homines
915 1961 1045 1992 dicerent,

262 2006 368 2041 ipsique
387 2006 429 2033 sui
449 2006 575 2041 discipuli
592 2014 673 2041 quam
689 2005 723 2033 de
744 2014 773 2033 se
792 2006 946 2040 opinionem
963 2006 1046 2034 habe-

260 2055 334 2083 rent,
352 2051 595 2087 subjunxissetque
609 2052 716 2083 Petrus,
732 2056 860 2087 tauquam
878 2053 912 2080 de
925 2053 1045 2086 Christo,

260 2097 330 2124 nihil
345 2097 382 2124 illi
398 2097 607 2132 respondentem
624 2097 715 2125 Jesum
735 2102 782 2125 aut
794 2098 927 2126 dicentem
942 2099 1045 2126 descri-

260 2140 310 2173 κεῖ,
324 2142 370 2170 sed
392 2143 447 2170 illis
463 2142 673 2170 comminantem
694 2143 836 2176 duntaxat,
854 2149 883 2170 ut
894 2146 995 2172 nemini
1011 2146 1044 2172 de

258 2194 320 2223 .pso
337 2189 438 2215 dicant.
455 2188 513 2215 Non
530 2188 602 2215 enim
618 2188 742 2215 interfuit
758 2188 865 2216 Marcus
886 2190 920 2217 iis
943 2198 1002 2225 qua-
1028 2198 1044 2216 a

260 2235 370 2261 Christo
385 2235 455 2261 dicta
481 2239 544 2262 sunt
560 2244 566 2262 :
589 2242 621 2262 ac
635 2242 669 2262 ne
684 2234 781 2262 Petrus
795 2235 915 2269 quidem,
933 2243 993 2270 quae
1009 2236 1043 2263 ad

260 2280 350 2315 ipSum
369 2286 400 2306 ac
415 2279 448 2306 de
462 2279 521 2314 ipso
537 2279 609 2306 dicta
626 2284 689 2307 sunt
703 2280 736 2307 ab
751 2279 826 2310 Jesu,
841 2281 951 2315 proprio
967 2282 1043 2308 testi-

257 2326 351 2353 monio
375 2326 496 2360 proferre
523 2333 630 2360 acquum
655 2326 769 2360 putavit.
797 2326 862 2358 Quae
883 2330 972 2352 autem
998 2327 1043 2353 illa

257 2371 322 2401 sint.
334 2378 394 2406 qua:
404 2371 529 2398 videlicet
539 2371 572 2397 ad
588 2372 675 2406 ipsum
688 2371 795 2398 Petrum
810 2371 882 2398 dicta
893 2375 967 2403 sunt,
980 2371 1045 2398 Mat-

257 2417 344 2443 thzeus
353 2417 394 2443 his
405 2416 507 2443 indicat
515 2417 619 2444 verbis:
631 2426 640 2442 ι
647 2415 700 2443 Vos
709 2420 798 2443 autem
808 2424 887 2451 quem
900 2425 941 2444 me
952 2417 1043 2444 dicitis

255 2463 333 2489 esse?
347 2467 373 2488 et
384 2462 551 2496 respondens
562 2462 654 2489 Simon
665 2462 762 2489 Petrus
774 2461 857 2489 dixit:
869 2462 908 2489 'l'u
924 2470 953 2490 es
969 2462 1043 2490 Chri-

258 2512 317 2535 stus
330 2507 414 2535 Filius
423 2508 469 2535 Dei
482 2507 546 2534 vivi.
561 2507 738 2542 Respondens
748 2506 827 2535 Jesus
837 2507 905 2535 dixit
917 2508 940 2535 ei
957 2518 964 2536 :
977 2508 1040 2535 Bea-

257 2559 303 2580 ως
317 2561 357 2583 es,
371 2553 465 2580 Simon
481 2553 607 2587 Barjona.
618 2553 745 2588 quoniam
757 2560 822 2580 caro
829 2556 856 2579 et
865 2553 976 2588 sanguis
983 2561 1038 2580 non

257 2599 387 2625 revelavit
400 2599 464 2631 tibi,
480 2599 528 2626 sed
545 2598 626 2626 Pater
649 2606 726 2626 meus
745 2599 791 2633 qui
802 2603 845 2625 est
866 2599 893 2625 in
908 2599 996 2631 ccelis,
1012 2603 1038 2626 et

257 2650 307 2678 ego
321 2644 369 2670 tibi
383 2644 444 2671 dico
457 2654 464 2671 :
483 2645 523 2672 Tu
537 2653 567 2672 es
579 2644 686 2676 Petrus,
699 2649 726 2671 et
744 2652 826 2678 super
847 2644 918 2671 hanc
933 2649 1037 2679 petram

256 2689 395 2716 adificabo
419 2690 568 2718 Ecclesiam
597 2698 696 2723 meam,
716 2695 742 2718 et
759 2694 843 2726 portae
868 2690 965 2718 inferni
982 2698 1037 2718 non

255 2735 438 2770 prmvalebtlnt
452 2735 584 2762 adversus
594 2740 701 2769 eam;et
715 2736 786 2763 dabo
802 2736 850 2763 tibi
864 2736 954 2764 claves
961 2737 1036 2771 regni

255 2781 395 2811 malorum,
403 2783 602 2816 etquzecunque
612 2782 736 2816 ligaveris
749 2790 831 2817 super
839 2785 950 2815 terram,
958 2785 1038 2810 erunt

254 2825 335 2860 ligata
348 2830 375 2852 et
387 2827 414 2853 in
428 2818 520 2854 caelis:
540 2831 566 2854 et
578 2835 745 2862 quaecunque
759 2828 873 2856 solveris
885 2835 966 2863 super
981 2832 1036 2855 ter-

306 2905 327 2921 "
340 2905 431 2933 Matth.
441 2914 468 2939 ς,
481 2906 507 2941 ‘2,
521 2907 548 2935 3.
585 2907 607 2923 ⁷⁸
620 2907 683 2934 Luc.
694 2915 720 2934 vt
733 2926 738 2939 ,
755 2906 848 2934 4545.

1109 996 1230 1032 μαθητὰς
1249 997 1347 1028 αὐτοῦ,
1363 997 1410 1023 καὶ
1428 996 1603 1032 ἐκλεξάμενος
1621 997 1650 1030 ἐξ
1668 997 1757 1024 αὐτῶν
1774 997 1889 1029 δώδεκα,

1105 1042 1153 1074 οὓς
1172 1043 1218 1069 καὶ⁴
1237 1042 1399 1074 ἀποστόλους
1418 1043 1568 1077 ὠνόμασεν,
1584 1043 1702 1078 Σίμωνα,
1716 1042 1745 1069 ὃν
1763 1043 1809 1069 καὶ
1824 1043 1889 1069 ἐκά-

1105 1087 1166 1114 λεσε
1179 1087 1289 1123 Πέτρον,
1312 1088 1359 1114 καὶ
1379 1088 1503 1123 Ἀνδρέαν
1522 1089 1567 1114 τὸν
1588 1088 1699 1123 ἀδελφὸν
1723 1088 1815 1120 αὐτοῦ,
1837 1089 1888 1115 Ἰά-

1105 1133 1192 1159 κωϐον
1206 1134 1252 1159 καὶ
1263 1133 1400 1168 Ἰωάννην,
1409 1133 1456 1159 καὶ
1467 1133 1607 1164 Φίλιππον,
1618 1134 1665 1159 καὶ
1677 1133 1886 1168 Βαρθολομαῖον,

1105 1179 1152 1206 καὶ
1169 1179 1318 1210 Ματθαῖον,
1341 1181 1388 1206 καὶ
1410 1179 1520 1214 Θωμᾶν.
1535 1189 1544 1204 ι
1561 1179 1654 1210 Οὕτως
1678 1180 1726 1214 μὲν
1747 1179 1792 1205 τὸν
1807 1179 1887 1205 Ματ-

1105 1225 1179 1251 θαῖον
1199 1225 1214 1250 ὁ
1228 1226 1333 1256 Λουκᾶς
1356 1225 1485 1260 ἐτίμησε,
1509 1225 1568 1252 καθ’
1594 1224 1612 1251 ἂ.
1635 1225 1794 1261 παρέδωκαν
1813 1225 1888 1260 αὐτῷ

1103 1271 1128 1297 οί
1146 1271 1271 1306 ἀπαρχῆς
1291 1271 1421 1298 αὐτόπται
1448 1271 1495 1297 καὶ
1517 1270 1651 1306 ὑπηρέται
1676 1271 1816 1306 γενόμενοι
1837 1270 1887 1297 τοῦ

1103 1316 1191 1351 λόγου.
1217 1317 1272 1343 Καὶ
1291 1317 1334 1342 τὸν
1360 1317 1485 1352 Ἰωάννην
1512 1316 1541 1342 δὲ
1566 1317 1657 1351 ὅμοιον
1684 1316 1773 1352 εὖροις
1796 1316 1828 1342 ἂν
1847 1316 1887 1352 τῷ

1103 1362 1242 1397 Ματοαίῳ.
1270 1362 1313 1388 Ἐν
1332 1362 1380 1397 μὲν
1397 1362 1452 1396 γὰρ
1473 1364 1534 1394 ταῖς
1555 1363 1709 1393 ἐπιστολαῖς
1728 1361 1810 1388 αὐτοῦ
1826 1362 1887 1388 οὐδὲ

1105 1408 1213 1442 μνήμην
1226 1408 1276 1442 τῆς
1287 1408 1388 1439 οἰκείας
1402 1408 1584 1443 προσηγορίας
1598 1409 1721 1440 ποιεῖται,
1737 1407 1753 1442 ἦ
1769 1407 1887 1444 πρεσϐύ-

1102 1461 1179 1488 τερον
1201 1453 1294 1479 ἑαυτὸν
1317 1453 1453 1488 ὀνομάζει,
1474 1453 1590 1488 οὐδαμοῦ
1609 1454 1637 1480 δὲ
1653 1453 1810 1484 ἀπόστολον,
1824 1454 1886 1480 οὐδὲ

1102 1499 1311 1534 εὐαγγελιστήψ
1329 1499 1357 1525 ὲν
1372 1499 1399 1525 δὲ
1414 1498 1451 1533 τῷ
1466 1498 1624 1534 Εὐαγγελίῳ
1647 1499 1886 1534 ἐπισημηνάμενος

1101 1544 1130 1571 ὃν
1144 1545 1237 1580 ἠγάπα
1252 1546 1266 1571 ὁ
1283 1545 1394 1580 Ἰησοῦς,
1412 1546 1461 1572 οὐκ
1482 1546 1614 1581 ἐδήλωσεν
1633 1546 1762 1580 ὀνομαστὶ
1778 1546 1883 1573 ἑαυτόν.

1104 1589 1136 1615 ’Ὀ
1152 1598 1183 1624 γε
1197 1589 1250 1625 μὴν
1261 1590 1363 1624 Πέτρος
1380 1590 1440 1616 οὐδὲ
1455 1590 1573 1625 καθῆκεν
1591 1590 1637 1616 ἐπὶ
1656 1590 1704 1625 τὴν
1717 1590 1885 1624 Εὐαγγελίοῡ

1063 1630 1084 1658 (ἷ-
1100 1635 1207 1672 γραφὴν
1218 1635 1251 1662 δι’
1260 1636 1400 1667 εὐλαϐείας
1411 1636 1573 1672 ὑπερϐολήν.
1587 1637 1687 1663 Τούτου
1698 1638 1809 1672 Μάρκος
1819 1637 1885 1671 γνώ-

1100 1691 1178 1718 ριμος
1188 1683 1235 1709 καὶ
1251 1683 1380 1718 φοιτητὴς
1393 1682 1511 1716 γεγονὼς
1522 1683 1758 1718 ἀπομνημονεῦσαι
1776 1683 1885 1717 λέγεται

1097 1728 1147 1760 τὰς
1156 1728 1202 1755 τοῦ
1210 1729 1311 1764 Πέτρου
1322 1737 1355 1754 πε
1359 1729 1386 1763 pl.
1395 1727 1448 1755 τῶν
1459 1728 1582 1763 πράξεων
1591 1729 1637 1755 τοῦ
1646 1729 1732 1765 Ἰησοῦ
1743 1729 1883 1762 διαλέξεις,

1097 1776 1126 1807 ὂς
1146 1775 1230 1801 ἐλθὼν
1248 1775 1289 1801 ἐπ’
1307 1776 1397 1801 ἐκεῖνα
1413 1775 1462 1809 τῆς
1482 1775 1610 1810 ἱστορίας,
1629 1776 1658 1802 ἐν
1680 1772 1721 1807 οἷς
1740 1777 1754 1802 ὁ
1777 1775 1882 1810 Ἰησοῦς

1097 1822 1247 1856 ἐρωτήσας,
1263 1820 1323 1847 τίνα
1338 1821 1418 1855 φασὶν
1433 1820 1512 1847 αὐτὸν
1528 1822 1552 1847 οί
1573 1821 1721 1857 ἄνθρωποι,
1738 1821 1785 1847 καὶ
1806 1821 1884 1847 αὐτοὶ

1096 1867 1124 1894 δὲ
1138 1868 1164 1893 οἱ
1180 1867 1262 1893 αὐτοῦ
1284 1867 1413 1901 μαθηταὶ,
1435 1867 1493 1893 τίνα
1507 1867 1583 1899 δόξαν
1599 1867 1685 1902 ἔχοιεν
1703 1868 1767 1903 περὶ
1788 1867 1882 1899 αὑτοῦ,

1097 1913 1300 1944 ὑπακούσαντος
1321 1913 1368 1940 τοῦ
1391 1914 1504 1949 Πέτρου,
1521 1913 1558 1945 ὡς
1580 1914 1642 1949 περὶ
1663 1913 1792 1949 Χριστοῦ,
1806 1913 1883 1940 οὐδὲν

1096 1960 1311 1996 ἀποκρινάμενον
1331 1960 1376 1987 τον
1393 1960 1493 1996 Ἰησοῦν
1509 1960 1569 1986 οὐδὲ
1588 1960 1701 1993 λέγοντα
1722 1959 1795 1994 αὐτῷ
1815 1959 1883 1994 γρά-

1097 2015 1151 2041 φει,
1165 2006 1220 2032 ἀλλ’
1233 2007 1272 2033 ὅτι
1295 2006 1458 2041 ἐπετίμησεν
1480 2007 1580 2037 αὐτοῖς,
1603 2006 1646 2032 ἴνα
1666 2005 1760 2041 μηδενὶ
1781 2006 1881 2040 λέγωσι

1095 2054 1159 2088 περὶ
1177 2053 1268 2079 αὐτοῦ.
1287 2052 1323 2078 Οὐ
1344 2052 1398 2087 γὰρ
1418 2052 1507 2087 παρῆν
1521 2053 1535 2078 ὁ
1555 2051 1667 2086 Μάρκος
1681 2052 1737 2082 τοῖς
1752 2051 1804 2078 ὑπὸ
1831 2051 1880 2078 τοῦ

1102 2098 1186 2134 Ἰησοῦ
1204 2098 1346 2133 λεχθεῖσιν,
1369 2098 1425 2124 ἀλλ’
1447 2098 1507 2124 οὐδὲ
1532 2097 1635 2132 Πέτρος
1652 2096 1686 2123 τὰ
1705 2096 1773 2132 πρὸς
1798 2096 1881 2123 αὐτὸν

1095 2145 1141 2171 καὶ
1163 2145 1227 2180 περὶ
1246 2145 1327 2171 αὐτοῦ
1349 2143 1477 2179 λεχθέντα
1491 2143 1530 2178 τῷ
1552 2143 1637 2178 Ἰησοῦ
1656 2143 1774 2169 ἐδικαίου
1793 2143 1827 2169 δι’
1840 2143 1880 2169 οὶ-

1095 2190 1171 2222 κείας
1187 2190 1333 2226 προφέρειν
1349 2189 1508 2225 μαρτυρίας.
1526 2189 1592 2215 Τίνα
1605 2189 1633 2214 δὲ
1646 2187 1679 2224 ἦν
1692 2189 1725 2215 τὰ
1742 2186 1815 2224 πρὸς
1831 2189 1880 2215 αὐ-

1094 2237 1138 2263 τὸν
1156 2237 1293 2272 λεχθέντα,
1311 2236 1446 2267 Ματθαῖος
1463 2235 1537 2270 δηλοῖ
1549 2235 1592 2261 διὰ
1610 2235 1728 2261 τούτων’
1750 2244 1759 2260 ‹
1784 2235 1879 2270 Ὑμεῖς

1094 2281 1122 2307 δὲ
1135 2282 1194 2308 τίνα
1217 2290 1250 2315 με
1271 2281 1363 2314 λέγετε
1386 2278 1471 2312 εἶναις
1495 2279 1664 2315 Ἀποκριθεὶς
1680 2279 1708 2306 δὲ
1722 2281 1812 2315 Σίμων
1827 2281 1879 2307 Πέ-

1093 2337 1154 2363 τρος
1179 2325 1258 2353 εἶπεν
1277 2327 1312 2353 Σὺ
1330 2325 1355 2353 εἷ
1379 2327 1394 2352 ὁ
1416 2326 1530 2362 Χριστὸς
1551 2326 1565 2352 ὁ
1581 2325 1645 2357 Υἱὸς
1668 2325 1714 2352 τοῦ
1738 2326 1804 2352 Θεοῦ
1829 2327 1878 2353 τοῦ

1093 2373 1204 2405 ζῶντος.
1224 2371 1393 2406 ’Λποκριοεὶς
1407 2371 1435 2398 δὲ
1454 2371 1556 2407 Ἰησοῦς
1574 2369 1651 2397 εἶπεν
1665 2371 1739 2406 αὐτῷ
1750 2379 1756 2386 ’
1780 2372 1878 2398 Μακά-

1095 2429 1150 2455 ριος
1167 2419 1201 2451 εἷ,
1216 2420 1307 2454 Σίμων
1321 2420 1454 2454 Βαριωνᾶ,
1469 2420 1510 2445 ὅτι
1523 2417 1591 2453 σὰρξ
1605 2418 1651 2444 καὶ
1665 2415 1734 2452 αἷμα
1752 2418 1801 2444 οὐκ
1815 2419 1850 2444 ὲπ
1863 2433 1877 2438 -

1091 2462 1207 2497 εκάλυνζμέ
1227 2471 1276 2494 σοι,
1294 2463 1351 2489 ἀλλ’
1370 2463 1384 2488 ὁ
1398 2462 1490 2498 Πατήρ
1512 2470 1562 2497 μου
1582 2462 1596 2486 ὁ
1615 2462 1642 2487 ἐν
1665 2463 1720 2493 τοῖς
1740 2462 1875 2497 οὐρανοῖς,

1091 2509 1138 2535 καὶ
1154 2508 1209 2542 ἐγώ
1236 2517 1276 2534 σοι
1292 2508 1379 2542 λέγω·
1399 2509 1434 2534 Σὺ
1455 2507 1480 2534 εἷ
1501 2508 1613 2543 Πέτρος,
1637 2508 1685 2534 καὶ
1707 2507 1753 2534 ἐπὶ
1774 2507 1876 2543 ταύτην

1091 2554 1140 2589 τὴν
1165 2554 1265 2589 πέτραν
1284 2554 1450 2589 οἰκοδομήσω
1477 2562 1526 2589 μου
1549 2554 1598 2589 τὴν
1625 2553 1798 2588 Ἐκκλησίαν,
1827 2555 1875 2580 κοιλ⁵

1092 2600 1172 2626 πύλαι
1192 2599 1254 2634 ᾅδου
1268 2600 1298 2626 οὐ
1322 2600 1528 2635 κατισχύσουσιν
1550 2599 1646 2634 αὐτῆς·
1666 2600 1712 2626 καὶ
1732 2599 1809 2626 δώσω
1832 2608 1875 2627 σοι

1091 2645 1140 2676 τὰς
1161 2644 1233 2676 κλεῖς
1253 2645 1303 2679 τῆς
1321 2644 1457 2678 βασιλείας
1479 2644 1532 2670 τῶν
1549 2643 1684 2679 οὐρανῶν·
1708 2644 1755 2670 καὶ
1773 2644 1823 2670 ὅσα
1841 2644 1874 2671 ἂν

1090 2692 1174 2727 δήσῃς
1190 2691 1236 2717 ἐπὶ
1249 2691 1297 2726 τῆς
1309 2691 1370 2725 γῆς,
1386 2691 1460 2717 ἔσται
1471 2690 1598 2725 δεδεμένα
1614 2691 1643 2716 ἐν
1659 2691 1714 2722 τοῖς
1730 2690 1854 2725 οὐρανοῖς
1864 2698 1872 2705 ·

1090 2737 1135 2762 καὶ
1150 2737 1199 2762 ὅσα
1217 2735 1248 2762 ἂν
1270 2736 1354 2771 λύσῃς
1373 2736 1418 2762 ἐπὶ
1440 2735 1488 2770 τῆς
1512 2736 1573 2770 γῆς,
1595 2734 1668 2761 ἔσται
1690 2735 1823 2770 λελυμένα
1843 2736 1874 2761 ἑν

1089 2783 1145 2814 τοῖς
1158 2781 1290 2817 οὐρανοῖς.
1310 2791 1318 2807 ι
1337 2781 1476 2808 Τοσούτων
1493 2781 1643 2816 εἰρημένων
1656 2780 1695 2816 τῷ
1712 2781 1806 2816 Πέτρῳ
1820 2780 1874 2807 ὑπὸ

1089 2827 1136 2854 τοῦ
1156 2827 1255 2863 Ἰησοῦ,
1275 2828 1290 2854 ὁ
1305 2827 1427 2863 Μάρκος,
1446 2826 1528 2862 μηδὲν
1548 2826 1648 2853 τούτων
1672 2825 1872 2862 μνημονεύσας,
