  <div class='ocr_page' id='page_1' title='image "/cluster/home/n/w/nwhite01/storage/ocr_20150623/22/njp.32101077772497/148.png"; bbox 0 0 2071 3219; ppageno 0'>
   <div class='ocr_carea' id='block_1_1' title="bbox 196 187 250 217">
    <p class='ocr_par' dir='ltr' id='par_1_1' title="bbox 196 187 250 217">
     <span class='ocr_line' id='line_1_1' title="bbox 196 187 250 217; baseline -0.037 0"><span class='ocrx_word' id='word_1_1' title='bbox 196 187 250 217; x_wconf 60' lang='lat' dir='ltr'><strong>Si&quot;!</strong></span> 
     </span>
    </p>
   </div>
   <div class='ocr_carea' id='block_1_2' title="bbox 653 185 1355 216">
    <p class='ocr_par' dir='ltr' id='par_1_2' title="bbox 653 185 1355 216">
     <span class='ocr_line' id='line_1_2' title="bbox 653 185 1355 216; baseline 0.003 -3"><span class='ocrx_word' id='word_1_2' title='bbox 653 185 978 216; x_wconf 77' lang='lat' dir='ltr'><strong>DEMONSTRATIONIS</strong></span> <span class='ocrx_word' id='word_1_3' title='bbox 993 186 1222 216; x_wconf 65' lang='lat' dir='ltr'><strong>EVANGELICE</strong></span> <span class='ocrx_word' id='word_1_4' title='bbox 1233 185 1297 214; x_wconf 85' lang='lat' dir='ltr'><strong>LIB.</strong></span> <span class='ocrx_word' id='word_1_5' title='bbox 1310 186 1355 215; x_wconf 78' lang='lat' dir='ltr'><strong>ll].</strong></span> 
     </span>
    </p>
   </div>
   <div class='ocr_carea' id='block_1_3' title="bbox 1768 191 1821 216">
    <p class='ocr_par' dir='ltr' id='par_1_3' title="bbox 1768 191 1821 216">
     <span class='ocr_line' id='line_1_3' title="bbox 1768 191 1821 216; baseline 0.019 -1"><span class='ocrx_word' id='word_1_6' title='bbox 1768 191 1821 216; x_wconf 70' lang='grc' dir='ltr'>Ξίδ</span> 
     </span>
    </p>
   </div>
   <div class='ocr_carea' id='block_1_4' title="bbox 196 237 967 280">
    <p class='ocr_par' dir='ltr' id='par_1_4' title="bbox 196 237 965 280">
     <span class='ocr_line' id='line_1_4' title="bbox 196 237 965 280; baseline 0 -7"><span class='ocrx_word' id='word_1_7' title='bbox 196 244 238 273; x_wconf 73' lang='grc' dir='ltr'>ὅτι</span> <span class='ocrx_word' id='word_1_8' title='bbox 262 244 325 280; x_wconf 80' lang='grc' dir='ltr'>μηδ’</span> <span class='ocrx_word' id='word_1_9' title='bbox 347 245 364 271; x_wconf 84' lang='grc' dir='ltr'><strong>ὸ</strong></span> <span class='ocrx_word' id='word_1_10' title='bbox 379 244 483 280; x_wconf 78' lang='grc' dir='ltr'><strong>Πέτρος</strong></span> <span class='ocrx_word' id='word_1_11' title='bbox 505 242 591 277; x_wconf 76' lang='grc' dir='ltr'>ταῦθ’,</span> <span class='ocrx_word' id='word_1_12' title='bbox 612 244 650 275; x_wconf 84' lang='grc' dir='ltr'>ὼς</span> <span class='ocrx_word' id='word_1_13' title='bbox 670 237 753 276; x_wconf 76' lang='grc' dir='ltr'>είκδς,</span> <span class='ocrx_word' id='word_1_14' title='bbox 770 246 799 271; x_wconf 83' lang='grc' dir='ltr'>ὲν</span> <span class='ocrx_word' id='word_1_15' title='bbox 819 247 878 277; x_wconf 79' lang='grc' dir='ltr'>ταῖς</span> <span class='ocrx_word' id='word_1_16' title='bbox 899 246 965 273; x_wconf 85' lang='grc' dir='ltr'>αὐτο</span> 
     </span>
    </p>
   </div>
   <div class='ocr_carea' id='block_1_5' title="bbox 1018 237 1821 280">
    <p class='ocr_par' dir='ltr' id='par_1_5' title="bbox 1018 243 1821 277">
     <span class='ocr_line' id='line_1_5' title="bbox 1018 243 1821 277; baseline 0 -4"><span class='ocrx_word' id='word_1_17' title='bbox 1018 273 1019 277; x_wconf 37' lang='grc' dir='ltr'><strong>η</strong></span> <span class='ocrx_word' id='word_1_18' title='bbox 1032 253 1103 277; x_wconf 82' lang='lat' dir='ltr'><strong>ram,</strong></span> <span class='ocrx_word' id='word_1_19' title='bbox 1113 248 1194 273; x_wconf 88' lang='lat' dir='ltr'><strong>erunt</strong></span> <span class='ocrx_word' id='word_1_20' title='bbox 1204 244 1291 272; x_wconf 84' lang='lat' dir='ltr'><strong>soluta</strong></span> <span class='ocrx_word' id='word_1_21' title='bbox 1299 250 1326 272; x_wconf 90' lang='lat' dir='ltr'><strong>et</strong></span> <span class='ocrx_word' id='word_1_22' title='bbox 1336 245 1363 271; x_wconf 89' lang='lat' dir='ltr'><strong>in</strong></span> <span class='ocrx_word' id='word_1_23' title='bbox 1374 244 1450 272; x_wconf 72' lang='lat' dir='ltr'><strong>melis</strong></span> <span class='ocrx_word' id='word_1_24' title='bbox 1461 244 1493 272; x_wconf 83' lang='lat'><strong>&quot;.</strong></span> <span class='ocrx_word' id='word_1_25' title='bbox 1501 253 1510 271; x_wconf 76' lang='grc' dir='ltr'><strong>ι</strong></span> <span class='ocrx_word' id='word_1_26' title='bbox 1523 244 1591 273; x_wconf 91' lang='lat' dir='ltr'><strong>Cum</strong></span> <span class='ocrx_word' id='word_1_27' title='bbox 1603 243 1660 272; x_wconf 71' lang='lat' dir='ltr'><strong>hazc</strong></span> <span class='ocrx_word' id='word_1_28' title='bbox 1670 248 1725 272; x_wconf 85' lang='lat' dir='ltr'><strong>tam</strong></span> <span class='ocrx_word' id='word_1_29' title='bbox 1736 246 1821 274; x_wconf 81' lang='lat' dir='ltr'><strong>multa</strong></span> 
     </span>
    </p>
   </div>
   <div class='ocr_carea' id='block_1_6' title="bbox 195 288 982 325">
    <p class='ocr_par' dir='ltr' id='par_1_6' title="bbox 195 288 982 325">
     <span class='ocr_line' id='line_1_6' title="bbox 195 288 982 325; baseline 0.001 -9"><span class='ocrx_word' id='word_1_30' title='bbox 195 288 382 321; x_wconf 76' lang='grc' dir='ltr'><strong>διδασκαλίαις</strong></span> <span class='ocrx_word' id='word_1_31' title='bbox 394 288 579 325; x_wconf 77' lang='grc' dir='ltr'>ἐξηγόρευσεν,</span> <span class='ocrx_word' id='word_1_32' title='bbox 594 289 643 324; x_wconf 81' lang='grc' dir='ltr'>ὅρα</span> <span class='ocrx_word' id='word_1_33' title='bbox 653 289 679 315; x_wconf 88' lang='grc' dir='ltr'><strong>τί</strong></span> <span class='ocrx_word' id='word_1_34' title='bbox 693 298 784 325; x_wconf 83' lang='grc' dir='ltr'>φησιν,</span> <span class='ocrx_word' id='word_1_35' title='bbox 797 291 982 325; x_wconf 79' lang='grc' dir='ltr'>ἐρωτήσαντος</span> 
     </span>
    </p>
   </div>
   <div class='ocr_carea' id='block_1_7' title="bbox 197 335 982 372">
    <p class='ocr_par' dir='ltr' id='par_1_7' title="bbox 197 335 982 372">
     <span class='ocr_line' id='line_1_7' title="bbox 197 335 982 372; baseline 0.001 -9"><span class='ocrx_word' id='word_1_36' title='bbox 197 336 244 364; x_wconf 84' lang='grc' dir='ltr'>τοῦ</span> <span class='ocrx_word' id='word_1_37' title='bbox 263 336 352 372; x_wconf 83' lang='grc' dir='ltr'><strong>Ἰησοῦ</strong></span> <span class='ocrx_word' id='word_1_38' title='bbox 366 345 373 352; x_wconf 70' lang='grc' dir='ltr'><strong>ε</strong></span> <span class='ocrx_word' id='word_1_39' title='bbox 391 346 400 361; x_wconf 77' lang='grc' dir='ltr'><strong>ι</strong></span> <span class='ocrx_word' id='word_1_40' title='bbox 413 335 581 372; x_wconf 80' lang='grc' dir='ltr'><strong>Ἀποκριθεὶς</strong></span> <span class='ocrx_word' id='word_1_41' title='bbox 595 337 608 362; x_wconf 83' lang='grc' dir='ltr'>ὁ</span> <span class='ocrx_word' id='word_1_42' title='bbox 621 336 722 372; x_wconf 81' lang='grc' dir='ltr'><strong>Πέτρος</strong></span> <span class='ocrx_word' id='word_1_43' title='bbox 747 337 839 371; x_wconf 79' lang='grc' dir='ltr'>λέγει’</span> <span class='ocrx_word' id='word_1_44' title='bbox 864 338 899 364; x_wconf 89' lang='grc' dir='ltr'>Συ</span> <span class='ocrx_word' id='word_1_45' title='bbox 923 336 948 364; x_wconf 82' lang='grc' dir='ltr'>εἷ</span> <span class='ocrx_word' id='word_1_46' title='bbox 968 339 982 364; x_wconf 85' lang='grc' dir='ltr'><strong><em>ὁ</em></strong></span> 
     </span>
    </p>
   </div>
   <div class='ocr_carea' id='block_1_8' title="bbox 195 381 980 418">
    <p class='ocr_par' dir='ltr' id='par_1_8' title="bbox 195 381 980 418">
     <span class='ocr_line' id='line_1_8' title="bbox 195 381 980 418; baseline 0.001 -10"><span class='ocrx_word' id='word_1_47' title='bbox 195 382 323 418; x_wconf 79' lang='grc' dir='ltr'>Χριστός.</span> <span class='ocrx_word' id='word_1_48' title='bbox 342 382 399 408; x_wconf 78' lang='grc' dir='ltr'><strong>Καὶ</strong></span> <span class='ocrx_word' id='word_1_49' title='bbox 413 381 576 416; x_wconf 80' lang='grc' dir='ltr'>ἐπετίμησεν</span> <span class='ocrx_word' id='word_1_50' title='bbox 590 381 690 413; x_wconf 73' lang='grc' dir='ltr'>αὐτοῖς,</span> <span class='ocrx_word' id='word_1_51' title='bbox 705 382 747 408; x_wconf 86' lang='grc' dir='ltr'><strong>ἴνα</strong></span> <span class='ocrx_word' id='word_1_52' title='bbox 768 382 861 417; x_wconf 73' lang='grc' dir='ltr'>μηδενὶ</span> <span class='ocrx_word' id='word_1_53' title='bbox 881 383 980 417; x_wconf 82' lang='grc' dir='ltr'>λέγωσι</span> 
     </span>
    </p>
   </div>
   <div class='ocr_carea' id='block_1_9' title="bbox 195 424 981 463">
    <p class='ocr_par' dir='ltr' id='par_1_9' title="bbox 195 424 981 463">
     <span class='ocr_line' id='line_1_9' title="bbox 195 424 981 463; baseline 0.001 -10"><span class='ocrx_word' id='word_1_54' title='bbox 195 427 261 463; x_wconf 79' lang='grc' dir='ltr'>περὶ</span> <span class='ocrx_word' id='word_1_55' title='bbox 274 426 367 454; x_wconf 77' lang='grc' dir='ltr'>αὑτοῦ.</span> <span class='ocrx_word' id='word_1_56' title='bbox 388 436 397 452; x_wconf 80' lang='grc' dir='ltr'><strong><em>ι</em></strong></span> <span class='ocrx_word' id='word_1_57' title='bbox 419 426 510 453; x_wconf 81' lang='grc' dir='ltr'>Ταῦτα</span> <span class='ocrx_word' id='word_1_58' title='bbox 527 426 575 461; x_wconf 85' lang='grc' dir='ltr'>μὲν</span> <span class='ocrx_word' id='word_1_59' title='bbox 591 424 637 453; x_wconf 77' lang='grc' dir='ltr'>οὖν</span> <span class='ocrx_word' id='word_1_60' title='bbox 652 427 665 452; x_wconf 83' lang='grc' dir='ltr'><strong>ὀ</strong></span> <span class='ocrx_word' id='word_1_61' title='bbox 683 427 784 463; x_wconf 78' lang='grc' dir='ltr'>Πέτρος</span> <span class='ocrx_word' id='word_1_62' title='bbox 800 428 910 460; x_wconf 81' lang='grc' dir='ltr'><strong>εἰκότως</strong></span> <span class='ocrx_word' id='word_1_63' title='bbox 930 437 981 454; x_wconf 87' lang='grc' dir='ltr'>πα-</span> 
     </span>
    </p>
   </div>
   <div class='ocr_carea' id='block_1_10' title="bbox 196 472 977 509">
    <p class='ocr_par' dir='ltr' id='par_1_10' title="bbox 196 472 977 509">
     <span class='ocr_line' id='line_1_10' title="bbox 196 472 977 509; baseline 0.004 -11"><span class='ocrx_word' id='word_1_64' title='bbox 196 472 385 507; x_wconf 83' lang='grc' dir='ltr'>ρασιωπᾶσθαι</span> <span class='ocrx_word' id='word_1_65' title='bbox 396 472 472 507; x_wconf 74' lang='grc' dir='ltr'>ἠξίου</span> <span class='ocrx_word' id='word_1_66' title='bbox 482 478 489 487; x_wconf 88' lang='grc'><strong>’</strong></span> <span class='ocrx_word' id='word_1_67' title='bbox 510 472 549 498; x_wconf 84' lang='grc' dir='ltr'><strong>διὸ</strong></span> <span class='ocrx_word' id='word_1_68' title='bbox 564 473 611 498; x_wconf 77' lang='grc' dir='ltr'>καὶ</span> <span class='ocrx_word' id='word_1_69' title='bbox 622 473 732 508; x_wconf 81' lang='grc' dir='ltr'>Μάρκος</span> <span class='ocrx_word' id='word_1_70' title='bbox 743 473 812 499; x_wconf 77' lang='grc' dir='ltr'>αὐτὰ</span> <span class='ocrx_word' id='word_1_71' title='bbox 827 474 959 509; x_wconf 76' lang='grc' dir='ltr'>παρέλιπε</span> <span class='ocrx_word' id='word_1_72' title='bbox 971 483 977 490; x_wconf 79' lang='grc'><em>’</em></span> 
     </span>
    </p>
   </div>
   <div class='ocr_carea' id='block_1_11' title="bbox 194 516 980 554">
    <p class='ocr_par' dir='ltr' id='par_1_11' title="bbox 194 516 980 554">
     <span class='ocr_line' id='line_1_11' title="bbox 194 516 980 554; baseline 0.003 -12"><span class='ocrx_word' id='word_1_73' title='bbox 194 516 229 542; x_wconf 71' lang='grc' dir='ltr'>τὰ</span> <span class='ocrx_word' id='word_1_74' title='bbox 245 516 273 542; x_wconf 83' lang='grc' dir='ltr'><strong>δὲ</strong></span> <span class='ocrx_word' id='word_1_75' title='bbox 295 516 365 543; x_wconf 76' lang='grc' dir='ltr'>κατὰ</span> <span class='ocrx_word' id='word_1_76' title='bbox 378 516 427 551; x_wconf 89' lang='grc' dir='ltr'><strong>τὴν</strong></span> <span class='ocrx_word' id='word_1_77' title='bbox 441 516 555 552; x_wconf 80' lang='grc' dir='ltr'><strong>ἄρνησιν</strong></span> <span class='ocrx_word' id='word_1_78' title='bbox 577 516 658 543; x_wconf 74' lang='grc' dir='ltr'>αὐτοῦ</span> <span class='ocrx_word' id='word_1_79' title='bbox 676 518 715 549; x_wconf 84' lang='grc' dir='ltr'><strong>εις</strong></span> <span class='ocrx_word' id='word_1_80' title='bbox 730 519 833 549; x_wconf 82' lang='grc' dir='ltr'>πάντας</span> <span class='ocrx_word' id='word_1_81' title='bbox 848 518 980 554; x_wconf 74' lang='grc' dir='ltr'><strong>ἐκήρυξεν</strong></span> 
     </span>
    </p>
   </div>
   <div class='ocr_carea' id='block_1_12' title="bbox 194 561 976 601">
    <p class='ocr_par' dir='ltr' id='par_1_12' title="bbox 194 561 976 601">
     <span class='ocr_line' id='line_1_12' title="bbox 194 561 976 601; baseline 0.004 -13"><span class='ocrx_word' id='word_1_82' title='bbox 194 561 364 597; x_wconf 74' lang='grc' dir='ltr'>ἀνθρώπους.</span> <span class='ocrx_word' id='word_1_83' title='bbox 392 562 468 589; x_wconf 77' lang='grc' dir='ltr'>Ἐπεὶ</span> <span class='ocrx_word' id='word_1_84' title='bbox 486 563 532 588; x_wconf 72' lang='grc' dir='ltr'><strong>καὶ</strong></span> <span class='ocrx_word' id='word_1_85' title='bbox 556 562 685 589; x_wconf 79' lang='grc' dir='ltr'>ἔκλαυσεν</span> <span class='ocrx_word' id='word_1_86' title='bbox 708 564 750 590; x_wconf 69' lang='grc' dir='ltr'><strong>ἐπ’</strong></span> <span class='ocrx_word' id='word_1_87' title='bbox 773 564 840 600; x_wconf 81' lang='grc' dir='ltr'>αὐτῇ</span> <span class='ocrx_word' id='word_1_88' title='bbox 863 565 976 601; x_wconf 79' lang='grc' dir='ltr'>πικρῶς.</span> 
     </span>
    </p>
   </div>
   <div class='ocr_carea' id='block_1_13' title="bbox 194 604 978 646">
    <p class='ocr_par' dir='ltr' id='par_1_13' title="bbox 194 604 978 646">
     <span class='ocr_line' id='line_1_13' title="bbox 194 604 978 646; baseline 0.005 -14"><span class='ocrx_word' id='word_1_89' title='bbox 194 606 295 643; x_wconf 78' lang='grc' dir='ltr'>Εὖροις</span> <span class='ocrx_word' id='word_1_90' title='bbox 317 607 340 633; x_wconf 84' lang='grc' dir='ltr'>δ’</span> <span class='ocrx_word' id='word_1_91' title='bbox 362 604 406 633; x_wconf 81' lang='grc' dir='ltr'><strong>οὖν</strong></span> <span class='ocrx_word' id='word_1_92' title='bbox 428 607 473 633; x_wconf 80' lang='grc' dir='ltr'><strong>τὸν</strong></span> <span class='ocrx_word' id='word_1_93' title='bbox 500 607 612 642; x_wconf 77' lang='grc' dir='ltr'>Μάρκον</span> <span class='ocrx_word' id='word_1_94' title='bbox 637 608 793 644; x_wconf 75' lang='grc' dir='ltr'>ἱστοροῦντα</span> <span class='ocrx_word' id='word_1_95' title='bbox 815 611 877 646; x_wconf 80' lang='grc' dir='ltr'><strong>περὶ</strong></span> <span class='ocrx_word' id='word_1_96' title='bbox 897 610 978 636; x_wconf 74' lang='grc' dir='ltr'>αὑτοῦ</span> 
     </span>
    </p>
   </div>
   <div class='ocr_carea' id='block_1_14' title="bbox 192 651 978 691">
    <p class='ocr_par' dir='ltr' id='par_1_14' title="bbox 192 651 978 691">
     <span class='ocr_line' id='line_1_14' title="bbox 192 651 978 691; baseline 0.006 -14"><span class='ocrx_word' id='word_1_97' title='bbox 192 651 257 678; x_wconf 74' lang='grc' dir='ltr'>τάδε</span> <span class='ocrx_word' id='word_1_98' title='bbox 269 660 276 666; x_wconf 95' lang='grc'><strong>·</strong></span> <span class='ocrx_word' id='word_1_99' title='bbox 303 661 312 677; x_wconf 73' lang='grc' dir='ltr'><strong>ε</strong></span> <span class='ocrx_word' id='word_1_100' title='bbox 331 652 386 678; x_wconf 62' lang='lat' dir='ltr'><strong>Kal</strong></span> <span class='ocrx_word' id='word_1_101' title='bbox 400 652 475 683; x_wconf 67' lang='grc' dir='ltr'>ὄντος</span> <span class='ocrx_word' id='word_1_102' title='bbox 497 652 543 678; x_wconf 79' lang='grc' dir='ltr'>τοῦ</span> <span class='ocrx_word' id='word_1_103' title='bbox 558 653 659 688; x_wconf 78' lang='grc' dir='ltr'><strong>Πέτρου</strong></span> <span class='ocrx_word' id='word_1_104' title='bbox 680 655 708 680; x_wconf 74' lang='grc' dir='ltr'><strong>ἐν</strong></span> <span class='ocrx_word' id='word_1_105' title='bbox 722 657 754 690; x_wconf 80' lang='grc' dir='ltr'>τῇ</span> <span class='ocrx_word' id='word_1_106' title='bbox 776 655 854 690; x_wconf 73' lang='grc' dir='ltr'>αύλῆ,</span> <span class='ocrx_word' id='word_1_107' title='bbox 871 656 978 691; x_wconf 72' lang='grc' dir='ltr'>ἔρχεται</span> 
     </span>
    </p>
   </div>
   <div class='ocr_carea' id='block_1_15' title="bbox 194 698 978 736">
    <p class='ocr_par' dir='ltr' id='par_1_15' title="bbox 194 698 978 736">
     <span class='ocr_line' id='line_1_15' title="bbox 194 698 978 736; baseline 0.005 -12"><span class='ocrx_word' id='word_1_108' title='bbox 194 698 263 733; x_wconf 74' lang='grc' dir='ltr'>πρὸς</span> <span class='ocrx_word' id='word_1_109' title='bbox 277 698 356 725; x_wconf 79' lang='grc' dir='ltr'>αὑτὸν</span> <span class='ocrx_word' id='word_1_110' title='bbox 382 698 430 733; x_wconf 89' lang='grc' dir='ltr'><strong>μία</strong></span> <span class='ocrx_word' id='word_1_111' title='bbox 446 699 499 724; x_wconf 86' lang='grc' dir='ltr'><strong>τῶν</strong></span> <span class='ocrx_word' id='word_1_112' title='bbox 517 698 663 725; x_wconf 83' lang='grc' dir='ltr'>παιδίσκων</span> <span class='ocrx_word' id='word_1_113' title='bbox 683 701 730 726; x_wconf 79' lang='grc' dir='ltr'>τοῦ</span> <span class='ocrx_word' id='word_1_114' title='bbox 752 701 911 736; x_wconf 76' lang='grc' dir='ltr'>ἀρχιερέως,</span> <span class='ocrx_word' id='word_1_115' title='bbox 932 703 978 728; x_wconf 81' lang='grc' dir='ltr'>καὶ</span> 
     </span>
    </p>
   </div>
   <div class='ocr_carea' id='block_1_16' title="bbox 194 744 976 782">
    <p class='ocr_par' dir='ltr' id='par_1_16' title="bbox 194 744 976 782">
     <span class='ocr_line' id='line_1_16' title="bbox 194 744 976 782; baseline 0.005 -12"><span class='ocrx_word' id='word_1_116' title='bbox 194 744 286 770; x_wconf 75' lang='grc' dir='ltr'>εδοῦσσ.</span> <span class='ocrx_word' id='word_1_117' title='bbox 303 744 383 770; x_wconf 76' lang='grc' dir='ltr'>αὑτὸν</span> <span class='ocrx_word' id='word_1_118' title='bbox 395 744 614 780; x_wconf 83' lang='grc' dir='ltr'>θερμαινόμενον,</span> <span class='ocrx_word' id='word_1_119' title='bbox 629 746 785 781; x_wconf 64' lang='grc' dir='ltr'>ἐμϐλέψασα</span> <span class='ocrx_word' id='word_1_120' title='bbox 800 748 873 782; x_wconf 78' lang='grc' dir='ltr'>αὐτῷ</span> <span class='ocrx_word' id='word_1_121' title='bbox 887 748 976 782; x_wconf 80' lang='grc' dir='ltr'>λέγει·</span> 
     </span>
    </p>
   </div>
   <div class='ocr_carea' id='block_1_17' title="bbox 192 788 978 830">
    <p class='ocr_par' dir='ltr' id='par_1_17' title="bbox 192 788 978 830">
     <span class='ocr_line' id='line_1_17' title="bbox 192 788 978 830; baseline 0.01 -17"><span class='ocrx_word' id='word_1_122' title='bbox 192 788 249 814; x_wconf 71' lang='grc' dir='ltr'><strong>Καὶ</strong></span> <span class='ocrx_word' id='word_1_123' title='bbox 265 789 296 814; x_wconf 71' lang='grc' dir='ltr'><strong>σὺ</strong></span> <span class='ocrx_word' id='word_1_124' title='bbox 313 788 381 823; x_wconf 82' lang='grc' dir='ltr'>μετὰ</span> <span class='ocrx_word' id='word_1_125' title='bbox 403 789 488 823; x_wconf 84' lang='grc' dir='ltr'><strong>Ἰησοῦ</strong></span> <span class='ocrx_word' id='word_1_126' title='bbox 503 790 549 816; x_wconf 82' lang='grc' dir='ltr'>τοῦ</span> <span class='ocrx_word' id='word_1_127' title='bbox 564 791 723 826; x_wconf 78' lang='grc' dir='ltr'>Ναζωραίου</span> <span class='ocrx_word' id='word_1_128' title='bbox 735 790 778 827; x_wconf 80' lang='grc' dir='ltr'><strong>ἧς.</strong></span> <span class='ocrx_word' id='word_1_129' title='bbox 802 793 829 820; x_wconf 85' lang='grc' dir='ltr'><strong>Ὀ</strong></span> <span class='ocrx_word' id='word_1_130' title='bbox 847 794 875 820; x_wconf 77' lang='grc' dir='ltr'>δὲ</span> <span class='ocrx_word' id='word_1_131' title='bbox 894 795 978 830; x_wconf 76' lang='grc' dir='ltr'>ἠρνή-</span> 
     </span>
    </p>
   </div>
   <div class='ocr_carea' id='block_1_18' title="bbox 194 833 976 875">
    <p class='ocr_par' dir='ltr' id='par_1_18' title="bbox 194 833 976 875">
     <span class='ocr_line' id='line_1_18' title="bbox 194 833 976 875; baseline 0.009 -16"><span class='ocrx_word' id='word_1_132' title='bbox 194 841 260 860; x_wconf 87' lang='grc' dir='ltr'>σατο</span> <span class='ocrx_word' id='word_1_133' title='bbox 271 833 356 868; x_wconf 77' lang='grc' dir='ltr'>λέγων</span> <span class='ocrx_word' id='word_1_134' title='bbox 368 842 375 849; x_wconf 95' lang='grc'><strong>·</strong></span> <span class='ocrx_word' id='word_1_135' title='bbox 391 834 458 861; x_wconf 76' lang='grc' dir='ltr'>Οὔτε</span> <span class='ocrx_word' id='word_1_136' title='bbox 470 836 616 871; x_wconf 79' lang='grc' dir='ltr'>ἐπίσταμαι</span> <span class='ocrx_word' id='word_1_137' title='bbox 634 837 659 863; x_wconf 88' lang='grc' dir='ltr'><strong>τί</strong></span> <span class='ocrx_word' id='word_1_138' title='bbox 680 839 710 864; x_wconf 78' lang='grc' dir='ltr'><strong>σὺ</strong></span> <span class='ocrx_word' id='word_1_139' title='bbox 723 838 824 872; x_wconf 78' lang='grc' dir='ltr'>λέγεις·</span> <span class='ocrx_word' id='word_1_140' title='bbox 841 840 887 865; x_wconf 77' lang='grc' dir='ltr'><strong>καὶ</strong></span> <span class='ocrx_word' id='word_1_141' title='bbox 900 841 976 875; x_wconf 70' lang='grc' dir='ltr'><strong>ἐξῆλ-</strong></span> 
     </span>
    </p>
   </div>
   <div class='ocr_carea' id='block_1_19' title="bbox 192 881 973 922">
    <p class='ocr_par' dir='ltr' id='par_1_19' title="bbox 192 881 973 922">
     <span class='ocr_line' id='line_1_19' title="bbox 192 881 973 922; baseline 0.008 -14"><span class='ocrx_word' id='word_1_142' title='bbox 192 881 239 908; x_wconf 85' lang='grc' dir='ltr'><strong>θεν</strong></span> <span class='ocrx_word' id='word_1_143' title='bbox 261 883 301 914; x_wconf 84' lang='grc' dir='ltr'>εἰς</span> <span class='ocrx_word' id='word_1_144' title='bbox 322 883 352 909; x_wconf 76' lang='grc' dir='ltr'>τὸ</span> <span class='ocrx_word' id='word_1_145' title='bbox 373 883 424 915; x_wconf 74' lang='grc' dir='ltr'><strong>ἔξω</strong></span> <span class='ocrx_word' id='word_1_146' title='bbox 448 885 602 919; x_wconf 74' lang='grc' dir='ltr'>προαύλιον,</span> <span class='ocrx_word' id='word_1_147' title='bbox 627 885 673 911; x_wconf 69' lang='grc' dir='ltr'>καὶ</span> <span class='ocrx_word' id='word_1_148' title='bbox 698 886 820 922; x_wconf 82' lang='grc' dir='ltr'>ἀλέκτωρ</span> <span class='ocrx_word' id='word_1_149' title='bbox 841 887 973 922; x_wconf 60' lang='grc' dir='ltr'>ὲφώνησε.</span> 
     </span>
    </p>
   </div>
   <div class='ocr_carea' id='block_1_20' title="bbox 191 927 973 968">
    <p class='ocr_par' dir='ltr' id='par_1_20' title="bbox 191 927 973 968">
     <span class='ocr_line' id='line_1_20' title="bbox 191 927 973 968; baseline 0.009 -15"><span class='ocrx_word' id='word_1_150' title='bbox 191 927 276 954; x_wconf 84' lang='grc' dir='ltr'>Πάλιν</span> <span class='ocrx_word' id='word_1_151' title='bbox 294 928 322 955; x_wconf 80' lang='grc' dir='ltr'><strong>δὲ</strong></span> <span class='ocrx_word' id='word_1_152' title='bbox 346 928 434 955; x_wconf 72' lang='grc' dir='ltr'>[δοῦσα</span> <span class='ocrx_word' id='word_1_153' title='bbox 453 930 532 957; x_wconf 71' lang='grc' dir='ltr'>αὐτὸν</span> <span class='ocrx_word' id='word_1_154' title='bbox 554 932 569 966; x_wconf 82' lang='grc' dir='ltr'>ἡ</span> <span class='ocrx_word' id='word_1_155' title='bbox 595 932 733 966; x_wconf 74' lang='grc' dir='ltr'>παιδίσκη,</span> <span class='ocrx_word' id='word_1_156' title='bbox 761 933 860 968; x_wconf 83' lang='grc' dir='ltr'>ἤρξατο</span> <span class='ocrx_word' id='word_1_157' title='bbox 885 934 973 968; x_wconf 79' lang='grc' dir='ltr'>λέγειν</span> 
     </span>
    </p>
   </div>
   <div class='ocr_carea' id='block_1_21' title="bbox 189 973 975 1010">
    <p class='ocr_par' dir='ltr' id='par_1_21' title="bbox 189 973 975 1010">
     <span class='ocr_line' id='line_1_21' title="bbox 189 973 975 1010; baseline 0.009 -11"><span class='ocrx_word' id='word_1_158' title='bbox 189 975 246 1005; x_wconf 81' lang='grc' dir='ltr'>’τοῖς</span> <span class='ocrx_word' id='word_1_159' title='bbox 260 974 431 1010; x_wconf 67' lang='grc' dir='ltr'>παρεστῶσιν</span> <span class='ocrx_word' id='word_1_160' title='bbox 446 983 453 990; x_wconf 92' lang='grc'><strong>·</strong></span> <span class='ocrx_word' id='word_1_161' title='bbox 471 973 552 1008; x_wconf 71' lang='grc' dir='ltr'>Οὗτος</span> <span class='ocrx_word' id='word_1_162' title='bbox 563 977 591 1010; x_wconf 80' lang='grc' dir='ltr'><strong>ἐξ</strong></span> <span class='ocrx_word' id='word_1_163' title='bbox 604 978 693 1004; x_wconf 82' lang='grc' dir='ltr'>αὐτῶν</span> <span class='ocrx_word' id='word_1_164' title='bbox 706 979 788 1005; x_wconf 81' lang='grc' dir='ltr'>ἐστιν.</span> <span class='ocrx_word' id='word_1_165' title='bbox 812 980 840 1005; x_wconf 87' lang='lat'>&#39;0</span> <span class='ocrx_word' id='word_1_166' title='bbox 853 980 880 1006; x_wconf 79' lang='grc' dir='ltr'>δὲ</span> <span class='ocrx_word' id='word_1_167' title='bbox 896 981 975 1007; x_wconf 84' lang='grc' dir='ltr'>πάλιν</span> 
     </span>
    </p>
   </div>
   <div class='ocr_carea' id='block_1_22' title="bbox 189 1021 974 1059">
    <p class='ocr_par' dir='ltr' id='par_1_22' title="bbox 189 1021 974 1059">
     <span class='ocr_line' id='line_1_22' title="bbox 189 1021 974 1059; baseline 0.008 -13"><span class='ocrx_word' id='word_1_168' title='bbox 189 1021 337 1056; x_wconf 65' lang='grc' dir='ltr'>ἠρνήσατο.</span> <span class='ocrx_word' id='word_1_169' title='bbox 358 1022 412 1048; x_wconf 74' lang='grc' dir='ltr'>Καὶ</span> <span class='ocrx_word' id='word_1_170' title='bbox 431 1021 499 1057; x_wconf 79' lang='grc' dir='ltr'>μετὰ</span> <span class='ocrx_word' id='word_1_171' title='bbox 516 1023 612 1058; x_wconf 73' lang='grc' dir='ltr'>μικρὸν</span> <span class='ocrx_word' id='word_1_172' title='bbox 628 1024 707 1050; x_wconf 77' lang='grc' dir='ltr'>πάλιν</span> <span class='ocrx_word' id='word_1_173' title='bbox 726 1025 899 1059; x_wconf 78' lang='grc' dir='ltr'>παρεστῶτες</span> <span class='ocrx_word' id='word_1_174' title='bbox 917 1026 974 1052; x_wconf 84' lang='grc' dir='ltr'>ἕλε-</span> 
     </span>
    </p>
   </div>
   <div class='ocr_carea' id='block_1_23' title="bbox 190 1066 974 1106">
    <p class='ocr_par' dir='ltr' id='par_1_23' title="bbox 190 1066 974 1106">
     <span class='ocr_line' id='line_1_23' title="bbox 190 1066 974 1106; baseline 0.009 -15"><span class='ocrx_word' id='word_1_175' title='bbox 190 1073 239 1099; x_wconf 90' lang='grc' dir='ltr'><strong>γον</strong></span> <span class='ocrx_word' id='word_1_176' title='bbox 254 1066 293 1101; x_wconf 79' lang='grc' dir='ltr'><strong>τῷ</strong></span> <span class='ocrx_word' id='word_1_177' title='bbox 306 1066 402 1102; x_wconf 79' lang='grc' dir='ltr'>Πέτρῳ</span> <span class='ocrx_word' id='word_1_178' title='bbox 412 1076 419 1082; x_wconf 88' lang='grc'>·</span> <span class='ocrx_word' id='word_1_179' title='bbox 442 1068 561 1103; x_wconf 69' lang='grc' dir='ltr'>Ἀληθῶς</span> <span class='ocrx_word' id='word_1_180' title='bbox 572 1069 600 1102; x_wconf 78' lang='grc' dir='ltr'>ἐξ</span> <span class='ocrx_word' id='word_1_181' title='bbox 614 1069 702 1096; x_wconf 77' lang='grc' dir='ltr'>αὐτῶν</span> <span class='ocrx_word' id='word_1_182' title='bbox 717 1068 750 1101; x_wconf 79' lang='grc' dir='ltr'><strong>εἴ,</strong></span> <span class='ocrx_word' id='word_1_183' title='bbox 766 1071 812 1096; x_wconf 70' lang='grc' dir='ltr'><strong>καὶ</strong></span> <span class='ocrx_word' id='word_1_184' title='bbox 827 1071 878 1106; x_wconf 68' lang='grc' dir='ltr'>γὰρ</span> <span class='ocrx_word' id='word_1_185' title='bbox 897 1072 974 1098; x_wconf 86' lang='grc' dir='ltr'>Γαλι-</span> 
     </span>
    </p>
   </div>
   <div class='ocr_carea' id='block_1_24' title="bbox 187 1109 971 1152">
    <p class='ocr_par' dir='ltr' id='par_1_24' title="bbox 187 1109 971 1152">
     <span class='ocr_line' id='line_1_24' title="bbox 187 1109 971 1152; baseline 0.008 -14"><span class='ocrx_word' id='word_1_186' title='bbox 187 1110 264 1144; x_wconf 83' lang='grc' dir='ltr'>λαῖος</span> <span class='ocrx_word' id='word_1_187' title='bbox 278 1109 313 1140; x_wconf 88' lang='grc' dir='ltr'><strong>εἶ.</strong></span> <span class='ocrx_word' id='word_1_188' title='bbox 339 1113 367 1139; x_wconf 92' lang='lat'><strong>&#39;0</strong></span> <span class='ocrx_word' id='word_1_189' title='bbox 387 1113 415 1140; x_wconf 73' lang='grc' dir='ltr'>δὲ</span> <span class='ocrx_word' id='word_1_190' title='bbox 439 1113 538 1149; x_wconf 76' lang='grc' dir='ltr'>ἤρξατο</span> <span class='ocrx_word' id='word_1_191' title='bbox 559 1115 766 1150; x_wconf 73' lang='grc' dir='ltr'>ἀναθεματῖζειν</span> <span class='ocrx_word' id='word_1_192' title='bbox 784 1118 830 1143; x_wconf 69' lang='grc' dir='ltr'><strong>καὶ</strong></span> <span class='ocrx_word' id='word_1_193' title='bbox 852 1117 971 1152; x_wconf 80' lang='grc' dir='ltr'>ὀμνύειν,</span> 
     </span>
    </p>
   </div>
   <div class='ocr_carea' id='block_1_25' title="bbox 186 1155 973 1197">
    <p class='ocr_par' dir='ltr' id='par_1_25' title="bbox 186 1155 973 1197">
     <span class='ocr_line' id='line_1_25' title="bbox 186 1155 973 1197; baseline 0.009 -14"><span class='ocrx_word' id='word_1_194' title='bbox 186 1157 228 1183; x_wconf 78' lang='grc' dir='ltr'>ἴγτι</span> <span class='ocrx_word' id='word_1_195' title='bbox 244 1158 301 1184; x_wconf 79' lang='grc' dir='ltr'>Οὐκ</span> <span class='ocrx_word' id='word_1_196' title='bbox 317 1155 374 1185; x_wconf 84' lang='grc' dir='ltr'>οἶδα</span> <span class='ocrx_word' id='word_1_197' title='bbox 396 1159 441 1186; x_wconf 78' lang='grc' dir='ltr'>τὸν</span> <span class='ocrx_word' id='word_1_198' title='bbox 463 1159 604 1195; x_wconf 81' lang='grc' dir='ltr'>ἄνθρωπον</span> <span class='ocrx_word' id='word_1_199' title='bbox 626 1162 728 1194; x_wconf 74' lang='grc' dir='ltr'>τοῦτον,</span> <span class='ocrx_word' id='word_1_200' title='bbox 751 1162 779 1189; x_wconf 79' lang='grc' dir='ltr'><strong>δν</strong></span> <span class='ocrx_word' id='word_1_201' title='bbox 801 1162 908 1197; x_wconf 78' lang='grc' dir='ltr'>λέγετε·</span> <span class='ocrx_word' id='word_1_202' title='bbox 926 1165 973 1190; x_wconf 76' lang='grc' dir='ltr'><strong>καὶ</strong></span> 
     </span>
    </p>
   </div>
   <div class='ocr_carea' id='block_1_26' title="bbox 186 1203 972 1245">
    <p class='ocr_par' dir='ltr' id='par_1_26' title="bbox 186 1203 972 1245">
     <span class='ocr_line' id='line_1_26' title="bbox 186 1203 972 1245; baseline 0.01 -17"><span class='ocrx_word' id='word_1_203' title='bbox 186 1203 287 1235; x_wconf 76' lang='grc' dir='ltr'>εὐθέως</span> <span class='ocrx_word' id='word_1_204' title='bbox 303 1205 335 1230; x_wconf 86' lang='grc' dir='ltr'>ὲκ</span> <span class='ocrx_word' id='word_1_205' title='bbox 348 1204 472 1241; x_wconf 76' lang='grc' dir='ltr'>δευτέρον</span> <span class='ocrx_word' id='word_1_206' title='bbox 489 1206 610 1243; x_wconf 78' lang='grc' dir='ltr'>ἀλέκτωρ</span> <span class='ocrx_word' id='word_1_207' title='bbox 627 1207 758 1243; x_wconf 57' lang='grc' dir='ltr'>ἐφώνησε.</span> <span class='ocrx_word' id='word_1_208' title='bbox 776 1218 784 1234; x_wconf 75' lang='grc' dir='ltr'><strong>ι</strong></span> <span class='ocrx_word' id='word_1_209' title='bbox 798 1209 908 1244; x_wconf 78' lang='grc' dir='ltr'>Μάρκος</span> <span class='ocrx_word' id='word_1_210' title='bbox 924 1211 972 1245; x_wconf 78' lang='grc' dir='ltr'><strong>μὲν</strong></span> 
     </span>
    </p>
   </div>
   <div class='ocr_carea' id='block_1_27' title="bbox 186 1248 971 1291">
    <p class='ocr_par' dir='ltr' id='par_1_27' title="bbox 186 1248 971 1291">
     <span class='ocr_line' id='line_1_27' title="bbox 186 1248 971 1291; baseline 0.009 -16"><span class='ocrx_word' id='word_1_211' title='bbox 186 1248 274 1276; x_wconf 78' lang='grc' dir='ltr'>ταῦτα</span> <span class='ocrx_word' id='word_1_212' title='bbox 292 1251 391 1286; x_wconf 58' lang='grc' dir='ltr'>γράφει</span> <span class='ocrx_word' id='word_1_213' title='bbox 404 1259 410 1265; x_wconf 90' lang='grc'><strong>·</strong></span> <span class='ocrx_word' id='word_1_214' title='bbox 429 1251 530 1287; x_wconf 80' lang='grc' dir='ltr'>Πέτρος</span> <span class='ocrx_word' id='word_1_215' title='bbox 550 1253 578 1278; x_wconf 82' lang='grc' dir='ltr'>δὲ</span> <span class='ocrx_word' id='word_1_216' title='bbox 596 1253 683 1280; x_wconf 80' lang='grc' dir='ltr'>ταῦτα</span> <span class='ocrx_word' id='word_1_217' title='bbox 706 1255 768 1289; x_wconf 81' lang='grc' dir='ltr'>περὶ</span> <span class='ocrx_word' id='word_1_218' title='bbox 791 1255 888 1281; x_wconf 78' lang='grc' dir='ltr'>ἑαυτοῦ</span> <span class='ocrx_word' id='word_1_219' title='bbox 903 1264 971 1291; x_wconf 84' lang='grc' dir='ltr'>μαρ-</span> 
     </span>
    </p>
   </div>
   <div class='ocr_carea' id='block_1_28' title="bbox 185 1296 972 1336">
    <p class='ocr_par' dir='ltr' id='par_1_28' title="bbox 185 1296 972 1336">
     <span class='ocr_line' id='line_1_28' title="bbox 185 1296 972 1336; baseline 0.01 -16"><span class='ocrx_word' id='word_1_220' title='bbox 185 1296 281 1330; x_wconf 74' lang='grc' dir='ltr'>τυρεῖ·</span> <span class='ocrx_word' id='word_1_221' title='bbox 298 1297 383 1323; x_wconf 83' lang='grc' dir='ltr'>πάντα</span> <span class='ocrx_word' id='word_1_222' title='bbox 398 1297 452 1334; x_wconf 72' lang='grc' dir='ltr'>γὰρ</span> <span class='ocrx_word' id='word_1_223' title='bbox 467 1298 501 1324; x_wconf 77' lang='grc' dir='ltr'>τὰ</span> <span class='ocrx_word' id='word_1_224' title='bbox 514 1299 588 1334; x_wconf 79' lang='grc' dir='ltr'>παρὰ</span> <span class='ocrx_word' id='word_1_225' title='bbox 604 1300 708 1335; x_wconf 76' lang='grc' dir='ltr'>Μάρκῳ</span> <span class='ocrx_word' id='word_1_226' title='bbox 721 1300 774 1326; x_wconf 85' lang='grc' dir='ltr'><strong>τῶν</strong></span> <span class='ocrx_word' id='word_1_227' title='bbox 793 1301 895 1336; x_wconf 77' lang='grc' dir='ltr'>Πέτρου</span> <span class='ocrx_word' id='word_1_228' title='bbox 916 1302 972 1328; x_wconf 83' lang='grc' dir='ltr'>δια-</span> 
     </span>
    </p>
   </div>
   <div class='ocr_carea' id='block_1_29' title="bbox 185 1338 971 1383">
    <p class='ocr_par' dir='ltr' id='par_1_29' title="bbox 185 1338 971 1383">
     <span class='ocr_line' id='line_1_29' title="bbox 185 1338 971 1383; baseline 0.01 -17"><span class='ocrx_word' id='word_1_229' title='bbox 185 1338 287 1373; x_wconf 82' lang='grc' dir='ltr'>λέξεων</span> <span class='ocrx_word' id='word_1_230' title='bbox 306 1339 374 1368; x_wconf 78' lang='grc' dir='ltr'>εἶναι</span> <span class='ocrx_word' id='word_1_231' title='bbox 394 1343 500 1377; x_wconf 80' lang='grc' dir='ltr'>λέγεται</span> <span class='ocrx_word' id='word_1_232' title='bbox 525 1345 800 1381; x_wconf 83' lang='grc' dir='ltr'>ἀπομνημονεύματα.</span> <span class='ocrx_word' id='word_1_233' title='bbox 826 1348 856 1373; x_wconf 85' lang='grc' dir='ltr'><strong>Οἱ</strong></span> <span class='ocrx_word' id='word_1_234' title='bbox 878 1347 908 1383; x_wconf 85' lang='grc' dir='ltr'>δὴ</span> <span class='ocrx_word' id='word_1_235' title='bbox 925 1345 971 1374; x_wconf 69' lang='grc' dir='ltr'>οὖν</span> 
     </span>
    </p>
   </div>
   <div class='ocr_carea' id='block_1_30' title="bbox 185 1386 971 1427">
    <p class='ocr_par' dir='ltr' id='par_1_30' title="bbox 185 1386 971 1427">
     <span class='ocr_line' id='line_1_30' title="bbox 185 1386 971 1427; baseline 0.005 -13"><span class='ocrx_word' id='word_1_236' title='bbox 185 1386 221 1414; x_wconf 71' lang='grc' dir='ltr'>τὰ</span> <span class='ocrx_word' id='word_1_237' title='bbox 238 1386 287 1421; x_wconf 81' lang='grc' dir='ltr'>μὲν</span> <span class='ocrx_word' id='word_1_238' title='bbox 300 1386 411 1419; x_wconf 81' lang='grc' dir='ltr'>δόξαντα</span> <span class='ocrx_word' id='word_1_239' title='bbox 428 1389 518 1421; x_wconf 76' lang='grc' dir='ltr'>αὐτοῖς</span> <span class='ocrx_word' id='word_1_240' title='bbox 535 1390 639 1425; x_wconf 83' lang='grc' dir='ltr'>ἀγαθὴν</span> <span class='ocrx_word' id='word_1_241' title='bbox 655 1391 747 1426; x_wconf 80' lang='grc' dir='ltr'>φέρειν</span> <span class='ocrx_word' id='word_1_242' title='bbox 763 1392 855 1427; x_wconf 74' lang='grc' dir='ltr'>φήμην</span> <span class='ocrx_word' id='word_1_243' title='bbox 871 1401 971 1427; x_wconf 84' lang='grc' dir='ltr'>παραι-</span> 
     </span>
    </p>
   </div>
   <div class='ocr_carea' id='block_1_31' title="bbox 184 1432 969 1473">
    <p class='ocr_par' dir='ltr' id='par_1_31' title="bbox 184 1432 969 1473">
     <span class='ocr_line' id='line_1_31' title="bbox 184 1432 969 1473; baseline 0.009 -16"><span class='ocrx_word' id='word_1_244' title='bbox 184 1432 322 1466; x_wconf 76' lang='grc' dir='ltr'>τούμενοι,</span> <span class='ocrx_word' id='word_1_245' title='bbox 342 1433 391 1464; x_wconf 75' lang='grc' dir='ltr'>τὰς</span> <span class='ocrx_word' id='word_1_246' title='bbox 407 1433 508 1460; x_wconf 80' lang='grc' dir='ltr'>δὲκαθ’</span> <span class='ocrx_word' id='word_1_247' title='bbox 532 1435 634 1461; x_wconf 81' lang='grc' dir='ltr'>ἑαυτῶν</span> <span class='ocrx_word' id='word_1_248' title='bbox 648 1435 772 1467; x_wconf 67' lang='grc' dir='ltr'>διαϐολὰς</span> <span class='ocrx_word' id='word_1_249' title='bbox 794 1438 833 1468; x_wconf 81' lang='grc' dir='ltr'>εἰς</span> <span class='ocrx_word' id='word_1_250' title='bbox 853 1437 969 1473; x_wconf 77' lang='grc' dir='ltr'>ἄληστον</span> 
     </span>
    </p>
   </div>
   <div class='ocr_carea' id='block_1_32' title="bbox 184 1476 971 1516">
    <p class='ocr_par' dir='ltr' id='par_1_32' title="bbox 184 1476 971 1516">
     <span class='ocr_line' id='line_1_32' title="bbox 184 1476 971 1516; baseline 0.009 -14"><span class='ocrx_word' id='word_1_251' title='bbox 184 1476 272 1502; x_wconf 77' lang='grc' dir='ltr'>αἰῶνα</span> <span class='ocrx_word' id='word_1_252' title='bbox 285 1478 514 1512; x_wconf 56' lang='grc' dir='ltr'>καταγράφοντες,</span> <span class='ocrx_word' id='word_1_253' title='bbox 531 1480 577 1505; x_wconf 69' lang='grc' dir='ltr'><strong>καὶ</strong></span> <span class='ocrx_word' id='word_1_254' title='bbox 594 1480 646 1506; x_wconf 88' lang='grc' dir='ltr'><strong>τῶν</strong></span> <span class='ocrx_word' id='word_1_255' title='bbox 665 1481 912 1516; x_wconf 73' lang='grc' dir='ltr'>πλημμεληθέντων</span> <span class='ocrx_word' id='word_1_256' title='bbox 926 1484 971 1509; x_wconf 77' lang='grc' dir='ltr'>αὑ-</span> 
     </span>
    </p>
   </div>
   <div class='ocr_carea' id='block_1_33' title="bbox 182 1521 969 1562">
    <p class='ocr_par' dir='ltr' id='par_1_33' title="bbox 182 1521 969 1562">
     <span class='ocr_line' id='line_1_33' title="bbox 182 1521 969 1562; baseline 0.009 -15"><span class='ocrx_word' id='word_1_257' title='bbox 182 1521 242 1552; x_wconf 81' lang='grc' dir='ltr'>τοῖς</span> <span class='ocrx_word' id='word_1_258' title='bbox 264 1522 313 1553; x_wconf 75' lang='grc' dir='ltr'>τὰς</span> <span class='ocrx_word' id='word_1_259' title='bbox 329 1523 505 1559; x_wconf 82' lang='grc' dir='ltr'>κατηγορίας,</span> <span class='ocrx_word' id='word_1_260' title='bbox 523 1524 556 1555; x_wconf 84' lang='grc' dir='ltr'>ἃς</span> <span class='ocrx_word' id='word_1_261' title='bbox 575 1525 623 1551; x_wconf 71' lang='grc' dir='ltr'>οὐκ</span> <span class='ocrx_word' id='word_1_262' title='bbox 638 1525 670 1551; x_wconf 86' lang='grc' dir='ltr'>ἄν</span> <span class='ocrx_word' id='word_1_263' title='bbox 686 1534 727 1557; x_wconf 86' lang='grc' dir='ltr'><strong>τις</strong></span> <span class='ocrx_word' id='word_1_264' title='bbox 744 1526 813 1559; x_wconf 59' lang='grc' dir='ltr'>ἔγνω</span> <span class='ocrx_word' id='word_1_265' title='bbox 828 1527 881 1553; x_wconf 80' lang='grc' dir='ltr'><strong>τῶν</strong></span> <span class='ocrx_word' id='word_1_266' title='bbox 901 1528 969 1562; x_wconf 85' lang='grc' dir='ltr'><strong>μετά</strong></span> 
     </span>
    </p>
   </div>
   <div class='ocr_carea' id='block_1_34' title="bbox 181 1568 969 1607">
    <p class='ocr_par' dir='ltr' id='par_1_34' title="bbox 181 1568 969 1607">
     <span class='ocr_line' id='line_1_34' title="bbox 181 1568 969 1607; baseline 0.008 -13"><span class='ocrx_word' id='word_1_267' title='bbox 181 1568 278 1600; x_wconf 70' lang='grc' dir='ltr'>ταῦτα,</span> <span class='ocrx_word' id='word_1_268' title='bbox 292 1569 316 1595; x_wconf 68' lang='grc' dir='ltr'>εἰ</span> <span class='ocrx_word' id='word_1_269' title='bbox 332 1569 368 1604; x_wconf 86' lang='grc' dir='ltr'><strong>μὴ</strong></span> <span class='ocrx_word' id='word_1_270' title='bbox 387 1569 431 1596; x_wconf 79' lang='grc' dir='ltr'>διὰ</span> <span class='ocrx_word' id='word_1_271' title='bbox 446 1570 495 1605; x_wconf 82' lang='grc' dir='ltr'>τῆς</span> <span class='ocrx_word' id='word_1_272' title='bbox 506 1571 593 1597; x_wconf 79' lang='grc' dir='ltr'>αὐτῶν</span> <span class='ocrx_word' id='word_1_273' title='bbox 610 1571 709 1606; x_wconf 72' lang='grc' dir='ltr'>ἔμαθεν</span> <span class='ocrx_word' id='word_1_274' title='bbox 730 1573 821 1607; x_wconf 76' lang='grc' dir='ltr'>φωνῆς</span> <span class='ocrx_word' id='word_1_275' title='bbox 833 1573 892 1599; x_wconf 84' lang='grc' dir='ltr'>καθ’</span> <span class='ocrx_word' id='word_1_276' title='bbox 908 1574 969 1600; x_wconf 79' lang='grc' dir='ltr'>ἐαυ-</span> 
     </span>
    </p>
   </div>
   <div class='ocr_carea' id='block_1_35' title="bbox 180 1614 967 1655">
    <p class='ocr_par' dir='ltr' id='par_1_35' title="bbox 180 1614 967 1655">
     <span class='ocr_line' id='line_1_35' title="bbox 180 1614 967 1655; baseline 0.009 -15"><span class='ocrx_word' id='word_1_277' title='bbox 180 1614 237 1641; x_wconf 84' lang='grc' dir='ltr'><strong>τῶν</strong></span> <span class='ocrx_word' id='word_1_278' title='bbox 249 1615 459 1650; x_wconf 77' lang='grc' dir='ltr'>στηλιτεύοντες,</span> <span class='ocrx_word' id='word_1_279' title='bbox 474 1617 533 1648; x_wconf 88' lang='grc' dir='ltr'><strong>πῶς</strong></span> <span class='ocrx_word' id='word_1_280' title='bbox 543 1617 572 1643; x_wconf 73' lang='grc' dir='ltr'>οὐ</span> <span class='ocrx_word' id='word_1_281' title='bbox 584 1617 724 1652; x_wconf 78' lang='grc' dir='ltr'>φιλαυτίας</span> <span class='ocrx_word' id='word_1_282' title='bbox 739 1619 786 1654; x_wconf 76' lang='grc' dir='ltr'><strong>μὲν</strong></span> <span class='ocrx_word' id='word_1_283' title='bbox 799 1620 907 1655; x_wconf 75' lang='grc' dir='ltr'>ἀπάσης</span> <span class='ocrx_word' id='word_1_284' title='bbox 920 1622 967 1648; x_wconf 78' lang='grc' dir='ltr'>καὶ</span> 
     </span>
    </p>
   </div>
   <div class='ocr_carea' id='block_1_36' title="bbox 180 1659 966 1699">
    <p class='ocr_par' dir='ltr' id='par_1_36' title="bbox 180 1659 966 1699">
     <span class='ocr_line' id='line_1_36' title="bbox 180 1659 966 1699; baseline 0.009 -14"><span class='ocrx_word' id='word_1_285' title='bbox 180 1659 357 1695; x_wconf 76' lang='grc' dir='ltr'>ψευδολογίας</span> <span class='ocrx_word' id='word_1_286' title='bbox 370 1661 448 1693; x_wconf 77' lang='grc' dir='ltr'>ἐκτὸς</span> <span class='ocrx_word' id='word_1_287' title='bbox 461 1663 599 1696; x_wconf 83' lang='grc' dir='ltr'>γεγονέναι</span> <span class='ocrx_word' id='word_1_288' title='bbox 617 1663 727 1695; x_wconf 82' lang='grc' dir='ltr'>ἐνδίκως</span> <span class='ocrx_word' id='word_1_289' title='bbox 739 1664 770 1691; x_wconf 83' lang='grc' dir='ltr'>ἂν</span> <span class='ocrx_word' id='word_1_290' title='bbox 786 1664 966 1699; x_wconf 78' lang='grc' dir='ltr'>ὁμολογοῖντο,</span> 
     </span>
    </p>
   </div>
   <div class='ocr_carea' id='block_1_37' title="bbox 180 1704 966 1746">
    <p class='ocr_par' dir='ltr' id='par_1_37' title="bbox 180 1704 966 1746">
     <span class='ocr_line' id='line_1_37' title="bbox 180 1704 966 1746; baseline 0.008 -15"><span class='ocrx_word' id='word_1_291' title='bbox 180 1704 345 1740; x_wconf 75' lang='grc' dir='ltr'>φιλαλήθους</span> <span class='ocrx_word' id='word_1_292' title='bbox 357 1705 385 1732; x_wconf 84' lang='grc' dir='ltr'>δὲ</span> <span class='ocrx_word' id='word_1_293' title='bbox 398 1706 542 1738; x_wconf 73' lang='grc' dir='ltr'>διαθέσεως</span> <span class='ocrx_word' id='word_1_294' title='bbox 559 1708 630 1742; x_wconf 77' lang='grc' dir='ltr'>σαφῆ</span> <span class='ocrx_word' id='word_1_295' title='bbox 651 1709 697 1735; x_wconf 83' lang='grc' dir='ltr'><strong>καὶ</strong></span> <span class='ocrx_word' id='word_1_296' title='bbox 716 1710 816 1745; x_wconf 71' lang='grc' dir='ltr'>ἐναργῆ</span> <span class='ocrx_word' id='word_1_297' title='bbox 831 1711 966 1746; x_wconf 75' lang='grc' dir='ltr'>τεκμήρια</span> 
     </span>
    </p>
   </div>
   <div class='ocr_carea' id='block_1_38' title="bbox 179 1749 966 1784">
    <p class='ocr_par' dir='ltr' id='par_1_38' title="bbox 179 1749 966 1784">
     <span class='ocr_line' id='line_1_38' title="bbox 179 1749 966 1784; baseline 0.008 -9"><span class='ocrx_word' id='word_1_298' title='bbox 179 1749 402 1784; x_wconf 82' lang='grc' dir='ltr'>παρεσχηκέναι;</span> <span class='ocrx_word' id='word_1_299' title='bbox 417 1751 447 1776; x_wconf 87' lang='grc' dir='ltr'><strong>οἱ</strong></span> <span class='ocrx_word' id='word_1_300' title='bbox 458 1750 485 1776; x_wconf 81' lang='grc' dir='ltr'>δέ</span> <span class='ocrx_word' id='word_1_301' title='bbox 500 1759 530 1784; x_wconf 91' lang='grc' dir='ltr'><strong>γε</strong></span> <span class='ocrx_word' id='word_1_302' title='bbox 544 1752 606 1782; x_wconf 64' lang='grc' dir='ltr'>τοὺς</span> <span class='ocrx_word' id='word_1_303' title='bbox 622 1752 740 1778; x_wconf 74' lang='grc' dir='ltr'>τοιούσδε</span> <span class='ocrx_word' id='word_1_304' title='bbox 756 1753 908 1780; x_wconf 80' lang='grc' dir='ltr'>πεπλάσθαι</span> <span class='ocrx_word' id='word_1_305' title='bbox 920 1755 966 1781; x_wconf 77' lang='grc' dir='ltr'><strong>καὶ</strong></span> 
     </span>
    </p>
   </div>
   <div class='ocr_carea' id='block_1_39' title="bbox 179 1793 966 1835">
    <p class='ocr_par' dir='ltr' id='par_1_39' title="bbox 179 1793 966 1835">
     <span class='ocr_line' id='line_1_39' title="bbox 179 1793 966 1835; baseline 0.009 -16"><span class='ocrx_word' id='word_1_306' title='bbox 179 1793 400 1828; x_wconf 73' lang='grc' dir='ltr'>καταψεύσασθαι</span> <span class='ocrx_word' id='word_1_307' title='bbox 412 1795 578 1830; x_wconf 74' lang='grc' dir='ltr'>νομίζοντες,</span> <span class='ocrx_word' id='word_1_308' title='bbox 596 1797 642 1823; x_wconf 71' lang='grc' dir='ltr'>καὶ</span> <span class='ocrx_word' id='word_1_309' title='bbox 657 1795 700 1823; x_wconf 74' lang='grc' dir='ltr'>οἶα</span> <span class='ocrx_word' id='word_1_310' title='bbox 720 1798 829 1830; x_wconf 73' lang='grc' dir='ltr'>πλάνοις</span> <span class='ocrx_word' id='word_1_311' title='bbox 848 1799 966 1835; x_wconf 70' lang='grc' dir='ltr'>βλασφη-</span> 
     </span>
    </p>
   </div>
   <div class='ocr_carea' id='block_1_40' title="bbox 180 1839 963 1878">
    <p class='ocr_par' dir='ltr' id='par_1_40' title="bbox 180 1839 963 1878">
     <span class='ocr_line' id='line_1_40' title="bbox 180 1839 963 1878; baseline 0.009 -14"><span class='ocrx_word' id='word_1_312' title='bbox 180 1840 242 1873; x_wconf 79' lang='grc' dir='ltr'>μεῖν</span> <span class='ocrx_word' id='word_1_313' title='bbox 253 1839 427 1875; x_wconf 83' lang='grc' dir='ltr'>πειρώμενοι,</span> <span class='ocrx_word' id='word_1_314' title='bbox 444 1841 501 1872; x_wconf 85' lang='grc' dir='ltr'><strong>πῶς</strong></span> <span class='ocrx_word' id='word_1_315' title='bbox 514 1842 563 1868; x_wconf 84' lang='grc' dir='ltr'><strong>οὐκ</strong></span> <span class='ocrx_word' id='word_1_316' title='bbox 577 1842 609 1868; x_wconf 84' lang='grc' dir='ltr'><strong>ἂν</strong></span> <span class='ocrx_word' id='word_1_317' title='bbox 622 1843 741 1877; x_wconf 75' lang='grc' dir='ltr'>γένοιντο</span> <span class='ocrx_word' id='word_1_318' title='bbox 753 1844 963 1878; x_wconf 77' lang='grc' dir='ltr'>καταγέλαστοι;</span> 
     </span>
    </p>
   </div>
   <div class='ocr_carea' id='block_1_41' title="bbox 178 1885 964 1926">
    <p class='ocr_par' dir='ltr' id='par_1_41' title="bbox 178 1885 964 1926">
     <span class='ocr_line' id='line_1_41' title="bbox 178 1885 964 1926; baseline 0.008 -15"><span class='ocrx_word' id='word_1_319' title='bbox 178 1885 252 1919; x_wconf 82' lang='grc' dir='ltr'>φίλοι</span> <span class='ocrx_word' id='word_1_320' title='bbox 275 1886 324 1920; x_wconf 82' lang='grc' dir='ltr'><strong>μὲν</strong></span> <span class='ocrx_word' id='word_1_321' title='bbox 345 1886 442 1920; x_wconf 72' lang='grc' dir='ltr'>φθόνου</span> <span class='ocrx_word' id='word_1_322' title='bbox 465 1888 511 1914; x_wconf 79' lang='grc' dir='ltr'><strong>καὶ</strong></span> <span class='ocrx_word' id='word_1_323' title='bbox 537 1888 696 1922; x_wconf 81' lang='grc' dir='ltr'>βασκανίας,</span> <span class='ocrx_word' id='word_1_324' title='bbox 719 1889 808 1924; x_wconf 78' lang='grc' dir='ltr'>ἐχθροὶ</span> <span class='ocrx_word' id='word_1_325' title='bbox 830 1890 858 1916; x_wconf 83' lang='grc' dir='ltr'>δὲ</span> <span class='ocrx_word' id='word_1_326' title='bbox 882 1892 964 1926; x_wconf 77' lang='grc' dir='ltr'>αὐτῆς</span> 
     </span>
    </p>
   </div>
   <div class='ocr_carea' id='block_1_42' title="bbox 176 1930 964 1970">
    <p class='ocr_par' dir='ltr' id='par_1_42' title="bbox 176 1930 964 1970">
     <span class='ocr_line' id='line_1_42' title="bbox 176 1930 964 1970; baseline 0.005 -13"><span class='ocrx_word' id='word_1_327' title='bbox 176 1930 307 1965; x_wconf 80' lang='grc' dir='ltr'>ἀληθείας</span> <span class='ocrx_word' id='word_1_328' title='bbox 323 1931 506 1967; x_wconf 76' lang='grc' dir='ltr'>ἁλισκόμενοι,</span> <span class='ocrx_word' id='word_1_329' title='bbox 523 1934 550 1959; x_wconf 86' lang='grc' dir='ltr'>οῖ</span> <span class='ocrx_word' id='word_1_330' title='bbox 561 1941 591 1967; x_wconf 88' lang='grc' dir='ltr'><strong>γε</strong></span> <span class='ocrx_word' id='word_1_331' title='bbox 606 1935 668 1965; x_wconf 75' lang='grc' dir='ltr'>τοὺς</span> <span class='ocrx_word' id='word_1_332' title='bbox 680 1934 765 1966; x_wconf 76' lang='grc' dir='ltr'>οὕτως</span> <span class='ocrx_word' id='word_1_333' title='bbox 776 1935 964 1970; x_wconf 74' lang='grc' dir='ltr'>ἀπανούργους</span> 
     </span>
    </p>
   </div>
   <div class='ocr_carea' id='block_1_43' title="bbox 176 1977 963 2015">
    <p class='ocr_par' dir='ltr' id='par_1_43' title="bbox 176 1977 963 2015">
     <span class='ocr_line' id='line_1_43' title="bbox 176 1977 963 2015; baseline 0.005 -12"><span class='ocrx_word' id='word_1_334' title='bbox 176 1977 226 2003; x_wconf 72' lang='grc' dir='ltr'><strong>καὶ</strong></span> <span class='ocrx_word' id='word_1_335' title='bbox 242 1977 377 2004; x_wconf 75' lang='grc' dir='ltr'>ἄπλαστον</span> <span class='ocrx_word' id='word_1_336' title='bbox 394 1978 431 2009; x_wconf 88' lang='grc' dir='ltr'>ὡς</span> <span class='ocrx_word' id='word_1_337' title='bbox 446 1978 553 2013; x_wconf 83' lang='grc' dir='ltr'>ἀληθῶς</span> <span class='ocrx_word' id='word_1_338' title='bbox 570 1980 616 2006; x_wconf 77' lang='grc' dir='ltr'><strong>καὶ</strong></span> <span class='ocrx_word' id='word_1_339' title='bbox 631 1980 758 2015; x_wconf 81' lang='grc' dir='ltr'>ἀκέραιον</span> <span class='ocrx_word' id='word_1_340' title='bbox 771 1978 836 2015; x_wconf 78' lang='grc' dir='ltr'>ἦθος</span> <span class='ocrx_word' id='word_1_341' title='bbox 851 1981 894 2007; x_wconf 76' lang='grc' dir='ltr'><strong>διὰ</strong></span> <span class='ocrx_word' id='word_1_342' title='bbox 910 1981 963 2006; x_wconf 82' lang='grc' dir='ltr'><strong>τῶν</strong></span> 
     </span>
    </p>
   </div>
   <div class='ocr_carea' id='block_1_44' title="bbox 174 2022 963 2060">
    <p class='ocr_par' dir='ltr' id='par_1_44' title="bbox 174 2022 963 2060">
     <span class='ocr_line' id='line_1_44' title="bbox 174 2022 963 2060; baseline 0.005 -12"><span class='ocrx_word' id='word_1_343' title='bbox 174 2022 283 2049; x_wconf 74' lang='grc' dir='ltr'>οἰκείων</span> <span class='ocrx_word' id='word_1_344' title='bbox 297 2023 383 2058; x_wconf 81' lang='grc' dir='ltr'>λόγων</span> <span class='ocrx_word' id='word_1_345' title='bbox 398 2023 640 2059; x_wconf 76' lang='grc' dir='ltr'>ἐπιδεδειγμένους,</span> <span class='ocrx_word' id='word_1_346' title='bbox 652 2025 820 2060; x_wconf 79' lang='grc' dir='ltr'>πανούργους</span> <span class='ocrx_word' id='word_1_347' title='bbox 828 2026 903 2057; x_wconf 73' lang='grc' dir='ltr'>τινὰς</span> <span class='ocrx_word' id='word_1_348' title='bbox 917 2026 963 2053; x_wconf 77' lang='grc' dir='ltr'>καὶ</span> 
     </span>
    </p>
   </div>
   <div class='ocr_carea' id='block_1_45' title="bbox 175 2068 963 2107">
    <p class='ocr_par' dir='ltr' id='par_1_45' title="bbox 175 2068 963 2107">
     <span class='ocr_line' id='line_1_45' title="bbox 175 2068 963 2107; baseline 0.004 -12"><span class='ocrx_word' id='word_1_349' title='bbox 175 2068 278 2101; x_wconf 81' lang='grc' dir='ltr'>δεινοὺς</span> <span class='ocrx_word' id='word_1_350' title='bbox 292 2070 462 2096; x_wconf 85' lang='grc' dir='ltr'>ὑποτίθενται</span> <span class='ocrx_word' id='word_1_351' title='bbox 478 2070 616 2104; x_wconf 80' lang='grc' dir='ltr'>σοφιστὰς,</span> <span class='ocrx_word' id='word_1_352' title='bbox 629 2071 666 2102; x_wconf 87' lang='grc' dir='ltr'>ὡς</span> <span class='ocrx_word' id='word_1_353' title='bbox 678 2071 712 2097; x_wconf 81' lang='grc' dir='ltr'>τὰ</span> <span class='ocrx_word' id='word_1_354' title='bbox 729 2072 765 2107; x_wconf 83' lang='grc' dir='ltr'><strong>μὴ</strong></span> <span class='ocrx_word' id='word_1_355' title='bbox 781 2071 846 2098; x_wconf 73' lang='grc' dir='ltr'>ὅντα</span> <span class='ocrx_word' id='word_1_356' title='bbox 862 2072 963 2098; x_wconf 87' lang='grc' dir='ltr'>πλασα-</span> 
     </span>
    </p>
   </div>
   <div class='ocr_carea' id='block_1_46' title="bbox 176 2115 960 2152">
    <p class='ocr_par' dir='ltr' id='par_1_46' title="bbox 176 2115 960 2152">
     <span class='ocr_line' id='line_1_46' title="bbox 176 2115 960 2152; baseline 0.004 -11"><span class='ocrx_word' id='word_1_357' title='bbox 176 2115 284 2150; x_wconf 79' lang='grc' dir='ltr'>μένους,</span> <span class='ocrx_word' id='word_1_358' title='bbox 298 2115 345 2142; x_wconf 85' lang='grc' dir='ltr'><strong>καὶ</strong></span> <span class='ocrx_word' id='word_1_359' title='bbox 359 2115 398 2151; x_wconf 83' lang='grc' dir='ltr'>τῷ</span> <span class='ocrx_word' id='word_1_360' title='bbox 421 2115 512 2150; x_wconf 78' lang='grc' dir='ltr'>οἰκείῳ</span> <span class='ocrx_word' id='word_1_361' title='bbox 525 2116 676 2151; x_wconf 71' lang='grc' dir='ltr'>διδασκάλῳ</span> <span class='ocrx_word' id='word_1_362' title='bbox 688 2116 723 2143; x_wconf 80' lang='grc' dir='ltr'>τὰ</span> <span class='ocrx_word' id='word_1_363' title='bbox 741 2117 777 2152; x_wconf 85' lang='grc' dir='ltr'>μὴ</span> <span class='ocrx_word' id='word_1_364' title='bbox 796 2118 862 2152; x_wconf 75' lang='grc' dir='ltr'>πρὸς</span> <span class='ocrx_word' id='word_1_365' title='bbox 879 2118 960 2144; x_wconf 77' lang='grc' dir='ltr'>αὑτοῦ</span> 
     </span>
    </p>
   </div>
   <div class='ocr_carea' id='block_1_47' title="bbox 174 2159 961 2198">
    <p class='ocr_par' dir='ltr' id='par_1_47' title="bbox 174 2159 961 2198">
     <span class='ocr_line' id='line_1_47' title="bbox 174 2159 961 2198; baseline 0.006 -14"><span class='ocrx_word' id='word_1_366' title='bbox 174 2159 331 2194; x_wconf 81' lang='grc' dir='ltr'>πραχθέντα</span> <span class='ocrx_word' id='word_1_367' title='bbox 345 2160 548 2195; x_wconf 79' lang='grc' dir='ltr'>κεχαρισμένως</span> <span class='ocrx_word' id='word_1_368' title='bbox 567 2161 723 2193; x_wconf 70' lang='grc' dir='ltr'>ἀναθέντας.</span> <span class='ocrx_word' id='word_1_369' title='bbox 747 2163 789 2194; x_wconf 87' lang='grc' dir='ltr'>Ὠς</span> <span class='ocrx_word' id='word_1_370' title='bbox 808 2161 837 2189; x_wconf 77' lang='grc' dir='ltr'>εὖ</span> <span class='ocrx_word' id='word_1_371' title='bbox 859 2172 902 2198; x_wconf 86' lang='grc' dir='ltr'><strong>μοι</strong></span> <span class='ocrx_word' id='word_1_372' title='bbox 920 2163 961 2189; x_wconf 86' lang='grc' dir='ltr'>δο-</span> 
     </span>
    </p>
   </div>
   <div class='ocr_carea' id='block_1_48' title="bbox 173 2204 959 2244">
    <p class='ocr_par' dir='ltr' id='par_1_48' title="bbox 173 2204 959 2244">
     <span class='ocr_line' id='line_1_48' title="bbox 173 2204 959 2244; baseline 0.006 -14"><span class='ocrx_word' id='word_1_373' title='bbox 173 2206 218 2231; x_wconf 81' lang='grc' dir='ltr'>κεῖ</span> <span class='ocrx_word' id='word_1_374' title='bbox 236 2204 360 2240; x_wconf 71' lang='grc' dir='ltr'>εἰρῆσθαι</span> <span class='ocrx_word' id='word_1_375' title='bbox 373 2214 380 2220; x_wconf 83' lang='lat'><strong>&#39;</strong></span> <span class='ocrx_word' id='word_1_376' title='bbox 402 2206 493 2232; x_wconf 79' lang='grc' dir='ltr'>Πάντα</span> <span class='ocrx_word' id='word_1_377' title='bbox 509 2206 560 2241; x_wconf 82' lang='grc' dir='ltr'>χρὴ</span> <span class='ocrx_word' id='word_1_378' title='bbox 585 2207 721 2234; x_wconf 74' lang='grc' dir='ltr'>πιστεύειν</span> <span class='ocrx_word' id='word_1_379' title='bbox 735 2209 790 2239; x_wconf 86' lang='grc' dir='ltr'>τοῖς</span> <span class='ocrx_word' id='word_1_380' title='bbox 806 2208 851 2234; x_wconf 82' lang='grc' dir='ltr'>τοῦ</span> <span class='ocrx_word' id='word_1_381' title='bbox 874 2208 959 2244; x_wconf 79' lang='grc' dir='ltr'><strong>Ἰησοῦ</strong></span> 
     </span>
    </p>
   </div>
   <div class='ocr_carea' id='block_1_49' title="bbox 175 2247 960 2288">
    <p class='ocr_par' dir='ltr' id='par_1_49' title="bbox 175 2247 960 2288">
     <span class='ocr_line' id='line_1_49' title="bbox 175 2247 960 2288; baseline 0.009 -15"><span class='ocrx_word' id='word_1_382' title='bbox 175 2247 319 2283; x_wconf 81' lang='grc' dir='ltr'>μαθηταῖς,</span> <span class='ocrx_word' id='word_1_383' title='bbox 334 2248 350 2284; x_wconf 83' lang='grc' dir='ltr'>ἢ</span> <span class='ocrx_word' id='word_1_384' title='bbox 374 2249 426 2284; x_wconf 77' lang='grc' dir='ltr'>μήο</span> <span class='ocrx_word' id='word_1_385' title='bbox 444 2250 490 2275; x_wconf 72' lang='grc' dir='ltr'><strong>καὶ</strong></span> <span class='ocrx_word' id='word_1_386' title='bbox 506 2251 529 2275; x_wconf 87' lang='grc' dir='ltr'><strong>εί</strong></span> <span class='ocrx_word' id='word_1_387' title='bbox 552 2250 642 2284; x_wconf 66' lang='grc' dir='ltr'>μονοις</span> <span class='ocrx_word' id='word_1_388' title='bbox 657 2252 760 2283; x_wconf 75' lang='grc' dir='ltr'>τούτοις</span> <span class='ocrx_word' id='word_1_389' title='bbox 792 2254 846 2284; x_wconf 78' lang='grc' dir='ltr'>τοῖς</span> <span class='ocrx_word' id='word_1_390' title='bbox 863 2254 960 2288; x_wconf 77' lang='grc' dir='ltr'>ἀνδρά-</span> 
     </span>
    </p>
   </div>
   <div class='ocr_carea' id='block_1_50' title="bbox 174 2292 958 2334">
    <p class='ocr_par' dir='ltr' id='par_1_50' title="bbox 174 2292 958 2334">
     <span class='ocr_line' id='line_1_50' title="bbox 174 2292 958 2334; baseline 0.008 -16"><span class='ocrx_word' id='word_1_391' title='bbox 174 2301 217 2319; x_wconf 84' lang='grc' dir='ltr'><strong>σιν</strong></span> <span class='ocrx_word' id='word_1_392' title='bbox 229 2292 401 2329; x_wconf 80' lang='grc' dir='ltr'>ἀπιστητέον,</span> <span class='ocrx_word' id='word_1_393' title='bbox 414 2294 461 2320; x_wconf 79' lang='grc' dir='ltr'>καὶ</span> <span class='ocrx_word' id='word_1_394' title='bbox 474 2296 528 2325; x_wconf 81' lang='grc' dir='ltr'>τοῖς</span> <span class='ocrx_word' id='word_1_395' title='bbox 545 2296 636 2326; x_wconf 78' lang='grc' dir='ltr'>πᾶσιν,</span> <span class='ocrx_word' id='word_1_396' title='bbox 649 2297 745 2328; x_wconf 78' lang='grc' dir='ltr'>οἵτινές</span> <span class='ocrx_word' id='word_1_397' title='bbox 758 2298 816 2323; x_wconf 77' lang='grc' dir='ltr'>ποτ’</span> <span class='ocrx_word' id='word_1_398' title='bbox 829 2298 882 2333; x_wconf 84' lang='grc' dir='ltr'>ἄρα</span> <span class='ocrx_word' id='word_1_399' title='bbox 894 2299 958 2334; x_wconf 77' lang='grc' dir='ltr'>παρ’</span> 
     </span>
    </p>
   </div>
   <div class='ocr_carea' id='block_1_51' title="bbox 173 2338 959 2378">
    <p class='ocr_par' dir='ltr' id='par_1_51' title="bbox 173 2338 959 2378">
     <span class='ocr_line' id='line_1_51' title="bbox 173 2338 959 2378; baseline 0.008 -13"><span class='ocrx_word' id='word_1_400' title='bbox 173 2338 312 2374; x_wconf 83' lang='grc' dir='ltr'>Ἕλλησιν,</span> <span class='ocrx_word' id='word_1_401' title='bbox 333 2341 350 2375; x_wconf 86' lang='grc' dir='ltr'>ἢ</span> <span class='ocrx_word' id='word_1_402' title='bbox 369 2341 444 2376; x_wconf 80' lang='grc' dir='ltr'>παρὰ</span> <span class='ocrx_word' id='word_1_403' title='bbox 463 2341 609 2378; x_wconf 74' lang='grc' dir='ltr'>βαρϐάροις</span> <span class='ocrx_word' id='word_1_404' title='bbox 633 2343 705 2378; x_wconf 80' lang='grc' dir='ltr'>βίους</span> <span class='ocrx_word' id='word_1_405' title='bbox 726 2345 772 2370; x_wconf 76' lang='grc' dir='ltr'><strong>καὶ</strong></span> <span class='ocrx_word' id='word_1_406' title='bbox 796 2344 890 2378; x_wconf 77' lang='grc' dir='ltr'>λόγους</span> <span class='ocrx_word' id='word_1_407' title='bbox 913 2347 959 2372; x_wconf 83' lang='grc' dir='ltr'><strong>καὶ</strong></span> 
     </span>
    </p>
   </div>
   <div class='ocr_carea' id='block_1_52' title="bbox 171 2384 958 2424">
    <p class='ocr_par' dir='ltr' id='par_1_52' title="bbox 171 2384 958 2424">
     <span class='ocr_line' id='line_1_52' title="bbox 171 2384 958 2424; baseline 0.008 -14"><span class='ocrx_word' id='word_1_408' title='bbox 171 2384 441 2421; x_wconf 79' lang='grc' dir='ltr'>ἀπομνημονεύματα</span> <span class='ocrx_word' id='word_1_409' title='bbox 456 2387 509 2413; x_wconf 86' lang='grc' dir='ltr'><strong>τῶν</strong></span> <span class='ocrx_word' id='word_1_410' title='bbox 523 2388 592 2414; x_wconf 74' lang='grc' dir='ltr'>κατὰ</span> <span class='ocrx_word' id='word_1_411' title='bbox 608 2389 719 2423; x_wconf 74' lang='grc' dir='ltr'>χρόνους</span> <span class='ocrx_word' id='word_1_412' title='bbox 735 2389 781 2415; x_wconf 86' lang='grc' dir='ltr'><strong>ἐπί</strong></span> <span class='ocrx_word' id='word_1_413' title='bbox 803 2398 872 2416; x_wconf 87' lang='grc' dir='ltr'>τισιν</span> <span class='ocrx_word' id='word_1_414' title='bbox 891 2391 958 2424; x_wconf 80' lang='grc' dir='ltr'>ἀγα-</span> 
     </span>
    </p>
   </div>
   <div class='ocr_carea' id='block_1_53' title="bbox 171 2429 958 2471">
    <p class='ocr_par' dir='ltr' id='par_1_53' title="bbox 171 2429 958 2471">
     <span class='ocr_line' id='line_1_53' title="bbox 171 2429 958 2471; baseline 0.008 -15"><span class='ocrx_word' id='word_1_415' title='bbox 171 2429 229 2462; x_wconf 85' lang='grc' dir='ltr'>θοῖς</span> <span class='ocrx_word' id='word_1_416' title='bbox 242 2430 436 2466; x_wconf 82' lang='grc' dir='ltr'>κατορθώμασι</span> <span class='ocrx_word' id='word_1_417' title='bbox 459 2432 607 2468; x_wconf 85' lang='grc' dir='ltr'>βοηθέντων</span> <span class='ocrx_word' id='word_1_418' title='bbox 628 2435 843 2469; x_wconf 63' lang='grc' dir='ltr'>συνεγράψαντο·</span> <span class='ocrx_word' id='word_1_419' title='bbox 861 2436 876 2471; x_wconf 84' lang='grc' dir='ltr'>ἢ</span> <span class='ocrx_word' id='word_1_420' title='bbox 903 2438 958 2468; x_wconf 82' lang='grc' dir='ltr'>τοῖς</span> 
     </span>
    </p>
   </div>
   <div class='ocr_carea' id='block_1_54' title="bbox 172 2477 958 2515">
    <p class='ocr_par' dir='ltr' id='par_1_54' title="bbox 172 2477 958 2515">
     <span class='ocr_line' id='line_1_54' title="bbox 172 2477 958 2515; baseline 0.006 -12"><span class='ocrx_word' id='word_1_421' title='bbox 172 2477 223 2512; x_wconf 80' lang='grc' dir='ltr'><strong>μὲν</strong></span> <span class='ocrx_word' id='word_1_422' title='bbox 233 2477 324 2509; x_wconf 78' lang='grc' dir='ltr'>ἄλλοις</span> <span class='ocrx_word' id='word_1_423' title='bbox 339 2478 477 2505; x_wconf 85' lang='grc' dir='ltr'>πιστεύειν</span> <span class='ocrx_word' id='word_1_424' title='bbox 489 2479 607 2513; x_wconf 76' lang='grc' dir='ltr'>εὔλογον,</span> <span class='ocrx_word' id='word_1_425' title='bbox 627 2480 717 2515; x_wconf 83' lang='grc' dir='ltr'>μόνοις</span> <span class='ocrx_word' id='word_1_426' title='bbox 730 2481 757 2506; x_wconf 79' lang='grc' dir='ltr'><strong>δὲ</strong></span> <span class='ocrx_word' id='word_1_427' title='bbox 778 2481 883 2512; x_wconf 73' lang='grc' dir='ltr'>τούτοις</span> <span class='ocrx_word' id='word_1_428' title='bbox 898 2483 958 2508; x_wconf 83' lang='grc' dir='ltr'>ἀπι-</span> 
     </span>
    </p>
   </div>
   <div class='ocr_carea' id='block_1_55' title="bbox 170 2518 955 2561">
    <p class='ocr_par' dir='ltr' id='par_1_55' title="bbox 170 2518 955 2561">
     <span class='ocr_line' id='line_1_55' title="bbox 170 2518 955 2561; baseline 0.006 -12"><span class='ocrx_word' id='word_1_429' title='bbox 170 2524 252 2550; x_wconf 79' lang='grc' dir='ltr'>στεῖν.</span> <span class='ocrx_word' id='word_1_430' title='bbox 266 2524 322 2550; x_wconf 73' lang='grc' dir='ltr'>Καὶ</span> <span class='ocrx_word' id='word_1_431' title='bbox 335 2524 394 2556; x_wconf 81' lang='grc' dir='ltr'><strong>πῶς</strong></span> <span class='ocrx_word' id='word_1_432' title='bbox 409 2525 457 2551; x_wconf 78' lang='grc' dir='ltr'>οὐκ</span> <span class='ocrx_word' id='word_1_433' title='bbox 475 2518 595 2561; x_wconf 66' lang='grc' dir='ltr'>ἐμφανὴς</span> <span class='ocrx_word' id='word_1_434' title='bbox 608 2527 622 2552; x_wconf 83' lang='grc' dir='ltr'><strong>ό</strong></span> <span class='ocrx_word' id='word_1_435' title='bbox 639 2527 733 2561; x_wconf 69' lang='grc' dir='ltr'>φθόνος</span> <span class='ocrx_word' id='word_1_436' title='bbox 745 2536 752 2559; x_wconf 90' lang='grc'><strong>;</strong></span> <span class='ocrx_word' id='word_1_437' title='bbox 768 2528 798 2553; x_wconf 82' lang='grc' dir='ltr'>Τί</span> <span class='ocrx_word' id='word_1_438' title='bbox 810 2528 836 2553; x_wconf 80' lang='grc' dir='ltr'><em>δέ</em></span> <span class='ocrx_word' id='word_1_439' title='bbox 849 2536 856 2559; x_wconf 85' lang='grc'>;</span> <span class='ocrx_word' id='word_1_440' title='bbox 868 2529 892 2554; x_wconf 90' lang='grc' dir='ltr'>οἱ</span> <span class='ocrx_word' id='word_1_441' title='bbox 905 2537 955 2554; x_wconf 92' lang='grc' dir='ltr'>κα-</span> 
     </span>
    </p>
   </div>
   <div class='ocr_carea' id='block_1_56' title="bbox 167 2567 953 2607">
    <p class='ocr_par' dir='ltr' id='par_1_56' title="bbox 167 2567 953 2607">
     <span class='ocr_line' id='line_1_56' title="bbox 167 2567 953 2607; baseline 0.006 -14"><span class='ocrx_word' id='word_1_442' title='bbox 167 2567 362 2603; x_wconf 77' lang='grc' dir='ltr'>ταψευδόμενοι</span> <span class='ocrx_word' id='word_1_443' title='bbox 375 2569 422 2595; x_wconf 72' lang='grc' dir='ltr'><strong>τοῦ</strong></span> <span class='ocrx_word' id='word_1_444' title='bbox 434 2570 607 2602; x_wconf 80' lang='grc' dir='ltr'>Διδασκάλου,</span> <span class='ocrx_word' id='word_1_445' title='bbox 622 2572 669 2597; x_wconf 71' lang='grc' dir='ltr'>καὶ</span> <span class='ocrx_word' id='word_1_446' title='bbox 681 2571 714 2597; x_wconf 75' lang='grc' dir='ltr'>τὰ</span> <span class='ocrx_word' id='word_1_447' title='bbox 729 2570 766 2606; x_wconf 77' lang='grc' dir='ltr'>μὴ</span> <span class='ocrx_word' id='word_1_448' title='bbox 780 2572 909 2605; x_wconf 74' lang='grc' dir='ltr'>γεγονότα</span> <span class='ocrx_word' id='word_1_449' title='bbox 921 2574 953 2607; x_wconf 84' lang='grc' dir='ltr'>τῇ</span> 
     </span>
    </p>
   </div>
   <div class='ocr_carea' id='block_1_57' title="bbox 168 2613 955 2652">
    <p class='ocr_par' dir='ltr' id='par_1_57' title="bbox 168 2613 955 2652">
     <span class='ocr_line' id='line_1_57' title="bbox 168 2613 955 2652; baseline 0.006 -13"><span class='ocrx_word' id='word_1_450' title='bbox 168 2613 259 2640; x_wconf 82' lang='grc' dir='ltr'>αὐτῶν</span> <span class='ocrx_word' id='word_1_451' title='bbox 272 2615 465 2650; x_wconf 81' lang='grc' dir='ltr'>παραδιδόντες</span> <span class='ocrx_word' id='word_1_452' title='bbox 483 2618 586 2651; x_wconf 51' lang='grc' dir='ltr'>γραφῇι</span> <span class='ocrx_word' id='word_1_453' title='bbox 608 2615 662 2652; x_wconf 85' lang='grc' dir='ltr'>ἆρα</span> <span class='ocrx_word' id='word_1_454' title='bbox 676 2618 722 2644; x_wconf 72' lang='grc' dir='ltr'><strong>καὶ</strong></span> <span class='ocrx_word' id='word_1_455' title='bbox 736 2617 770 2643; x_wconf 78' lang='grc' dir='ltr'>τὰ</span> <span class='ocrx_word' id='word_1_456' title='bbox 787 2617 859 2652; x_wconf 76' lang='grc' dir='ltr'>πάθη</span> <span class='ocrx_word' id='word_1_457' title='bbox 889 2626 955 2644; x_wconf 84' lang='grc' dir='ltr'>κατ-</span> 
     </span>
    </p>
   </div>
   <div class='ocr_carea' id='block_1_58' title="bbox 167 2659 954 2698">
    <p class='ocr_par' dir='ltr' id='par_1_58' title="bbox 167 2659 954 2698">
     <span class='ocr_line' id='line_1_58' title="bbox 167 2659 954 2698; baseline 0.005 -13"><span class='ocrx_word' id='word_1_458' title='bbox 167 2659 317 2694; x_wconf 74' lang='grc' dir='ltr'>εψεύσαντο</span> <span class='ocrx_word' id='word_1_459' title='bbox 348 2661 448 2693; x_wconf 56' lang='lat' dir='ltr'><strong>aut-0&#39;3;</strong></span> <span class='ocrx_word' id='word_1_460' title='bbox 464 2661 513 2696; x_wconf 84' lang='grc' dir='ltr'><strong>τὴν</strong></span> <span class='ocrx_word' id='word_1_461' title='bbox 534 2662 592 2694; x_wconf 81' lang='grc' dir='ltr'>ἑνὸς</span> <span class='ocrx_word' id='word_1_462' title='bbox 609 2662 678 2696; x_wconf 80' lang='grc' dir='ltr'>λέγω</span> <span class='ocrx_word' id='word_1_463' title='bbox 703 2663 831 2698; x_wconf 82' lang='grc' dir='ltr'>μαθητῶν</span> <span class='ocrx_word' id='word_1_464' title='bbox 862 2663 954 2698; x_wconf 75' lang='grc' dir='ltr'>προδο-</span> 
     </span>
    </p>
   </div>
   <div class='ocr_carea' id='block_1_59' title="bbox 167 2704 952 2744">
    <p class='ocr_par' dir='ltr' id='par_1_59' title="bbox 167 2704 952 2744">
     <span class='ocr_line' id='line_1_59' title="bbox 167 2704 952 2744; baseline 0.005 -13"><span class='ocrx_word' id='word_1_465' title='bbox 167 2704 238 2736; x_wconf 82' lang='grc' dir='ltr'>σίαν,</span> <span class='ocrx_word' id='word_1_466' title='bbox 264 2705 311 2732; x_wconf 74' lang='grc' dir='ltr'><strong>καὶ</strong></span> <span class='ocrx_word' id='word_1_467' title='bbox 327 2706 377 2742; x_wconf 82' lang='grc' dir='ltr'>τὴν</span> <span class='ocrx_word' id='word_1_468' title='bbox 398 2707 451 2733; x_wconf 85' lang='grc' dir='ltr'><strong>τῶν</strong></span> <span class='ocrx_word' id='word_1_469' title='bbox 470 2708 642 2741; x_wconf 74' lang='grc' dir='ltr'>συκοφαντῶν</span> <span class='ocrx_word' id='word_1_470' title='bbox 659 2709 832 2744; x_wconf 81' lang='grc' dir='ltr'>κατηγορίαν,</span> <span class='ocrx_word' id='word_1_471' title='bbox 855 2709 952 2743; x_wconf 82' lang='grc' dir='ltr'>χλευας</span> 
     </span>
    </p>
   </div>
   <div class='ocr_carea' id='block_1_60' title="bbox 165 2751 951 2789">
    <p class='ocr_par' dir='ltr' id='par_1_60' title="bbox 165 2751 951 2789">
     <span class='ocr_line' id='line_1_60' title="bbox 165 2751 951 2789; baseline 0.004 -12"><span class='ocrx_word' id='word_1_472' title='bbox 165 2758 196 2777; x_wconf 80' lang='grc' dir='ltr'>τι</span> <span class='ocrx_word' id='word_1_473' title='bbox 211 2752 258 2777; x_wconf 79' lang='grc' dir='ltr'>καὶ</span> <span class='ocrx_word' id='word_1_474' title='bbox 270 2751 438 2787; x_wconf 76' lang='grc' dir='ltr'>διασυρμοὺς</span> <span class='ocrx_word' id='word_1_475' title='bbox 454 2752 598 2784; x_wconf 83' lang='grc' dir='ltr'>δικαστῶν,</span> <span class='ocrx_word' id='word_1_476' title='bbox 613 2753 661 2785; x_wconf 77' lang='grc' dir='ltr'><strong>τάς</strong></span> <span class='ocrx_word' id='word_1_477' title='bbox 675 2762 703 2779; x_wconf 87' lang='grc' dir='ltr'><strong>τε</strong></span> <span class='ocrx_word' id='word_1_478' title='bbox 721 2753 812 2789; x_wconf 78' lang='grc' dir='ltr'>ὕϐρεις</span> <span class='ocrx_word' id='word_1_479' title='bbox 835 2754 880 2780; x_wconf 74' lang='grc' dir='ltr'><strong>καὶ</strong></span> <span class='ocrx_word' id='word_1_480' title='bbox 903 2754 951 2785; x_wconf 77' lang='grc' dir='ltr'>τὰς</span> 
     </span>
    </p>
   </div>
   <div class='ocr_carea' id='block_1_61' title="bbox 165 2795 952 2833">
    <p class='ocr_par' dir='ltr' id='par_1_61' title="bbox 165 2795 952 2833">
     <span class='ocr_line' id='line_1_61' title="bbox 165 2795 952 2833; baseline 0.003 -10"><span class='ocrx_word' id='word_1_481' title='bbox 165 2795 271 2832; x_wconf 75' lang='grc' dir='ltr'>πληγὰς</span> <span class='ocrx_word' id='word_1_482' title='bbox 282 2796 333 2829; x_wconf 68' lang='grc' dir='ltr'>τὰς</span> <span class='ocrx_word' id='word_1_483' title='bbox 349 2797 419 2824; x_wconf 78' lang='grc' dir='ltr'><strong>κατὰ</strong></span> <span class='ocrx_word' id='word_1_484' title='bbox 438 2798 593 2833; x_wconf 83' lang='grc' dir='ltr'>προσώπου,</span> <span class='ocrx_word' id='word_1_485' title='bbox 617 2799 750 2833; x_wconf 82' lang='grc' dir='ltr'>μάστιγάς</span> <span class='ocrx_word' id='word_1_486' title='bbox 766 2808 795 2826; x_wconf 87' lang='grc' dir='ltr'><strong>τε</strong></span> <span class='ocrx_word' id='word_1_487' title='bbox 816 2800 886 2825; x_wconf 78' lang='grc' dir='ltr'>κατὰ</span> <span class='ocrx_word' id='word_1_488' title='bbox 902 2799 952 2825; x_wconf 87' lang='grc' dir='ltr'><strong>νώ-</strong></span> 
     </span>
    </p>
   </div>
   <div class='ocr_carea' id='block_1_62' title="bbox 159 2843 166 2856">
    <p class='ocr_par' dir='ltr' id='par_1_62' title="bbox 159 2843 166 2856">
     <span class='ocr_line' id='line_1_62' title="bbox 159 2843 166 2856; baseline 0 0"><span class='ocrx_word' id='word_1_489' title='bbox 159 2843 166 2856; x_wconf 71' lang='grc' dir='ltr'><strong>ι</strong></span> 
     </span>
    </p>
   </div>
   <div class='ocr_carea' id='block_1_63' title="bbox 201 2883 718 2918">
    <p class='ocr_par' dir='ltr' id='par_1_63' title="bbox 201 2883 718 2918">
     <span class='ocr_line' id='line_1_63' title="bbox 201 2883 718 2918; baseline -0.002 -6"><span class='ocrx_word' id='word_1_490' title='bbox 201 2883 223 2900; x_wconf 75' lang='grc'><strong>’⁸</strong></span> <span class='ocrx_word' id='word_1_491' title='bbox 235 2884 331 2913; x_wconf 78' lang='lat' dir='ltr'><strong>Matth.</strong></span> <span class='ocrx_word' id='word_1_492' title='bbox 350 2894 406 2918; x_wconf 76' lang='lat' dir='ltr'><strong>xvt,</strong></span> <span class='ocrx_word' id='word_1_493' title='bbox 422 2887 512 2917; x_wconf 65' lang='lat'><strong>15—19,</strong></span> <span class='ocrx_word' id='word_1_494' title='bbox 555 2888 578 2904; x_wconf 88' lang='grc'><strong>⁷⁵</strong></span> <span class='ocrx_word' id='word_1_495' title='bbox 592 2884 659 2913; x_wconf 87' lang='lat' dir='ltr'><strong>ibid.</strong></span> <span class='ocrx_word' id='word_1_496' title='bbox 673 2885 718 2913; x_wconf 71' lang='lat'><strong>20.</strong></span> 
     </span>
    </p>
   </div>
   <div class='ocr_carea' id='block_1_64' title="bbox 1035 289 1821 322">
    <p class='ocr_par' dir='ltr' id='par_1_64' title="bbox 1035 289 1821 322">
     <span class='ocr_line' id='line_1_64' title="bbox 1035 289 1821 322; baseline 0.001 -4"><span class='ocrx_word' id='word_1_497' title='bbox 1035 292 1108 319; x_wconf 86' lang='lat' dir='ltr'><strong>dicta</strong></span> <span class='ocrx_word' id='word_1_498' title='bbox 1124 290 1180 318; x_wconf 91' lang='lat' dir='ltr'><strong>sint</strong></span> <span class='ocrx_word' id='word_1_499' title='bbox 1194 289 1275 318; x_wconf 84' lang='lat' dir='ltr'><strong>Petro</strong></span> <span class='ocrx_word' id='word_1_500' title='bbox 1290 291 1324 318; x_wconf 84' lang='lat' dir='ltr'><strong>ab</strong></span> <span class='ocrx_word' id='word_1_501' title='bbox 1337 289 1412 322; x_wconf 86' lang='lat' dir='ltr'><strong>Jesu,</strong></span> <span class='ocrx_word' id='word_1_502' title='bbox 1430 290 1538 318; x_wconf 81' lang='lat' dir='ltr'><strong>Marcus</strong></span> <span class='ocrx_word' id='word_1_503' title='bbox 1553 291 1622 318; x_wconf 83' lang='lat' dir='ltr'><strong>nihil</strong></span> <span class='ocrx_word' id='word_1_504' title='bbox 1633 291 1730 319; x_wconf 85' lang='lat' dir='ltr'><strong>horum</strong></span> <span class='ocrx_word' id='word_1_505' title='bbox 1744 299 1821 319; x_wconf 58' lang='lat' dir='ltr'><strong>com-</strong></span> 
     </span>
    </p>
   </div>
   <div class='ocr_carea' id='block_1_65' title="bbox 1033 336 1821 371">
    <p class='ocr_par' dir='ltr' id='par_1_65' title="bbox 1033 336 1821 371">
     <span class='ocr_line' id='line_1_65' title="bbox 1033 336 1821 371; baseline 0.003 -8"><span class='ocrx_word' id='word_1_506' title='bbox 1033 345 1198 367; x_wconf 78' lang='lat' dir='ltr'><strong>memorans,</strong></span> <span class='ocrx_word' id='word_1_507' title='bbox 1206 341 1347 371; x_wconf 85' lang='lat' dir='ltr'><strong>propterea</strong></span> <span class='ocrx_word' id='word_1_508' title='bbox 1356 337 1427 371; x_wconf 91' lang='lat' dir='ltr'><strong>quod</strong></span> <span class='ocrx_word' id='word_1_509' title='bbox 1436 345 1469 363; x_wconf 90' lang='lat' dir='ltr'><strong>ne</strong></span> <span class='ocrx_word' id='word_1_510' title='bbox 1480 336 1576 364; x_wconf 86' lang='lat' dir='ltr'><strong>Petrus</strong></span> <span class='ocrx_word' id='word_1_511' title='bbox 1587 337 1705 371; x_wconf 81' lang='lat' dir='ltr'><strong>quidem,</strong></span> <span class='ocrx_word' id='word_1_512' title='bbox 1713 339 1821 365; x_wconf 85' lang='lat' dir='ltr'><strong>utveri-</strong></span> 
     </span>
    </p>
   </div>
   <div class='ocr_carea' id='block_1_66' title="bbox 1031 382 1818 416">
    <p class='ocr_par' dir='ltr' id='par_1_66' title="bbox 1031 382 1818 416">
     <span class='ocr_line' id='line_1_66' title="bbox 1031 382 1818 416; baseline 0.004 -8"><span class='ocrx_word' id='word_1_513' title='bbox 1031 382 1118 409; x_wconf 84' lang='lat' dir='ltr'><strong>simile</strong></span> <span class='ocrx_word' id='word_1_514' title='bbox 1126 386 1167 409; x_wconf 86' lang='lat' dir='ltr'><strong>est</strong></span> <span class='ocrx_word' id='word_1_515' title='bbox 1179 383 1241 408; x_wconf 90' lang='lat' dir='ltr'><strong>talia</strong></span> <span class='ocrx_word' id='word_1_516' title='bbox 1253 383 1279 409; x_wconf 92' lang='lat' dir='ltr'><strong>in</strong></span> <span class='ocrx_word' id='word_1_517' title='bbox 1293 382 1350 409; x_wconf 90' lang='lat' dir='ltr'><strong>suis</strong></span> <span class='ocrx_word' id='word_1_518' title='bbox 1363 383 1563 409; x_wconf 84' lang='lat' dir='ltr'><strong>narrationibus</strong></span> <span class='ocrx_word' id='word_1_519' title='bbox 1575 384 1735 415; x_wconf 85' lang='lat' dir='ltr'><strong>enuntiavit,</strong></span> <span class='ocrx_word' id='word_1_520' title='bbox 1744 384 1818 416; x_wconf 83' lang='lat' dir='ltr'><strong>audi,</strong></span> 
     </span>
    </p>
   </div>
   <div class='ocr_carea' id='block_1_67' title="bbox 1029 427 1821 464">
    <p class='ocr_par' dir='ltr' id='par_1_67' title="bbox 1029 427 1821 464">
     <span class='ocr_line' id='line_1_67' title="bbox 1029 427 1821 464; baseline 0.004 -11"><span class='ocrx_word' id='word_1_521' title='bbox 1029 427 1094 462; x_wconf 91' lang='lat' dir='ltr'><strong>quid</strong></span> <span class='ocrx_word' id='word_1_522' title='bbox 1110 427 1195 459; x_wconf 89' lang='lat' dir='ltr'><strong>dicat,</strong></span> <span class='ocrx_word' id='word_1_523' title='bbox 1210 431 1270 462; x_wconf 78' lang='lat' dir='ltr'><strong>pust</strong></span> <span class='ocrx_word' id='word_1_524' title='bbox 1289 427 1352 455; x_wconf 85' lang='lat' dir='ltr'><strong>Jesu</strong></span> <span class='ocrx_word' id='word_1_525' title='bbox 1377 428 1635 463; x_wconf 80' lang='lat' dir='ltr'><strong>interrogationem:</strong></span> <span class='ocrx_word' id='word_1_526' title='bbox 1660 438 1669 454; x_wconf 79' lang='grc' dir='ltr'><strong>ι</strong></span> <span class='ocrx_word' id='word_1_527' title='bbox 1694 428 1821 464; x_wconf 81' lang='lat' dir='ltr'><strong>Respon-</strong></span> 
     </span>
    </p>
   </div>
   <div class='ocr_carea' id='block_1_68' title="bbox 1030 471 1820 507">
    <p class='ocr_par' dir='ltr' id='par_1_68' title="bbox 1030 471 1820 507">
     <span class='ocr_line' id='line_1_68' title="bbox 1030 471 1820 507; baseline 0.001 -8"><span class='ocrx_word' id='word_1_528' title='bbox 1030 473 1107 503; x_wconf 80' lang='lat' dir='ltr'><strong>dcns,</strong></span> <span class='ocrx_word' id='word_1_529' title='bbox 1130 472 1228 507; x_wconf 81' lang='lat' dir='ltr'><strong>inquit,</strong></span> <span class='ocrx_word' id='word_1_530' title='bbox 1241 471 1338 499; x_wconf 81' lang='lat' dir='ltr'><strong>Petrus</strong></span> <span class='ocrx_word' id='word_1_531' title='bbox 1352 472 1416 498; x_wconf 86' lang='lat' dir='ltr'><strong>dicit</strong></span> <span class='ocrx_word' id='word_1_532' title='bbox 1431 481 1437 498; x_wconf 90' lang='lat'>:</span> <span class='ocrx_word' id='word_1_533' title='bbox 1450 471 1490 498; x_wconf 86' lang='lat' dir='ltr'><strong>Tu</strong></span> <span class='ocrx_word' id='word_1_534' title='bbox 1505 480 1534 499; x_wconf 84' lang='lat' dir='ltr'><strong>es</strong></span> <span class='ocrx_word' id='word_1_535' title='bbox 1549 473 1686 504; x_wconf 85' lang='lat' dir='ltr'><strong>Christus,</strong></span> <span class='ocrx_word' id='word_1_536' title='bbox 1703 476 1729 500; x_wconf 87' lang='lat' dir='ltr'><strong>et</strong></span> <span class='ocrx_word' id='word_1_537' title='bbox 1743 481 1820 500; x_wconf 89' lang='lat' dir='ltr'><strong>com-</strong></span> 
     </span>
    </p>
   </div>
   <div class='ocr_carea' id='block_1_69' title="bbox 1031 518 1817 554">
    <p class='ocr_par' dir='ltr' id='par_1_69' title="bbox 1031 518 1817 554">
     <span class='ocr_line' id='line_1_69' title="bbox 1031 518 1817 554; baseline 0.001 -10"><span class='ocrx_word' id='word_1_538' title='bbox 1031 518 1153 545; x_wconf 81' lang='lat' dir='ltr'><strong>minatus</strong></span> <span class='ocrx_word' id='word_1_539' title='bbox 1179 523 1220 545; x_wconf 89' lang='lat' dir='ltr'><strong>est</strong></span> <span class='ocrx_word' id='word_1_540' title='bbox 1235 518 1286 548; x_wconf 83' lang='lat' dir='ltr'><strong>eis,</strong></span> <span class='ocrx_word' id='word_1_541' title='bbox 1306 521 1336 544; x_wconf 93' lang='lat' dir='ltr'><strong>ut</strong></span> <span class='ocrx_word' id='word_1_542' title='bbox 1354 518 1454 544; x_wconf 86' lang='lat' dir='ltr'><strong>nemini</strong></span> <span class='ocrx_word' id='word_1_543' title='bbox 1477 518 1599 545; x_wconf 80' lang='lat' dir='ltr'><strong>dicerent</strong></span> <span class='ocrx_word' id='word_1_544' title='bbox 1624 518 1657 546; x_wconf 90' lang='lat' dir='ltr'><strong>de</strong></span> <span class='ocrx_word' id='word_1_545' title='bbox 1683 519 1742 554; x_wconf 90' lang='lat' dir='ltr'><strong>ipso</strong></span> <span class='ocrx_word' id='word_1_546' title='bbox 1752 519 1785 545; x_wconf 89' lang='lat'><strong>&quot;.</strong></span> <span class='ocrx_word' id='word_1_547' title='bbox 1806 528 1817 545; x_wconf 74' lang='grc' dir='ltr'><strong>ι</strong></span> 
     </span>
    </p>
   </div>
   <div class='ocr_carea' id='block_1_70' title="bbox 1031 562 1819 599">
    <p class='ocr_par' dir='ltr' id='par_1_70' title="bbox 1031 562 1819 599">
     <span class='ocr_line' id='line_1_70' title="bbox 1031 562 1819 599; baseline 0.004 -10"><span class='ocrx_word' id='word_1_548' title='bbox 1031 562 1092 590; x_wconf 71' lang='grc' dir='ltr'>Ηροο</span> <span class='ocrx_word' id='word_1_549' title='bbox 1108 571 1174 591; x_wconf 94' lang='lat' dir='ltr'><strong>sane</strong></span> <span class='ocrx_word' id='word_1_550' title='bbox 1194 563 1291 590; x_wconf 79' lang='lat' dir='ltr'>Petrus</span> <span class='ocrx_word' id='word_1_551' title='bbox 1309 564 1405 591; x_wconf 86' lang='lat' dir='ltr'><strong>merito</strong></span> <span class='ocrx_word' id='word_1_552' title='bbox 1420 564 1533 590; x_wconf 83' lang='lat' dir='ltr'><strong>tacenda</strong></span> <span class='ocrx_word' id='word_1_553' title='bbox 1556 564 1690 598; x_wconf 74' lang='lat' dir='ltr'><strong>judicavit</strong></span> <span class='ocrx_word' id='word_1_554' title='bbox 1709 574 1714 591; x_wconf 91' lang='lat'>:</span> <span class='ocrx_word' id='word_1_555' title='bbox 1733 573 1819 599; x_wconf 79' lang='lat' dir='ltr'><strong>quare</strong></span> 
     </span>
    </p>
   </div>
   <div class='ocr_carea' id='block_1_71' title="bbox 1030 608 1818 645">
    <p class='ocr_par' dir='ltr' id='par_1_71' title="bbox 1030 608 1818 645">
     <span class='ocr_line' id='line_1_71' title="bbox 1030 608 1818 645; baseline 0.005 -11"><span class='ocrx_word' id='word_1_556' title='bbox 1030 608 1111 635; x_wconf 81' lang='lat' dir='ltr'><strong>etiam</strong></span> <span class='ocrx_word' id='word_1_557' title='bbox 1133 609 1240 636; x_wconf 85' lang='lat' dir='ltr'><strong>Marcus</strong></span> <span class='ocrx_word' id='word_1_558' title='bbox 1252 618 1282 636; x_wconf 88' lang='lat' dir='ltr'><strong>ea</strong></span> <span class='ocrx_word' id='word_1_559' title='bbox 1301 610 1443 644; x_wconf 62' lang='lat' dir='ltr'><strong>praeteriit.</strong></span> <span class='ocrx_word' id='word_1_560' title='bbox 1461 610 1526 642; x_wconf 63' lang='lat' dir='ltr'><strong>Qum</strong></span> <span class='ocrx_word' id='word_1_561' title='bbox 1541 615 1630 637; x_wconf 88' lang='lat' dir='ltr'><strong>autem</strong></span> <span class='ocrx_word' id='word_1_562' title='bbox 1646 611 1680 637; x_wconf 88' lang='lat' dir='ltr'><strong>ad</strong></span> <span class='ocrx_word' id='word_1_563' title='bbox 1695 611 1818 645; x_wconf 84' lang='lat' dir='ltr'><strong>negatio-</strong></span> 
     </span>
    </p>
   </div>
   <div class='ocr_carea' id='block_1_72' title="bbox 1029 656 1815 691">
    <p class='ocr_par' dir='ltr' id='par_1_72' title="bbox 1029 656 1815 691">
     <span class='ocr_line' id='line_1_72' title="bbox 1029 656 1815 691; baseline 0.005 -11"><span class='ocrx_word' id='word_1_564' title='bbox 1029 662 1089 681; x_wconf 92' lang='lat' dir='ltr'><strong>nem</strong></span> <span class='ocrx_word' id='word_1_565' title='bbox 1097 662 1171 681; x_wconf 89' lang='lat' dir='ltr'><strong>suam</strong></span> <span class='ocrx_word' id='word_1_566' title='bbox 1180 656 1361 689; x_wconf 76' lang='lat' dir='ltr'><strong>pertinebant,</strong></span> <span class='ocrx_word' id='word_1_567' title='bbox 1374 656 1399 682; x_wconf 91' lang='lat' dir='ltr'><strong>in</strong></span> <span class='ocrx_word' id='word_1_568' title='bbox 1409 664 1504 683; x_wconf 82' lang='lat' dir='ltr'><strong>omnes</strong></span> <span class='ocrx_word' id='word_1_569' title='bbox 1519 656 1643 683; x_wconf 85' lang='lat' dir='ltr'><strong>homines</strong></span> <span class='ocrx_word' id='word_1_570' title='bbox 1660 658 1772 691; x_wconf 85' lang='lat' dir='ltr'><strong>pr0tulit</strong></span> <span class='ocrx_word' id='word_1_571' title='bbox 1783 665 1815 685; x_wconf 86' lang='lat' dir='ltr'><strong>ac</strong></span> 
     </span>
    </p>
   </div>
   <div class='ocr_carea' id='block_1_73' title="bbox 1029 699 1815 735">
    <p class='ocr_par' dir='ltr' id='par_1_73' title="bbox 1029 699 1815 735">
     <span class='ocr_line' id='line_1_73' title="bbox 1029 699 1815 735; baseline 0.005 -9"><span class='ocrx_word' id='word_1_572' title='bbox 1029 699 1174 734; x_wconf 80' lang='lat' dir='ltr'><strong>publicavit</strong></span> <span class='ocrx_word' id='word_1_573' title='bbox 1187 710 1193 727; x_wconf 94' lang='lat'><strong>:</strong></span> <span class='ocrx_word' id='word_1_574' title='bbox 1207 701 1333 735; x_wconf 90' lang='lat' dir='ltr'><strong>quoniam</strong></span> <span class='ocrx_word' id='word_1_575' title='bbox 1346 705 1405 735; x_wconf 86' lang='lat' dir='ltr'><strong>post</strong></span> <span class='ocrx_word' id='word_1_576' title='bbox 1417 702 1488 728; x_wconf 86' lang='lat' dir='ltr'><strong>illam</strong></span> <span class='ocrx_word' id='word_1_577' title='bbox 1502 701 1572 728; x_wconf 85' lang='lat' dir='ltr'><strong>llevit</strong></span> <span class='ocrx_word' id='word_1_578' title='bbox 1582 710 1680 729; x_wconf 88' lang='lat' dir='ltr'><strong>amare.</strong></span> <span class='ocrx_word' id='word_1_579' title='bbox 1691 702 1815 730; x_wconf 85' lang='lat' dir='ltr'><strong>Invenies</strong></span> 
     </span>
    </p>
   </div>
   <div class='ocr_carea' id='block_1_74' title="bbox 1028 746 1815 780">
    <p class='ocr_par' dir='ltr' id='par_1_74' title="bbox 1028 746 1815 780">
     <span class='ocr_line' id='line_1_74' title="bbox 1028 746 1815 780; baseline 0.003 -8"><span class='ocrx_word' id='word_1_580' title='bbox 1028 746 1118 780; x_wconf 87' lang='lat' dir='ltr'><strong>itaque</strong></span> <span class='ocrx_word' id='word_1_581' title='bbox 1130 746 1162 773; x_wconf 92' lang='lat' dir='ltr'><strong>de</strong></span> <span class='ocrx_word' id='word_1_582' title='bbox 1173 754 1205 773; x_wconf 90' lang='lat' dir='ltr'><strong>eo</strong></span> <span class='ocrx_word' id='word_1_583' title='bbox 1217 751 1371 774; x_wconf 86' lang='lat' dir='ltr'><strong>narrantem</strong></span> <span class='ocrx_word' id='word_1_584' title='bbox 1384 747 1502 773; x_wconf 78' lang='lat' dir='ltr'><strong>Marcum</strong></span> <span class='ocrx_word' id='word_1_585' title='bbox 1520 756 1526 773; x_wconf 90' lang='lat'>:</span> <span class='ocrx_word' id='word_1_586' title='bbox 1542 756 1550 770; x_wconf 79' lang='grc' dir='ltr'><strong>ι</strong></span> <span class='ocrx_word' id='word_1_587' title='bbox 1566 746 1667 773; x_wconf 83' lang='lat' dir='ltr'><strong>Etcum</strong></span> <span class='ocrx_word' id='word_1_588' title='bbox 1681 751 1754 774; x_wconf 85' lang='lat' dir='ltr'><strong>esset</strong></span> <span class='ocrx_word' id='word_1_589' title='bbox 1765 747 1815 774; x_wconf 82' lang='lat' dir='ltr'><strong>Pe-</strong></span> 
     </span>
    </p>
   </div>
   <div class='ocr_carea' id='block_1_75' title="bbox 1028 792 1814 821">
    <p class='ocr_par' dir='ltr' id='par_1_75' title="bbox 1028 792 1814 821">
     <span class='ocr_line' id='line_1_75' title="bbox 1028 792 1814 821; baseline 0.003 -4"><span class='ocrx_word' id='word_1_590' title='bbox 1028 795 1086 818; x_wconf 84' lang='lat' dir='ltr'><strong>trus</strong></span> <span class='ocrx_word' id='word_1_591' title='bbox 1105 792 1131 817; x_wconf 92' lang='lat' dir='ltr'><strong>in</strong></span> <span class='ocrx_word' id='word_1_592' title='bbox 1148 792 1226 821; x_wconf 87' lang='lat' dir='ltr'><strong>atrio.</strong></span> <span class='ocrx_word' id='word_1_593' title='bbox 1243 793 1315 818; x_wconf 80' lang='lat' dir='ltr'><strong>venit</strong></span> <span class='ocrx_word' id='word_1_594' title='bbox 1331 793 1362 818; x_wconf 89' lang='lat' dir='ltr'><strong>ad</strong></span> <span class='ocrx_word' id='word_1_595' title='bbox 1377 800 1437 819; x_wconf 85' lang='lat' dir='ltr'><strong>eum</strong></span> <span class='ocrx_word' id='word_1_596' title='bbox 1455 799 1508 818; x_wconf 88' lang='lat' dir='ltr'><strong>una</strong></span> <span class='ocrx_word' id='word_1_597' title='bbox 1535 799 1565 819; x_wconf 76' lang='lat' dir='ltr'><strong>ex</strong></span> <span class='ocrx_word' id='word_1_598' title='bbox 1583 792 1689 819; x_wconf 82' lang='lat' dir='ltr'><strong>ancillis</strong></span> <span class='ocrx_word' id='word_1_599' title='bbox 1714 794 1814 820; x_wconf 87' lang='lat' dir='ltr'><strong>summi</strong></span> 
     </span>
    </p>
   </div>
   <div class='ocr_carea' id='block_1_76' title="bbox 1028 837 1812 866">
    <p class='ocr_par' dir='ltr' id='par_1_76' title="bbox 1028 837 1812 866">
     <span class='ocr_line' id='line_1_76' title="bbox 1028 837 1812 866; baseline 0.001 -3"><span class='ocrx_word' id='word_1_600' title='bbox 1028 838 1188 866; x_wconf 83' lang='lat' dir='ltr'><strong>sacerdotis.</strong></span> <span class='ocrx_word' id='word_1_601' title='bbox 1213 841 1239 864; x_wconf 89' lang='lat' dir='ltr'><strong>et</strong></span> <span class='ocrx_word' id='word_1_602' title='bbox 1257 846 1317 864; x_wconf 88' lang='lat' dir='ltr'><strong>cum</strong></span> <span class='ocrx_word' id='word_1_603' title='bbox 1342 837 1455 864; x_wconf 73' lang='lat' dir='ltr'><strong>vidisset</strong></span> <span class='ocrx_word' id='word_1_604' title='bbox 1477 837 1587 863; x_wconf 82' lang='lat' dir='ltr'><strong>Petrum</strong></span> <span class='ocrx_word' id='word_1_605' title='bbox 1607 838 1812 865; x_wconf 79' lang='lat' dir='ltr'><strong>calcfacicntem</strong></span> 
     </span>
    </p>
   </div>
   <div class='ocr_carea' id='block_1_77' title="bbox 1025 882 1813 916">
    <p class='ocr_par' dir='ltr' id='par_1_77' title="bbox 1025 882 1813 916">
     <span class='ocr_line' id='line_1_77' title="bbox 1025 882 1813 916; baseline 0.001 -7"><span class='ocrx_word' id='word_1_606' title='bbox 1025 890 1064 911; x_wconf 78' lang='lat' dir='ltr'><strong>se.</strong></span> <span class='ocrx_word' id='word_1_607' title='bbox 1081 883 1217 916; x_wconf 80' lang='lat' dir='ltr'><strong>aspiciens</strong></span> <span class='ocrx_word' id='word_1_608' title='bbox 1238 884 1324 915; x_wconf 82' lang='lat' dir='ltr'><strong>illum,</strong></span> <span class='ocrx_word' id='word_1_609' title='bbox 1341 884 1377 909; x_wconf 87' lang='lat' dir='ltr'><strong>ait</strong></span> <span class='ocrx_word' id='word_1_610' title='bbox 1396 894 1401 910; x_wconf 90' lang='lat'>:</span> <span class='ocrx_word' id='word_1_611' title='bbox 1418 883 1450 910; x_wconf 87' lang='lat' dir='ltr'><strong>Et</strong></span> <span class='ocrx_word' id='word_1_612' title='bbox 1466 888 1494 910; x_wconf 88' lang='lat' dir='ltr'><strong>tu</strong></span> <span class='ocrx_word' id='word_1_613' title='bbox 1511 891 1571 909; x_wconf 88' lang='lat' dir='ltr'><strong>cum</strong></span> <span class='ocrx_word' id='word_1_614' title='bbox 1589 882 1653 910; x_wconf 82' lang='lat' dir='ltr'><strong>Jesu</strong></span> <span class='ocrx_word' id='word_1_615' title='bbox 1671 883 1813 911; x_wconf 80' lang='lat' dir='ltr'><strong>Nazareno</strong></span> 
     </span>
    </p>
   </div>
   <div class='ocr_carea' id='block_1_78' title="bbox 990 924 1813 965">
    <p class='ocr_par' dir='ltr' id='par_1_78' title="bbox 990 924 1813 965">
     <span class='ocr_line' id='line_1_78' title="bbox 990 924 1813 965; baseline 0.004 -12"><span class='ocrx_word' id='word_1_616' title='bbox 990 924 1009 953; x_wconf 71' lang='lat' dir='ltr'><strong>li</strong></span> <span class='ocrx_word' id='word_1_617' title='bbox 1024 935 1096 959; x_wconf 78' lang='lat' dir='ltr'><strong>eras,</strong></span> <span class='ocrx_word' id='word_1_618' title='bbox 1115 932 1142 955; x_wconf 88' lang='lat' dir='ltr'><strong>at</strong></span> <span class='ocrx_word' id='word_1_619' title='bbox 1169 929 1213 956; x_wconf 92' lang='lat' dir='ltr'><strong>ille</strong></span> <span class='ocrx_word' id='word_1_620' title='bbox 1236 930 1343 965; x_wconf 79' lang='lat' dir='ltr'><strong>negavit</strong></span> <span class='ocrx_word' id='word_1_621' title='bbox 1373 930 1486 956; x_wconf 82' lang='lat' dir='ltr'><strong>dicens:</strong></span> <span class='ocrx_word' id='word_1_622' title='bbox 1505 929 1596 964; x_wconf 79' lang='lat' dir='ltr'><strong>Neque</strong></span> <span class='ocrx_word' id='word_1_623' title='bbox 1619 930 1694 961; x_wconf 91' lang='lat' dir='ltr'><strong>novi,</strong></span> <span class='ocrx_word' id='word_1_624' title='bbox 1724 937 1813 964; x_wconf 81' lang='lat' dir='ltr'><strong>neque</strong></span> 
     </span>
    </p>
   </div>
   <div class='ocr_carea' id='block_1_79' title="bbox 1026 973 1812 1010">
    <p class='ocr_par' dir='ltr' id='par_1_79' title="bbox 1026 973 1812 1010">
     <span class='ocr_line' id='line_1_79' title="bbox 1026 973 1812 1010; baseline 0.004 -11"><span class='ocrx_word' id='word_1_625' title='bbox 1026 974 1083 1000; x_wconf 86' lang='lat' dir='ltr'><strong>scio</strong></span> <span class='ocrx_word' id='word_1_626' title='bbox 1097 974 1162 1008; x_wconf 89' lang='lat' dir='ltr'><strong>quid</strong></span> <span class='ocrx_word' id='word_1_627' title='bbox 1174 973 1260 1006; x_wconf 84' lang='lat' dir='ltr'><strong>dicas,</strong></span> <span class='ocrx_word' id='word_1_628' title='bbox 1276 979 1301 1001; x_wconf 91' lang='lat' dir='ltr'><strong>et</strong></span> <span class='ocrx_word' id='word_1_629' title='bbox 1315 976 1397 1002; x_wconf 80' lang='lat' dir='ltr'><strong>exivit</strong></span> <span class='ocrx_word' id='word_1_630' title='bbox 1415 975 1488 1002; x_wconf 85' lang='lat' dir='ltr'><strong>foras</strong></span> <span class='ocrx_word' id='word_1_631' title='bbox 1504 980 1566 1002; x_wconf 85' lang='lat' dir='ltr'><strong>ante</strong></span> <span class='ocrx_word' id='word_1_632' title='bbox 1583 977 1692 1005; x_wconf 90' lang='lat' dir='ltr'><strong>atrium,</strong></span> <span class='ocrx_word' id='word_1_633' title='bbox 1711 979 1738 1002; x_wconf 90' lang='lat' dir='ltr'><strong>et</strong></span> <span class='ocrx_word' id='word_1_634' title='bbox 1755 975 1812 1010; x_wconf 80' lang='lat' dir='ltr'><strong>gal-</strong></span> 
     </span>
    </p>
   </div>
   <div class='ocr_carea' id='block_1_80' title="bbox 1025 1018 1812 1047">
    <p class='ocr_par' dir='ltr' id='par_1_80' title="bbox 1025 1018 1812 1047">
     <span class='ocr_line' id='line_1_80' title="bbox 1025 1018 1812 1047; baseline 0.001 -3"><span class='ocrx_word' id='word_1_635' title='bbox 1025 1018 1067 1045; x_wconf 87' lang='lat' dir='ltr'><strong>lus</strong></span> <span class='ocrx_word' id='word_1_636' title='bbox 1084 1020 1212 1046; x_wconf 81' lang='lat' dir='ltr'><strong>cantavit.</strong></span> <span class='ocrx_word' id='word_1_637' title='bbox 1230 1020 1335 1047; x_wconf 82' lang='lat' dir='ltr'><strong>Rursus</strong></span> <span class='ocrx_word' id='word_1_638' title='bbox 1356 1022 1445 1046; x_wconf 84' lang='lat' dir='ltr'><strong>aut‘em</strong></span> <span class='ocrx_word' id='word_1_639' title='bbox 1461 1027 1522 1045; x_wconf 84' lang='lat' dir='ltr'><strong>cum</strong></span> <span class='ocrx_word' id='word_1_640' title='bbox 1538 1019 1649 1046; x_wconf 87' lang='lat' dir='ltr'><strong>vidisset</strong></span> <span class='ocrx_word' id='word_1_641' title='bbox 1670 1020 1745 1045; x_wconf 88' lang='lat' dir='ltr'><strong>illum</strong></span> <span class='ocrx_word' id='word_1_642' title='bbox 1762 1027 1812 1046; x_wconf 87' lang='lat' dir='ltr'><strong>an-</strong></span> 
     </span>
    </p>
   </div>
   <div class='ocr_carea' id='block_1_81' title="bbox 1024 1064 1808 1099">
    <p class='ocr_par' dir='ltr' id='par_1_81' title="bbox 1024 1064 1808 1099">
     <span class='ocr_line' id='line_1_81' title="bbox 1024 1064 1808 1099; baseline 0.003 -10"><span class='ocrx_word' id='word_1_643' title='bbox 1024 1064 1095 1095; x_wconf 78' lang='lat' dir='ltr'><strong>cilla,</strong></span> <span class='ocrx_word' id='word_1_644' title='bbox 1109 1065 1189 1099; x_wconf 73' lang='lat' dir='ltr'><strong>cmpit</strong></span> <span class='ocrx_word' id='word_1_645' title='bbox 1203 1065 1293 1092; x_wconf 84' lang='lat' dir='ltr'><strong>dicere</strong></span> <span class='ocrx_word' id='word_1_646' title='bbox 1306 1065 1569 1092; x_wconf 87' lang='lat' dir='ltr'><strong>circumstantibus:</strong></span> <span class='ocrx_word' id='word_1_647' title='bbox 1587 1064 1635 1091; x_wconf 86' lang='lat' dir='ltr'><strong>Hic</strong></span> <span class='ocrx_word' id='word_1_648' title='bbox 1648 1072 1680 1092; x_wconf 76' lang='lat' dir='ltr'><strong>ex</strong></span> <span class='ocrx_word' id='word_1_649' title='bbox 1692 1065 1745 1092; x_wconf 89' lang='lat' dir='ltr'><strong>illis</strong></span> <span class='ocrx_word' id='word_1_650' title='bbox 1756 1069 1808 1097; x_wconf 83' lang='lat' dir='ltr'><strong>est,</strong></span> 
     </span>
    </p>
   </div>
   <div class='ocr_carea' id='block_1_82' title="bbox 1024 1108 1810 1143">
    <p class='ocr_par' dir='ltr' id='par_1_82' title="bbox 1024 1108 1810 1143">
     <span class='ocr_line' id='line_1_82' title="bbox 1024 1108 1810 1143; baseline 0.003 -9"><span class='ocrx_word' id='word_1_651' title='bbox 1024 1112 1051 1134; x_wconf 83' lang='lat' dir='ltr'><strong>at</strong></span> <span class='ocrx_word' id='word_1_652' title='bbox 1078 1108 1123 1135; x_wconf 90' lang='lat' dir='ltr'><strong>ille</strong></span> <span class='ocrx_word' id='word_1_653' title='bbox 1150 1109 1248 1135; x_wconf 82' lang='lat' dir='ltr'><strong>iterum</strong></span> <span class='ocrx_word' id='word_1_654' title='bbox 1273 1109 1381 1143; x_wconf 72' lang='lat' dir='ltr'><strong>negavit</strong></span> <span class='ocrx_word' id='word_1_655' title='bbox 1398 1120 1403 1136; x_wconf 73' lang='grc' dir='ltr'><strong>ε</strong></span> <span class='ocrx_word' id='word_1_656' title='bbox 1421 1109 1452 1135; x_wconf 85' lang='grc' dir='ltr'>Ει</span> <span class='ocrx_word' id='word_1_657' title='bbox 1477 1112 1537 1143; x_wconf 89' lang='lat' dir='ltr'><strong>post</strong></span> <span class='ocrx_word' id='word_1_658' title='bbox 1556 1109 1694 1143; x_wconf 88' lang='lat' dir='ltr'><strong>pusillum,</strong></span> <span class='ocrx_word' id='word_1_659' title='bbox 1713 1117 1810 1136; x_wconf 87' lang='lat' dir='ltr'><strong>rursus</strong></span> 
     </span>
    </p>
   </div>
   <div class='ocr_carea' id='block_1_83' title="bbox 1024 1154 1808 1188">
    <p class='ocr_par' dir='ltr' id='par_1_83' title="bbox 1024 1154 1808 1188">
     <span class='ocr_line' id='line_1_83' title="bbox 1024 1154 1808 1188; baseline 0 -8"><span class='ocrx_word' id='word_1_660' title='bbox 1024 1154 1068 1188; x_wconf 90' lang='lat' dir='ltr'><strong>qui</strong></span> <span class='ocrx_word' id='word_1_661' title='bbox 1084 1154 1208 1180; x_wconf 80' lang='lat' dir='ltr'><strong>astabant</strong></span> <span class='ocrx_word' id='word_1_662' title='bbox 1226 1155 1352 1181; x_wconf 86' lang='lat' dir='ltr'><strong>dicebant</strong></span> <span class='ocrx_word' id='word_1_663' title='bbox 1362 1154 1441 1181; x_wconf 80' lang='lat' dir='ltr'><strong>Petro</strong></span> <span class='ocrx_word' id='word_1_664' title='bbox 1460 1164 1465 1180; x_wconf 75' lang='grc' dir='ltr'><strong>ε</strong></span> <span class='ocrx_word' id='word_1_665' title='bbox 1486 1154 1553 1181; x_wconf 86' lang='lat' dir='ltr'><strong>Vere</strong></span> <span class='ocrx_word' id='word_1_666' title='bbox 1568 1162 1600 1181; x_wconf 71' lang='lat' dir='ltr'><strong>ex</strong></span> <span class='ocrx_word' id='word_1_667' title='bbox 1618 1154 1671 1181; x_wconf 88' lang='lat' dir='ltr'><strong>illis</strong></span> <span class='ocrx_word' id='word_1_668' title='bbox 1687 1162 1728 1186; x_wconf 86' lang='lat' dir='ltr'><strong>cs,</strong></span> <span class='ocrx_word' id='word_1_669' title='bbox 1745 1161 1808 1180; x_wconf 89' lang='lat' dir='ltr'><strong>nam</strong></span> 
     </span>
    </p>
   </div>
   <div class='ocr_carea' id='block_1_84' title="bbox 1023 1199 1807 1234">
    <p class='ocr_par' dir='ltr' id='par_1_84' title="bbox 1023 1199 1807 1234">
     <span class='ocr_line' id='line_1_84' title="bbox 1023 1199 1807 1234; baseline 0.003 -9"><span class='ocrx_word' id='word_1_670' title='bbox 1023 1205 1050 1226; x_wconf 88' lang='lat' dir='ltr'><strong>et</strong></span> <span class='ocrx_word' id='word_1_671' title='bbox 1065 1199 1191 1226; x_wconf 70' lang='lat' dir='ltr'><strong>Galilmus</strong></span> <span class='ocrx_word' id='word_1_672' title='bbox 1212 1208 1241 1227; x_wconf 89' lang='lat' dir='ltr'><strong>es</strong></span> <span class='ocrx_word' id='word_1_673' title='bbox 1260 1209 1266 1226; x_wconf 91' lang='lat'>:</span> <span class='ocrx_word' id='word_1_674' title='bbox 1282 1201 1326 1227; x_wconf 89' lang='lat' dir='ltr'><strong>ille</strong></span> <span class='ocrx_word' id='word_1_675' title='bbox 1352 1206 1440 1227; x_wconf 86' lang='lat' dir='ltr'><strong>autem</strong></span> <span class='ocrx_word' id='word_1_676' title='bbox 1461 1200 1544 1234; x_wconf 63' lang='lat' dir='ltr'><strong>coepit</strong></span> <span class='ocrx_word' id='word_1_677' title='bbox 1566 1200 1807 1230; x_wconf 83' lang='lat' dir='ltr'><strong>anathematizare.</strong></span> 
     </span>
    </p>
   </div>
   <div class='ocr_carea' id='block_1_85' title="bbox 1022 1245 1810 1280">
    <p class='ocr_par' dir='ltr' id='par_1_85' title="bbox 1022 1245 1810 1280">
     <span class='ocr_line' id='line_1_85' title="bbox 1022 1245 1810 1280; baseline 0.001 -9"><span class='ocrx_word' id='word_1_678' title='bbox 1022 1249 1049 1272; x_wconf 85' lang='lat' dir='ltr'><strong>et</strong></span> <span class='ocrx_word' id='word_1_679' title='bbox 1072 1245 1176 1279; x_wconf 84' lang='lat' dir='ltr'><strong>jurare,</strong></span> <span class='ocrx_word' id='word_1_680' title='bbox 1193 1246 1264 1279; x_wconf 83' lang='lat' dir='ltr'><strong>quod</strong></span> <span class='ocrx_word' id='word_1_681' title='bbox 1288 1246 1381 1272; x_wconf 89' lang='lat' dir='ltr'><strong>nescio</strong></span> <span class='ocrx_word' id='word_1_682' title='bbox 1400 1246 1535 1272; x_wconf 86' lang='lat' dir='ltr'><strong>hominem</strong></span> <span class='ocrx_word' id='word_1_683' title='bbox 1558 1246 1651 1276; x_wconf 87' lang='lat' dir='ltr'><strong>istum,</strong></span> <span class='ocrx_word' id='word_1_684' title='bbox 1672 1253 1752 1280; x_wconf 86' lang='lat' dir='ltr'><strong>quem</strong></span> <span class='ocrx_word' id='word_1_685' title='bbox 1766 1245 1810 1272; x_wconf 90' lang='lat' dir='ltr'><strong>di-</strong></span> 
     </span>
    </p>
   </div>
   <div class='ocr_carea' id='block_1_86' title="bbox 1023 1291 1808 1327">
    <p class='ocr_par' dir='ltr' id='par_1_86' title="bbox 1023 1291 1808 1327">
     <span class='ocr_line' id='line_1_86' title="bbox 1023 1291 1808 1327; baseline 0 -10"><span class='ocrx_word' id='word_1_686' title='bbox 1023 1291 1086 1319; x_wconf 83' lang='lat' dir='ltr'><strong>citis</strong></span> <span class='ocrx_word' id='word_1_687' title='bbox 1107 1300 1114 1318; x_wconf 88' lang='lat'><strong>:</strong></span> <span class='ocrx_word' id='word_1_688' title='bbox 1132 1295 1157 1318; x_wconf 83' lang='lat' dir='ltr'><strong>et</strong></span> <span class='ocrx_word' id='word_1_689' title='bbox 1181 1292 1272 1319; x_wconf 87' lang='lat' dir='ltr'><strong>statim</strong></span> <span class='ocrx_word' id='word_1_690' title='bbox 1286 1292 1374 1327; x_wconf 79' lang='lat' dir='ltr'><strong>gallus</strong></span> <span class='ocrx_word' id='word_1_691' title='bbox 1392 1293 1490 1319; x_wconf 91' lang='lat' dir='ltr'><strong>iterum</strong></span> <span class='ocrx_word' id='word_1_692' title='bbox 1506 1293 1628 1319; x_wconf 81' lang='lat' dir='ltr'><strong>cantavit</strong></span> <span class='ocrx_word' id='word_1_693' title='bbox 1644 1293 1676 1319; x_wconf 74' lang='grc'><strong>⁷⁸.</strong></span> <span class='ocrx_word' id='word_1_694' title='bbox 1701 1302 1710 1317; x_wconf 78' lang='grc' dir='ltr'><strong>ι</strong></span> <span class='ocrx_word' id='word_1_695' title='bbox 1729 1291 1808 1327; x_wconf 71' lang='grc'><strong>122</strong></span> 
     </span>
    </p>
   </div>
   <div class='ocr_carea' id='block_1_87' title="bbox 1023 1336 1809 1372">
    <p class='ocr_par' dir='ltr' id='par_1_87' title="bbox 1023 1336 1809 1372">
     <span class='ocr_line' id='line_1_87' title="bbox 1023 1336 1809 1372; baseline 0.003 -10"><span class='ocrx_word' id='word_1_696' title='bbox 1023 1336 1129 1364; x_wconf 76' lang='lat' dir='ltr'><strong>Marcus</strong></span> <span class='ocrx_word' id='word_1_697' title='bbox 1145 1338 1252 1372; x_wconf 81' lang='lat' dir='ltr'><strong>quidem</strong></span> <span class='ocrx_word' id='word_1_698' title='bbox 1270 1338 1326 1364; x_wconf 65' lang='lat' dir='ltr'><strong>haec</strong></span> <span class='ocrx_word' id='word_1_699' title='bbox 1338 1338 1441 1369; x_wconf 78' lang='lat' dir='ltr'><strong>scribit,</strong></span> <span class='ocrx_word' id='word_1_700' title='bbox 1455 1344 1486 1364; x_wconf 82' lang='lat' dir='ltr'><strong>ac</strong></span> <span class='ocrx_word' id='word_1_701' title='bbox 1495 1336 1593 1364; x_wconf 84' lang='lat' dir='ltr'><strong>Petrus</strong></span> <span class='ocrx_word' id='word_1_702' title='bbox 1604 1338 1660 1364; x_wconf 66' lang='lat' dir='ltr'><strong>haec</strong></span> <span class='ocrx_word' id='word_1_703' title='bbox 1671 1338 1705 1365; x_wconf 90' lang='lat' dir='ltr'><strong>de</strong></span> <span class='ocrx_word' id='word_1_704' title='bbox 1717 1338 1809 1372; x_wconf 89' lang='lat' dir='ltr'><strong>seipso</strong></span> 
     </span>
    </p>
   </div>
   <div class='ocr_carea' id='block_1_88' title="bbox 1022 1382 1807 1418">
    <p class='ocr_par' dir='ltr' id='par_1_88' title="bbox 1022 1382 1807 1418">
     <span class='ocr_line' id='line_1_88' title="bbox 1022 1382 1807 1418; baseline 0.003 -10"><span class='ocrx_word' id='word_1_705' title='bbox 1022 1382 1184 1409; x_wconf 80' lang='lat' dir='ltr'><strong>testiﬁcatur</strong></span> <span class='ocrx_word' id='word_1_706' title='bbox 1200 1391 1206 1409; x_wconf 89' lang='lat'><strong>:</strong></span> <span class='ocrx_word' id='word_1_707' title='bbox 1223 1383 1313 1409; x_wconf 87' lang='lat' dir='ltr'><strong>omnia</strong></span> <span class='ocrx_word' id='word_1_708' title='bbox 1328 1384 1399 1409; x_wconf 87' lang='lat' dir='ltr'><strong>enim</strong></span> <span class='ocrx_word' id='word_1_709' title='bbox 1413 1390 1473 1417; x_wconf 68' lang='lat' dir='ltr'><strong>qua:</strong></span> <span class='ocrx_word' id='word_1_710' title='bbox 1486 1383 1557 1417; x_wconf 88' lang='lat' dir='ltr'><strong>apud</strong></span> <span class='ocrx_word' id='word_1_711' title='bbox 1575 1383 1695 1410; x_wconf 79' lang='lat' dir='ltr'><strong>Marcum</strong></span> <span class='ocrx_word' id='word_1_712' title='bbox 1712 1383 1807 1418; x_wconf 82' lang='lat' dir='ltr'><strong>legun-</strong></span> 
     </span>
    </p>
   </div>
   <div class='ocr_carea' id='block_1_89' title="bbox 1021 1427 1808 1462">
    <p class='ocr_par' dir='ltr' id='par_1_89' title="bbox 1021 1427 1808 1462">
     <span class='ocr_line' id='line_1_89' title="bbox 1021 1427 1808 1462; baseline 0.001 -9"><span class='ocrx_word' id='word_1_713' title='bbox 1021 1432 1075 1458; x_wconf 86' lang='lat' dir='ltr'><strong>tur,</strong></span> <span class='ocrx_word' id='word_1_714' title='bbox 1099 1427 1284 1454; x_wconf 82' lang='lat' dir='ltr'><strong>narrationum</strong></span> <span class='ocrx_word' id='word_1_715' title='bbox 1298 1435 1508 1462; x_wconf 80' lang='lat' dir='ltr'><strong>sermonumque</strong></span> <span class='ocrx_word' id='word_1_716' title='bbox 1519 1427 1592 1454; x_wconf 88' lang='lat' dir='ltr'><strong>Petri</strong></span> <span class='ocrx_word' id='word_1_717' title='bbox 1606 1427 1735 1454; x_wconf 88' lang='lat' dir='ltr'><strong>dicuntur</strong></span> <span class='ocrx_word' id='word_1_718' title='bbox 1745 1435 1808 1455; x_wconf 78' lang='lat' dir='ltr'><strong>esse</strong></span> 
     </span>
    </p>
   </div>
   <div class='ocr_carea' id='block_1_90' title="bbox 1021 1473 1806 1508">
    <p class='ocr_par' dir='ltr' id='par_1_90' title="bbox 1021 1473 1806 1508">
     <span class='ocr_line' id='line_1_90' title="bbox 1021 1473 1806 1508; baseline 0 -9"><span class='ocrx_word' id='word_1_719' title='bbox 1021 1474 1226 1500; x_wconf 87' lang='lat' dir='ltr'><strong>commentaria.</strong></span> <span class='ocrx_word' id='word_1_720' title='bbox 1243 1474 1293 1505; x_wconf 81' lang='lat' dir='ltr'><strong>Qui</strong></span> <span class='ocrx_word' id='word_1_721' title='bbox 1312 1474 1395 1508; x_wconf 79' lang='lat' dir='ltr'><strong>igitur</strong></span> <span class='ocrx_word' id='word_1_722' title='bbox 1408 1482 1440 1500; x_wconf 84' lang='lat' dir='ltr'><strong>ea</strong></span> <span class='ocrx_word' id='word_1_723' title='bbox 1460 1482 1520 1508; x_wconf 78' lang='lat' dir='ltr'><strong>qua:</strong></span> <span class='ocrx_word' id='word_1_724' title='bbox 1540 1478 1664 1508; x_wconf 84' lang='lat' dir='ltr'><strong>poterant</strong></span> <span class='ocrx_word' id='word_1_725' title='bbox 1677 1474 1743 1508; x_wconf 88' lang='lat' dir='ltr'><strong>ipsis</strong></span> <span class='ocrx_word' id='word_1_726' title='bbox 1763 1473 1806 1500; x_wconf 80' lang='lat' dir='ltr'><strong>al-</strong></span> 
     </span>
    </p>
   </div>
   <div class='ocr_carea' id='block_1_91' title="bbox 1021 1519 1805 1551">
    <p class='ocr_par' dir='ltr' id='par_1_91' title="bbox 1021 1519 1805 1551">
     <span class='ocr_line' id='line_1_91' title="bbox 1021 1519 1805 1551; baseline 0 -5"><span class='ocrx_word' id='word_1_727' title='bbox 1021 1519 1091 1546; x_wconf 80' lang='lat' dir='ltr'><strong>lerre</strong></span> <span class='ocrx_word' id='word_1_728' title='bbox 1109 1519 1208 1546; x_wconf 82' lang='lat' dir='ltr'><strong>bonam</strong></span> <span class='ocrx_word' id='word_1_729' title='bbox 1232 1519 1341 1551; x_wconf 86' lang='lat' dir='ltr'><strong>famam,</strong></span> <span class='ocrx_word' id='word_1_730' title='bbox 1365 1524 1502 1550; x_wconf 85' lang='lat' dir='ltr'><strong>recusant,</strong></span> <span class='ocrx_word' id='word_1_731' title='bbox 1520 1520 1725 1547; x_wconf 89' lang='lat' dir='ltr'><strong>criminationes</strong></span> <span class='ocrx_word' id='word_1_732' title='bbox 1741 1527 1805 1547; x_wconf 75' lang='lat' dir='ltr'><strong>vero</strong></span> 
     </span>
    </p>
   </div>
   <div class='ocr_carea' id='block_1_92' title="bbox 1020 1566 1806 1600">
    <p class='ocr_par' dir='ltr' id='par_1_92' title="bbox 1020 1566 1806 1600">
     <span class='ocr_line' id='line_1_92' title="bbox 1020 1566 1806 1600; baseline 0.001 -9"><span class='ocrx_word' id='word_1_733' title='bbox 1020 1569 1116 1592; x_wconf 88' lang='lat' dir='ltr'><strong>contra</strong></span> <span class='ocrx_word' id='word_1_734' title='bbox 1131 1566 1246 1599; x_wconf 80' lang='lat' dir='ltr'><strong>seipsos,</strong></span> <span class='ocrx_word' id='word_1_735' title='bbox 1257 1566 1428 1600; x_wconf 66' lang='lat' dir='ltr'><strong>sempiterna:</strong></span> <span class='ocrx_word' id='word_1_736' title='bbox 1440 1568 1577 1592; x_wconf 69' lang='lat' dir='ltr'><strong>merum-ite</strong></span> <span class='ocrx_word' id='word_1_737' title='bbox 1591 1566 1616 1592; x_wconf 95' lang='lat' dir='ltr'><strong>in</strong></span> <span class='ocrx_word' id='word_1_738' title='bbox 1629 1566 1738 1600; x_wconf 83' lang='lat' dir='ltr'><strong>scriptis</strong></span> <span class='ocrx_word' id='word_1_739' title='bbox 1748 1566 1806 1593; x_wconf 85' lang='lat' dir='ltr'><strong>suis</strong></span> 
     </span>
    </p>
   </div>
   <div class='ocr_carea' id='block_1_93' title="bbox 1020 1610 1805 1645">
    <p class='ocr_par' dir='ltr' id='par_1_93' title="bbox 1020 1610 1805 1645">
     <span class='ocr_line' id='line_1_93' title="bbox 1020 1610 1805 1645; baseline 0.003 -10"><span class='ocrx_word' id='word_1_740' title='bbox 1020 1610 1223 1641; x_wconf 85' lang='lat' dir='ltr'><strong>commendant,</strong></span> <span class='ocrx_word' id='word_1_741' title='bbox 1239 1614 1265 1637; x_wconf 87' lang='lat' dir='ltr'><strong>et</strong></span> <span class='ocrx_word' id='word_1_742' title='bbox 1279 1618 1373 1637; x_wconf 87' lang='lat' dir='ltr'><strong>eorum</strong></span> <span class='ocrx_word' id='word_1_743' title='bbox 1393 1618 1453 1645; x_wconf 71' lang='lat' dir='ltr'><strong>qua}</strong></span> <span class='ocrx_word' id='word_1_744' title='bbox 1468 1611 1501 1637; x_wconf 82' lang='lat' dir='ltr'><strong>ab</strong></span> <span class='ocrx_word' id='word_1_745' title='bbox 1527 1611 1594 1645; x_wconf 89' lang='lat' dir='ltr'><strong>ipsis</strong></span> <span class='ocrx_word' id='word_1_746' title='bbox 1609 1617 1720 1645; x_wconf 87' lang='lat' dir='ltr'><strong>peccata</strong></span> <span class='ocrx_word' id='word_1_747' title='bbox 1740 1615 1805 1638; x_wconf 89' lang='lat' dir='ltr'><strong>sunt</strong></span> 
     </span>
    </p>
   </div>
   <div class='ocr_carea' id='block_1_94' title="bbox 1018 1657 1800 1692">
    <p class='ocr_par' dir='ltr' id='par_1_94' title="bbox 1018 1657 1800 1692">
     <span class='ocr_line' id='line_1_94' title="bbox 1018 1657 1800 1692; baseline 0.003 -10"><span class='ocrx_word' id='word_1_748' title='bbox 1018 1657 1218 1688; x_wconf 87' lang='lat' dir='ltr'><strong>accusationes,</strong></span> <span class='ocrx_word' id='word_1_749' title='bbox 1234 1664 1302 1690; x_wconf 87' lang='lat' dir='ltr'><strong>quas</strong></span> <span class='ocrx_word' id='word_1_750' title='bbox 1318 1657 1498 1691; x_wconf 85' lang='lat' dir='ltr'><strong>posteriorum</strong></span> <span class='ocrx_word' id='word_1_751' title='bbox 1515 1658 1606 1684; x_wconf 90' lang='lat' dir='ltr'><strong>nullus</strong></span> <span class='ocrx_word' id='word_1_752' title='bbox 1622 1665 1741 1692; x_wconf 86' lang='lat' dir='ltr'><strong>unquam</strong></span> <span class='ocrx_word' id='word_1_753' title='bbox 1757 1665 1800 1684; x_wconf 78' lang='lat' dir='ltr'><strong>co-</strong></span> 
     </span>
    </p>
   </div>
   <div class='ocr_carea' id='block_1_95' title="bbox 1018 1702 1804 1737">
    <p class='ocr_par' dir='ltr' id='par_1_95' title="bbox 1018 1702 1804 1737">
     <span class='ocr_line' id='line_1_95' title="bbox 1018 1702 1804 1737; baseline 0.003 -10"><span class='ocrx_word' id='word_1_754' title='bbox 1018 1703 1164 1736; x_wconf 71' lang='lat' dir='ltr'><strong>gnovissct,</strong></span> <span class='ocrx_word' id='word_1_755' title='bbox 1182 1702 1234 1729; x_wconf 90' lang='lat' dir='ltr'><strong>nisi</strong></span> <span class='ocrx_word' id='word_1_756' title='bbox 1255 1703 1374 1736; x_wconf 85' lang='lat' dir='ltr'><strong>ipsorum</strong></span> <span class='ocrx_word' id='word_1_757' title='bbox 1396 1703 1505 1737; x_wconf 87' lang='lat' dir='ltr'><strong>scriptis</strong></span> <span class='ocrx_word' id='word_1_758' title='bbox 1522 1703 1673 1736; x_wconf 79' lang='lat' dir='ltr'><strong>didicisset,</strong></span> <span class='ocrx_word' id='word_1_759' title='bbox 1696 1703 1804 1737; x_wconf 86' lang='lat' dir='ltr'><strong>publice</strong></span> 
     </span>
    </p>
   </div>
   <div class='ocr_carea' id='block_1_96' title="bbox 1017 1748 1800 1783">
    <p class='ocr_par' dir='ltr' id='par_1_96' title="bbox 1017 1748 1800 1783">
     <span class='ocr_line' id='line_1_96' title="bbox 1017 1748 1800 1783; baseline 0.001 -10"><span class='ocrx_word' id='word_1_760' title='bbox 1017 1748 1052 1774; x_wconf 84' lang='lat' dir='ltr'><strong>ab</strong></span> <span class='ocrx_word' id='word_1_761' title='bbox 1066 1748 1193 1775; x_wconf 87' lang='lat' dir='ltr'><strong>omnibus</strong></span> <span class='ocrx_word' id='word_1_762' title='bbox 1210 1748 1335 1782; x_wconf 77' lang='lat' dir='ltr'><strong>legendas</strong></span> <span class='ocrx_word' id='word_1_763' title='bbox 1358 1753 1521 1783; x_wconf 71' lang='lat' dir='ltr'><strong>proponunt,</strong></span> <span class='ocrx_word' id='word_1_764' title='bbox 1538 1756 1587 1775; x_wconf 92' lang='lat' dir='ltr'><strong>cur</strong></span> <span class='ocrx_word' id='word_1_765' title='bbox 1602 1756 1656 1775; x_wconf 90' lang='lat' dir='ltr'><strong>non</strong></span> <span class='ocrx_word' id='word_1_766' title='bbox 1678 1749 1712 1775; x_wconf 87' lang='lat' dir='ltr'><strong>ab</strong></span> <span class='ocrx_word' id='word_1_767' title='bbox 1727 1749 1800 1776; x_wconf 90' lang='lat' dir='ltr'><strong>omni</strong></span> 
     </span>
    </p>
   </div>
   <div class='ocr_carea' id='block_1_97' title="bbox 1016 1795 1800 1830">
    <p class='ocr_par' dir='ltr' id='par_1_97' title="bbox 1016 1795 1800 1830">
     <span class='ocr_line' id='line_1_97' title="bbox 1016 1795 1800 1830; baseline -0.001 -7"><span class='ocrx_word' id='word_1_768' title='bbox 1016 1795 1049 1823; x_wconf 90' lang='lat' dir='ltr'><strong>de</strong></span> <span class='ocrx_word' id='word_1_769' title='bbox 1076 1796 1173 1830; x_wconf 88' lang='lat' dir='ltr'><strong>seipsis</strong></span> <span class='ocrx_word' id='word_1_770' title='bbox 1203 1795 1348 1830; x_wconf 90' lang='lat' dir='ltr'><strong>opinione,</strong></span> <span class='ocrx_word' id='word_1_771' title='bbox 1373 1796 1502 1830; x_wconf 90' lang='lat' dir='ltr'><strong>omnique</strong></span> <span class='ocrx_word' id='word_1_772' title='bbox 1531 1795 1675 1822; x_wconf 85' lang='lat' dir='ltr'><strong>mendacio</strong></span> <span class='ocrx_word' id='word_1_773' title='bbox 1703 1795 1800 1822; x_wconf 86' lang='lat' dir='ltr'><strong>merito</strong></span> 
     </span>
    </p>
   </div>
   <div class='ocr_carea' id='block_1_98' title="bbox 1016 1841 1801 1875">
    <p class='ocr_par' dir='ltr' id='par_1_98' title="bbox 1016 1841 1801 1875">
     <span class='ocr_line' id='line_1_98' title="bbox 1016 1841 1801 1875; baseline -0.001 -7"><span class='ocrx_word' id='word_1_774' title='bbox 1016 1842 1162 1869; x_wconf 84' lang='lat' dir='ltr'><strong>abhorrere</strong></span> <span class='ocrx_word' id='word_1_775' title='bbox 1186 1841 1350 1868; x_wconf 86' lang='lat' dir='ltr'><strong>credantur?</strong></span> <span class='ocrx_word' id='word_1_776' title='bbox 1368 1842 1505 1875; x_wconf 88' lang='lat' dir='ltr'><strong>studiique</strong></span> <span class='ocrx_word' id='word_1_777' title='bbox 1518 1849 1582 1875; x_wconf 78' lang='lat' dir='ltr'><strong>erga</strong></span> <span class='ocrx_word' id='word_1_778' title='bbox 1599 1841 1738 1868; x_wconf 82' lang='lat' dir='ltr'><strong>veritatem</strong></span> <span class='ocrx_word' id='word_1_779' title='bbox 1755 1848 1801 1868; x_wconf 82' lang='lat' dir='ltr'><strong>ar-</strong></span> 
     </span>
    </p>
   </div>
   <div class='ocr_carea' id='block_1_99' title="bbox 1014 1886 1800 1922">
    <p class='ocr_par' dir='ltr' id='par_1_99' title="bbox 1014 1886 1800 1922">
     <span class='ocr_line' id='line_1_99' title="bbox 1014 1886 1800 1922; baseline 0 -8"><span class='ocrx_word' id='word_1_780' title='bbox 1014 1891 1142 1922; x_wconf 80' lang='lat' dir='ltr'><strong>gumenta</strong></span> <span class='ocrx_word' id='word_1_781' title='bbox 1167 1888 1318 1914; x_wconf 86' lang='lat' dir='ltr'><strong>certissima</strong></span> <span class='ocrx_word' id='word_1_782' title='bbox 1337 1887 1476 1922; x_wconf 69' lang='lat' dir='ltr'><strong>prcebere?</strong></span> <span class='ocrx_word' id='word_1_783' title='bbox 1490 1887 1541 1919; x_wconf 84' lang='lat' dir='ltr'><strong>Qui</strong></span> <span class='ocrx_word' id='word_1_784' title='bbox 1562 1894 1626 1913; x_wconf 89' lang='lat' dir='ltr'><strong>vero</strong></span> <span class='ocrx_word' id='word_1_785' title='bbox 1644 1886 1711 1913; x_wconf 86' lang='lat' dir='ltr'><strong>tales</strong></span> <span class='ocrx_word' id='word_1_786' title='bbox 1726 1886 1800 1914; x_wconf 88' lang='lat' dir='ltr'><strong>viros</strong></span> 
     </span>
    </p>
   </div>
   <div class='ocr_carea' id='block_1_100' title="bbox 1015 1933 1798 1966">
    <p class='ocr_par' dir='ltr' id='par_1_100' title="bbox 1015 1933 1798 1966">
     <span class='ocr_line' id='line_1_100' title="bbox 1015 1933 1798 1966; baseline 0 -7"><span class='ocrx_word' id='word_1_787' title='bbox 1015 1933 1170 1959; x_wconf 81' lang='lat' dir='ltr'><strong>ﬁctionibus</strong></span> <span class='ocrx_word' id='word_1_788' title='bbox 1190 1940 1264 1963; x_wconf 77' lang='lat' dir='ltr'><strong>usos,</strong></span> <span class='ocrx_word' id='word_1_789' title='bbox 1282 1940 1313 1959; x_wconf 85' lang='lat' dir='ltr'><strong>ac</strong></span> <span class='ocrx_word' id='word_1_790' title='bbox 1339 1933 1466 1959; x_wconf 80' lang='lat' dir='ltr'><strong>mentitos</strong></span> <span class='ocrx_word' id='word_1_791' title='bbox 1491 1936 1597 1966; x_wconf 88' lang='lat' dir='ltr'><strong>putant,</strong></span> <span class='ocrx_word' id='word_1_792' title='bbox 1621 1935 1647 1958; x_wconf 90' lang='lat' dir='ltr'><strong>et</strong></span> <span class='ocrx_word' id='word_1_793' title='bbox 1668 1935 1798 1966; x_wconf 79' lang='lat' dir='ltr'><strong>tanquam</strong></span> 
     </span>
    </p>
   </div>
   <div class='ocr_carea' id='block_1_101' title="bbox 1014 1978 1800 2014">
    <p class='ocr_par' dir='ltr' id='par_1_101' title="bbox 1014 1978 1800 2014">
     <span class='ocr_line' id='line_1_101' title="bbox 1014 1978 1800 2014; baseline -0.004 -8"><span class='ocrx_word' id='word_1_794' title='bbox 1014 1979 1175 2014; x_wconf 88' lang='lat' dir='ltr'><strong>impostorcs</strong></span> <span class='ocrx_word' id='word_1_795' title='bbox 1197 1978 1306 2005; x_wconf 82' lang='lat' dir='ltr'><strong>infamia</strong></span> <span class='ocrx_word' id='word_1_796' title='bbox 1321 1978 1584 2012; x_wconf 81' lang='lat' dir='ltr'><strong>probrisquenotare</strong></span> <span class='ocrx_word' id='word_1_797' title='bbox 1596 1981 1741 2011; x_wconf 87' lang='lat' dir='ltr'><strong>conantur,</strong></span> <span class='ocrx_word' id='word_1_798' title='bbox 1750 1985 1800 2004; x_wconf 87' lang='lat' dir='ltr'><strong>cur</strong></span> 
     </span>
    </p>
   </div>
   <div class='ocr_carea' id='block_1_102' title="bbox 1013 2023 1798 2059">
    <p class='ocr_par' dir='ltr' id='par_1_102' title="bbox 1013 2023 1798 2059">
     <span class='ocr_line' id='line_1_102' title="bbox 1013 2023 1798 2059; baseline -0.001 -8"><span class='ocrx_word' id='word_1_799' title='bbox 1013 2032 1067 2051; x_wconf 87' lang='lat' dir='ltr'><strong>non</strong></span> <span class='ocrx_word' id='word_1_800' title='bbox 1083 2024 1134 2059; x_wconf 88' lang='lat' dir='ltr'><strong>ipsi</strong></span> <span class='ocrx_word' id='word_1_801' title='bbox 1151 2024 1242 2058; x_wconf 88' lang='lat' dir='ltr'><strong>potius</strong></span> <span class='ocrx_word' id='word_1_802' title='bbox 1258 2026 1285 2050; x_wconf 85' lang='lat' dir='ltr'><strong>et</strong></span> <span class='ocrx_word' id='word_1_803' title='bbox 1297 2023 1405 2050; x_wconf 84' lang='lat' dir='ltr'><strong>ridiculi</strong></span> <span class='ocrx_word' id='word_1_804' title='bbox 1427 2028 1501 2054; x_wconf 90' lang='lat' dir='ltr'><strong>sunt,</strong></span> <span class='ocrx_word' id='word_1_805' title='bbox 1520 2027 1546 2050; x_wconf 91' lang='lat' dir='ltr'><strong>et</strong></span> <span class='ocrx_word' id='word_1_806' title='bbox 1560 2023 1623 2050; x_wconf 88' lang='lat' dir='ltr'><strong>odio</strong></span> <span class='ocrx_word' id='word_1_807' title='bbox 1642 2023 1798 2057; x_wconf 86' lang='lat' dir='ltr'><strong>invidiaque</strong></span> 
     </span>
    </p>
   </div>
   <div class='ocr_carea' id='block_1_103' title="bbox 1012 2069 1799 2105">
    <p class='ocr_par' dir='ltr' id='par_1_103' title="bbox 1012 2069 1799 2105">
     <span class='ocr_line' id='line_1_103' title="bbox 1012 2069 1799 2105; baseline -0.001 -9"><span class='ocrx_word' id='word_1_808' title='bbox 1012 2070 1096 2105; x_wconf 76' lang='lat' dir='ltr'><strong>digni,</strong></span> <span class='ocrx_word' id='word_1_809' title='bbox 1123 2074 1252 2104; x_wconf 81' lang='lat' dir='ltr'><strong>tanquam</strong></span> <span class='ocrx_word' id='word_1_810' title='bbox 1278 2070 1367 2097; x_wconf 91' lang='lat' dir='ltr'><strong>omnis</strong></span> <span class='ocrx_word' id='word_1_811' title='bbox 1391 2069 1511 2097; x_wconf 84' lang='lat' dir='ltr'><strong>veritatis</strong></span> <span class='ocrx_word' id='word_1_812' title='bbox 1526 2069 1627 2096; x_wconf 88' lang='lat' dir='ltr'><strong>inimici</strong></span> <span class='ocrx_word' id='word_1_813' title='bbox 1645 2069 1799 2096; x_wconf 86' lang='lat' dir='ltr'><strong>habentur?</strong></span> 
     </span>
    </p>
   </div>
   <div class='ocr_carea' id='block_1_104' title="bbox 1012 2115 1797 2150">
    <p class='ocr_par' dir='ltr' id='par_1_104' title="bbox 1012 2115 1797 2150">
     <span class='ocr_line' id='line_1_104' title="bbox 1012 2115 1797 2150; baseline -0.003 -8"><span class='ocrx_word' id='word_1_814' title='bbox 1012 2117 1056 2150; x_wconf 89' lang='lat' dir='ltr'><strong>qui</strong></span> <span class='ocrx_word' id='word_1_815' title='bbox 1071 2115 1178 2150; x_wconf 86' lang='lat' dir='ltr'><strong>quidem</strong></span> <span class='ocrx_word' id='word_1_816' title='bbox 1190 2116 1264 2142; x_wconf 90' lang='lat' dir='ltr'><strong>viros</strong></span> <span class='ocrx_word' id='word_1_817' title='bbox 1280 2121 1333 2142; x_wconf 89' lang='lat' dir='ltr'><strong>tam</strong></span> <span class='ocrx_word' id='word_1_818' title='bbox 1349 2116 1383 2143; x_wconf 89' lang='lat' dir='ltr'><strong>ab</strong></span> <span class='ocrx_word' id='word_1_819' title='bbox 1393 2115 1467 2142; x_wconf 92' lang='lat' dir='ltr'><strong>omni</strong></span> <span class='ocrx_word' id='word_1_820' title='bbox 1480 2115 1582 2141; x_wconf 85' lang='lat' dir='ltr'><strong>malitia</strong></span> <span class='ocrx_word' id='word_1_821' title='bbox 1595 2115 1711 2146; x_wconf 84' lang='lat' dir='ltr'><strong>alienos,</strong></span> <span class='ocrx_word' id='word_1_822' title='bbox 1726 2118 1797 2141; x_wconf 86' lang='lat' dir='ltr'><strong>tam-</strong></span> 
     </span>
    </p>
   </div>
   <div class='ocr_carea' id='block_1_105' title="bbox 1011 2159 1797 2194">
    <p class='ocr_par' dir='ltr' id='par_1_105' title="bbox 1011 2159 1797 2194">
     <span class='ocr_line' id='line_1_105' title="bbox 1011 2159 1797 2194; baseline 0.001 -9"><span class='ocrx_word' id='word_1_823' title='bbox 1011 2167 1063 2194; x_wconf 89' lang='lat' dir='ltr'><strong>que</strong></span> <span class='ocrx_word' id='word_1_824' title='bbox 1081 2160 1139 2186; x_wconf 88' lang='lat' dir='ltr'><strong>sine</strong></span> <span class='ocrx_word' id='word_1_825' title='bbox 1166 2159 1238 2192; x_wconf 82' lang='lat' dir='ltr'><strong>fuco,</strong></span> <span class='ocrx_word' id='word_1_826' title='bbox 1254 2167 1371 2194; x_wconf 88' lang='lat' dir='ltr'><strong>vereque</strong></span> <span class='ocrx_word' id='word_1_827' title='bbox 1398 2160 1534 2186; x_wconf 86' lang='lat' dir='ltr'><strong>sincerum</strong></span> <span class='ocrx_word' id='word_1_828' title='bbox 1558 2159 1678 2186; x_wconf 83' lang='lat' dir='ltr'><strong>animum</strong></span> <span class='ocrx_word' id='word_1_829' title='bbox 1695 2160 1721 2185; x_wconf 93' lang='lat' dir='ltr'><strong>in</strong></span> <span class='ocrx_word' id='word_1_830' title='bbox 1738 2160 1797 2187; x_wconf 89' lang='lat' dir='ltr'><strong>suis</strong></span> 
     </span>
    </p>
   </div>
   <div class='ocr_carea' id='block_1_106' title="bbox 1011 2204 1797 2239">
    <p class='ocr_par' dir='ltr' id='par_1_106' title="bbox 1011 2204 1797 2239">
     <span class='ocr_line' id='line_1_106' title="bbox 1011 2204 1797 2239; baseline 0.001 -9"><span class='ocrx_word' id='word_1_831' title='bbox 1011 2205 1121 2239; x_wconf 89' lang='lat' dir='ltr'><strong>scriptis</strong></span> <span class='ocrx_word' id='word_1_832' title='bbox 1135 2212 1190 2239; x_wconf 74' lang='lat' dir='ltr'><strong>pra:</strong></span> <span class='ocrx_word' id='word_1_833' title='bbox 1203 2212 1232 2232; x_wconf 90' lang='lat' dir='ltr'><strong>se</strong></span> <span class='ocrx_word' id='word_1_834' title='bbox 1248 2204 1378 2235; x_wconf 81' lang='lat' dir='ltr'><strong>ferentes,</strong></span> <span class='ocrx_word' id='word_1_835' title='bbox 1393 2204 1545 2231; x_wconf 84' lang='lat' dir='ltr'><strong>malitiosos</strong></span> <span class='ocrx_word' id='word_1_836' title='bbox 1557 2204 1688 2238; x_wconf 85' lang='lat' dir='ltr'><strong>quosdam</strong></span> <span class='ocrx_word' id='word_1_837' title='bbox 1700 2208 1726 2231; x_wconf 88' lang='lat' dir='ltr'><strong>et</strong></span> <span class='ocrx_word' id='word_1_838' title='bbox 1740 2205 1797 2231; x_wconf 81' lang='lat' dir='ltr'><strong>cal-</strong></span> 
     </span>
    </p>
   </div>
   <div class='ocr_carea' id='block_1_107' title="bbox 1011 2250 1795 2284">
    <p class='ocr_par' dir='ltr' id='par_1_107' title="bbox 1011 2250 1795 2284">
     <span class='ocr_line' id='line_1_107' title="bbox 1011 2250 1795 2284; baseline 0 -8"><span class='ocrx_word' id='word_1_839' title='bbox 1011 2250 1081 2277; x_wconf 80' lang='lat' dir='ltr'><strong>iitiOS</strong></span> <span class='ocrx_word' id='word_1_840' title='bbox 1110 2250 1210 2277; x_wconf 81' lang='lat' dir='ltr'><strong>audent</strong></span> <span class='ocrx_word' id='word_1_841' title='bbox 1234 2250 1333 2283; x_wconf 79' lang='lat' dir='ltr'><strong>lingere</strong></span> <span class='ocrx_word' id='word_1_842' title='bbox 1355 2250 1503 2284; x_wconf 83' lang='lat' dir='ltr'><strong>sophistas,</strong></span> <span class='ocrx_word' id='word_1_843' title='bbox 1519 2254 1648 2283; x_wconf 85' lang='lat' dir='ltr'><strong>tanquam</strong></span> <span class='ocrx_word' id='word_1_844' title='bbox 1678 2250 1795 2284; x_wconf 78' lang='lat' dir='ltr'><strong>eosqui</strong></span> 
     </span>
    </p>
   </div>
   <div class='ocr_carea' id='block_1_108' title="bbox 1010 2294 1796 2330">
    <p class='ocr_par' dir='ltr' id='par_1_108' title="bbox 1010 2294 1796 2330">
     <span class='ocr_line' id='line_1_108' title="bbox 1010 2294 1796 2330; baseline 0 -9"><span class='ocrx_word' id='word_1_845' title='bbox 1010 2296 1140 2330; x_wconf 88' lang='lat' dir='ltr'><strong>quidquid</strong></span> <span class='ocrx_word' id='word_1_846' title='bbox 1153 2296 1311 2329; x_wconf 81' lang='lat' dir='ltr'><strong>scripserint</strong></span> <span class='ocrx_word' id='word_1_847' title='bbox 1325 2295 1471 2322; x_wconf 87' lang='lat' dir='ltr'><strong>commenti</strong></span> <span class='ocrx_word' id='word_1_848' title='bbox 1489 2294 1553 2325; x_wconf 89' lang='lat' dir='ltr'><strong>sint,</strong></span> <span class='ocrx_word' id='word_1_849' title='bbox 1570 2299 1597 2321; x_wconf 85' lang='lat' dir='ltr'><strong>et</strong></span> <span class='ocrx_word' id='word_1_850' title='bbox 1615 2303 1666 2322; x_wconf 81' lang='lat' dir='ltr'><strong>suo</strong></span> <span class='ocrx_word' id='word_1_851' title='bbox 1694 2302 1796 2329; x_wconf 67' lang='lat' dir='ltr'><strong>praece-</strong></span> 
     </span>
    </p>
   </div>
   <div class='ocr_carea' id='block_1_109' title="bbox 1010 2340 1795 2376">
    <p class='ocr_par' dir='ltr' id='par_1_109' title="bbox 1010 2340 1795 2376">
     <span class='ocr_line' id='line_1_109' title="bbox 1010 2340 1795 2376; baseline 0 -9"><span class='ocrx_word' id='word_1_852' title='bbox 1010 2343 1093 2375; x_wconf 86' lang='lat' dir='ltr'><strong>ptori,</strong></span> <span class='ocrx_word' id='word_1_853' title='bbox 1109 2350 1169 2376; x_wconf 75' lang='lat' dir='ltr'><strong>qua:</strong></span> <span class='ocrx_word' id='word_1_854' title='bbox 1186 2342 1230 2367; x_wconf 89' lang='lat' dir='ltr'><strong>ille</strong></span> <span class='ocrx_word' id='word_1_855' title='bbox 1245 2348 1384 2374; x_wconf 86' lang='lat' dir='ltr'><strong>nunquam</strong></span> <span class='ocrx_word' id='word_1_856' title='bbox 1400 2341 1503 2370; x_wconf 77' lang='lat' dir='ltr'><strong>fecerit,</strong></span> <span class='ocrx_word' id='word_1_857' title='bbox 1518 2341 1550 2367; x_wconf 90' lang='lat' dir='ltr'><strong>ad</strong></span> <span class='ocrx_word' id='word_1_858' title='bbox 1564 2341 1677 2375; x_wconf 78' lang='lat' dir='ltr'><strong>gratiam</strong></span> <span class='ocrx_word' id='word_1_859' title='bbox 1693 2340 1795 2367; x_wconf 86' lang='lat' dir='ltr'><strong>tribue-</strong></span> 
     </span>
    </p>
   </div>
   <div class='ocr_carea' id='block_1_110' title="bbox 1008 2384 1794 2413">
    <p class='ocr_par' dir='ltr' id='par_1_110' title="bbox 1008 2384 1794 2413">
     <span class='ocr_line' id='line_1_110' title="bbox 1008 2384 1794 2413; baseline -0.003 -1"><span class='ocrx_word' id='word_1_860' title='bbox 1008 2387 1082 2412; x_wconf 84' lang='lat' dir='ltr'><strong>rint?</strong></span> <span class='ocrx_word' id='word_1_861' title='bbox 1102 2386 1171 2413; x_wconf 75' lang='lat' dir='ltr'><strong>Sane</strong></span> <span class='ocrx_word' id='word_1_862' title='bbox 1197 2385 1337 2412; x_wconf 89' lang='lat' dir='ltr'><strong>commode</strong></span> <span class='ocrx_word' id='word_1_863' title='bbox 1362 2385 1427 2411; x_wconf 89' lang='lat' dir='ltr'><strong>mihi</strong></span> <span class='ocrx_word' id='word_1_864' title='bbox 1453 2385 1554 2411; x_wconf 87' lang='lat' dir='ltr'><strong>dictum</strong></span> <span class='ocrx_word' id='word_1_865' title='bbox 1578 2384 1685 2411; x_wconf 83' lang='lat' dir='ltr'><strong>videtur</strong></span> <span class='ocrx_word' id='word_1_866' title='bbox 1713 2394 1719 2411; x_wconf 90' lang='lat'><strong><em>:</em></strong></span> <span class='ocrx_word' id='word_1_867' title='bbox 1744 2388 1794 2411; x_wconf 82' lang='lat' dir='ltr'><strong>aut</strong></span> 
     </span>
    </p>
   </div>
   <div class='ocr_carea' id='block_1_111' title="bbox 1009 2430 1792 2466">
    <p class='ocr_par' dir='ltr' id='par_1_111' title="bbox 1009 2430 1792 2466">
     <span class='ocr_line' id='line_1_111' title="bbox 1009 2430 1792 2466; baseline -0.003 -8"><span class='ocrx_word' id='word_1_868' title='bbox 1009 2439 1121 2466; x_wconf 90' lang='lat' dir='ltr'><strong>prorsus</strong></span> <span class='ocrx_word' id='word_1_869' title='bbox 1146 2432 1257 2459; x_wconf 86' lang='lat' dir='ltr'><strong>credere</strong></span> <span class='ocrx_word' id='word_1_870' title='bbox 1268 2435 1373 2466; x_wconf 87' lang='lat' dir='ltr'><strong>oportet</strong></span> <span class='ocrx_word' id='word_1_871' title='bbox 1387 2430 1449 2457; x_wconf 79' lang='lat' dir='ltr'><strong>Jesu</strong></span> <span class='ocrx_word' id='word_1_872' title='bbox 1467 2430 1618 2464; x_wconf 79' lang='lat' dir='ltr'><strong>discipulis,</strong></span> <span class='ocrx_word' id='word_1_873' title='bbox 1635 2430 1657 2457; x_wconf 91' lang='lat' dir='ltr'><strong>si</strong></span> <span class='ocrx_word' id='word_1_874' title='bbox 1681 2430 1792 2464; x_wconf 88' lang='lat' dir='ltr'><strong>reliquis</strong></span> 
     </span>
    </p>
   </div>
   <div class='ocr_carea' id='block_1_112' title="bbox 1009 2476 1792 2512">
    <p class='ocr_par' dir='ltr' id='par_1_112' title="bbox 1009 2476 1792 2512">
     <span class='ocr_line' id='line_1_112' title="bbox 1009 2476 1792 2512; baseline -0.003 -8"><span class='ocrx_word' id='word_1_875' title='bbox 1009 2485 1116 2512; x_wconf 85' lang='lat' dir='ltr'><strong>quoque</strong></span> <span class='ocrx_word' id='word_1_876' title='bbox 1142 2477 1321 2511; x_wconf 86' lang='lat' dir='ltr'><strong>scriptoribus</strong></span> <span class='ocrx_word' id='word_1_877' title='bbox 1339 2486 1345 2504; x_wconf 86' lang='lat'>:</span> <span class='ocrx_word' id='word_1_878' title='bbox 1362 2481 1408 2502; x_wconf 87' lang='lat' dir='ltr'><strong>aut</strong></span> <span class='ocrx_word' id='word_1_879' title='bbox 1431 2477 1453 2503; x_wconf 91' lang='lat' dir='ltr'><strong>si</strong></span> <span class='ocrx_word' id='word_1_880' title='bbox 1480 2484 1532 2503; x_wconf 89' lang='lat' dir='ltr'><strong>non</strong></span> <span class='ocrx_word' id='word_1_881' title='bbox 1549 2476 1601 2507; x_wconf 89' lang='lat' dir='ltr'><strong>his,</strong></span> <span class='ocrx_word' id='word_1_882' title='bbox 1624 2484 1658 2502; x_wconf 90' lang='lat' dir='ltr'><strong>ne</strong></span> <span class='ocrx_word' id='word_1_883' title='bbox 1679 2476 1792 2510; x_wconf 84' lang='lat' dir='ltr'><strong>reliquis</strong></span> 
     </span>
    </p>
   </div>
   <div class='ocr_carea' id='block_1_113' title="bbox 1007 2522 1791 2557">
    <p class='ocr_par' dir='ltr' id='par_1_113' title="bbox 1007 2522 1791 2557">
     <span class='ocr_line' id='line_1_113' title="bbox 1007 2522 1791 2557; baseline -0.003 -7"><span class='ocrx_word' id='word_1_884' title='bbox 1007 2524 1125 2557; x_wconf 79' lang='lat' dir='ltr'><strong>quidem.</strong></span> <span class='ocrx_word' id='word_1_885' title='bbox 1142 2524 1199 2550; x_wconf 88' lang='lat' dir='ltr'><strong>Cur</strong></span> <span class='ocrx_word' id='word_1_886' title='bbox 1214 2523 1300 2554; x_wconf 86' lang='lat' dir='ltr'><strong>enim,</strong></span> <span class='ocrx_word' id='word_1_887' title='bbox 1315 2523 1337 2550; x_wconf 87' lang='lat' dir='ltr'><strong>si</strong></span> <span class='ocrx_word' id='word_1_888' title='bbox 1350 2523 1415 2550; x_wconf 86' lang='lat' dir='ltr'><strong>solis</strong></span> <span class='ocrx_word' id='word_1_889' title='bbox 1431 2523 1472 2549; x_wconf 90' lang='lat' dir='ltr'><strong>his</strong></span> <span class='ocrx_word' id='word_1_890' title='bbox 1489 2522 1556 2549; x_wconf 79' lang='lat' dir='ltr'><strong>viris</strong></span> <span class='ocrx_word' id='word_1_891' title='bbox 1575 2522 1740 2550; x_wconf 82' lang='lat' dir='ltr'><strong>detrahenda</strong></span> <span class='ocrx_word' id='word_1_892' title='bbox 1756 2523 1791 2549; x_wconf 90' lang='lat' dir='ltr'><strong>sit</strong></span> 
     </span>
    </p>
   </div>
   <div class='ocr_carea' id='block_1_114' title="bbox 1008 2569 1789 2604">
    <p class='ocr_par' dir='ltr' id='par_1_114' title="bbox 1008 2569 1789 2604">
     <span class='ocr_line' id='line_1_114' title="bbox 1008 2569 1789 2604; baseline -0.001 -8"><span class='ocrx_word' id='word_1_893' title='bbox 1008 2571 1083 2602; x_wconf 77' lang='lat' dir='ltr'><strong>lidcs,</strong></span> <span class='ocrx_word' id='word_1_894' title='bbox 1097 2578 1150 2597; x_wconf 91' lang='lat' dir='ltr'><strong>non</strong></span> <span class='ocrx_word' id='word_1_895' title='bbox 1163 2570 1243 2597; x_wconf 89' lang='lat' dir='ltr'><strong>etiam</strong></span> <span class='ocrx_word' id='word_1_896' title='bbox 1264 2570 1377 2604; x_wconf 88' lang='lat' dir='ltr'><strong>reliquis</strong></span> <span class='ocrx_word' id='word_1_897' title='bbox 1395 2570 1541 2600; x_wconf 88' lang='lat' dir='ltr'><strong>omnibus,</strong></span> <span class='ocrx_word' id='word_1_898' title='bbox 1560 2569 1717 2603; x_wconf 89' lang='lat' dir='ltr'><strong>quicunque</strong></span> <span class='ocrx_word' id='word_1_899' title='bbox 1736 2577 1789 2595; x_wconf 86' lang='lat' dir='ltr'><strong>un-</strong></span> 
     </span>
    </p>
   </div>
   <div class='ocr_carea' id='block_1_115' title="bbox 1007 2615 1786 2651">
    <p class='ocr_par' dir='ltr' id='par_1_115' title="bbox 1007 2615 1786 2651">
     <span class='ocr_line' id='line_1_115' title="bbox 1007 2615 1786 2651; baseline -0.001 -9"><span class='ocrx_word' id='word_1_900' title='bbox 1007 2624 1087 2650; x_wconf 84' lang='lat' dir='ltr'><strong>quam</strong></span> <span class='ocrx_word' id='word_1_901' title='bbox 1109 2621 1156 2642; x_wconf 91' lang='lat' dir='ltr'><strong>ant</strong></span> <span class='ocrx_word' id='word_1_902' title='bbox 1172 2617 1241 2651; x_wconf 89' lang='lat' dir='ltr'><strong>apud</strong></span> <span class='ocrx_word' id='word_1_903' title='bbox 1254 2616 1373 2647; x_wconf 73' lang='lat' dir='ltr'><strong>Graecos,</strong></span> <span class='ocrx_word' id='word_1_904' title='bbox 1390 2620 1436 2642; x_wconf 89' lang='lat' dir='ltr'><strong>aut</strong></span> <span class='ocrx_word' id='word_1_905' title='bbox 1461 2615 1530 2649; x_wconf 84' lang='lat' dir='ltr'><strong>apud</strong></span> <span class='ocrx_word' id='word_1_906' title='bbox 1548 2615 1688 2646; x_wconf 86' lang='lat' dir='ltr'><strong>barbaros,</strong></span> <span class='ocrx_word' id='word_1_907' title='bbox 1707 2616 1786 2646; x_wconf 86' lang='lat' dir='ltr'><strong>vitas,</strong></span> 
     </span>
    </p>
   </div>
   <div class='ocr_carea' id='block_1_116' title="bbox 1006 2660 1788 2694">
    <p class='ocr_par' dir='ltr' id='par_1_116' title="bbox 1006 2660 1788 2694">
     <span class='ocr_line' id='line_1_116' title="bbox 1006 2660 1788 2694; baseline -0.001 -8"><span class='ocrx_word' id='word_1_908' title='bbox 1006 2665 1052 2687; x_wconf 83' lang='lat' dir='ltr'><strong>aut</strong></span> <span class='ocrx_word' id='word_1_909' title='bbox 1068 2662 1213 2692; x_wconf 85' lang='lat' dir='ltr'><strong>orationes,</strong></span> <span class='ocrx_word' id='word_1_910' title='bbox 1229 2665 1274 2688; x_wconf 85' lang='lat' dir='ltr'><strong>aut</strong></span> <span class='ocrx_word' id='word_1_911' title='bbox 1286 2661 1480 2688; x_wconf 84' lang='lat' dir='ltr'><strong>commentaria</strong></span> <span class='ocrx_word' id='word_1_912' title='bbox 1496 2660 1729 2694; x_wconf 80' lang='lat' dir='ltr'><strong>conscripserunt,</strong></span> <span class='ocrx_word' id='word_1_913' title='bbox 1742 2668 1788 2686; x_wconf 89' lang='lat' dir='ltr'><strong>eo-</strong></span> 
     </span>
    </p>
   </div>
   <div class='ocr_carea' id='block_1_117' title="bbox 1005 2705 1788 2741">
    <p class='ocr_par' dir='ltr' id='par_1_117' title="bbox 1005 2705 1788 2741">
     <span class='ocr_line' id='line_1_117' title="bbox 1005 2705 1788 2741; baseline -0.003 -8"><span class='ocrx_word' id='word_1_914' title='bbox 1005 2714 1064 2733; x_wconf 88' lang='lat' dir='ltr'><strong>rum</strong></span> <span class='ocrx_word' id='word_1_915' title='bbox 1076 2708 1119 2741; x_wconf 79' lang='lat' dir='ltr'><strong>qui</strong></span> <span class='ocrx_word' id='word_1_916' title='bbox 1137 2708 1221 2734; x_wconf 86' lang='lat' dir='ltr'><strong>variis</strong></span> <span class='ocrx_word' id='word_1_917' title='bbox 1236 2707 1402 2741; x_wconf 87' lang='lat' dir='ltr'><strong>temporibus</strong></span> <span class='ocrx_word' id='word_1_918' title='bbox 1420 2706 1447 2732; x_wconf 91' lang='lat' dir='ltr'><strong>in</strong></span> <span class='ocrx_word' id='word_1_919' title='bbox 1465 2706 1555 2740; x_wconf 90' lang='lat' dir='ltr'><strong>aliquo</strong></span> <span class='ocrx_word' id='word_1_920' title='bbox 1566 2713 1664 2741; x_wconf 78' lang='lat' dir='ltr'><strong>genere</strong></span> <span class='ocrx_word' id='word_1_921' title='bbox 1679 2705 1788 2732; x_wconf 87' lang='lat' dir='ltr'><strong>virtutis</strong></span> 
     </span>
    </p>
   </div>
   <div class='ocr_carea' id='block_1_118' title="bbox 1004 2751 1787 2787">
    <p class='ocr_par' dir='ltr' id='par_1_118' title="bbox 1004 2751 1787 2787">
     <span class='ocr_line' id='line_1_118' title="bbox 1004 2751 1787 2787; baseline 0 -9"><span class='ocrx_word' id='word_1_922' title='bbox 1004 2756 1084 2787; x_wconf 89' lang='lat' dir='ltr'><strong>atque</strong></span> <span class='ocrx_word' id='word_1_923' title='bbox 1099 2753 1187 2785; x_wconf 80' lang='lat' dir='ltr'><strong>ollieii,</strong></span> <span class='ocrx_word' id='word_1_924' title='bbox 1202 2752 1394 2787; x_wconf 69' lang='lat' dir='ltr'><strong>prtestiterint?</strong></span> <span class='ocrx_word' id='word_1_925' title='bbox 1409 2755 1456 2778; x_wconf 86' lang='lat' dir='ltr'><strong>aut</strong></span> <span class='ocrx_word' id='word_1_926' title='bbox 1469 2752 1491 2778; x_wconf 83' lang='lat' dir='ltr'><strong>si</strong></span> <span class='ocrx_word' id='word_1_927' title='bbox 1512 2751 1580 2778; x_wconf 84' lang='lat' dir='ltr'><strong>dicis</strong></span> <span class='ocrx_word' id='word_1_928' title='bbox 1600 2752 1660 2778; x_wconf 87' lang='lat' dir='ltr'><strong>aliis</strong></span> <span class='ocrx_word' id='word_1_929' title='bbox 1677 2751 1787 2786; x_wconf 79' lang='lat' dir='ltr'><strong>quidem</strong></span> 
     </span>
    </p>
   </div>
   <div class='ocr_carea' id='block_1_119' title="bbox 1004 2797 1785 2834">
    <p class='ocr_par' dir='ltr' id='par_1_119' title="bbox 1004 2797 1785 2834">
     <span class='ocr_line' id='line_1_119' title="bbox 1004 2797 1785 2834; baseline 0.001 -9"><span class='ocrx_word' id='word_1_930' title='bbox 1004 2798 1114 2826; x_wconf 83' lang='lat' dir='ltr'><strong>credere</strong></span> <span class='ocrx_word' id='word_1_931' title='bbox 1137 2807 1244 2834; x_wconf 69' lang='lat' dir='ltr'><strong>mquum</strong></span> <span class='ocrx_word' id='word_1_932' title='bbox 1268 2806 1349 2832; x_wconf 84' lang='lat' dir='ltr'><strong>csse,</strong></span> <span class='ocrx_word' id='word_1_933' title='bbox 1368 2802 1394 2825; x_wconf 87' lang='lat' dir='ltr'><strong>at</strong></span> <span class='ocrx_word' id='word_1_934' title='bbox 1423 2798 1464 2825; x_wconf 86' lang='lat' dir='ltr'><strong>his</strong></span> <span class='ocrx_word' id='word_1_935' title='bbox 1491 2798 1556 2825; x_wconf 88' lang='lat' dir='ltr'><strong>solis</strong></span> <span class='ocrx_word' id='word_1_936' title='bbox 1575 2805 1628 2824; x_wconf 87' lang='lat' dir='ltr'><strong>non</strong></span> <span class='ocrx_word' id='word_1_937' title='bbox 1651 2797 1785 2826; x_wconf 76' lang='lat' dir='ltr'><strong>credere:</strong></span> 
     </span>
    </p>
   </div>
   <div class='ocr_carea' id='block_1_120' title="bbox 757 2884 1045 2921">
    <p class='ocr_par' dir='ltr' id='par_1_120' title="bbox 757 2884 1045 2921">
     <span class='ocr_line' id='line_1_120' title="bbox 757 2884 1045 2921; baseline 0.014 -10"><span class='ocrx_word' id='word_1_938' title='bbox 757 2885 779 2901; x_wconf 82' lang='grc'><strong>⁷⁸</strong></span> <span class='ocrx_word' id='word_1_939' title='bbox 789 2884 871 2913; x_wconf 84' lang='lat' dir='ltr'><strong>Marc.</strong></span> <span class='ocrx_word' id='word_1_940' title='bbox 885 2894 939 2921; x_wconf 79' lang='lat' dir='ltr'><strong>xlv,</strong></span> <span class='ocrx_word' id='word_1_941' title='bbox 953 2886 1045 2915; x_wconf 70' lang='lat'><strong>66-72.</strong></span> 
     </span>
    </p>
   </div>
  </div>
