2071 3219
274 170 328 198 219

597 170 730 198 EUSEBH
748 170 988 198 CESARlE-NSIS
1005 169 1079 198 OPP.
1098 171 1188 200 PARS
1208 171 1240 199 ll.
1261 186 1297 191 —
1315 169 1567 198 APOLOGETICA.

1842 169 1897 198 220

275 234 326 254 cur
338 233 392 253 non
403 225 454 254 hoc
468 226 547 261 plane
558 226 590 253 ad
601 226 727 254 invidiam
738 227 883 254 referatur?
890 227 966 260 Quod
979 227 1001 253 si
1014 227 1058 254 de-

1111 237 1168 261 του,
1179 229 1226 255 καὶ
1238 228 1282 255 τὸν
1296 227 1325 259 ἐξ
1337 227 1461 254 ἀκανθῶν
1477 226 1606 261 στέφανον
1622 226 1664 252 ἐπ’
1679 226 1774 262 ἀτιμία
1789 235 1897 262 περιτι-

274 281 337 300 mus
349 272 410 299 illos
425 272 458 298 de
468 271 635 306 Prmceptore
650 271 734 300 fuisse
751 272 891 303 mentitos,
903 275 929 299 et
939 280 998 306 qum
1014 272 1059 299 ille

276 325 414 353 nunquam
429 318 522 345 fecerit
534 318 643 352 scriptis
654 318 711 345 suis
722 318 888 352 complexos,
902 326 965 345 num
976 318 1060 345 etiam

275 364 309 391 de
326 364 361 391 iis
375 365 512 395 mentitos,
532 372 592 399 quae
608 364 678 391 idem
694 371 790 398 passus
805 368 856 395 est,
874 364 939 391 dare
961 371 1059 398 possu-

276 409 357 437 mus?
367 409 430 436 dico
444 414 532 436 autem
550 410 583 437 de
600 410 680 437 unius
693 418 726 437 ex
739 410 879 444 discipulis
893 409 1058 444 proditione,

274 455 309 482 de
329 455 475 482 calumniis
488 456 704 487 criminantium,
721 455 755 483 de
771 456 898 482 ludibriis
912 459 939 482 et
955 455 1060 482 irrisio-

275 501 501 535 nibusjudicum,
520 501 554 528 de
571 502 753 534 contumeliis,
770 503 804 529 de
820 503 920 530 ictibus
937 502 964 528 in
979 502 1057 534 facie,

275 546 442 582 ﬂagellisque
457 547 483 574 in
500 552 574 582 tergo
591 558 597 575 :
614 549 648 575 de
665 556 767 575 corona
783 549 954 583 spinea,qua:
969 548 1007 574 illi
1025 548 1059 575 ad

276 591 451 625 ignominiam
466 592 593 626 imposita
609 597 651 620 est
665 602 670 619 :
686 593 719 620 de
730 601 867 628 purpureo
883 593 1057 625 vestimento,

276 637 348 670 quod
364 636 450 663 instar
464 638 614 673 chlamydis
626 639 664 665 illi
679 639 875 666 circumdatum
890 643 932 666 est
948 649 954 665 :
968 639 1001 666 de
1012 639 1059 666 illo

274 682 335 717 ipso
349 683 465 718 denique
476 692 583 711 crucem
599 686 676 720 quasi
693 690 823 721 tropazum
839 687 948 721 aliquod
964 687 1059 714 hume-

274 728 315 756 ris
327 733 462 764 gestante,
488 735 513 757 et
536 731 562 757 in
580 739 611 758 ea
637 731 732 763 inﬁxo.
748 733 873 760 manibus
890 733 1058 768 pedibusque

275 774 405 808 trajectis,
423 775 457 802 de
471 779 548 802 aceto
559 777 630 810 quod
647 777 684 804 illi
701 782 781 812 potus
797 779 856 806 loco
867 784 1056 814 porrexerunt,

273 818 309 846 de
324 819 458 846 arundine
473 827 526 854 qua
543 821 616 848 illius
629 826 750 856 tempora
766 831 934 858 percussere,
949 825 981 852 de
993 832 1058 851 eon-

274 864 353 892 viciis
374 873 434 900 qua:
454 866 481 892 in
508 866 583 893 illum
612 875 627 894 a
644 869 830 902 spectantibus
851 870 953 904 iactata
976 871 1058 897 sunt?

276 911 354 946 123
373 911 407 937 At
421 913 492 938 enim
516 917 542 939 et
559 912 626 945 htec,
643 918 669 941 et
685 922 853 950 quzecunque
878 917 931 943 alia
956 917 990 944 de
1008 917 1057 944 illo

275 954 318 982 his
336 955 435 982 similia
451 956 585 988 feruntur,
604 963 650 985 aut
667 959 727 986 [icta
739 967 799 987 esse
811 964 917 995 oportet
935 961 968 988 ab
985 961 1057 989 illius

275 1000 428 1035 discipulis,
446 1008 491 1029 aut
513 1003 539 1030 in
557 1003 599 1030 his
619 1005 728 1038 quidem
748 1009 876 1040 tanquam
895 1006 1056 1038 verissimis,

276 1046 330 1074 illis
347 1048 511 1075 credendum
532 1054 584 1079 est.
603 1051 630 1077 in
656 1051 768 1086 reliquis
786 1060 861 1083 vero,
884 1061 944 1087 qua:
960 1053 1059 1080 clario—

274 1099 332 1119 rem
358 1093 434 1120 illum
464 1096 742 1132 venerabilioremque
767 1098 893 1130 reddunt,
913 1107 967 1126 non
996 1107 1057 1126 cre-

274 1137 404 1165 dendum.
421 1139 472 1166 Sed
492 1140 547 1168 hzec
559 1141 592 1168 de
607 1143 701 1169 iisdem
715 1144 766 1170 sibi
777 1145 829 1179 ipsi
845 1146 982 1172 contraria
999 1146 1059 1181 opi—

275 1182 331 1216 nio,
355 1185 426 1212 unde
447 1186 670 1215 eonfirmabitur?
690 1188 784 1217 Dicere
803 1190 875 1217 enim
895 1191 1004 1219 eosdem
1025 1192 1059 1219 de

274 1229 381 1261 eodem,
398 1234 425 1257 et
438 1239 499 1258 vera
522 1233 635 1266 prodere
650 1238 677 1260 et
694 1236 812 1267 mentiri,
830 1236 898 1262 nihil
914 1237 986 1263 aliud
1006 1242 1057 1269 est,

276 1276 329 1302 nisi
346 1278 484 1304 contraria
514 1279 540 1305 in
559 1280 652 1306 eodem
673 1280 706 1308 de
729 1281 826 1309 iisdem
852 1283 934 1310 rebus
955 1282 1056 1311 dicere.

276 1320 417 1353 Quomodo
432 1323 488 1350 bzec
500 1325 672 1352 refellentur?
688 1327 715 1353 Si
727 1327 799 1354 enim
813 1328 863 1355 hoc
875 1329 929 1355 illis
942 1329 1058 1364 fingendi

277 1369 443 1402 propositum
466 1370 531 1401 fuit,
548 1374 577 1397 ut
596 1372 744 1400 mendaciis
767 1381 845 1400 suum
865 1379 1058 1409 prmceptorem

275 1418 414 1445 ornarent,
432 1422 481 1441 cur
500 1415 536 1442 illi
553 1424 584 1442 ea
596 1437 602 1448 ,
619 1425 678 1452 qua:
694 1418 773 1446 modo
789 1419 907 1446 diximus
923 1421 1058 1456 ascripse-

276 1459 358 1485 runt?
373 1463 420 1486 aut
441 1467 490 1486 cur
511 1462 626 1495 posteris
646 1463 811 1495 indicarunt,
834 1465 905 1499 quod
924 1471 950 1492 et
972 1466 1058 1493 tristis

276 1505 369 1537 fuerit,
391 1510 418 1532 ct
439 1506 517 1533 tzedio
541 1507 663 1540 affectus,
684 1514 710 1536 et
732 1511 824 1537 animo
850 1511 992 1538 turbatus?
1013 1517 1059 1539 aut

275 1551 348 1585 quod
375 1551 425 1586 ipsi
448 1553 523 1580 illiilli
549 1554 719 1582 deseruerint
738 1560 819 1590 atque
850 1557 984 1584 abierint?
1012 1562 1058 1585 aut

275 1596 347 1630 quod
364 1597 410 1631 qui
428 1599 554 1626 omnibus
568 1599 635 1634 ipsis
646 1601 806 1635 praepositus
822 1601 908 1628 fuerat
918 1603 1056 1636 apostolus

275 1643 360 1674 illius.
373 1647 399 1670 et
411 1644 561 1679 discipulus
576 1645 683 1678 Petrus,
700 1647 782 1674 nullis
795 1655 882 1682 neque
903 1649 1054 1680 tormentis.

275 1696 364 1724 neque
393 1691 542 1725 tyrannicis
568 1693 671 1724 minis,
699 1697 739 1720 ter
764 1694 840 1720 illum
867 1695 1057 1728 ahjuraverit‘!

276 1733 338 1761 Ihec
352 1735 422 1762 enim
440 1740 466 1763 et
481 1737 503 1763 si
516 1737 561 1764 alii
576 1737 720 1770 dixissent,
731 1739 854 1774 neganda
872 1740 906 1767 ab
920 1741 954 1767 iis
966 1746 1057 1768 tamen

276 1779 361 1812 fuere,
382 1781 428 1814 qui
449 1782 515 1808 nihil
531 1783 602 1809 aliud
619 1784 669 1810 sibi
687 1784 713 1810 in
734 1785 878 1812 scribendo
899 1787 1057 1821 proposuis-

275 1828 346 1855 sent,
364 1824 417 1852 nisi
434 1829 462 1852 ut
481 1827 659 1854 reverentiam
678 1829 837 1862 praeceptori
856 1833 1055 1863 compararent.

275 1870 353 1902 Quod
367 1871 391 1898 si
404 1872 514 1898 veridici
533 1873 559 1899 in
573 1873 740 1900 tristioribus
751 1873 784 1901 de
797 1874 844 1900 illo
855 1875 1058 1903 narrationibus

275 1916 411 1948 videntur,
427 1924 477 1943 cur
502 1926 556 1944 non
575 1919 601 1945 in
625 1919 658 1946 iis
672 1919 745 1951 item,
769 1927 829 1955 qum
851 1921 981 1953 laetitiam,
1002 1922 1058 1956 εκ»

276 1962 398 1997 riamque
409 1963 520 1995 habent,
536 1965 622 1992 multo
633 1966 729 2000 magis.
743 1973 824 2000 quam
839 1967 890 1994 sibi
907 1967 975 2001 ipsis
992 1975 1058 1994 con-

277 2009 376 2036 trarii?
393 2009 459 2036 Nam
473 2010 572 2045 quibus
587 2019 670 2037 unum
688 2013 855 2046 propositum
881 2013 961 2040 fuerit
982 2022 1060 2042 men-

276 2053 373 2086 tiendi,
392 2055 426 2082 ab
440 2056 474 2082 iis
490 2057 512 2082 si
533 2064 585 2091 qua
606 2056 756 2089 offendunt,
777 2066 810 2085 ea
834 2059 862 2085 in
888 2059 994 2094 primis,
1012 2065 1060 2087 aut

277 2101 410 2134 praeteriri
427 2103 568 2136 oportebat
584 2103 702 2135 silentio,
720 2107 766 2130 aut
780 2104 803 2130 si
824 2105 849 2131 id
870 2113 923 2131 non
935 2110 1058 2140 poterat,

277 2147 421 2181 negatione
437 2148 533 2175 refelli.
548 2148 616 2180 Quis
630 2149 702 2176 enim
724 2150 794 2184 apud
816 2154 939 2184 posteros
955 2158 987 2178 ea
999 2160 1060 2186 qum

278 2192 438 2224 tacuissent,
457 2193 654 2227 reprehendere
667 2201 785 2228 unquam
798 2195 953 2229 potuisset?
966 2196 1019 2223 Sed
1035 2197 1059 2223 si

277 2237 384 2264 mentiri
399 2237 586 2270 decreverant,
601 2246 651 2265 cur
670 2247 724 2266 non
744 2239 809 2266 illud
824 2248 932 2275 quoque
953 2242 1059 2269 mentiti
1075 2242 1097 2268 D

276 2287 351 2314 sunt,
375 2282 471 2310 Judam
493 2284 540 2319 qui
563 2285 656 2312 osculo
677 2286 752 2312 illum
782 2287 902 2318 tradidit,
925 2287 1006 2314 simul
1027 2294 1059 2314 ac

277 2329 438 2364 proditionis
453 2331 560 2365 signum
577 2332 721 2359 ostendere
738 2340 822 2360 ausus
837 2337 890 2363 est,
907 2333 933 2360 in
943 2332 1058 2367 lap'idem

275 2382 338 2402 esse
349 2376 532 2402 conversum?
547 2381 572 2403 et
593 2377 639 2411 qui
659 2378 762 2411 alapam
787 2378 824 2405 illi
855 2378 954 2405 inferre
975 2385 1059 2405 ausus

276 2424 328 2450 est.
340 2419 400 2454 ejus
415 2420 487 2447 illico
501 2420 624 2448 dextram
643 2423 766 2450 aruisse?
779 2428 806 2449 et
819 2423 949 2457 Caipham
971 2424 1059 2458 ponti-

278 2464 367 2496 ficem,
382 2469 524 2500 propterea
538 2466 610 2500 quod
629 2466 705 2494 falsis
721 2471 817 2494 contra
837 2467 913 2495 illum
937 2469 1060 2495 crimini-

277 2509 330 2536 bus
349 2511 529 2541 consenserit.
553 2512 640 2539 oculis
662 2516 770 2547 captum
796 2513 899 2541 fuisse?
919 2514 974 2541 Cur
996 2523 1060 2542 vero

277 2563 332 2582 non
352 2563 447 2583 omnes
468 2557 573 2584 mentiti
593 2561 667 2590 sunt,
690 2558 876 2592 significantes
895 2559 962 2586 nihil
981 2561 1060 2595 plane

278 2600 316 2626 illi
334 2601 406 2635 quod
421 2603 507 2636 possit
521 2603 657 2631 olleudere
671 2605 813 2632 ercuisse?
828 2605 875 2632 sed
896 2605 983 2639 ipsum
999 2606 1060 2640 qui-

277 2645 338 2672 dem
358 2648 511 2678 evanuisse,
519 2648 662 2684 forumque
674 2653 701 2676 et
711 2649 813 2684 judicia
828 2650 935 2677 illorum
947 2651 1060 2679 risisse?

278 2691 326 2724 qui
342 2699 405 2719 vero
426 2692 500 2719 illum
519 2695 816 2729 comprehendereausi
831 2695 948 2728 fuerant,
962 2696 1062 2723 divini-

279 2740 324 2762 tus
341 2736 546 2768 illusos,coutra
558 2740 632 2767 illum
641 2749 670 2768 se
683 2749 762 2776 agere
769 2749 830 2776 qua:
843 2746 967 2776 egerunt,
984 2746 1055 2769 tam-

280 2783 331 2810 etsi
369 2783 415 2811 ille
453 2791 508 2810 non
537 2785 641 2818 aderat,
672 2787 839 2815 credidisse?
860 2786 930 2820 Quid
960 2791 1060 2822 porro?

281 2828 375 2854 Nonne
401 2830 509 2863 gravius
539 2830 701 2866 digniusque
731 2834 924 2868 scripsissent,
957 2835 1059 2860 nullum

282 2875 360 2909 plane
382 2876 528 2904 humanum
552 2882 597 2904 aut
615 2879 754 2906 mortalem
775 2888 878 2913 casum,
900 2881 974 2908 illum
995 2881 1058 2907 sub—

1110 274 1220 309 θέμενον
1233 273 1315 309 αὐτῷ,
1333 273 1469 308 φοινικοῦν
1482 282 1511 299 τε
1529 273 1628 309 χιτῶνα
1641 273 1669 300 ὲν
1681 272 1813 309 χλαμύδος
1830 273 1892 308 σχή-

1111 329 1175 355 ματι
1202 319 1407 355 περιϐληθέντα,
1434 320 1481 346 καὶ
1509 319 1583 350 τέλος
1609 319 1688 346 αὐτὸν
1708 319 1772 346 αὐτὸ
1792 319 1823 346 τὸ
1845 319 1894 346 τοῦ

1110 364 1228 400 σταυροῦ
1243 366 1371 400 τρόπαιον
1395 364 1605 399 ὲπικομίζοντα⁸
1627 365 1656 390 ἐν
1680 364 1766 400 τούτῳ
1789 373 1818 390 τε
1841 373 1896 399 πη-

1109 409 1251 444 γνύμενον,
1275 410 1321 436 καὶ
1347 411 1441 444 χεῖρας
1468 409 1514 435 καὶ
1537 409 1621 439 πόδας
1649 409 1895 444 καταπειρόμενον,

1109 456 1163 489 ὄξει
1191 465 1219 482 τε
1242 455 1430 491 ποτιζόμενον,
1454 454 1501 481 καὶ
1527 454 1671 489 παιόμενον
1695 454 1766 481 κατὰ
1793 454 1895 489 κόρρης

1110 502 1240 537 καλάμῳ,
1269 501 1316 528 καὶ
1348 499 1416 535 πρὸς
1438 499 1492 526 τῶν
1519 498 1643 534 ὁρώντων
1673 499 1893 534 όνειδιζόμενον,

1116 546 1195 573 vim
1211 546 1264 582 γὰρ
1279 547 1325 572 καὶ
1343 545 1440 575 ταῦτα,
1463 545 1510 571 καὶ
1527 545 1577 571 ὅσα
1591 544 1693 576 τούτοις
1715 544 1894 579 συμφέρεται,

1108 593 1207 628 ὁμοίως
1229 592 1381 619 πεπλάσθαι
1404 591 1456 627 χρὴ
1479 591 1547 626 πρὸς
1568 591 1621 617 τῶν
1645 590 1726 617 αὐτοῦ
1754 590 1893 626 μαθητῶν,

1109 638 1125 672 ἢ
1146 639 1174 664 ἐν
1198 637 1303 670 τούτοις
1335 638 1383 672 μὲν
1402 638 1454 673 χρὴ
1476 636 1614 663 πιστεύειν
1629 636 1719 668 αὐτοῖς
1736 636 1772 667 ὡς
1795 635 1894 671 ἀληθε-

1110 685 1226 715 στάτοις,
1244 685 1271 710 ὲν
1292 683 1319 709 δὲ
1340 684 1396 714 τοῖς
1416 682 1548 715 ὲπιδόξοις
1566 682 1612 708 καὶ
1639 681 1809 718 σεμνοτέροις
1830 682 1895 708 ἀπι-

1110 732 1190 758 στεῖν.
1205 731 1260 757 Καὶ
1276 730 1357 757 πόθεν
1372 730 1402 756 τὸ
1420 730 1482 765 περὶ
1497 729 1594 760 αὐτοὺς
1611 729 1730 755 ἐναντίον
1744 729 1834 763 δόγμα
1847 737 1894 754 συ-

1110 778 1254 812 στήσεται;
1268 777 1304 802 Τὸ
1319 777 1371 812 γὰρ
1384 776 1524 811 ἀληθεύειν
1539 776 1602 807 τοὺς
1618 775 1716 807 αὐτοὺς
1737 776 1829 809 φάναι,
1849 777 1895 802 καὶ

1109 824 1136 849 ὲν
1151 823 1188 858 τῷ
1199 823 1272 857 αὐτῷ
1289 821 1442 857 ψεύδεσθαι,
1465 821 1539 847 οὐδέν
1564 822 1636 847 ἐστιν
1651 821 1666 855 ἢ
1682 821 1809 847 τάναντία
1824 821 1894 847 κατὰ

1109 869 1138 894 τὸ
1158 869 1223 894 αὐτὸ
1251 869 1312 903 περὶ
1333 868 1385 894 τῶν
1407 867 1495 894 αὐτῶν
1519 869 1617 902 λέγειν.
1635 869 1682 899 Τίς
1699 866 1745 894 οὖν
1764 869 1778 894 ὁ
1793 868 1895 895 τούτων

1108 915 1232 950 ἕλεγχος;
1248 917 1271 941 εἱ
1288 915 1341 950 γὰρ
1355 915 1387 950 δὴ
1402 915 1567 951 πλάττεσθαι
1579 916 1668 946 αὐτοῖς
1682 915 1779 947 σκοπὸς
1789 913 1834 951 ἦν,
1847 915 1895 942 καὶ

1107 961 1196 994 λόγοις
1215 961 1324 996 ψευδέσι
1341 962 1385 988 τὸν
1397 961 1559 988 Διδάσκαλον
1577 963 1699 996 κοσμεῖν,
1716 962 1765 988 οὐκ
1781 962 1813 988 ἂν
1829 970 1894 988 ποτε

1109 1007 1198 1038 αὐτοῖς
1211 1007 1244 1034 τὰ
1262 1008 1443 1042 προειρημένα
1466 1007 1649 1043 κατέγραφον,
1664 1007 1717 1034 οὐδ’
1734 1007 1766 1034 ἂν
1784 1007 1894 1042 ἐδήλουν

1108 1055 1163 1084 τοῖς
1185 1053 1252 1088 μετὰ
1275 1053 1360 1080 ταῦτα
1383 1053 1544 1089 ἀνθρώποις,
1569 1054 1609 1080 ὃτι
1633 1054 1664 1088 δὴ
1690 1054 1822 1085 ἐλυπεῖτο,
1847 1053 1896 1080 κα.)⁵

1108 1098 1246 1132 ἠδημόνει,
1262 1099 1306 1124 καὶ
1320 1101 1470 1134 τετάρακτο
1485 1099 1534 1134 τὴν
1551 1099 1649 1134 ψυχὴν,
1669 1099 1708 1125 ὅτι
1723 1099 1799 1125 αὐτοὶ
1813 1098 1896 1125 αὑτὸν

1109 1144 1286 1176 ἀπολιπόντες
1299 1144 1445 1180 ᾤχοντο-ἣ
1465 1146 1505 1171 ὅτι
1526 1146 1540 1170 ὁ
1562 1145 1667 1171 πάντων
1687 1144 1775 1171 αὐτῶν
1795 1153 1895 1180 προκε-

1109 1191 1235 1227 κριμένος
1253 1191 1398 1222 ἁπόστολός
1420 1200 1448 1217 τε
1468 1191 1514 1218 καὶ
1534 1191 1658 1226 μαθητὴς
1680 1191 1760 1217 αὑτοῦ
1780 1191 1893 1226 Πέτρος,

1110 1237 1232 1271 βασάνων
1249 1238 1326 1269 ἐκτὸς
1342 1238 1388 1264 καὶ
1404 1238 1566 1272 ἀρχοντικῆς
1582 1237 1694 1272 ἀπειλῆς
1711 1238 1800 1272 τρίτον
1814 1236 1894 1263 αὑτὸν

1110 1284 1272 1318 ἐξωμόσατο.
1291 1283 1381 1310 Ταῦτα
1405 1284 1457 1319 γὰρ
1481 1283 1531 1310 κᾶν
1552 1283 1638 1310 ἄλλων
1664 1283 1805 1317 λεγόντων,
1826 1283 1895 1318 χρῆν

1108 1329 1241 1365 δήπουθεν
1258 1329 1394 1365 ἀρνεῖσθαι
1409 1331 1470 1361 τοὺς
1485 1330 1558 1356 οὐδὲν
1573 1329 1636 1355 ἄλλο
1652 1330 1668 1365 ἢ
1684 1329 1842 1366 χαρίζεσθαι
1859 1329 1895 1356 τὰ

1110 1375 1259 1412 σεμνότερα
1269 1375 1307 1410 τῷ
1321 1375 1471 1410 διδασκάλῳ
1483 1375 1717 1411 προτεθειμένους.
1734 1376 1765 1401 Εἰ
1777 1375 1806 1400 δὲ
1821 1374 1894 1409 φιλα-

1108 1422 1199 1457 λήθεις
1218 1423 1246 1448 ὲν
1262 1423 1316 1453 τοῖς
1333 1421 1414 1447 αὐτοῦ
1431 1422 1599 1456 σκυθρωποῖς
1619 1421 1768 1456 διηγήμασι
1788 1421 1894 1454 φαίνον-

1109 1476 1163 1499 ται,
1179 1467 1245 1494 πολῦ
1265 1467 1362 1502 μᾶλλον
1379 1468 1407 1493 ἐν
1422 1469 1477 1498 τοῖς
1493 1467 1670 1503 ἐνδοξοτέροις
1683 1465 1737 1493 εἶεν
1755 1466 1787 1493 ἂν
1805 1466 1893 1492 τοιοῦ-

1109 1521 1159 1538 τοι.
1180 1513 1249 1543 Τοὺς
1265 1513 1318 1547 γὰρ
1329 1512 1400 1545 ἅπαξ
1421 1512 1564 1547 ψεύδεσθαι
1583 1512 1788 1548 προελομένους,
1804 1512 1836 1538 τὰ
1849 1512 1894 1538 λυ-

1071 1575 1092 1604 c
1111 1560 1184 1595 πηρὲι
1202 1560 1268 1594 χρῆν
1284 1559 1383 1594 μᾶλλον
1398 1561 1524 1593 ἐκφυγεῖν
1544 1560 1601 1594 ἦτοι
1624 1559 1668 1585 διὰ
1685 1558 1798 1593 σιωπῆς,
1814 1558 1829 1593 ἢ
1849 1558 1894 1586 διὰ

1109 1607 1157 1642 τῆς
1175 1607 1238 1641 περὶ
1254 1606 1340 1632 αὐτῶν
1360 1606 1508 1641 ἀρνήσεως,
1530 1605 1565 1640 μὴ
1587 1605 1673 1636 ἄλλως
1693 1603 1744 1631 τῶν
1763 1604 1894 1639 ὀψιγόνων

1109 1652 1213 1686 ἐλέγξαι
1228 1652 1381 1686 δυναμένων
1405 1652 1439 1679 τὰ
1466 1651 1639 1686 σεσιγημένα.
1661 1651 1709 1678 Διὰ
1730 1651 1756 1676 τί
1777 1650 1830 1686 γὰρ
1855 1650 1894 1685 μὴ

1107 1702 1263 1738 ἐφεύσαντο,
1280 1704 1325 1729 κει)⁴
1348 1703 1461 1738 ἔφησαν,
1485 1704 1525 1730 ὅτι
1546 1703 1646 1735 Ἰούδας
1672 1703 1719 1738 μὲν
1742 1704 1756 1729 ὁ
1780 1703 1895 1738 προδοὺς

1107 1749 1188 1776 αὐτόν
1208 1749 1349 1785 φιλήματι,
1371 1749 1509 1784 τολμήσας
1528 1749 1558 1776 τὸ
1576 1749 1708 1784 σύμϐολον
1728 1748 1894 1781 ἐνδείξασθαι

1108 1795 1157 1830 τῆς
1176 1795 1329 1831 προδοσίας,
1352 1796 1531 1831 ἀπολιθωθείη
1556 1797 1671 1822 αὑτίκα⁴
1694 1797 1707 1822 ὁ
1730 1795 1758 1821 δὲ
1780 1794 1894 1830 ῥαπίσαι

1108 1841 1188 1868 αὑτὸν
1203 1841 1350 1876 τολμήσας,
1366 1841 1446 1877 ξηρὸς
1473 1842 1640 1876 παραχρῆμα
1663 1841 1767 1875 γένοιτο
1787 1840 1834 1875 τὴν
1850 1840 1894 1866 δε-

1109 1887 1167 1919 ξιάν
1177 1896 1183 1902 ·
1198 1889 1211 1913 ὁ
1223 1887 1244 1913 δ’
1257 1889 1400 1923 ἀρχιερεὺς
1416 1888 1552 1922 Καϊάφας,
1570 1888 1607 1918 ὡς
1627 1887 1658 1913 ἂν
1674 1886 1824 1922 συντρέχων
1839 1886 1895 1917 τοῖς

1109 1939 1168 1964 κατ’
1183 1938 1264 1965 αὐτοῦ
1279 1939 1468 1973 συκοφάνταις,
1486 1939 1626 1974 πηρωθεὶη
1640 1939 1688 1970 τὰς
1703 1939 1794 1973 ὄψεις
1813 1938 1856 1964 διὰ
1868 1939 1894 1965 τι

1108 1984 1136 2010 δὲ
1154 1984 1190 2019 μὴ
1206 1984 1351 2018 ἐψεύσαντο
1367 1985 1475 2016 πάντες,
1496 1985 1535 2010 ὅτι
1554 1985 1636 2019 μηδὲν
1657 1985 1815 2020 σκυθρωπὸν
1829 1984 1896 2019 ἁλη-

1110 2035 1163 2066 θῶς
1184 2036 1248 2071 περὶ
1275 2036 1355 2062 αὑτὸν
1381 2036 1511 2069 γέγονενς
1534 2036 1602 2062 Ἀλλ’
1627 2038 1641 2063 ὁ
1664 2037 1712 2071 μὲν
1732 2037 1837 2072 ἀφανὴς
1860 2034 1896 2071 ἦν

1109 2081 1295 2115 καταγελάσας
1319 2081 1407 2107 αὐτῶν
1425 2082 1470 2107 τοῦ
1496 2081 1668 2117 δικαστηρίου
1679 2091 1686 2097 ·
1702 2083 1725 2108 οἱ
1740 2082 1767 2108 δὲ
1784 2081 1895 2118 ἐπισου-

1110 2127 1240 2158 λεύοντες,
1256 2127 1307 2153 ὑπὸ
1322 2127 1472 2161 φαντασίας
1487 2127 1614 2162 θεηλάτου
1630 2127 1808 2162 πλανώμενοι,
1821 2129 1896 2164 ἐνερ-

1110 2173 1167 2205 γεῖν
1184 2173 1242 2198 κατ’
1252 2171 1333 2197 αὑτοῦ
1350 2172 1385 2207 μὴ
1404 2172 1534 2208 παρόντος
1548 2172 1671 2204 ἐδόκουν;
1685 2173 1716 2198 Τί
1732 2172 1765 2204 ὃ”;
1779 2171 1833 2208 ἆρα
1845 2173 1896 2199 οὐκ

1110 2215 1143 2252 ἦν
1161 2217 1321 2252 σεμνότερον
1334 2217 1380 2244 τοῦ
1396 2218 1569 2250 πλάττεσθαι,
1585 2218 1687 2244 ὅτιτῶν
1699 2219 1805 2245 τοιῶνδε
1819 2227 1896 2253 ποιη-

1111 2263 1160 2298 τὴς
1175 2262 1261 2298 ἔργων
1275 2263 1430 2298 παραδόξων
1443 2264 1547 2297 γέγονε,
1568 2263 1597 2290 τὸ
1615 2265 1740 2298 γράφειν,
1755 2264 1795 2290 ὅτι
1813 2264 1896 2299 μηδὲν

1114 2309 1161 2344 μὲν
1175 2308 1351 2344 ἀνθρώπινον,
1367 2309 1432 2344 μηδὲ
1446 2309 1541 2344 θνητὸν
1554 2311 1617 2345 περὶ
1634 2311 1713 2336 αὑτὸν
1731 2309 1838 2345 συνέϐη,
1854 2311 1897 2336 ὲν-

1112 2355 1165 2389 θέῳ
1184 2355 1213 2381 δὲ
1236 2355 1348 2390 δυνάμει
1361 2355 1395 2382 τὰ
1419 2356 1507 2382 πάντα
1532 2356 1762 2392 καταδησάμενος,
1785 2355 1836 2391 τὴν
1855 2357 1896 2387 εἰς

1112 2402 1240 2437 οὐρανοὺς
1257 2403 1383 2428 ἐπάνοδον
1400 2402 1466 2437 μετὰ
1486 2402 1623 2438 θειοτέρας
1635 2402 1712 2437 δόξης
1732 2403 1895 2438 ὲποιήσατο;

1111 2448 1141 2473 οὐ
1165 2447 1218 2483 γὰρ
1235 2448 1267 2483 δὴ
1291 2449 1394 2480 τούτοις
1412 2449 1534 2475 ἀπιστεῖν
1558 2449 1666 2484 ἔμελλον
1687 2450 1710 2475 οἱ
1729 2450 1789 2480 ταῖς
1802 2448 1896 2480 ἄλλαις

1113 2499 1201 2525 αὐτῶν
1216 2499 1356 2535 διηγήσεσι
1373 2500 1589 2531 πεπιστευκότες.
1605 2501 1636 2526 υἱ
1651 2499 1672 2526 δ’
1689 2497 1734 2526 οὖν
1753 2500 1834 2534 μηδὲν
1848 2499 1897 2534 τῆς

1113 2545 1238 2580 ἀληθείας
1254 2547 1282 2573 ἐν
1301 2548 1356 2577 τοῖς
1374 2546 1573 2580 ἀπεμφαῖνουσι
1591 2546 1637 2572 καὶ
1657 2546 1826 2582 σκυθρωποῖς
1842 2554 1896 2572 πα-

1113 2593 1315 2628 ραχαράξαντες
1332 2592 1390 2623 πῶς
1405 2592 1453 2618 οὐκ
1469 2591 1501 2618 ἂν
1519 2589 1572 2618 εἶεν
1590 2592 1658 2624 ἄξιοι
1673 2592 1719 2618 καὶ
1734 2593 1764 2618 ἐν
1777 2593 1833 2622 τοῖς
1847 2591 1890 2618 λοι-

1113 2643 1182 2674 ποῖς,
1200 2639 1239 2673 οἷς
1256 2641 1448 2677 ἐμαρτύρησαν
1474 2642 1547 2677 αὐτῷ
1567 2641 1601 2668 τὰ
1625 2641 1772 2677 παράδοξα,
1792 2640 1896 2677 φαύλης

1113 2688 1189 2719 ἐκτὸς
1207 2688 1331 2719 ὑπονοίας
1358 2688 1537 2719 καθεστάναις
1563 2687 1707 2722 Αὐτάρκης
1721 2687 1770 2722 μὲν
1787 2685 1832 2713 οὖν
1851 2686 1897 2713 καὶ

1113 2734 1130 2768 ὴ
1145 2733 1227 2759 τῶνδε
1239 2734 1366 2768 τυγχάνει
1384 2734 1445 2769 περὶ
1458 2733 1504 2760 τοῦ
1517 2733 1640 2769 Σωτῆρος
1653 2734 1730 2769 ἡμῶν
1743 2733 1878 2769 μαρτυρία
1887 2741 1896 2750 ’

1113 2783 1188 2810 οὐδὲν
1204 2783 1231 2810 δὲ
1247 2782 1302 2810 οἷον
1314 2784 1346 2810 ἐκ
1359 2785 1514 2820 περιουσίας
1529 2785 1575 2810 καὶ
1589 2784 1626 2819 τῷ
1637 2784 1666 2816 ἐξ
1686 2785 1817 2820 Ἐϐραίων
1839 2785 1900 2810 Ἰω-

1114 2836 1191 2870 σήπῳ
1208 2834 1323 2870 μάρτυρι
1339 2836 1500 2870 χρήσασθαι,
1519 2835 1548 2866 ὃς
1567 2836 1595 2860 ἐν
1614 2835 1652 2870 τῷ
1673 2835 1898 2869 όκτίιικαιδεκάτῳ

1113 2880 1161 2911 τῆς
1183 2879 1344 2912 Ὶσυδαῖκῆς
1361 2881 1506 2913 Ἀρχαιίκῖι
1519 2882 1590 2914 γης.
1606 2881 1639 2907 τὰ
1650 2880 1717 2907 κατά
1738 2881 1798 2910 τοὺς
1816 2879 1898 2905 Πιλά-
