2071 3219
180 197 230 226 τοι
624 192 629 197 ’
653 198 979 227 DEMONSTRATIONIS
998 197 1232 226 EVANGELICE
1245 196 1310 224 LIB.
1329 196 1375 223 ill.
1755 197 1810 225 222

180 267 228 285 του
242 257 353 293 χρόνους
371 258 496 295 ιιι-τυρῶν,
518 259 654 296 μέμνηται
675 260 721 287 τοῦ
743 260 870 296 Σωτῆρος
891 260 969 296 ἡμῶν

1021 259 1104 287 iisse?
1119 266 1210 286 verum
1228 258 1276 285 ubi
1291 258 1317 284 vi
1339 258 1430 284 divina
1446 264 1491 284 res
1508 264 1603 284 omnes
1624 264 1688 285 suas
1709 258 1810 285 conﬁr-

180 305 210 329 ὲν
223 302 339 336 τούτοις.
1025 309 1139 338 masset,
1156 309 1216 334 tum
1240 305 1267 332 in
1293 304 1393 331 coelum
1416 304 1561 340 gloriosius
1576 303 1751 337 diviniusque
1765 312 1813 332 re»

179 349 319 377 vertisse?
347 351 427 378 Certe
451 351 504 378 hoc
530 352 616 380 multo
651 352 783 387 majorem
797 353 999 381 venerationem
1027 356 1231 389 comparasset.
1247 360 1329 387 quam
1356 351 1473 387 ﬁngere,
1489 352 1524 378 ab
1548 351 1595 378 illo
1617 359 1648 378 ea
1678 350 1812 378 miracula
1840 342 1846 350 ’

180 396 253 423 facta
266 404 327 430 qua:
341 397 483 426 novimus?
498 397 577 433 12!;
602 399 773 434 nequeenim
801 399 844 426 his
865 400 995 428 credituri
1012 409 1067 427 non
1080 400 1199 430 fuerant,
1222 399 1268 434 qui
1301 399 1406 426 cmleris
1422 398 1580 426 eorumdem
1607 397 1813 424 narrationibus

180 441 261 468 tndem
289 442 418 470 habuere.
453 443 504 477 Qui
529 444 612 479 igitur
647 444 675 471 in
696 444 730 472 iis
754 452 814 479 qua:
830 445 950 473 dedecus
974 445 1074 472 habent
1099 449 1179 479 atque
1212 443 1362 475 tristitiam,
1381 444 1521 470 veritatem
1546 450 1722 477 corrumpere
1751 441 1813 469 ausi

179 496 236 516 non
250 493 325 519 sunt.
342 498 388 517 cur
402 486 455 517 non
477 491 504 518 in
528 492 640 527 reliquis
661 500 779 527 quoque,
802 500 862 528 quze
882 493 917 520 de.
941 493 988 519 illo
1008 493 1179 528 protulerunt
1202 491 1275 526 digni
1299 491 1443 522 habentur,
1467 491 1568 526 quibus
1589 490 1694 525 absque
1720 487 1811 522 suspi-

177 535 259 562 cione
276 535 403 563 falsitatis
429 537 574 568 credatur,
602 537 684 564 etiam
718 538 740 565 si
763 539 894 565 miracula
922 539 1117 566 narraverint?
1148 545 1213 573 ergo
1237 538 1300 564 licet
1326 537 1420 563 talium
1447 537 1589 563 hominum
1609 536 1643 563 de
1669 535 1812 562 Salvatore

177 586 274 609 nostro
297 582 495 615 testimonium,
514 583 594 611 nobis
616 585 727 611 abunde
756 585 913 613 satisfacere
940 585 1038 612 debeat
1057 606 1064 618 ,
1094 588 1186 612 tamen
1220 584 1287 611 nihil
1308 592 1351 611 me
1371 588 1469 619 praeter
1486 584 1656 618 propositum
1676 583 1811 609 facturum

178 627 309 659 arbitror,
326 628 349 654 si
370 629 448 663 quasi
463 637 496 656 ex
518 630 685 657 abundantia
709 631 843 665 quadam,
862 631 968 658 Hebrzei
989 639 1098 666 quoque
1110 630 1391 665 Josephitestimonio
1407 635 1484 661 utar,
1511 630 1558 664 qui
1579 630 1606 656 in
1630 629 1738 656 decimo
1763 634 1812 655 oc-

177 679 242 703 lavo
261 675 383 703 Judaicm
406 677 577 712 Antiquitalis
607 678 686 711 libro.
701 679 780 706 Pilati
803 684 925 715 tempora
941 680 969 707 in
990 680 1131 707 historiam
1149 687 1225 707 suam
1241 679 1373 710 referens,
1397 679 1430 706 de
1457 677 1596 705 Salvatore
1612 681 1708 704 nostro
1738 682 1813 702 men-

177 723 281 749 tionem
297 723 373 756 facit,
392 723 436 751 his
450 724 553 752 verbis.

354 778 496 812 Ἰωσήπου
511 780 576 814 περὶ
591 781 644 808 τοῦ
659 782 798 815 Χριστοῦ.

216 843 226 860 ι
244 834 351 861 Γίνεται
373 834 401 860 δὲ
418 836 476 861 κατ’
493 837 595 863 ἐκεῖνον
616 837 662 864 τὸν
682 838 778 874 χρόνον
801 837 905 873 Ἰησοῦς
925 846 970 864 σο-

176 880 227 914 φὸς
241 880 321 916 ἀνὴρ,
334 880 391 915 εἴγε
407 881 490 917 ἄνδρα
504 883 585 908 αὐτὸν
598 883 686 917 λέγειν
703 885 766 920 χρὴ.
778 882 831 911 Ἧν
846 884 901 920 γὰρ
918 894 969 911 πα-

178 925 296 960 ραδόξων
319 926 406 962 ἔργων
424 928 547 963 ποιητὴς,
570 928 727 961 διδάσκαλος
748 930 900 965 ἀνθρώπων
919 930 968 956 τά-

175 970 248 1005 ληθῆ
273 970 440 1006 σεϐομένων·
469 973 515 998 καὶ
536 973 649 1005 πολλοὺς
667 974 716 1009 μὲν
739 974 787 1001 τοῦ
811 974 968 1007 Ἰουδαϊκοῦ,
985 992 1006 1019 Β

176 1017 291 1050 πολλοὺς
302 1017 329 1044 δὲ
340 1018 386 1044 καὶ
400 1018 553 1053 Ἑλληνικοῦ
567 1020 731 1054 ἐπηγάγετο·
741 1021 755 1046 ὁ
764 1021 880 1056 Χριστὸς
892 1017 969 1052 οὗτος

175 1061 210 1098 ἦν
227 1064 278 1098 (l),
298 1064 343 1090 καὶ
364 1064 451 1090 αὺτῶν
472 1064 644 1097 ἐνδείξειτῶν
661 1066 725 1101 παρ’
749 1066 815 1100 ἡμῖν
833 1065 970 1099 ἀρχόντων

175 1109 288 1144 σταυρῷ
309 1110 530 1145 ἐπιτετιμηκότος
556 1110 682 1143 Πιλάτου,
701 1111 751 1137 οὐκ
775 1112 929 1138 ἐπαύσαντο
945 1112 970 1137 οἱ

175 1154 206 1179 τὸ
221 1154 328 1189 πρῶτον
342 1155 544 1190 ἀγαπήσαντες.
566 1156 666 1192 Ἐφάνη
690 1156 743 1193 γὰρ
761 1158 853 1189 αὐτοῖς
876 1157 970 1193 τρίτην

175 1200 284 1235 ἡμέραν
308 1200 388 1227 πάλιν
410 1201 473 1233 ζῶν,
492 1201 545 1228 τῶν
567 1202 646 1230 θείων
666 1204 813 1239 προφητῶν
835 1204 921 1232 ταῦτά
939 1213 969 1231 τε

173 1247 224 1272 καὶ
244 1246 311 1273 ἄλλα
331 1247 415 1282 μυρία
437 1249 500 1284 περὶ
515 1249 597 1275 αὐτοῦ
617 1250 774 1285 εἰρηκότων.
792 1251 872 1277 ’ὉΟεν
887 1251 969 1278 εἰσέτι

175 1291 224 1318 νῦν
239 1293 293 1319 ἀπὸ
307 1293 383 1319 τοῦδε
407 1293 460 1319 τῶν
484 1295 653 1329 Χριστιανῶν
675 1296 724 1322 οὐκ
747 1296 858 1323 ἐπέλιπε
873 1297 903 1323 τὸ
917 1296 969 1330 φῦ-

175 1339 234 1366 λον.
253 1349 261 1364 ι
278 1340 308 1366 Εἰ
319 1339 409 1366 τοίνυν
425 1340 471 1366 καὶ
487 1341 556 1368 κατὰ
572 1342 618 1368 τὸν
632 1342 766 1377 ἱστορικὸν
779 1345 968 1379 μαρτυρεῖται,

175 1386 207 1411 οὺ
226 1386 306 1421 μόνον
330 1387 393 1418 τοὺς
412 1387 515 1414 δώδεκα.
533 1389 712 1421 ἀποστόλους,
732 1390 791 1416 οὐδὲ
813 1390 876 1422 τοὺς
896 1391 970 1417 ἐϐδο-

177 1431 301 1465 μήκοντα
320 1431 443 1467 μαθητὰς
470 1433 680 1468 ἐξῳκειωμένος.
696 1434 764 1461 ἀλλὰ
789 1435 902 1466 πολλοὺς
920 1435 969 1470 μὲν

174 1477 223 1503 τοῦ
244 1478 399 1506 Ἰουδαϊκοῦ.
413 1479 526 1510 πολλοὺς
545 1479 574 1505 δὲ
587 1479 633 1506 τοῦ
655 1479 810 1516 Ἐλληνικοῦ
834 1481 970 1516 προσαγό-

178 1531 269 1556 μενος,
278 1523 356 1558 δῆλος
365 1524 397 1550 ἂν
410 1523 451 1559 εἴη
465 1525 590 1559 περιττόν
603 1533 628 1551 τι
640 1525 808 1561 κεκτημένος
820 1526 895 1562 παρὰ
906 1527 970 1558 τοὺς

176 1568 288 1600 λοιποὺς
303 1568 471 1604 ἀνθρώπους.
496 1569 558 1601 Πῶς
577 1570 630 1604 γὰρ
655 1571 687 1597 ἃν
709 1571 796 1603 ἄλλως
818 1573 970 1607 προςήγετο

175 1614 224 1641 τοῦ
234 1614 389 1646 Ἰουδαϊκοῦ,
402 1616 449 1641 καὶ
461 1615 506 1642 τοῦ
522 1615 676 1650 Ἐλληνικοῦ
690 1616 807 1648 πλείους,
824 1618 848 1643 εἰ
866 1618 902 1653 μή
915 1626 970 1644 τισι

1273 777 1382 813 Iosephi
1393 778 1424 804 de
1436 777 1552 805 Christo.

1059 848 1069 864 ι
1090 838 1204 866 Exsistit
1218 844 1267 872 per
1283 837 1353 863 idem
1369 840 1476 870 tempus
1497 835 1576 862 Jesus
1592 836 1701 869 sapiens
1716 836 1767 867 vir,
1786 835 1810 864 si

1020 884 1102 912 modo
1117 885 1205 911 virum
1223 891 1284 910 eum
1301 883 1393 909 dicere
1404 885 1522 917 oportet,
1536 882 1637 916 quippe
1653 882 1699 917 qui
1716 889 1811 909 earum

1020 939 1111 958 rerum
1124 934 1224 957 auctor
1237 930 1328 960 fuerit,
1345 937 1404 964 quze
1415 929 1561 954 humanam
1578 928 1655 954 fidem
1668 931 1810 963 superant.

1021 976 1139 1003 Docebat
1156 983 1238 1010 porro
1252 975 1296 1001 hic
1319 974 1455 1005 homines,
1473 975 1495 1001 si
1517 982 1586 1009 quos
1607 974 1732 1002 veritatis
1752 978 1812 1002 stu-

1021 1023 1115 1050 diosos
1131 1022 1304 1057 reperiebat:
1325 1029 1390 1056 ergo
1407 1021 1507 1047 multos
1523 1021 1578 1054 sibi
1591 1019 1726 1053 Judaicaa,
1741 1021 1812 1047 mul-

1021 1075 1063 1097 tos
1079 1069 1159 1096 etiam
1178 1068 1279 1096 Graeca:
1296 1067 1423 1094 factionis
1443 1067 1577 1101 adjunxit.
1592 1067 1718 1095 Christus
1731 1067 1811 1102 plane

1020 1115 1065 1143 hic
1089 1115 1140 1142 fuit
1159 1125 1166 1142 :
1191 1114 1325 1149 siquidem
1339 1121 1401 1140 cum
1424 1113 1629 1148 magistratibus
1644 1113 1747 1140 nostris
1762 1120 1809 1140 ac—

1020 1161 1191 1191 cusantibus,
1206 1161 1283 1187 illum
1295 1159 1386 1187 crucis
1397 1159 1532 1193 supplicio
1545 1159 1680 1186 affecisset
1691 1158 1807 1190 Pilatus,

1021 1215 1076 1235 non
1101 1207 1277 1236 destiterunt,
1294 1206 1341 1240 qui
1363 1205 1398 1232 ab
1414 1205 1492 1231 initio
1515 1204 1650 1239 complexi
1676 1204 1807 1232 fuerant:

1020 1254 1146 1289 apparuit
1163 1254 1234 1280 enim
1250 1252 1304 1279 illis
1324 1252 1404 1278 tertio
1419 1251 1463 1278 die
1479 1251 1576 1278 iterum
1590 1251 1694 1282 vivens,
1712 1258 1809 1284 quem-

1021 1300 1168 1327 admodum
1194 1297 1278 1325 diviui
1295 1297 1434 1332 propheta:
1448 1301 1476 1324 et
1507 1297 1565 1324 htec
1579 1302 1606 1324 et
1618 1298 1669 1323 alia
1687 1298 1810 1324 innume-

1019 1346 1116 1372 rabilia
1133 1345 1166 1372 de
1188 1345 1235 1371 illo
1250 1343 1442 1379 prmdixcrant,
1465 1350 1498 1369 ex
1518 1350 1572 1378 quo
1587 1342 1619 1368 ad
1634 1343 1706 1369 hunc
1722 1351 1809 1378 usque

1020 1391 1092 1418 diem
1108 1391 1327 1418 Christianorum
1344 1397 1399 1416 non
1416 1388 1516 1415 defecit
1542 1396 1637 1422 genus.
1659 1398 1668 1414 ι
1697 1387 1724 1415 Si
1743 1396 1808 1423 ergo

1020 1438 1170 1464 historicus
1184 1443 1294 1472 quoque
1307 1435 1481 1465 testificatur,
1503 1442 1558 1460 non
1573 1434 1646 1461 solos
1663 1433 1808 1461 duodecim

1020 1483 1169 1518 apostolos,
1190 1482 1416 1516 septuagintaque
1436 1479 1600 1515 discipulos,
1628 1479 1662 1505 ab
1686 1479 1731 1506 illo
1755 1479 1808 1506 sibi

1020 1530 1175 1564 adiunctos,
1199 1528 1246 1555 sed
1269 1528 1370 1554 multos
1386 1534 1494 1561 quoque
1512 1531 1569 1552 tum
1592 1525 1722 1557 Judaicze,
1748 1529 1806 1552 tum

1020 1575 1121 1602 Grtccm
1141 1574 1269 1601 factionis
1284 1577 1450 1608 assumptos,
1466 1573 1554 1607 palam
1579 1578 1622 1599 est
1645 1572 1720 1598 illum
1736 1571 1763 1598 in
1777 1578 1807 1599 se

1020 1621 1122 1655 aliquid
1147 1620 1324 1648 excellentius
1341 1620 1447 1646 czcteris
1472 1618 1628 1646 hominibus
1653 1617 1806 1644 habuisse:

176 1660 344 1695 θαυμαστοῖς
355 1661 402 1687 καὶ
416 1661 574 1696 παραδόξως
589 1662 689 1697 ἔργοις,
704 1664 751 1690 καὶ
766 1663 907 1699 ξενιζούσῃ
921 1663 968 1690 κέ-

1021 1675 1073 1702 qua
1089 1667 1159 1694 enim
1185 1666 1237 1692 alia
1263 1666 1367 1692 ratione
1387 1669 1414 1691 et
1435 1664 1540 1692 Iudaici
1556 1668 1583 1691 et
1599 1663 1684 1691 Graaci
1701 1663 1808 1698 generis

175 1715 262 1742 χρητο
278 1707 448 1743 διδασκαλίας
470 1709 610 1744 Μαρτυρεῖ
627 1709 655 1735 δὲ
672 1709 717 1735 καὶ
732 1710 748 1744 ἡ
767 1709 820 1735 τῶν
837 1710 970 1745 Πράξεων

176 1753 232 1780 τῶν
252 1753 408 1780 ἀποστόλων
430 1754 541 1789 γραφὴ,
563 1755 603 1780 ὅτι
629 1754 725 1781 πολλαὶ
751 1755 878 1790 μυριάδες
900 1752 969 1790 ἦσαν

183 1799 317 1826 Ἰουδαίων
334 1799 437 1834 ἀνδρῶν
453 1800 642 1835 πεπεισμένων
661 1800 741 1826 αὑτὸν
759 1798 827 1826 εἶναι.
840 1800 885 1826 τὸν
901 1801 969 1836 Χρι-

177 1847 241 1872 στὸν
254 1845 300 1873 τοῦ
320 1845 398 1877 Θεοῦ,
417 1847 463 1872 τὸν
481 1847 533 1873 ὑπὸ
552 1847 606 1873 τῶν
618 1847 764 1882 προφητῶν
782 1847 971 1882 κατηγγελμέ-

177 1901 239 1919 νον⁵
253 1894 300 1920 καὶ
319 1895 335 1929 ὴ
355 1894 461 1929 ἱστορία
477 1893 505 1919 δὲ
525 1893 644 1928 κατέχει,
666 1893 704 1924 ὡς
724 1893 770 1919 καὶ
793 1893 908 1928 μεγίστη
928 1902 970 1925 τις

175 1937 212 1974 ἦν
231 1940 377 1976 Ἐκκλησία
404 1939 522 1975 Χριστοῦ
550 1940 578 1966 ἐν
601 1940 658 1970 τοῖς
681 1939 891 1974 Ἰεροσολύμοις,
917 1939 970 1966 ἀπὺ

182 1984 319 2011 1ἶουδξι.ίων
344 1985 582 2020 συγκροτουμένη,
611 1984 691 2020 μέχρι
715 1984 769 2011 τῶν
795 1985 896 2020 χρόνων
921 1986 970 2020 τῆς

177 2031 240 2057 κατ’
255 2031 393 2067 Ἀδριανὸν
408 2031 575 2066 πολιορκίας.
591 2031 723 2065 Λέγονται
740 2029 805 2064 γοῦν
827 2031 851 2056 οἱ
866 2031 968 2065 πρῶτοι

177 2077 252 2104 κατὰ
265 2077 388 2112 διαδοχὴν
400 2078 564 2112 προστάντες
578 2077 670 2104 αὐτόθι
690 2077 832 2103 ἐπίσκοποι
851 2077 969 2103 Ἰουδαῖοι

176 2123 335 2157 γεγονέναι,
360 2120 398 2150 ὧν
420 2124 466 2150 καὶ
488 2123 606 2158 ὀνόματα
629 2123 713 2149 εἰσέτι
736 2122 784 2149 νῦν
813 2122 888 2157 παρὰ
915 2123 970 2153 τοῖς

175 2169 322 2205 ἐγχωρίοις
342 2169 556 2205 μνημονεύεται·
578 2169 616 2200 ὡς
643 2169 690 2195 καὶ
711 2169 744 2195 ἐκ
768 2168 869 2194 τούτων
894 2167 971 2194 λελῦ-

178 2215 242 2242 σΘαι
254 2217 344 2242 πᾶσαν
358 2217 407 2252 τὴν
425 2216 495 2243 κατὰ
506 2216 559 2242 τῶν
581 2215 709 2251 μαθητῶν
733 2214 816 2241 αὐτοῦ
832 2214 968 2249 διαϐολὴν,

177 2263 223 2288 ὅτε
240 2262 287 2289 καὶ
304 2262 371 2297 πρὸς
387 2261 486 2291 αὐτῶν,
502 2261 549 2287 καὶ
564 2260 626 2295 δίχα
638 2260 687 2295 τῆς
703 2260 792 2286 αὐτῶν
808 2260 968 2295 μαρτυρίας,

179 2308 265 2345 μυρία
281 2308 450 2343 ὁμολογεῖται
467 2307 554 2342 πλήθη
577 2306 710 2333 Ἰουδαίων
722 2315 752 2332 τε
771 2306 818 2332 καὶ
838 2306 969 2341 Ἑλλήνων

177 2355 261 2387 αὐτὸς
284 2355 387 2390 Ἰησοῦς
404 2355 417 2380 ὁ
438 2354 554 2390 Χριστὸς
580 2353 626 2380 τοῦ
647 2353 713 2379 Θεοῦ
734 2353 767 2378 δι’
789 2349 827 2378 ὧν
849 2352 970 2378 ἐπετέλει

178 2402 340 2438 παραδόξων
366 2401 454 2436 ἔργων
481 2401 525 2435 ὑφ’
554 2400 650 2426 ἑαυτὸν
676 2399 867 2434 πεποιημένος.
890 2398 969 2424 ’Λλλὰ

177 2450 282 2476 τούτων
293 2449 359 2484 ἡμῖν
378 2448 425 2474 ἐπὶ
441 2447 567 2474 τοσοῦτον
585 2446 747 2481 εἰρημένων,
765 2445 832 2479 πρὸς
846 2444 877 2471 τὸ
893 2444 976 2479 πρῶ-’

178 2504 225 2523 τον
237 2494 292 2522 τῶν
306 2494 427 2521 ἀπίστων
441 2493 544 2528 τάγμα,
560 2492 636 2528 φέρε,
652 2491 699 2518 καὶ
718 2490 785 2526 πρὸ,
799 2491 829 2516 τὸ
845 2489 969 2525 δεύτερον

180 2543 275 2575 στῖφος
291 2540 438 2575 ὲνστῶμεν.
454 2539 539 2565 Τοῦτο
554 2539 581 2564 δὲ
598 2536 632 2572 ἦν
647 2538 677 2564 τὸ
690 2537 744 2563 τῶν
762 2535 970 2570 συνομολογούν-

177 2597 233 2614 των
252 2588 301 2622 μὲν
317 2586 362 2613 τὸν
383 2585 485 2620 Ἰησοῦν
499 2585 531 2611 τὰ
548 2584 684 2620 παράδοξα
704 2581 893 2617 πεποιηκέναι,
907 2590 971 2616 γοη-

178 2633 238 2668 τείᾳ
253 2632 282 2658 δὲ
298 2631 385 2662 ἄλλως
406 2632 452 2657 ἐπὶ
474 2630 562 2666 πλάνῃ
584 2630 636 2656 τῶν
652 2628 788 2663 ὁρώντων,
809 2625 852 2653 οἷα
866 2626 971 2660 θαυμα-

177 2677 326 2713 τουργὸνῆ
348 2675 495 2712 φαρμακέα
520 2674 590 2706 τινὰ,
613 2673 807 2709 θαυμαστῶσαι
826 2672 889 2703 τοὺς
899 2679 967 2705 παρ·

178 2724 270 2756 ὄντας.

1021 1713 1121 1740 multos
1136 1712 1189 1739 sibi
1200 1711 1349 1746 adjungcre
1366 1710 1510 1745 potuisset,
1534 1710 1587 1737 nisi
1600 1709 1809 1737 admirabilibus

1020 1759 1155 1792 fidemque
1169 1757 1363 1792 superantibus
1387 1757 1483 1791 gestis,
1506 1761 1532 1783 et
1547 1755 1670 1782 inaudita
1688 1755 1807 1789 quadam

1020 1803 1146 1831 doctrina
1172 1811 1240 1830 usus
1263 1802 1354 1830 esset?
1377 1802 1458 1828 ﬁdem
1481 1801 1563 1828 etiam
1590 1801 1655 1827 facit
1678 1800 1746 1827 liber
1760 1800 1807 1835 qui

1020 1850 1087 1877 Acta
1112 1849 1297 1884 apostolorum
1322 1847 1492 1879 inscribitur,
1510 1847 1594 1881 multa
1610 1847 1693 1873 millia
1717 1845 1807 1872 homi-

1019 1904 1085 1924 num
1110 1895 1264 1923 Judzeorum
1286 1893 1449 1926 credidisse,
1477 1893 1554 1920 illum
1583 1901 1643 1920 esse
1665 1891 1806 1920 Christum

1020 1941 1080 1975 Dei,
1093 1949 1173 1976 quem
1192 1940 1331 1975 propheta:
1347 1944 1493 1966 venturum
1511 1938 1695 1965 nuntiassent.
1714 1937 1807 1964 Histo-

1020 1989 1058 2015 ria
1075 1995 1182 2023 quoque
1198 1986 1263 2014 illud
1278 1987 1378 2013 habet:
1395 1985 1525 2020 grandem
1538 1984 1639 2011 Christi
1655 1983 1806 2010 Ecclesiam

1020 2033 1216 2069 Hierosolymis
1240 2033 1335 2064 fuisse,
1362 2039 1445 2066 quam
1470 2030 1556 2058 Judaai
1587 2031 1805 2065 comparassent,

1020 2079 1188 2114 durassequc
1217 2087 1302 2113 usque
1329 2078 1361 2105 ad
1397 2077 1586 2106 obsidionem.
1611 2084 1672 2110 qme
1693 2073 1807 2101 Adriani

1020 2131 1142 2160 tempore
1155 2126 1225 2153 facta
1241 2129 1283 2152 est
1298 2134 1306 2155 ;
1323 2131 1388 2159 ergo
1403 2123 1450 2158 qui
1466 2122 1545 2157 primi
1559 2121 1681 2156 episcopi
1694 2128 1727 2147 ex
1745 2127 1807 2147 suc-

1020 2172 1145 2202 cessione
1169 2173 1224 2200 illic
1243 2171 1413 2207 praefuerunt
1425 2190 1432 2201 ,
1448 2168 1533 2195 .ludaai
1560 2167 1645 2195 fuisse
1665 2166 1805 2198 dicuntur,

1020 2227 1136 2255 quorum
1161 2218 1270 2245 nomina
1297 2217 1331 2244 ab
1352 2216 1412 2250 ejus
1436 2214 1489 2242 loci
1514 2213 1611 2240 incolis
1636 2212 1716 2241 etiam
1733 2218 1806 2238 nunc

1020 2269 1218 2295 memorantur,
1240 2263 1317 2297 125
1334 2266 1364 2289 ut
1379 2269 1411 2289 ex
1424 2261 1467 2288 his
1482 2267 1591 2295 quoque
1606 2258 1695 2285 omnis
1708 2261 1805 2284 contra

1022 2311 1170 2346 discipulos
1187 2310 1260 2346 illius
1272 2309 1408 2336 calumnia
1427 2307 1558 2337 diluatur,
1576 2304 1685 2340 quando
1707 2307 1734 2331 et
1750 2303 1805 2330 illis

986 2347 1008 2373 υ
1022 2356 1241 2389 testificantibus,
1256 2361 1282 2383 et
1298 2359 1405 2386 contra,
1429 2354 1482 2380 illis
1507 2359 1560 2378 non
1583 2349 1804 2380 testificantibus.

1023 2405 1081 2439 ipse
1100 2403 1191 2433 Jesus.
1209 2402 1257 2436 qui
1281 2401 1407 2428 Christus
1435 2402 1477 2426 est
1502 2398 1560 2428 Dei,
1586 2395 1803 2431 comprobatur:

1022 2449 1247 2476 innumerabilem
1263 2446 1476 2476 multitudinem,
1495 2447 1550 2470 tum
1576 2441 1730 2468 Iuda-orum
1746 2444 1804 2466 tum

1022 2494 1176 2522 Grzccorum
1192 2493 1243 2521 sibi
1259 2493 1311 2527 ipsi
1326 2491 1487 2525 subjecisse.
1503 2489 1636 2517 Caeterum
1661 2494 1723 2514 cum
1746 2486 1805 2513 luce

1022 2548 1035 2567 a
1048 2539 1126 2567 nobis
1139 2539 1213 2566 dicta
1223 2539 1278 2566 sint
1289 2538 1420 2565 adversus
1433 2536 1550 2571 primum
1565 2542 1618 2561 non
1633 2532 1804 2560 credentium

1021 2595 1118 2622 genus,
1136 2593 1210 2613 nunc
1221 2585 1253 2612 ad
1266 2585 1382 2611 alterum
1399 2585 1604 2611 convertamur.
1627 2579 1708 2614 idque
1724 2579 1805 2607 refel-

1020 2633 1118 2660 lamus.
1136 2631 1164 2659 ld
1190 2635 1280 2659 autem
1301 2634 1343 2657 est
1364 2637 1471 2658 eorum.
1488 2627 1535 2662 qui
1556 2627 1676 2653 fatentur
1693 2625 1803 2661 quidem

1019 2679 1112 2706 Jesum
1125 2685 1169 2705 res
1181 2677 1299 2712 gessisse
1312 2674 1496 2706 admirabiles,
1511 2673 1558 2701 sed
1579 2671 1723 2707 prtcstigiis
1738 2677 1803 2697 ocu-

1021 2725 1063 2753 los
1078 2725 1242 2752 intuentium
1259 2723 1402 2753 delnsissc,
1423 2724 1504 2755 atque
1527 2724 1557 2746 ut
1574 2719 1662 2747 solent
1679 2718 1802 2745 incanta-

1022 2776 1094 2797 tores
1121 2774 1149 2796 et
1173 2767 1300 2799 veneﬁci,
1326 2768 1353 2794 in
1381 2765 1591 2793 admirationem
1615 2762 1658 2790 sui
1685 2761 1803 2788 traxisse

1021 2821 1167 2851 praesentes
1174 2836 1180 2841 .

215 2903 256 2939 (l)
274 2903 375 2930 Procul
394 2901 477 2939 dubio
491 2901 625 2939 glossema
654 2903 695 2928 est
713 2903 737 2928 ct
759 2898 917 2934 marginalis
949 2895 1090 2931 cujusdam
1112 2893 1258 2921 Christiani
1281 2891 1392 2920 lectoris
1418 2890 1568 2924 adnotatio,
1604 2890 1667 2916 licet
1697 2885 1800 2914 habea-

181 2936 226 2968 tur
245 2936 272 2967 iu
288 2947 357 2966 mss.
370 2942 398 2966 et
411 2938 437 2964 in
452 2936 579 2971 loseplio.
