2071 3219
272 185 326 213 223

598 187 732 216 EUSEBH
749 186 986 215 CESARlENSlS
1003 186 1077 214 OPP.
1099 186 1188 214 PARS
1206 186 1238 213 Il.
1259 201 1295 207 -—
1312 184 1560 213 APOLOGETICA.

1835 183 1890 210 εει

273 243 317 271 VI.
335 243 435 272 Contra
453 253 496 272 eos
514 245 556 280 qui
571 246 789 286 m'hwstigiatarem
803 251 896 280 putant
916 245 1048 274 Christum

1105 246 1149 278 ς’.
1183 243 1262 278 Πρὸς
1273 243 1344 276 τοὺς
1353 242 1638 286 ,ρὶομέςνους-Τξξηζᾳ
1659 239 1811 275 γεγονέναι
1836 240 1890 267 τὸν

587 280 635 307 Dei
645 282 736 315 fuisse.

306 335 344 363 Ac
358 336 475 371 primum
498 337 606 372 quidem
631 338 676 365 isti
692 338 874 373 interrogandi
895 342 969 371 sunt,
989 338 1053 373 quid

272 381 306 408 ad
334 389 367 408 ea
387 390 446 416 quae
463 387 668 410 antecesserunt
692 385 897 418 respondeant?
917 384 1053 419 Numquid

273 427 346 454 ullus
373 427 513 454 hominum
534 436 648 463 usquam
674 429 821 464 excogitari
844 430 954 465 potuit,
979 431 1052 457 omni

271 473 404 507 gravitate
422 481 453 500 ac
469 475 568 501 virtute
590 474 697 502 referta
719 475 876 510 reipublicte
898 477 1051 508 institutor,

271 520 440 554 sincerzeque
460 527 491 547 ac
511 528 581 547 vera:
598 521 738 551 doctrinm,
758 522 846 555 qualis
861 530 892 548 ea
911 526 954 549 est
970 531 1052 556 quam

271 569 334 592 ante
346 566 532 600 exposuimus.
549 571 698 602 praeceptor
711 575 716 592 :
729 568 774 601 qui
794 575 884 594 mores
904 569 1051 603 przestigia-

271 610 339 636 toris
354 610 499 637 habuerit?
517 610 594 644 Quod
611 612 632 639 si
647 616 674 639 ct
693 620 798 647 magus,
817 618 844 640 et
863 614 1007 644 veneﬁcus,
1026 619 1052 641 ct

271 655 413 690 imposlor,
425 660 452 683 et
475 658 658 692 przestigiator
678 658 738 689 fuit.
754 667 872 692 quonam
896 660 976 687 modo
989 661 1051 687 talis

269 700 399 729 dontrina:
414 703 483 737 aput]
501 705 596 730 omnes
621 709 714 738 gentes
734 709 830 732 auctor
851 706 964 737 exstitit,
983 714 1051 740 qua-

269 747 320 774 lem
338 747 371 774 ad
385 748 456 775 hunc
467 757 552 783 usque
565 749 674 777 diemet
689 751 776 778 oculis
790 751 937 783 intuemur,
954 756 980 779 et
996 760 1051 779 au—

268 793 345 820 ribus
363 795 656 829 pereipituus?deinde
682 797 743 831 quis
768 801 823 824 tam
847 798 898 825 sibi
925 798 976 833 ipsi
989 807 1050 825 con-

268 839 365 871 ﬁdens,
377 845 407 867 ut
422 841 595 876 aggrediatur
611 850 641 868 ea
655 843 681 869 in
698 851 780 869 unum
797 851 902 878 cogere.
919 853 979 878 qua:
990 846 1048 880 cogi

268 885 344 913 nullo
356 886 436 912 modo
460 887 595 921 possunt?
608 887 674 919 Quis
697 889 768 915 enim
787 897 850 916 vere
871 890 1050 924 prmstigiator

268 935 321 962 est,
341 939 402 959 cum
423 935 450 959 et
473 933 615 959 sceleratis
631 933 666 959 sit
688 938 714 960 et
734 934 847 961 nefariis
865 936 997 968 moribus,
1022 941 1049 963 et

269 984 316 1004 eas
341 985 386 1004 res
407 978 594 1012 aggrediatur,
621 987 681 1014 qum
705 980 855 1015 desperatis
883 982 1049 1018 nefariisque

270 1023 425 1050 hominibus
443 1026 615 1056 conveniant,
635 1026 724 1052 omnia
738 1034 818 1060 agere
831 1027 899 1054 solet
915 1029 1002 1062 turpis
1017 1037 1048 1055 ac

266 1069 370 1096 sordidi
390 1070 456 1096 lucri
477 1071 573 1105 gratia.
597 1071 731 1106 Numquid
744 1073 825 1107 igitur
844 1072 969 1100 Salvator
982 1082 1050 1108 quo-

267 1123 330 1149 que,
357 1123 388 1142 ac
411 1115 542 1144 Dominus
564 1122 659 1145 noster
679 1119 770 1150 Jesus.
792 1120 839 1154 qui
859 1119 987 1147 Christus
1006 1124 1048 1147 est

267 1161 325 1193 Dei,
340 1162 439 1190 talibus
454 1163 534 1190 rebus
547 1165 681 1193 obnoxius
695 1166 750 1193 sit?
765 1167 877 1193 Atenim
891 1167 962 1194 unde
977 1172 1049 1194 tene-

265 1206 340 1234 bitur
352 1216 425 1238 reus.
439 1214 485 1235 aut
499 1211 646 1244 quomodo,
660 1212 706 1246 qui
725 1212 782 1239 suis
801 1213 954 1246 discipulis,
970 1217 999 1239 ut
1015 1221 1047 1240 ex

266 1252 388 1287 ipsorum
411 1254 567 1282 testimonio
589 1259 711 1290 apparet,
726 1257 854 1290 praecepit
870 1265 904 1283 ne
926 1256 1049 1290 posside-

266 1302 328 1325 rent
341 1306 448 1331 aurum,
462 1303 508 1326 aut
524 1305 664 1335 argentum
681 1301 708 1327 in
727 1302 802 1328 zonis
815 1301 883 1331 suis,
899 1309 988 1336 neque
1006 1309 1049 1336 pe-

265 1350 324 1370 ram
340 1344 367 1370 in
389 1345 442 1376 via,
464 1353 551 1380 neque
571 1346 772 1374 calceamenta?
790 1346 892 1374 Deinde
913 1355 961 1374 cur
975 1347 1048 1374 dicto

266 1388 339 1416 illius
354 1389 495 1418 audientes
523 1391 648 1423 fuissent,
670 1396 696 1419 et
710 1399 740 1419 ea
756 1400 816 1426 qua:
834 1397 995 1427 acceperant
1020 1393 1047 1420 in

267 1437 476 1464 commentarios
498 1437 639 1465 referenda
659 1438 810 1473 litterisque
831 1440 1047 1466 commendanda

267 1486 420 1516 putassent.
439 1483 460 1510 si
477 1484 598 1518 pecun't
621 1483 772 1510 studiosum
799 1492 878 1511 suum
897 1484 1048 1519 Prmeepto-

266 1534 324 1554 rem
340 1528 488 1559 vidissent,
504 1533 530 1556 ct
550 1530 568 1558 ii
583 1530 738 1565 Montraria
762 1538 823 1564 qua:
844 1531 913 1558 alios
934 1531 1048 1558 docebat

1350 279 1478 313 Χριστὸν
1493 278 1545 304 τοῦ
1563 278 1647 303 Θεοῦ.

1141 337 1195 363 Καὶ
1211 337 1241 372 δὴ
1260 336 1353 363 τούσδε
1370 336 1475 372 πρῶτον
1498 335 1621 361 ἁπάντων
1644 332 1802 368 ὲρωτητέον,
1827 331 1890 358 τίνα

1106 385 1183 417 φαῖεν
1197 383 1264 418 πρὸς
1275 383 1309 409 τα
1322 382 1523 417 προωδευμένα.
1536 379 1608 415 Ἀρα
1621 379 1675 414 γὰρ
1689 377 1829 413 ἐπινοῆσαι
1844 377 1890 404 δυ-

1104 429 1193 459 νατὸν,
1209 428 1290 464 ἄνδρα
1305 427 1461 454 διδάσκαλον
1475 427 1574 462 σεμνῆς
1587 426 1633 452 καὶ
1648 424 1798 460 παναρέτου
1816 423 1890 450 πολι-

1103 474 1187 505 τείας,
1202 474 1323 507 ἁγίωντε
1343 473 1389 500 καὶ
1402 472 1508 508 ἀληθῶν
1524 471 1675 507 δογμάτων,
1691 471 1753 496 οἴων
1762 469 1890 505 προδιήλ-

1105 519 1196 555 θομεν,
1210 520 1294 555 γόητα
1306 519 1352 545 τὸν
1362 518 1461 554 τρόπον
1476 517 1616 552 γεγονέναι
1629 526 1636 549 ;
1653 518 1684 543 Εἰ
1694 517 1722 542 δὲ
1734 516 1766 551 δὴ
1779 524 1889 551 μαγγα-

1103 567 1197 600 νευτής
1210 574 1251 597 τις
1267 563 1301 600 ἦν
1316 565 1361 591 καὶ
1377 565 1547 599 φαρμακεῦς,
1563 562 1688 589 ἀπατεὼν
1702 571 1731 588 τε
1748 562 1794 588 καὶ
1809 561 1888 596 γόης,

1104 611 1161 642 πῶς
1174 612 1206 638 ἂν
1217 610 1344 646 τοιαύτης
1360 610 1530 641 διδασκαλίας
1546 610 1611 635 πᾶσι
1628 610 1683 639 τοῖς
1712 608 1799 633 ἔθνεσι
1821 615 1893 633 κατ·-

1103 658 1167 693 ἑστη
1180 658 1273 689 αἴτιος,
1286 658 1343 689 οἵας
1355 657 1431 683 αὐτοὶ
1445 657 1552 692 ὁρῶμεν
1566 655 1723 690 ὀφθαλμοῖς,
1732 655 1779 680 καὶ
1794 654 1889 685 ἀκοαῖς

1102 705 1141 735 εἷς
1158 704 1237 739 δεῦρο
1258 703 1522 739 παραλαμϐάνομεν;
1541 703 1618 733 Heio;
1633 701 1659 727 δὲ
1679 701 1725 727 καὶ
1744 701 1888 735 αἱρήσεται

1101 749 1134 775 τὰ
1151 749 1289 775 ἀσύνακτα
1306 749 1445 782 συνάγεινς
1464 749 1530 784 γόης
1542 748 1590 783 μὲν
1607 748 1660 783 γάρ
1674 756 1715 779 τις
1728 747 1765 778 ὡς
1780 745 1890 780 ἀληθῶς

1101 795 1207 826 ἀνόσιος
1228 795 1274 821 καὶ
1297 795 1394 829 μιαρὸς
1414 794 1460 820 τὸν
1483 794 1592 829 τρόπον,
1618 793 1811 829 ἀπειρημένοις
1839 791 1888 818 καὶ

1101 841 1217 872 ἀνοσίοις
1230 840 1369 876 ἐγχειρῶν,
1381 840 1469 867 πάντα
1482 841 1594 876 πράττει
1609 839 1722 874 αἰσχροῦ
1739 839 1786 865 καὶ
1799 839 1873 874 ρυπσ.
1882 851 1889 858 -

1102 887 1148 922 ροῦ
1163 887 1272 921 κέρδους
1285 887 1372 922 χάριν.
1387 887 1458 921 Μήτι
1472 885 1518 912 οὖν
1532 887 1578 912 καὶ
1593 886 1607 911 ὁ
1620 886 1714 920 Σωτὴρ
1728 886 1774 911 καὶ
1785 883 1889 919 Κύριος

1100 933 1176 968 ἡμῶν
1191 933 1296 968 Ἰησοῦς
1311 933 1324 958 ὁ
1341 933 1457 968 Χριστὸς
1472 932 1519 959 τοῦ
1534 931 1600 958 Θεοῦ
1625 931 1737 958 τοιοῖσδέ
1753 939 1823 957 τισιν
1841 929 1887 956 ἐν-

1098 987 1160 1013 οχος
1174 976 1225 1014 ἦν;
1241 979 1335 1009 Πόθεν,
1353 979 1369 1014 ἢ
1392 979 1460 1010 πῶς,
1479 979 1492 1004 ὁ
1508 980 1563 1009 τοῖς
1579 972 1674 1004 ἑαυτοῦ
1692 977 1834 1012 μαθηταῖς,
1849 976 1888 1007 ὡς

1099 1024 1165 1059 προς
1177 1024 1266 1050 αὐτῶν
1281 1024 1499 1059 μεμαρτύρηται,
1511 1021 1629 1058 εἰρηκώς
1639 1029 1645 1036 ·
1665 1031 1674 1045 ‹
1691 1021 1735 1056 Μὴ
1749 1019 1886 1055 κτήσησθε

1099 1070 1208 1105 χρυσὸν,
1232 1070 1291 1105 μηδ’
1310 1070 1430 1105 ἄργυρον
1449 1070 1487 1100 εἰς
1507 1068 1556 1100 τὰς
1570 1067 1657 1099 ζώνας
1671 1067 1756 1102 ὑμῶν,
1781 1066 1817 1101 μὴ

1100 1125 1148 1151 ραν
1162 1116 1201 1148 εἰς
1215 1116 1283 1147 ὁδὸν,
1302 1116 1361 1151 μηδ’
1377 1115 1459 1150 ὑποδή
1465 1123 1552 1150 ματας
1570 1124 1578 1139 ι
1596 1114 1658 1145 Πῶς
1671 1113 1693 1139 δ’
1704 1113 1736 1139 ἂν
1749 1111 1889 1138 ἐπείθοντο

1098 1162 1212 1195 λέγοντι,
1229 1162 1274 1188 καὶ
1291 1162 1318 1187 ἐν
1332 1160 1609 1196 ἀπομνημονεύμασιν
1632 1159 1780 1194 ἐγγράφοις
1799 1158 1887 1184 ταῦτα.

1098 1208 1273 1244 παραδιδιίναι
1290 1208 1392 1242 ἠξίουν,
1411 1209 1435 1234 εἰ
1451 1205 1683 1243 χρηματιζόμενον
1699 1206 1744 1231 τὸν
1758 1205 1886 1231 διδάσκα-

1098 1255 1142 1281 λον
1156 1254 1248 1290 ἐώρων
1271 1256 1318 1281 καὶ
1336 1254 1496 1281 κατεναντία
1504 1251 1543 1285 οἷς
1557 1253 1666 1289 ἑτέρους
1681 1252 1802 1278 ἐδίδασκε
1819 1260 1884 1286 μετ-

1099 1301 1191 1334 ιόντας
1215 1301 1301 1327 Πάλαι
1319 1301 1341 1327 δ’
1360 1301 1392 1328 ἂν
1407 1300 1637 1334 καταγελάσαντες
1649 1298 1742 1331 αὑτοῦ,
1762 1299 1808 1325 καὶ
1830 1298 1887 1325 τῶν

1098 1346 1182 1380 λόγων
1197 1346 1428 1378 καταπτύσαντες,
1460 1345 1635 1381 ἀνεχόψησαν
1661 1345 1709 1380 τῆς
1737 1344 1886 1380 μαθητεέας

1098 1391 1218 1423 είκότως,
1236 1392 1259 1417 εἰ
1275 1392 1366 1423 αὐτοῖς
1383 1393 1431 1426 μὲν
1443 1391 1554 1418 τοιαῦτα
1570 1391 1675 1426 σεμνῶς
1691 1391 1884 1425 νομοθετοῦντα

1098 1436 1200 1472 ἑώρων,
1226 1438 1306 1464 αὑτὸν
1327 1437 1354 1464 δὲ
1377 1438 1422 1464 τον
1433 1437 1580 1472 νομοθέτην
1601 1438 1661 1463 κατ’
1675 1437 1768 1463 οὐδένα
1784 1437 1883 1471 τρόπον

1098 1483 1231 1518 ἑπόμενον
1247 1485 1302 1516 τοῖς
1318 1484 1428 1515 οἰκείοις
1446 1483 1545 1518 λόγοις.
1564 1483 1646 1510 Πάλιν
1666 1483 1679 1509 ὁ
1695 1483 1742 1518 μὲν
1756 1482 1820 1517 γόης
1837 1483 1884 1508 καὶ

1098 1531 1136 1562 ὡς
1158 1530 1264 1566 ἀληθῶς
1287 1531 1386 1562 πλάνος
1410 1532 1466 1562 τοῖς
1485 1530 1678 1566 ἁπειρημένοις
1697 1529 1814 1560 καὶτοῖς
1838 1530 1886 1555 άν-

266 1575 447 1601 tractantem?
471 1574 528 1601 Non
554 1575 599 1602 diu
626 1575 747 1610 proiecto
770 1584 800 1604 se
825 1576 1046 1609 continuissent,

1099 1577 1178 1608 οσίοις
1195 1577 1289 1603 ἑαυτὸν
1303 1576 1465 1609 ἐπιδίδωσιν,
1482 1576 1594 1602 ἀνοσίων
1611 1575 1657 1602 καὶ
1671 1575 1806 1610 ἀθεμίτων
1827 1574 1885 1610 ἠδο-

265 1619 331 1653 quin
344 1619 418 1646 illum
436 1620 595 1648 habuissent
611 1622 723 1655 derisui,
738 1623 871 1658 verbaque
881 1623 941 1657 ejus
958 1630 1048 1658 asper-

267 1664 323 1690 nati
345 1670 452 1698 essent,
480 1669 562 1701 atque
581 1675 596 1694 a
621 1667 766 1702 disciplina
796 1669 975 1696 recessissent
995 1677 1000 1694 :
1023 1673 1049 1695 et

267 1711 364 1739 merito
379 1712 498 1747 quidem,
515 1713 537 1740 si
552 1713 684 1741 vidissent
701 1714 776 1740 illum
790 1715 841 1742 sibi
856 1715 964 1749 quidem
981 1715 1048 1750 ipsis

266 1757 453 1784 severissimas
463 1757 534 1792 leges
549 1758 740 1792 imponentem,
752 1759 838 1794 ipsum
856 1765 944 1787 autem
960 1761 1047 1795 legum

266 1806 404 1829 auctorem
422 1803 495 1830 nullo
513 1803 592 1831 modo
611 1805 691 1832 verba
709 1813 819 1832 suarum
835 1806 922 1840 legum
932 1813 1049 1841 sequen-

265 1850 331 1873 tem.
350 1847 451 1874 Deinde
466 1848 511 1882 qui
528 1856 590 1876 vere
603 1850 784 1884 przestigiatur
803 1855 846 1877 est
861 1857 892 1876 ac
907 1851 1046 1882 seductor,

265 1891 417 1927 desperatis
428 1894 592 1929 nefariisque
607 1895 761 1923 hominibus
772 1897 890 1931 seipsum
904 1897 1046 1931 permittit.

268 1938 349 1972 126
371 1942 399 1965 ut
424 1939 509 1973 possit
531 1940 644 1967 liberius
664 1941 796 1968 scelestas
816 1946 897 1974 atque
922 1941 1048 1969 infandas

266 1984 420 2018 voluptates
439 1985 575 2020 persequi.
588 1990 614 2013 et
629 1987 774 2021 praestigiis
788 1991 869 2022 atque.
886 1988 1049 2015 incantatio-

267 2029 348 2056 nibus
368 2029 493 2065 subigere
510 2032 685 2059 mulierculas
700 2037 726 2059 et
747 2033 798 2060 sub
820 2042 896 2060 suam
917 2035 1046 2061 malitiam

266 2074 385 2101 trahere.
409 2073 443 2101 At
463 2083 526 2102 vero
542 2076 575 2103 de
602 2075 751 2104 Salvatoris
773 2085 805 2105 ac
829 2077 934 2105 Domini
960 2080 1046 2106 nostri

265 2121 445 2154 temperantia
465 2129 499 2149 ne
516 2121 569 2148 dici
585 2122 693 2156 quidem
713 2123 780 2151 satis
797 2124 904 2152 abunde
926 2133 1046 2159 unquam

265 2171 368 2201 posset.
386 2166 493 2195 Rursus
519 2168 590 2195 enim
617 2169 743 2204 discipuli
768 2169 843 2196 illum
868 2170 1048 2198 testiﬁcantur

265 2213 437 2248 prmccpisse,
460 2219 490 2241 ut
510 2223 544 2242 ne
569 2216 740 2243 intuerentur
766 2217 875 2251 quidem
906 2218 1045 2245 mulierem

265 2266 327 2285 cutn
349 2258 470 2290 libidine.
493 2260 535 2288 liis
554 2262 642 2288 verbis

264 2303 322 2331 Non
342 2305 531 2336 ma-cliaberis,
545 2313 596 2341 ego
611 2310 700 2333 autem
722 2307 783 2334 dico
801 2307 889 2337 vobis.
901 2307 972 2341 quod
987 2308 1047 2342 qni-

263 2358 372 2386 cunque
394 2351 545 2378 intuebitur
574 2353 712 2380 mulierem
736 2353 769 2380 ad
798 2353 1045 2387 concupiscendum

263 2404 333 2427 eam,
347 2397 402 2430 jam
421 2397 572 2424 mmchatus
586 2401 627 2424 est
636 2405 695 2424 eam
707 2398 734 2424 in
751 2399 833 2425 corde
845 2399 933 2424 suo".
955 2407 964 2423 ι
977 2397 1045 2424 Cum

264 2449 328 2468 vero
341 2441 404 2468 olim
416 2450 447 2469 ex
460 2442 746 2475 eausanccessaria,ut
757 2442 849 2469 multis
860 2444 953 2476 utique
963 2441 1048 2476 prod-

265 2491 348 2519 esset,
369 2495 432 2515 cum
464 2488 634 2515 Samaritana
658 2489 772 2515 muliere
794 2489 949 2523 loquentem
971 2488 1045 2514 illum

265 2534 407 2567 vidissent,
430 2535 556 2562 admirati
573 2538 637 2562 sunt
656 2534 728 2569 quod
745 2542 807 2561 cum
828 2534 940 2561 muliere
953 2535 1048 2568 loque-

265 2585 351 2612 retur,
368 2581 537 2615 inopinatum
553 2581 681 2616 quiddam
697 2581 748 2607 hoc
764 2585 845 2615 atque
863 2580 1001 2607 insolitum
1017 2587 1047 2607 se

267 2627 365 2653 intueri
381 2627 554 2658 arbitrantes.
577 2632 705 2662 tanquam
721 2627 739 2654 ii
755 2627 802 2662 qui
817 2634 955 2661 nunquam
970 2629 1046 2653 ante—

267 2672 319 2699 hac
335 2672 404 2699 idem
421 2673 562 2701 vidissent.
578 2673 793 2701 Commendabat
807 2673 878 2699 enim
897 2672 1047 2700 Salvatoris

267 2718 353 2745 nostri
376 2725 466 2746 sermo
480 2720 546 2746 nihil
565 2719 648 2751 aliud.
667 2719 719 2747 nisi
740 2719 767 2746 in
789 2719 910 2746 moribus
930 2718 1048 2753 gravita-

269 2769 322 2790 tem
332 2767 413 2797 atque
427 2765 620 2792 austeritatem.
630 2766 764 2794 Caeterum
776 2766 963 2800 temperantiae
973 2765 1048 2798 ejus-

270 2809 341 2841 dem,
353 2809 397 2836 illa
419 2818 527 2845 quoque
544 2811 670 2839 doctrina
689 2819 787 2847 magno
809 2815 969 2847 argumento
987 2819 1048 2840 esse

305 2894 328 2912 "
343 2894 435 2924 Matth.
451 2904 479 2931 ν,
494 2895 539 2931 σὶῖ,
554 2896 599 2924 28.

663 2271 670 2289 :
691 2271 700 2287 ι
721 2261 826 2289 Dictum
851 2268 893 2290 est
913 2263 1043 2297 antiquis.
1061 2251 1083 2280 D

1098 1622 1152 1648 νῶν
1165 1622 1254 1648 ἕνεκεν
1269 1621 1363 1657 θήρας,
1379 1622 1448 1648 ὥστε
1462 1622 1511 1657 ἤδη
1528 1622 1570 1648 διὰ
1582 1621 1631 1653 τὰς
1651 1621 1816 1657 μαγγανείας
1833 1629 1884 1654 γυ-

1098 1669 1178 1694 ναῖκα
1197 1677 1256 1695 τινα
1273 1668 1451 1695 καταϐάλλειν
1471 1669 1517 1694 καὶ
1530 1667 1674 1703 ὑποσύρειν
1690 1669 1723 1702 τῇ
1734 1667 1816 1703 αὑτοῦ
1831 1675 1884 1692 κα-

1098 1713 1160 1748 κίαι
1187 1714 1201 1739 ὁ
1216 1713 1244 1739 δὲ
1259 1713 1354 1749 Σωτὴρ
1371 1714 1417 1740 καὶ
1431 1713 1531 1748 Κύριος
1547 1712 1626 1748 ἡμῶν
1641 1713 1694 1739 οὐδ’
1709 1713 1781 1738 ἔστιν
1797 1713 1884 1738 εἰπεῖν

1097 1760 1169 1791 ὅπως
1185 1760 1368 1795 ἀνέστραπται
1382 1759 1445 1794 περὶ
1465 1759 1648 1795 σωφροσύνην,
1667 1759 1745 1785 ὁπότε
1765 1758 1844 1784 πάλιν
1857 1758 1884 1784 οἱ

1100 1805 1218 1840 μαθηταὶ
1234 1805 1400 1840 μαρτυροῦσι
1414 1806 1555 1840 παραινεῖν
1567 1805 1626 1840 μηδ’
1640 1804 1784 1840 ἐμϐλέπειν
1792 1812 1884 1837 γυναι-

1098 1851 1126 1876 κὶ
1151 1851 1208 1885 μετ’
1232 1850 1377 1886 ἐπιθυμίας
1397 1850 1557 1881 ἀκολάστου,
1584 1851 1722 1886 φήσαντα·
1741 1859 1750 1874 ‹
1765 1849 1882 1885 Ἐῥρέθη

1097 1897 1153 1926 τοῖς
1166 1897 1304 1931 ἀρχαίοις’
1323 1897 1360 1922 Οὐ
1387 1895 1557 1931 μοιχεύσειςο
1584 1895 1639 1929 ἐγὼ
1661 1896 1688 1922 δὲ
1710 1895 1781 1928 λέγω
1807 1895 1881 1929 ὑμῖν,

1097 1942 1138 1968 ὁτι
1155 1943 1208 1973 πᾶς
1223 1943 1237 1968 ὁ
1248 1942 1391 1977 ἐμϐλέπων
1403 1943 1520 1975 γυναῖκα
1530 1941 1598 1977 πρὸς
1608 1941 1638 1968 τὸ
1650 1941 1815 1976 ἐπιθυμῆσαι
1831 1941 1883 1967 αὺ-

1097 1987 1146 2022 τὴν
1157 1987 1206 2023 ἤδη
1223 1988 1381 2023 ἐμοίχευσεν
1393 1987 1477 2022 αὐτὴν
1492 1987 1520 2013 ὲν
1534 1989 1564 2023 τῇ
1577 1987 1675 2022 καρδία
1689 1986 1781 2014 αὐτοῦ.
1798 1995 1810 2012 ιλ
1827 1985 1883 2013 Καί

1097 2042 1163 2060 ποτε
1185 2034 1341 2068 ἀναγκαίως
1365 2034 1410 2060 ἐπὶ
1424 2033 1541 2068 ὠφελείᾳ
1562 2034 1608 2059 καὶ
1633 2033 1754 2068 σωτηρία
1777 2031 1883 2058 πολλῶν

1098 2079 1271 2115 Σαμαρείτιδι
1293 2079 1401 2113 γυναικὶ
1424 2078 1611 2114 διαλεγόμενον
1628 2079 1708 2105 αὑτὸν
1725 2078 1882 2113 τεθεαμένοι

1097 2125 1260 2160 ἐθαύμαζον,
1280 2126 1319 2151 ὅτι
1345 2125 1412 2160 μετα
1425 2125 1553 2158 γυναικὸς
1566 2125 1664 2156 ἐλάλει,
1685 2124 1834 2160 παράδοξόν
1855 2133 1883 2151 τι

1097 2171 1175 2197 τοῦτο
1194 2170 1318 2203 δόξαντες
1330 2172 1405 2207 ὁρᾷν,
1419 2171 1513 2207 ὥσπερ
1528 2171 1603 2198 οὔπω
1617 2171 1664 2197 καὶ
1678 2171 1771 2197 ἄλλοτε
1784 2170 1884 2204 πρότε-

1099 2224 1155 2251 ρον.
1180 2216 1291 2251 Συνίστη
1311 2215 1338 2242 δὲ
1358 2216 1412 2251 ἄρα
1430 2216 1444 2242 ὁ
1464 2216 1541 2250 λόγος
1560 2215 1606 2242 τοῦ
1625 2216 1750 2251 Σωτῆρος
1762 2216 1839 2251 ἡμῶν
1851 2215 1887 2241 τὸ

1097 2261 1224 2297 ἐμϐριθὲς
1246 2262 1293 2287 καὶ
1315 2261 1448 2297 αὐστηρὸν
1468 2261 1514 2288 τοῦ
1527 2262 1627 2297 τρόπου
1661 2261 1840 2296 Σωφροσύνης
1853 2261 1882 2287 δὲ

1097 2306 1178 2332 αὐτοῦ
1201 2306 1271 2340 μέγα
1288 2299 1384 2341 δεῖγμα
1399 2304 1433 2342 ἦν
1450 2307 1561 2342 κάκείνη
1580 2308 1596 2342 ὴ
1611 2307 1775 2338 διδασκαλία,
1799 2306 1831 2332 δι’
1848 2305 1882 2342 ἧς

1098 2351 1221 2385 ἁγνεύειν
1233 2352 1261 2385 ἐξ
1270 2352 1351 2378 αὑτοῦ
1361 2352 1406 2379 τοῦ
1420 2352 1470 2387 τῆς
1484 2353 1599 2384 διανοίας
1612 2352 1720 2387 βάθους,
1735 2353 1883 2388 τὰςέμπα-

1099 2398 1154 2429 θεῖς
1169 2397 1272 2432 ὀρέξεις
1293 2398 1494 2433 ἀποτέμνοντας
1514 2399 1636 2426 ἐδίδασκε
1651 2399 1752 2432 λέγων·
1776 2409 1785 2424 ι
1805 2399 1882 2425 Εἰσὶν

1098 2443 1220 2477 εὐνοῦχοι
1234 2442 1332 2475 οἵτινες
1343 2444 1527 2479 ἐγεννήθησαν
1540 2444 1637 2476 οὕτως·
1655 2444 1700 2471 καὶ
1708 2444 1777 2470 εἰσὶν
1787 2443 1882 2470 εὐνοῦ-

1098 2497 1139 2523 χοι
1154 2488 1251 2520 οἵτινες
1271 2489 1480 2524 εὐνουχίσθησαν
1496 2489 1547 2516 ὑπὸ
1564 2488 1728 2524 ἀνθρώπων·
1752 2489 1799 2516 καὶ
1813 2489 1884 2516 είσίν

1099 2533 1220 2567 εὐνοῦχοι
1238 2533 1334 2564 οἵτινες
1359 2533 1515 2568 εὐνούχισαν
1539 2534 1650 2566 ἑαυτοὺς
1672 2535 1715 2561 διὰ
1739 2534 1787 2570 τὴν
1805 2534 1883 2569 βασι-

1098 2580 1171 2606 λείαν
1187 2579 1241 2606 τῶν
1254 2580 1385 2615 οὐρανῶν.
1403 2589 1412 2605 ι
1430 2580 1513 2607 Πάλιν
1530 2582 1543 2607 ὁ
1560 2580 1608 2616 μὲν
1626 2581 1691 2616 γὸης
1710 2581 1757 2607 καὶ
1773 2581 1881 2616 ἀληθῶς

1099 2625 1246 2656 λαοπλάνος
1258 2628 1347 2652 πάντα
1361 2627 1479 2661 ἐγχειρεῖ
1491 2627 1538 2652 καὶ
1553 2627 1665 2662 πράττει
1680 2627 1831 2660 δοξοκοπῶν
1846 2627 1882 2654 τὰ

1100 2670 1184 2696 πολλὰ
1201 2670 1433 2704 φαντασιοχοπῶν,
1451 2671 1496 2697 καὶ
1513 2671 1593 2697 πλέον
1609 2681 1634 2698 τι
1649 2671 1724 2707 παρὰ
1733 2672 1796 2704 τοὺς
1814 2671 1878 2698 πολ-

1099 2716 1160 2747 λοὺς
1179 2715 1276 2742 εἰδέναι
1287 2716 1332 2741 καὶ
1345 2715 1416 2750 ἔχειν
1431 2716 1681 2752 μεγαλαυχούμενος
1691 2725 1698 2732 ο
1715 2718 1729 2743 ὁ
1743 2717 1770 2743 δὲ
1787 2717 1883 2753 Σωτὴρ

1100 2762 1147 2789 καὶ
1162 2761 1262 2797 Κύριος
1277 2761 1364 2796 ἡμῶν,
1379 2761 1419 2787 ὃτι
1437 2761 1473 2796 μὴ
1492 2761 1639 2797 δοξομανὴς
1658 2763 1704 2789 καὶ
1715 2761 1821 2793 ἀλαζὼν
1833 2763 1882 2789 καὶ

1100 2807 1314 2842 φαντασιοκόπος
1332 2804 1375 2841 ἦν,
1394 2807 1439 2841 ἀφ’
1455 2803 1493 2834 ὧν
1518 2806 1630 2842 ἰώμενος
1653 2808 1767 2843 παρῄνει
1788 2808 1885 2843 μηδενὶ

1896 2860 1903 2874 ι
