2071 3219
151 188 209 217 225

612 188 941 217 DEMONSTRATIONIS
960 188 1191 217 EVANGELICA‘I
1212 188 1277 217 LIB.
1299 188 1345 216 lll.

1734 191 1790 219 226

154 246 268 283 φράζειν
294 245 363 281 μηδὲ
389 247 429 278 εἰς
441 246 554 278 πολλοὺς
582 246 663 273 αὐτὸν
681 246 831 281 ἐκφαίνειν,
851 246 940 280 γένοιτ

1001 249 1109 281 potest:
1129 253 1182 280 qua
1202 246 1375 273 turbulentos
1399 246 1537 282 appetitus
1554 254 1587 275 ex
1603 247 1665 283 ipso
1683 249 1789 283 cogita-

154 293 189 320 ἂν
216 291 328 327 ἔκδηλος
352 292 407 319 ἀπό
431 300 461 318 τε
490 292 537 319 τοῦ
568 291 617 324 τὰς
640 293 669 319 ὲν
700 291 776 328 δρεσι
805 291 945 328 διατριϐὰς

153 339 202 366 καὶ
229 339 278 370 τὰς
311 339 502 375 ἀναχωρήσεις
528 338 656 370 διώκειν,
682 339 730 365 καὶ
755 338 867 373 φεύγειν
895 338 945 370 τὰς

153 386 225 413 κατὰ
254 385 347 416 πόλεις
373 385 428 411 τῶν
462 384 567 411 πολλῶν
599 384 745 419 ὲμϐλαὸεῖς
776 384 892 419 ὁμιλίας.
916 383 947 409 Et

155 433 224 468 μήτε
237 430 383 466 τοιγαροῦν
394 430 483 466 δόξης,
506 431 574 466 μήτε
589 431 750 466 χρημάτων,
769 431 837 466 μήτε
851 430 947 466 ἡδονῆς

153 478 248 504 ἕνεκεν
279 476 442 512 ἐπιϐέϐλητο
469 478 502 512 τῇ
529 476 705 511 διδασκαλίᾳ,
736 477 778 508 τίς
807 477 846 503 ἔτι
872 476 948 512 χώρα

153 523 341 560 περιλείπεται
363 523 492 554 ὑπονοίας
517 522 563 549 τοῦ
581 522 680 549 πλάνον
695 523 778 549 αὑτὸν
801 523 848 549 καὶ
863 523 948 557 γόητα

152 569 293 606 νομίζεινς
315 569 418 604 Σκέψαι
440 569 470 596 δὲ
493 569 542 595 καὶ
561 569 648 595 ταῦτα
670 568 766 602 πάλιν,
782 568 859 603 γόηςς
883 569 946 595 ὅταν

152 616 256 651 ἑτέροις
279 616 312 643 τὰ
331 616 381 651 τῆς
395 616 496 647 κακίας
509 615 651 652 μεταδιδῷ,
666 616 775 648 ὁποίους
787 616 886 651 ἄνδρας
898 625 947 642 κα-

150 662 330 695 τασκευάζει·
343 661 387 699 ἆρ’
399 663 458 698 οὐχὶ
470 663 570 698 γόητας
582 663 629 690 κει)⁸
643 663 760 695 πλάνους
776 663 822 689 καὶ
837 671 946 699 φαρμα-

150 710 218 741 κοὺς
237 709 311 745 αὑτῷ
331 709 401 736 κατὰ
426 710 514 736 πάντα
532 709 756 745 παραπλησίους;
771 709 818 740 Τίς
830 708 875 736 οὖν
894 701 945 746 ἤδη

151 755 263 782 πώποτε
279 755 309 782 τὸ
327 755 380 782 πᾶν
394 754 565 790 Χριστιανῶν
576 754 654 788 γένος
675 756 707 781 ἐκ
723 754 772 790 τῆς
784 755 888 781 ἐκείνου
904 755 944 781 δι-

147 801 300 833 δασκαλίας
335 799 464 836 γοητεῦον
499 800 515 836 ἤ
553 800 731 835 φαρμακεῦον
765 800 943 835 κατείληφεη

155 847 228 874 Ἀλλ’
244 847 295 875 οὐκ
318 846 391 874 ἔστιν
410 847 512 873 εἰπεῖν·
530 846 648 881 ἑμπαλιν
668 846 696 872 δὲ
720 846 815 880 λόγους
837 847 944 881 φιλοσό-

149 902 218 928 φους
233 893 335 928 μετιὸν,
349 892 387 924 ὡς
398 892 596 919 ἀποδέδεικται.
618 891 646 918 '0
659 891 691 927 δὴ
709 890 756 919 οὖν
775 893 879 928 ἑτέροις
903 901 943 919 σευ

150 938 220 974 μνοῦ
234 939 286 966 καὶ
306 937 444 974 σώφρονος
468 937 526 973 βίου
548 937 689 969 εὐσεϐείας
701 946 730 964 τε
747 938 797 973 τῆς
813 939 942 965 ἀνωτάτω

148 984 295 1021 παραίτιος
305 985 500 1020 γεγενημένος,
521 984 564 1016 τις
590 983 624 1010 ἂν
641 983 752 1016 ἐνδίκως
767 984 909 1020 νομισθείη
923 985 939 1019 ἢ

149 1031 304 1066 φιλοσόφων
324 1032 343 1058 -ό
365 1030 527 1066 πρώτιστος,
542 1030 589 1056 καὶ
609 1030 730 1056 εὐσεϐῶν
752 1031 855 1066 ἀνδρῶν
869 1031 942 1057 διδά-

149 1077 261 1110 σκαλος
273 1076 384 1112 καὶγὰρ
397 1077 430 1104 ἂν
442 1077 483 1112 εἴη
499 1076 609 1111 βελτίων
622 1076 708 1112 δήπου
722 1077 775 1108 πᾶς
787 1077 801 1102 ὁ
810 1077 942 1103 διδάσκων

148 1122 204 1149 τῶν
231 1122 468 1159 μαθητευομένων.
491 1123 636 1157 Φιλόσοφος
663 1123 735 1159 ἄρα,
762 1123 808 1148 καὶ
833 1123 941 1157 ἀληθῶς

147 1169 275 1204 εὐσεϐὴς,
293 1168 392 1195 πολλοῦ
409 1168 450 1195 δεῖ
463 1168 563 1201 πλάνος
580 1170 627 1196 καὶ
649 1169 724 1204 γόης,
742 1169 891 1205 ὁμολογοῖτ’
908 1169 941 1196 ἂν

147 1215 163 1241 ὁ
178 1215 274 1251 Σωτὴρ
288 1215 336 1242 καὶ
349 1214 450 1250 Κύριος
464 1214 551 1250 ὴμῶν.
569 1216 599 1242 Εἰ
613 1215 645 1252 δὴ
662 1213 707 1242 οὖν
721 1215 823 1241 τοιόσδε
838 1223 879 1246 τις
894 1212 939 1249 ἦν,

148 1261 209 1292 πῶς
221 1260 254 1287 ἂν
267 1260 355 1292 ἄλλως
371 1260 508 1295 ἐπεχείρει
523 1261 582 1292 ταῖς
603 1259 862 1297 θαυματουργίαιςῆ
880 1259 940 1295 Θεία

148 1307 196 1333 καὶ
208 1306 358 1343 ἀπορρήτῳ
370 1306 483 1342 δυνάμει
499 1307 546 1333 καὶ
558 1308 590 1342 τῇ
606 1307 735 1334 ἀνωτάτω
750 1306 814 1342 περὶ
827 1306 872 1332 τοῦ
886 1305 939 1332 τῶν

147 1353 218 1380 ὅλων
231 1352 298 1379 Θεοῦ
313 1353 456 1388 stream-ig;
470 1352 501 1379 ὃν
513 1351 557 1379 οἷα
570 1353 678 1388 Πατέρα
691 1352 778 1387 τιμῶν
793 1352 840 1378 καὶ
854 1352 939 1379 σέϐων

147 1399 184 1426 τὰ
199 1399 316 1435 μάλιστα
330 1399 521 1426 ἀποδείκνυται
544 1400 575 1426 ἐκ
589 1399 642 1425 τῶν
661 1399 726 1435 περὶ
742 1398 824 1425 αὐτοῦ
841 1399 937 1433 λόγων.

153 1445 218 1472 Ἐπὶ
229 1445 356 1472 τοσοῦτον
368 1445 396 1472 δὲ
412 1445 466 1480 ἄρα
479 1445 505 1471 οἳ
519 1453 548 1471 τε
564 1444 683 1480 ἀρχῆθεν
697 1444 772 1479 αὐτῷ
785 1452 938 1479 προσεσχη-

147 1491 229 1522 κότες
245 1489 364 1526 μαθηταὶ
377 1489 470 1521 αὑτοῦ,
483 1490 530 1516 καὶ
540 1489 564 1515 οἱ
581 1489 648 1524 μετὰ
664 1488 750 1515 ταῦτα
764 1488 813 1523 τῆς
828 1488 938 1515 ἐκείνων

146 1536 290 1573 διατρι6ἦς
309 1536 436 1571 διάδοχοι,
453 1534 620 1571 πορρωτάτω
641 1534 845 1570 καθεστήκεσαν
869 1533 938 1568 φαύ-

146 1583 199 1618 λης
211 1583 260 1610 καὶ
277 1583 398 1618 πονηρᾶς
415 1582 552 1612 ὑπονοίας,
563 1581 601 1612 ὼς
614 1581 680 1616 μηδὲ
692 1582 748 1612 τοῖς
764 1580 939 1616 νοσηλευομέ-

147 1638 205 1662 νοις
219 1629 377 1665 ἐπιτρέπειν
390 1627 434 1655 οἷα
449 1628 540 1655 πολλοὶ
558 1627 642 1654 πολλὰ
662 1627 728 1663 δρᾷν
743 1626 937 1662 ἐπιχειροῦσιν,

147 1677 165 1712 ἢ
187 1675 310 1702 πετάλων
327 1675 500 1711 ἐπιγραφαῖς,
517 1674 564 1700 καὶ
582 1673 757 1708 περιάμμασι
779 1672 907 1708 χρῆσθαι,
922 1673 938 1708 ἢ

146 1725 205 1754 τοῖς
217 1722 381 1758 κατεπᾴδειν
395 1720 639 1755 ἐπαγγελλομένοις
651 1719 795 1755 προσέχειν
808 1719 854 1746 τὸν
866 1719 939 1751 νοῦν,

147 1769 165 1805 ἢ
184 1769 267 1805 ῥιζῶν
281 1768 330 1795 καὶ
342 1767 460 1802 βοτανῶν
474 1766 593 1802 θαύμασι
611 1766 657 1792 καί
670 1773 741 1791 τισιν
753 1765 843 1796 ἄλλοις
858 1773 942 1791 τοιου-

146 1815 290 1852 τοτρόποις
324 1813 435 1846 ἀκέσεις
466 1812 522 1840 τῶν
551 1812 645 1838 παθῶν
675 1812 781 1843 ἑαυτοῖς
810 1811 939 1846 πορίζειν.

147 1859 243 1886 Ταῦτα
254 1859 319 1894 γοῦν
333 1858 424 1886 πάντα
436 1858 486 1893 τῆς
496 1856 614 1893 Χριστοῦ
627 1855 801 1887 διδασκαλίας
812 1856 939 1891 ἐξελήλα-

147 1914 194 1933 ται
204 1914 212 1922 ·
226 1905 280 1933 οὐδ’
293 1905 366 1932 ἔστιν
381 1903 491 1930 πώποτε
508 1902 671 1939 Χριστιανὸν
687 1902 858 1937 περιάμματι
873 1901 941 1937 χρώ-

149 1960 231 1988 μενον
254 1950 414 1982 Θεάσασθαι,
432 1949 486 1976 οὐδ’
505 1949 668 1980 ὲπιλαλιαῖς,
685 1948 700 1984 ἢ
723 1947 845 1974 πετάλων
859 1947 940 1974 τινῶν

147 1997 303 2034 περιέργων
325 1996 502 2032 ἐπιγραφαῖς,
527 1994 581 2021 οὐδ’
603 1994 704 2025 ἄλλοις,
721 1990 759 2020 ὧν
778 1993 827 2028 τὴν
843 1993 940 2028 χρῆσιν

147 2045 292 2081 ἀδιάφορον
314 2044 339 2071 οἱ
353 2042 447 2070 πολλοὶ
462 2041 630 2077 νενομίκασι.
647 2040 694 2071 Τίς
707 2038 753 2066 οὖν
775 2040 848 2075 αἱρεῖ
862 2038 941 2072 λόγος

146 2091 211 2123 τοὺς
232 2089 335 2118 τοιοῦδε
351 2088 510 2116 διδασκάλου
526 2087 623 2123 γόητος
636 2087 682 2113 καὶ
698 2086 798 2112 πλάνου
816 2084 939 2121 μαθητὰς

146 2137 288 2173 γεγονέναι
310 2136 449 2172 νομιζειν;
467 2135 522 2162 Καὶ
543 2134 595 2170 μὴν
619 2134 718 2165 παντὸς
734 2131 938 2167 ἐπαγγελλομέ-

146 2193 194 2211 νου
220 2192 248 2210 τι
273 2183 362 2220 μέγας
386 2182 496 2217 ἐλεγχος
520 2182 537 2216 ἡ
564 2180 618 2206 τῶν
646 2178 779 2214 φοιτητῶν
799 2177 936 2204 συνουσία.

149 2231 263 2266 ’Ἄνδρες
283 2229 351 2265 γοῦν
368 2229 486 2263 ἔντεκνοι
501 2227 549 2254 καὶ
569 2226 749 2261 ἐπιστήμονες
763 2225 872 2254 πάντως
886 2231 937 2250 που

145 2277 194 2304 τδν
219 2276 306 2304 αἴτιον
331 2275 422 2306 αὺτοῖς
448 2274 499 2309 τῆς
525 2273 681 2308 ἐπιστήμης
703 2271 770 2298 πολὺ
796 2270 937 2305 κρείττονα
954 2277 975 2304 [)

147 2322 224 2358 σφῶν
245 2321 335 2349 αὐτῶν
362 2317 715 2364 ὲμιεαίνουσινονῶσπεροῦν
745 2315 860 2364 ἰατρικρίἶ
890 2315 937 2350 μὲν

144 2369 196 2404 τῆς
210 2367 258 2395 τοῦ
279 2361 440 2394 διδασκάλου
461 2364 525 2400 περὶ
550 2363 580 2390 τὸ
602 2363 717 2398 μάθημα
743 2361 938 2397 κατορθώσεως

145 2413 202 2442 εἷεν
218 2414 252 2442 ἂν
265 2414 405 2450 μάρτυρες
415 2422 422 2429 ·
437 2412 620 2448 γεωμετρικοὶ
632 2411 660 2438 δὲ
675 2410 720 2436 τὸν
737 2409 855 2444 ἄρχοντα
877 2407 938 2434 τινα

145 2459 226 2488 ἄλλον
240 2459 258 2496 ἢ
281 2459 442 2494 γεωμέτρην
460 2457 676 2494 ὲπιγράψονται;
699 2455 746 2481 καὶ
762 2452 938 2489 ἀριθμητικοὶ

145 2505 193 2532 τδν
213 2503 411 2540 ἀριθμητικόν;
426 2502 504 2529 Κατὰ
521 2502 590 2529 αὐτὰ
606 2501 633 2527 6‘:
656 2500 702 2526 καὶ
727 2499 824 2533 γόητος
842 2497 937 2532 ἀνδρὸς

147 2551 273 2588 μέγιστοι
286 2549 320 2577 ἂν
335 2547 390 2576 εἷεν
405 2549 543 2584 μάρτυρες
555 2548 579 2574 οἱ
593 2545 728 2581 eota-qni.
745 2543 780 2570 τὰ
794 2542 873 2578 ὅμοιά
885 2550 936 2567 που

144 2597 184 2634 τῷ
197 2596 352 2632 διδασκάλῳ
368 2595 416 2623 καὶ
429 2595 505 2621 αὐτοὶ
523 2593 669 2627 μετιόντες.
693 2589 774 2616 Ἀλλὰ
790 2588 877 2634 οὐδείς
894 2596 937 2634 πω

144 2632 281 2671 τοσούτων
297 2636 366 2670 ἐτῶν
381 2641 449 2677 γόης
470 2639 605 2674 πέφανται
624 2637 671 2664 τοῦ
693 2634 779 2670 Ἰησοῦ
803 2632 935 2669 μαθητὴς,

145 2691 233 2718 καίτοι
247 2689 292 2716 διά
309 2687 436 2724 βασάνων
450 2686 546 2722 πείρας
562 2685 616 2711 τῶν
632 2682 702 2710 κατὰ
713 2681 824 2718 χρόνους
840 2679 938 2715 ἡγεμό-

146 2746 198 2764 νων
207 2745 239 2763 τε
252 2735 300 2763 καὶ
316 2733 449 2770 βασιλέων
460 2732 561 2768 ἀκριϐῆ
575 2730 629 2757 τῶν
643 2729 702 2756 καθ’
718 2728 791 2763 ἡμᾶς
807 2725 938 2761 πραγμά-

144 2791 198 2810 των
208 2783 259 2820 τὴν
273 2782 398 2816 ἐξέτασιν
413 2778 616 2814 πεποιημένων.
635 2774 727 2805 Οὕτως
741 2774 769 2800 δὲ
785 2773 838 2820 ἄρα
849 2772 937 2820 esset;

143 2826 178 2864 ἦν
197 2818 277 2865 γόης,
293 2828 333 2860 ὡς
349 2827 492 2862 ἐλεύθερον
517 2823 643 2859 ἀφεῖσθαι
665 2822 712 2848 καὶ
734 2818 936 2865 παντδςῗὲκτὺς

144 2863 264 2903 κινδύνου
281 2874 329 2902 τὸν
339 2873 407 2901 αὐτὸ
423 2872 502 2908 μόνον
515 2871 545 2898 τὸ
562 2870 641 2897 θῦσαι
656 2867 723 2904 πρὸς
736 2865 824 2893 αὐτῶν
842 2863 935 2900 βεϐια-

175 2934 199 2952 "
212 2933 310 2962 Matth.
344 2923 402 2965 xxx,
424 2929 467 2957 12.

998 292 1083 320 tionis
1095 292 1233 326 profundo
1246 299 1373 319 resecare
1383 299 1414 318 ac
1426 300 1542 327 purgare
1550 293 1785 327 jubebatdicensr

1001 347 1010 363 ι
1032 337 1102 364 Sunt
1119 338 1250 369 eunuchi,
1266 338 1312 373 qui
1328 338 1367 364 sic
1387 339 1442 365 nati
1465 343 1529 366 sunt
1544 349 1550 366 :
1565 344 1591 366 et
1615 344 1680 367 sunt
1699 349 1781 368 eunu-

999 384 1055 415 chi,
1073 384 1119 419 qui
1136 384 1200 411 facti
1216 388 1280 411 sunt
1295 384 1330 411 ab
1347 384 1516 415 hominibus.
1532 390 1558 412 et
1576 390 1641 412 sunt
1656 386 1783 418 eunuchi

999 430 1046 464 qui
1074 433 1264 456 castraverunt
1293 429 1399 464 seipsos
1421 435 1532 464 propter
1560 438 1674 466 regnum
1699 432 1783 458 coelo-

999 484 1060 502 rum
1074 476 1107 504 ⁷⁸.
1127 485 1136 502 ›
1151 475 1253 503 Deinde
1267 476 1312 510 qui
1328 476 1511 511 precstigiator
1519 482 1562 505 est
1576 481 1603 504 et
1617 486 1679 506 vere
1694 478 1783 513 populi

999 521 1138 557 deceptor.
1160 523 1251 548 omnia
1269 522 1426 557 aggreditur
1443 527 1524 557 atque
1545 524 1600 559 agit
1615 532 1678 551 cum
1696 524 1784 558 jacta-

999 567 1071 594 tione
1086 568 1128 595 sui
1142 567 1312 602 plerumque,
1328 572 1355 594 et
1363 568 1396 594 ad
1410 569 1541 603 speciem,
1563 578 1618 596 non
1635 569 1668 596 ad
1683 571 1786 597 verita-

997 619 1062 645 tem,
1076 620 1157 650 atque
1175 614 1293 649 amplius
1308 614 1437 649 quiddam
1455 619 1553 650 przeter
1575 622 1688 643 cmteros
1703 624 1786 644 nosse

998 667 1027 687 se
1057 664 1140 695 atque
1167 660 1283 697 habere,
1315 667 1378 687 cum
1413 661 1595 689 ostentatione
1629 663 1784 697 proﬁtetur.

998 712 1166 740 Salvatorem
1178 721 1242 741 vero
1258 712 1457 748 Dominumque
1472 718 1607 748 nostrum,
1625 723 1680 742 non
1693 715 1786 750 gloriae

996 760 1146 795 cupiditate
1159 764 1206 788 aut
1229 761 1385 795 arrogantia
1398 760 1546 792 laborasse,
1564 769 1652 796 neque
1672 761 1706 788 ad
1723 769 1786 796 spe-

995 807 1064 834 ciem
1089 807 1179 842 egisse
1200 815 1260 842 qua:
1279 807 1344 842 egit,
1365 807 1406 834 vel
1427 815 1460 834 ex
1480 807 1514 834 iis
1533 812 1661 835 constare
1683 812 1784 843 potest,

996 860 1068 888 quos
1089 860 1104 879 a
1127 860 1156 880 se
1178 852 1289 879 sanitati
1313 853 1466 884 restitutos,
1487 853 1600 888 jubebat
1620 854 1722 881 nemini
1742 854 1786 881 di-

995 907 1068 932 cere,
1085 907 1174 934 ucque
1190 899 1310 934 seipsum
1335 899 1362 926 in
1382 900 1481 935 vulgus
1501 900 1628 935 prodere,
1651 901 1733 928 etiam
1750 909 1786 929 ex

995 953 1029 973 co
1048 945 1122 980 quod
1141 945 1168 972 in
1183 945 1323 972 montibus
1339 946 1500 980 plerumque
1513 946 1634 981 degeret,
1647 950 1673 974 et
1689 947 1786 974 solitu-

995 992 1074 1019 dines
1096 992 1124 1018 in
1148 991 1181 1019 iis
1202 991 1270 1019 locis
1291 996 1454 1024 sectaretur,
1478 991 1640 1027 fugeretque
1664 993 1784 1021 urbanas

995 1038 1079 1072 vulgi,
1096 1045 1157 1073 quae
1171 1045 1271 1065 nocere
1285 1045 1472 1072 saepenumero
1489 1038 1590 1070 solent,
1605 1038 1785 1066 consuetudi-

996 1091 1054 1111 nes.
1073 1083 1101 1110 Si
1120 1084 1213 1119 igitur,
1233 1091 1322 1118 neque
1345 1084 1455 1118 glorire,
1481 1092 1570 1119 neque
1588 1084 1783 1119 pecuniarum,

995 1138 1083 1165 neque
1094 1130 1242 1164 voluptatis
1257 1138 1339 1157 causa
1356 1130 1484 1157 docuisse
1499 1130 1574 1157 illum
1587 1134 1706 1163 constat,
1721 1131 1784 1166 quis

994 1180 1125 1209 praeterea
1138 1180 1264 1210 superest
1284 1176 1427 1203 calumniae
1444 1178 1531 1208 locus,
1547 1184 1601 1211 qua
1616 1180 1645 1203 ut
1656 1176 1785 1211 deceptor

994 1229 1026 1248 ac
1048 1222 1233 1256 praestigiator
1248 1222 1410 1249 accusetur?
1427 1221 1478 1249 Sed
1497 1222 1553 1250 lucc
1573 1230 1682 1257 quoque
1694 1222 1785 1250 videa-

994 1275 1176 1303 mus,qua:so.
1190 1267 1254 1295 ltem
1271 1268 1454 1304 praastigiator
1467 1269 1512 1295 ubi
1530 1268 1598 1296 alios
1613 1276 1663 1296 sua
1679 1268 1783 1296 malitia

994 1320 1177 1355 imbuit,quos
1188 1321 1297 1348 tandem
1314 1322 1386 1348 viros
1401 1322 1462 1348 illos
1478 1320 1587 1348 reddit?
1604 1321 1699 1349 Nonne
1713 1329 1782 1356 pra:-

994 1367 1159 1402 stigiatores,
1175 1367 1344 1398 seductores.
1360 1368 1506 1399 veneﬁcos,
1524 1367 1576 1394 sibi
1590 1368 1641 1402 ipsi
1653 1367 1782 1395 omnibus

993 1422 1053 1449 qua:
1062 1417 1142 1449 agant
1156 1413 1278 1441 similes?
1293 1413 1360 1446 Quis
1375 1414 1458 1449 igitur
1474 1421 1593 1449 unquam
1609 1421 1690 1441 omne
1703 1413 1784 1441 Chri-

993 1462 1145 1488 stianorum
1159 1468 1245 1495 genus
1261 1460 1333 1495 quod
1351 1461 1385 1488 ab
1405 1461 1478 1489 illitis
1495 1461 1618 1488 doctrina
1631 1459 1782 1495 profectum

992 1511 1044 1537 est,
1058 1511 1103 1533 aut
1119 1506 1265 1541 praestigiis
1278 1510 1367 1538 utens,
1380 1510 1426 1533 aut
1440 1506 1578 1533 veneﬁciis
1587 1505 1784 1541 deprehendit?

995 1553 1074 1587 127
1091 1551 1178 1579 Nemo
1190 1553 1298 1587 quidem
1312 1553 1363 1579 hoc
1377 1552 1476 1579 dixerit
1493 1561 1498 1579 :
1515 1556 1542 1578 at
1556 1557 1662 1582 contra.
1676 1551 1784 1578 incum-

953 1607 974 1635 ρ
992 1598 1059 1625 hens
1079 1599 1105 1625 in
1121 1606 1262 1626 sermones
1275 1603 1464 1633 prmceptaque
1479 1598 1627 1632 sapientia,
1645 1599 1711 1626 sane
1734 1597 1784 1625 de-

992 1644 1141 1679 prehendet
1154 1644 1200 1679 qui
1217 1644 1300 1677 volet,
1316 1649 1345 1671 ut
1367 1644 1586 1672 demonstratum
1600 1647 1651 1671 est.
1663 1643 1715 1676 Qui
1731 1643 1783 1678 igi-

992 1697 1036 1719 tur
1051 1693 1112 1720 aliis
1136 1700 1238 1720 severae
1263 1696 1399 1727 eastmque
1410 1693 1482 1725 vitae,
1499 1700 1531 1719 ac
1546 1699 1660 1719 summae
1672 1692 1783 1726 pietatis

991 1742 1087 1764 auctor
1095 1738 1211 1770 exstitit,
1226 1737 1353 1772 quisnam
1369 1737 1467 1764 merito
1479 1737 1645 1768 censebitur,
1657 1736 1711 1764 nisi
1721 1737 1781 1771 pbi-

992 1783 1169 1817 losophorum
1199 1782 1316 1818 primus,
1344 1787 1370 1810 et
1384 1782 1494 1817 pietatis
1513 1782 1708 1817 religionisque
1720 1789 1780 1808 ma—

991 1830 1093 1864 gister?
1107 1828 1241 1863 siquidem
1257 1829 1281 1856 is
1295 1828 1341 1863 qui
1354 1828 1444 1860 docet,
1462 1828 1567 1862 absque
1590 1827 1779 1855 controversia

991 1875 1163 1910 pnestantior
1178 1882 1259 1909 quam
1271 1874 1289 1901 ii
1301 1874 1348 1909 qui
1359 1874 1502 1901 docentur.
1517 1873 1699 1909 Philosophus
1715 1881 1781 1909 ergo

991 1936 1107 1963 vereque
1127 1929 1199 1962 pius,
1212 1935 1347 1962 nusquam
1359 1933 1424 1954 vero
1449 1926 1578 1954 seductor
1589 1945 1596 1958 ,
1613 1929 1661 1952 aut
1673 1926 1780 1961 prmsti-

990 1974 1139 2009 giatordici
1164 1974 1263 2009 poterit
1282 1972 1408 1999 Salvator
1423 1979 1455 1999 ac
1471 1971 1603 2000 Dominus
1620 1977 1722 1999 noster.
1750 1971 1779 1999 Si

991 2021 1074 2055 igitur
1100 2020 1163 2048 talis
1194 2019 1245 2047 fuit
1266 2020 1373 2054 qualem
1392 2018 1574 2050 ostendimus,
1599 2025 1653 2053 qua
1669 2019 1779 2045 tandem

991 2066 1043 2092 alia
1056 2066 1162 2093 ratione
1175 2065 1306 2092 miracula
1328 2064 1449 2092 edidisse
1464 2063 1536 2092 credi
1552 2067 1653 2098 potest,
1671 2064 1725 2091 nisi
1736 2063 1779 2090 di-

990 2114 1051 2139 vina
1065 2113 1181 2147 quadam
1195 2112 1329 2147 nobisque
1353 2111 1443 2146 ignota
1469 2110 1580 2141 virtute,
1596 2117 1779 2146 supremaque

989 2167 1052 2194 erga
1067 2159 1150 2186 Deum
1167 2158 1287 2186 universi
1303 2158 1419 2192 pietate?
1435 2157 1522 2190 Quem
1534 2156 1607 2191 quod
1624 2160 1653 2183 ut
1673 2156 1778 2184 Patrem

988 2209 1166 2232 veneraretur
1179 2209 1206 2232 et
1220 2205 1331 2237 coleret,
1349 2207 1461 2238 apparet
1470 2211 1502 2229 ex
1518 2202 1552 2230 iis
1567 2202 1594 2229 in
1606 2202 1702 2237 primis
1715 2209 1776 2237 qua:

989 2251 1022 2278 de
1035 2251 1081 2278 illo
1095 2251 1202 2278 locutus
1225 2254 1277 2278 est.
1301 2249 1419 2276 Tantum
1437 2256 1502 2283 ergo
1517 2248 1604 2279 abest,
1620 2251 1650 2274 ut
1674 2247 1720 2282 qui
1739 2247 1777 2274 illi

991 2299 1024 2325 ab
1035 2297 1112 2324 initio
1136 2297 1309 2324 adhaeserunt
1328 2295 1467 2330 discipuli,
1491 2299 1516 2321 et
1535 2294 1581 2329 qui
1595 2293 1709 2328 posthac
1724 2292 1778 2320 illis

989 2343 1131 2378 discipulis
1147 2349 1318 2372 successere,
1339 2341 1372 2368 ab
1390 2341 1499 2367 illorum
1521 2338 1718 2366 consuetudine
1736 2338 1778 2364 in-

989 2396 1109 2428 formati,
1128 2403 1219 2431 pravze
1233 2395 1371 2422 alicuiaut
1384 2393 1545 2429 perniciosae
1566 2391 1716 2426 suspicioni
1729 2389 1777 2416 ob-

988 2444 1062 2470 noxii
1079 2441 1196 2470 habendi
1211 2442 1282 2473 sint,
1299 2445 1326 2468 ut
1341 2449 1375 2467 ne
1387 2439 1583 2475 aegrotantibus
1597 2437 1707 2472 quidem
1719 2444 1778 2471 per-

987 2489 1105 2521 mittant,
1119 2488 1198 2516 siculi
1218 2487 1303 2514 multa
1326 2487 1403 2513 mulli
1418 2486 1524 2513 edicere
1547 2487 1703 2514 conantur,
1731 2487 1776 2509 aut

988 2535 1115 2563 foliorum
1131 2533 1357 2568 inscriptionibus
1369 2552 1377 2565 ,
1400 2530 1655 2566 colligatiouibusve
1668 2529 1719 2560 uti,
1730 2532 1776 2555 aut

987 2590 1035 2610 eos
1051 2582 1097 2617 qui
1114 2590 1143 2609 se
1158 2582 1345 2609 incantatur-os
1376 2579 1539 2614 proﬁtentur
1560 2576 1711 2606 attendere,
1729 2578 1776 2601 aut

987 2628 1110 2655 radicum
1133 2627 1335 2661 herbarumque
1366 2622 1632 2658 sul‘i‘umigationihus
1649 2641 1656 2653 ,
1680 2621 1775 2648 aliisve

986 2674 1108 2709 ejusdem
1125 2673 1232 2708 generis
1245 2671 1396 2700 nonnullis.
1412 2669 1532 2696 medelas
1546 2667 1598 2695 sibi
1617 2667 1775 2694 morborum

987 2720 1128 2748 suﬁicere:
1147 2719 1204 2746 haec
1223 2724 1341 2751 namque
1365 2715 1456 2742 omnia
1480 2721 1495 2740 a
1522 2713 1625 2740 Christi
1651 2712 1775 2739 doctrina

986 2766 1098 2793 exclusa
1123 2768 1309 2797 suntzneque
1335 2768 1456 2795 unquam
1481 2759 1582 2786 intueri
1603 2757 1679 2785 licuit
1695 2756 1776 2784 Chri-

986 2811 1108 2839 stianum
1135 2810 1182 2845 qui
1199 2809 1371 2844 colligationc
1398 2811 1529 2838 uteretur,
1546 2812 1635 2840 neque
1661 2802 1774 2838 magicis

986 2857 1190 2895 nugatlouibus,
1202 2864 1289 2892 neque
1301 2855 1428 2883 foliorum
1440 2851 1618 2889 quorumdam
1631 2848 1774 2878 laboriosis
