  <div class='ocr_page' id='page_1' title='image "/cluster/home/n/w/nwhite01/storage/ocr_20150623/22/njp.32101077772497/153.png"; bbox 0 0 2071 3219; ppageno 0'>
   <div class='ocr_carea' id='block_1_1' title="bbox 287 161 341 189">
    <p class='ocr_par' dir='ltr' id='par_1_1' title="bbox 287 161 341 189">
     <span class='ocr_line' id='line_1_1' title="bbox 287 161 341 189; baseline 0 0"><span class='ocrx_word' id='word_1_1' title='bbox 287 161 341 189; x_wconf 73' lang='grc' dir='ltr'><strong>ΞΞῚ</strong></span> 
     </span>
    </p>
   </div>
   <div class='ocr_carea' id='block_1_2' title="bbox 606 152 1601 186">
    <p class='ocr_par' dir='ltr' id='par_1_2' title="bbox 606 152 1601 186">
     <span class='ocr_line' id='line_1_2' title="bbox 606 152 1601 186; baseline -0.007 1"><span class='ocrx_word' id='word_1_2' title='bbox 606 159 740 186; x_wconf 82' lang='lat' dir='ltr'><strong>EUSEBII</strong></span> <span class='ocrx_word' id='word_1_3' title='bbox 760 156 1000 186; x_wconf 70' lang='lat' dir='ltr'><strong>CA-ZSARIENSIS</strong></span> <span class='ocrx_word' id='word_1_4' title='bbox 1020 155 1097 184; x_wconf 83' lang='lat' dir='ltr'><strong>OPP.</strong></span> <span class='ocrx_word' id='word_1_5' title='bbox 1118 154 1219 182; x_wconf 75' lang='lat' dir='ltr'><strong>PARS.</strong></span> <span class='ocrx_word' id='word_1_6' title='bbox 1242 153 1275 180; x_wconf 87' lang='lat' dir='ltr'><strong>ll.</strong></span> <span class='ocrx_word' id='word_1_7' title='bbox 1295 169 1331 173; x_wconf 88' lang='lat'><strong><em>—-</em></strong></span> <span class='ocrx_word' id='word_1_8' title='bbox 1350 152 1601 181; x_wconf 78' lang='lat' dir='ltr'><strong>APOLOGETICA.</strong></span> 
     </span>
    </p>
   </div>
   <div class='ocr_carea' id='block_1_3' title="bbox 1870 154 1926 182">
    <p class='ocr_par' dir='ltr' id='par_1_3' title="bbox 1870 154 1926 182">
     <span class='ocr_line' id='line_1_3' title="bbox 1870 154 1926 182; baseline 0 0"><span class='ocrx_word' id='word_1_9' title='bbox 1870 154 1926 182; x_wconf 68' lang='lat'><strong>2‘38</strong></span> 
     </span>
    </p>
   </div>
   <div class='ocr_carea' id='block_1_4' title="bbox 286 210 1076 255">
    <p class='ocr_par' dir='ltr' id='par_1_4' title="bbox 286 217 1076 255">
     <span class='ocr_line' id='line_1_4' title="bbox 286 217 1076 255; baseline -0.009 -7"><span class='ocrx_word' id='word_1_10' title='bbox 286 220 527 255; x_wconf 86' lang='lat' dir='ltr'><strong>mscriptionibus,</strong></span> <span class='ocrx_word' id='word_1_11' title='bbox 549 227 639 253; x_wconf 87' lang='lat' dir='ltr'><strong>neque</strong></span> <span class='ocrx_word' id='word_1_12' title='bbox 663 218 768 245; x_wconf 73' lang='lat' dir='ltr'><strong>caeteris</strong></span> <span class='ocrx_word' id='word_1_13' title='bbox 791 217 939 248; x_wconf 79' lang='lat' dir='ltr'><strong>similibus,</strong></span> <span class='ocrx_word' id='word_1_14' title='bbox 961 222 1076 250; x_wconf 89' lang='lat' dir='ltr'><strong>quorum</strong></span> 
     </span>
    </p>
   </div>
   <div class='ocr_carea' id='block_1_5' title="bbox 1127 210 1924 255">
    <p class='ocr_par' dir='ltr' id='par_1_5' title="bbox 1131 210 1924 248">
     <span class='ocr_line' id='line_1_5' title="bbox 1131 210 1924 248; baseline -0.003 -8"><span class='ocrx_word' id='word_1_15' title='bbox 1131 214 1240 248; x_wconf 76' lang='grc' dir='ltr'>σμένον.</span> <span class='ocrx_word' id='word_1_16' title='bbox 1266 212 1296 238; x_wconf 82' lang='grc' dir='ltr'>Εἰ</span> <span class='ocrx_word' id='word_1_17' title='bbox 1314 212 1341 238; x_wconf 80' lang='grc' dir='ltr'><strong>δὲ</strong></span> <span class='ocrx_word' id='word_1_18' title='bbox 1359 212 1451 242; x_wconf 52' lang='lat' dir='ltr'><strong>eia—tl;</strong></span> <span class='ocrx_word' id='word_1_19' title='bbox 1470 210 1580 237; x_wconf 82' lang='grc' dir='ltr'>πώποτε</span> <span class='ocrx_word' id='word_1_20' title='bbox 1603 210 1656 237; x_wconf 84' lang='grc' dir='ltr'>τῶν</span> <span class='ocrx_word' id='word_1_21' title='bbox 1680 210 1741 237; x_wconf 80' lang='grc' dir='ltr'>καθ’</span> <span class='ocrx_word' id='word_1_22' title='bbox 1764 211 1838 246; x_wconf 74' lang='grc' dir='ltr'>ἡμᾶς</span> <span class='ocrx_word' id='word_1_23' title='bbox 1861 211 1924 238; x_wconf 83' lang='grc' dir='ltr'>οὗτε</span> 
     </span>
    </p>
   </div>
   <div class='ocr_carea' id='block_1_6' title="bbox 288 261 1078 299">
    <p class='ocr_par' dir='ltr' id='par_1_6' title="bbox 288 261 1078 299">
     <span class='ocr_line' id='line_1_6' title="bbox 288 261 1078 299; baseline -0.01 -5"><span class='ocrx_word' id='word_1_24' title='bbox 288 275 368 294; x_wconf 91' lang='lat' dir='ltr'><strong>usum</strong></span> <span class='ocrx_word' id='word_1_25' title='bbox 384 266 582 293; x_wconf 76' lang='lat' dir='ltr'><strong>indifferentem</strong></span> <span class='ocrx_word' id='word_1_26' title='bbox 599 265 721 299; x_wconf 95' lang='lat' dir='ltr'><strong>plerique</strong></span> <span class='ocrx_word' id='word_1_27' title='bbox 747 264 917 290; x_wconf 71' lang='lat' dir='ltr'><strong>arbitrantur</strong></span> <span class='ocrx_word' id='word_1_28' title='bbox 935 269 1016 296; x_wconf 69' lang='lat' dir='ltr'><strong>:qum</strong></span> <span class='ocrx_word' id='word_1_29' title='bbox 1028 261 1078 295; x_wconf 79' lang='lat' dir='ltr'><strong>igi-</strong></span> 
     </span>
    </p>
   </div>
   <div class='ocr_carea' id='block_1_7' title="bbox 286 306 1079 348">
    <p class='ocr_par' dir='ltr' id='par_1_7' title="bbox 286 306 1079 348">
     <span class='ocr_line' id='line_1_7' title="bbox 286 306 1079 348; baseline -0.009 -9"><span class='ocrx_word' id='word_1_30' title='bbox 286 317 332 339; x_wconf 94' lang='lat' dir='ltr'><strong>tur</strong></span> <span class='ocrx_word' id='word_1_31' title='bbox 343 319 462 348; x_wconf 85' lang='lat' dir='ltr'><strong>unquam</strong></span> <span class='ocrx_word' id='word_1_32' title='bbox 477 311 548 338; x_wconf 89' lang='lat' dir='ltr'><strong>ratio</strong></span> <span class='ocrx_word' id='word_1_33' title='bbox 558 311 712 341; x_wconf 82' lang='lat' dir='ltr'><strong>convincet,</strong></span> <span class='ocrx_word' id='word_1_34' title='bbox 729 314 757 336; x_wconf 91' lang='lat' dir='ltr'><strong>ut</strong></span> <span class='ocrx_word' id='word_1_35' title='bbox 770 309 815 343; x_wconf 90' lang='lat' dir='ltr'><strong>qui</strong></span> <span class='ocrx_word' id='word_1_36' title='bbox 827 309 889 335; x_wconf 83' lang='lat' dir='ltr'><strong>talis</strong></span> <span class='ocrx_word' id='word_1_37' title='bbox 905 306 1079 342; x_wconf 57' lang='lat' dir='ltr'><strong>praeceptoris</strong></span> 
     </span>
    </p>
   </div>
   <div class='ocr_carea' id='block_1_8' title="bbox 286 351 1076 394">
    <p class='ocr_par' dir='ltr' id='par_1_8' title="bbox 286 351 1076 394">
     <span class='ocr_line' id='line_1_8' title="bbox 286 351 1076 394; baseline -0.01 -8"><span class='ocrx_word' id='word_1_38' title='bbox 286 359 414 394; x_wconf 86' lang='lat' dir='ltr'><strong>discipuli</strong></span> <span class='ocrx_word' id='word_1_39' title='bbox 430 357 543 388; x_wconf 77' lang='lat' dir='ltr'><strong>fuerint,</strong></span> <span class='ocrx_word' id='word_1_40' title='bbox 557 356 764 391; x_wconf 71' lang='lat' dir='ltr'><strong>prmstigiatoris</strong></span> <span class='ocrx_word' id='word_1_41' title='bbox 779 358 826 381; x_wconf 90' lang='lat' dir='ltr'><strong>aut</strong></span> <span class='ocrx_word' id='word_1_42' title='bbox 849 353 1006 388; x_wconf 89' lang='lat' dir='ltr'><strong>impostoris</strong></span> <span class='ocrx_word' id='word_1_43' title='bbox 1032 351 1076 378; x_wconf 86' lang='lat' dir='ltr'><strong>di-</strong></span> 
     </span>
    </p>
   </div>
   <div class='ocr_carea' id='block_1_9' title="bbox 286 396 1079 438">
    <p class='ocr_par' dir='ltr' id='par_1_9' title="bbox 286 396 1079 438">
     <span class='ocr_line' id='line_1_9' title="bbox 286 396 1079 438; baseline -0.01 -7"><span class='ocrx_word' id='word_1_44' title='bbox 286 404 386 438; x_wconf 89' lang='lat' dir='ltr'><strong>scipuli</strong></span> <span class='ocrx_word' id='word_1_45' title='bbox 402 403 487 430; x_wconf 87' lang='lat' dir='ltr'><strong>fuisse</strong></span> <span class='ocrx_word' id='word_1_46' title='bbox 496 401 671 437; x_wconf 85' lang='lat' dir='ltr'><strong>judicentur?</strong></span> <span class='ocrx_word' id='word_1_47' title='bbox 680 400 756 435; x_wconf 89' lang='lat' dir='ltr'><strong>atqui</strong></span> <span class='ocrx_word' id='word_1_48' title='bbox 771 400 860 434; x_wconf 85' lang='lat' dir='ltr'><strong>qualis</strong></span> <span class='ocrx_word' id='word_1_49' title='bbox 872 399 907 426; x_wconf 90' lang='lat' dir='ltr'><strong>sit</strong></span> <span class='ocrx_word' id='word_1_50' title='bbox 916 398 1004 424; x_wconf 87' lang='lat' dir='ltr'><strong>omnis</strong></span> <span class='ocrx_word' id='word_1_51' title='bbox 1018 396 1079 432; x_wconf 88' lang='lat' dir='ltr'><strong>qui-</strong></span> 
     </span>
    </p>
   </div>
   <div class='ocr_carea' id='block_1_10' title="bbox 283 440 1748 487">
    <p class='ocr_par' dir='ltr' id='par_1_10' title="bbox 283 440 1748 487">
     <span class='ocr_line' id='line_1_10' title="bbox 283 440 1748 487; baseline -0.008 -8"><span class='ocrx_word' id='word_1_52' title='bbox 283 460 394 487; x_wconf 86' lang='lat' dir='ltr'><strong>cunque</strong></span> <span class='ocrx_word' id='word_1_53' title='bbox 413 450 514 485; x_wconf 85' lang='lat' dir='ltr'><strong>aliquid</strong></span> <span class='ocrx_word' id='word_1_54' title='bbox 528 450 696 485; x_wconf 86' lang='lat' dir='ltr'><strong>proﬁteatur,</strong></span> <span class='ocrx_word' id='word_1_55' title='bbox 709 449 785 475; x_wconf 87' lang='lat' dir='ltr'><strong>nulla</strong></span> <span class='ocrx_word' id='word_1_56' title='bbox 799 455 843 475; x_wconf 88' lang='lat' dir='ltr'><strong>res</strong></span> <span class='ocrx_word' id='word_1_57' title='bbox 868 446 1022 474; x_wconf 81' lang='lat' dir='ltr'><strong>evidentius</strong></span> <span class='ocrx_word' id='word_1_58' title='bbox 1049 444 1217 479; x_wconf 90' lang='lat' dir='ltr'><strong>probaverit,</strong></span> <span class='ocrx_word' id='word_1_59' title='bbox 1244 449 1328 478; x_wconf 89' lang='lat' dir='ltr'><strong>quam</strong></span> <span class='ocrx_word' id='word_1_60' title='bbox 1353 441 1552 476; x_wconf 84' lang='lat' dir='ltr'><strong>discipulorum</strong></span> <span class='ocrx_word' id='word_1_61' title='bbox 1576 440 1748 469; x_wconf 80' lang='lat' dir='ltr'><strong>consuetudo</strong></span> 
     </span>
    </p>
   </div>
   <div class='ocr_carea' id='block_1_11' title="bbox 1132 255 1926 292">
    <p class='ocr_par' dir='ltr' id='par_1_11' title="bbox 1132 255 1926 292">
     <span class='ocr_line' id='line_1_11' title="bbox 1132 255 1926 292; baseline -0.003 -7"><span class='ocrx_word' id='word_1_62' title='bbox 1132 260 1186 285; x_wconf 81' lang='grc' dir='ltr'>τῶν</span> <span class='ocrx_word' id='word_1_63' title='bbox 1207 257 1327 284; x_wconf 82' lang='grc' dir='ltr'>παλαιῶν</span> <span class='ocrx_word' id='word_1_64' title='bbox 1344 257 1455 283; x_wconf 75' lang='grc' dir='ltr'>ἐκείνων</span> <span class='ocrx_word' id='word_1_65' title='bbox 1478 257 1525 282; x_wconf 75' lang='grc' dir='ltr'>τοῦ</span> <span class='ocrx_word' id='word_1_66' title='bbox 1546 255 1632 291; x_wconf 83' lang='grc' dir='ltr'><strong>Ἰησοῦ</strong></span> <span class='ocrx_word' id='word_1_67' title='bbox 1655 255 1783 291; x_wconf 77' lang='grc' dir='ltr'><strong>μαθητῶν</strong></span> <span class='ocrx_word' id='word_1_68' title='bbox 1797 257 1926 292; x_wconf 76' lang='grc' dir='ltr'><strong>γοητείας</strong></span> 
     </span>
    </p>
   </div>
   <div class='ocr_carea' id='block_1_12' title="bbox 1132 299 1924 340">
    <p class='ocr_par' dir='ltr' id='par_1_12' title="bbox 1132 299 1924 340">
     <span class='ocr_line' id='line_1_12' title="bbox 1132 299 1924 340; baseline -0.001 -10"><span class='ocrx_word' id='word_1_69' title='bbox 1132 305 1199 340; x_wconf 72' lang='grc' dir='ltr'>ἥλω,</span> <span class='ocrx_word' id='word_1_70' title='bbox 1215 303 1275 330; x_wconf 76' lang='grc' dir='ltr'><strong>οὐδὲ</strong></span> <span class='ocrx_word' id='word_1_71' title='bbox 1291 305 1305 329; x_wconf 85' lang='grc' dir='ltr'>ὁ</span> <span class='ocrx_word' id='word_1_72' title='bbox 1322 301 1485 333; x_wconf 75' lang='grc' dir='ltr'><strong>Διδάσκαλος</strong></span> <span class='ocrx_word' id='word_1_73' title='bbox 1499 299 1532 337; x_wconf 78' lang='grc' dir='ltr'>ἦν</span> <span class='ocrx_word' id='word_1_74' title='bbox 1552 302 1606 337; x_wconf 83' lang='grc' dir='ltr'>ἄρα</span> <span class='ocrx_word' id='word_1_75' title='bbox 1619 301 1748 333; x_wconf 75' lang='grc' dir='ltr'>τοιοῦτος.</span> <span class='ocrx_word' id='word_1_76' title='bbox 1761 302 1818 328; x_wconf 71' lang='grc' dir='ltr'><strong>Ἵνα</strong></span> <span class='ocrx_word' id='word_1_77' title='bbox 1839 302 1868 329; x_wconf 76' lang='grc' dir='ltr'><strong>δὲ</strong></span> <span class='ocrx_word' id='word_1_78' title='bbox 1885 303 1924 338; x_wconf 79' lang='grc' dir='ltr'>μὴ</span> 
     </span>
    </p>
   </div>
   <div class='ocr_carea' id='block_1_13' title="bbox 1133 346 1925 384">
    <p class='ocr_par' dir='ltr' id='par_1_13' title="bbox 1133 346 1925 384">
     <span class='ocr_line' id='line_1_13' title="bbox 1133 346 1925 384; baseline -0.003 -9"><span class='ocrx_word' id='word_1_79' title='bbox 1133 350 1162 382; x_wconf 73' lang='grc' dir='ltr'>ἐξ</span> <span class='ocrx_word' id='word_1_80' title='bbox 1177 348 1308 384; x_wconf 66' lang='grc' dir='ltr'>ἀγράφων</span> <span class='ocrx_word' id='word_1_81' title='bbox 1324 348 1338 373; x_wconf 79' lang='grc' dir='ltr'>ὁ</span> <span class='ocrx_word' id='word_1_82' title='bbox 1352 347 1428 380; x_wconf 78' lang='grc' dir='ltr'>λόγος</span> <span class='ocrx_word' id='word_1_83' title='bbox 1446 346 1524 381; x_wconf 84' lang='grc' dir='ltr'>ἡμῶν</span> <span class='ocrx_word' id='word_1_84' title='bbox 1536 346 1632 378; x_wconf 76' lang='grc' dir='ltr'>ὁδεύοι,</span> <span class='ocrx_word' id='word_1_85' title='bbox 1650 346 1728 381; x_wconf 77' lang='grc' dir='ltr'>δέχου</span> <span class='ocrx_word' id='word_1_86' title='bbox 1750 346 1799 378; x_wconf 80' lang='grc' dir='ltr'><strong>τὰς</strong></span> <span class='ocrx_word' id='word_1_87' title='bbox 1816 347 1925 374; x_wconf 82' lang='grc' dir='ltr'>ἀποδεί-</span> 
     </span>
    </p>
   </div>
   <div class='ocr_carea' id='block_1_14' title="bbox 1135 392 1613 429">
    <p class='ocr_par' dir='ltr' id='par_1_14' title="bbox 1135 392 1613 429">
     <span class='ocr_line' id='line_1_14' title="bbox 1135 392 1613 429; baseline -0.006 -8"><span class='ocrx_word' id='word_1_88' title='bbox 1135 395 1188 427; x_wconf 80' lang='grc' dir='ltr'>ξεις</span> <span class='ocrx_word' id='word_1_89' title='bbox 1203 395 1249 421; x_wconf 77' lang='grc' dir='ltr'>καὶ</span> <span class='ocrx_word' id='word_1_90' title='bbox 1262 393 1316 422; x_wconf 79' lang='grc' dir='ltr'><strong>ἀπὸ</strong></span> <span class='ocrx_word' id='word_1_91' title='bbox 1330 393 1450 429; x_wconf 76' lang='grc' dir='ltr'>ἱστορίας</span> <span class='ocrx_word' id='word_1_92' title='bbox 1464 392 1613 428; x_wconf 71' lang='grc' dir='ltr'>ἐγγράφου.</span> 
     </span>
    </p>
   </div>
   <div class='ocr_carea' id='block_1_15' title="bbox 1778 441 1924 469">
    <p class='ocr_par' dir='ltr' id='par_1_15' title="bbox 1778 441 1924 469">
     <span class='ocr_line' id='line_1_15' title="bbox 1778 441 1924 469; baseline 0.014 -2"><span class='ocrx_word' id='word_1_93' title='bbox 1778 449 1785 467; x_wconf 93' lang='lat'>:</span> <span class='ocrx_word' id='word_1_94' title='bbox 1814 448 1876 468; x_wconf 89' lang='lat' dir='ltr'><strong>nam</strong></span> <span class='ocrx_word' id='word_1_95' title='bbox 1899 441 1924 469; x_wconf 89' lang='lat' dir='ltr'><strong>si</strong></span> 
     </span>
    </p>
   </div>
   <div class='ocr_carea' id='block_1_16' title="bbox 283 487 1923 529">
    <p class='ocr_par' dir='ltr' id='par_1_16' title="bbox 283 487 1923 529">
     <span class='ocr_line' id='line_1_16' title="bbox 283 487 1923 529; baseline -0.006 -5"><span class='ocrx_word' id='word_1_96' title='bbox 283 498 338 525; x_wconf 91' lang='lat' dir='ltr'><strong>viri</strong></span> <span class='ocrx_word' id='word_1_97' title='bbox 354 498 410 526; x_wconf 89' lang='lat' dir='ltr'><strong>sint</strong></span> <span class='ocrx_word' id='word_1_98' title='bbox 429 497 533 524; x_wconf 87' lang='lat' dir='ltr'><strong>artibus</strong></span> <span class='ocrx_word' id='word_1_99' title='bbox 550 500 578 522; x_wconf 91' lang='lat' dir='ltr'><strong>et</strong></span> <span class='ocrx_word' id='word_1_100' title='bbox 604 495 730 522; x_wconf 82' lang='lat' dir='ltr'><strong>scientiis</strong></span> <span class='ocrx_word' id='word_1_101' title='bbox 753 494 872 529; x_wconf 60' lang='lat' dir='ltr'><strong>praediti,</strong></span> <span class='ocrx_word' id='word_1_102' title='bbox 891 492 1014 528; x_wconf 89' lang='lat' dir='ltr'><strong>profecto</strong></span> <span class='ocrx_word' id='word_1_103' title='bbox 1026 491 1075 526; x_wconf 91' lang='lat' dir='ltr'><strong>qui</strong></span> <span class='ocrx_word' id='word_1_104' title='bbox 1096 491 1164 525; x_wconf 87' lang='lat' dir='ltr'><strong>ipsis</strong></span> <span class='ocrx_word' id='word_1_105' title='bbox 1186 489 1322 524; x_wconf 80' lang='lat' dir='ltr'><strong>ejusmodi</strong></span> <span class='ocrx_word' id='word_1_106' title='bbox 1341 489 1442 515; x_wconf 84' lang='lat' dir='ltr'><strong>artium</strong></span> <span class='ocrx_word' id='word_1_107' title='bbox 1456 492 1484 515; x_wconf 92' lang='lat' dir='ltr'><strong>et</strong></span> <span class='ocrx_word' id='word_1_108' title='bbox 1507 487 1687 515; x_wconf 86' lang='lat' dir='ltr'><strong>scientiarum</strong></span> <span class='ocrx_word' id='word_1_109' title='bbox 1711 491 1807 514; x_wconf 83' lang='lat' dir='ltr'><strong>auctor</strong></span> <span class='ocrx_word' id='word_1_110' title='bbox 1829 487 1923 520; x_wconf 81' lang='lat' dir='ltr'><strong>fuerit,</strong></span> 
     </span>
    </p>
   </div>
   <div class='ocr_carea' id='block_1_17' title="bbox 284 534 1925 578">
    <p class='ocr_par' dir='ltr' id='par_1_17' title="bbox 284 534 1925 578">
     <span class='ocr_line' id='line_1_17' title="bbox 284 534 1925 578; baseline -0.007 -7"><span class='ocrx_word' id='word_1_111' title='bbox 284 551 347 572; x_wconf 90' lang='lat' dir='ltr'><strong>eum</strong></span> <span class='ocrx_word' id='word_1_112' title='bbox 366 543 444 578; x_wconf 74' lang='lat' dir='ltr'><strong>longe</strong></span> <span class='ocrx_word' id='word_1_113' title='bbox 469 550 499 570; x_wconf 86' lang='lat' dir='ltr'><strong>se</strong></span> <span class='ocrx_word' id='word_1_114' title='bbox 523 542 591 576; x_wconf 87' lang='lat' dir='ltr'><strong>ipsis</strong></span> <span class='ocrx_word' id='word_1_115' title='bbox 627 541 844 576; x_wconf 65' lang='lat' dir='ltr'><strong>praestantiorem</strong></span> <span class='ocrx_word' id='word_1_116' title='bbox 874 539 960 568; x_wconf 83' lang='lat' dir='ltr'><strong>fuisse</strong></span> <span class='ocrx_word' id='word_1_117' title='bbox 991 537 1229 566; x_wconf 85' lang='lat' dir='ltr'><strong>demonstrabuut.</strong></span> <span class='ocrx_word' id='word_1_118' title='bbox 1260 535 1384 570; x_wconf 68' lang='lat' dir='ltr'><strong>Exempli</strong></span> <span class='ocrx_word' id='word_1_119' title='bbox 1408 535 1512 570; x_wconf 81' lang='lat' dir='ltr'><strong>gratia,</strong></span> <span class='ocrx_word' id='word_1_120' title='bbox 1530 535 1577 569; x_wconf 92' lang='lat' dir='ltr'><strong>qui</strong></span> <span class='ocrx_word' id='word_1_121' title='bbox 1592 534 1754 561; x_wconf 83' lang='lat' dir='ltr'><strong>medicinam</strong></span> <span class='ocrx_word' id='word_1_122' title='bbox 1779 534 1813 561; x_wconf 92' lang='lat' dir='ltr'><strong>ab</strong></span> <span class='ocrx_word' id='word_1_123' title='bbox 1833 534 1925 569; x_wconf 85' lang='lat' dir='ltr'><strong>aliquo</strong></span> 
     </span>
    </p>
   </div>
   <div class='ocr_carea' id='block_1_18' title="bbox 285 584 1922 624">
    <p class='ocr_par' dir='ltr' id='par_1_18' title="bbox 285 584 1922 624">
     <span class='ocr_line' id='line_1_18' title="bbox 285 584 1922 624; baseline -0.005 -6"><span class='ocrx_word' id='word_1_124' title='bbox 285 591 449 622; x_wconf 88' lang='lat' dir='ltr'><strong>didicerunt,</strong></span> <span class='ocrx_word' id='word_1_125' title='bbox 482 590 651 618; x_wconf 73' lang='lat' dir='ltr'><strong>excellentiae</strong></span> <span class='ocrx_word' id='word_1_126' title='bbox 677 589 855 624; x_wconf 74' lang='lat' dir='ltr'><strong>prmccptoris</strong></span> <span class='ocrx_word' id='word_1_127' title='bbox 871 589 898 615; x_wconf 92' lang='lat' dir='ltr'><strong>in</strong></span> <span class='ocrx_word' id='word_1_128' title='bbox 914 587 960 614; x_wconf 88' lang='lat' dir='ltr'><strong>tali</strong></span> <span class='ocrx_word' id='word_1_129' title='bbox 971 586 1115 622; x_wconf 86' lang='lat' dir='ltr'><strong>disciplina</strong></span> <span class='ocrx_word' id='word_1_130' title='bbox 1135 589 1218 613; x_wconf 90' lang='lat' dir='ltr'><strong>testes</strong></span> <span class='ocrx_word' id='word_1_131' title='bbox 1243 585 1334 612; x_wconf 89' lang='lat' dir='ltr'><strong>idonei</strong></span> <span class='ocrx_word' id='word_1_132' title='bbox 1352 584 1470 612; x_wconf 80' lang='lat' dir='ltr'><strong>habendi</strong></span> <span class='ocrx_word' id='word_1_133' title='bbox 1494 588 1568 618; x_wconf 89' lang='lat' dir='ltr'><strong>sunt,</strong></span> <span class='ocrx_word' id='word_1_134' title='bbox 1592 584 1639 619; x_wconf 92' lang='lat' dir='ltr'><strong>qui</strong></span> <span class='ocrx_word' id='word_1_135' title='bbox 1654 591 1717 610; x_wconf 91' lang='lat' dir='ltr'><strong>vero</strong></span> <span class='ocrx_word' id='word_1_136' title='bbox 1735 584 1922 618; x_wconf 75' lang='lat' dir='ltr'><strong>geometriam,</strong></span> 
     </span>
    </p>
   </div>
   <div class='ocr_carea' id='block_1_19' title="bbox 285 632 1923 671">
    <p class='ocr_par' dir='ltr' id='par_1_19' title="bbox 285 632 1923 671">
     <span class='ocr_line' id='line_1_19' title="bbox 285 632 1923 671; baseline -0.003 -6"><span class='ocrx_word' id='word_1_137' title='bbox 285 639 389 665; x_wconf 88' lang='lat' dir='ltr'><strong>nullum</strong></span> <span class='ocrx_word' id='word_1_138' title='bbox 404 638 488 665; x_wconf 89' lang='lat' dir='ltr'><strong>alium</strong></span> <span class='ocrx_word' id='word_1_139' title='bbox 501 645 529 665; x_wconf 92' lang='lat' dir='ltr'><strong>se</strong></span> <span class='ocrx_word' id='word_1_140' title='bbox 544 638 674 665; x_wconf 87' lang='lat' dir='ltr'><strong>habuisse</strong></span> <span class='ocrx_word' id='word_1_141' title='bbox 701 637 764 664; x_wconf 88' lang='lat' dir='ltr'><strong>talis</strong></span> <span class='ocrx_word' id='word_1_142' title='bbox 775 636 926 671; x_wconf 70' lang='lat' dir='ltr'><strong>disciplina:</strong></span> <span class='ocrx_word' id='word_1_143' title='bbox 954 636 1116 671; x_wconf 83' lang='lat' dir='ltr'><strong>magistrum</strong></span> <span class='ocrx_word' id='word_1_144' title='bbox 1136 642 1217 669; x_wconf 88' lang='lat' dir='ltr'><strong>quam</strong></span> <span class='ocrx_word' id='word_1_145' title='bbox 1231 637 1397 669; x_wconf 77' lang='lat' dir='ltr'><strong>geometram</strong></span> <span class='ocrx_word' id='word_1_146' title='bbox 1416 633 1569 668; x_wconf 85' lang='lat' dir='ltr'><strong>probabunt</strong></span> <span class='ocrx_word' id='word_1_147' title='bbox 1582 641 1590 665; x_wconf 77' lang='lat'><strong>-,</strong></span> <span class='ocrx_word' id='word_1_148' title='bbox 1602 640 1652 660; x_wconf 85' lang='lat' dir='ltr'><strong>nec</strong></span> <span class='ocrx_word' id='word_1_149' title='bbox 1667 640 1732 659; x_wconf 86' lang='lat' dir='ltr'><strong>vero</strong></span> <span class='ocrx_word' id='word_1_150' title='bbox 1758 632 1923 660; x_wconf 81' lang='lat' dir='ltr'><strong>arithmetiri</strong></span> 
     </span>
    </p>
   </div>
   <div class='ocr_carea' id='block_1_20' title="bbox 284 679 1923 719">
    <p class='ocr_par' dir='ltr' id='par_1_20' title="bbox 284 679 1923 719">
     <span class='ocr_line' id='line_1_20' title="bbox 284 679 1923 719; baseline -0.004 -8"><span class='ocrx_word' id='word_1_151' title='bbox 284 684 368 711; x_wconf 84' lang='lat' dir='ltr'><strong>alium</strong></span> <span class='ocrx_word' id='word_1_152' title='bbox 386 691 468 719; x_wconf 92' lang='lat' dir='ltr'><strong>quam</strong></span> <span class='ocrx_word' id='word_1_153' title='bbox 500 683 703 711; x_wconf 77' lang='lat' dir='ltr'><strong>arithmeticam</strong></span> <span class='ocrx_word' id='word_1_154' title='bbox 720 683 833 710; x_wconf 85' lang='lat' dir='ltr'><strong>:eadcm</strong></span> <span class='ocrx_word' id='word_1_155' title='bbox 860 683 976 715; x_wconf 86' lang='lat' dir='ltr'><strong>ratione,</strong></span> <span class='ocrx_word' id='word_1_156' title='bbox 993 682 1111 716; x_wconf 87' lang='lat' dir='ltr'><strong>aliquem</strong></span> <span class='ocrx_word' id='word_1_157' title='bbox 1132 681 1216 709; x_wconf 83' lang='lat' dir='ltr'><strong>fuisse</strong></span> <span class='ocrx_word' id='word_1_158' title='bbox 1232 681 1409 716; x_wconf 87' lang='lat' dir='ltr'><strong>impostorem</strong></span> <span class='ocrx_word' id='word_1_159' title='bbox 1426 679 1520 714; x_wconf 87' lang='lat' dir='ltr'><strong>optimi</strong></span> <span class='ocrx_word' id='word_1_160' title='bbox 1541 686 1606 706; x_wconf 89' lang='lat' dir='ltr'><strong>sane</strong></span> <span class='ocrx_word' id='word_1_161' title='bbox 1622 683 1707 706; x_wconf 85' lang='lat' dir='ltr'><strong>testes</strong></span> <span class='ocrx_word' id='word_1_162' title='bbox 1725 679 1840 706; x_wconf 84' lang='lat' dir='ltr'><strong>habendi</strong></span> <span class='ocrx_word' id='word_1_163' title='bbox 1858 684 1923 706; x_wconf 87' lang='lat' dir='ltr'><strong>sunt</strong></span> 
     </span>
    </p>
   </div>
   <div class='ocr_carea' id='block_1_21' title="bbox 283 724 1924 766">
    <p class='ocr_par' dir='ltr' id='par_1_21' title="bbox 283 724 1924 766">
     <span class='ocr_line' id='line_1_21' title="bbox 283 724 1924 766; baseline -0.002 -9"><span class='ocrx_word' id='word_1_164' title='bbox 283 730 331 766; x_wconf 89' lang='lat' dir='ltr'><strong>qui</strong></span> <span class='ocrx_word' id='word_1_165' title='bbox 360 730 393 757; x_wconf 83' lang='lat' dir='ltr'><strong>ab</strong></span> <span class='ocrx_word' id='word_1_166' title='bbox 422 730 469 756; x_wconf 91' lang='lat' dir='ltr'><strong>illo</strong></span> <span class='ocrx_word' id='word_1_167' title='bbox 497 729 653 762; x_wconf 81' lang='lat' dir='ltr'><strong>didicerint,</strong></span> <span class='ocrx_word' id='word_1_168' title='bbox 684 733 712 757; x_wconf 90' lang='lat' dir='ltr'><strong>et</strong></span> <span class='ocrx_word' id='word_1_169' title='bbox 727 730 773 764; x_wconf 90' lang='lat' dir='ltr'><strong>qui</strong></span> <span class='ocrx_word' id='word_1_170' title='bbox 805 729 928 757; x_wconf 84' lang='lat' dir='ltr'><strong>eamdem</strong></span> <span class='ocrx_word' id='word_1_171' title='bbox 945 737 1007 756; x_wconf 88' lang='lat' dir='ltr'><strong>cum</strong></span> <span class='ocrx_word' id='word_1_172' title='bbox 1040 736 1090 756; x_wconf 89' lang='lat' dir='ltr'><strong>suo</strong></span> <span class='ocrx_word' id='word_1_173' title='bbox 1110 731 1277 763; x_wconf 76' lang='lat' dir='ltr'><strong>prmceptore</strong></span> <span class='ocrx_word' id='word_1_174' title='bbox 1310 732 1396 754; x_wconf 87' lang='lat' dir='ltr'><strong>artem</strong></span> <span class='ocrx_word' id='word_1_175' title='bbox 1412 730 1568 754; x_wconf 77' lang='lat' dir='ltr'><strong>exerceant.</strong></span> <span class='ocrx_word' id='word_1_176' title='bbox 1589 725 1670 759; x_wconf 80' lang='lat'><strong>128</strong></span> <span class='ocrx_word' id='word_1_177' title='bbox 1696 724 1748 752; x_wconf 88' lang='lat' dir='ltr'><strong>Sed</strong></span> <span class='ocrx_word' id='word_1_178' title='bbox 1762 726 1854 752; x_wconf 83' lang='lat' dir='ltr'><strong>nullus</strong></span> <span class='ocrx_word' id='word_1_179' title='bbox 1872 726 1924 753; x_wconf 89' lang='lat' dir='ltr'><strong>ad-</strong></span> 
     </span>
    </p>
   </div>
   <div class='ocr_carea' id='block_1_22' title="bbox 283 773 1922 812">
    <p class='ocr_par' dir='ltr' id='par_1_22' title="bbox 283 773 1922 812">
     <span class='ocr_line' id='line_1_22' title="bbox 283 773 1922 812; baseline -0.002 -7"><span class='ocrx_word' id='word_1_180' title='bbox 283 777 338 806; x_wconf 87' lang='lat' dir='ltr'><strong>huc</strong></span> <span class='ocrx_word' id='word_1_181' title='bbox 351 778 380 805; x_wconf 92' lang='lat' dir='ltr'><strong>in</strong></span> <span class='ocrx_word' id='word_1_182' title='bbox 395 782 450 804; x_wconf 91' lang='lat' dir='ltr'><strong>tam</strong></span> <span class='ocrx_word' id='word_1_183' title='bbox 472 778 566 805; x_wconf 91' lang='lat' dir='ltr'><strong>multis</strong></span> <span class='ocrx_word' id='word_1_184' title='bbox 594 778 676 805; x_wconf 90' lang='lat' dir='ltr'><strong>annis</strong></span> <span class='ocrx_word' id='word_1_185' title='bbox 708 778 861 811; x_wconf 84' lang='lat' dir='ltr'><strong>discipulus</strong></span> <span class='ocrx_word' id='word_1_186' title='bbox 881 777 945 805; x_wconf 87' lang='lat' dir='ltr'><strong>Jesu</strong></span> <span class='ocrx_word' id='word_1_187' title='bbox 960 776 1143 812; x_wconf 61' lang='lat' dir='ltr'><strong>prcestigiator</strong></span> <span class='ocrx_word' id='word_1_188' title='bbox 1168 775 1306 810; x_wconf 82' lang='lat' dir='ltr'><strong>apparuit,</strong></span> <span class='ocrx_word' id='word_1_189' title='bbox 1340 775 1448 801; x_wconf 85' lang='lat' dir='ltr'><strong>tametsi</strong></span> <span class='ocrx_word' id='word_1_190' title='bbox 1474 774 1500 801; x_wconf 94' lang='lat' dir='ltr'><strong>in</strong></span> <span class='ocrx_word' id='word_1_191' title='bbox 1516 773 1633 801; x_wconf 86' lang='lat' dir='ltr'><strong>diversis</strong></span> <span class='ocrx_word' id='word_1_192' title='bbox 1649 773 1819 808; x_wconf 87' lang='lat' dir='ltr'><strong>temporibus</strong></span> <span class='ocrx_word' id='word_1_193' title='bbox 1833 777 1861 801; x_wconf 90' lang='lat' dir='ltr'><strong>et</strong></span> <span class='ocrx_word' id='word_1_194' title='bbox 1877 781 1922 801; x_wconf 89' lang='lat' dir='ltr'><strong>re-</strong></span> 
     </span>
    </p>
   </div>
   <div class='ocr_carea' id='block_1_23' title="bbox 289 821 1923 860">
    <p class='ocr_par' dir='ltr' id='par_1_23' title="bbox 289 821 1923 860">
     <span class='ocr_line' id='line_1_23' title="bbox 289 821 1923 860; baseline -0.004 -6"><span class='ocrx_word' id='word_1_195' title='bbox 289 833 337 860; x_wconf 76' lang='lat' dir='ltr'><strong>ges</strong></span> <span class='ocrx_word' id='word_1_196' title='bbox 353 831 379 853; x_wconf 88' lang='lat' dir='ltr'><strong>et</strong></span> <span class='ocrx_word' id='word_1_197' title='bbox 390 825 519 860; x_wconf 64' lang='lat' dir='ltr'><strong>prmsides</strong></span> <span class='ocrx_word' id='word_1_198' title='bbox 535 834 582 860; x_wconf 84' lang='lat' dir='ltr'><strong>per</strong></span> <span class='ocrx_word' id='word_1_199' title='bbox 606 830 742 853; x_wconf 88' lang='lat' dir='ltr'><strong>tormenta</strong></span> <span class='ocrx_word' id='word_1_200' title='bbox 779 826 912 860; x_wconf 89' lang='lat' dir='ltr'><strong>quidquid</strong></span> <span class='ocrx_word' id='word_1_201' title='bbox 929 825 964 852; x_wconf 91' lang='lat' dir='ltr'><strong>ad</strong></span> <span class='ocrx_word' id='word_1_202' title='bbox 1000 833 1051 852; x_wconf 89' lang='lat' dir='ltr'><strong>nos</strong></span> <span class='ocrx_word' id='word_1_203' title='bbox 1081 824 1209 860; x_wconf 85' lang='lat' dir='ltr'><strong>pertinet,</strong></span> <span class='ocrx_word' id='word_1_204' title='bbox 1225 822 1435 858; x_wconf 83' lang='lat' dir='ltr'><strong>diligentissime</strong></span> <span class='ocrx_word' id='word_1_205' title='bbox 1447 821 1645 857; x_wconf 80' lang='lat' dir='ltr'><strong>exquisiveriut</strong></span> <span class='ocrx_word' id='word_1_206' title='bbox 1659 828 1665 846; x_wconf 91' lang='lat'>:</span> <span class='ocrx_word' id='word_1_207' title='bbox 1682 822 1719 848; x_wconf 88' lang='lat' dir='ltr'><strong>ita</strong></span> <span class='ocrx_word' id='word_1_208' title='bbox 1731 828 1813 855; x_wconf 89' lang='lat' dir='ltr'><strong>porro</strong></span> <span class='ocrx_word' id='word_1_209' title='bbox 1828 821 1923 848; x_wconf 87' lang='lat' dir='ltr'><strong>nullus</strong></span> 
     </span>
    </p>
   </div>
   <div class='ocr_carea' id='block_1_24' title="bbox 284 869 1922 908">
    <p class='ocr_par' dir='ltr' id='par_1_24' title="bbox 284 869 1922 908">
     <span class='ocr_line' id='line_1_24' title="bbox 284 869 1922 908; baseline -0.001 -9"><span class='ocrx_word' id='word_1_210' title='bbox 284 873 466 908; x_wconf 66' lang='lat' dir='ltr'><strong>praestigiator</strong></span> <span class='ocrx_word' id='word_1_211' title='bbox 484 873 545 904; x_wconf 80' lang='lat' dir='ltr'><strong>fuit,</strong></span> <span class='ocrx_word' id='word_1_212' title='bbox 563 877 592 900; x_wconf 90' lang='lat' dir='ltr'><strong>ut</strong></span> <span class='ocrx_word' id='word_1_213' title='bbox 608 873 675 900; x_wconf 90' lang='lat' dir='ltr'><strong>liber</strong></span> <span class='ocrx_word' id='word_1_214' title='bbox 685 873 879 906; x_wconf 85' lang='lat' dir='ltr'><strong>dimitteretur,</strong></span> <span class='ocrx_word' id='word_1_215' title='bbox 897 877 978 908; x_wconf 87' lang='lat' dir='ltr'><strong>atque</strong></span> <span class='ocrx_word' id='word_1_216' title='bbox 994 877 1072 900; x_wconf 87' lang='lat' dir='ltr'><strong>extra</strong></span> <span class='ocrx_word' id='word_1_217' title='bbox 1088 879 1169 899; x_wconf 88' lang='lat' dir='ltr'><strong>omne</strong></span> <span class='ocrx_word' id='word_1_218' title='bbox 1186 871 1339 907; x_wconf 89' lang='lat' dir='ltr'><strong>periculum</strong></span> <span class='ocrx_word' id='word_1_219' title='bbox 1356 871 1580 902; x_wconf 86' lang='lat' dir='ltr'><strong>constitueretur,</strong></span> <span class='ocrx_word' id='word_1_220' title='bbox 1608 869 1654 904; x_wconf 91' lang='lat' dir='ltr'><strong>qui</strong></span> <span class='ocrx_word' id='word_1_221' title='bbox 1671 869 1752 896; x_wconf 88' lang='lat' dir='ltr'><strong>modo</strong></span> <span class='ocrx_word' id='word_1_222' title='bbox 1785 869 1819 896; x_wconf 86' lang='lat' dir='ltr'><strong>ab</strong></span> <span class='ocrx_word' id='word_1_223' title='bbox 1853 869 1922 905; x_wconf 88' lang='lat' dir='ltr'><strong>ipsis</strong></span> 
     </span>
    </p>
   </div>
   <div class='ocr_carea' id='block_1_25' title="bbox 284 916 1924 954">
    <p class='ocr_par' dir='ltr' id='par_1_25' title="bbox 284 916 1924 954">
     <span class='ocr_line' id='line_1_25' title="bbox 284 916 1924 954; baseline -0.003 -7"><span class='ocrx_word' id='word_1_224' title='bbox 284 923 396 947; x_wconf 77' lang='lat' dir='ltr'><strong>coactus</strong></span> <span class='ocrx_word' id='word_1_225' title='bbox 420 923 492 946; x_wconf 73' lang='lat' dir='ltr'><strong>essst</strong></span> <span class='ocrx_word' id='word_1_226' title='bbox 511 920 633 954; x_wconf 91' lang='lat' dir='ltr'><strong>ipsorum</strong></span> <span class='ocrx_word' id='word_1_227' title='bbox 663 920 718 946; x_wconf 90' lang='lat' dir='ltr'><strong>ritu</strong></span> <span class='ocrx_word' id='word_1_228' title='bbox 744 920 912 948; x_wconf 88' lang='lat' dir='ltr'><strong>sacriﬁcare.</strong></span> <span class='ocrx_word' id='word_1_229' title='bbox 932 920 1010 953; x_wconf 85' lang='lat' dir='ltr'><strong>Quod</strong></span> <span class='ocrx_word' id='word_1_230' title='bbox 1024 920 1046 947; x_wconf 88' lang='lat' dir='ltr'><strong>si</strong></span> <span class='ocrx_word' id='word_1_231' title='bbox 1070 919 1163 947; x_wconf 90' lang='lat' dir='ltr'><strong>nullus</strong></span> <span class='ocrx_word' id='word_1_232' title='bbox 1194 926 1312 953; x_wconf 84' lang='lat' dir='ltr'><strong>unquam</strong></span> <span class='ocrx_word' id='word_1_233' title='bbox 1335 921 1503 951; x_wconf 90' lang='lat' dir='ltr'><strong>nostrorum,</strong></span> <span class='ocrx_word' id='word_1_234' title='bbox 1525 922 1578 944; x_wconf 83' lang='lat' dir='ltr'><strong>tam</strong></span> <span class='ocrx_word' id='word_1_235' title='bbox 1597 917 1706 944; x_wconf 90' lang='lat' dir='ltr'><strong>illorum</strong></span> <span class='ocrx_word' id='word_1_236' title='bbox 1727 924 1797 951; x_wconf 88' lang='lat' dir='ltr'><strong>quos</strong></span> <span class='ocrx_word' id='word_1_237' title='bbox 1814 916 1865 950; x_wconf 90' lang='lat' dir='ltr'><strong>ipsi</strong></span> <span class='ocrx_word' id='word_1_238' title='bbox 1880 916 1924 942; x_wconf 85' lang='lat' dir='ltr'><strong>vi-</strong></span> 
     </span>
    </p>
   </div>
   <div class='ocr_carea' id='block_1_26' title="bbox 284 965 1920 1004">
    <p class='ocr_par' dir='ltr' id='par_1_26' title="bbox 284 965 1920 1004">
     <span class='ocr_line' id='line_1_26' title="bbox 284 965 1920 1004; baseline -0.001 -10"><span class='ocrx_word' id='word_1_239' title='bbox 284 967 349 994; x_wconf 88' lang='lat' dir='ltr'><strong>dere</strong></span> <span class='ocrx_word' id='word_1_240' title='bbox 366 967 515 1002; x_wconf 85' lang='lat' dir='ltr'><strong>potuimus,</strong></span> <span class='ocrx_word' id='word_1_241' title='bbox 538 975 619 1002; x_wconf 88' lang='lat' dir='ltr'><strong>quam</strong></span> <span class='ocrx_word' id='word_1_242' title='bbox 641 968 748 995; x_wconf 88' lang='lat' dir='ltr'><strong>illorum</strong></span> <span class='ocrx_word' id='word_1_243' title='bbox 779 969 827 1003; x_wconf 90' lang='lat' dir='ltr'><strong>qui</strong></span> <span class='ocrx_word' id='word_1_244' title='bbox 848 968 985 1004; x_wconf 88' lang='lat' dir='ltr'><strong>quondam</strong></span> <span class='ocrx_word' id='word_1_245' title='bbox 1003 968 1089 1003; x_wconf 83' lang='lat' dir='ltr'><strong>ipsius</strong></span> <span class='ocrx_word' id='word_1_246' title='bbox 1108 967 1172 994; x_wconf 85' lang='lat' dir='ltr'><strong>Jesu</strong></span> <span class='ocrx_word' id='word_1_247' title='bbox 1191 966 1320 1001; x_wconf 90' lang='lat' dir='ltr'><strong>discipuli</strong></span> <span class='ocrx_word' id='word_1_248' title='bbox 1353 966 1475 998; x_wconf 86' lang='lat' dir='ltr'><strong>fuerunt,</strong></span> <span class='ocrx_word' id='word_1_249' title='bbox 1496 965 1621 993; x_wconf 86' lang='lat' dir='ltr'><strong>veneﬁcii</strong></span> <span class='ocrx_word' id='word_1_250' title='bbox 1647 969 1694 992; x_wconf 90' lang='lat' dir='ltr'><strong>aut</strong></span> <span class='ocrx_word' id='word_1_251' title='bbox 1718 965 1920 1000; x_wconf 51' lang='lat' dir='ltr'><strong>praestigiarum</strong></span> 
     </span>
    </p>
   </div>
   <div class='ocr_carea' id='block_1_27' title="bbox 284 1012 1922 1050">
    <p class='ocr_par' dir='ltr' id='par_1_27' title="bbox 284 1012 1922 1050">
     <span class='ocr_line' id='line_1_27' title="bbox 284 1012 1922 1050; baseline -0.001 -10"><span class='ocrx_word' id='word_1_252' title='bbox 284 1013 430 1042; x_wconf 87' lang='lat' dir='ltr'><strong>damnatus</strong></span> <span class='ocrx_word' id='word_1_253' title='bbox 454 1018 509 1047; x_wconf 86' lang='lat' dir='ltr'><strong>est,</strong></span> <span class='ocrx_word' id='word_1_254' title='bbox 526 1023 590 1050; x_wconf 75' lang='lat' dir='ltr'><strong>ergo</strong></span> <span class='ocrx_word' id='word_1_255' title='bbox 611 1023 645 1042; x_wconf 94' lang='lat' dir='ltr'><strong>ne</strong></span> <span class='ocrx_word' id='word_1_256' title='bbox 659 1014 814 1050; x_wconf 74' lang='lat' dir='ltr'><strong>Praeceptor</strong></span> <span class='ocrx_word' id='word_1_257' title='bbox 841 1016 950 1050; x_wconf 90' lang='lat' dir='ltr'><strong>quidem</strong></span> <span class='ocrx_word' id='word_1_258' title='bbox 967 1015 1028 1042; x_wconf 83' lang='lat' dir='ltr'><strong>talis</strong></span> <span class='ocrx_word' id='word_1_259' title='bbox 1057 1015 1117 1042; x_wconf 84' lang='lat' dir='ltr'><strong>fuit.</strong></span> <span class='ocrx_word' id='word_1_260' title='bbox 1137 1013 1272 1041; x_wconf 66' lang='lat' dir='ltr'><strong>Ca‘terum</strong></span> <span class='ocrx_word' id='word_1_261' title='bbox 1284 1021 1318 1040; x_wconf 94' lang='lat' dir='ltr'><strong>ne</strong></span> <span class='ocrx_word' id='word_1_262' title='bbox 1331 1013 1420 1040; x_wconf 89' lang='lat' dir='ltr'><strong>omnis</strong></span> <span class='ocrx_word' id='word_1_263' title='bbox 1435 1017 1529 1040; x_wconf 89' lang='lat' dir='ltr'><strong>nostra</strong></span> <span class='ocrx_word' id='word_1_264' title='bbox 1540 1013 1638 1044; x_wconf 84' lang='lat' dir='ltr'><strong>oratio,</strong></span> <span class='ocrx_word' id='word_1_265' title='bbox 1653 1021 1685 1040; x_wconf 82' lang='lat' dir='ltr'><strong>ex</strong></span> <span class='ocrx_word' id='word_1_266' title='bbox 1701 1012 1922 1040; x_wconf 87' lang='lat' dir='ltr'><strong>rebusnonscri-</strong></span> 
     </span>
    </p>
   </div>
   <div class='ocr_carea' id='block_1_28' title="bbox 284 1060 1814 1098">
    <p class='ocr_par' dir='ltr' id='par_1_28' title="bbox 284 1060 1814 1098">
     <span class='ocr_line' id='line_1_28' title="bbox 284 1060 1814 1098; baseline -0.002 -9"><span class='ocrx_word' id='word_1_267' title='bbox 284 1063 338 1097; x_wconf 87' lang='lat' dir='ltr'><strong>ptis</strong></span> <span class='ocrx_word' id='word_1_268' title='bbox 353 1063 552 1097; x_wconf 88' lang='lat' dir='ltr'><strong>proﬁciscatur,</strong></span> <span class='ocrx_word' id='word_1_269' title='bbox 565 1063 707 1091; x_wconf 85' lang='lat' dir='ltr'><strong>videamus</strong></span> <span class='ocrx_word' id='word_1_270' title='bbox 723 1064 787 1090; x_wconf 85' lang='lat' dir='ltr'><strong>item</strong></span> <span class='ocrx_word' id='word_1_271' title='bbox 810 1063 875 1098; x_wconf 94' lang='lat' dir='ltr'><strong>quid</strong></span> <span class='ocrx_word' id='word_1_272' title='bbox 906 1063 1074 1098; x_wconf 80' lang='lat' dir='ltr'><strong>probationis</strong></span> <span class='ocrx_word' id='word_1_273' title='bbox 1094 1063 1128 1090; x_wconf 86' lang='lat' dir='ltr'><strong>ab</strong></span> <span class='ocrx_word' id='word_1_274' title='bbox 1141 1061 1256 1089; x_wconf 84' lang='lat' dir='ltr'><strong>historia</strong></span> <span class='ocrx_word' id='word_1_275' title='bbox 1269 1069 1330 1096; x_wconf 73' lang='lat' dir='ltr'><strong>qum</strong></span> <span class='ocrx_word' id='word_1_276' title='bbox 1349 1061 1448 1088; x_wconf 86' lang='lat' dir='ltr'><strong>litteris</strong></span> <span class='ocrx_word' id='word_1_277' title='bbox 1463 1060 1629 1091; x_wconf 86' lang='lat' dir='ltr'><strong>continetur,</strong></span> <span class='ocrx_word' id='word_1_278' title='bbox 1641 1060 1702 1087; x_wconf 89' lang='lat' dir='ltr'><strong>elici</strong></span> <span class='ocrx_word' id='word_1_279' title='bbox 1715 1060 1814 1094; x_wconf 86' lang='lat' dir='ltr'><strong>possit.</strong></span> 
     </span>
    </p>
   </div>
   <div class='ocr_carea' id='block_1_29' title="bbox 320 1105 1076 1144">
    <p class='ocr_par' dir='ltr' id='par_1_29' title="bbox 320 1109 1076 1144">
     <span class='ocr_line' id='line_1_29' title="bbox 320 1109 1076 1144; baseline -0.001 -8"><span class='ocrx_word' id='word_1_280' title='bbox 320 1109 405 1136; x_wconf 91' lang='lat' dir='ltr'><strong>Primi</strong></span> <span class='ocrx_word' id='word_1_281' title='bbox 422 1109 504 1144; x_wconf 78' lang='lat' dir='ltr'><strong>igitur</strong></span> <span class='ocrx_word' id='word_1_282' title='bbox 524 1110 611 1144; x_wconf 85' lang='lat' dir='ltr'><strong>ipsius</strong></span> <span class='ocrx_word' id='word_1_283' title='bbox 632 1109 696 1137; x_wconf 79' lang='lat' dir='ltr'><strong>Jesu</strong></span> <span class='ocrx_word' id='word_1_284' title='bbox 721 1109 859 1144; x_wconf 88' lang='lat' dir='ltr'><strong>discipuli,</strong></span> <span class='ocrx_word' id='word_1_285' title='bbox 885 1110 914 1137; x_wconf 94' lang='lat' dir='ltr'><strong>in</strong></span> <span class='ocrx_word' id='word_1_286' title='bbox 938 1110 1009 1136; x_wconf 89' lang='lat' dir='ltr'><strong>libro</strong></span> <span class='ocrx_word' id='word_1_287' title='bbox 1031 1110 1076 1144; x_wconf 91' lang='lat' dir='ltr'><strong>qui</strong></span> 
     </span>
    </p>
   </div>
   <div class='ocr_carea' id='block_1_30' title="bbox 1127 1105 1922 1144">
    <p class='ocr_par' dir='ltr' id='par_1_30' title="bbox 1165 1105 1922 1144">
     <span class='ocr_line' id='line_1_30' title="bbox 1165 1105 1922 1144; baseline -0.004 -10"><span class='ocrx_word' id='word_1_288' title='bbox 1165 1110 1197 1135; x_wconf 83' lang='lat' dir='ltr'><strong>Ol</strong></span> <span class='ocrx_word' id='word_1_289' title='bbox 1210 1109 1242 1144; x_wconf 85' lang='grc' dir='ltr'><strong>δὴ</strong></span> <span class='ocrx_word' id='word_1_290' title='bbox 1254 1107 1357 1143; x_wconf 80' lang='grc' dir='ltr'>πρῶτοι</span> <span class='ocrx_word' id='word_1_291' title='bbox 1371 1107 1418 1133; x_wconf 77' lang='grc' dir='ltr'>τοῦ</span> <span class='ocrx_word' id='word_1_292' title='bbox 1440 1106 1528 1142; x_wconf 86' lang='grc' dir='ltr'><strong>Ἰησοῦ</strong></span> <span class='ocrx_word' id='word_1_293' title='bbox 1547 1106 1665 1142; x_wconf 79' lang='grc' dir='ltr'>μαθηταὶ</span> <span class='ocrx_word' id='word_1_294' title='bbox 1676 1106 1705 1132; x_wconf 83' lang='grc' dir='ltr'>ὲν</span> <span class='ocrx_word' id='word_1_295' title='bbox 1721 1107 1753 1141; x_wconf 83' lang='grc' dir='ltr'><strong>τῇ</strong></span> <span class='ocrx_word' id='word_1_296' title='bbox 1770 1106 1853 1141; x_wconf 79' lang='grc' dir='ltr'>βίϐλῳ</span> <span class='ocrx_word' id='word_1_297' title='bbox 1867 1105 1922 1132; x_wconf 82' lang='grc' dir='ltr'><strong>τῶν</strong></span> 
     </span>
    </p>
   </div>
   <div class='ocr_carea' id='block_1_31' title="bbox 283 1155 1079 1190">
    <p class='ocr_par' dir='ltr' id='par_1_31' title="bbox 283 1155 1079 1190">
     <span class='ocr_line' id='line_1_31' title="bbox 283 1155 1079 1190; baseline -0.003 -7"><span class='ocrx_word' id='word_1_298' title='bbox 283 1155 352 1183; x_wconf 79' lang='lat' dir='ltr'><strong>Acta</strong></span> <span class='ocrx_word' id='word_1_299' title='bbox 377 1155 496 1190; x_wconf 87' lang='lat' dir='ltr'><strong>ipsorum</strong></span> <span class='ocrx_word' id='word_1_300' title='bbox 514 1155 647 1187; x_wconf 81' lang='lat' dir='ltr'><strong>continet,</strong></span> <span class='ocrx_word' id='word_1_301' title='bbox 677 1160 882 1187; x_wconf 82' lang='lat' dir='ltr'><strong>memorantur,</strong></span> <span class='ocrx_word' id='word_1_302' title='bbox 900 1163 1079 1190; x_wconf 89' lang='lat' dir='ltr'><strong>quoscunque</strong></span> 
     </span>
    </p>
   </div>
   <div class='ocr_carea' id='block_1_32' title="bbox 283 1201 1076 1237">
    <p class='ocr_par' dir='ltr' id='par_1_32' title="bbox 283 1201 1076 1237">
     <span class='ocr_line' id='line_1_32' title="bbox 283 1201 1076 1237; baseline 0 -8"><span class='ocrx_word' id='word_1_303' title='bbox 283 1209 317 1229; x_wconf 82' lang='lat' dir='ltr'><strong>ex</strong></span> <span class='ocrx_word' id='word_1_304' title='bbox 333 1202 459 1236; x_wconf 79' lang='lat' dir='ltr'><strong>gentibus</strong></span> <span class='ocrx_word' id='word_1_305' title='bbox 476 1201 504 1228; x_wconf 92' lang='lat' dir='ltr'><strong>in</strong></span> <span class='ocrx_word' id='word_1_306' title='bbox 522 1209 602 1228; x_wconf 87' lang='lat' dir='ltr'><strong>suam</strong></span> <span class='ocrx_word' id='word_1_307' title='bbox 631 1201 805 1236; x_wconf 87' lang='lat' dir='ltr'><strong>disciplinam</strong></span> <span class='ocrx_word' id='word_1_308' title='bbox 821 1203 987 1237; x_wconf 86' lang='lat' dir='ltr'><strong>acciperent,</strong></span> <span class='ocrx_word' id='word_1_309' title='bbox 1014 1209 1076 1230; x_wconf 88' lang='lat' dir='ltr'><strong>cum</strong></span> 
     </span>
    </p>
   </div>
   <div class='ocr_carea' id='block_1_33' title="bbox 284 1248 1078 1284">
    <p class='ocr_par' dir='ltr' id='par_1_33' title="bbox 284 1248 1078 1284">
     <span class='ocr_line' id='line_1_33' title="bbox 284 1248 1078 1284; baseline 0.004 -10"><span class='ocrx_word' id='word_1_310' title='bbox 284 1255 379 1275; x_wconf 87' lang='lat' dir='ltr'><strong>eorum</strong></span> <span class='ocrx_word' id='word_1_311' title='bbox 389 1248 512 1282; x_wconf 91' lang='lat' dir='ltr'><strong>plerique</strong></span> <span class='ocrx_word' id='word_1_312' title='bbox 527 1249 643 1276; x_wconf 88' lang='lat' dir='ltr'><strong>crimine</strong></span> <span class='ocrx_word' id='word_1_313' title='bbox 669 1250 869 1284; x_wconf 64' lang='lat' dir='ltr'><strong>praestigiarum</strong></span> <span class='ocrx_word' id='word_1_314' title='bbox 900 1250 1016 1277; x_wconf 84' lang='lat' dir='ltr'><strong>infames</strong></span> <span class='ocrx_word' id='word_1_315' title='bbox 1031 1258 1078 1277; x_wconf 84' lang='lat' dir='ltr'><strong>es-</strong></span> 
     </span>
    </p>
   </div>
   <div class='ocr_carea' id='block_1_34' title="bbox 285 1293 1079 1328">
    <p class='ocr_par' dir='ltr' id='par_1_34' title="bbox 285 1293 1079 1328">
     <span class='ocr_line' id='line_1_34' title="bbox 285 1293 1079 1328; baseline 0.003 -8"><span class='ocrx_word' id='word_1_316' title='bbox 285 1297 360 1325; x_wconf 85' lang='lat' dir='ltr'><strong>sent,</strong></span> <span class='ocrx_word' id='word_1_317' title='bbox 376 1293 535 1320; x_wconf 87' lang='lat' dir='ltr'><strong>iudiversos</strong></span> <span class='ocrx_word' id='word_1_318' title='bbox 552 1301 641 1321; x_wconf 87' lang='lat' dir='ltr'><strong>mores</strong></span> <span class='ocrx_word' id='word_1_319' title='bbox 667 1293 734 1322; x_wconf 86' lang='lat' dir='ltr'><strong>adeo</strong></span> <span class='ocrx_word' id='word_1_320' title='bbox 764 1299 958 1328; x_wconf 89' lang='lat' dir='ltr'><strong>commutasse,</strong></span> <span class='ocrx_word' id='word_1_321' title='bbox 975 1299 1004 1321; x_wconf 91' lang='lat' dir='ltr'><strong>ut</strong></span> <span class='ocrx_word' id='word_1_322' title='bbox 1018 1295 1079 1322; x_wconf 83' lang='lat' dir='ltr'><strong>ausi</strong></span> 
     </span>
    </p>
   </div>
   <div class='ocr_carea' id='block_1_35' title="bbox 285 1339 1078 1375">
    <p class='ocr_par' dir='ltr' id='par_1_35' title="bbox 285 1339 1078 1375">
     <span class='ocr_line' id='line_1_35' title="bbox 285 1339 1078 1375; baseline 0.003 -9"><span class='ocrx_word' id='word_1_323' title='bbox 285 1339 341 1366; x_wconf 87' lang='lat' dir='ltr'><strong>siut</strong></span> <span class='ocrx_word' id='word_1_324' title='bbox 357 1347 427 1374; x_wconf 90' lang='lat' dir='ltr'><strong>quos</strong></span> <span class='ocrx_word' id='word_1_325' title='bbox 441 1339 526 1366; x_wconf 88' lang='lat' dir='ltr'><strong>libros</strong></span> <span class='ocrx_word' id='word_1_326' title='bbox 542 1339 595 1366; x_wconf 90' lang='lat' dir='ltr'><strong>illis</strong></span> <span class='ocrx_word' id='word_1_327' title='bbox 616 1339 830 1372; x_wconf 83' lang='lat' dir='ltr'><strong>interdixissent,</strong></span> <span class='ocrx_word' id='word_1_328' title='bbox 843 1341 871 1368; x_wconf 92' lang='lat' dir='ltr'><strong>in</strong></span> <span class='ocrx_word' id='word_1_329' title='bbox 884 1341 1001 1369; x_wconf 87' lang='lat' dir='ltr'><strong>medium</strong></span> <span class='ocrx_word' id='word_1_330' title='bbox 1016 1349 1078 1375; x_wconf 85' lang='lat' dir='ltr'><strong>pro-</strong></span> 
     </span>
    </p>
   </div>
   <div class='ocr_carea' id='block_1_36' title="bbox 284 1383 1079 1420">
    <p class='ocr_par' dir='ltr' id='par_1_36' title="bbox 284 1383 1079 1420">
     <span class='ocr_line' id='line_1_36' title="bbox 284 1383 1079 1420; baseline 0.001 -9"><span class='ocrx_word' id='word_1_331' title='bbox 284 1383 368 1417; x_wconf 86' lang='lat' dir='ltr'><strong>ferre,</strong></span> <span class='ocrx_word' id='word_1_332' title='bbox 384 1389 410 1413; x_wconf 91' lang='lat' dir='ltr'><strong>et</strong></span> <span class='ocrx_word' id='word_1_333' title='bbox 429 1386 457 1412; x_wconf 92' lang='lat' dir='ltr'><strong>in</strong></span> <span class='ocrx_word' id='word_1_334' title='bbox 471 1390 619 1420; x_wconf 82' lang='lat' dir='ltr'><strong>conspectu</strong></span> <span class='ocrx_word' id='word_1_335' title='bbox 638 1387 760 1414; x_wconf 91' lang='lat' dir='ltr'><strong>omnium</strong></span> <span class='ocrx_word' id='word_1_336' title='bbox 775 1388 946 1415; x_wconf 89' lang='lat' dir='ltr'><strong>comburere.</strong></span> <span class='ocrx_word' id='word_1_337' title='bbox 976 1387 1079 1414; x_wconf 76' lang='lat' dir='ltr'><strong>Audia-</strong></span> 
     </span>
    </p>
   </div>
   <div class='ocr_carea' id='block_1_37' title="bbox 286 1431 1078 1467">
    <p class='ocr_par' dir='ltr' id='par_1_37' title="bbox 286 1431 1078 1467">
     <span class='ocr_line' id='line_1_37' title="bbox 286 1431 1078 1467; baseline 0.004 -10"><span class='ocrx_word' id='word_1_338' title='bbox 286 1438 349 1458; x_wconf 88' lang='lat' dir='ltr'><strong>mus</strong></span> <span class='ocrx_word' id='word_1_339' title='bbox 366 1431 459 1466; x_wconf 84' lang='lat' dir='ltr'><strong>itaque</strong></span> <span class='ocrx_word' id='word_1_340' title='bbox 484 1431 549 1466; x_wconf 90' lang='lat' dir='ltr'><strong>quid</strong></span> <span class='ocrx_word' id='word_1_341' title='bbox 571 1431 714 1467; x_wconf 85' lang='lat' dir='ltr'><strong>Scriptura</strong></span> <span class='ocrx_word' id='word_1_342' title='bbox 743 1433 789 1460; x_wconf 88' lang='lat' dir='ltr'><strong>illa</strong></span> <span class='ocrx_word' id='word_1_343' title='bbox 815 1435 964 1461; x_wconf 87' lang='lat' dir='ltr'><strong>contineat.</strong></span> <span class='ocrx_word' id='word_1_344' title='bbox 981 1433 1078 1460; x_wconf 65' lang='lat' dir='ltr'><strong>«Multi</strong></span> 
     </span>
    </p>
   </div>
   <div class='ocr_carea' id='block_1_38' title="bbox 286 1477 1078 1512">
    <p class='ocr_par' dir='ltr' id='par_1_38' title="bbox 286 1477 1078 1512">
     <span class='ocr_line' id='line_1_38' title="bbox 286 1477 1078 1512; baseline 0.004 -9"><span class='ocrx_word' id='word_1_345' title='bbox 286 1481 377 1505; x_wconf 88' lang='lat' dir='ltr'><strong>autem</strong></span> <span class='ocrx_word' id='word_1_346' title='bbox 391 1485 486 1505; x_wconf 87' lang='lat' dir='ltr'><strong>eorum</strong></span> <span class='ocrx_word' id='word_1_347' title='bbox 510 1477 557 1512; x_wconf 89' lang='lat' dir='ltr'><strong>qui</strong></span> <span class='ocrx_word' id='word_1_348' title='bbox 588 1478 697 1505; x_wconf 81' lang='lat' dir='ltr'><strong>fuerant</strong></span> <span class='ocrx_word' id='word_1_349' title='bbox 709 1478 819 1506; x_wconf 79' lang='lat' dir='ltr'><strong>curiosa</strong></span> <span class='ocrx_word' id='word_1_350' title='bbox 847 1480 955 1512; x_wconf 84' lang='lat' dir='ltr'><strong>sectati,</strong></span> <span class='ocrx_word' id='word_1_351' title='bbox 979 1485 1078 1507; x_wconf 92' lang='lat' dir='ltr'><strong>contu-</strong></span> 
     </span>
    </p>
   </div>
   <div class='ocr_carea' id='block_1_39' title="bbox 284 1521 1072 1559">
    <p class='ocr_par' dir='ltr' id='par_1_39' title="bbox 284 1521 1072 1559">
     <span class='ocr_line' id='line_1_39' title="bbox 284 1521 1072 1559; baseline 0.003 -9"><span class='ocrx_word' id='word_1_352' title='bbox 284 1521 376 1550; x_wconf 81' lang='lat' dir='ltr'><strong>lerunt</strong></span> <span class='ocrx_word' id='word_1_353' title='bbox 389 1522 520 1555; x_wconf 89' lang='lat' dir='ltr'><strong>libros,et</strong></span> <span class='ocrx_word' id='word_1_354' title='bbox 539 1524 749 1551; x_wconf 83' lang='lat' dir='ltr'><strong>combusserth</strong></span> <span class='ocrx_word' id='word_1_355' title='bbox 762 1532 809 1552; x_wconf 91' lang='lat' dir='ltr'><strong>eos</strong></span> <span class='ocrx_word' id='word_1_356' title='bbox 826 1533 918 1552; x_wconf 88' lang='lat' dir='ltr'><strong>coram</strong></span> <span class='ocrx_word' id='word_1_357' title='bbox 933 1525 1072 1559; x_wconf 90' lang='lat' dir='ltr'><strong>omnibus,</strong></span> 
     </span>
    </p>
   </div>
   <div class='ocr_carea' id='block_1_40' title="bbox 285 1569 1076 1605">
    <p class='ocr_par' dir='ltr' id='par_1_40' title="bbox 285 1569 1076 1605">
     <span class='ocr_line' id='line_1_40' title="bbox 285 1569 1076 1605; baseline 0.004 -10"><span class='ocrx_word' id='word_1_358' title='bbox 285 1572 313 1595; x_wconf 87' lang='lat' dir='ltr'><strong>et</strong></span> <span class='ocrx_word' id='word_1_359' title='bbox 324 1569 488 1602; x_wconf 80' lang='lat' dir='ltr'><strong>computatis</strong></span> <span class='ocrx_word' id='word_1_360' title='bbox 504 1569 599 1603; x_wconf 86' lang='lat' dir='ltr'><strong>pretiis</strong></span> <span class='ocrx_word' id='word_1_361' title='bbox 613 1570 731 1601; x_wconf 85' lang='lat' dir='ltr'><strong>illorum,</strong></span> <span class='ocrx_word' id='word_1_362' title='bbox 753 1571 917 1598; x_wconf 74' lang='lat' dir='ltr'><strong>invenerunt</strong></span> <span class='ocrx_word' id='word_1_363' title='bbox 933 1572 1076 1605; x_wconf 82' lang='lat' dir='ltr'><strong>pecuniam</strong></span> 
     </span>
    </p>
   </div>
   <div class='ocr_carea' id='block_1_41' title="bbox 285 1612 1077 1648">
    <p class='ocr_par' dir='ltr' id='par_1_41' title="bbox 285 1612 1077 1648">
     <span class='ocr_line' id='line_1_41' title="bbox 285 1612 1077 1648; baseline 0.004 -8"><span class='ocrx_word' id='word_1_364' title='bbox 285 1612 459 1640; x_wconf 84' lang='lat' dir='ltr'><strong>denariorum</strong></span> <span class='ocrx_word' id='word_1_365' title='bbox 475 1614 672 1648; x_wconf 75' lang='lat' dir='ltr'><strong>quinquaginta</strong></span> <span class='ocrx_word' id='word_1_366' title='bbox 692 1614 807 1641; x_wconf 88' lang='lat' dir='ltr'><strong>millium</strong></span> <span class='ocrx_word' id='word_1_367' title='bbox 824 1615 846 1631; x_wconf 74' lang='lat'><strong>7&#39;</strong></span> <span class='ocrx_word' id='word_1_368' title='bbox 862 1624 869 1642; x_wconf 72' lang='grc' dir='ltr'><em>τ</em></span> <span class='ocrx_word' id='word_1_369' title='bbox 886 1624 895 1640; x_wconf 78' lang='grc' dir='ltr'><strong>ι</strong></span> <span class='ocrx_word' id='word_1_370' title='bbox 915 1616 982 1643; x_wconf 87' lang='lat' dir='ltr'><strong>tales</strong></span> <span class='ocrx_word' id='word_1_371' title='bbox 1011 1623 1077 1643; x_wconf 74' lang='lat' dir='ltr'><strong>sane</strong></span> 
     </span>
    </p>
   </div>
   <div class='ocr_carea' id='block_1_42' title="bbox 285 1659 1077 1696">
    <p class='ocr_par' dir='ltr' id='par_1_42' title="bbox 285 1659 1077 1696">
     <span class='ocr_line' id='line_1_42' title="bbox 285 1659 1077 1696; baseline 0.005 -11"><span class='ocrx_word' id='word_1_372' title='bbox 285 1663 364 1686; x_wconf 89' lang='lat' dir='ltr'><strong>erant</strong></span> <span class='ocrx_word' id='word_1_373' title='bbox 380 1659 530 1687; x_wconf 73' lang='lat' dir='ltr'><strong>Salvator-is</strong></span> <span class='ocrx_word' id='word_1_374' title='bbox 543 1660 631 1687; x_wconf 73' lang='lat' dir='ltr'><strong>uosrri</strong></span> <span class='ocrx_word' id='word_1_375' title='bbox 647 1660 785 1695; x_wconf 88' lang='lat' dir='ltr'><strong>discipuli,</strong></span> <span class='ocrx_word' id='word_1_376' title='bbox 801 1665 930 1696; x_wconf 84' lang='lat' dir='ltr'><strong>tantaque</strong></span> <span class='ocrx_word' id='word_1_377' title='bbox 944 1662 1077 1690; x_wconf 87' lang='lat' dir='ltr'><strong>orationis</strong></span> 
     </span>
    </p>
   </div>
   <div class='ocr_carea' id='block_1_43' title="bbox 284 1706 1075 1742">
    <p class='ocr_par' dir='ltr' id='par_1_43' title="bbox 284 1706 1075 1742">
     <span class='ocr_line' id='line_1_43' title="bbox 284 1706 1075 1742; baseline 0.004 -10"><span class='ocrx_word' id='word_1_378' title='bbox 284 1712 380 1732; x_wconf 86' lang='lat' dir='ltr'><strong>eorum</strong></span> <span class='ocrx_word' id='word_1_379' title='bbox 394 1706 434 1733; x_wconf 86' lang='lat' dir='ltr'><strong>vis</strong></span> <span class='ocrx_word' id='word_1_380' title='bbox 451 1710 518 1738; x_wconf 89' lang='lat' dir='ltr'><strong>erat,</strong></span> <span class='ocrx_word' id='word_1_381' title='bbox 532 1713 594 1732; x_wconf 91' lang='lat' dir='ltr'><strong>cum</strong></span> <span class='ocrx_word' id='word_1_382' title='bbox 620 1714 685 1733; x_wconf 86' lang='lat' dir='ltr'><strong>suos</strong></span> <span class='ocrx_word' id='word_1_383' title='bbox 707 1706 844 1734; x_wconf 88' lang='lat' dir='ltr'><strong>auditores</strong></span> <span class='ocrx_word' id='word_1_384' title='bbox 860 1707 1075 1742; x_wconf 83' lang='lat' dir='ltr'><strong>alloquerentur,</strong></span> 
     </span>
    </p>
   </div>
   <div class='ocr_carea' id='block_1_44' title="bbox 284 1751 1078 1789">
    <p class='ocr_par' dir='ltr' id='par_1_44' title="bbox 284 1751 1078 1789">
     <span class='ocr_line' id='line_1_44' title="bbox 284 1751 1078 1789; baseline 0.006 -12"><span class='ocrx_word' id='word_1_385' title='bbox 284 1754 316 1778; x_wconf 89' lang='lat' dir='ltr'><strong>ut</strong></span> <span class='ocrx_word' id='word_1_386' title='bbox 326 1751 438 1778; x_wconf 89' lang='lat' dir='ltr'><strong>intimas</strong></span> <span class='ocrx_word' id='word_1_387' title='bbox 462 1752 545 1778; x_wconf 88' lang='lat' dir='ltr'><strong>animi</strong></span> <span class='ocrx_word' id='word_1_388' title='bbox 572 1757 662 1786; x_wconf 88' lang='lat' dir='ltr'><strong>partes</strong></span> <span class='ocrx_word' id='word_1_389' title='bbox 672 1757 857 1787; x_wconf 86' lang='lat' dir='ltr'><strong>penetrarent,</strong></span> <span class='ocrx_word' id='word_1_390' title='bbox 881 1758 1078 1789; x_wconf 84' lang='lat' dir='ltr'><strong>tangerentque</strong></span> 
     </span>
    </p>
   </div>
   <div class='ocr_carea' id='block_1_45' title="bbox 284 1796 1076 1831">
    <p class='ocr_par' dir='ltr' id='par_1_45' title="bbox 284 1796 1076 1831">
     <span class='ocr_line' id='line_1_45' title="bbox 284 1796 1076 1831; baseline 0.003 -9"><span class='ocrx_word' id='word_1_391' title='bbox 284 1802 319 1822; x_wconf 86' lang='lat' dir='ltr'><strong>ac</strong></span> <span class='ocrx_word' id='word_1_392' title='bbox 342 1796 519 1823; x_wconf 83' lang='lat' dir='ltr'><strong>vulnerarent</strong></span> <span class='ocrx_word' id='word_1_393' title='bbox 545 1796 763 1831; x_wconf 85' lang='lat' dir='ltr'><strong>uniuscujusque</strong></span> <span class='ocrx_word' id='word_1_394' title='bbox 783 1797 980 1824; x_wconf 88' lang='lat' dir='ltr'><strong>conscientiam</strong></span> <span class='ocrx_word' id='word_1_395' title='bbox 998 1797 1076 1831; x_wconf 86' lang='lat' dir='ltr'><strong>adeo,</strong></span> 
     </span>
    </p>
   </div>
   <div class='ocr_carea' id='block_1_46' title="bbox 284 1843 1077 1879">
    <p class='ocr_par' dir='ltr' id='par_1_46' title="bbox 284 1843 1077 1879">
     <span class='ocr_line' id='line_1_46' title="bbox 284 1843 1077 1879; baseline 0.003 -10"><span class='ocrx_word' id='word_1_396' title='bbox 284 1846 316 1870; x_wconf 90' lang='lat' dir='ltr'><strong>ut</strong></span> <span class='ocrx_word' id='word_1_397' title='bbox 326 1850 407 1869; x_wconf 82' lang='lat' dir='ltr'><strong>nemo</strong></span> <span class='ocrx_word' id='word_1_398' title='bbox 421 1843 537 1876; x_wconf 87' lang='lat' dir='ltr'><strong>amplius</strong></span> <span class='ocrx_word' id='word_1_399' title='bbox 547 1843 685 1869; x_wconf 86' lang='lat' dir='ltr'><strong>occultare</strong></span> <span class='ocrx_word' id='word_1_400' title='bbox 704 1847 805 1877; x_wconf 82' lang='lat' dir='ltr'><strong>posset,</strong></span> <span class='ocrx_word' id='word_1_401' title='bbox 825 1843 873 1870; x_wconf 89' lang='lat' dir='ltr'><strong>sed</strong></span> <span class='ocrx_word' id='word_1_402' title='bbox 889 1844 1077 1879; x_wconf 89' lang='lat' dir='ltr'><strong>unusquisque</strong></span> 
     </span>
    </p>
   </div>
   <div class='ocr_carea' id='block_1_47' title="bbox 284 1888 1076 1923">
    <p class='ocr_par' dir='ltr' id='par_1_47' title="bbox 284 1888 1076 1923">
     <span class='ocr_line' id='line_1_47' title="bbox 284 1888 1076 1923; baseline 0.004 -9"><span class='ocrx_word' id='word_1_403' title='bbox 284 1888 314 1915; x_wconf 89' lang='lat' dir='ltr'><strong>in</strong></span> <span class='ocrx_word' id='word_1_404' title='bbox 329 1892 452 1923; x_wconf 86' lang='lat' dir='ltr'><strong>apertum</strong></span> <span class='ocrx_word' id='word_1_405' title='bbox 465 1889 608 1922; x_wconf 83' lang='lat' dir='ltr'><strong>proferret,</strong></span> <span class='ocrx_word' id='word_1_406' title='bbox 628 1889 650 1915; x_wconf 91' lang='lat' dir='ltr'><strong>si</strong></span> <span class='ocrx_word' id='word_1_407' title='bbox 669 1889 749 1923; x_wconf 81' lang='lat' dir='ltr'><strong>cujus</strong></span> <span class='ocrx_word' id='word_1_408' title='bbox 772 1890 865 1916; x_wconf 85' lang='lat' dir='ltr'><strong>arcani</strong></span> <span class='ocrx_word' id='word_1_409' title='bbox 881 1890 1008 1917; x_wconf 86' lang='lat' dir='ltr'><strong>conscius</strong></span> <span class='ocrx_word' id='word_1_410' title='bbox 1024 1891 1076 1918; x_wconf 84' lang='lat' dir='ltr'><strong>sibi</strong></span> 
     </span>
    </p>
   </div>
   <div class='ocr_carea' id='block_1_48' title="bbox 285 1933 1077 1969">
    <p class='ocr_par' dir='ltr' id='par_1_48' title="bbox 285 1933 1077 1969">
     <span class='ocr_line' id='line_1_48' title="bbox 285 1933 1077 1969; baseline 0.001 -8"><span class='ocrx_word' id='word_1_411' title='bbox 285 1938 368 1966; x_wconf 86' lang='lat' dir='ltr'><strong>esset,</strong></span> <span class='ocrx_word' id='word_1_412' title='bbox 385 1933 557 1968; x_wconf 83' lang='lat' dir='ltr'><strong>iudicemque</strong></span> <span class='ocrx_word' id='word_1_413' title='bbox 580 1942 692 1961; x_wconf 86' lang='lat' dir='ltr'><strong>suorum</strong></span> <span class='ocrx_word' id='word_1_414' title='bbox 719 1942 779 1969; x_wconf 62' lang='lat' dir='ltr'><strong>qum</strong></span> <span class='ocrx_word' id='word_1_415' title='bbox 804 1935 878 1969; x_wconf 87' lang='lat' dir='ltr'><strong>prius</strong></span> <span class='ocrx_word' id='word_1_416' title='bbox 894 1935 1077 1964; x_wconf 87' lang='lat' dir='ltr'><strong>commisisset</strong></span> 
     </span>
    </p>
   </div>
   <div class='ocr_carea' id='block_1_49' title="bbox 286 1979 1077 2018">
    <p class='ocr_par' dir='ltr' id='par_1_49' title="bbox 286 1979 1077 2018">
     <span class='ocr_line' id='line_1_49' title="bbox 286 1979 1077 2018; baseline 0.005 -12"><span class='ocrx_word' id='word_1_417' title='bbox 286 1979 464 2014; x_wconf 75' lang='lat' dir='ltr'><strong>flagitiorum,</strong></span> <span class='ocrx_word' id='word_1_418' title='bbox 481 1980 601 2015; x_wconf 86' lang='lat' dir='ltr'><strong>seipsqu</strong></span> <span class='ocrx_word' id='word_1_419' title='bbox 629 1986 770 2016; x_wconf 64' lang='lat' dir='ltr'><strong>praestaret</strong></span> <span class='ocrx_word' id='word_1_420' title='bbox 784 1991 789 2008; x_wconf 86' lang='lat'><strong>:</strong></span> <span class='ocrx_word' id='word_1_421' title='bbox 805 1982 873 2009; x_wconf 86' lang='lat' dir='ltr'><strong>tales</strong></span> <span class='ocrx_word' id='word_1_422' title='bbox 896 1982 960 2010; x_wconf 84' lang='lat' dir='ltr'><strong>item</strong></span> <span class='ocrx_word' id='word_1_423' title='bbox 981 1983 1026 2018; x_wconf 92' lang='lat' dir='ltr'><strong>qui</strong></span> <span class='ocrx_word' id='word_1_424' title='bbox 1042 1983 1077 2011; x_wconf 86' lang='lat' dir='ltr'><strong>ab</strong></span> 
     </span>
    </p>
   </div>
   <div class='ocr_carea' id='block_1_50' title="bbox 286 2026 1076 2063">
    <p class='ocr_par' dir='ltr' id='par_1_50' title="bbox 286 2026 1076 2063">
     <span class='ocr_line' id='line_1_50' title="bbox 286 2026 1076 2063; baseline 0.005 -11"><span class='ocrx_word' id='word_1_425' title='bbox 286 2026 341 2052; x_wconf 86' lang='lat' dir='ltr'><strong>illis</strong></span> <span class='ocrx_word' id='word_1_426' title='bbox 354 2026 470 2052; x_wconf 86' lang='lat' dir='ltr'><strong>instituti</strong></span> <span class='ocrx_word' id='word_1_427' title='bbox 483 2031 557 2059; x_wconf 87' lang='lat' dir='ltr'><strong>sunt,</strong></span> <span class='ocrx_word' id='word_1_428' title='bbox 574 2027 650 2060; x_wconf 88' lang='lat' dir='ltr'><strong>puris</strong></span> <span class='ocrx_word' id='word_1_429' title='bbox 666 2027 771 2061; x_wconf 88' lang='lat' dir='ltr'><strong>utique,</strong></span> <span class='ocrx_word' id='word_1_430' title='bbox 791 2027 961 2063; x_wconf 83' lang='lat' dir='ltr'><strong>sincerisque</strong></span> <span class='ocrx_word' id='word_1_431' title='bbox 977 2030 1076 2057; x_wconf 87' lang='lat' dir='ltr'><strong>animis</strong></span> 
     </span>
    </p>
   </div>
   <div class='ocr_carea' id='block_1_51' title="bbox 285 2071 1077 2106">
    <p class='ocr_par' dir='ltr' id='par_1_51' title="bbox 285 2071 1077 2106">
     <span class='ocr_line' id='line_1_51' title="bbox 285 2071 1077 2106; baseline 0.004 -8"><span class='ocrx_word' id='word_1_432' title='bbox 285 2071 403 2106; x_wconf 71' lang='lat' dir='ltr'><strong>praediti,</strong></span> <span class='ocrx_word' id='word_1_433' title='bbox 422 2075 452 2098; x_wconf 91' lang='lat' dir='ltr'><strong>ut</strong></span> <span class='ocrx_word' id='word_1_434' title='bbox 469 2072 535 2099; x_wconf 91' lang='lat' dir='ltr'><strong>nihil</strong></span> <span class='ocrx_word' id='word_1_435' title='bbox 560 2072 588 2098; x_wconf 91' lang='lat' dir='ltr'><strong>iu</strong></span> <span class='ocrx_word' id='word_1_436' title='bbox 614 2072 667 2100; x_wconf 86' lang='lat' dir='ltr'><strong>illis</strong></span> <span class='ocrx_word' id='word_1_437' title='bbox 691 2073 823 2105; x_wconf 87' lang='lat' dir='ltr'><strong>simulati,</strong></span> <span class='ocrx_word' id='word_1_438' title='bbox 849 2077 896 2099; x_wconf 85' lang='lat' dir='ltr'><strong>aut</strong></span> <span class='ocrx_word' id='word_1_439' title='bbox 912 2074 1077 2101; x_wconf 85' lang='lat' dir='ltr'><strong>fraudulcuti</strong></span> 
     </span>
    </p>
   </div>
   <div class='ocr_carea' id='block_1_52' title="bbox 287 2117 1076 2152">
    <p class='ocr_par' dir='ltr' id='par_1_52' title="bbox 287 2117 1076 2152">
     <span class='ocr_line' id='line_1_52' title="bbox 287 2117 1076 2152; baseline 0.005 -9"><span class='ocrx_word' id='word_1_440' title='bbox 287 2117 385 2144; x_wconf 85' lang='lat' dir='ltr'><strong>lateret</strong></span> <span class='ocrx_word' id='word_1_441' title='bbox 402 2127 408 2144; x_wconf 91' lang='lat'>:</span> <span class='ocrx_word' id='word_1_442' title='bbox 427 2117 475 2144; x_wconf 87' lang='lat' dir='ltr'><strong>sed</strong></span> <span class='ocrx_word' id='word_1_443' title='bbox 490 2121 585 2144; x_wconf 84' lang='lat' dir='ltr'><strong>contra</strong></span> <span class='ocrx_word' id='word_1_444' title='bbox 609 2118 700 2152; x_wconf 89' lang='lat' dir='ltr'><strong>potius</strong></span> <span class='ocrx_word' id='word_1_445' title='bbox 727 2117 779 2152; x_wconf 88' lang='lat' dir='ltr'><strong>ipsi</strong></span> <span class='ocrx_word' id='word_1_446' title='bbox 807 2119 958 2147; x_wconf 84' lang='lat' dir='ltr'><strong>mutatione</strong></span> <span class='ocrx_word' id='word_1_447' title='bbox 970 2127 985 2146; x_wconf 88' lang='lat' dir='ltr'><strong>a</strong></span> <span class='ocrx_word' id='word_1_448' title='bbox 999 2119 1076 2147; x_wconf 88' lang='lat' dir='ltr'><strong>dete-</strong></span> 
     </span>
    </p>
   </div>
   <div class='ocr_carea' id='block_1_53' title="bbox 287 2164 1077 2200">
    <p class='ocr_par' dir='ltr' id='par_1_53' title="bbox 287 2164 1077 2200">
     <span class='ocr_line' id='line_1_53' title="bbox 287 2164 1077 2200; baseline 0.003 -9"><span class='ocrx_word' id='word_1_449' title='bbox 287 2164 360 2191; x_wconf 90' lang='lat' dir='ltr'><strong>riore</strong></span> <span class='ocrx_word' id='word_1_450' title='bbox 371 2164 426 2191; x_wconf 86' lang='lat' dir='ltr'><strong>vita</strong></span> <span class='ocrx_word' id='word_1_451' title='bbox 435 2164 467 2191; x_wconf 88' lang='lat' dir='ltr'><strong>ad</strong></span> <span class='ocrx_word' id='word_1_452' title='bbox 483 2164 634 2197; x_wconf 87' lang='lat' dir='ltr'><strong>meliorem,</strong></span> <span class='ocrx_word' id='word_1_453' title='bbox 650 2164 832 2199; x_wconf 80' lang='lat' dir='ltr'><strong>gloriarentur</strong></span> <span class='ocrx_word' id='word_1_454' title='bbox 856 2169 937 2200; x_wconf 87' lang='lat' dir='ltr'><strong>atque</strong></span> <span class='ocrx_word' id='word_1_455' title='bbox 956 2167 1077 2193; x_wconf 88' lang='lat' dir='ltr'><strong>conﬁde-</strong></span> 
     </span>
    </p>
   </div>
   <div class='ocr_carea' id='block_1_54' title="bbox 287 2210 1077 2246">
    <p class='ocr_par' dir='ltr' id='par_1_54' title="bbox 287 2210 1077 2246">
     <span class='ocr_line' id='line_1_54' title="bbox 287 2210 1077 2246; baseline 0.001 -8"><span class='ocrx_word' id='word_1_456' title='bbox 287 2214 363 2238; x_wconf 83' lang='lat' dir='ltr'><strong>rent:</strong></span> <span class='ocrx_word' id='word_1_457' title='bbox 379 2210 424 2245; x_wconf 85' lang='lat' dir='ltr'><strong>qui</strong></span> <span class='ocrx_word' id='word_1_458' title='bbox 442 2211 524 2245; x_wconf 69' lang='lat' dir='ltr'><strong>igitur</strong></span> <span class='ocrx_word' id='word_1_459' title='bbox 539 2211 662 2246; x_wconf 78' lang='lat' dir='ltr'><strong>magicos</strong></span> <span class='ocrx_word' id='word_1_460' title='bbox 677 2211 763 2238; x_wconf 90' lang='lat' dir='ltr'><strong>libros</strong></span> <span class='ocrx_word' id='word_1_461' title='bbox 779 2212 970 2244; x_wconf 88' lang='lat' dir='ltr'><strong>incenderunt,</strong></span> <span class='ocrx_word' id='word_1_462' title='bbox 988 2218 1014 2240; x_wconf 88' lang='lat' dir='ltr'><strong>et</strong></span> <span class='ocrx_word' id='word_1_463' title='bbox 1029 2221 1077 2240; x_wconf 76' lang='lat' dir='ltr'><strong>ex-</strong></span> 
     </span>
    </p>
   </div>
   <div class='ocr_carea' id='block_1_55' title="bbox 286 2257 1076 2292">
    <p class='ocr_par' dir='ltr' id='par_1_55' title="bbox 286 2257 1076 2292">
     <span class='ocr_line' id='line_1_55' title="bbox 286 2257 1076 2292; baseline 0.001 -8"><span class='ocrx_word' id='word_1_464' title='bbox 286 2260 393 2284; x_wconf 84' lang='lat' dir='ltr'><strong>ternam</strong></span> <span class='ocrx_word' id='word_1_465' title='bbox 417 2257 525 2284; x_wconf 89' lang='lat' dir='ltr'><strong>illorum</strong></span> <span class='ocrx_word' id='word_1_466' title='bbox 554 2257 734 2292; x_wconf 86' lang='lat' dir='ltr'><strong>perditionem</strong></span> <span class='ocrx_word' id='word_1_467' title='bbox 761 2258 870 2292; x_wconf 86' lang='lat' dir='ltr'><strong>publico</strong></span> <span class='ocrx_word' id='word_1_468' title='bbox 892 2258 997 2292; x_wconf 83' lang='lat' dir='ltr'><strong>judicio</strong></span> <span class='ocrx_word' id='word_1_469' title='bbox 1027 2267 1076 2286; x_wconf 91' lang='lat' dir='ltr'><strong>suo</strong></span> 
     </span>
    </p>
   </div>
   <div class='ocr_carea' id='block_1_56' title="bbox 286 2303 1076 2338">
    <p class='ocr_par' dir='ltr' id='par_1_56' title="bbox 286 2303 1076 2338">
     <span class='ocr_line' id='line_1_56' title="bbox 286 2303 1076 2338; baseline 0.003 -8"><span class='ocrx_word' id='word_1_470' title='bbox 286 2303 509 2337; x_wconf 87' lang='lat' dir='ltr'><strong>comprobarunt,</strong></span> <span class='ocrx_word' id='word_1_471' title='bbox 526 2311 576 2329; x_wconf 91' lang='lat' dir='ltr'><strong>cur</strong></span> <span class='ocrx_word' id='word_1_472' title='bbox 592 2310 646 2329; x_wconf 89' lang='lat' dir='ltr'><strong>non</strong></span> <span class='ocrx_word' id='word_1_473' title='bbox 661 2303 694 2330; x_wconf 87' lang='lat' dir='ltr'><strong>de</strong></span> <span class='ocrx_word' id='word_1_474' title='bbox 706 2303 806 2337; x_wconf 89' lang='lat' dir='ltr'><strong>seipsis</strong></span> <span class='ocrx_word' id='word_1_475' title='bbox 822 2303 892 2338; x_wconf 84' lang='lat' dir='ltr'><strong>apud</strong></span> <span class='ocrx_word' id='word_1_476' title='bbox 907 2312 1002 2332; x_wconf 89' lang='lat' dir='ltr'><strong>omnes</strong></span> <span class='ocrx_word' id='word_1_477' title='bbox 1016 2313 1076 2332; x_wconf 86' lang='lat' dir='ltr'><strong>cer-</strong></span> 
     </span>
    </p>
   </div>
   <div class='ocr_carea' id='block_1_57' title="bbox 286 2349 1077 2385">
    <p class='ocr_par' dir='ltr' id='par_1_57' title="bbox 286 2349 1077 2385">
     <span class='ocr_line' id='line_1_57' title="bbox 286 2349 1077 2385; baseline 0.005 -9"><span class='ocrx_word' id='word_1_478' title='bbox 286 2350 424 2376; x_wconf 85' lang='lat' dir='ltr'><strong>tissimum</strong></span> <span class='ocrx_word' id='word_1_479' title='bbox 444 2350 558 2384; x_wconf 85' lang='lat' dir='ltr'><strong>posthac</strong></span> <span class='ocrx_word' id='word_1_480' title='bbox 574 2349 714 2384; x_wconf 63' lang='lat' dir='ltr'><strong>praebeant</strong></span> <span class='ocrx_word' id='word_1_481' title='bbox 740 2355 941 2385; x_wconf 76' lang='lat' dir='ltr'><strong>argumentum,</strong></span> <span class='ocrx_word' id='word_1_482' title='bbox 959 2352 1034 2379; x_wconf 88' lang='lat' dir='ltr'><strong>nullo</strong></span> <span class='ocrx_word' id='word_1_483' title='bbox 1047 2361 1077 2381; x_wconf 85' lang='lat' dir='ltr'><strong>se</strong></span> 
     </span>
    </p>
   </div>
   <div class='ocr_carea' id='block_1_58' title="bbox 287 2395 1076 2430">
    <p class='ocr_par' dir='ltr' id='par_1_58' title="bbox 287 2395 1076 2430">
     <span class='ocr_line' id='line_1_58' title="bbox 287 2395 1076 2430; baseline 0.004 -8"><span class='ocrx_word' id='word_1_484' title='bbox 287 2402 401 2430; x_wconf 89' lang='lat' dir='ltr'><strong>prorsus</strong></span> <span class='ocrx_word' id='word_1_485' title='bbox 435 2395 603 2430; x_wconf 77' lang='lat' dir='ltr'><strong>magicarum</strong></span> <span class='ocrx_word' id='word_1_486' title='bbox 642 2403 733 2422; x_wconf 86' lang='lat' dir='ltr'><strong>rerum</strong></span> <span class='ocrx_word' id='word_1_487' title='bbox 763 2396 855 2422; x_wconf 90' lang='lat' dir='ltr'><strong>studio</strong></span> <span class='ocrx_word' id='word_1_488' title='bbox 892 2396 1000 2423; x_wconf 86' lang='lat' dir='ltr'><strong>teneri?</strong></span> <span class='ocrx_word' id='word_1_489' title='bbox 1028 2398 1076 2425; x_wconf 88' lang='lat' dir='ltr'><strong>sed</strong></span> 
     </span>
    </p>
   </div>
   <div class='ocr_carea' id='block_1_59' title="bbox 287 2441 1076 2476">
    <p class='ocr_par' dir='ltr' id='par_1_59' title="bbox 287 2441 1076 2476">
     <span class='ocr_line' id='line_1_59' title="bbox 287 2441 1076 2476; baseline 0.005 -9"><span class='ocrx_word' id='word_1_490' title='bbox 287 2445 383 2468; x_wconf 90' lang='lat' dir='ltr'><strong>contra</strong></span> <span class='ocrx_word' id='word_1_491' title='bbox 399 2441 501 2476; x_wconf 88' lang='lat' dir='ltr'><strong>potius,</strong></span> <span class='ocrx_word' id='word_1_492' title='bbox 531 2449 563 2468; x_wconf 76' lang='lat' dir='ltr'><strong>ex</strong></span> <span class='ocrx_word' id='word_1_493' title='bbox 590 2441 637 2468; x_wconf 90' lang='lat' dir='ltr'><strong>illo</strong></span> <span class='ocrx_word' id='word_1_494' title='bbox 656 2441 713 2476; x_wconf 87' lang='lat' dir='ltr'><strong>jam</strong></span> <span class='ocrx_word' id='word_1_495' title='bbox 742 2450 826 2476; x_wconf 88' lang='lat' dir='ltr'><strong>puros</strong></span> <span class='ocrx_word' id='word_1_496' title='bbox 848 2450 877 2470; x_wconf 88' lang='lat' dir='ltr'><strong>se</strong></span> <span class='ocrx_word' id='word_1_497' title='bbox 896 2451 967 2476; x_wconf 89' lang='lat' dir='ltr'><strong>esse,</strong></span> <span class='ocrx_word' id='word_1_498' title='bbox 990 2448 1016 2471; x_wconf 89' lang='lat' dir='ltr'><strong>et</strong></span> <span class='ocrx_word' id='word_1_499' title='bbox 1042 2446 1076 2472; x_wconf 86' lang='lat' dir='ltr'><strong>ab</strong></span> 
     </span>
    </p>
   </div>
   <div class='ocr_carea' id='block_1_60' title="bbox 287 2487 1073 2525">
    <p class='ocr_par' dir='ltr' id='par_1_60' title="bbox 287 2487 1073 2525">
     <span class='ocr_line' id='line_1_60' title="bbox 287 2487 1073 2525; baseline 0.004 -11"><span class='ocrx_word' id='word_1_500' title='bbox 287 2489 362 2515; x_wconf 91' lang='lat' dir='ltr'><strong>omni</strong></span> <span class='ocrx_word' id='word_1_501' title='bbox 388 2487 523 2522; x_wconf 85' lang='lat' dir='ltr'><strong>ejusmodi</strong></span> <span class='ocrx_word' id='word_1_502' title='bbox 539 2488 699 2522; x_wconf 76' lang='lat' dir='ltr'><strong>suspicione</strong></span> <span class='ocrx_word' id='word_1_503' title='bbox 729 2489 869 2516; x_wconf 84' lang='lat' dir='ltr'><strong>remotos?</strong></span> <span class='ocrx_word' id='word_1_504' title='bbox 884 2489 912 2515; x_wconf 86' lang='lat' dir='ltr'><strong>Si</strong></span> <span class='ocrx_word' id='word_1_505' title='bbox 928 2496 993 2525; x_wconf 74' lang='lat' dir='ltr'><strong>ergo</strong></span> <span class='ocrx_word' id='word_1_506' title='bbox 1016 2490 1073 2524; x_wconf 87' lang='lat' dir='ltr'><strong>jam</strong></span> 
     </span>
    </p>
   </div>
   <div class='ocr_carea' id='block_1_61' title="bbox 287 2533 1075 2568">
    <p class='ocr_par' dir='ltr' id='par_1_61' title="bbox 287 2533 1075 2568">
     <span class='ocr_line' id='line_1_61' title="bbox 287 2533 1075 2568; baseline 0.005 -8"><span class='ocrx_word' id='word_1_507' title='bbox 287 2538 395 2561; x_wconf 87' lang='lat' dir='ltr'><strong>constat</strong></span> <span class='ocrx_word' id='word_1_508' title='bbox 423 2534 572 2560; x_wconf 85' lang='lat' dir='ltr'><strong>Salvatoris</strong></span> <span class='ocrx_word' id='word_1_509' title='bbox 603 2534 690 2560; x_wconf 89' lang='lat' dir='ltr'><strong>nostri</strong></span> <span class='ocrx_word' id='word_1_510' title='bbox 715 2533 867 2568; x_wconf 87' lang='lat' dir='ltr'><strong>discipulos</strong></span> <span class='ocrx_word' id='word_1_511' title='bbox 894 2535 961 2563; x_wconf 84' lang='lat' dir='ltr'><strong>tales</strong></span> <span class='ocrx_word' id='word_1_512' title='bbox 991 2537 1075 2564; x_wconf 87' lang='lat' dir='ltr'><strong>exsti-</strong></span> 
     </span>
    </p>
   </div>
   <div class='ocr_carea' id='block_1_62' title="bbox 287 2579 1075 2615">
    <p class='ocr_par' dir='ltr' id='par_1_62' title="bbox 287 2579 1075 2615">
     <span class='ocr_line' id='line_1_62' title="bbox 287 2579 1075 2615; baseline 0.005 -10"><span class='ocrx_word' id='word_1_513' title='bbox 287 2579 366 2609; x_wconf 85' lang='lat' dir='ltr'><strong>tisse.</strong></span> <span class='ocrx_word' id='word_1_514' title='bbox 395 2587 445 2606; x_wconf 85' lang='lat' dir='ltr'><strong>cur</strong></span> <span class='ocrx_word' id='word_1_515' title='bbox 473 2588 529 2606; x_wconf 91' lang='lat' dir='ltr'><strong>non</strong></span> <span class='ocrx_word' id='word_1_516' title='bbox 554 2580 613 2615; x_wconf 84' lang='lat' dir='ltr'><strong>ipse</strong></span> <span class='ocrx_word' id='word_1_517' title='bbox 639 2579 793 2614; x_wconf 60' lang='lat' dir='ltr'><strong>Praeceptor</strong></span> <span class='ocrx_word' id='word_1_518' title='bbox 815 2580 865 2607; x_wconf 83' lang='lat' dir='ltr'><strong>fuit</strong></span> <span class='ocrx_word' id='word_1_519' title='bbox 890 2582 975 2609; x_wconf 90' lang='lat' dir='ltr'><strong>multo</strong></span> <span class='ocrx_word' id='word_1_520' title='bbox 993 2583 1075 2610; x_wconf 83' lang='lat' dir='ltr'><strong>ante?</strong></span> 
     </span>
    </p>
   </div>
   <div class='ocr_carea' id='block_1_63' title="bbox 291 2624 1075 2662">
    <p class='ocr_par' dir='ltr' id='par_1_63' title="bbox 291 2624 1075 2662">
     <span class='ocr_line' id='line_1_63' title="bbox 291 2624 1075 2662; baseline 0.006 -12"><span class='ocrx_word' id='word_1_521' title='bbox 291 2625 371 2659; x_wconf 77' lang='lat'><strong>129</strong></span> <span class='ocrx_word' id='word_1_522' title='bbox 385 2624 462 2658; x_wconf 85' lang='lat' dir='ltr'><strong>Quod</strong></span> <span class='ocrx_word' id='word_1_523' title='bbox 489 2625 511 2653; x_wconf 89' lang='lat' dir='ltr'><strong>si</strong></span> <span class='ocrx_word' id='word_1_524' title='bbox 533 2625 566 2652; x_wconf 84' lang='lat' dir='ltr'><strong>de</strong></span> <span class='ocrx_word' id='word_1_525' title='bbox 588 2625 732 2660; x_wconf 87' lang='lat' dir='ltr'><strong>discipulis</strong></span> <span class='ocrx_word' id='word_1_526' title='bbox 746 2627 854 2660; x_wconf 89' lang='lat' dir='ltr'><strong>qualem</strong></span> <span class='ocrx_word' id='word_1_527' title='bbox 881 2631 1075 2662; x_wconf 63' lang='lat' dir='ltr'><strong>prtrceptorem</strong></span> 
     </span>
    </p>
   </div>
   <div class='ocr_carea' id='block_1_64' title="bbox 289 2671 1075 2708">
    <p class='ocr_par' dir='ltr' id='par_1_64' title="bbox 289 2671 1075 2708">
     <span class='ocr_line' id='line_1_64' title="bbox 289 2671 1075 2708; baseline 0.005 -12"><span class='ocrx_word' id='word_1_528' title='bbox 289 2671 435 2697; x_wconf 82' lang='lat' dir='ltr'><strong>habuerint</strong></span> <span class='ocrx_word' id='word_1_529' title='bbox 448 2672 489 2699; x_wconf 86' lang='lat' dir='ltr'><strong>vis</strong></span> <span class='ocrx_word' id='word_1_530' title='bbox 506 2681 683 2707; x_wconf 78' lang='lat' dir='ltr'><strong>cognoscere,</strong></span> <span class='ocrx_word' id='word_1_531' title='bbox 707 2673 790 2700; x_wconf 87' lang='lat' dir='ltr'><strong>habes</strong></span> <span class='ocrx_word' id='word_1_532' title='bbox 813 2672 894 2700; x_wconf 85' lang='lat' dir='ltr'><strong>hodie</strong></span> <span class='ocrx_word' id='word_1_533' title='bbox 909 2681 1017 2708; x_wconf 88' lang='lat' dir='ltr'><strong>quoque</strong></span> <span class='ocrx_word' id='word_1_534' title='bbox 1031 2674 1075 2700; x_wconf 88' lang='lat' dir='ltr'><strong>in-</strong></span> 
     </span>
    </p>
   </div>
   <div class='ocr_carea' id='block_1_65' title="bbox 289 2717 1075 2754">
    <p class='ocr_par' dir='ltr' id='par_1_65' title="bbox 289 2717 1075 2754">
     <span class='ocr_line' id='line_1_65' title="bbox 289 2717 1075 2754; baseline 0.003 -10"><span class='ocrx_word' id='word_1_535' title='bbox 289 2717 473 2744; x_wconf 84' lang='lat' dir='ltr'><strong>numerabiles</strong></span> <span class='ocrx_word' id='word_1_536' title='bbox 490 2718 632 2745; x_wconf 88' lang='lat' dir='ltr'><strong>verborum</strong></span> <span class='ocrx_word' id='word_1_537' title='bbox 647 2718 713 2746; x_wconf 80' lang='lat' dir='ltr'><strong>Jesu</strong></span> <span class='ocrx_word' id='word_1_538' title='bbox 738 2718 900 2753; x_wconf 87' lang='lat' dir='ltr'><strong>discipulos,</strong></span> <span class='ocrx_word' id='word_1_539' title='bbox 917 2727 951 2746; x_wconf 76' lang='lat' dir='ltr'><strong>ex</strong></span> <span class='ocrx_word' id='word_1_540' title='bbox 975 2720 1075 2754; x_wconf 85' lang='lat' dir='ltr'><strong>quibus</strong></span> 
     </span>
    </p>
   </div>
   <div class='ocr_carea' id='block_1_66' title="bbox 290 2761 1074 2799">
    <p class='ocr_par' dir='ltr' id='par_1_66' title="bbox 290 2761 1074 2799">
     <span class='ocr_line' id='line_1_66' title="bbox 290 2761 1074 2799; baseline 0.006 -12"><span class='ocrx_word' id='word_1_541' title='bbox 290 2761 400 2796; x_wconf 87' lang='lat' dir='ltr'><strong>plurimi</strong></span> <span class='ocrx_word' id='word_1_542' title='bbox 417 2763 537 2790; x_wconf 86' lang='lat' dir='ltr'><strong>virorum</strong></span> <span class='ocrx_word' id='word_1_543' title='bbox 550 2772 700 2792; x_wconf 72' lang='lat' dir='ltr'><strong>conventus</strong></span> <span class='ocrx_word' id='word_1_544' title='bbox 713 2765 859 2797; x_wconf 79' lang='lat' dir='ltr'><strong>exsistunt,</strong></span> <span class='ocrx_word' id='word_1_545' title='bbox 871 2765 917 2799; x_wconf 86' lang='lat' dir='ltr'><strong>qui</strong></span> <span class='ocrx_word' id='word_1_546' title='bbox 936 2770 991 2792; x_wconf 92' lang='lat' dir='ltr'><strong>tum</strong></span> <span class='ocrx_word' id='word_1_547' title='bbox 1009 2773 1074 2793; x_wconf 88' lang='lat' dir='ltr'><strong>cou-</strong></span> 
     </span>
    </p>
   </div>
   <div class='ocr_carea' id='block_1_67' title="bbox 291 2809 1076 2846">
    <p class='ocr_par' dir='ltr' id='par_1_67' title="bbox 291 2809 1076 2846">
     <span class='ocr_line' id='line_1_67' title="bbox 291 2809 1076 2846; baseline 0.006 -12"><span class='ocrx_word' id='word_1_548' title='bbox 291 2811 334 2835; x_wconf 84' lang='lat' dir='ltr'><strong>tra</strong></span> <span class='ocrx_word' id='word_1_549' title='bbox 353 2809 490 2836; x_wconf 85' lang='lat' dir='ltr'><strong>naturales</strong></span> <span class='ocrx_word' id='word_1_550' title='bbox 505 2813 627 2846; x_wconf 87' lang='lat' dir='ltr'><strong>corporis</strong></span> <span class='ocrx_word' id='word_1_551' title='bbox 642 2812 795 2846; x_wconf 78' lang='lat' dir='ltr'><strong>voluptates</strong></span> <span class='ocrx_word' id='word_1_552' title='bbox 809 2811 888 2846; x_wconf 84' lang='lat' dir='ltr'><strong>quasi</strong></span> <span class='ocrx_word' id='word_1_553' title='bbox 904 2812 931 2838; x_wconf 92' lang='lat' dir='ltr'><strong>in</strong></span> <span class='ocrx_word' id='word_1_554' title='bbox 943 2813 1000 2839; x_wconf 86' lang='lat' dir='ltr'><strong>acie</strong></span> <span class='ocrx_word' id='word_1_555' title='bbox 1013 2820 1076 2840; x_wconf 84' lang='lat' dir='ltr'><strong>cou-</strong></span> 
     </span>
    </p>
   </div>
   <div class='ocr_carea' id='block_1_68' title="bbox 327 2886 552 2922">
    <p class='ocr_par' dir='ltr' id='par_1_68' title="bbox 327 2886 552 2922">
     <span class='ocr_line' id='line_1_68' title="bbox 327 2886 552 2922; baseline 0.009 -9"><span class='ocrx_word' id='word_1_556' title='bbox 327 2886 350 2902; x_wconf 81' lang='lat'>&quot;</span> <span class='ocrx_word' id='word_1_557' title='bbox 359 2886 419 2914; x_wconf 84' lang='lat' dir='ltr'><strong>Act.</strong></span> <span class='ocrx_word' id='word_1_558' title='bbox 436 2895 492 2922; x_wconf 77' lang='lat' dir='ltr'><strong>xu,</strong></span> <span class='ocrx_word' id='word_1_559' title='bbox 512 2888 552 2916; x_wconf 80' lang='lat' dir='ltr'><strong>l9.</strong></span> 
     </span>
    </p>
   </div>
   <div class='ocr_carea' id='block_1_69' title="bbox 1130 1151 1923 1189">
    <p class='ocr_par' dir='ltr' id='par_1_69' title="bbox 1130 1151 1923 1189">
     <span class='ocr_line' id='line_1_69' title="bbox 1130 1151 1923 1189; baseline -0.005 -8"><span class='ocrx_word' id='word_1_560' title='bbox 1130 1155 1203 1181; x_wconf 80' lang='grc' dir='ltr'>ῑδίων</span> <span class='ocrx_word' id='word_1_561' title='bbox 1224 1153 1351 1189; x_wconf 76' lang='grc' dir='ltr'>πράξεων</span> <span class='ocrx_word' id='word_1_562' title='bbox 1375 1152 1544 1188; x_wconf 71' lang='grc' dir='ltr'><strong>ἱστοροῦνται</strong></span> <span class='ocrx_word' id='word_1_563' title='bbox 1567 1153 1630 1183; x_wconf 75' lang='grc' dir='ltr'>τοὺς</span> <span class='ocrx_word' id='word_1_564' title='bbox 1652 1151 1682 1184; x_wconf 76' lang='grc' dir='ltr'>ἐξ</span> <span class='ocrx_word' id='word_1_565' title='bbox 1697 1151 1781 1177; x_wconf 82' lang='grc' dir='ltr'>ἐθνῶν</span> <span class='ocrx_word' id='word_1_566' title='bbox 1800 1153 1833 1186; x_wconf 81' lang='grc' dir='ltr'>τῇ</span> <span class='ocrx_word' id='word_1_567' title='bbox 1849 1151 1923 1178; x_wconf 58' lang='grc' dir='ltr'>διίαα</span> 
     </span>
    </p>
   </div>
   <div class='ocr_carea' id='block_1_70' title="bbox 1130 1196 1922 1234">
    <p class='ocr_par' dir='ltr' id='par_1_70' title="bbox 1130 1196 1922 1234">
     <span class='ocr_line' id='line_1_70' title="bbox 1130 1196 1922 1234; baseline -0.004 -8"><span class='ocrx_word' id='word_1_568' title='bbox 1130 1199 1229 1234; x_wconf 70' lang='grc' dir='ltr'>σκαλὶα</span> <span class='ocrx_word' id='word_1_569' title='bbox 1246 1198 1336 1226; x_wconf 82' lang='grc' dir='ltr'>αὐτῶν</span> <span class='ocrx_word' id='word_1_570' title='bbox 1355 1198 1528 1232; x_wconf 75' lang='grc' dir='ltr'><strong>προσιόντας,</strong></span> <span class='ocrx_word' id='word_1_571' title='bbox 1543 1197 1614 1224; x_wconf 79' lang='grc' dir='ltr'>ὥστε</span> <span class='ocrx_word' id='word_1_572' title='bbox 1628 1197 1740 1228; x_wconf 80' lang='grc' dir='ltr'>πολλοὺς</span> <span class='ocrx_word' id='word_1_573' title='bbox 1756 1196 1810 1223; x_wconf 80' lang='grc' dir='ltr'>τῶν</span> <span class='ocrx_word' id='word_1_574' title='bbox 1825 1198 1922 1232; x_wconf 80' lang='grc' dir='ltr'>πρότε-</span> 
     </span>
    </p>
   </div>
   <div class='ocr_carea' id='block_1_71' title="bbox 1130 1243 1921 1281">
    <p class='ocr_par' dir='ltr' id='par_1_71' title="bbox 1130 1243 1921 1281">
     <span class='ocr_line' id='line_1_71' title="bbox 1130 1243 1921 1281; baseline -0.001 -9"><span class='ocrx_word' id='word_1_575' title='bbox 1130 1254 1176 1281; x_wconf 86' lang='grc' dir='ltr'>ρον</span> <span class='ocrx_word' id='word_1_576' title='bbox 1194 1246 1258 1280; x_wconf 74' lang='grc' dir='ltr'><strong>περῖ⁴</strong></span> <span class='ocrx_word' id='word_1_577' title='bbox 1270 1245 1397 1280; x_wconf 75' lang='grc' dir='ltr'><strong>γοητείαν</strong></span> <span class='ocrx_word' id='word_1_578' title='bbox 1413 1244 1540 1279; x_wconf 71' lang='grc' dir='ltr'>διαϐεϐλη</span> <span class='ocrx_word' id='word_1_579' title='bbox 1546 1245 1633 1279; x_wconf 83' lang='grc' dir='ltr'>μένων</span> <span class='ocrx_word' id='word_1_580' title='bbox 1645 1245 1684 1275; x_wconf 83' lang='grc' dir='ltr'><strong>εἰς</strong></span> <span class='ocrx_word' id='word_1_581' title='bbox 1698 1243 1822 1270; x_wconf 80' lang='grc' dir='ltr'>τοσοῦτον</span> <span class='ocrx_word' id='word_1_582' title='bbox 1838 1252 1921 1279; x_wconf 81' lang='grc' dir='ltr'>μετα-</span> 
     </span>
    </p>
   </div>
   <div class='ocr_carea' id='block_1_72' title="bbox 1129 1290 1922 1326">
    <p class='ocr_par' dir='ltr' id='par_1_72' title="bbox 1129 1290 1922 1326">
     <span class='ocr_line' id='line_1_72' title="bbox 1129 1290 1922 1326; baseline -0.003 -9"><span class='ocrx_word' id='word_1_583' title='bbox 1129 1291 1221 1318; x_wconf 76' lang='grc' dir='ltr'>ϐαλεῖν</span> <span class='ocrx_word' id='word_1_584' title='bbox 1235 1291 1280 1317; x_wconf 81' lang='grc' dir='ltr'>τὸν</span> <span class='ocrx_word' id='word_1_585' title='bbox 1294 1290 1398 1316; x_wconf 76' lang='grc' dir='ltr'>ἑαυτῶν</span> <span class='ocrx_word' id='word_1_586' title='bbox 1411 1290 1522 1326; x_wconf 79' lang='grc' dir='ltr'>τρόπον,</span> <span class='ocrx_word' id='word_1_587' title='bbox 1535 1290 1572 1321; x_wconf 84' lang='grc' dir='ltr'>ὡς</span> <span class='ocrx_word' id='word_1_588' title='bbox 1585 1291 1624 1321; x_wconf 79' lang='grc' dir='ltr'><strong>είς</strong></span> <span class='ocrx_word' id='word_1_589' title='bbox 1639 1290 1720 1325; x_wconf 80' lang='grc' dir='ltr'>μέσον</span> <span class='ocrx_word' id='word_1_590' title='bbox 1735 1290 1922 1324; x_wconf 49' lang='grc' dir='ltr'>ἀγαγεῖν-τολ-</span> 
     </span>
    </p>
   </div>
   <div class='ocr_carea' id='block_1_73' title="bbox 1131 1336 1923 1373">
    <p class='ocr_par' dir='ltr' id='par_1_73' title="bbox 1131 1336 1923 1373">
     <span class='ocr_line' id='line_1_73' title="bbox 1131 1336 1923 1373; baseline 0 -9"><span class='ocrx_word' id='word_1_591' title='bbox 1131 1338 1215 1373; x_wconf 79' lang='grc' dir='ltr'>μῆσαι</span> <span class='ocrx_word' id='word_1_592' title='bbox 1229 1337 1278 1368; x_wconf 86' lang='grc' dir='ltr'><strong>τὰς</strong></span> <span class='ocrx_word' id='word_1_593' title='bbox 1297 1337 1525 1373; x_wconf 79' lang='grc' dir='ltr'>ἀπηγορευμένας</span> <span class='ocrx_word' id='word_1_594' title='bbox 1548 1336 1665 1371; x_wconf 71' lang='grc' dir='ltr'>βίϐλους,</span> <span class='ocrx_word' id='word_1_595' title='bbox 1679 1337 1726 1362; x_wconf 75' lang='grc' dir='ltr'>καὶ</span> <span class='ocrx_word' id='word_1_596' title='bbox 1750 1337 1853 1369; x_wconf 81' lang='grc' dir='ltr'>ταύτας</span> <span class='ocrx_word' id='word_1_597' title='bbox 1878 1339 1923 1364; x_wconf 70' lang='grc' dir='ltr'><strong>ὲν-</strong></span> 
     </span>
    </p>
   </div>
   <div class='ocr_carea' id='block_1_74' title="bbox 1132 1382 1920 1418">
    <p class='ocr_par' dir='ltr' id='par_1_74' title="bbox 1132 1382 1920 1418">
     <span class='ocr_line' id='line_1_74' title="bbox 1132 1382 1920 1418; baseline 0.001 -9"><span class='ocrx_word' id='word_1_598' title='bbox 1132 1383 1218 1410; x_wconf 83' lang='grc' dir='ltr'>ώπιον</span> <span class='ocrx_word' id='word_1_599' title='bbox 1227 1383 1335 1410; x_wconf 84' lang='grc' dir='ltr'>πάντων</span> <span class='ocrx_word' id='word_1_600' title='bbox 1351 1383 1417 1418; x_wconf 71' lang='grc' dir='ltr'>πυρὶ</span> <span class='ocrx_word' id='word_1_601' title='bbox 1430 1382 1609 1418; x_wconf 73' lang='grc' dir='ltr'>παραδοῦναι.</span> <span class='ocrx_word' id='word_1_602' title='bbox 1631 1383 1795 1410; x_wconf 77' lang='grc' dir='ltr'>Ἑπάκουσον</span> <span class='ocrx_word' id='word_1_603' title='bbox 1806 1384 1834 1410; x_wconf 80' lang='grc' dir='ltr'><strong>δὲ</strong></span> <span class='ocrx_word' id='word_1_604' title='bbox 1847 1385 1920 1415; x_wconf 76' lang='grc' dir='ltr'>ὅπως</span> 
     </span>
    </p>
   </div>
   <div class='ocr_carea' id='block_1_75' title="bbox 1129 1428 1920 1465">
    <p class='ocr_par' dir='ltr' id='par_1_75' title="bbox 1129 1428 1920 1465">
     <span class='ocr_line' id='line_1_75' title="bbox 1129 1428 1920 1465; baseline -0.001 -9"><span class='ocrx_word' id='word_1_605' title='bbox 1129 1431 1145 1464; x_wconf 83' lang='grc' dir='ltr'>ἠ</span> <span class='ocrx_word' id='word_1_606' title='bbox 1169 1429 1262 1464; x_wconf 77' lang='grc' dir='ltr'>γραφὴ</span> <span class='ocrx_word' id='word_1_607' title='bbox 1288 1429 1429 1464; x_wconf 75' lang='grc' dir='ltr'><strong>περιέχει·</strong></span> <span class='ocrx_word' id='word_1_608' title='bbox 1449 1438 1460 1453; x_wconf 74' lang='grc' dir='ltr'><strong>ι</strong></span> <span class='ocrx_word' id='word_1_609' title='bbox 1489 1429 1588 1455; x_wconf 83' lang='grc' dir='ltr'>Ἱκανοὶ</span> <span class='ocrx_word' id='word_1_610' title='bbox 1610 1428 1638 1454; x_wconf 79' lang='grc' dir='ltr'><strong>δὲ</strong></span> <span class='ocrx_word' id='word_1_611' title='bbox 1660 1428 1714 1455; x_wconf 86' lang='grc' dir='ltr'>τῶν</span> <span class='ocrx_word' id='word_1_612' title='bbox 1730 1429 1764 1455; x_wconf 79' lang='grc' dir='ltr'>τὰ</span> <span class='ocrx_word' id='word_1_613' title='bbox 1787 1429 1920 1465; x_wconf 78' lang='grc' dir='ltr'>περίεργα</span> 
     </span>
    </p>
   </div>
   <div class='ocr_carea' id='block_1_76' title="bbox 1129 1475 1920 1510">
    <p class='ocr_par' dir='ltr' id='par_1_76' title="bbox 1129 1475 1920 1510">
     <span class='ocr_line' id='line_1_76' title="bbox 1129 1475 1920 1510; baseline 0.001 -9"><span class='ocrx_word' id='word_1_614' title='bbox 1129 1475 1301 1510; x_wconf 75' lang='grc' dir='ltr'><strong>πραξάντων,</strong></span> <span class='ocrx_word' id='word_1_615' title='bbox 1316 1475 1568 1509; x_wconf 79' lang='grc' dir='ltr'>συνεισενέγκαντες</span> <span class='ocrx_word' id='word_1_616' title='bbox 1580 1475 1629 1506; x_wconf 79' lang='grc' dir='ltr'><strong>τὰς</strong></span> <span class='ocrx_word' id='word_1_617' title='bbox 1642 1475 1759 1510; x_wconf 74' lang='grc' dir='ltr'>βίϐλους,</span> <span class='ocrx_word' id='word_1_618' title='bbox 1775 1476 1920 1502; x_wconf 73' lang='grc' dir='ltr'>κατέκαιον</span> 
     </span>
    </p>
   </div>
   <div class='ocr_carea' id='block_1_77' title="bbox 1128 1519 1918 1559">
    <p class='ocr_par' dir='ltr' id='par_1_77' title="bbox 1128 1519 1918 1559">
     <span class='ocr_line' id='line_1_77' title="bbox 1128 1519 1918 1559; baseline 0 -13"><span class='ocrx_word' id='word_1_619' title='bbox 1128 1520 1242 1547; x_wconf 82' lang='grc' dir='ltr'>ἐνώπιον</span> <span class='ocrx_word' id='word_1_620' title='bbox 1257 1520 1375 1553; x_wconf 82' lang='grc' dir='ltr'>πάντων,</span> <span class='ocrx_word' id='word_1_621' title='bbox 1393 1520 1439 1546; x_wconf 75' lang='grc' dir='ltr'>καὶ</span> <span class='ocrx_word' id='word_1_622' title='bbox 1457 1519 1642 1554; x_wconf 68' lang='grc' dir='ltr'><strong>συνεψήφισαν</strong></span> <span class='ocrx_word' id='word_1_623' title='bbox 1657 1520 1706 1551; x_wconf 77' lang='grc' dir='ltr'><strong>τὰς</strong></span> <span class='ocrx_word' id='word_1_624' title='bbox 1720 1520 1803 1555; x_wconf 75' lang='grc' dir='ltr'>τιμὰς</span> <span class='ocrx_word' id='word_1_625' title='bbox 1818 1520 1918 1559; x_wconf 64' lang='grc' dir='ltr'>αὺτῶγ,</span> 
     </span>
    </p>
   </div>
   <div class='ocr_carea' id='block_1_78' title="bbox 1129 1563 1920 1602">
    <p class='ocr_par' dir='ltr' id='par_1_78' title="bbox 1129 1563 1920 1602">
     <span class='ocr_line' id='line_1_78' title="bbox 1129 1563 1920 1602; baseline 0 -10"><span class='ocrx_word' id='word_1_626' title='bbox 1129 1566 1175 1593; x_wconf 75' lang='grc' dir='ltr'><strong>καὶ</strong></span> <span class='ocrx_word' id='word_1_627' title='bbox 1198 1563 1278 1602; x_wconf 74' lang='grc' dir='ltr'>εὖρον</span> <span class='ocrx_word' id='word_1_628' title='bbox 1296 1566 1428 1601; x_wconf 77' lang='grc' dir='ltr'>ἀργυρίου</span> <span class='ocrx_word' id='word_1_629' title='bbox 1455 1565 1587 1600; x_wconf 74' lang='grc' dir='ltr'><strong>μυριάδας</strong></span> <span class='ocrx_word' id='word_1_630' title='bbox 1601 1565 1692 1593; x_wconf 81' lang='grc' dir='ltr'>πέντε.</span> <span class='ocrx_word' id='word_1_631' title='bbox 1712 1575 1722 1592; x_wconf 78' lang='grc' dir='ltr'><strong>ι</strong></span> <span class='ocrx_word' id='word_1_632' title='bbox 1747 1566 1867 1593; x_wconf 80' lang='grc' dir='ltr'>Τοιοῦτοι</span> <span class='ocrx_word' id='word_1_633' title='bbox 1887 1566 1920 1602; x_wconf 78' lang='grc' dir='ltr'><strong>δή</strong></span> 
     </span>
    </p>
   </div>
   <div class='ocr_carea' id='block_1_79' title="bbox 1127 1611 1920 1648">
    <p class='ocr_par' dir='ltr' id='par_1_79' title="bbox 1127 1611 1920 1648">
     <span class='ocr_line' id='line_1_79' title="bbox 1127 1611 1920 1648; baseline -0.001 -9"><span class='ocrx_word' id='word_1_634' title='bbox 1127 1621 1199 1644; x_wconf 86' lang='grc' dir='ltr'>τινες</span> <span class='ocrx_word' id='word_1_635' title='bbox 1213 1613 1238 1638; x_wconf 78' lang='grc' dir='ltr'>οἱ</span> <span class='ocrx_word' id='word_1_636' title='bbox 1255 1612 1302 1638; x_wconf 82' lang='grc' dir='ltr'>τοῦ</span> <span class='ocrx_word' id='word_1_637' title='bbox 1317 1612 1442 1646; x_wconf 79' lang='grc' dir='ltr'><strong>Σωτῆρος</strong></span> <span class='ocrx_word' id='word_1_638' title='bbox 1459 1611 1537 1646; x_wconf 81' lang='grc' dir='ltr'>ἡμῶν</span> <span class='ocrx_word' id='word_1_639' title='bbox 1556 1612 1673 1647; x_wconf 73' lang='grc' dir='ltr'>μαθηταὶ</span> <span class='ocrx_word' id='word_1_640' title='bbox 1685 1612 1818 1648; x_wconf 70' lang='grc' dir='ltr'>τοσαύτην</span> <span class='ocrx_word' id='word_1_641' title='bbox 1838 1612 1920 1639; x_wconf 81' lang='grc' dir='ltr'>δύνα-</span> 
     </span>
    </p>
   </div>
   <div class='ocr_carea' id='block_1_80' title="bbox 1129 1657 1920 1694">
    <p class='ocr_par' dir='ltr' id='par_1_80' title="bbox 1129 1657 1920 1694">
     <span class='ocr_line' id='line_1_80' title="bbox 1129 1657 1920 1694; baseline 0.001 -10"><span class='ocrx_word' id='word_1_642' title='bbox 1129 1667 1176 1693; x_wconf 85' lang='grc' dir='ltr'><strong>μιν</strong></span> <span class='ocrx_word' id='word_1_643' title='bbox 1190 1658 1375 1693; x_wconf 64' lang='grc' dir='ltr'>προφέροντες</span> <span class='ocrx_word' id='word_1_644' title='bbox 1391 1657 1478 1690; x_wconf 83' lang='grc' dir='ltr'>λόγων</span> <span class='ocrx_word' id='word_1_645' title='bbox 1498 1658 1527 1684; x_wconf 78' lang='grc' dir='ltr'>ἐν</span> <span class='ocrx_word' id='word_1_646' title='bbox 1542 1660 1601 1690; x_wconf 78' lang='grc' dir='ltr'>ταῖς</span> <span class='ocrx_word' id='word_1_647' title='bbox 1616 1658 1684 1694; x_wconf 72' lang='grc' dir='ltr'>πρὸς</span> <span class='ocrx_word' id='word_1_648' title='bbox 1699 1659 1760 1690; x_wconf 83' lang='grc' dir='ltr'>τοὺς</span> <span class='ocrx_word' id='word_1_649' title='bbox 1775 1659 1920 1694; x_wconf 72' lang='grc' dir='ltr'>ἀκροωμέ-</span> 
     </span>
    </p>
   </div>
   <div class='ocr_carea' id='block_1_81' title="bbox 1127 1703 1921 1740">
    <p class='ocr_par' dir='ltr' id='par_1_81' title="bbox 1127 1703 1921 1740">
     <span class='ocr_line' id='line_1_81' title="bbox 1127 1703 1921 1740; baseline 0 -10"><span class='ocrx_word' id='word_1_650' title='bbox 1127 1713 1189 1736; x_wconf 87' lang='grc' dir='ltr'>νους</span> <span class='ocrx_word' id='word_1_651' title='bbox 1204 1704 1333 1738; x_wconf 79' lang='grc' dir='ltr'><strong>ὁμιλίαις,</strong></span> <span class='ocrx_word' id='word_1_652' title='bbox 1346 1704 1383 1735; x_wconf 77' lang='grc' dir='ltr'>ὡς</span> <span class='ocrx_word' id='word_1_653' title='bbox 1394 1703 1580 1730; x_wconf 78' lang='grc' dir='ltr'><strong>καθικνεῖσθαι</strong></span> <span class='ocrx_word' id='word_1_654' title='bbox 1594 1704 1641 1730; x_wconf 76' lang='grc' dir='ltr'>τοῦ</span> <span class='ocrx_word' id='word_1_655' title='bbox 1655 1704 1751 1739; x_wconf 78' lang='grc' dir='ltr'>βάθους</span> <span class='ocrx_word' id='word_1_656' title='bbox 1767 1705 1817 1739; x_wconf 77' lang='grc' dir='ltr'>τῆς</span> <span class='ocrx_word' id='word_1_657' title='bbox 1832 1705 1921 1740; x_wconf 59' lang='grc' dir='ltr'>ψυχῆς</span> 
     </span>
    </p>
   </div>
   <div class='ocr_carea' id='block_1_82' title="bbox 1129 1751 1920 1786">
    <p class='ocr_par' dir='ltr' id='par_1_82' title="bbox 1129 1751 1920 1786">
     <span class='ocr_line' id='line_1_82' title="bbox 1129 1751 1920 1786; baseline 0 -9"><span class='ocrx_word' id='word_1_658' title='bbox 1129 1751 1228 1783; x_wconf 82' lang='grc' dir='ltr'>αὐτῶν,</span> <span class='ocrx_word' id='word_1_659' title='bbox 1252 1751 1438 1778; x_wconf 82' lang='grc' dir='ltr'>καθάπτεσθαί</span> <span class='ocrx_word' id='word_1_660' title='bbox 1458 1760 1487 1777; x_wconf 89' lang='grc' dir='ltr'><strong>τε</strong></span> <span class='ocrx_word' id='word_1_661' title='bbox 1509 1751 1556 1777; x_wconf 69' lang='grc' dir='ltr'>καὶ</span> <span class='ocrx_word' id='word_1_662' title='bbox 1575 1751 1735 1786; x_wconf 79' lang='grc' dir='ltr'><strong>τιτρώσκειν</strong></span> <span class='ocrx_word' id='word_1_663' title='bbox 1757 1751 1787 1777; x_wconf 86' lang='grc' dir='ltr'><strong>τὺ</strong></span> <span class='ocrx_word' id='word_1_664' title='bbox 1804 1752 1920 1778; x_wconf 72' lang='grc' dir='ltr'>ἑκάστου</span> 
     </span>
    </p>
   </div>
   <div class='ocr_carea' id='block_1_83' title="bbox 1092 1793 1920 1833">
    <p class='ocr_par' dir='ltr' id='par_1_83' title="bbox 1092 1793 1920 1833">
     <span class='ocr_line' id='line_1_83' title="bbox 1092 1793 1920 1833; baseline 0.001 -9"><span class='ocrx_word' id='word_1_665' title='bbox 1092 1793 1112 1821; x_wconf 83' lang='lat' dir='ltr'>C</span> <span class='ocrx_word' id='word_1_666' title='bbox 1130 1798 1260 1829; x_wconf 79' lang='grc' dir='ltr'><strong>συνειδὸς,</strong></span> <span class='ocrx_word' id='word_1_667' title='bbox 1274 1798 1312 1829; x_wconf 82' lang='grc' dir='ltr'>ὡς</span> <span class='ocrx_word' id='word_1_668' title='bbox 1328 1798 1425 1833; x_wconf 79' lang='grc' dir='ltr'>μηκέτι</span> <span class='ocrx_word' id='word_1_669' title='bbox 1441 1798 1547 1832; x_wconf 75' lang='grc' dir='ltr'><strong>στέγειν</strong></span> <span class='ocrx_word' id='word_1_670' title='bbox 1563 1798 1798 1833; x_wconf 71' lang='grc' dir='ltr'><strong>ἀποκρύπτοντες,</strong></span> <span class='ocrx_word' id='word_1_671' title='bbox 1813 1800 1853 1830; x_wconf 82' lang='grc' dir='ltr'><strong>εις</strong></span> <span class='ocrx_word' id='word_1_672' title='bbox 1867 1808 1920 1833; x_wconf 70' lang='grc' dir='ltr'>φα-</span> 
     </span>
    </p>
   </div>
   <div class='ocr_carea' id='block_1_84' title="bbox 1128 1844 1920 1880">
    <p class='ocr_par' dir='ltr' id='par_1_84' title="bbox 1128 1844 1920 1880">
     <span class='ocr_line' id='line_1_84' title="bbox 1128 1844 1920 1880; baseline 0.003 -10"><span class='ocrx_word' id='word_1_673' title='bbox 1128 1844 1206 1880; x_wconf 82' lang='grc' dir='ltr'>νερὸν</span> <span class='ocrx_word' id='word_1_674' title='bbox 1229 1844 1257 1870; x_wconf 79' lang='grc' dir='ltr'><strong>δὲ</strong></span> <span class='ocrx_word' id='word_1_675' title='bbox 1280 1844 1357 1879; x_wconf 79' lang='grc' dir='ltr'>ἄγειν</span> <span class='ocrx_word' id='word_1_676' title='bbox 1379 1845 1414 1871; x_wconf 72' lang='grc' dir='ltr'><strong>τὰ</strong></span> <span class='ocrx_word' id='word_1_677' title='bbox 1437 1845 1592 1880; x_wconf 67' lang='grc' dir='ltr'>ἀπόρρητα,</span> <span class='ocrx_word' id='word_1_678' title='bbox 1616 1845 1744 1879; x_wconf 77' lang='grc' dir='ltr'>ἐλέγχους</span> <span class='ocrx_word' id='word_1_679' title='bbox 1769 1854 1798 1871; x_wconf 89' lang='grc' dir='ltr'><strong>τε</strong></span> <span class='ocrx_word' id='word_1_680' title='bbox 1821 1846 1920 1877; x_wconf 67' lang='grc' dir='ltr'>αὐτοὺς</span> 
     </span>
    </p>
   </div>
   <div class='ocr_carea' id='block_1_85' title="bbox 1127 1891 1920 1927">
    <p class='ocr_par' dir='ltr' id='par_1_85' title="bbox 1127 1891 1920 1927">
     <span class='ocr_line' id='line_1_85' title="bbox 1127 1891 1920 1927; baseline 0.003 -11"><span class='ocrx_word' id='word_1_681' title='bbox 1127 1891 1231 1917; x_wconf 82' lang='grc' dir='ltr'>ἑαυτῶν</span> <span class='ocrx_word' id='word_1_682' title='bbox 1247 1891 1294 1917; x_wconf 81' lang='grc' dir='ltr'><strong>καὶ</strong></span> <span class='ocrx_word' id='word_1_683' title='bbox 1309 1891 1358 1926; x_wconf 83' lang='grc' dir='ltr'>τῆς</span> <span class='ocrx_word' id='word_1_684' title='bbox 1375 1891 1511 1926; x_wconf 76' lang='grc' dir='ltr'>προτέρας</span> <span class='ocrx_word' id='word_1_685' title='bbox 1525 1891 1614 1917; x_wconf 72' lang='grc' dir='ltr'>αὐτῶν</span> <span class='ocrx_word' id='word_1_686' title='bbox 1630 1891 1780 1927; x_wconf 85' lang='grc' dir='ltr'>μοχθηρίας</span> <span class='ocrx_word' id='word_1_687' title='bbox 1794 1892 1920 1927; x_wconf 81' lang='grc' dir='ltr'>ἀπεργά-</span> 
     </span>
    </p>
   </div>
   <div class='ocr_carea' id='block_1_86' title="bbox 1128 1935 1921 1972">
    <p class='ocr_par' dir='ltr' id='par_1_86' title="bbox 1128 1935 1921 1972">
     <span class='ocr_line' id='line_1_86' title="bbox 1128 1935 1921 1972; baseline 0.001 -10"><span class='ocrx_word' id='word_1_688' title='bbox 1128 1935 1237 1967; x_wconf 79' lang='grc' dir='ltr'>ζεσθαι·</span> <span class='ocrx_word' id='word_1_689' title='bbox 1256 1936 1372 1962; x_wconf 72' lang='grc' dir='ltr'>τοιοῦτοι</span> <span class='ocrx_word' id='word_1_690' title='bbox 1392 1936 1420 1962; x_wconf 80' lang='grc' dir='ltr'><strong>δὲ</strong></span> <span class='ocrx_word' id='word_1_691' title='bbox 1440 1937 1485 1962; x_wconf 74' lang='grc' dir='ltr'>καὶ</span> <span class='ocrx_word' id='word_1_692' title='bbox 1498 1937 1522 1962; x_wconf 83' lang='grc' dir='ltr'>οἱ</span> <span class='ocrx_word' id='word_1_693' title='bbox 1538 1936 1605 1972; x_wconf 73' lang='grc' dir='ltr'>πρὸς</span> <span class='ocrx_word' id='word_1_694' title='bbox 1621 1937 1710 1963; x_wconf 78' lang='grc' dir='ltr'>αὐτῶν</span> <span class='ocrx_word' id='word_1_695' title='bbox 1733 1936 1921 1972; x_wconf 78' lang='grc' dir='ltr'>μαθητευόμε-</span> 
     </span>
    </p>
   </div>
   <div class='ocr_carea' id='block_1_87' title="bbox 1127 1982 1920 2019">
    <p class='ocr_par' dir='ltr' id='par_1_87' title="bbox 1127 1982 1920 2019">
     <span class='ocr_line' id='line_1_87' title="bbox 1127 1982 1920 2019; baseline 0 -10"><span class='ocrx_word' id='word_1_696' title='bbox 1127 1991 1178 2015; x_wconf 88' lang='grc' dir='ltr'>νοι,</span> <span class='ocrx_word' id='word_1_697' title='bbox 1195 1982 1311 2018; x_wconf 73' lang='grc' dir='ltr'>καθαροὶ</span> <span class='ocrx_word' id='word_1_698' title='bbox 1335 1984 1383 2009; x_wconf 65' lang='grc' dir='ltr'><strong>καὶ</strong></span> <span class='ocrx_word' id='word_1_699' title='bbox 1407 1984 1512 2017; x_wconf 80' lang='grc' dir='ltr'>γνήσιοι</span> <span class='ocrx_word' id='word_1_700' title='bbox 1535 1983 1584 2014; x_wconf 78' lang='grc' dir='ltr'><strong>τὰς</strong></span> <span class='ocrx_word' id='word_1_701' title='bbox 1608 1983 1754 2016; x_wconf 76' lang='grc' dir='ltr'>διαθέσεις,</span> <span class='ocrx_word' id='word_1_702' title='bbox 1775 1984 1812 2015; x_wconf 83' lang='grc' dir='ltr'>ὡς</span> <span class='ocrx_word' id='word_1_703' title='bbox 1836 1984 1920 2019; x_wconf 68' lang='grc' dir='ltr'>μηδὲν</span> 
     </span>
    </p>
   </div>
   <div class='ocr_carea' id='block_1_88' title="bbox 1128 2027 1919 2063">
    <p class='ocr_par' dir='ltr' id='par_1_88' title="bbox 1128 2027 1919 2063">
     <span class='ocr_line' id='line_1_88' title="bbox 1128 2027 1919 2063; baseline 0 -9"><span class='ocrx_word' id='word_1_704' title='bbox 1128 2027 1242 2054; x_wconf 77' lang='grc' dir='ltr'>ὕπουλον</span> <span class='ocrx_word' id='word_1_705' title='bbox 1264 2029 1293 2054; x_wconf 81' lang='grc' dir='ltr'>ὲν</span> <span class='ocrx_word' id='word_1_706' title='bbox 1317 2029 1407 2060; x_wconf 78' lang='grc' dir='ltr'>αὐτοῖς</span> <span class='ocrx_word' id='word_1_707' title='bbox 1426 2028 1578 2060; x_wconf 76' lang='grc' dir='ltr'>λανθάνειν,</span> <span class='ocrx_word' id='word_1_708' title='bbox 1595 2028 1805 2063; x_wconf 77' lang='grc' dir='ltr'>ἐνσεμνύνεσθαι</span> <span class='ocrx_word' id='word_1_709' title='bbox 1822 2029 1850 2054; x_wconf 74' lang='grc' dir='ltr'>δὲ</span> <span class='ocrx_word' id='word_1_710' title='bbox 1872 2030 1919 2056; x_wconf 75' lang='grc' dir='ltr'>καὶ</span> 
     </span>
    </p>
   </div>
   <div class='ocr_carea' id='block_1_89' title="bbox 1128 2074 1920 2110">
    <p class='ocr_par' dir='ltr' id='par_1_89' title="bbox 1128 2074 1920 2110">
     <span class='ocr_line' id='line_1_89' title="bbox 1128 2074 1920 2110; baseline 0 -10"><span class='ocrx_word' id='word_1_711' title='bbox 1128 2074 1363 2109; x_wconf 66' lang='grc' dir='ltr'>παρρησιάζεσθαι</span> <span class='ocrx_word' id='word_1_712' title='bbox 1379 2075 1425 2100; x_wconf 78' lang='grc' dir='ltr'><strong>ἐπὶ</strong></span> <span class='ocrx_word' id='word_1_713' title='bbox 1441 2076 1474 2110; x_wconf 83' lang='grc' dir='ltr'>τῇ</span> <span class='ocrx_word' id='word_1_714' title='bbox 1490 2075 1544 2101; x_wconf 83' lang='grc' dir='ltr'>τῶν</span> <span class='ocrx_word' id='word_1_715' title='bbox 1557 2074 1718 2110; x_wconf 81' lang='grc' dir='ltr'>κρειττόνων</span> <span class='ocrx_word' id='word_1_716' title='bbox 1731 2074 1785 2101; x_wconf 73' lang='grc' dir='ltr'><strong>ἀπὸ</strong></span> <span class='ocrx_word' id='word_1_717' title='bbox 1797 2074 1851 2100; x_wconf 86' lang='grc' dir='ltr'>τῶν</span> <span class='ocrx_word' id='word_1_718' title='bbox 1866 2083 1920 2110; x_wconf 82' lang='grc' dir='ltr'>χει-</span> 
     </span>
    </p>
   </div>
   <div class='ocr_carea' id='block_1_90' title="bbox 1128 2115 1919 2156">
    <p class='ocr_par' dir='ltr' id='par_1_90' title="bbox 1128 2115 1919 2156">
     <span class='ocr_line' id='line_1_90' title="bbox 1128 2115 1919 2156; baseline 0.001 -10"><span class='ocrx_word' id='word_1_719' title='bbox 1128 2120 1212 2155; x_wconf 84' lang='grc' dir='ltr'>ρόνων</span> <span class='ocrx_word' id='word_1_720' title='bbox 1236 2119 1380 2155; x_wconf 69' lang='grc' dir='ltr'>μεταϐολῇ.</span> <span class='ocrx_word' id='word_1_721' title='bbox 1405 2115 1437 2146; x_wconf 79' lang='grc' dir='ltr'>Οἱ</span> <span class='ocrx_word' id='word_1_722' title='bbox 1461 2119 1492 2155; x_wconf 83' lang='grc' dir='ltr'>ὀὴ</span> <span class='ocrx_word' id='word_1_723' title='bbox 1518 2118 1564 2146; x_wconf 76' lang='grc' dir='ltr'><strong>οὖν</strong></span> <span class='ocrx_word' id='word_1_724' title='bbox 1590 2121 1656 2156; x_wconf 76' lang='grc' dir='ltr'>πυρὶ</span> <span class='ocrx_word' id='word_1_725' title='bbox 1681 2120 1847 2155; x_wconf 70' lang='grc' dir='ltr'>παραδόντες</span> <span class='ocrx_word' id='word_1_726' title='bbox 1869 2121 1919 2152; x_wconf 65' lang='grc' dir='ltr'>τὰς</span> 
     </span>
    </p>
   </div>
   <div class='ocr_carea' id='block_1_91' title="bbox 1130 2165 1919 2202">
    <p class='ocr_par' dir='ltr' id='par_1_91' title="bbox 1130 2165 1919 2202">
     <span class='ocr_line' id='line_1_91' title="bbox 1130 2165 1919 2202; baseline 0.001 -11"><span class='ocrx_word' id='word_1_727' title='bbox 1130 2165 1252 2200; x_wconf 75' lang='grc' dir='ltr'>μαγικὰς</span> <span class='ocrx_word' id='word_1_728' title='bbox 1274 2166 1392 2201; x_wconf 79' lang='grc' dir='ltr'>βίϐλους,</span> <span class='ocrx_word' id='word_1_729' title='bbox 1410 2166 1456 2193; x_wconf 72' lang='grc' dir='ltr'>καὶ</span> <span class='ocrx_word' id='word_1_730' title='bbox 1473 2166 1591 2201; x_wconf 76' lang='grc' dir='ltr'>παντελῆ</span> <span class='ocrx_word' id='word_1_731' title='bbox 1608 2167 1710 2202; x_wconf 73' lang='grc' dir='ltr'>φθορὰν</span> <span class='ocrx_word' id='word_1_732' title='bbox 1730 2166 1820 2192; x_wconf 75' lang='grc' dir='ltr'>αὐτῶν</span> <span class='ocrx_word' id='word_1_733' title='bbox 1834 2167 1919 2201; x_wconf 60' lang='grc' dir='ltr'>ψηφι-</span> 
     </span>
    </p>
   </div>
   <div class='ocr_carea' id='block_1_92' title="bbox 1129 2211 1919 2248">
    <p class='ocr_par' dir='ltr' id='par_1_92' title="bbox 1129 2211 1919 2248">
     <span class='ocr_line' id='line_1_92' title="bbox 1129 2211 1919 2248; baseline 0.001 -10"><span class='ocrx_word' id='word_1_734' title='bbox 1129 2212 1254 2247; x_wconf 79' lang='grc' dir='ltr'>σάμενοι,</span> <span class='ocrx_word' id='word_1_735' title='bbox 1271 2212 1329 2244; x_wconf 83' lang='grc' dir='ltr'>πῶς</span> <span class='ocrx_word' id='word_1_736' title='bbox 1349 2213 1399 2239; x_wconf 80' lang='grc' dir='ltr'>οὐκ</span> <span class='ocrx_word' id='word_1_737' title='bbox 1423 2213 1456 2239; x_wconf 85' lang='grc' dir='ltr'>ἂν</span> <span class='ocrx_word' id='word_1_738' title='bbox 1479 2211 1533 2239; x_wconf 76' lang='grc' dir='ltr'>εἶεν</span> <span class='ocrx_word' id='word_1_739' title='bbox 1551 2213 1678 2248; x_wconf 78' lang='grc' dir='ltr'>πρόδηλοι</span> <span class='ocrx_word' id='word_1_740' title='bbox 1695 2213 1749 2244; x_wconf 84' lang='grc' dir='ltr'>τοῖς</span> <span class='ocrx_word' id='word_1_741' title='bbox 1764 2213 1856 2242; x_wconf 73' lang='grc' dir='ltr'>πᾶσιν,</span> <span class='ocrx_word' id='word_1_742' title='bbox 1878 2213 1919 2240; x_wconf 78' lang='grc' dir='ltr'>ὅτι</span> 
     </span>
    </p>
   </div>
   <div class='ocr_carea' id='block_1_93' title="bbox 1130 2258 1919 2295">
    <p class='ocr_par' dir='ltr' id='par_1_93' title="bbox 1130 2258 1919 2295">
     <span class='ocr_line' id='line_1_93' title="bbox 1130 2258 1919 2295; baseline 0 -11"><span class='ocrx_word' id='word_1_743' title='bbox 1130 2259 1264 2294; x_wconf 86' lang='grc' dir='ltr'>μηδεμίαν</span> <span class='ocrx_word' id='word_1_744' title='bbox 1296 2258 1383 2294; x_wconf 77' lang='grc' dir='ltr'>ἔχοιεν</span> <span class='ocrx_word' id='word_1_745' title='bbox 1410 2259 1456 2286; x_wconf 80' lang='grc' dir='ltr'>τοῦ</span> <span class='ocrx_word' id='word_1_746' title='bbox 1478 2259 1571 2285; x_wconf 79' lang='grc' dir='ltr'>λοιποῦ</span> <span class='ocrx_word' id='word_1_747' title='bbox 1595 2259 1659 2295; x_wconf 73' lang='grc' dir='ltr'>περὶ</span> <span class='ocrx_word' id='word_1_748' title='bbox 1681 2259 1807 2294; x_wconf 83' lang='grc' dir='ltr'>γοητείαν</span> <span class='ocrx_word' id='word_1_749' title='bbox 1836 2267 1919 2285; x_wconf 79' lang='grc' dir='ltr'>σπου-</span> 
     </span>
    </p>
   </div>
   <div class='ocr_carea' id='block_1_94' title="bbox 1127 2306 1920 2352">
    <p class='ocr_par' dir='ltr' id='par_1_94' title="bbox 1127 2306 1920 2352">
     <span class='ocr_line' id='line_1_94' title="bbox 1127 2306 1920 2352; baseline 0 -20"><span class='ocrx_word' id='word_1_750' title='bbox 1127 2306 1185 2342; x_wconf 81' lang='grc' dir='ltr'>δὴν,</span> <span class='ocrx_word' id='word_1_751' title='bbox 1213 2306 1327 2342; x_wconf 80' lang='grc' dir='ltr'>καθαροὶ</span> <span class='ocrx_word' id='word_1_752' title='bbox 1350 2307 1378 2333; x_wconf 78' lang='grc' dir='ltr'>δὲ</span> <span class='ocrx_word' id='word_1_753' title='bbox 1399 2306 1428 2340; x_wconf 81' lang='grc' dir='ltr'>ἐξ</span> <span class='ocrx_word' id='word_1_754' title='bbox 1458 2306 1563 2333; x_wconf 75' lang='grc' dir='ltr'>ἐκείνου</span> <span class='ocrx_word' id='word_1_755' title='bbox 1585 2307 1675 2352; x_wconf 70' lang='grc' dir='ltr'>πάσης</span> <span class='ocrx_word' id='word_1_756' title='bbox 1691 2306 1740 2341; x_wconf 78' lang='grc' dir='ltr'>τῆς</span> <span class='ocrx_word' id='word_1_757' title='bbox 1769 2306 1834 2341; x_wconf 74' lang='grc' dir='ltr'>περὶ</span> <span class='ocrx_word' id='word_1_758' title='bbox 1858 2306 1920 2332; x_wconf 65' lang='grc' dir='ltr'><strong>τοὺ-</strong></span> 
     </span>
    </p>
   </div>
   <div class='ocr_carea' id='block_1_95' title="bbox 1127 2352 1919 2388">
    <p class='ocr_par' dir='ltr' id='par_1_95' title="bbox 1127 2352 1919 2388">
     <span class='ocr_line' id='line_1_95' title="bbox 1127 2352 1919 2388; baseline 0.001 -10"><span class='ocrx_word' id='word_1_759' title='bbox 1127 2361 1174 2379; x_wconf 87' lang='grc' dir='ltr'><strong>του</strong></span> <span class='ocrx_word' id='word_1_760' title='bbox 1199 2353 1325 2384; x_wconf 81' lang='grc' dir='ltr'>ὑπονοίας</span> <span class='ocrx_word' id='word_1_761' title='bbox 1346 2353 1511 2388; x_wconf 77' lang='grc' dir='ltr'>ἐτύγχανον;</span> <span class='ocrx_word' id='word_1_762' title='bbox 1538 2353 1601 2379; x_wconf 80' lang='grc' dir='ltr'>Ὅτε</span> <span class='ocrx_word' id='word_1_763' title='bbox 1631 2353 1720 2379; x_wconf 81' lang='grc' dir='ltr'>τοίνυν</span> <span class='ocrx_word' id='word_1_764' title='bbox 1750 2353 1774 2379; x_wconf 76' lang='grc' dir='ltr'>οἱ</span> <span class='ocrx_word' id='word_1_765' title='bbox 1799 2352 1919 2387; x_wconf 79' lang='grc' dir='ltr'>μαθηταὶ</span> 
     </span>
    </p>
   </div>
   <div class='ocr_carea' id='block_1_96' title="bbox 1127 2397 1918 2434">
    <p class='ocr_par' dir='ltr' id='par_1_96' title="bbox 1127 2397 1918 2434">
     <span class='ocr_line' id='line_1_96' title="bbox 1127 2397 1918 2434; baseline -0.001 -10"><span class='ocrx_word' id='word_1_766' title='bbox 1127 2398 1173 2424; x_wconf 75' lang='grc' dir='ltr'>τοῦ</span> <span class='ocrx_word' id='word_1_767' title='bbox 1198 2399 1324 2434; x_wconf 83' lang='grc' dir='ltr'>Σωτῆρος</span> <span class='ocrx_word' id='word_1_768' title='bbox 1355 2398 1431 2434; x_wconf 79' lang='grc' dir='ltr'>ἡμῶν</span> <span class='ocrx_word' id='word_1_769' title='bbox 1457 2399 1594 2433; x_wconf 77' lang='grc' dir='ltr'>πεφήνασι</span> <span class='ocrx_word' id='word_1_770' title='bbox 1619 2398 1760 2432; x_wconf 81' lang='grc' dir='ltr'>γεγονότες</span> <span class='ocrx_word' id='word_1_771' title='bbox 1785 2397 1918 2428; x_wconf 72' lang='grc' dir='ltr'>τοιούτου,</span> 
     </span>
    </p>
   </div>
   <div class='ocr_carea' id='block_1_97' title="bbox 1226 2443 1919 2479">
    <p class='ocr_par' dir='ltr' id='par_1_97' title="bbox 1226 2443 1919 2479">
     <span class='ocr_line' id='line_1_97' title="bbox 1226 2443 1919 2479; baseline 0 -10"><span class='ocrx_word' id='word_1_772' title='bbox 1226 2444 1235 2469; x_wconf 76' lang='lat' dir='ltr'><strong>&#39;J</strong></span> <span class='ocrx_word' id='word_1_773' title='bbox 1259 2443 1326 2470; x_wconf 67' lang='grc' dir='ltr'>πολὺ</span> <span class='ocrx_word' id='word_1_774' title='bbox 1347 2444 1479 2479; x_wconf 70' lang='grc' dir='ltr'>πρότερον</span> <span class='ocrx_word' id='word_1_775' title='bbox 1504 2445 1520 2469; x_wconf 84' lang='grc' dir='ltr'>ὁ</span> <span class='ocrx_word' id='word_1_776' title='bbox 1542 2443 1726 2475; x_wconf 79' lang='grc' dir='ltr'>Διδάσκαλος;</span> <span class='ocrx_word' id='word_1_777' title='bbox 1750 2444 1782 2470; x_wconf 91' lang='grc' dir='ltr'>Εἰ</span> <span class='ocrx_word' id='word_1_778' title='bbox 1797 2443 1826 2470; x_wconf 80' lang='grc' dir='ltr'><strong>δὲ</strong></span> <span class='ocrx_word' id='word_1_779' title='bbox 1849 2444 1919 2474; x_wconf 71' lang='grc' dir='ltr'>ὅλως</span> 
     </span>
    </p>
   </div>
   <div class='ocr_carea' id='block_1_98' title="bbox 1127 2488 1919 2525">
    <p class='ocr_par' dir='ltr' id='par_1_98' title="bbox 1127 2488 1919 2525">
     <span class='ocr_line' id='line_1_98' title="bbox 1127 2488 1919 2525; baseline -0.001 -9"><span class='ocrx_word' id='word_1_780' title='bbox 1127 2490 1181 2516; x_wconf 82' lang='grc' dir='ltr'>ἀπὺ</span> <span class='ocrx_word' id='word_1_781' title='bbox 1207 2490 1261 2516; x_wconf 82' lang='grc' dir='ltr'>τῶν</span> <span class='ocrx_word' id='word_1_782' title='bbox 1285 2490 1430 2525; x_wconf 81' lang='grc' dir='ltr'>γνωρίμων</span> <span class='ocrx_word' id='word_1_783' title='bbox 1453 2490 1498 2516; x_wconf 88' lang='grc' dir='ltr'>τὸν</span> <span class='ocrx_word' id='word_1_784' title='bbox 1515 2490 1680 2525; x_wconf 80' lang='grc' dir='ltr'>προστάτην,</span> <span class='ocrx_word' id='word_1_785' title='bbox 1695 2490 1786 2521; x_wconf 79' lang='grc' dir='ltr'>ὁποῖός</span> <span class='ocrx_word' id='word_1_786' title='bbox 1816 2498 1857 2521; x_wconf 83' lang='grc' dir='ltr'><strong>τις</strong></span> <span class='ocrx_word' id='word_1_787' title='bbox 1873 2488 1919 2525; x_wconf 71' lang='grc' dir='ltr'><strong>ἦν,</strong></span> 
     </span>
    </p>
   </div>
   <div class='ocr_carea' id='block_1_99' title="bbox 1129 2535 1919 2571">
    <p class='ocr_par' dir='ltr' id='par_1_99' title="bbox 1129 2535 1919 2571">
     <span class='ocr_line' id='line_1_99' title="bbox 1129 2535 1919 2571; baseline 0 -9"><span class='ocrx_word' id='word_1_788' title='bbox 1129 2537 1216 2571; x_wconf 80' lang='grc' dir='ltr'>βούλει</span> <span class='ocrx_word' id='word_1_789' title='bbox 1241 2535 1441 2570; x_wconf 75' lang='grc' dir='ltr'>διαγινώσκειν,</span> <span class='ocrx_word' id='word_1_790' title='bbox 1473 2537 1544 2571; x_wconf 71' lang='grc' dir='ltr'>ἔχεις</span> <span class='ocrx_word' id='word_1_791' title='bbox 1569 2536 1616 2562; x_wconf 75' lang='grc' dir='ltr'>τοῦ</span> <span class='ocrx_word' id='word_1_792' title='bbox 1645 2536 1730 2571; x_wconf 87' lang='grc' dir='ltr'><strong>Ἰησοῦ</strong></span> <span class='ocrx_word' id='word_1_793' title='bbox 1755 2536 1808 2563; x_wconf 86' lang='grc' dir='ltr'>τῶν</span> <span class='ocrx_word' id='word_1_794' title='bbox 1832 2537 1919 2570; x_wconf 76' lang='grc' dir='ltr'>λόγων</span> 
     </span>
    </p>
   </div>
   <div class='ocr_carea' id='block_1_100' title="bbox 1131 2579 1920 2618">
    <p class='ocr_par' dir='ltr' id='par_1_100' title="bbox 1131 2579 1920 2618">
     <span class='ocr_line' id='line_1_100' title="bbox 1131 2579 1920 2618; baseline 0 -11"><span class='ocrx_word' id='word_1_795' title='bbox 1131 2581 1252 2617; x_wconf 70' lang='grc' dir='ltr'>μαθητὰς</span> <span class='ocrx_word' id='word_1_796' title='bbox 1269 2581 1351 2607; x_wconf 79' lang='grc' dir='ltr'>εἰσέτι</span> <span class='ocrx_word' id='word_1_797' title='bbox 1368 2582 1414 2608; x_wconf 79' lang='grc' dir='ltr'>νῦν</span> <span class='ocrx_word' id='word_1_798' title='bbox 1433 2582 1554 2617; x_wconf 79' lang='grc' dir='ltr'>μυρίους,</span> <span class='ocrx_word' id='word_1_799' title='bbox 1571 2579 1608 2608; x_wconf 83' lang='grc' dir='ltr'>ὧν</span> <span class='ocrx_word' id='word_1_800' title='bbox 1625 2582 1737 2608; x_wconf 81' lang='grc' dir='ltr'>πλεῖστα</span> <span class='ocrx_word' id='word_1_801' title='bbox 1753 2583 1802 2618; x_wconf 77' lang='grc' dir='ltr'>μὲν</span> <span class='ocrx_word' id='word_1_802' title='bbox 1815 2582 1920 2618; x_wconf 64' lang='grc' dir='ltr'>ἀνδρῶν</span> 
     </span>
    </p>
   </div>
   <div class='ocr_carea' id='block_1_101' title="bbox 1129 2627 1921 2664">
    <p class='ocr_par' dir='ltr' id='par_1_101' title="bbox 1129 2627 1921 2664">
     <span class='ocr_line' id='line_1_101' title="bbox 1129 2627 1921 2664; baseline 0.001 -10"><span class='ocrx_word' id='word_1_803' title='bbox 1129 2629 1267 2662; x_wconf 80' lang='grc' dir='ltr'>τυγχάνει,</span> <span class='ocrx_word' id='word_1_804' title='bbox 1300 2627 1390 2663; x_wconf 80' lang='grc' dir='ltr'>πλήθη</span> <span class='ocrx_word' id='word_1_805' title='bbox 1422 2628 1655 2664; x_wconf 80' lang='grc' dir='ltr'>παραταξαμένων</span> <span class='ocrx_word' id='word_1_806' title='bbox 1689 2629 1736 2664; x_wconf 76' lang='grc' dir='ltr'>μὲν</span> <span class='ocrx_word' id='word_1_807' title='bbox 1773 2629 1841 2664; x_wconf 80' lang='grc' dir='ltr'>πρὸς</span> <span class='ocrx_word' id='word_1_808' title='bbox 1872 2629 1921 2660; x_wconf 75' lang='grc' dir='ltr'><strong>τὰς</strong></span> 
     </span>
    </p>
   </div>
   <div class='ocr_carea' id='block_1_102' title="bbox 1129 2674 1920 2712">
    <p class='ocr_par' dir='ltr' id='par_1_102' title="bbox 1129 2674 1920 2712">
     <span class='ocr_line' id='line_1_102' title="bbox 1129 2674 1920 2712; baseline 0.001 -12"><span class='ocrx_word' id='word_1_809' title='bbox 1129 2674 1245 2709; x_wconf 76' lang='grc' dir='ltr'>φυσικὰς</span> <span class='ocrx_word' id='word_1_810' title='bbox 1270 2674 1317 2701; x_wconf 75' lang='grc' dir='ltr'><strong>τοῦ</strong></span> <span class='ocrx_word' id='word_1_811' title='bbox 1342 2674 1466 2710; x_wconf 80' lang='grc' dir='ltr'>σώματος</span> <span class='ocrx_word' id='word_1_812' title='bbox 1491 2675 1597 2710; x_wconf 75' lang='grc' dir='ltr'>ἡδονὰς,</span> <span class='ocrx_word' id='word_1_813' title='bbox 1622 2677 1741 2711; x_wconf 81' lang='grc' dir='ltr'>ἄτρωτον</span> <span class='ocrx_word' id='word_1_814' title='bbox 1765 2676 1792 2702; x_wconf 71' lang='grc' dir='ltr'><strong>δὲ</strong></span> <span class='ocrx_word' id='word_1_815' title='bbox 1808 2676 1855 2703; x_wconf 78' lang='grc' dir='ltr'>καὶ</span> <span class='ocrx_word' id='word_1_816' title='bbox 1870 2677 1920 2712; x_wconf 78' lang='grc' dir='ltr'>τὴν</span> 
     </span>
    </p>
   </div>
   <div class='ocr_carea' id='block_1_103' title="bbox 1128 2722 1921 2757">
    <p class='ocr_par' dir='ltr' id='par_1_103' title="bbox 1128 2722 1921 2757">
     <span class='ocr_line' id='line_1_103' title="bbox 1128 2722 1921 2757; baseline 0.004 -10"><span class='ocrx_word' id='word_1_817' title='bbox 1128 2722 1245 2748; x_wconf 70' lang='grc' dir='ltr'>διάνοιαν</span> <span class='ocrx_word' id='word_1_818' title='bbox 1262 2722 1359 2754; x_wconf 80' lang='grc' dir='ltr'>παντὸς</span> <span class='ocrx_word' id='word_1_819' title='bbox 1376 2723 1488 2757; x_wconf 81' lang='grc' dir='ltr'>αἰσχροῦ</span> <span class='ocrx_word' id='word_1_820' title='bbox 1505 2723 1607 2754; x_wconf 74' lang='grc' dir='ltr'>πάθους</span> <span class='ocrx_word' id='word_1_821' title='bbox 1624 2722 1809 2757; x_wconf 78' lang='grc' dir='ltr'>φυλαξάντων.</span> <span class='ocrx_word' id='word_1_822' title='bbox 1826 2724 1860 2755; x_wconf 65' lang='grc' dir='ltr'>οἳ,</span> <span class='ocrx_word' id='word_1_823' title='bbox 1873 2725 1921 2750; x_wconf 68' lang='grc' dir='ltr'><strong>καὶ</strong></span> 
     </span>
    </p>
   </div>
   <div class='ocr_carea' id='block_1_104' title="bbox 1127 2767 1920 2804">
    <p class='ocr_par' dir='ltr' id='par_1_104' title="bbox 1127 2767 1920 2804">
     <span class='ocr_line' id='line_1_104' title="bbox 1127 2767 1920 2804; baseline 0.004 -11"><span class='ocrx_word' id='word_1_824' title='bbox 1127 2767 1173 2793; x_wconf 74' lang='grc' dir='ltr'>τὸν</span> <span class='ocrx_word' id='word_1_825' title='bbox 1190 2767 1277 2794; x_wconf 68' lang='grc' dir='ltr'>πάντα</span> <span class='ocrx_word' id='word_1_826' title='bbox 1301 2767 1357 2802; x_wconf 80' lang='grc' dir='ltr'>βίον</span> <span class='ocrx_word' id='word_1_827' title='bbox 1381 2769 1410 2794; x_wconf 81' lang='grc' dir='ltr'>ὲν</span> <span class='ocrx_word' id='word_1_828' title='bbox 1435 2768 1582 2804; x_wconf 70' lang='grc' dir='ltr'>ἐγκρατείᾳ</span> <span class='ocrx_word' id='word_1_829' title='bbox 1604 2770 1853 2804; x_wconf 79' lang='grc' dir='ltr'>καταγηράσαντες,</span> <span class='ocrx_word' id='word_1_830' title='bbox 1870 2770 1920 2803; x_wconf 75' lang='grc' dir='ltr'>τῆς</span> 
     </span>
    </p>
   </div>
   <div class='ocr_carea' id='block_1_105' title="bbox 1128 2813 1920 2852">
    <p class='ocr_par' dir='ltr' id='par_1_105' title="bbox 1128 2813 1920 2852">
     <span class='ocr_line' id='line_1_105' title="bbox 1128 2813 1920 2852; baseline 0.004 -13"><span class='ocrx_word' id='word_1_831' title='bbox 1128 2814 1160 2839; x_wconf 78' lang='grc' dir='ltr'>ἐκ</span> <span class='ocrx_word' id='word_1_832' title='bbox 1176 2813 1228 2840; x_wconf 79' lang='grc' dir='ltr'>τῶν</span> <span class='ocrx_word' id='word_1_833' title='bbox 1245 2814 1329 2849; x_wconf 71' lang='grc' dir='ltr'>λόγων</span> <span class='ocrx_word' id='word_1_834' title='bbox 1342 2815 1423 2842; x_wconf 73' lang='grc' dir='ltr'>αὐτοῦ</span> <span class='ocrx_word' id='word_1_835' title='bbox 1448 2815 1550 2849; x_wconf 53' lang='lat' dir='ltr'><strong>magri];</strong></span> <span class='ocrx_word' id='word_1_836' title='bbox 1566 2814 1679 2850; x_wconf 73' lang='grc' dir='ltr'>λαμπρὰ</span> <span class='ocrx_word' id='word_1_837' title='bbox 1695 2816 1831 2852; x_wconf 78' lang='grc' dir='ltr'>τεκμήρια</span> <span class='ocrx_word' id='word_1_838' title='bbox 1848 2824 1920 2851; x_wconf 79' lang='grc' dir='ltr'>παρ-</span> 
     </span>
    </p>
   </div>
  </div>
