2071 3219
167 178 222 209 229
609 167 934 206 DEMONSTRATIONIS
951 176 1180 206 EVANGELECIE
1200 179 1264 207 LlB.
1285 180 1331 207 III.
1733 184 1788 213 259

166 239 324 274 ιστήσαντο.
352 237 389 264 οὗ
416 236 493 272 μόνον
508 235 536 262 δὲ
554 234 648 270 ἄνδρες
667 235 741 270 παρὰ
757 235 831 270 αὐτῷ
857 234 950 261 τοῦτον
965 237 984 265 Α

967 237 988 265 Α
1004 234 1113 266 sistant,
1132 238 1190 262 tum
1212 240 1329 264 mentem
1352 237 1387 264 ab
1400 237 1476 265 omni
1491 238 1582 266 minus
1596 238 1711 267 honesta
1726 248 1785 275 per-

167 281 342 318 φιλοσοφοῦσι
365 281 412 308 τὸν
430 281 545 317 τρόπον,
578 280 644 306 ἀλλὰ
669 280 716 307 καὶ
741 279 876 314 γυναικῶν
899 279 953 306 οὐδ’

1004 281 1162 309 turbatione
1184 282 1379 310 invulneratam
1396 289 1572 318 conservent;
1587 285 1632 320 qui
1645 293 1705 313 cum
1726 294 1784 313 om-

166 329 240 356 Εστιν
256 329 344 355 εἰπεῖν
355 328 416 354 ὅσαι
427 326 553 363 μυριάδες
564 326 624 353 καθ’
640 326 703 362 ὅλης
719 326 767 361 τῆς
782 326 952 361 οἰκουμένης,

1004 335 1065 354 nem
1081 336 1158 355 suam
1173 330 1254 356 vitam
1272 337 1359 364 usque
1377 329 1409 356 ad
1424 335 1589 358 senectutem
1605 332 1786 361 continentis-

166 372 210 401 οἷά
233 381 306 404 τινες
333 373 429 408 ἱέρειαι
445 372 491 398 τοῦ
507 372 560 398 τῶν
576 371 643 398 ὅλων
659 371 737 402 Θεοῦ,
760 370 809 406 τὴν
825 371 954 397 ἀνωτάτω

1004 374 1072 400 sime
1084 374 1200 408 egerint,
1216 375 1396 403 institutionis
1411 384 1471 410 qua:
1486 377 1519 403 de
1539 377 1629 404 verbis
1647 378 1720 404 illius
1734 380 1784 405 ha-

167 421 262 455 σοφίαν
275 419 477 454 ἀσπασάμεναι,
495 418 618 454 οὐρανίου
636 426 664 444 τε
683 417 776 452 σοφίας
800 417 880 453 ἔρωτι
903 418 951 454 λη-

1003 417 1060 444 beri
1072 419 1167 450 soleat,
1181 420 1331 448 certissima
1347 427 1503 456 argumenta
1515 427 1644 457 praestare
1657 428 1781 458 possunt.

167 466 285 500 φοείσαι,
301 464 355 491 τῶν
379 464 428 499 μὲν
446 464 544 499 σαρκὸς
561 464 678 498 ἐγγόνων
693 463 838 498 ἠλόγησαν,
865 464 952 498 ψυχῆς

1002 462 1094 498 Neque
1114 466 1164 492 viri
1193 467 1280 494 solum
1302 468 1352 494 sub
1371 468 1417 494 illo
1434 470 1504 495 duce
1528 469 1561 495 ad
1577 469 1649 497 hunc
1671 471 1781 497 modum

166 511 194 539 δὲ
211 513 300 538 πᾶσαν
317 510 471 546 ἐπιμέλειαν
486 511 671 545 πεποιηκυῖαι,
694 509 756 541 ὅλας
779 509 863 541 αὑτὰς
879 509 952 544 αὐτῷ

1002 510 1237 545 philosophantur,
1259 514 1305 540 sed
1331 514 1491 541 feminarum
1512 523 1619 550 quoque
1636 519 1676 543 tot
1697 517 1781 544 millia

167 558 272 594 σώματι
289 558 335 584 καὶ
350 556 421 591 ψυχῇ
438 555 476 591 τῷ
492 555 658 590 παμϐασιλεῑ
673 556 719 581 καὶ
741 555 800 590 Θεῷ
816 555 869 581 τῶν
885 555 951 581 ὅλων

1002 564 1050 590 per
1065 561 1150 584 totum
1165 558 1270 590 orbem,
1294 556 1420 594 utquam
1436 561 1520 587 multa
1537 561 1592 588 sint
1614 569 1668 588 non
1687 562 1782 589 dicen-

165 601 380 633 ἀνατεθείκασιν,
397 601 506 635 ἁγνείαν
518 601 635 635 παντελῆ
649 601 695 626 καὶ¹
706 600 854 636 παρθενίαν
866 601 951 636 ἀσκή-

1001 601 1065 628 dum
1080 610 1140 630 esse
1155 604 1289 636 videatur,
1305 613 1364 639 qum
1387 606 1464 639 quasi
1486 606 1609 640 quaedam
1625 607 1780 636 sacerdotes

166 647 274 674 σασθαι.
300 647 368 672 Ἕνα
389 646 437 681 μὲν
459 643 505 671 οὖν
530 646 675 680 μηλοϐότον
701 646 881 673 καταλιπόντα
903 646 951 681 τὴν

1001 648 1085 675 Deum
1096 649 1214 677 universi
1227 650 1778 687 colentes,suprcmamque-philomphiam

166 693 262 719 ἑαυτοῦ
280 693 370 728 χώραν
386 692 521 727 προφάσει
538 692 694 727 φιλοσοιρίας
708 693 817 726 ἄγουσιν
835 690 885 719 ὧδε
902 694 950 719 κὰ-

1000 693 1140 727 amplexaz,
1166 698 1246 728 atque
1272 702 1365 721 amore
1386 696 1505 723 caelestis
1528 698 1666 731 sapientia
1683 704 1777 732 capue,

165 739 242 764 κεῖσε
265 737 458 773 περιφέροντες
487 736 618 771 Ἐλλήνων
648 737 749 768 παῖδες·
783 737 949 772 Δημόκριτος

999 736 1083 770 prolis
1099 737 1208 771 quidem
1230 746 1262 765 ac
1285 739 1443 771 liberorum,
1466 745 1557 775 utpote
1573 743 1618 776 qui
1631 743 1664 769 ad
1680 751 1778 778 corpus

165 783 256 814 αὐτοῖς
271 780 347 814 οὗτος
362 780 406 818 ἦν·
425 783 471 809 καὶ
487 782 598 818 Κράτης
620 780 660 814 εἷς
682 784 746 818 παρ’
772 783 861 814 αὐτοῖς
886 783 950 810 ϐαυ-

999 781 1163 815 pertineant,
1181 783 1282 810 nullam
1301 784 1402 812 habent
1424 787 1566 818 rationem,
1582 788 1699 815 animam
1715 797 1778 816 vero

165 827 291 862 μάζεται,
308 828 349 854 ὅτι
366 827 409 863 δὴ,
433 827 482 863 τὴν
505 828 598 854 οὐσίαν
620 827 774 854 καταλιπὼν
796 830 851 860 τοῖς
873 829 948 855 πολί-

999 827 1071 853 omni
1082 827 1221 862 diligentia
1236 835 1372 861 curantes,
1387 835 1457 858 totas
1472 832 1576 867 scipsas
1590 833 1649 868 ipso
1665 841 1778 869 corpore

161 873 320 904 ταις,αὺτδς
335 874 439 906 ἑαυτὸν,
451 873 561 909 Κράτης
571 873 711 909 Κράτητα,
721 873 865 909 ἠλευθέρου
883 883 949 909 κομ-
964 910 979 912 _

964 910 979 912 _
999 876 1080 906 atque
1091 873 1191 905 animo,
1210 874 1265 908 regi
1280 876 1402 902 omnium
1418 877 1591 912 universique
1605 878 1659 906 Deo
1670 879 1777 907 dedica-

161 918 270 951 πάξωνο
292 921 316 947 0i
337 921 366 948 δὲ
384 919 438 947 τῶν
457 921 543 956 Ἰησοῦ
560 921 645 954 λόγων
662 920 779 956 ζηλωταὶ
798 922 886 957 μυρίοι
903 922 948 949 τὸν
964 910 979 937 Ε

964 910 984 937 Β
1000 923 1076 951 runt,
1092 922 1121 945 ut
1138 920 1177 946 sic
1195 920 1300 955 integra
1317 926 1499 958 perpetuaque
1513 910 1638 953 castitate
1652 934 1683 952 ac
1698 927 1776 961 virgi-

161 965 289 1000 ἀριθμὸν,
307 965 363 991 ἀλλ’
379 966 428 1001 οὐχ
444 963 482 997 εἷς
498 966 557 992 οὐδὲ
573 965 628 998 δύο,
645 966 694 997 τὰς
711 967 820 1002 κτήσεις
836 967 948 993 ἀποπω-

997 964 1080 990 nitate
1094 964 1251 999 fungantur.
1272 967 1303 993 Et
1318 967 1403 994 Grabci
1429 969 1537 1003 quidem
1559 978 1620 998 eum
1643 973 1689 1007 qui
1712 973 1775 999 olim

160 1010 303 1046 λήσαντες,
319 1011 417 1046 πένησι
433 1012 480 1038 καὶ
490 1011 590 1038 ὲνδεέσι
607 1011 830 1047 μεταδεδώκασιν,
848 1009 885 1039 ὧν
901 1013 947 1039 κα).

994 1010 1144 1044 iactatione
1161 1012 1338 1047 philosophiae
1354 1015 1490 1049 regionem
1511 1024 1587 1043 suam
1603 1018 1638 1045 ab
1652 1019 1776 1046 hostibus

159 1056 240 1082 αὐτοὶ
254 1056 421 1091 τυγχάνομεν
439 1056 584 1092 μάρτυρες,
603 1057 793 1092 συγγενόμενοι
807 1058 944 1091 τοιούτοις,

997 1056 1186 1091 depopulatam
1203 1063 1283 1094 atque
1310 1065 1441 1088 vastatam
1466 1063 1583 1097 reliquit,
1609 1066 1697 1092 verbis
1723 1066 1774 1093 huc

160 1101 210 1126 καὶ
232 1101 324 1132 αὐτοῖς
346 1101 446 1137 ἔργοις,
473 1102 529 1128 ἀλλ’
553 1102 582 1128 οὑ
600 1102 689 1136 λόγοις
712 1102 801 1137 μόνοις
823 1104 872 1137 τῆς
898 1103 946 1130 τοῦ

996 1106 1077 1137 atque
1092 1104 1155 1130 illuc
1169 1105 1365 1133 circumferunt
1378 1113 1458 1142 atque
1472 1110 1614 1138 extollunt.
1638 1111 1774 1139 Democri-

164 1147 256 1182 Ἰησοῦ
280 1147 427 1183 μαθητείας
456 1148 604 1179 συνιδόντες
624 1148 657 1174 τὰ
683 1149 889 1184 κατορθώματα.
915 1150 946 1176 Τί

998 1151 1042 1176 tus
1062 1149 1106 1175 hic
1122 1154 1164 1177 est
1181 1151 1250 1184 apud
1265 1151 1336 1183 illos,
1352 1156 1378 1179 et
1390 1153 1484 1181 Crates
1497 1163 1568 1182 unus
1579 1156 1648 1190 apud
1665 1157 1772 1185 eosdem

160 1193 214 1228 χρὴ
239 1193 339 1228 λέγειν,
356 1194 453 1221 ὁπόσαι
477 1194 603 1229 μυριάδες
619 1194 666 1220 καὶ
688 1194 776 1221 αὐτῶν
793 1195 945 1231 βαρϐάρων,

996 1193 1175 1221 admiratione
1191 1194 1289 1228 dignus
1304 1201 1424 1230 putatur,
1442 1199 1523 1232 quod,
1543 1207 1572 1226 re
1587 1208 1635 1227 sua
1647 1201 1773 1229 familiari

153 1239 222 1275 οὐχὶ
236 1239 265 1265 δὲ
283 1239 361 1275 μόνον
379 1239 521 1275 Ἑλλήνων,
540 1240 634 1267 ἐκτῶν
654 1240 739 1275 Ἰησοῦ
756 1240 841 1274 λόγων
858 1242 946 1268 πᾶσαν

995 1237 1101 1265 civibus
1124 1238 1183 1265 suis
1200 1240 1304 1272 relicta,
1325 1241 1384 1275 ipse
1397 1242 1515 1276 scipsum
1530 1244 1624 1272 Crates
1638 1245 1772 1273 Cratetem

156 1285 213 1320 μὲν
236 1285 424 1321 ὑπερεκκύψαι
441 1285 570 1312 πολύθεον
592 1286 705 1321 πλάνην,
722 1287 766 1313 τὸν
788 1286 815 1312 δὲ
832 1287 946 1323 Σωτῆρα

996 1282 1022 1309 in
1042 1283 1194 1310 libertatem
1209 1285 1362 1314 vindicasse
1376 1287 1527 1321 jactaverit.
1540 1289 1574 1316 At
1588 1291 1658 1317 enim
1677 1292 1771 1319 verbo-

158 1331 209 1358 καὶ
224 1331 389 1367 δημιουργὸν
403 1332 479 1358 τοῦδε
490 1332 536 1358 τοῦ
548 1333 655 1364 παντὸς,
673 1333 751 1367 μόνον
767 1333 863 1360 εἰδέναι
880 1334 945 1361 Θεὸν

995 1335 1056 1356 rum
1079 1329 1143 1357 Jesu
1163 1331 1334 1359 aemulatores
1364 1334 1587 1367 innumerabiles,
1606 1344 1659 1364 non
1684 1342 1772 1365 autem

159 1376 371 1412 ὲμαρτύρησαν;
389 1377 418 1403 ὃν
432 1377 515 1403 πάλαι
532 1377 681 1411 φιλοσόφων
697 1376 736 1409 εἷς
754 1378 831 1413 μόνος
845 1380 859 1404 ὁ
875 1379 945 1404 Πλά-

995 1384 1066 1403 unus
1078 1376 1208 1404 duntaxat
1224 1378 1334 1412 alterve,
1350 1379 1498 1407 divenditas
1510 1383 1696 1416 possessiones
1707 1391 1774 1418 pau-

157 1431 215 1449 των
230 1422 319 1455 εἰδὼς,
345 1424 386 1455 εἰς
402 1423 505 1455 πάντας
528 1420 652 1458 ἐκιρέρειν
674 1423 807 1458 ὡμολόγει
825 1424 862 1459 μὴ
885 1423 944 1450 τολ-

994 1423 1104 1457 peribus
1127 1429 1207 1459 atque
1229 1424 1413 1459 indigentibus
1440 1426 1653 1461 impcrtiverunt,
1674 1428 1772 1464 quibus

160 1469 226 1505 μᾷν,
251 1469 396 1506 διαρρήδην
420 1470 538 1504 φάσκων·
551 1480 560 1496 ‹
573 1471 624 1497 Τὸν
642 1471 688 1506 μὲν
710 1468 756 1497 οὖν
773 1471 876 1505 πατέρα
898 1465 954 1497 καί

994 1467 1073 1493 etiam
1094 1475 1144 1495 nos
1160 1471 1244 1495 testes
1265 1468 1405 1500 adsumus,
1419 1470 1466 1504 qui
1480 1470 1579 1498 versati
1596 1479 1690 1498 sumus
1710 1479 1771 1498 cum

158 1514 324 1550 δημιουργὸν
342 1515 418 1541 τοῦδε
440 1515 486 1542 τοῦ
511 1516 608 1547 παντὸς
631 1517 719 1551 εὑρεῖν
740 1525 769 1543 τε
791 1516 880 1551 ἔργον,
898 1518 944 1543 καὶ

994 1513 1104 1544 talibus.
1119 1514 1220 1549 quique
1233 1514 1324 1547 factis,
1339 1515 1437 1543 nedum
1454 1517 1552 1548 verbis,
1565 1525 1658 1544 eorum
1672 1517 1770 1545 ollicio-

158 1559 275 1596 ἐύρὸντα
291 1562 331 1592 εἰς
347 1561 450 1593 πάντας
462 1561 589 1588 ἀδύνατον
605 1561 702 1596 λέγειν.
725 1572 734 1587 ι
753 1562 831 1588 Ἀλλὰ
848 1563 943 1597 ἐκείνῳ
957 1575 976 1604 C

957 1575 977 1604 ϐ
994 1565 1055 1585 rum
1066 1558 1129 1585 facti
1140 1560 1254 1592 conscii,
1265 1568 1326 1594 qua).
1342 1561 1379 1587 illi
1395 1562 1421 1587 in
1434 1560 1498 1589 Jcsu
1512 1561 1655 1597 disciplina
1667 1563 1771 1597 praesti-

160 1605 211 1641 μὲν
227 1606 274 1633 καὶ
289 1606 368 1642 ἔργον
384 1607 473 1642 εὑρεῖν
493 1607 578 1634 ἐδόκει
595 1607 624 1633 τὸ
646 1609 770 1643 πρᾶγμα,
795 1608 841 1635 καὶ
857 1606 891 1644 ἦν
906 1609 943 1640 ὡς

995 1604 1085 1631 terint.
1095 1604 1229 1631 Cmterum
1244 1605 1309 1640 quid
1317 1613 1360 1633 me
1371 1610 1475 1640 oportet
1485 1606 1585 1639 dicere,
1595 1615 1676 1642 quam
1687 1608 1771 1635 multa

157 1651 267 1687 ἀληθῶς
285 1653 413 1687 μέγιστον
425 1661 432 1668 ·
451 1653 579 1680 ἀδύνατον
600 1654 627 1680 δὲ
643 1653 676 1689 ἦν
693 1654 765 1689 αὐτῷ
792 1655 879 1689 λέγειν
904 1656 943 1686 είς

993 1650 1077 1676 millia
1090 1650 1169 1677 etiam
1182 1650 1323 1678 hominum
1336 1651 1520 1685 barbarorum,
1537 1660 1590 1679 non
1604 1653 1683 1680 modo
1697 1653 1770 1680 Gne-

157 1694 272 1726 πάντας,
287 1696 329 1722 ὃτι
347 1695 383 1732 μὴ
400 1697 488 1732 παρῆν
511 1697 584 1732 αὐτῴ
606 1698 722 1733 τοσαύτη
742 1707 782 1730 τις
804 1699 942 1731 εὐσεϐείας

993 1702 1097 1726 eorum,
1114 1704 1146 1723 ex
1168 1696 1311 1731 praiecptis
1329 1696 1392 1724 Jesu
1416 1705 1521 1724 omnem
1543 1698 1649 1725 colendi
1670 1699 1771 1728 multos

157 1740 282 1776 δύναμις,
298 1742 349 1777 ὅση
364 1743 419 1774 τοῖς
435 1743 521 1778 Ἰησοῦ
557 1743 699 1778 μαθηταῖς,
717 1741 756 1774 οἷς
772 1743 815 1769 διὰ
831 1744 880 1779 τῆς
896 1744 942 1770 τοῦ

993 1741 1058 1768 deos
1071 1749 1192 1768 errorem
1207 1742 1386 1769 transilierint
1396 1747 1475 1776 atque
1486 1743 1669 1777 despexerint,
1683 1749 1708 1771 et
1720 1744 1771 1771 hu-

157 1786 323 1814 Διδασκάλου
349 1788 490 1823 συνεργίας
518 1789 563 1815 τὸν
582 1789 688 1824 πατέρα
713 1790 759 1816 καὶ¹
781 1789 943 1825 δημιουργὸν

991 1787 1036 1821 jus
1053 1788 1173 1814 universi
1188 1793 1326 1822 parentem
1344 1793 1423 1823 atque
1437 1789 1559 1823 opificem
1579 1789 1664 1816 Deum
1685 1798 1770 1817 unum

155 1831 212 1858 τῶν
228 1832 295 1860 ὅλων
311 1833 401 1868 εὑρεῖν
416 1842 445 1859 τε
462 1834 509 1860 καὶ
534 1833 633 1868 γνῶναι
658 1835 747 1869 ῥᾴδιον
769 1834 873 1868 γέγονε,
897 1837 943 1862 καὶ

993 1841 1022 1861 se
1035 1833 1379 1867 agnoscereallirmaverint
1387 1834 1398 1860 ‘3
1407 1834 1491 1866 Quem
1502 1836 1674 1869 antiquorum
1685 1835 1771 1868 philo~

156 1879 286 1914 εὐροῦσιν
299 1880 340 1910 εἱς
351 1880 404 1906 πᾶν
415 1879 491 1914 γένος
502 1879 651 1914 ἀνθρώπων
668 1879 828 1914 ἐξενεγκεῖν,
846 1881 943 1907 ἀνακα-

992 1878 1139 1913 sophorum
1153 1879 1197 1905 vix
1209 1887 1279 1906 unus
1291 1879 1369 1906 Plato
1383 1888 1444 1907 cum
1456 1881 1636 1915 cognovisset,
1652 1889 1706 1908 non
1721 1888 1770 1908 au-

157 1924 240 1960 λύψαι
263 1933 294 1952 τε
317 1925 363 1951 καὶ
385 1925 537 1961 πληρῶσαι,
561 1927 608 1953 καὶ
637 1925 754 1960 κηρύξαι
780 1925 828 1961 τὴν
844 1927 942 1960 γνῶσιν

992 1923 1055 1950 dere
1071 1931 1100 1950 se
1116 1923 1211 1950 efferre
1224 1924 1251 1950 in
1264 1932 1357 1951 omnes
1370 1925 1457 1959 palam
1469 1924 1609 1960 professus
1622 1930 1674 1957 est,
1691 1926 1770 1960 plane

157 1971 251 2001 πᾶσιν,
268 1970 338 1997 ὥστε
355 1971 387 1997 ἐκ
402 1971 450 2006 τῆς
466 1972 554 1998 αὐτῶν
571 1972 680 1998 ἐκείνων
703 1971 873 2003 διδασκαλίας
887 1973 942 1998 εἰσ-

993 1969 1141 2000 aflirmans.
1161 1978 1169 1994 ι
1190 1973 1328 2004 parentem
1346 1970 1454 2005 quidem
1474 1974 1554 2004 atquc
1570 1971 1693 2005 opiﬁcem
1708 1971 1769 1999 uni-

156 2015 198 2042 ἑτι
218 2015 267 2043 νῦν
287 2016 359 2043 κατὰ
379 2016 425 2043 τὸν
448 2017 568 2052 παρόντα
590 2017 686 2053 καιρὸν
698 2018 726 2043 ἐν
741 2016 811 2047 ὅλοις
826 2019 881 2048 τοῖς
897 2019 942 2044 ἐπὶ

991 2015 1160 2049 versibujus,
1167 2019 1192 2042 et
1200 2016 1319 2042 invenire
1327 2015 1433 2042 difﬁcile
1441 2023 1509 2047 esse,
1519 2022 1613 2043 etcum
1622 2017 1767 2050 inveneris,

158 2063 211 2098 γῆς
221 2062 308 2090 ἔθνεσι
327 2062 410 2098 μυρία
426 2062 513 2098 πλήθη
529 2063 559 2089 οὐ
582 2064 660 2099 μόνον
683 2063 795 2098 ἀνδρῶν,
812 2064 879 2091 ἀλλὰ
896 2065 942 2091 καὶ

992 2062 1068 2096 prodi
1077 2062 1103 2088 in
1114 2062 1209 2096 vulgus
1215 2070 1268 2089 non
1278 2062 1489 2097 posseJVerum
1501 2063 1538 2090 illi
1550 2063 1769 2098 quidemetinve-

143 2108 305 2142 "f'JVGlXGW,
323 2109 370 2135 καὶ
387 2108 498 2141 παίδων,
512 2108 621 2135 οἰκετῶν
637 2117 665 2135 τε
679 2109 726 2135 καὶ
742 2110 942 2145 ἀγροίκων,“το-

991 2107 1050 2134 nire
1064 2106 1178 2135 dillicilis
1186 2107 1246 2134 visa
1259 2112 1301 2134 est
1310 2115 1353 2134 res
1370 2111 1396 2134 et
1418 2115 1511 2135 revera
1527 2108 1620 2143 ingens
1633 2110 1768 2144 negotium

157 2154 252 2181 σοῦτον
267 2154 307 2189 τῷ
322 2154 369 2181 τοῦ
385 2154 525 2186 Πλάτωνος
543 2155 579 2190 μὴ
590 2155 739 2188 πείθεσθαι,
756 2156 794 2187 ὡς
809 2157 854 2182 τὸν
869 2166 942 2192 ποιη-

991 2155 1085 2182 est.At
1104 2162 1168 2182 vero
1191 2154 1260 2182 idem
1275 2154 1412 2189 publicare
1424 2155 1451 2180 in
1460 2161 1564 2185 omnes,
1575 2155 1770 2190 enuntiareque

153 2200 205 2237 τὴν
231 2201 279 2228 καὶ
302 2201 465 2236 δημιουργὸν
486 2201 561 2227 τοῦδε
580 2201 626 2228 τοῦ
648 2202 746 2234 παντὸς
769 2203 846 2238 μόνον
876 2204 940 2229 Θεὸν

994 2202 1130 2237 130non
1138 2203 1235 2237 potuit,
1244 2205 1385 2235 propterea
1394 2200 1465 2236 quod
1475 2208 1527 2227 non
1535 2204 1610 2227 tanta
1620 2201 1657 2227 illi
1662 2202 1769 2237 pictatis

155 2246 310 2282 γνωρίζειν,
321 2246 368 2272 καὶ
385 2246 462 2281 μόνον
479 2246 576 2278 σέϐειν,
594 2248 640 2273 καὶ
656 2248 735 2282 μόνον
750 2249 794 2275 διὰ
810 2249 856 2275 τοῦ
873 2249 939 2284 Χρι-
954 2239 973 2266 Π

954 2239 977 2266 D
990 2257 1053 2284 erga
1064 2249 1148 2276 Deum
1163 2248 1204 2275 vis
1213 2248 1316 2285 aderat,
1325 2252 1425 2282 quanta
1432 2246 1496 2274 Jcsu
1505 2247 1656 2282 discipulis,
1671 2249 1769 2283 quibus

153 2291 221 2318 στοῦ
242 2291 386 2326 θεολογεῖν.
412 2291 493 2318 Ταῦτ’
513 2290 546 2328 ἦν
562 2293 608 2319 τοῦ
627 2293 686 2319 νέου
703 2294 749 2320 καὶ
765 2295 856 2321 καινοῦ
875 2295 939 2330 γόη-

991 2301 1042 2328 ope
1063 2293 1216 2327 auxilioque
1230 2292 1402 2327 praeceptoris
1412 2312 1419 2324 ,
1434 2297 1572 2326 parentem
1593 2293 1769 2327 opiliCcmque

153 2345 201 2369 τος
215 2337 250 2364 τὰ
266 2337 474 2373 κατορθώματα·
492 2338 602 2364 τοιαῦτα
618 2339 663 2364 τοῦ
680 2339 855 2375 νομιζομένου
872 2340 938 2366 πλά-

991 2339 1153 2371 universi,et
1169 2338 1300 2369 invenire,
1309 2342 1334 2364 cl
1343 2345 1499 2372 agnoscere,
1507 2338 1676 2364 illaboratum
1690 2345 1722 2364 ac
1729 2337 1769 2364 fa-

154 2391 202 2410 νου
215 2383 250 2410 τὰ
264 2383 448 2419 γοητεύμαται
467 2384 514 2410 κα)⁴
529 2384 622 2410 τοιοίδε
642 2386 665 2410 οἰ
682 2385 727 2411 τοῦ
747 2385 833 2420 Ἰησοῦ
853 2386 939 2421 μαθη-

991 2387 1042 2414 cile
1048 2386 1160 2420 contigit
1168 2393 1176 2418 ;
1184 2389 1210 2412 et
1219 2389 1361 2419 postquam
1371 2384 1540 2415 invenerunt,
1549 2383 1629 2410 etiam
1638 2382 1731 2410 efferre
1741 2383 1768 2410 in

154 2430 209 2458 ταὶ.
217 2430 262 2465 ἀφ’
270 2426 307 2457 ὧν
315 2429 356 2456 δεῖ
362 2430 406 2456 τὸν
413 2430 571 2457 διδάσκαλον
579 2431 678 2462 ὁποῖός,
686 2439 726 2461 τις
736 2429 769 2465 ἦν
776 2454 779 2456 .
786 2431 936 2466 γνωρίζειν.

992 2439 1071 2459 omne
1088 2438 1172 2465 genus
1189 2429 1337 2460 hominum,
1354 2427 1520 2462 prodereque
1537 2431 1563 2453 et
1586 2426 1730 2460 complere,
1743 2431 1769 2453 et

154 2475 263 2510 publice
269 2476 412 2503 enuntiare
422 2476 546 2503 omnibus
557 2477 627 2510 quod
637 2481 827 2511 cognoverant,
839 2478 905 2504 adeo
916 2478 1034 2512 quidem,
1046 2480 1072 2503 ut
1084 2484 1115 2503 ex
1128 2475 1234 2502 iilorum
1243 2473 1384 2508 disciplina
1394 2480 1479 2508 usque
1491 2473 1517 2499 in
1526 2479 1643 2506 praesens
1652 2475 1768 2505 tempus,

155 2528 205 2556 per
220 2529 316 2550 omnes
340 2529 401 2557 qua:
431 2526 495 2549 sunt
522 2522 549 2549 in
567 2522 631 2549 orbe
647 2527 781 2549 terrarum
811 2527 915 2557 gentes,
934 2527 1084 2550 conventus
1111 2520 1338 2551 innumerabiles,
1363 2524 1431 2545 non‘
1447 2518 1567 2545 virorum
1593 2518 1696 2548 solum,
1723 2517 1770 2543 sed

155 2568 239 2595 etiam
266 2567 442 2601 feminarum,
462 2573 490 2595 et
516 2576 673 2603 puerorum,
700 2573 726 2595 et
748 2576 899 2601 servorum,
917 2574 943 2596 et
963 2569 1109 2604 agrestium
1135 2567 1286 2597 hominum,
1320 2569 1422 2591 tantum
1447 2564 1526 2595 absit,
1561 2567 1591 2589 ut
1604 2562 1708 2588 Platoni
1723 2563 1770 2589 ob-

155 2614 307 2649 temperent
321 2618 369 2641 aut
390 2614 517 2646 credant,
533 2618 563 2644 ut
590 2618 738 2646 auctorem,
774 2614 950 2649 opiﬁcemque
969 2613 1087 2641 universi
1103 2612 1196 2646 hujus,
1229 2610 1317 2638 solum
1339 2609 1422 2636 Deum
1442 2611 1599 2643 agnoscant,
1616 2607 1704 2635 solum
1724 2614 1768 2634 coe

155 2661 224 2691 lant,
244 2659 280 2688 de
295 2660 355 2686 solo
369 2667 418 2695 per
438 2659 588 2690 Christum,
621 2663 651 2686 ut
671 2659 704 2686 de
731 2658 786 2686 Deo
802 2660 956 2694 loquantur.
976 2659 1008 2685 lli
1024 2663 1088 2685 sunt
1105 2658 1167 2685 novi
1184 2656 1264 2690 hujus
1293 2663 1325 2682 ac
1348 2655 1465 2682 recentis
1480 2653 1684 2688 prmstigiatoris
1708 2660 1771 2679 suc-

155 2709 252 2732 cessus
269 2713 277 2731 :
295 2704 360 2731 talia
375 2704 446 2738 eius,
464 2704 510 2739 qui
544 2703 717 2730 existimatur
743 2704 870 2732 seductor
898 2706 1108 2736 incantamenta,
1142 2703 1262 2737 talesque
1283 2701 1369 2736 ipsius
1386 2699 1449 2728 Jesu
1473 2699 1610 2734 discipuli,
1625 2698 1658 2726 de
1672 2698 1770 2733 quibus

156 2753 308 2785 pmceptor
324 2750 415 2784 qualis
432 2749 513 2776 fuerit
526 2749 653 2784 cognosci
667 2750 773 2777 debeat.

189 2795 257 2831 Φέρε
273 2795 297 2822 δ’
314 2795 365 2826 ἔτι,
381 2802 429 2821 και
449 2794 534 2830 ταύτῃ
548 2794 593 2820 τὸν
608 2793 685 2828 λόγον
695 2795 937 2831 διερευνησώμεθα.

1026 2796 1159 2823 Caeterum
1174 2795 1226 2821 alia
1244 2800 1352 2829 quoque
1362 2793 1476 2822 ratione,
1494 2791 1520 2819 id
1532 2791 1565 2819 de
1576 2798 1629 2825 quo
1641 2790 1769 2824 quaeritur

155 2841 243 2877 Γόητα
255 2843 310 2877 φῂς
325 2840 418 2874 αὐτὸν,
431 2838 453 2867 ὦ
474 2837 560 2872 οὗτος
580 2840 647 2866 ἀλλὰ
663 2841 710 2867 καὶ
726 2842 871 2876 φαρμακέα
885 2842 938 2868 δει-

990 2842 1139 2869 videamus.
1160 2840 1386 2874 Pratstigiatorem
1409 2846 1474 2865 sane
1490 2838 1565 2864 illum
1579 2836 1648 2863 dicis
1661 2836 1744 2863 fuisse
1761 2845 1766 2861 τ

156 2887 200 2915 νὺν
216 2888 264 2915 καὶ
276 2886 423 2915 ἀπατεῶνα
446 2886 545 2920 καλεῖς.
573 2883 635 2923 τΔρξ
658 2883 703 2915 οὖν
730 2886 835 2923 πρῶτος
858 2887 937 2920 αὐτὸς

990 2887 1138 2921 quinetiam
1151 2886 1302 2915 veneﬁcum
1317 2884 1522 2914 callidissimum
1544 2885 1769 2918 deccptoremquc
