2071 3219
293 160 342 188 231

621 158 756 186 EUSEBH
779 157 1021 186 CASSARIENSIS
1040 157 1115 186 OPP.
1132 157 1233 186 PARS.
1254 158 1287 186 ll.
1307 173 1343 181 --
1361 158 1609 186 APOLOGETICA.

1870 157 1925 186 232

293 224 385 244 vocas.
403 215 540 251 Numquid
559 216 641 250 igitur
655 215 759 249 primus
775 214 821 241 ille
833 219 860 241 et
879 214 955 241 solus
971 213 1081 248 hujusce

1137 214 1183 240 ml.
1198 214 1277 248 μόνος
1293 214 1407 250 εὑρετὴς
1423 215 1541 250 κατέστη
1557 214 1604 242 τοῦ
1626 215 1803 250 πράγματοςς
1823 215 1840 251 ἧ
1857 215 1926 242 πάν-

291 262 331 289 rei
355 261 482 288 inventor
497 261 612 292 exstitit,
639 267 673 286 an
697 265 762 286 vero
783 259 817 286 de
839 266 925 290 more,
947 258 980 285 ad
1007 260 1082 293 ipsos

290 315 475 343 prmeeptores
499 307 575 334 initia
597 305 701 333 referre
719 305 847 340 oportet?
861 304 928 332 Nam
957 305 981 332 si
1006 305 1082 332 nullo

292 353 408 380 docente
431 353 488 387 ipse
511 353 616 387 primus
632 352 761 386 solusque
783 352 907 379 inventor
929 351 1010 386 hujus
1029 351 1082 378 fuit

293 398 417 434 incmpli.
434 400 470 426 ita
488 404 516 426 ut
538 399 604 426 nihil
625 406 737 434 prorsus
753 399 787 426 ab
802 400 862 426 aliis
881 407 994 434 usquam
1011 399 1082 426 didi-

293 443 373 474 cerit,
390 451 477 478 neque
491 444 525 470 ab
543 444 664 478 antiquis
679 444 877 478 compilaverit,
898 451 947 470 cur
966 452 1020 471 non
1038 444 1080 471 di-

292 490 386 516 vinam
403 489 440 516 illi
466 493 591 516 naturam
607 489 725 516 tribuere
744 494 879 523 oporteat,
894 490 940 524 qui
955 490 1037 517 nullis
1049 490 1082 517 li-

292 534 361 567 bris,
373 535 455 562 nullis
469 535 621 570 praeceptis,
631 543 679 562 seu
694 535 917 571 praeceptoribus,
927 544 975 563 sua
985 543 1082 571 sponte

292 581 407 608 edoctus
424 589 472 616 per
493 582 624 616 seipsum,
648 582 737 609 omnis
761 582 911 617 disciplina:
925 591 1020 618 capax,
1039 588 1082 611 ta-

292 626 359 654 lium
375 635 467 654 rerum
484 627 613 654 inventor
629 628 782 655 exstiterit?
797 628 878 663 Atqui
892 637 980 664 neque
993 629 1082 656 sordi—

293 672 334 699 da:
347 672 465 706 alicujus
481 674 559 705 artis,
575 681 663 708 neque
676 674 816 702 rationalis
827 675 980 710 cujuspiam
992 676 1081 702 scienv

292 719 346 750 tite,
362 727 393 746 ac
407 727 441 746 ne
456 720 606 754 primorum
623 719 731 754 quidem
749 720 944 747 elementorum
956 720 1080 755 discipli-

292 773 356 792 nam
379 770 408 793 ut
435 766 580 800 percipias,
600 767 659 793 siue
673 766 742 794 duce
763 774 795 793 ac
808 772 974 802 praeceptore
990 768 1080 803 aliquo

291 812 349 839 ﬁeri
369 816 467 847 potest,
492 813 591 840 nedum
612 821 645 840 ea
666 821 726 848 qua:
752 818 876 841 naturam
907 822 1080 843 communem

291 864 431 893 superant.
443 857 540 885 Nullus
555 863 629 886 certe
639 867 758 894 unquam
773 867 820 895 per
835 868 866 887 se
879 860 976 888 doetus
990 868 1080 895 gram-

291 905 399 931 matica:
411 909 561 939 praeceptor
576 905 654 932 nobis
665 906 797 939 occurrit,
812 914 900 940 neque
915 906 1017 938 rhetor,
1033 907 1079 941 qui

293 957 346 977 non
363 949 397 976 ab
413 950 505 984 aliquo
522 950 658 984 didicerit,
679 959 768 986 neque
784 952 829 986 qui
853 957 949 987 suopte
972 952 1080 987 ingenio

291 995 415 1023 medicus
434 996 560 1028 evaserit,
590 1004 678 1031 neque
707 997 885 1029 architectus,
903 1006 991 1033 neque
1014 999 1081 1026 alte-

291 1042 350 1070 rius
365 1043 515 1078 cujuspiam
532 1044 569 1070 rei
593 1044 690 1070 artifex
709 1053 716 1072 :
734 1049 760 1071 et
784 1044 840 1072 haec
857 1046 965 1080 quidem
982 1046 1080 1080 exigua

291 1089 382 1116 omnia
397 1093 477 1124 atque
491 1090 616 1116 humana.
633 1089 709 1116 Verte
720 1095 809 1117 autem
825 1091 934 1126 pietatis
949 1092 1018 1119 inter
1032 1092 1081 1118 ho-

291 1135 378 1162 mines
391 1134 542 1166 doctorem,
567 1134 659 1162 dicere
679 1136 823 1171 prmstigiis
838 1136 1001 1171 quibusdam
1014 1137 1079 1164 talia

291 1180 488 1214 iutroduxisse,
505 1188 538 1207 eo
555 1188 608 1215 quo
628 1181 696 1207 vixit
719 1186 850 1216 tempore,
866 1182 1000 1216 ejusmodi
1018 1191 1080 1217 pro-

291 1227 398 1261 digiosa
422 1227 648 1262 admirabiliaque
676 1226 747 1254 facta
770 1228 900 1259 edidisse,
924 1229 1078 1263 cuiusmodi

292 1280 379 1307 nuper
411 1273 462 1307 ipsi
490 1274 676 1307 exposuimus,
710 1273 846 1309 talemque
878 1275 954 1301 illum
985 1279 1080 1309 suapte

294 1317 371 1352 131
390 1323 487 1344 natura
513 1326 618 1354 suaque
643 1322 741 1353 sponte
764 1319 915 1352 exstitisse,
940 1328 1028 1354 neque
1046 1321 1080 1347 ab

291 1364 413 1398 antiquis
427 1365 600 1398 compilasse,
617 1373 704 1400 neque
718 1373 733 1393 a
749 1366 826 1393 novis
848 1367 987 1401 magistris
1002 1366 1080 1402 adju-

293 1416 351 1438 tum
374 1412 470 1444 fuisse,
490 1413 536 1448 qui
559 1414 633 1448 paria
652 1421 684 1440 ac
702 1413 801 1441 similia
814 1419 876 1442 ante
893 1414 983 1449 ipsum
998 1422 1077 1442 exer-

292 1458 409 1498 cuerim,
431 1458 495 1493 quid
520 1459 604 1491 aliud,
623 1466 726 1494 quazso,
742 1464 794 1491 est,
812 1459 865 1486 nisi
888 1459 1029 1487 testiﬁcari
1053 1465 1080 1487 et

293 1504 383 1536 fateri,
404 1504 525 1532 divinum
553 1506 632 1540 plane
650 1505 778 1541 quiddam
805 1506 899 1538 fuisse,
916 1513 1079 1540 omnemque

292 1549 434 1576 hominum
457 1555 583 1577 naturam
609 1558 753 1586 superasse
768 1551 844 1578 illum
862 1551 895 1578 de
911 1559 965 1586 quo
980 1552 1079 1586 quaeri-

293 1596 372 1623 mus?
385 1596 419 1622 At
435 1596 507 1623 enim
531 1597 677 1631 magistros
702 1597 777 1624 illum
798 1597 868 1625 dicis
884 1598 1012 1624 habuisse
1029 1597 1080 1624 im-

292 1647 427 1678 postores,
437 1651 485 1671 nec
498 1643 531 1670 ab
543 1643 732 1679 Aﬂgyptiorum
748 1644 881 1679 sapientia
896 1643 1079 1677 abhorruisse,

293 1697 343 1717 nec
352 1697 411 1724 qua:
423 1689 530 1716 illormn
546 1691 696 1725 antiquitas
707 1690 801 1717 habuit
814 1697 914 1717 arcana
928 1690 1079 1724 ignorasse,

292 1743 308 1762 a
324 1735 423 1770 quibus
437 1743 500 1763 cum
517 1736 683 1772 collegisset,
700 1736 807 1770 qualem
828 1735 899 1762 fama
924 1735 977 1762 fert
999 1735 1080 1762 talem

291 1782 424 1810 evasisse.
456 1781 512 1808 Cur
538 1782 621 1817 igitur
641 1782 687 1809 alii
717 1782 784 1809 nulli
808 1782 854 1809 illo
877 1781 1081 1816 prestantiorcs

291 1828 427 1863 magistri,
445 1829 491 1862 qui
508 1832 535 1855 et
558 1828 634 1855 illum
656 1833 737 1856 actate
762 1827 970 1859 antecesserint,
990 1832 1016 1854 et
1031 1834 1080 1855 sua

293 1873 417 1900 doctrina
441 1874 618 1906 instituerint,
635 1878 682 1901 aut
708 1874 737 1901 in
754 1873 882 1909 (Egypto,
896 1878 943 1900 aut
965 1881 1080 1908 usquam

292 1918 369 1950 alibi,
386 1918 438 1946 visi
455 1919 536 1946 sunt?
547 1919 603 1946 Cur
617 1919 699 1955 igitur
713 1927 767 1946 non
784 1919 818 1946 de
829 1919 884 1947 illis
898 1926 1006 1954 quoque
1019 1923 1082 1947 ante

293 1964 376 1999 hujus
397 1965 611 1997 accusationem,
628 1965 656 1992 in
672 1972 768 1992 omnes
784 1964 908 1992 homines
928 1965 999 1991 fama
1020 1972 1081 2000 per-

293 2010 384 2036 venit?
404 2017 453 2036 cur
472 2018 526 2037 non
551 2010 613 2037 item
637 2010 746 2037 illorum
773 2009 844 2037 sicut
873 2011 958 2037 nostri
987 2009 1080 2044 hujus,

293 2055 376 2082 etiam
391 2063 465 2082 nunc
479 2055 566 2091 gloria
580 2054 781 2088 canitur?Quisl
794 2063 858 2082 vero
870 2063 989 2090 uuquam
1012 2063 1082 2090 prte-

294 2101 419 2136 stigiator
444 2109 539 2129 eorum
560 2101 607 2136 qui
634 2101 747 2133 fuerint,
765 2109 799 2128 ex
816 2108 870 2136 quo
893 2109 939 2128 res
956 2101 1082 2128 humana:

294 2154 411 2181 erepere,
429 2151 474 2173 aut
487 2147 558 2182 apud
575 2147 718 2178 barbaros,
734 2150 780 2173 aut
793 2147 864 2182 apud
878 2146 998 2178 Graecos,
1014 2146 1081 2174 tales

295 2191 413 2218 instituit
439 2191 599 2227 discipulos,
623 2196 670 2218 aut
693 2191 788 2219 talium
817 2191 906 2226 legum
931 2191 1081 2224 taliumque

1097 891 1116 918 Β

1093 1573 1114 1600 C

1132 268 1182 291 τας
1201 268 1253 286 που
1273 260 1342 287 κατὰ
1359 260 1388 286 τὸ
1405 260 1549 286 ἀκόλουθον
1564 262 1604 292 εἰς
1619 260 1794 292 διδασκάλους
1805 261 1927 297 ἀναπέμ-

1133 315 1193 333 πειν
1210 306 1263 342 χρὴ
1284 306 1317 333 τά
1336 306 1427 339 uitta;
1442 307 1474 332 Εἰ
1487 307 1535 342 μὲν
1548 306 1611 343 γὰρ,
1630 306 1742 342 μηδενὸς
1758 306 1924 341 διδάξαντος,

1133 353 1213 385 αὐτὸς
1227 353 1335 389 πρῶτος
1352 353 1399 379 καὶ
1417 353 1496 388 μόνος
1516 353 1630 388 εὑρετὴς
1647 353 1743 387 γέγονε
1759 352 1809 387 τῆς
1826 354 1926 388 ἐπιχει-

1134 401 1248 436 ρήσεως,
1269 400 1350 435 μηδὲν
1378 399 1508 435 μηδαμῶς
1525 400 1590 435 παρ’
1614 399 1714 434 ἐτέρων
1733 398 1836 434 μαθὼν,
1857 399 1926 435 μηδὲ

1133 447 1165 473 ὲκ
1180 446 1301 473 παλαιῶν
1312 447 1516 481 ἐρανισάμενος,
1527 447 1584 478 πῶς
1598 447 1627 472 ού
1642 446 1716 477 θείας
1732 445 1840 479 φύσεως
1855 445 1925 480 χρῆν

1132 492 1270 527 ὁμολογεῖν
1287 493 1378 525 αὐτὸν,
1394 492 1424 524 ὃς
1437 490 1470 527 ἦν
1486 493 1549 519 ἄνευ
1570 492 1678 527 βίϐλων,
1696 492 1743 518 καὶ
1762 491 1858 525 λόγων,
1877 491 1926 518 καὶ

1131 538 1310 570 διδασκάλων,
1334 539 1533 570 αὐτοδίδακτος,
1554 540 1601 565 καὶ
1620 537 1775 573 αὐτομαθὴς
1797 537 1926 564 τοιούτων

1132 585 1302 620 πραγμάτων
1318 586 1431 621 εὑρετὴς
1449 585 1635 619 ἀναπέφηνενς
1654 585 1708 611 Καὶ
1726 583 1779 619 μὴν
1795 582 1856 609 οὔτε
1875 582 1924 617 βα-

1131 633 1230 660 ναύσου
1240 634 1347 668 τέχνης,
1358 632 1421 659 οὔτε
1437 631 1547 666 λογικῆς
1564 631 1729 666 ἐπιστήμης,
1746 629 1806 655 οὐδέ
1823 637 1854 663 γε
1867 628 1923 655 τῶν

1132 679 1247 715 πρώτων
1265 679 1403 714 στοιχείων
1419 677 1468 712 τὴν
1487 677 1603 712 μάθησιν
1616 676 1677 710 δίχα.
1692 674 1810 710 ποδηγοῦ
1825 675 1872 701 καὶ
1885 675 1925 702 δι-

1132 726 1266 753 δασκάλου
1282 725 1354 756 τινὸς
1370 723 1513 750 ἀναλαϐεῖν
1534 723 1655 754 δυνατὸν,
1674 722 1711 758 μὴ
1732 722 1791 757 οὐχὶ
1804 722 1852 757 τὴν
1866 730 1926 748 xor-

1131 771 1179 807 νὴν
1196 771 1365 806 ἐκϐεϐηκότα
1383 769 1472 804 φύσιν.
1487 769 1582 800 Οὐδεὶς
1598 769 1662 803 γοῦν
1678 768 1731 795 τῶν
1751 768 1861 795 πώποτε
1875 768 1925 795 αύ-

1129 816 1282 848 τοδίδακτος
1302 817 1367 852 ἡμῖν
1400 815 1598 852 γραμματικῆς
1615 815 1737 850 παρῆλθε
1752 814 1924 847 διδάσκαλος,

1131 863 1190 890 ούδέ
1201 871 1234 897 γε
1249 863 1339 898 ῥήτωρ
1352 862 1388 897 μὴ
1404 860 1582 897 μεμαθηκὼς,
1593 861 1653 887 οὐδὲ
1665 860 1803 895 αὐτοφυὴς
1820 859 1923 895 ίατρὺς,

1133 909 1193 936 οὐδὲ
1212 909 1325 940 τέκτων,
1341 908 1393 934 οὐδ’
1413 908 1508 943 ἑτέρας
1526 907 1691 942 δημιουργὸς
1706 907 1812 942 τέχνης.
1826 906 1924 933 Καίτοι

1135 955 1222 991 μικρὰ
1235 954 1322 981 ταῦτα
1339 954 1385 980 καὶ
1396 953 1560 989 ἀνθρώπεια.
1580 952 1615 979 Τὸ
1623 952 1651 979 δὲ
1669 953 1750 987 φάναι
1764 951 1809 978 τὸν
1819 950 1925 987 ἀνθρώ-

1135 1009 1192 1026 πων
1205 1000 1233 1026 εὖ
1239 999 1344 1030 σεϐείας
1355 998 1470 1033 ἀληθοῦς
1483 997 1641 1024 διδάσκαλον
1657 996 1767 1023 τοιαῦτα
1787 997 1925 1032 τεθαυμα-

1133 1046 1300 1081 τουργηκότα
1320 1044 1379 1071 καθ’
1402 1044 1430 1070 ὃν
1459 1043 1589 1078 ἐπεδήμει
1611 1042 1649 1077 τῷ
1670 1042 1719 1078 βίῳ
1744 1043 1850 1078 χρόνον,
1875 1041 1924 1069 καὶ

1133 1093 1260 1124 τοιαύτας
1277 1091 1444 1127 παραδόξους
1465 1090 1606 1126 τερατείας
1624 1089 1802 1124 πεποιηκότα,
1821 1090 1854 1121 ἃς
1873 1090 1924 1125 ἁρ-

1132 1138 1196 1170 τίως
1236 1138 1430 1174 διεξήλθομεν,
1468 1138 1500 1164 ἐκ
1535 1136 1581 1162 τοῦ
1618 1136 1771 1171 αὐτομάτου
1801 1134 1922 1162 τοιοῦτον

1134 1185 1226 1220 φῆναι,
1248 1185 1316 1220 μήτε
1339 1184 1414 1219 παρὰ
1431 1182 1552 1209 παλαιῶν
1576 1182 1785 1218 ἐρανισάμενον’
1811 1182 1872 1216 μήτ’
1890 1182 1924 1208 ἐκ

1133 1231 1200 1258 νέων
1216 1230 1382 1257 διδασκάλων
1414 1228 1607 1263 ὡφελημένον,
1636 1227 1670 1254 τὰ
1692 1228 1772 1262 ὃμοια
1801 1228 1848 1253 καὶ
1869 1226 1924 1262 πρὸ

1133 1277 1214 1306 αὐτοῦ
1238 1276 1446 1311 πεποιηκότων,
1463 1275 1488 1302 τί
1512 1275 1604 1310 ἄλλοῆ
1631 1273 1840 1309 μαρτυρούντων
1864 1273 1924 1300 ἐστὶ

1133 1325 1179 1351 καὶ
1192 1322 1392 1359 ὁμολογούντων
1405 1322 1474 1348 θεῖον
1486 1320 1592 1356 ἀληθῶς
1606 1321 1699 1355 χρῆμα
1711 1319 1862 1354 γεγονέναι,
1875 1319 1924 1346 καὶ

1133 1371 1222 1397 πᾶσαν
1245 1369 1388 1405 ἀνθρώπου
1417 1369 1497 1402 φύσιν
1522 1367 1738 1403 ὑπερϐεϐηκέναι
1755 1366 1799 1393 τὸν
1826 1365 1923 1401 δηλού-

1121 1424 1230 1458 Ιμενον;
1253 1414 1333 1441 Ἀλλὰ
1346 1413 1514 1444 διδασκάλοις
1531 1412 1610 1439 αὐτὸν
1633 1413 1685 1447 φῂς
1706 1411 1922 1447 προσεσχηκέναι

1133 1459 1253 1490 πλάνοις,
1271 1459 1338 1494 μηδὲ
1357 1458 1446 1484 λαϐεῖν
1461 1457 1541 1484 αὑτὸν
1556 1456 1589 1483 τὰ
1602 1457 1670 1490 σοφὰ
1685 1456 1738 1482 τῶν
1754 1455 1921 1489 Αἰγυπτίων,

1133 1505 1178 1532 καὶ
1195 1505 1249 1531 τῶν
1264 1504 1347 1531 πάλαι
1365 1505 1429 1539 παρ’
1449 1504 1540 1535 αὐτοῖς
1553 1502 1704 1538 λεγομένων
1719 1502 1753 1528 τὰ
1767 1501 1921 1536 ἀπόρρητα,

1133 1553 1197 1588 παρ’
1214 1549 1250 1578 ὧν
1268 1551 1480 1585 συλλεξάμενον,
1505 1550 1587 1582 ἄνδρα
1606 1548 1724 1575 τοιοῦτον
1741 1546 1795 1575 οἷον
1811 1549 1824 1574 ὁ
1843 1547 1922 1581 λόγος

1131 1597 1304 1633 παρίστησιν,
1320 1595 1520 1630 ἀποδειχθῆναι.
1533 1595 1564 1621 Τί
1580 1595 1647 1630 δῆτα
1661 1592 1718 1626 οὗν;
1730 1591 1747 1630 ἦ
1764 1602 1835 1625 τινες
1848 1593 1924 1620 ἄλλοι

1131 1645 1270 1680 κρείττους
1291 1642 1371 1669 αὑτοῦ
1395 1643 1541 1678 πεφήνασι,
1556 1641 1602 1668 καὶ
1623 1641 1748 1676 πρότεροι
1770 1640 1920 1676 τῷχρόνῳ,

1132 1691 1178 1716 καὶ
1197 1689 1278 1716 αὑτοῦ
1303 1688 1473 1719 διδάσκαλοι,
1499 1688 1548 1714 εἴτ’
1564 1688 1607 1713 ἐπ’
1627 1686 1780 1720 Αἰγύπτου,
1797 1685 1847 1712 εἴθ’
1867 1686 1921 1721 ὅπη

1131 1733 1179 1768 δή;
1194 1733 1226 1759 Τί
1240 1730 1286 1759 οὖν
1296 1732 1356 1768 ούχὶ
1369 1732 1502 1759 κάκείνων
1516 1731 1568 1767 πρὸ
1582 1731 1632 1766 τῆς
1646 1730 1738 1757 τούτου
1753 1729 1922 1765 κατηγορίας

1131 1779 1247 1812 ἔφθασεν
1260 1779 1299 1810 είς
1311 1779 1414 1809 πάντας
1428 1777 1612 1813 ἀνθρώπουςὴ
1629 1778 1705 1812 φήμη
1718 1785 1724 1809 ;
1738 1777 1754 1812 ἢ
1768 1776 1794 1802 τί
1811 1776 1847 1812 μὴ
1861 1776 1922 1812 οὐχὶ

1132 1825 1264 1852 κάκείνων
1286 1826 1370 1852 εἰσέτι
1395 1825 1442 1851 νῦν
1463 1825 1494 1850 τὸ
1521 1824 1599 1854 κλέος
1617 1824 1709 1858 ᾅδεται
1733 1822 1771 1858 τῷ
1797 1822 1922 1858 ἡμετέρῳ

1133 1871 1344 1906 παραπλησίως;
1362 1870 1410 1901 Τίς
1424 1870 1452 1896 δὲ
1473 1869 1527 1896 τῶν
1544 1869 1591 1895 ἀπ’
1611 1869 1708 1900 αίῶνος
1723 1868 1831 1895 πώποτε
1844 1869 1922 1903 γόης,

1133 1916 1270 1952 βάρϐαρος
1292 1914 1441 1950 ἢἜλλην,
1467 1913 1594 1941 τοιούτων
1614 1913 1733 1949 κατέστη
1763 1913 1921 1944 διδάσκαλος

1132 1962 1275 1998 φοιτητῶν,
1292 1961 1337 1988 καὶ
1355 1961 1483 1988 τοιούτων
1499 1961 1588 1995 νόμων
1603 1961 1649 1987 καὶ
1665 1961 1752 1995 λόγων
1769 1959 1901 1994 αὐθέντης
1913 1978 1921 1991 ,

1131 2009 1194 2035 οἴων
1220 2006 1299 2043 ἡτοῦ
1327 2007 1451 2041 Σωτῆρος
1483 2006 1560 2041 ἡμῶν
1585 2006 1764 2032 ἐπιδέδεικται
1790 2005 1921 2039 δύναμιςς

1138 2054 1233 2086 ’ἰάσεις
1242 2053 1270 2079 δὲ
1280 2051 1391 2079 τοσάσδε
1402 2052 1449 2078 καὶ
1459 2052 1627 2088 παραδόξους
1637 2051 1794 2087 εὐεργεσίας
1804 2049 1922 2081 τοιάσδε,

1131 2101 1190 2132 οἵας
1203 2102 1217 2127 ὁ
1237 2100 1371 2135 ἡμέτερος
1392 2098 1548 2133 πεποιηκὼς
1572 2098 1780 2134 μνημονεύεται,
1802 2097 1843 2129 τίς
1863 2095 1922 2122 πώς

1132 2155 1197 2173 ποτε
1216 2144 1433 2181 διαπραξάμενος
1449 2145 1608 2180 ἱστορεῖται;
1621 2144 1698 2175 Τίνος
1711 2144 1739 2170 δὲ
1755 2145 1778 2170 οἱ
1789 2143 1923 2179 γνώριμοι

1133 2194 1178 2220 καὶ
1191 2193 1246 2219 τῶν
1259 2192 1429 2228 πραγμάτων
1442 2192 1585 2223 αὐτόπται,
1594 2191 1638 2218 διὰ
1648 2191 1734 2226 πυρὲς
1746 2190 1794 2217 καὶ
1812 2190 1922 2225 σιδήρου

294 2242 490 2273 praeceptorum
506 2242 602 2265 auctor
617 2238 677 2270 fuit,
692 2237 814 2273 qualium
832 2237 918 2264 fuisse
932 2237 1080 2263 Salvatoris

1132 2238 1245 2273 δοκιμῆς
1258 2238 1307 2272 τὴν
1324 2237 1394 2273 ὑπὲρ
1407 2233 1444 2264 ὧν
1454 2236 1645 2272 ἐμαρτύρησαν
1662 2236 1789 2271 ἀλήθειαν
1804 2234 1922 2261 ἐπιστώ-

293 2285 381 2312 nostri
406 2285 493 2312 virtus
521 2285 690 2312 ostenditur?
715 2288 762 2311 aut
786 2284 849 2319 quis
875 2290 995 2317 unquam
1026 2286 1081 2309 tam

294 2331 387 2358 lnultis
403 2330 525 2362 medelis,
541 2335 596 2357 tant
609 2330 783 2358 mirabilibus
796 2329 1082 2363 beneﬁcentiis,quam

293 2377 338 2404 hic
359 2381 453 2403 noster
469 2376 578 2403 functus
595 2376 777 2404 memoratur?
791 2373 876 2410 Ctijus
893 2379 982 2402 autem
1005 2375 1083 2401 lanii-

294 2422 376 2449 liares
395 2422 466 2457 ignis
483 2422 604 2457 ferrique
618 2422 780 2457 probatione
796 2429 890 2449 earum
906 2428 997 2448 rerum
1014 2428 1082 2454 quas

296 2469 508 2496 testiﬁcarentur
521 2469 662 2496 veritatem
679 2469 716 2495 ita
732 2468 940 2499 coulirmarunt,
952 2471 981 2493 ut
997 2466 1082 2494 nostri

295 2514 446 2542 Salvatoris
462 2515 600 2550 discipuli,
617 2514 663 2550 qui
677 2514 768 2541 omnia
785 2513 894 2548 quidem
912 2513 1011 2549 probra
1023 2521 1083 2547 pcr-

295 2560 428 2593 tulerunt,
440 2560 532 2587 omnia
557 2567 622 2587 vero
647 2563 847 2586 tormentorum
865 2565 964 2593 genera
984 2558 1084 2585 tolera-

297 2608 372 2637 runt,
382 2608 409 2632 et
423 2605 538 2640 denique
552 2605 693 2640 proprium
707 2604 867 2639 sanguinem
880 2602 1043 2634 elluderunt,
1055 2608 1084 2629 ut

297 2657 359 2684 quae
382 2651 432 2685 ipsi
461 2652 599 2679 testiﬁcati
617 2656 709 2679 essent
723 2649 936 2678 conﬁrmarent?
951 2649 1083 2677 Praeterea

298 2694 456 2729 quicunque
476 2696 540 2723 huic
564 2701 664 2724 nostrae
685 2695 784 2723 rationi
812 2695 981 2727 adversatur,
999 2694 1082 2726 dicat,

298 2748 402 2774 qua-so,
418 2740 479 2775 quis
503 2749 622 2776 unquam
648 2742 829 2777 praestigiator
857 2741 952 2771 saltem
978 2740 1006 2767 in
1022 2740 1082 2766 ani-

300 2793 374 2812 mum
390 2785 506 2820 induxit,
516 2786 549 2813 de
567 2788 676 2822 proprio
704 2787 814 2815 nomine
843 2793 872 2813 se
897 2793 974 2813 novae
990 2786 1084 2820 cujus-
1106 2782 1110 2786 ”

300 2830 364 2857 dam
392 2832 479 2866 gentis
504 2832 648 2860 factionem
682 2833 925 2868 comparaturum?
951 2831 1007 2859 lloc
1035 2839 1084 2858 au-

301 2879 355 2903 tem
381 2876 469 2912 ipsum
498 2877 652 2913 quempiam
683 2886 741 2906 non
769 2878 849 2907 modo
872 2878 1018 2913 cogitasse,
1036 2877 1084 2906 sed

1133 2291 1224 2316 σαντο,
1244 2283 1385 2318 ὼσπεροῦν
1413 2283 1438 2309 οἱ
1461 2282 1507 2308 τοῦ
1538 2282 1662 2318 Σωτῆρος
1688 2281 1766 2317 ἡμῶν
1790 2280 1920 2317 μαθηταὶ,

1133 2329 1221 2360 πάσας
1240 2329 1288 2364 μὲν
1312 2328 1402 2360 αἰκίας
1427 2328 1604 2359 ἁνατλάντες,
1623 2328 1712 2359 πάσας
1741 2327 1770 2354 δὲ
1798 2326 1922 2362 βασάνων

1135 2376 1206 2406 ἰδέας
1222 2375 1427 2409 ὑπομείναντες,
1439 2374 1486 2400 καὶ
1500 2374 1576 2405 τέλος
1589 2373 1632 2400 διὰ
1649 2373 1695 2401 τοῦ
1714 2373 1778 2400 ἰδίου
1796 2373 1921 2408 αἵματος,

1133 2421 1166 2447 τὰ
1187 2421 1250 2455 περὶ
1264 2419 1344 2446 αὑτοῦ
1363 2419 1572 2455 μαρτυρηθέντα
1587 2420 1680 2451 αὐτοῖς
1704 2419 1922 2454 πιστωσάμενοι;

1135 2466 1195 2492 Ἔτι
1210 2466 1279 2501 πρὸς
1295 2465 1408 2497 τούτοις,
1423 2467 1437 2491 ὁ
1449 2465 1486 2500 τῷ
1500 2465 1533 2491 δι’
1549 2465 1672 2497 ἐναντίας
1683 2466 1748 2501 ἡμῖν
1766 2465 1838 2500 λόγῳ
1853 2473 1923 2501 παρο

1134 2513 1276 2548 ιστάμενος
1301 2512 1414 2546 λεγέτω,
1438 2512 1480 2543 τίς
1503 2513 1556 2539 τῶν
1573 2511 1680 2538 πώποτε
1696 2512 1802 2548 γοήτων
1816 2511 1866 2538 κᾶν
1883 2512 1923 2542 είς

1133 2557 1195 2584 νοῦν
1208 2558 1319 2584 ἐϐάλετο
1330 2558 1390 2585 νέου
1408 2557 1501 2589 ἔθνους
1520 2558 1565 2584 ἐπὶ
1581 2558 1674 2592 οἰκείῳ
1692 2558 1803 2592 ὀνόματι
1824 2557 1920 2584 σύστα-

1135 2612 1176 2630 σιν
1188 2603 1365 2639 ποιήσασθαι;
1380 2603 1416 2630 Τὸ
1429 2603 1456 2629 δὲ
1472 2603 1509 2639 μὴ
1525 2603 1602 2638 μόνον
1613 2604 1736 2638 ἐννοῆσαι
1751 2602 1839 2634 τοῦτο,
1855 2602 1920 2629 ἀλλὰ

1133 2651 1181 2676 καὶ
1197 2649 1368 2685 κατορθῶσαι
1382 2649 1412 2676 τὸ
1430 2649 1569 2685 βουληθὲν,
1587 2650 1645 2681 πῶς
1668 2650 1698 2675 ού
1713 2650 1803 2675 πᾶσαν
1818 2648 1909 2684 ἀνθρώ

1134 2704 1184 2722 που
1202 2695 1331 2722 καλύπτοι
1356 2695 1389 2722 ἂν
1408 2695 1503 2729 quem;
1525 2695 1659 2722 Βασιλέων
1676 2695 1703 2721 δὲ
1727 2695 1852 2730 δόγμασι,
1875 2694 1920 2722 καὶ

1135 2740 1256 2767 παλαιῶν
1272 2741 1432 2776 νομοθετῶν,
1451 2741 1602 2775 φιλοσόφων
1619 2749 1648 2767 τε
1663 2741 1710 2767 καὶ
1732 2740 1861 2775 ποιητῶν,
1875 2739 1920 2765 καὶ

1135 2784 1267 2819 θεολόγων
1278 2786 1308 2818 ἐξ
1322 2786 1444 2817 ἐναντίας
1459 2785 1552 2813 θέσθαι
1561 2785 1659 2820 νόμους
1669 2785 1733 2817 τοὺς
1745 2785 1805 2812 κατ’
1816 2783 1920 2810 εἰδωλοε

1135 2831 1279 2867 λατρείας,
1308 2832 1354 2858 καὶ
1370 2832 1481 2864 τούτους
1507 2831 1656 2867 κρατῦναι,
1679 2832 1801 2867 ἀμάχους
1821 2839 1851 2856 τε
1876 2827 1921 2855 καὶ

1135 2878 1285 2914 ἀηττήτους
1300 2879 1339 2910 είς
1361 2878 1465 2915 μικρὸν
1483 2877 1611 2910 ἐπιδεῖξαι
1631 2877 1727 2910 αἰῶνα,
1749 2878 1790 2908 τίς
1813 2875 1919 2903 πώποτε
