2071 3219
154 205 208 232 233

608 207 934 236 DEMONSTRATIONIS
955 209 1186 238 EVANGELICA‘J
1215 210 1278 238 LIB.
1299 210 1345 238 Ill.

1731 213 1785 243 231

153 268 258 304 γοήτων
275 267 460 304 διανενόηταις
482 267 511 295 Ὀ
527 269 555 296 δὲ
567 269 664 306 Σωτὴρ
680 270 727 296 καὶ
748 270 850 305 Κύριος
869 270 941 306 ήμῶι

999 273 1080 300 etiam
1097 272 1244 307 perfecisse
1265 280 1315 300 suo
1332 272 1478 306 arbitratu,
1497 280 1546 300 cur
1561 280 1614 300 non
1630 277 1714 301 totam
1735 274 1785 302 ho-

152 316 204 341 οὖκ
217 316 347 351 ἐνενόησε
365 317 424 352 μὲν,
438 317 467 343 οὺ
483 317 633 352 τετόλμηκε
647 317 674 344 δὲ
688 318 874 354 ἐπιχειρῆσαι·
887 318 944 345 ἀλλ’

152 363 214 389 οὐδὲ
224 363 390 399 ἐπεχείρησε
404 363 463 399 μὲν,
476 364 506 390 οὐ
518 364 680 400 κατώρθωσε
695 364 738 391 δέ·
751 365 791 391 ἑνὶ
803 365 831 391 δὲ
843 366 945 400 ῥήματι

155 409 203 435 καὶ
228 409 278 444 μιᾷ
301 411 376 445 φωνῇ
398 411 485 445 φήσας
502 410 568 445 πρὸς
595 411 658 442 τοὺς
683 411 780 437 ἑαυτοῦ
802 410 942 446 μαθητάς·

158 463 168 480 ι
186 455 369 490 Πορευθέντες
397 455 584 490 μαθητεύσατε
609 455 697 482 πάντα
720 456 753 482 τὰ
772 456 834 492 ἔθνη
855 457 884 482 ὲν
907 456 945 492 τῷ

152 499 267 535 ὀνόματί
285 509 354 536 μου,
373 500 543 532 διδάσκοντες
559 502 657 533 αὐτοὺς
673 503 767 536 τηρεῖν
787 503 874 529 πάντα
895 503 945 528 ὃσα

153 546 333 582 ἐνετειλάμην
354 547 428 581 ὑμῖν,
442 556 451 572 ›
476 546 556 582 ἔργον
572 548 658 583 ἐπῆγε
680 547 719 584 τῷ
740 548 821 583 λόγῳ,
845 548 944 575 αὐτίκα

153 600 185 618 τε
205 592 389 627 ὲμαθητεύετο
405 594 433 619 ἐν
455 593 537 628 ὀλίγῳ
556 594 610 620 πᾶν
626 594 704 628 γένος
720 595 852 631 Ἑλλήνων
875 594 943 630 όμοῦ

153 639 203 665 καὶ
220 638 381 675 βαρϐάρων,
407 640 454 666 καὶ
480 639 556 675 νόμοι
580 641 647 667 πᾶσι
670 643 726 673 τοῖς
747 641 836 668 ἔθνεσι
866 650 945 668 κατε-

154 684 314 720 σπείροντο,
337 685 452 712 ἐναντίοι
472 687 505 721 τῇ
522 686 578 713 τῶν
595 686 718 714 παλαιῶν
732 688 941 724 δεισιδαιμονίᾳ·

153 729 233 765 νόμοι
248 731 384 766 δαιμόνων
404 732 527 767 πολέμιοι
542 734 588 760 καὶ
602 735 692 769 πάσης
706 734 797 770 ἐχθροὶ
814 734 943 761 πολυθέου

155 775 260 811 πλάνης
274 785 280 790 ·
296 776 372 811 νόμοι
389 777 510 810 Σκυθῶν,
525 779 573 806 καὶ
589 778 711 814 Περσῶν,
728 779 775 806 καὶ
788 779 842 805 τῶν
857 779 944 806 ἄλλων

155 820 302 858 βαρὸάρων
316 823 506 859 σωφρονισταὶ,
522 825 717 860 άποτρεπτικοί
737 833 767 851 τε
788 825 878 861 πάσης
897 826 943 852 ὲκ-

154 867 258 904 θέσμου
275 870 322 895 καὶ
335 869 483 905 θηριώδους
494 870 599 906 διαίτης
611 880 617 886 ·
637 871 713 907 νόμοι
731 871 784 897 τῶν
801 871 830 903 ἐξ
846 871 943 903 αἰῶνος

153 915 221 950 παρ’
237 915 328 947 αὐτοῖς
345 915 472 951 Ἕλλησιν
487 916 556 943 ἐθῶν
580 917 785 952 άνατρεπτικοὶ,
802 917 900 952 καινῆς
915 917 943 943 δὲ

155 960 204 987 ,ιαὶ
218 959 333 995 ἀληθοῦς
355 961 494 994 εὐσεϐείας
517 962 736 997 καταγγελτικοί.
758 963 790 989 Τί
810 963 877 999 δῆτα
898 961 944 990 οὖν

154 1008 212 1039 τοῖς
228 1007 311 1035 πάλαι
326 1008 405 1043 γόησι
423 1009 476 1044 πρὸ
491 1009 544 1035 τῶν
559 1009 605 1035 τοῦ
623 1009 710 1044 Ίησοῦ
734 1009 846 1044 χρόνων,
860 1009 876 1044 ἢ
897 1010 944 1036 καὶ

155 1053 227 1088 μετὰ
240 1053 326 1080 ταῦτα
336 1053 466 1086 τοιοῦτον,
477 1053 493 1088 ἣ
505 1055 553 1081 καὶ
565 1053 756 1090 παραπλήσιον
768 1053 941 1088 τετόλμηται,

152 1099 193 1131 ὡς
204 1094 317 1132 εἰκόῒως
333 1100 415 1134 φάναι
431 1100 512 1127 αὑτὸν
532 1099 596 1136 παρ’
615 1099 716 1135 ἐτέρων
729 1099 885 1134 ὠφελῆσθαι
908 1099 943 1126 τὰ

151 1145 205 1180 τῆς
216 1147 359 1181 γοητείας;
381 1147 412 1173 Εἰ
428 1147 449 1173 δ’
471 1147 565 1173 οὐδένα
579 1147 611 1174 ἄν
627 1155 668 1178 τις
689 1146 745 1181 ἔχοι
767 1146 854 1180 λέγειν
869 1145 943 1181 αὺτῷ

152 1192 296 1226 γεγονέναι
318 1193 410 1228 ὅμοιον
429 1193 534 1228 (οὐδεὶς
552 1192 606 1229 γὰρ
625 1191 659 1228 ἦν
688 1192 763 1228 αὑτῷ
785 1192 870 1224 αἴτιος
893 1193 942 1227 τῆς

152 1239 289 1274 τοσαύτης
304 1238 436 1275 ἀρετῆς),
454 1238 512 1275 ὥρα
536 1239 681 1275 τοιγαροῦν
700 1239 839 1274 ὁμολογεῖν
865 1239 941 1275 ξένην

152 1284 216 1311 τινὰ
229 1285 276 1311 καὶ
292 1285 367 1311 θείαν
379 1285 459 1319 φύσιν
472 1285 699 1320 ἐπιδεδημηκέναι
709 1285 748 1320 τῷ
767 1285 827 1320 βίῳ,
873 1286 941 1322 μόνῃ

153 1331 203 1356 καὶ
220 1330 318 1367 πρώτῃ
332 1331 366 1357 τὰ
387 1330 566 1366 μηδεπώποτε
584 1331 649 1366 παρ’
669 1330 822 1366 ἀνθρώποις
839 1340 943 1367 μνημο-

153 1375 283 1402 νευθέντα
293 1375 480 1412 κατώρθωται.
495 1376 574 1403 Ἀλλὰ
589 1376 731 1404 καὶταῦτα
744 1377 793 1412 μὲν
805 1374 856 1404 ὧδε
868 1377 943 1409 τέλος

151 1421 250 1456 ἐχέτω.

997 318 1080 345 minis
1111 322 1236 345 naturam
1261 318 1390 354 eﬂ'ugiat?
1408 318 1528 347 Decretis
1554 326 1618 347 vero
1634 312 1661 346 et
1678 327 1783 355 regum,

995 367 1023 390 et
1041 371 1135 390 eorum
1161 364 1207 398 qui
1230 364 1303 400 leges
1328 364 1435 400 priscas
1453 365 1635 397 condiderint,
1652 369 1680 392 et
1696 365 1786 401 philo-

996 409 1155 444 sophorum,
1172 414 1199 437 et
1213 414 1366 444 poetarum,
1381 414 1408 438 et
1424 410 1610 446 theologorum
1632 411 1785 438 contrarias

996 455 1069 490 leges
1084 463 1193 490 ponere,
1207 464 1268 491 qum
1278 456 1489 484 simulacrorum
1500 457 1602 485 cultum
1616 461 1783 493 oppugnent.

995 508 1109 536 quaeque
1127 502 1200 537 quod
1215 503 1309 530 volunt
1323 503 1474 536 obtineant,
1489 503 1655 538 easdemque
1669 503 1785 540 inexpu-

995 547 1128 583 gnabiles.
1142 552 1169 575 et
1184 548 1300 576 invictas
1316 548 1343 575 in
1359 552 1519 584 perpetuum
1533 549 1714 583 constituere,
1722 549 1785 585 quis

994 602 1027 622 ex
1047 595 1175 622 omnibus
1200 595 1246 630 qui
1270 603 1389 630 unquam
1415 595 1526 626 fuerint.
1541 595 1725 631 prmstigiator
1737 603 1785 624 co-

994 641 1108 677 gitavit?
1123 642 1156 668 At
1180 641 1253 669 enim
1280 641 1405 668 Salvator
1421 649 1453 668 ac
1475 641 1606 670 Dominus
1621 645 1715 670 noster
1728 650 1785 671 non

995 688 1036 716 sic
1053 687 1162 722 quidem
1183 687 1313 722 cogitavit
1327 687 1389 718 hoc,
1408 692 1436 714 ut
1448 691 1543 722 postea
1558 688 1669 723 aggredi
1681 695 1736 715 non
1748 689 1785 717 sit

995 741 1096 766 ausus;
1113 740 1202 768 neque
1216 740 1279 760 vero
1293 733 1333 760 sic
1347 740 1493 768 aggressus
1507 736 1559 766 es't,
1572 738 1602 760 ut
1620 737 1714 769 postea
1727 741 1783 762 non

994 778 1138 814 perfecerit
1154 789 1160 806 :
1177 778 1225 806 sed
1239 786 1294 806 uno
1307 779 1391 807 verbo
1406 787 1514 814 unaque
1529 786 1595 807 voce
1617 787 1678 806 cum
1696 779 1784 808 dixis-

995 829 1037 852 set
1065 824 1100 852 ad
1130 832 1196 852 suos
1226 824 1402 859 discipulos:
1423 824 1502 859 132
1530 834 1540 850 ί
1567 824 1617 856 Ite,
1648 825 1785 854 instituile

994 878 1090 898 omnes
1102 874 1198 906 gentes
1218 870 1246 898 in
1267 871 1376 898 nomine
1401 879 1472 904 meo,
1494 871 1624 899 docentes
1651 879 1699 900 eas
1725 878 1785 900 ser-

995 922 1059 942 vare
1070 923 1240 950 quaecunque
1253 914 1379 942 mandavi
1389 915 1467 944 vobis
1474 915 1508 948 ⁸ο,
1520 925 1529 941 ι
1540 915 1624 944 verbo
1631 923 1688 944 rem
1703 920 1785 952 atque

997 959 1144 987 efﬁcaciam
1175 959 1276 995 adjecit
1291 969 1298 986 :
1313 964 1396 996 atque
1413 961 1546 996 evestigio
1566 961 1594 988 in
1611 961 1785 996 disciplinam

997 1004 1071 1032 venit
1099 1005 1175 1032 brevi
1203 1008 1327 1040 tempore
1345 1013 1426 1034 omne
1442 1013 1529 1042 genus
1547 1010 1575 1034 et
1587 1006 1744 1035 Graecorum
1754 1011 1787 1042 et

996 1049 1174 1077 barbarorum
1192 1058 1199 1076 :
1216 1054 1242 1076 et
1267 1050 1340 1085 leges
1355 1051 1383 1078 iu
1401 1055 1516 1079 cunctas
1527 1051 1652 1080 nationes
1662 1051 1787 1080 dissemi-

997 1100 1068 1123 nata:
1081 1099 1154 1128 sunt,
1169 1096 1289 1131 antiquae
1296 1097 1485 1132 superstitioni
1496 1098 1673 1126 adversantes
1690 1107 1696 1126 :
1712 1098 1786 1136 leges

995 1142 1149 1170 daemonum
1171 1143 1393 1179 oppugnatrices,
1419 1148 1447 1172 et
1469 1145 1560 1173 omnis
1582 1145 1610 1172 in
1635 1145 1785 1173 multorum

995 1187 1109 1216 deorum
1126 1189 1201 1216 cultu
1220 1188 1323 1216 erroris
1339 1189 1457 1216 inimicae
1471 1198 1478 1217 :
1492 1190 1566 1225 leges
1581 1189 1746 1226 Scytharum
1757 1193 1786 1219 et

994 1234 1141 1262 Persarum
1155 1238 1183 1262 et
1196 1235 1313 1262 aliorum
1339 1235 1518 1263 barbarorum
1537 1235 1743 1268 moderatrices,
1757 1240 1786 1264 et

994 1289 1056 1316 quae
1077 1280 1268 1308 damnaverint
1292 1288 1400 1308 omnem
1428 1281 1463 1310 ab
1477 1282 1550 1309 omni
1578 1281 1639 1317 jure
1665 1282 1785 1310 alierum

995 1334 1028 1354 ac
1041 1327 1158 1354 ferinum
1173 1326 1275 1354 vietum
1288 1335 1294 1353 :
1308 1327 1382 1362 leges
1404 1334 1466 1362 quae
1485 1328 1633 1355 everterint
1655 1334 1785 1363 quaecun-

995 1382 1049 1410 que
1073 1373 1198 1402 instituta
1223 1372 1369 1400 habuerint
1397 1372 1484 1401 Grazci
1509 1373 1544 1400 ab
1569 1373 1647 1401 initio
1671 1373 1784 1401 humani

997 1419 1126 1456 generis,
1151 1423 1179 1448 et
1206 1427 1306 1448 novam
1332 1426 1480 1455 veramque
1512 1419 1637 1454 pietatem
1671 1419 1783 1447 induxe~

153 1468 221 1496 rint.
239 1468 296 1496 Cur
323 1469 405 1505 igitur
436 1471 556 1506 antiquis
583 1469 827 1505 prmstigiatoribus
858 1473 920 1496 ante
935 1468 1001 1496 Jesu
1015 1472 1149 1503 tempora,
1177 1470 1226 1494 aut
1249 1466 1331 1494 etiam
1354 1469 1426 1501 post,
1457 1465 1526 1493 nihil
1554 1466 1607 1493 tale
1626 1469 1673 1492 aut
1695 1465 1783 1493 simile

153 1514 305 1550 inemptum
321 1520 372 1547 est,
392 1519 421 1542 ut
436 1516 614 1551 probabiliter
630 1515 764 1543 aiﬁrmare
782 1515 931 1550 possimus,
942 1515 1019 1541 illum
1035 1514 1070 1541 ab
1085 1513 1146 1541 aliis
1163 1513 1191 1541 in
1208 1513 1242 1541 iis
1269 1521 1330 1549 quae
1360 1513 1393 1540 ad
1410 1512 1561 1548 praestigias
1579 1513 1715 1548 pertinent
1735 1512 1783 1540 ad-

150 1559 244 1595 jtttum
265 1561 368 1588 fuisse?
388 1561 464 1595 Quod
481 1563 504 1590 si
537 1569 616 1589 nemo
645 1561 684 1589 illi
717 1561 833 1589 similem
848 1560 1003 1596 quempiam
1018 1558 1141 1595 proferre
1156 1559 1243 1594 possit
1259 1559 1362 1595 (nullus
1381 1559 1454 1587 enim
1469 1558 1508 1586 illi
1520 1563 1601 1586 tanta:
1616 1563 1712 1586 auctor
1725 1558 1780 1586 viro

154 1607 247 1642 tutis),
262 1606 318 1641 jam
335 1616 400 1642 ergo
422 1608 559 1636 fatendum
575 1609 620 1641 sit,
648 1608 804 1636 inusitatam
829 1606 975 1642 quamdam
997 1605 1172 1641 divinamque
1197 1609 1323 1633 naturam
1351 1605 1422 1633 inter
1452 1605 1577 1633 homines
1600 1612 1661 1632 esse
1684 1612 1778 1633 versa-

150 1655 223 1684 tam,
259 1659 319 1687 quze
348 1653 406 1680 sola
426 1656 453 1680 et
472 1653 559 1688 prima
575 1660 607 1681 ea
624 1660 684 1688 qure
707 1660 848 1687 nunquam
868 1651 996 1679 humanis
1022 1651 1137 1679 auribus
1167 1651 1262 1678 audita
1280 1651 1346 1683 sint,
1364 1650 1518 1686 perfecerit.
1536 1650 1569 1678 Et
1594 1650 1652 1678 ιιιεο
1673 1651 1783 1686 quidem

153 1698 299 1727 hactenus.

189 1745 275 1772 Πάλιν
289 1745 317 1771 δὲ
333 1745 379 1772 ἐπὶ
392 1745 438 1772 τὸν
452 1745 484 1772 δι’
496 1745 620 1778 ἐναντίας
638 1745 717 1779 ἰτέον,
733 1746 884 1782 ὲρωτητέον
898 1755 938 1779 τε,

1027 1745 1105 1774 Nunc
1130 1753 1228 1774 rursus
1258 1746 1455 1774 contradicenti
1487 1745 1645 1774 adversario
1674 1745 1782 1773 obviam

152 1794 247 1819 εἴποτε
260 1793 408 1828 ὀφθαλμοῖς
423 1791 502 1825 οἶδεν,
521 1793 537 1829 ἦ
557 1794 624 1829 ἀκοῇ
641 1794 711 1828 ἔγνω
729 1795 830 1830 γόητάς
850 1804 879 1822 τε
895 1795 941 1823 καὶ

153 1839 319 1874 φαρμακέας
332 1839 394 1874 δίχα
408 1839 526 1867 σπονδῶν
540 1841 586 1867 καὶ
605 1841 731 1876 θυμάτων
749 1841 795 1868 καὶ
809 1841 942 1877 δαιμόνων

152 1885 325 1921 ἐπικλήσεως
340 1894 370 1912 τε
382 1886 429 1912 καὶ
444 1887 594 1922 παρουσίας
609 1887 796 1923 γοητεύοντας.
807 1888 879 1923 Μήτι
895 1886 941 1915 οὗν

153 1933 202 1959 καὶ
229 1931 300 1958 κατὰ
325 1931 371 1958 τοῦ
392 1932 517 1968 Σωτῆρος
539 1933 628 1968 ἡμῶν,
653 1933 669 1968 ἢ
692 1933 762 1960 κατὰ
785 1933 838 1960 τῶν
859 1934 940 1961 αὑτοῦ

151 1977 280 2012 λόγων,ῆ
297 1977 366 2004 κατὰ
382 1977 435 2004 τῶν
456 1977 539 2004 είσέτι
559 1977 607 2004 νῦν
625 1977 776 2013 ζηλούντων
796 1979 842 2006 τὸν
858 1979 940 2006 αὐτοῦ

153 2022 223 2057 βίον,
237 2023 292 2058 ἔχει
308 2032 350 2054 τις
362 2022 488 2057 τοιαύτην
503 2023 644 2059 ἑπιῆςέρειν
659 2023 801 2060 διαϐολήν;
815 2025 882 2060 Οὐχὶ
895 2027 941 2052 καὶ

152 2069 246 2104 τυφλῷ
261 2069 349 2104 δῆλον,
364 2068 401 2100 ὡς
420 2069 474 2095 πᾶν
487 2068 639 2096 τούναντίον
653 2069 846 2105 τούτοιςήμεῖζ
863 2071 887 2097 οἱ
907 2072 941 2098 τὰ

158 2115 247 2150 Ἰησοῦ
267 2115 427 2151 φρονοῦντες
441 2115 645 2151 ἐπιτηδεύομεν,
661 2116 757 2143 θᾶττον
774 2117 822 2152 μὲν
836 2116 941 2152 θανάτῳ

150 2161 202 2197 τὴν
225 2161 314 2197 ψυχὴν
339 2161 356 2197 ἢ
375 2161 483 2197 δαίμοσι
500 2161 595 2188 θυσίαν
616 2160 746 2197 προέσθαι
771 2161 938 2197 τολμῶντες,

151 2208 250 2234 θᾶττον
265 2207 293 2233 δὲ
307 2207 357 2242 τῆς
370 2206 442 2243 ζωῆς
457 2206 628 2242 ἐξιστάμενοι
643 2207 659 2243 ἢ
673 2209 728 2239 τοῖς
740 2210 867 2243 πονηροῖς
885 2209 941 2235 δαί-

154 2263 217 2289 μοσι
247 2254 415 2289 δουλωθῆναι
439 2254 635 2289 ὺπομένοντες;
664 2254 712 2286 Τίς
733 2253 761 2281 δὲ
788 2255 838 2281 οὐκ
860 2253 938 2287 οἶδεν,

151 2300 228 2332 ὅπως
249 2301 297 2327 σὺν
322 2301 390 2336 αὐτῇ
408 2302 441 2336 τῇ
462 2300 509 2326 τοῦ
523 2300 611 2336 Ἰησοῦ
634 2300 805 2336 προσηγορίᾳ
826 2301 873 2327 καὶ
892 2301 940 2327 σὺν

151 2347 247 2382 εὐχαῖς
270 2347 478 2383 καθαρωτάταις
493 2347 548 2373 πᾶν
568 2346 599 2373 τὸ
614 2346 749 2382 δαιμόνων
769 2346 849 2382 ἔργον
871 2347 939 2373 ἁπε-

151 2394 259 2421 λαύνειν
279 2395 345 2430 ἡμῖν
364 2393 439 2428 φίλον
457 2393 546 2425 ὲστίνς
564 2389 648 2424 Οὗτος
663 2394 678 2419 ό
698 2392 744 2419 τοῦ
761 2392 848 2428 Ἰησοῦ
863 2392 940 2426 λόγος

153 2442 200 2468 καὶ
225 2442 241 2477 ἠ
261 2441 326 2476 παρ’
343 2440 424 2468 αὑτοῦ
450 2439 607 2466 διδασκαλία
631 2439 697 2466 πολὺ
726 2439 865 2474 κρείττους
889 2438 940 2473 τῆς

151 2489 268 2524 ἀοράτου
300 2487 402 2522 ταύτης
430 2485 570 2521 δυνάμεως
602 2486 706 2517 πάντας
735 2486 810 2520 ἡμᾶς
842 2485 957 2520 ἀπειρ-Δ

152 2535 272 2568 γάσατο,
287 2532 399 2569 ἐχθρούς
422 2540 452 2558 τε
472 2532 605 2566 δαιμόνων
631 2531 678 2558 καὶ
703 2531 865 2566 πολεμίους,
882 2530 938 2557 ἀλλ’

152 2581 182 2607 οὐ
197 2580 302 2615 φίλους,
335 2578 395 2605 οὐδὲ
422 2578 563 2614 συνήθεις,
597 2577 695 2604 πολλοῦ
724 2576 764 2603 δεῖ
803 2577 940 2612 ὑπηκόους

152 2627 199 2654 καὶ
225 2626 397 2661 ὑποχειρίους
414 2623 483 2652 εἶναι
508 2623 720 2660 παρεσκεύασεν.
745 2624 774 2649 '0
803 2623 834 2658 δὴ
851 2622 940 2649 τοιού-

151 2682 212 2705 τους
225 2674 299 2708 ἡμᾶς
322 2671 498 2707 προαγαγὼν,
523 2670 581 2702 πῶς
608 2669 641 2696 ἂν
664 2669 744 2701 αὐτὸς
764 2668 854 2699 δοῦλος
878 2669 939 2702 ἐγε-

152 2720 225 2754 γόνει
248 2718 402 2754 δαιμόνων;
435 2717 493 2749 πῶς
517 2716 540 2743 δ’
568 2715 600 2742 ἆν
621 2716 677 2746 τοῖς
707 2716 832 2750 πονηροῖς
857 2714 938 2741 πνεύ-

153 2774 235 2802 μασιν
260 2765 373 2796 ἔθυσεν;
395 2764 411 2799 ἦ
431 2763 488 2795 πῶς
512 2762 626 2798 βοηθοὺς
655 2761 783 2797 δαίμονας
807 2760 938 2787 ἐπεκαλέ-

154 2821 218 2839 σατο
241 2814 270 2839 ὲν
296 2813 357 2842 ταῖς
377 2809 628 2846 παραδοεοποιίαις,
645 2809 724 2835 ὁπότε
748 2809 830 2834 εἰσέτι
862 2808 941 2843 δεῦρο

153 2861 205 2891 πΞς
220 2859 326 2894 δαίμων
347 2857 394 2884 καὶ
417 2858 469 2884 πᾶν
485 2855 639 2891 ἀκάθαρτον
661 2854 779 2890 πνεῦμα,
795 2854 832 2886 ὣς
845 2863 870 2880 τι
887 2854 940 2880 τῶν

187 2940 209 2956 ⁸⁸
239 2937 334 2964 .‘tintth.
358 2943 454 2968 xxvnl,
467 2934 510 2966 19,
517 2934 561 2961 20.

251 2987 388 3017 ΡΑτιιοι.
413 2983 471 3013 Gn.
497 2982 598 3014 ΧΧΙΙ.

992 1792 1124 1823 eundum,
1135 1791 1213 1827 isque
1227 1792 1436 1826 interrogandus
1449 1801 1456 1819 :
1468 1791 1608 1826 ecquando
1623 1793 1681 1820 suis
1693 1795 1781 1824 oculis

992 1838 1089 1865 viderit
1106 1838 1253 1866 auribusve
1277 1838 1440 1873 perceperit,
1455 1838 1667 1873 praestigiatores
1682 1845 1715 1866 ac
1729 1846 1776 1866 ve-

992 1885 1094 1913 neﬁcos
1123 1885 1258 1918 homines,
1284 1885 1344 1913 sine
1368 1884 1543 1912 libationibus
1568 1890 1595 1912 et
1619 1885 1775 1915 sacriﬁciis.

992 1932 1198 1966 daemonumque
1214 1931 1387 1959 invocatione
1413 1938 1446 1958 ac
1460 1931 1616 1966 praesentia,
1631 1931 1781 1966 quidquam

991 1977 1137 2013 operatos?
1157 1977 1285 2012 Nunquid
1313 1977 1396 2012 igitur
1418 1980 1465 2004 aut
1488 1980 1585 2004 contra
1613 1975 1783 2005 Salvatorem

991 2028 1126 2057 nostrum,
1153 2027 1201 2050 aut
1228 2027 1324 2050 contra
1354 2023 1427 2051 illius
1452 2028 1600 2058 pmcepta,
1624 2027 1672 2050 aut
1698 2023 1781 2051 etiam

991 2073 1085 2097 contra
1100 2077 1148 2098 eos
1164 2069 1211 2105 qui
1225 2069 1306 2097 hodie
1319 2076 1429 2104 quoque
1444 2069 1517 2096 illius
1531 2069 1614 2096 vitatn
1628 2069 1780 2100 imitantur,

991 2116 1078 2150 possit
1093 2115 1192 2151 aliquis
1208 2115 1289 2143 talem
1303 2115 1410 2150 jactare
1426 2115 1610 2142 calumniam?
1628 2114 1725 2143 Nonne
1744 2117 1785 2143 vel

991 2162 1144 2190 cmcutienti
1156 2162 1331 2197 perspicuum
1348 2169 1398 2189 nos
1414 2162 1570 2196 quicunque
1584 2159 1679 2188 Iesum
1693 2166 1782 2190 secta-

991 2217 1063 2244 mur,
1083 2209 1144 2237 istis
1171 2209 1251 2244 plane
1277 2208 1415 2236 contraria
1445 2209 1536 2235 omnia
1562 2208 1670 2244 operari
1700 2213 1782 2244 atque

991 2243 1128 2290 amplecti,
1144 2243 1269 2283 eticitius
1283 2254 1339 2290 pati
1358 2257 1387 2281 ut
1408 2254 1489 2281 morti
1504 2243 1634 2287 animam,
1651 2261 1733 2290 quam
1752 2259 1782 2281 ιιι

991 2301 1160 2329 dmmonibus
1171 2300 1336 2328 sacriﬁcium
1346 2299 1494 2327 oil'eramus
1509 2309 1516 2327 :
1532 2299 1614 2327 citius
1625 2307 1689 2327 vero
1701 2301 1782 2327 susti-

991 2357 1056 2376 nere
1070 2348 1104 2375 de
1119 2348 1174 2375 vita
1188 2347 1332 2379 excedere,
1345 2354 1426 2382 quam
1444 2346 1539 2382 pravis
1560 2346 1730 2374 daemonibus
1753 2346 1780 2374 iu

992 2393 1149 2421 servitutem
1174 2392 1249 2420 dari?
1269 2391 1337 2425 Quis
1362 2396 1452 2420 autem
1474 2392 1582 2426 ignorat
1604 2395 1705 2419 nostrae
1720 2399 1782 2420 esse

992 2439 1210 2472 consuetudinis,
1222 2439 1282 2474 ipso
1293 2437 1357 2466 Jesu
1374 2437 1495 2469 nomine,
1507 2441 1534 2464 et
1551 2437 1707 2473 purissimis
1720 2444 1781 2472 pre-

992 2487 1083 2518 cibus,
1109 2493 1217 2513 omnem
1239 2484 1392 2512 dmmonum
1404 2483 1577 2511 vexationem
1597 2483 1723 2518 abigere?
1735 2482 1780 2510 Sic

993 2532 1079 2568 ipsius
1102 2530 1167 2559 Jesu
1200 2531 1325 2564 verbum,
1353 2530 1531 2565 ejusdemque
1559 2529 1696 2562 doctrina,
1726 2528 1780 2556 isto

993 2578 1136 2613 potestatis
1163 2576 1293 2604 invisibili
1317 2583 1426 2611 genere,
1445 2578 1474 2601 ut
1499 2581 1594 2601 omnes
1621 2581 1673 2600 nos
1700 2573 1780 2608 longe

991 2623 1158 2659 potentiores
1190 2630 1331 2654 essemus,
1363 2620 1469 2653 eﬁ‘eeit,
1502 2619 1658 2647 dzemonum
1686 2620 1781 2654 utique

994 2670 1087 2697 hostes
1115 2674 1197 2705 atque
1229 2669 1365 2700 inimicos,
1391 2675 1446 2694 non
1476 2670 1566 2694 autem
1601 2667 1705 2694 amicos
1733 2670 1780 2692 aut

994 2716 1141 2743 familiares
1183 2724 1234 2744 nos
1272 2715 1407 2748 reddens;
1443 2718 1546 2749 quanto
1586 2722 1652 2749 ergo
1690 2714 1780 2741 minus

993 2769 1086 2789 eorum
1111 2762 1186 2789 dicto
1212 2762 1363 2795 audientes,
1375 2764 1422 2788 aut
1442 2760 1582 2795 subjectos
1601 2759 1781 2794 comparavit?

996 2807 1074 2842 133
1090 2807 1141 2840 Qui
1158 2807 1240 2842 igitur
1253 2815 1305 2834 nos
1326 2807 1395 2834 tales
1411 2805 1552 2842 produxit,
1563 2806 1609 2840 qui
1621 2805 1678 2832 ﬁeri
1692 2809 1781 2840 potest

996 2857 1024 2880 ut
1041 2855 1099 2888 ipse
1119 2853 1292 2881 dmmonihus
1318 2852 1400 2880 fuerit
1425 2851 1573 2880 addictus?
1596 2851 1683 2884 Quam
1699 2857 1782 2886 porro
