2071 3219
302 198 366 226 ’235

629 197 763 226 EUSEBH
781 198 1018 228 CESARIENSIS
1042 199 1116 228 OPP.
1141 200 1240 229 PARS.
1262 201 1295 229 11.
1315 217 1349 222 -
1369 201 1616 231 APOLOGETICA.

1882 202 1935 230 256

311 254 441 282 credibile
456 254 492 282 sil
507 253 594 286 illum,
617 259 665 281 aut
691 255 822 290 improbis
849 257 992 291 spiritibus
1017 265 1086 285 sacr:

1147 259 1316 286 κολαστικῶν
1337 261 1382 287 καὶ
1399 260 1604 296 ,βασανιστιχῶν
1629 260 1679 295 τῆς
1699 260 1801 291 οἰκείας
1815 259 1934 294 φύσεως,

311 301 419 331 fecisse,
439 304 485 328 aut
513 300 649 328 dzemonas
678 301 710 328 ad
739 301 870 328 auxilium
890 310 1012 335 vocasse,
1030 304 1093 331 dum

310 347 441 375 miracula
454 347 556 378 ederet,
571 348 680 382 quando
707 349 785 375 hodie
810 356 918 384 quoque
934 350 1024 377 onmis
1041 351 1095 378 tlte-

310 401 386 425 mon,
402 394 548 428 omnisque
569 394 691 428 impurus
707 395 833 430 spiritus,
852 396 889 422 ita
908 395 972 423 Jesu
995 404 1092 424 nomen

308 441 447 471 exhorret,
467 445 496 467 ut
508 448 591 467 unutn
609 441 710 475 aliquid
725 448 821 468 eorum
836 449 896 475 qtue
911 441 998 476 ipsius
1012 446 1093 469 natu-

308 494 367 514 ram
384 487 533 522 castigandi
550 495 581 514 ac
597 487 741 522 torqttendi
767 488 821 514 vim
840 488 968 519 habeant,
991 488 1093 516 aufert-

308 539 363 568 que
378 540 408 560 se
423 533 506 565 illico,
519 537 546 560 et
562 533 687 560 concedit
701 542 708 561 :
724 537 827 560 tantam
845 535 929 562 sentit
946 535 1020 563 illius
1047 543 1093 563 no-

309 578 389 605 minis
407 578 470 605 vim.
489 577 535 605 Sic
546 586 612 605 sane
624 579 688 605 olim
705 586 824 614 quoque,
838 588 900 606 cum
915 581 988 608 inter
1005 582 1093 609 homi-

307 631 357 651 nes
379 623 497 659 degeret,
523 632 576 651 non
593 624 712 652 ferentes
729 625 802 652 illitis
820 627 1005 660 prtnsentiam,
1021 628 1092 656 alius

306 669 425 700 aliunde,
442 670 598 698 clamabant
611 681 618 698 :
641 680 650 696 ι
673 671 738 706 Age,
753 672 817 706 quid
830 673 908 700 nobis
918 677 945 699 ct
957 673 1015 704 tibi,
1025 674 1091 702 Jesu

298 712 356 741 'Fili
369 714 432 742 Dei?
448 715 544 742 venisti
558 720 621 743 ante
638 720 745 750 tempus
755 720 881 752 torquere
894 726 944 746 nos
956 719 977 734 ⁸¹
991 719 1003 746 ?
1024 729 1032 745 ι
1045 719 1092 746 Vir

305 764 396 788 autem
415 761 560 795 prmstigiis
574 768 689 795 prorsus
704 762 837 792 intentus.
851 767 878 790 et
899 765 977 798 plane
994 765 1091 800 despe-

304 807 372 834 ratis
388 806 472 834 rebus
486 814 567 834 omne
581 815 660 835 suum
674 808 795 835 studium
812 809 984 844 impendens,
1001 819 1091 839 nonne

304 853 350 879 vel
362 852 522 887 imprudens
540 853 598 888 ipse
619 853 653 880 de
674 854 765 888 seipso
781 855 882 882 indicio
899 856 944 888 sit,
959 858 1031 891 quod
1047 858 1090 884 in—

305 897 395 925 fandis
419 899 552 931 moribus,
578 899 650 934 quod
677 901 820 932 scelestus.
845 901 917 936 quod
943 903 1088 935 obscenus,

304 944 376 979 quod
394 945 516 980 religioni
538 946 676 978 inimicus,
695 947 768 982 quod
786 948 914 982 injustus,
939 950 1012 983 quod
1043 950 1091 976 im-

304 990 383 1025 pius?
399 990 450 1024 Qui
466 999 531 1018 vero
545 993 606 1020 talis
623 993 668 1026 sit,
690 993 762 1020 unde
774 998 820 1020 aut
833 995 970 1028 quomodo
986 1003 1016 1022 ea
1030 1003 1090 1030 qua;

303 1037 339 1064 ad
362 1036 520 1072 religionem
538 1039 685 1072 pertinent,
714 1040 784 1067 alios
808 1040 922 1068 doceat?
947 1041 1090 1074 Quomodo

303 1082 368 1111 item
389 1091 450 1118 qua:
470 1083 504 1110 ad
515 1091 517 1093 ‘
528 1085 749 1120 temperantiam,
766 1094 826 1121 qua:
842 1087 875 1114 ad
892 1087 938 1114 Dei
955 1087 1090 1122 cognitio-

302 1137 375 1164 nem,
405 1138 466 1165 qua:
490 1131 523 1158 at]
540 1131 663 1158 divinum
682 1131 769 1159 forum
789 1140 821 1160 ac
839 1133 973 1168 judicium
989 1134 1088 1160 summi

302 1175 369 1203 Dei?
382 1176 478 1204 Nonne
492 1177 534 1204 his
547 1178 675 1206 omnibus
689 1179 827 1205 contraria
842 1179 932 1213 potius
947 1187 1086 1206 commen-

302 1221 348 1248 det
362 1229 394 1248 ac
413 1221 549 1256 praeferat,
574 1231 630 1250 suae
651 1223 738 1258 ipsius
765 1223 891 1258 nequitia
906 1229 1088 1252 consentanea

292 1267 483 1302 Aperpetrans?
499 1267 594 1296 Nonne
609 1269 705 1300 Deum,
726 1269 828 1304 Deique
842 1270 1041 1304 providentiam
1057 1278 1088 1298 ac

303 1313 349 1340 Dei
364 1313 498 1347 judicium
514 1314 611 1348 neget?
629 1313 725 1341 Nonne
746 1315 837 1341 omnia
856 1315 889 1342 de
904 1315 1015 1346 virtute,
1029 1323 1088 1342 om-

293 1361 346 1387 mia
361 1360 394 1387 de
415 1360 622 1387 immortalitate
639 1360 737 1387 anima:
753 1361 833 1388 verba
860 1361 992 1388 irrideat?
1008 1361 1086 1394 Quod

301 1405 325 1433 si
340 1405 406 1440 quid
422 1405 476 1432 tale
490 1405 572 1432 etiam
588 1405 614 1432 in
632 1405 666 1433 iis
681 1414 741 1440 quw
755 1406 788 1433 ad
806 1406 973 1434 Salvatorem
995 1407 1087 1434 Domi-

300 1458 424 1485 numque
440 1454 565 1478 nostrum
583 1451 729 1485 pertinent,
747 1451 846 1479 intueri
869 1452 1003 1484 licuisset,
1018 1453 1086 1480 nihil

301 1504 368 1525 sane
384 1496 481 1524 fuisset
497 1496 655 1524 dicendum.
675 1501 709 1523 At
723 1504 788 1524 vero
799 1505 860 1524 cum
873 1497 901 1525 in
917 1498 1033 1533 singulis
1043 1506 1086 1526 re-

298 1543 352 1570 bus
367 1545 394 1570 et
413 1542 516 1575 verbis,
531 1543 650 1570 universi
666 1543 791 1578 opificem
820 1543 903 1570 Deum
921 1543 1029 1571 Patrem
1044 1544 1086 1572 in-

298 1596 398 1616 vocare
412 1588 522 1616 solitum
539 1593 657 1620 constet,
679 1589 803 1624 talesque
825 1596 895 1624 quos
919 1590 946 1617 in
964 1580 1086 1625 discipli-

298 1626 362 1662 nam
376 1634 522 1669 acciperet,
536 1642 711 1669 comparasse
725 1644 731 1661 ζ
745 1642 806 1662 cum
821 1639 849 1662 οι
861 1635 918 1670 ipse
930 1641 1084 1671 temperans

298 1681 393 1712 fuerit,
419 1685 445 1708 ct
468 1681 614 1708 verborum
639 1689 698 1716 qua:
719 1681 751 1708 ad
770 1682 977 1717 temperantiam
1001 1683 1085 1718 perli-

297 1731 363 1754 nent
374 1731 545 1762 praceptor:
561 1735 623 1754 cum
644 1732 750 1759 auctor,
772 1728 989 1764 praedicatorque
1002 1727 1084 1762 justi-

295 1773 351 1805 tite,
366 1773 500 1806 veritatis,
512 1773 704 1805 humanitatis,
722 1774 831 1801 virtutis
844 1774 978 1802 universte
995 1785 1001 1802 :
1019 1782 1081 1801 cum

295 1819 437 1854 religionis
462 1819 516 1846 dux
539 1823 566 1846 et
590 1819 731 1854 magister,
756 1827 817 1855 quae
841 1820 963 1848 omnium
991 1828 1080 1855 regem

296 1864 381 1893 Deum
401 1865 467 1892 colit
483 1875 489 1892 :
508 1873 557 1892 cur
569 1873 623 1892 non
635 1866 679 1893 his
695 1867 958 1894 eonsentaneumsit
973 1871 1080 1902 putare,

295 1911 364 1938 nihil
381 1918 476 1938 eorum
492 1919 552 1946 qua:
564 1912 591 1939 in
612 1912 658 1939 illo
672 1911 851 1944 admiramur,
868 1913 963 1940 abillo
978 1921 1025 1948 per
1036 1913 1083 1940 do-

295 1956 353 1983 lum
371 1955 582 1991 praestigiarum,
603 1960 650 1983 aut
674 1963 722 1990 per
738 1956 872 1983 fallaciam
889 1956 1016 1992 gestum?
1032 1964 1081 1983 cur

294 2009 351 2029 non
367 2002 459 2036 potius
474 2008 574 2028 arcana
590 2002 707 2036 quadam
726 2002 762 2034 vi,
778 2010 895 2037 vereque
911 2002 1001 2029 divina
1014 2011 1079 2030 con-

293 2046 476 2080 ﬁteri?Quod
500 2048 523 2076 si
546 2055 579 2074 eo
604 2048 737 2075 vecordia:
757 2048 926 2082 proveheris,
945 2053 973 2076 ut
991 2056 1079 2083 neque

292 2094 415 2122 rationes
430 2094 613 2129 incorruptas,
626 2102 714 2129 neque
728 2095 871 2122 verborum
887 2096 1077 2123 necessitatem

1147 305 1194 331 τοῦ
1209 306 1294 340 ’ἰησοῦ
1303 306 1333 332 τὸ
1344 306 1427 341 ῧνομα
1438 307 1552 342 φρίττει,
1564 306 1739 339 ὑπεξίσταταί
1750 315 1777 332 τε
1789 307 1834 333 καὶ
1846 315 1935 342 παρα-

1148 353 1231 388 χωρεῖ
1243 354 1274 389 τῇ
1296 353 1346 388 τῆς
1364 354 1549 389 προσηγορίας
1564 353 1691 388 audita;
1710 353 1858 389 Ὠσπεροῧν
1886 354 1934 380 καὶ

1147 399 1230 426 πάλαι
1245 399 1305 426 καθ’
1317 399 1346 426 ὃν
1361 399 1490 435 ἐπεδήμει
1510 399 1548 434 τῷ
1563 399 1611 434 βίῳ
1624 399 1729 434 χρόνον,
1748 399 1784 434 μὴ
1806 399 1934 435 φέροντες

1146 444 1229 471 αὐτοῦ
1243 445 1291 480 τὴν
1306 445 1466 480 παρουσίαν,
1485 445 1563 476 ἄλλος
1584 445 1695 472 ἄλλοθεν
1712 445 1791 471 ἐϐόα·
1807 456 1816 471 (
1833 447 1894 476 Ἔα,
1907 446 1933 472 τί

1147 491 1210 525 ἡμῖν
1224 491 1272 517 καὶ
1286 491 1336 523 σοὶ,
1355 491 1440 526 Ἰησοῦ
1452 492 1499 517 Υἱὲ
1510 491 1556 518 τοῦ
1571 491 1636 518 Θεοῦ
1650 501 1657 523 ;
1676 490 1756 527 ἦλθες
1768 492 1821 527 πρὸ
1836 491 1932 527 καιροῦ

1148 537 1291 571 βασανίσαι
1303 538 1396 572 ήμᾶς;
1417 547 1425 561 ι
1449 538 1530 573 Ἀνὴρ
1545 538 1566 564 δ’
1587 538 1654 570 ὅλως
1665 538 1775 573 γοητείᾳ
1791 538 1932 573 προσέχων

1146 582 1189 608 τὸν
1201 582 1272 616 νοῦν,
1290 583 1337 610 καὶ
1356 585 1463 614 πάντως
1478 583 1510 617 γέ
1523 591 1573 609 που
1588 582 1783 618 ἁπειρημένοις
1802 582 1932 618 πράγμα-

1147 637 1187 654 σιν
1208 629 1350 664 ἐγχειρῶν,
1378 628 1421 666 ἆρ¹
1441 629 1489 655 οὑκ
1510 628 1542 655 ἂν
1559 629 1601 663 εἴη
1614 628 1692 663 δῆλος
1710 628 1815 659 ἀνόσιος
1832 627 1870 653 ὢν
1885 627 1931 654 τὸν

1145 674 1254 710 τρόπον,
1279 675 1325 702 καὶ
1354 676 1460 712 μιαρὸς,
1496 676 1542 702 καὶ
1570 675 1690 710 αἰσχρὸς,
1716 675 1761 701 καὶ
1779 675 1866 706 ἄθεος,
1883 674 1931 701 καὶ

1145 720 1260 756 ἀσεϐής
1277 721 1401 753 Τοιοῦτος
1416 721 1443 747 δὲ
1456 721 1503 752 ὢν,
1520 721 1599 747 πόθεν
1618 721 1634 756 ἢ
1651 720 1709 751 πῶς
1722 719 1757 746 τὰ
1771 721 1833 755 περὶ
1853 720 1927 745 εὐσε-

1145 764 1218 796 ϐείας
1241 765 1355 797 διδάξειν
1386 765 1507 801 ἑτέρους,
1540 766 1555 799 ἢ
1572 765 1605 791 τὰ
1623 766 1687 800 περὶ
1708 765 1893 800 σωιρροσύνης,
1911 764 1927 800 ἤ

1144 811 1178 838 τὰ
1193 813 1256 847 περὶ
1272 812 1339 839 Θεοῦ
1356 813 1491 846 γνώσεως,
1505 813 1520 847 ἢ
1536 812 1569 838 τὰ
1587 813 1650 847 περὶ
1677 811 1866 846 δικαιωτηρίου
1880 810 1928 837 καὶ

1148 858 1265 892 κρίσεως
1284 858 1330 884 τοῦ
1352 859 1397 885 ἐπὶ
1423 859 1531 885 πάντων
1548 857 1631 890 Θεοῦ;
1645 858 1712 892 Οὐχὶ
1728 857 1829 884 τούτων
1841 857 1929 884 ἁπάν-

1143 912 1196 930 των
1206 903 1240 930 τὰ
1249 904 1355 930 ἐναντία
1370 904 1526 939 πρεσϐεύει,
1539 904 1671 931 ἀκόλουθα
1685 905 1717 938 τῇ
1733 903 1814 929 αὑτοῦ
1824 903 1927 938 μοχθη-

1142 949 1187 984 ρίᾳ
1204 949 1346 984 πράττωνς
1361 950 1407 976 καὶ
1417 949 1481 976 Θεὸν
1493 950 1540 985 μὲν
1555 950 1711 985 ἀρνήσεται,
1729 949 1775 976 καὶ
1785 948 1852 975 Θεοῦ
1864 948 1926 983 πρό-

1142 1002 1214 1020 νοιαν
1228 1014 1235 1026 ,
1250 994 1296 1020 καὶ
1311 994 1378 1021 Θεοῦ
1393 996 1492 1030 κρίσιν,
1504 995 1629 1030 χλευάσει
1638 994 1665 1021 δὲ
1677 994 1740 1025 τοὺς
1751 994 1814 1029 περὶ
1824 993 1925 1028 ἀρετῆς

1140 1037 1263 1069 καὶτοὺς
1288 1038 1351 1074 περὶ
1362 1038 1451 1074 ψυχῆς
1475 1038 1622 1070 ἀθανασίας
1645 1038 1754 1073 λόγους,
1771 1039 1803 1065 Εἰ
1824 1038 1873 1073 μὲν

1137 1083 1250 1110 τοιαῦτά
1260 1092 1320 1110 τινα
1332 1082 1366 1120 ἦν
1385 1085 1448 1111 ἰδεῖν
1465 1084 1512 1111 καὶ
1526 1085 1590 1120 περὶ
1603 1085 1650 1111 τὸν
1667 1085 1781 1120 Σωτῆρα
1804 1085 1851 1111 καὶ
1867 1084 1925 1110 Κύ-

1140 1138 1195 1166 ριον
1204 1130 1291 1166 ἡμῶν,
1305 1131 1381 1157 οὐδὲν
1395 1130 1426 1157 ἂν
1439 1129 1472 1166 ἦν
1485 1132 1570 1158 εἰπεῖν
1580 1140 1586 1146 ·
1604 1132 1627 1158 εἰ
1641 1131 1663 1157 δ’
1674 1132 1716 1166 ἐφ’
1734 1130 1840 1166 ἑκάστῳ
1856 1130 1927 1166 πρά-

1138 1184 1223 1210 γματι
1240 1178 1288 1203 καὶ
1297 1176 1369 1212 λόγῳ
1379 1177 1424 1204 τὸν
1437 1177 1546 1205 πάντων
1557 1178 1721 1213 δημιουργὸν
1736 1177 1846 1212 Πατέρα
1859 1177 1925 1204 Θεὸν

1137 1220 1354 1257 ἀνακαλούμενος
1387 1222 1594 1254 ἀποδείκνυται,
1623 1223 1670 1248 καὶ
1699 1222 1763 1254 τοὺς
1794 1221 1924 1257 φοιτητὰς

1137 1267 1271 1300 τοιούτους
1288 1267 1356 1295 εἶναι
1372 1268 1597 1303 παρασκευάζων,
1613 1269 1661 1295 καὶ
1678 1270 1702 1295 εἰ
1713 1269 1828 1304 σώφρων
1843 1268 1924 1300 αὐτὸς

1137 1313 1184 1339 καὶ
1197 1314 1342 1349 σωφρόνων
1362 1314 1448 1348 λόγων
1463 1314 1632 1346 διδάσκαλος,
1648 1315 1694 1341 καὶ
1706 1316 1730 1341 εἰ
1742 1314 1856 1350 ποιητὴς
1876 1315 1924 1341 καὶ

1137 1358 1223 1394 κῆρυξ
1233 1359 1414 1394 δικαιοσύνης,
1428 1359 1475 1385 καὶ
1493 1359 1629 1394 ἀληθείας,
1645 1359 1691 1385 καὶ
1708 1358 1922 1393 φιλανθρωπίας,

1136 1404 1183 1430 καὶ
1207 1403 1306 1439 ἀρετῆς
1337 1403 1455 1438 ἁπάσης,
1479 1404 1526 1430 καὶ
1539 1403 1691 1434 θεοσεϐείας
1713 1402 1858 1437 εἰσηγητὴς
1874 1401 1922 1428 τοῦ

1136 1450 1329 1485 παμϐασιλέως
1339 1450 1405 1477 Θεοῦ
1416 1459 1422 1466 ·
1439 1450 1496 1482 πῶς
1511 1451 1559 1485 οὐχ
1574 1445 1781 1480 ἓπεταιλτούτοις
1793 1449 1823 1474 τὸ
1837 1447 1922 1483 μηθὲν

1137 1496 1186 1531 μὲν
1202 1495 1326 1530 ἡγεῖσθαι
1355 1495 1425 1522 κατὰ
1453 1495 1579 1530 γοητείαν
1593 1495 1673 1521 αὑτὸν
1689 1494 1743 1520 τῶν
1763 1493 1922 1528 παραδόξων

1137 1541 1324 1576 πεποιηκέναι,
1350 1541 1461 1577 δυνάμει
1485 1542 1507 1568 δ’
1523 1542 1681 1577 ἀπορρήτῳ,
1697 1541 1744 1568 καὶ
1759 1540 1796 1572 ὡς
1814 1539 1922 1575 ἀληθῶς

1136 1589 1218 1625 ὲνθέῳ
1230 1589 1431 1624 συνομολογεῖη
1447 1588 1515 1615 Ἀλλ’
1528 1589 1568 1621 εἰς
1581 1589 1707 1615 τοσοῦτον
1718 1588 1838 1619 ἐλαύνεις
1849 1588 1921 1623 ἀπη-

1135 1635 1218 1666 νείας,
1235 1635 1272 1666 ὡς
1289 1636 1325 1670 μὴ
1342 1635 1481 1670 λογισμοῖς
1494 1633 1624 1669 σώφροσι,
1639 1633 1724 1667 λόγων
1739 1641 1767 1659 τε
1776 1632 1921 1667 ἀκολουθίᾳ

1136 1682 1279 1716 προσέχειν
1303 1681 1348 1708 τὸν
1378 1681 1457 1712 νοῦν,
1486 1680 1552 1716 μηδὲ
1582 1679 1723 1706 πείθεσθαι
1753 1681 1809 1711 τοῖς
1834 1679 1921 1705 εἰκόσι

1134 1726 1303 1762 τεκμηρίοις,
1329 1725 1449 1752 ὑπονοῶν
1464 1726 1534 1760 τάχα
1546 1734 1598 1752 που
1618 1725 1679 1757 τοὺς
1689 1725 1818 1759 λέγοντας
1834 1725 1917 1760 ἡμᾶς.

1141 1772 1220 1799 Ἀλλὰ
1234 1772 1264 1798 σύ
1277 1781 1307 1806 γε
1319 1773 1369 1798 κῗιν
1384 1772 1437 1798 τῶν
1456 1771 1554 1797 σαυτοῦ
1567 1771 1710 1807 δαιμόνων,
1724 1770 1812 1797 αὐτῶν
1822 1770 1854 1806 δὴ
1864 1770 1918 1796 τῶν

1133 1818 1302 1855 χρησμῳδῶν
1311 1818 1387 1849 θεῶν,
1401 1818 1493 1850 ἄκουε,
1505 1817 1544 1853 τῷ
1559 1817 1749 1853 Σωτῆριήμῶν
1765 1817 1814 1851 οὐχ
1824 1816 1919 1852 ὧσπερ

1133 1865 1164 1891 σὺ
1182 1865 1318 1900 γοητείαν,
1331 1864 1387 1890 ἀλλ’
1402 1864 1540 1890 εὐσέϐειαν
1553 1865 1599 1890 καὶ
1615 1864 1708 1898 costam
1722 1863 1769 1889 καὶ
1782 1864 1821 1894 είς
1835 1863 1916 1897 οὐρα-

1130 1912 1192 1943 νοὺς
1205 1911 1296 1938 ἄνοδον
1314 1910 1532 1946 μαρτυρούντων.
1543 1910 1589 1941 Τίς
1605 1909 1627 1936 δ’
1641 1909 1674 1936 ἂν
1686 1910 1789 1943 γένοιτό
1804 1918 1843 1936 σοι
1855 1908 1917 1935 τού-

1129 1966 1183 1984 των
1198 1957 1353 1990 ἀξιόπιστος
1375 1956 1504 1992 ὁμολογία
1530 1956 1627 1991 μᾶλλον
1638 1957 1686 1991 τῆς
1700 1955 1746 1982 τοῦ
1762 1956 1822 1982 καθ’
1837 1956 1917 1991 ἡμῶν

1132 2001 1259 2037 πολεμίου
1287 2001 1405 2036 γραφῆς,
1425 2000 1458 2035 ἣν
1473 2002 1502 2027 ὲν
1518 1998 1557 2031 οἷς
1580 2000 1718 2035 ἐπέγραψε
1734 1999 1857 2036 περὶτῆς
1870 1997 1918 2026 ‘Ex

1131 2047 1242 2082 λογίων
1251 2047 1434 2081 φιλοσοφίας
1446 2047 1473 2072 ὲν
1486 2046 1569 2082 τρίτῳ
1579 2046 1774 2081 συγγράμματι
1785 2045 1915 2077 τέθειται,

1130 2090 1180 2119 ὧδέ
1196 2102 1254 2124 πως
1274 2093 1388 2128 ἱστορῶν
1402 2092 1471 2119 κατὰ
1486 2091 1570 2124 λέξιν.

292 2140 361 2168 velis
378 2141 528 2172 attendere,
562 2148 650 2175 neque
667 2148 732 2168 vero
764 2141 950 2176 probabilibus
980 2139 1149 2168 araumentis
1163 2140 1329 2171 auscultare,
1361 2139 1423 2174 quia
1449 2139 1566 2166 fortasse
1583 2146 1634 2166 nos
1653 2139 1730 2173 quasi
1747 2145 1857 2165 causam
1874 2138 1916 2165 di-

292 2189 386 2214 centes
402 2185 490 2213 habes
504 2189 657 2219 suspectos,
676 2191 703 2212 at
721 2190 748 2212 tu
786 2186 839 2213 tuis
859 2186 955 2213 saltem
989 2185 1170 2218 daemonibus,
1199 2185 1276 2220 ipsis,
1295 2185 1417 2220 inquam,
1438 2185 1517 2221 134
1534 2185 1645 2212 oracula
1671 2185 1847 2212 reddentibus
1860 2185 1915 2212 diis

293 2233 428 2264 ausculta,
455 2232 501 2267 qui
525 2232 660 2259 Salvatori
695 2237 800 2265 nostro,
827 2241 882 2260 non
910 2237 938 2260 ut
965 2237 995 2261 tu
1023 2233 1221 2269 prmstigiarum
1246 2233 1392 2264 fallaciam,
1411 2233 1458 2260 sed
1484 2233 1611 2268 pietatem
1637 2237 1663 2260 et
1698 2232 1870 2267 sapientiam,
1886 2236 1914 2260 et

292 2287 438 2308 ascensum
463 2280 495 2307 in
518 2280 617 2307 caelum
643 2287 694 2307 suo
719 2281 875 2308 testimonio
899 2281 1032 2308 tribuunt.
1052 2280 1174 2313 Quorum
1206 2280 1314 2315 quidem
1345 2280 1483 2315 quodnam
1512 2280 1560 2307 tibi
1578 2280 1686 2315 dignius
1710 2280 1754 2307 cui
1775 2280 1854 2307 fidem
1867 2279 1913 2307 ha-

291 2326 357 2354 beas
380 2325 567 2353 testimonium
593 2325 635 2353 vis
660 2325 730 2358 dari,
756 2333 836 2361 quam
854 2326 958 2353 inimici
988 2326 1074 2354 nostri
1094 2326 1305 2359 confessionem,
1341 2333 1424 2361 quam
1444 2325 1471 2352 in
1489 2327 1569 2353 tertio
1602 2325 1738 2353 volumine
1761 2325 1852 2360 posuit
1866 2333 1913 2352 eo—

288 2381 352 2402 rum
366 2381 428 2410 quat
443 2374 594 2409 inscripsit,
611 2373 649 2401 De
659 2374 822 2409 philosophia
837 2375 1011 2407 selectorum,
1024 2375 1070 2402 ubi
1092 2375 1149 2402 haec
1165 2375 1198 2402 ad
1213 2375 1325 2403 verbum
1339 2373 1433 2402 refert.
1629 2365 1633 2371 ἴ

289 2443 494 2483 Qualis/ﬂenda
508 2444 564 2483 ipse
579 2448 655 2478 atque
669 2443 807 2483 evidentia,
820 2445 892 2483 illius
910 2445 1004 2483 dirimi:
1019 2446 1073 2483 vir-

1138 2445 1178 2477 Ως
1206 2444 1348 2483 ᾀπρῌτῆς
1376 2443 1526 2483 ἐνεργείας
1552 2441 1646 2483 αὐτῆς
1664 2433 1826 2483 σιηλορᾶξίιι
1851 2443 1912 2482 τεῇς

325 2479 390 2506 tutis
408 2479 459 2505 vim
474 2479 609 2512 perspicue
632 2478 745 2504 ostendit
765 2480 928 2506 amatoribus
945 2482 1071 2508 raritatis.

325 2513 449 2541 Oracula
456 2513 488 2541 de
502 2513 619 2541 Christo.

324 2581 495 2611 Vll.tl\lirum
505 2582 617 2610 forsitan
628 2581 763 2612 nonnullis
779 2581 924 2612 Videbitur.
941 2583 1014 2617 quod
1031 2583 1074 2610 di-

287 2625 360 2651 cturi
384 2632 489 2653 sumus.
519 2626 659 2661 Siquidem
683 2627 821 2654 Christum
838 2627 875 2654 dii
891 2634 996 2655 summe
1013 2627 1075 2654 reli-

287 2670 396 2704 giosum
413 2670 649 2708 immortalemque
671 2672 755 2700 fuisse
781 2672 970 2707 prodiderunt.
987 2673 1074 2708 deque

288 2715 336 2742 illo
352 2723 412 2742 cum
432 2716 512 2744 laude
527 2719 691 2746 mentionem
712 2719 839 2752 faciunt;
859 2728 868 2744 ι
896 2723 923 2746 et
948 2727 1074 2747 sermone

288 2768 449 2796 progressus
465 2762 588 2798 adjungit
605 2773 611 2791 :
642 2773 652 2789 ‹
681 2765 765 2800 Igitur
777 2764 811 2792 dc
825 2764 938 2793 Christo
952 2765 1072 2793 interro-

287 2807 424 2841 gantibus,
438 2812 527 2834 utrum
541 2810 575 2836 sit
593 2809 674 2843 Deus,
687 2811 828 2846 respondit
845 2819 852 2838 :

322 2907 342 2922 "
360 2907 452 2934 Matth.
471 2917 531 2943 vm,
543 2909 588 2937 29.

1163 2476 1365 2513 grumaim!
1390 2479 1409 2512 ἡ
1424 2476 1480 2512 τῆς
1494 2478 1560 2512 περὶ
1573 2476 1667 2513 αὑτὸν
1681 2477 1784 2513 ἐνθέρυ
1803 2477 1913 2512 ἀρετῆς

1163 2512 1299 2548 δύναμις.
1337 2513 1469 2548 Χρησμοὶ
1483 2513 1547 2547 περὶ
1560 2512 1612 2539 τοῦ
1632 2512 1770 2546 Χριστοῦ.

1153 2583 1364 2619 Ζ¹.εΠαρόιδοξον
1373 2582 1437 2614 ἴσως
1444 2582 1545 2615 δοξενεν
1560 2582 1591 2609 ἄν
1603 2590 1674 2608 τισιν
1690 2580 1758 2607 εἶναι
1771 2580 1800 2606 τὸ
1815 2580 1912 2615 μέλλον

1127 2627 1251 2662 λέγεσθαι
1279 2628 1322 2662 ὑφ’
1350 2627 1435 2662 ἡμῶν.
1448 2627 1499 2653 Τὺν
1521 2627 1574 2662 γὰρ
1588 2627 1703 2662 Χριστὸν
1714 2628 1738 2653 οἱ
1757 2627 1812 2653 θεοὶ
1834 2627 1910 2652 εὐσε-

1127 2673 1257 2700 ϐέστατον
1270 2672 1441 2707 ἀπεφήναντο
1463 2673 1509 2698 καὶ
1528 2672 1660 2699 ἀθάνατον
1674 2672 1814 2706 γεγονότα,
1830 2672 1908 2706 εὐφή-

1129 2727 1187 2754 μως
1196 2726 1226 2744 τε
1240 2717 1320 2744 αὐτοῦ
1337 2717 1540 2752 μνημονεύουσι.
1557 2726 1566 2742 ι
1586 2716 1640 2742 Καὶ
1657 2716 1759 2748 ὑποϐὰς
1773 2715 1906 2750 ἐπιλέγει·

1128 2773 1138 2789 t
1160 2764 1227 2799 ﬂspt
1242 2763 1305 2798 γοῦν
1321 2763 1366 2790 τοῦ
1387 2763 1504 2799 Χριστοῦ
1519 2763 1714 2798 ἐρωτησάντων
1728 2764 1752 2790 εἰ
1763 2763 1821 2790 ἔστι
1832 2763 1908 2796 Θεὸς,

1126 2809 1208 2845 φησίν
1220 2817 1228 2825 ⁸
