2071 3219
163 237 216 265 237

172 295 249 321 Ὀττι
259 293 319 328 μὲν
326 292 458 326 ἀθανάτη
471 291 555 327 ψυχὴ
567 293 642 327 μετὰ
650 292 735 328 σῶμα
751 294 912 327 προϐαίνει,

164 331 189 356 Γ
191 329 330 364 ιγνὼσκει
341 329 433 364 σοφίῃ
448 328 640 364 τετιμημένος
649 337 655 343 ·
671 328 751 356 ἀλλά
762 337 795 363 γε
807 329 894 363 ψυχὴ

169 364 284 398 Ἇγέρος
298 363 422 397 εὐσεὸίῃ
434 363 656 398 προφερεστάτη
669 364 756 390 ἐστὶν
768 364 896 392 ἐκείνου.
919 373 928 389 ι

161 419 365 447 Εὐσεϐέστατον
383 419 437 455 ἄρα
460 419 511 454 ἔφη
525 419 616 451 αὐτὸν,
628 419 675 446 καὶ
689 419 737 454 τὴν
754 419 841 455 ψυχὴν
855 419 947 451 αὐτοῦ,

160 466 287 502 καθάπερ
311 465 358 492 καὶ
381 465 435 492 τῶν
468 465 565 500 ἄλλων,
590 465 658 500 μετὰ
674 465 790 492 θάνατον
812 465 948 492 ἀπαθανα-

159 511 302 546 τισθῆναι,
327 511 362 546 ἣν
382 510 469 537 σέϐειν
496 510 660 545 ἀγνοοῦντας
681 511 744 542 τοὺς
757 510 946 546 Χριστιανούς.

167 557 414 593 Ἐπερωτησάντων
427 557 455 584 δὲ
467 556 511 583 διὰ
520 556 545 583 τί
557 556 700 592 ἐκολάσθη,
713 557 829 592 ἔχρησεν
839 565 845 572 ·

158 668 246 702 Σῶμα
256 667 314 701 μὲν
329 667 492 700 ἀδρανέσιν
501 667 651 702 βασάνοις
664 665 942 702 ιιὶεὶνπροὸζέϐληται·

160 700 249 737 sui;
267 702 293 728 δ’
311 702 458 729 εὐσεϐέων
469 704 512 736 εὶς
527 701 668 736 οὐράνιον
684 701 777 728 πέδον
787 700 850 730 ἵζει.

157 759 213 786 Καὶ
238 759 358 794 ἐπιλέγει
379 759 447 795 μετὰ
459 759 503 786 τὸν
526 759 648 795 χρησμὸν
664 759 727 794 ἑξῆς
741 767 747 774 ·
768 768 777 784 ι
797 758 882 791 Αὐτὸς
899 756 944 785 οὖν

156 805 282 840 εὐσεϐὴς,
296 806 343 832 καὶ
365 806 405 836 εἰς
421 805 552 841 οὐρανοὺς
573 805 665 840 ὥσπερ
682 806 705 831 oi
720 804 842 836 εὐσεϐεῖς
855 805 944 841 χωρή-

156 859 218 882 σας.
236 851 316 877 Ὧστε
341 850 434 878 τοῦτον
451 851 500 886 μὲν
517 851 548 878 οὺ
578 851 799 886 βλασφημήσεις,
822 850 943 886 ὲλεήσεις

154 897 185 923 δὲ
200 897 254 923 τῶν
283 896 434 932 ἀνθρώπων
455 896 504 933 τὴν
531 896 635 924 ἄνοιαν.
653 907 661 922 ι
679 897 771 923 Ταῦτα
802 896 848 923 καὶ
867 896 915 923 νῦν
928 897 942 922 6

156 942 320 979 Πορφὺριος.
334 940 397 978 Ἆρ’
411 940 457 969 οὖν
474 942 608 973 ἀπατεὼν,
628 939 650 968 ὦ
660 939 745 974 οὗτος
762 941 813 968 κᾶν
829 942 863 968 τὰ
877 942 941 976 φίλα

155 997 187 1015 σε
197 988 354 1015 δυσωπείτω
365 988 420 1014 τῶν
433 988 540 1014 οἰκείων
556 988 675 1023 ῥήματα.
693 987 785 1022 Ἔχεις
799 987 941 1024 τοιγαροῦν

154 1035 201 1062 τὸν
211 1034 343 1070 ἡμέτερον
358 1034 471 1070 Σωτῆρα
496 1034 598 1069 Ἰησοῦν
612 1033 657 1060 τὸν
669 1033 786 1069 Χριστὸν
799 1033 846 1060 τοῦ
862 1034 940 1066 Θεοῦ,

153 1081 203 1107 καὶ
217 1080 293 1116 παρὰ
319 1081 374 1112 τοῖς
386 1080 481 1106 ἑαυτοῦ
496 1079 703 1115 ὡμολογημένον
727 1080 756 1106 οὐ
779 1081 865 1116 γόητα
881 1080 941 1106 οὐδὲ

154 1125 315 1161 φαρμακέα,
328 1124 386 1151 ἀλλ’
399 1125 495 1160 εὐσεϐῆ
507 1125 727 1151 καὶδικαιότατον
736 1124 784 1152 καὶ
798 1125 879 1160 σοφὸν
896 1127 942 1153 καὶ

152 1171 288 1207 οὐρανίων
316 1171 417 1205 ἀψίδων
442 1171 581 1206 οἰκήτορα.
602 1171 631 1197 Ὀ
643 1170 675 1206 δὴ
690 1168 735 1197 οῦν
746 1171 865 1203 τοιοῦτος
883 1172 941 1203 πῶς

151 1216 187 1243 ἂν
213 1216 300 1248 ἄλλως
328 1216 382 1242 τῶν
407 1216 566 1253 παραδόξων
588 1216 676 1252 ἔργων
692 1215 785 1250 γέγονε
798 1217 939 1252 ποιητὴςῆ

151 1262 267 1297 δυνάμει
292 1262 372 1297 Oeta};
399 1263 430 1298 ἦν
455 1262 502 1288 κοιλ.
521 1262 556 1288 τὰ
580 1262 640 1297 ἱερὰ
663 1261 741 1296 λόγια
758 1262 941 1298 μαρτυροῦσιν

151 1309 237 1344 αὐτῷ,
251 1308 319 1335 Θεοῦ
345 1308 423 1343 λόγον
435 1309 482 1335 καὶ
497 1308 563 1335 Θεοῦ
577 1309 690 1344 δύναμιν
707 1308 755 1343 τὴν
770 1308 899 1335 ἀνωτάτω
912 1309 940 1334 ὲν

150 1354 298 1391 ἀνθρώπου
328 1356 419 1391 μοριρῇ
444 1355 490 1381 καὶ
513 1355 642 1390 σχήματι,
659 1354 758 1389 μᾶλλον
779 1355 801 1381 δ’
821 1356 849 1381 ὲν
870 1346 938 1390 αὐτῇ

151 1401 236 1437 σαρκὶ
261 1401 308 1428 κα)⁴
333 1401 439 1436 σώματι
464 1401 636 1436 κατοικῆσαι,
661 1400 708 1426 καὶ
736 1401 826 1427 πᾶσαν
847 1400 895 1436 τὴν
911 1401 939 1427 ἐν

149 1447 306 1483 ἀνθρώποις
343 1447 497 1482 οἰκονομίαν
545 1446 700 1473 ἐπιτελέσαι
738 1446 937 1482 μαρτυροῦντα.

149 1493 206 1520 Καὶ
222 1493 253 1520 σὺ
276 1493 298 1520 δ’
319 1493 352 1519 ἂν
373 1493 452 1524 αὐτὸς
474 1491 642 1528 καταμάθοις
657 1492 686 1519 τὸ
706 1492 795 1519 ἔνθεον
810 1492 859 1527 τῆς
876 1492 939 1529 περὶ

148 1537 234 1565 αὑτοῦ
249 1527 398 1573 δυνάμεως,
421 1538 444 1564 εἰ
469 1537 588 1571 λογίσαιο
612 1537 653 1569 τίς
672 1546 737 1564 ποτε
758 1537 795 1563 ὢν
819 1537 873 1572 ἆρα
890 1537 939 1573 τὴν

149 1583 233 1618 φύσιν
256 1584 304 1610 καὶ
330 1583 443 1619 πηλίκος
469 1583 568 1619 ἄνδρας
591 1583 709 1614 εὐτελεῖς
727 1583 757 1616 ἐξ
778 1583 870 1615 ἀλείτς
893 1584 939 1610 καὶ

147 1630 278 1657 ταπεινοῦ
296 1630 353 1664 βίον
377 1630 665 1665 προσοικειωσάμενος,
683 1629 786 1661 τούτοις
804 1630 938 1665 κέχρηται

148 1676 285 1707 διακόνοις
310 1676 356 1703 ἐπὶ
380 1675 544 1712 κατορθώσει
570 1676 730 1711 πράγματος
748 1676 835 1702 πάντα
857 1675 939 1702 καλύ-

150 1731 263 1754 πτοντος
279 1722 367 1756 λόγον,
381 1721 535 1757 Διανοηθεὶς
547 1721 599 1756 γὰρ
615 1721 630 1747 ὃ
647 1721 740 1757 μηδεὶς
762 1720 883 1754 πώποτε,
895 1721 938 1748 νό-

148 1777 219 1804 μους
235 1769 350 1800 οἰκείους
364 1769 410 1795 καὶ
423 1767 499 1802 ξένην
515 1767 687 1794 διδασκαλίαν
703 1767 742 1798 είς
756 1767 844 1794 πάντα
858 1776 938 1794 κατα-

147 1816 259 1850 σπεῖραι
277 1814 311 1840 τὰ
326 1814 400 1849 ἔθνη,
416 1814 462 1840 καὶ
481 1813 579 1845 παντὸς
595 1813 689 1848 γένους
703 1812 853 1848 ἀνθρώπων
870 1813 937 1840 διδά-

147 1860 247 1887 σκαλον
263 1859 404 1891 εὺσεΰείας
424 1860 482 1891 ἑνὸς
501 1859 547 1886 τοῦ
572 1860 617 1886 ἐπὶ
635 1860 742 1886 πάντων
758 1860 824 1886 Θεοῦ
842 1860 936 1886 ἑαυτὸν

146 1906 296 1941 ἀποφῆναι,
308 1907 364 1937 τοῖς
380 1905 488 1932 πάντων
505 1906 706 1940 ἁγροικοτάτοις
722 1906 767 1932 καὶ
784 1905 935 1932 εὐτελεστά-

144 1960 203 1983 τοις
217 1951 338 1987 ἡγήσατο
354 1951 469 1987 χρῆσθαι
485 1952 533 1986 τῆς
544 1951 646 1982 οἰκείας
663 1950 759 1986 βουλῆς
774 1951 932 1987 ὑπηρέταις.

145 1996 228 2028 Εἰκός
246 2005 306 2022 τινα
320 1995 534 2032 παραλογώτατα
547 1995 631 2022 ταῦτα
652 1995 732 2022 αὑτὸν
756 1996 933 2032 πεποιηκέναι

144 2042 264 2077 νομίσαι.
287 2041 348 2073 Πῶς
361 2041 415 2077 γὰρ
435 2042 458 2067 οἰ
476 2041 542 2076 μηδὲ
558 2041 647 2078 διᾶραι
669 2041 811 2076 δυνάμενοι
836 2041 932 2077 στόμα,

146 2087 198 2114 κᾶν
211 2087 268 2120 ἑνός
280 2096 351 2119 τινος
363 2087 515 2114 διδάσκαλοι
527 2088 705 2122 κατέστησαν,
716 2087 775 2122 οὐχί
785 2095 816 2121 γε
829 2087 933 2122 ἀνδρῶν

145 2133 290 2167 andron;
307 2133 365 2165 πῶς
388 2133 409 2158 δ’
430 2132 462 2159 ἂν
478 2132 574 2168 πλήθει
597 2132 781 2169 διειλέχθησαν
802 2133 826 2159 οἱ
842 2133 932 2168 πάσης

143 2180 223 2211 ἐκτὸς
245 2179 385 2213 γεγονότες
409 2178 548 2210 παιδείας;
570 2178 648 2205 Ἀλλᾶ
675 2178 746 2205 τοῦτ’
770 2176 803 2214 ἦν
828 2179 880 2214 ἄρα
901 2179 931 2205 to

141 2226 191 2262 τῆς
214 2226 306 2252 ἐνθέου
335 2225 442 2261 βουλῆς,
462 2226 508 2251 καὶ
532 2225 581 2260 τῆς
603 2225 766 2260 ἐνεργούσης
791 2226 820 2251 ἐν
840 2225 930 2257 αὐτοῖς

141 2271 218 2303 θείας
242 2271 381 2306 δυνάμεως
412 2270 624 2305 παραστατικόν.
655 2269 834 2301 ’Λνακαλέσας
864 2270 930 2305 γοῦν

611 234 937 263 DEMONSTRATIO‘NIS
956 233 1187 263 EVANGELICE
1207 235 1271 262 LIB.
1293 235 1338 264 ill.

964 296 986 324 Α

957 971 978 999 Β

951 1643 973 1672 C

1730 239 1783 267 9.38

1003 292 1185 331 immortalem
1203 294 1320 320 animum
1333 299 1391 328 post
1410 303 1514 322 cassum
1539 295 1656 322 incedere
1678 304 1783 331 corpus,

1001 328 1117 363 {Voscere
1132 329 1289 356 honoratam
1304 331 1430 363 sapientis
1442 332 1506 362 luce,
1520 331 1564 358 sed
1577 332 1653 358 illam

1000 362 1116 398 Insignis
1130 364 1224 396 pietate
1239 365 1289 391 viri
1309 362 1420 392 mentem
1433 374 1488 392 esse
1503 366 1636 393 decoram.
1650 376 1659 392 ι

1000 419 1111 448 Summe
1130 427 1195 456 crgo
1222 421 1377 456 religiosum
1393 422 1467 449 illum
1484 423 1562 455 dixit,
1575 427 1601 451 et
1616 424 1735 452 animam
1752 425 1785 452 il-

999 466 1051 494 lius
1074 467 1156 494 siculi
1181 467 1307 499 aliorum,
1325 472 1386 502 post
1402 473 1516 496 mortem
1539 470 1718 498 immortalem
1736 471 1778 498 fa-

998 517 1082 544 ctam,
1110 519 1224 548 eamque
1259 514 1360 547 colere,
1393 515 1550 550 ignorantes
1588 516 1782 551 Christianos;

997 557 1094 586 deinde
1106 559 1339 595 interrogantibus
1355 568 1405 588 cur
1420 562 1555 596 supplicio
1569 562 1683 591 affectus
1697 567 1781 596 esset,

997 604 1139 639 respondit
1154 615 1161 631 τ

997 661 1063 696 Esse
1073 661 1178 695 quidem
1192 669 1292 696 semper
1307 662 1409 690 modico
1423 664 1583 691 cruciamina
1601 669 1699 692 tortum

997 695 1110 731 Corpus,
1123 702 1151 723 at
1170 697 1288 724 wthereis
1303 703 1413 724 utentem
1427 699 1569 726 clarescere
1583 701 1694 734 cantpis.

996 751 1029 779 Et
1043 756 1105 787 post
1116 753 1258 780 oraculum
1285 753 1409 788 adiungit
1425 754 1554 790 deinceps
1573 765 1579 782 :
1598 764 1607 780 ι
1623 755 1682 791 Ipse
1699 755 1781 792 igitur

995 797 1067 833 pius,
1079 802 1105 826 et
1120 798 1148 825 in
1164 799 1274 832 coelum,
1291 803 1321 826 ut
1337 799 1374 835 pii
1392 800 1491 832 solent,
1505 801 1662 829 subvectus.
1688 801 1779 836 Quare

1000 845 1073 873 hunc
1097 845 1207 881 quidem
1229 854 1283 874 non
1300 847 1498 881 exsecraberis,
1524 849 1697 877 miseraberis
1714 858 1779 878 vero

994 890 1134 918 hominum
1145 891 1344 926 ignorantiam?
1363 902 1373 918 λ
1389 891 1454 920 Haec
1469 893 1552 920 etiam
1570 901 1642 921 nunc
1657 894 1779 931 Porphy-

998 937 1068 964 rius.
1087 936 1186 969 Quzeso
1207 937 1298 973 igitur,
1313 939 1437 973 nunquid
1452 939 1585 975 impostor
1598 940 1661 968 ille?
1682 945 1710 968 at
1724 942 1779 969 sal—

993 987 1046 1009 tem
1063 986 1173 1010 tuorum
1196 984 1345 1011 amicorum
1364 985 1446 1012 verba
1472 985 1520 1013 tibi
1547 986 1723 1021 blandientia,
1752 992 1778 1016 te

992 1026 1113 1055 ﬂectant.
1129 1027 1218 1056 llabes
1235 1029 1317 1064 igitur
1337 1035 1461 1057 nostrum
1486 1030 1654 1059 Salvatorem
1671 1033 1775 1065 .lesum.

992 1074 1038 1109 qui
1062 1074 1190 1101 Christus
1213 1079 1255 1102 est
1278 1075 1337 1108 Dei,
1361 1077 1442 1103 etiam
1470 1077 1592 1105 virorum
1606 1073 1777 1107 ‘testimonio

992 1120 1211 1154 comprobatum,
1225 1125 1255 1148 ut
1269 1130 1324 1148 non
1348 1122 1584 1157 praestigiatorcm.
1612 1130 1659 1152 aut
1675 1126 1777 1154 veneti-

991 1172 1063 1198 cum,
1087 1166 1133 1193 sed
1161 1170 1189 1193 ut
1210 1166 1295 1201 pium,
1319 1171 1346 1195 et
1367 1168 1560 1202 justissimum,
1576 1174 1603 1197 ct
1616 1171 1777 1206 sapientem,

991 1211 1153 1246 orbiumque
1177 1212 1330 1240 cmlestium
1362 1214 1489 1242 incolam.
1519 1216 1570 1248 Qui
1602 1216 1686 1252 igitur
1715 1218 1777 1245 talis

993 1255 1053 1287 fuit,
1069 1264 1185 1291 quanam
1203 1258 1256 1285 alia
1280 1259 1386 1287 ratione
1412 1260 1613 1288 admirabilium
1639 1261 1774 1291 factorum

991 1305 1086 1329 auctor
1103 1310 1163 1330 esse
1178 1304 1275 1338 potuit,
1294 1305 1346 1332 nisi
1363 1305 1463 1334 virtute
1476 1307 1588 1335 divina?
1603 1316 1683 1343 quam
1694 1310 1774 1337 etiam

991 1356 1070 1376 sacra
1082 1350 1193 1377 oracula
1206 1351 1371 1380 testimoniis
1381 1353 1439 1380 suis
1450 1353 1488 1379 illi
1498 1353 1633 1387 tribuunt,
1646 1362 1706 1389 qua:
1719 1356 1777 1390 qui-

990 1393 1051 1421 dem
1063 1394 1110 1422 Dei
1120 1396 1231 1423 verbum
1240 1395 1342 1432 Deique
1348 1398 1475 1425 virtutem
1484 1406 1650 1434 supremam,
1659 1401 1686 1427 in
1693 1401 1778 1429 homi-

989 1439 1032 1467 nis
1045 1439 1130 1468 forma
1138 1445 1219 1476 atque
1232 1442 1335 1476 habitu,
1348 1451 1380 1470 ac
1391 1445 1483 1479 potius
1493 1445 1520 1471 in
1530 1445 1588 1480 ipsa
1598 1453 1691 1479 carne,
1702 1447 1776 1482 ipso—

990 1486 1313 1520 quecorporehabitasse,
1327 1494 1490 1524 onmcmque
1499 1489 1645 1517 humanam
1662 1490 1777 1526 disposi-

991 1530 1102 1564 tionem,
1118 1533 1401 1570 gubernationemque
1412 1535 1574 1568 absolvisse,
1584 1536 1776 1566 testiﬁcantur.

992 1576 1069 1612 135
1082 1577 1122 1605 Tu
1139 1586 1247 1614 quoque
1263 1580 1342 1608 facile
1361 1580 1452 1608 discas
1466 1581 1637 1609 divinitatem
1660 1583 1773 1611 virtutis

990 1630 1049 1656 quae
1071 1622 1105 1650 de
1123 1623 1170 1650 illo
1185 1624 1281 1657 fertur,
1299 1625 1323 1653 si
1338 1626 1442 1660 cogites
1462 1634 1523 1661 .qua
1547 1626 1593 1654 ille
1620 1631 1729 1660 natura,
1746 1632 1775 1656 et

989 1668 1142 1703 cujusmodi
1157 1671 1288 1705 praeditus
1299 1691 1306 1703 ,
1322 1672 1397 1699 viros
1422 1672 1556 1707 ignobiles
1572 1672 1605 1700 de
1625 1673 1773 1707 piscatorio

988 1717 1070 1747 atque
1084 1714 1179 1741 humili
1194 1715 1265 1742 victu
1289 1716 1437 1751 acceperit,
1468 1716 1575 1751 sibique
1604 1718 1772 1752 adjunxerit.

988 1756 1088 1785 Deinde
1105 1758 1138 1786 iis
1157 1767 1223 1787 usus
1243 1760 1279 1787 sit
1293 1760 1463 1788 administris
1479 1761 1511 1788 ad
1531 1761 1597 1789 illud
1622 1763 1771 1798 inemptum

987 1803 1191 1838 perliciendum,
1207 1806 1279 1839 quod
1293 1814 1402 1833 omnem
1417 1807 1527 1842 eil‘ugiat
1543 1807 1687 1834 rationem.
1702 1807 1770 1835 Cum

987 1850 1058 1877 enim
1089 1852 1236 1886 cogitasset
1269 1852 1296 1879 id
1310 1852 1383 1888 quod
1408 1853 1500 1881 nullus
1522 1861 1641 1889 unquam
1665 1854 1770 1889 cogita-

986 1897 1023 1924 vit
1039 1907 1044 1923 :
1062 1898 1187 1932 proprias
1203 1898 1274 1932 leges
1287 1906 1439 1934 novamque
1451 1899 1604 1927 doctrinam
1631 1900 1659 1927 in
1675 1907 1768 1929 omnes

985 1943 1164 1971 disseminare
1187 1945 1324 1978 nationes,
1355 1953 1490 1981 omneque
1517 1946 1658 1974 hominum
1683 1955 1769 1982 genus

984 1996 1043 2016 eam
1058 1988 1156 2016 docere
1180 1990 1319 2023 pietatem,
1334 1998 1395 2025 quae
1409 1998 1493 2018 unum
1506 1998 1665 2026 supremum
1681 1991 1766 2020 Deum

983 2042 1167 2069 veneraretur,
1182 2037 1248 2072 huju
1267 2045 1321 2072 que
1346 2038 1385 2065 rei
1406 2046 1436 2065 se
1453 2038 1616 2074 magistrum
1628 2039 1767 2072 exhibere.

983 2083 1103 2110 omnium
1119 2084 1236 2112 maxime
1248 2085 1400 2119 agrestibus
1417 2086 1589 2120 maximeque
1603 2085 1768 2121 ignobilibus

982 2129 1087 2164 putavit
1101 2129 1151 2157 sibi
1163 2130 1292 2157 utendum
1299 2138 1359 2158 esse
1370 2131 1484 2166 hujusce
1498 2131 1604 2160 consilii
1617 2131 1767 2159 ministris:

982 2179 1076 2210 utpote
1090 2183 1152 2202 cum
1178 2176 1327 2204 verisimile
1341 2177 1375 2204 sit
1392 2177 1467 2204 illum
1495 2177 1653 2208 censuisse,
1670 2181 1767 2211 praeter

981 2227 1088 2248 omnem
1115 2221 1247 2247 rationem
1264 2221 1321 2247 hmc
1339 2229 1367 2249 se
1392 2221 1536 2249 facturum.
1551 2220 1610 2255 Quo
1631 2221 1702 2248 enim
1718 2229 1768 2257 pa-

981 2271 1035 2298 cto,
1054 2266 1100 2301 qui
1114 2274 1149 2293 ne
1167 2266 1296 2294 diducere
1313 2266 1420 2301 quidem
1447 2274 1480 2295 os
1495 2267 1584 2294 idonei
1601 2270 1690 2299 erant,
1712 2267 1766 2294 sal-

140 2318 250 2350 αὐτοὺς,
275 2317 308 2343 τὰ
331 2317 380 2352 μὲν
400 2316 495 2351 πρῶτά
521 2324 602 2351 φησιι
624 2325 632 2340 ι
651 2315 742 2347 Δεῦτε,
762 2315 931 2343 ἀκολουθεῖτέ

987 2316 1037 2339 tem
1051 2312 1132 2339 unius
1143 2312 1296 2346 cujuspiam
1318 2312 1435 2338 hominis
1452 2316 1634 2348 praeceptores
1649 2306 1706 2339 ﬁcri
1718 2319 1766 2346 po—

141 2373 196 2399 μοι,
218 2364 265 2390 καὶ
287 2363 392 2398 ποιήσω
415 2363 486 2397 ὑμᾶς
508 2362 592 2393 ἁλιεῖς
613 2361 773 2396 ἀνθρώπων.
793 2371 802 2386 ›
821 2362 927 2398 Ἐπειδὴ

139 2409 167 2436 δὲ
186 2409 280 2435 λοιπὸν
298 2408 397 2439 αὐτοὺς
418 2406 581 2437 ἀκολούθους
607 2406 753 2441 ἐκτήσατο,
774 2405 928 2440 ἐμπνεύσας

138 2456 230 2487 αὐτοῖς
252 2455 391 2486 δυνάμεως
411 2454 495 2485 θείας,
520 2453 615 2488 μένους
634 2461 664 2478 τε
682 2451 727 2478 καὶ
748 2451 863 2488 θάρσους
879 2452 928 2487 ἐμ-

139 2501 256 2536 πλήσας.
273 2501 320 2528 καὶ
336 2500 368 2536 δὴ
384 2500 428 2527 οἱα
440 2508 479 2531 τις
495 2499 601 2534 ἀληθῶς
613 2499 680 2525 Θεοῦ
690 2498 768 2532 λόγος
785 2499 830 2525 καὶ
846 2498 928 2530 αὐτὸς

137 2547 214 2580 θεὸς,
229 2546 395 2582 τηλικούτων
411 2545 556 2581 θαυμάτων
567 2545 692 2580 ποιητὴς,
713 2544 813 2580 νοερῶν
828 2544 926 2575 αὐτοὺς

136 2594 182 2621 καὶ
198 2592 316 2627 λογικῶν
327 2592 420 2627 ψυχῶν
433 2591 566 2627 θηρευτὰς
583 2592 709 2626 ποιήσας,
724 2590 803 2626 ἔργον
819 2598 848 2615 τε
868 2590 926 2616 ἐπι-

135 2639 192 2671 Θεὶς
204 2639 237 2674 τῇ
248 2639 334 2673 φωνῇ.
345 2639 389 2672 τῇ,
400 2647 408 2663 ι
420 2637 512 2677 Ala—na,
525 2636 694 2664 ἀκολουθεῖτέ
703 2644 757 2671 μοι,
767 2635 814 2662 καὶ
822 2636 926 2671 ποιήσω

136 2685 209 2720 ὑμᾶς
225 2685 310 2716 ἁλιεῖς
325 2683 487 2719 ἀνθρώπων,
513 2693 521 2708 ι
538 2682 656 2718 φησάσῃ,
676 2682 742 2717 ὁμοῦ
760 2690 788 2708 τε
807 2681 926 2716 ἐργάτας

136 2732 182 2758 καὶ
207 2731 386 2761 διδασκάλους
408 2730 506 2761 αὐτοὺς
534 2728 674 2759 εὐσεϐείας
696 2728 924 2763 ἀπειργασμένος,

134 2777 185 2813 ἤδη
209 2778 256 2804 καὶ
275 2777 316 2809 εἰς
341 2776 429 2803 πάντα
452 2775 485 2802 τὰ
511 2774 573 2809 ἔθνη
598 2773 775 2808 διεπέμπετο,
802 2774 926 2809 κήρυκας

134 2819 276 2854 ἀναδείξας
288 2821 339 2856 τῆς
354 2819 436 2848 αὐτοῦ
452 2818 636 2850 διδασκαλίας.
655 2819 708 2845 Καὶ
721 2818 763 2850 τίς
777 2819 826 2844 οὐκ
838 2817 869 2844 ἂν
883 2817 926 2849 ἐξ·

134 2867 251 2902 επλάγη,
264 2866 310 2893 καί
327 2866 478 2901 ἠπίστησεν
491 2865 524 2892 ἂν
541 2864 653 2895 εἰκότως
669 2862 708 2898 τῷ
724 2863 864 2899 παραδόξῳ
878 2863 924 2889 τοῦ

134 2913 281 2948 θαύματος,
293 2914 337 2940 ἅτε
353 2912 447 2948 μηδεὶς
463 2911 512 2948 μὲν
528 2910 582 2938 τῶν
599 2909 707 2938 πώποτε
730 2910 758 2936 ὲν
773 2908 925 2950 ἀνθρᾴξ-ποις

174 2980 304 3010 “.Matth.
326 2987 363 3012 1v,
377 2978 420 3006 18.

979 2362 1101 2390 tuerunt,
1114 2359 1213 2386 nedum
1227 2358 1347 2386 virorum
1358 2362 1509 2386 conventus
1528 2358 1540 2384 ?
1562 2359 1698 2394 quomodo
1713 2366 1764 2384 au-

978 2410 1031 2432 tem
1059 2403 1260 2430 nulltitudinem
1291 2403 1392 2438 alloqui
1420 2407 1466 2430 aut
1491 2402 1637 2434 instruere,
1657 2403 1702 2437 qui
1729 2403 1764 2430 ab

978 2449 1051 2475 omni
1066 2449 1218 2476 eruditione
1229 2448 1412 2481 abhorrebant
1429 2448 1440 2477 ?
1455 2448 1489 2474 At
1506 2448 1556 2475 hoc
1570 2447 1679 2482 quidem
1701 2447 1763 2480 fuit,

979 2494 1052 2529 quod
1065 2499 1092 2521 et
1107 2494 1229 2521 divinum
1246 2495 1402 2525 consilium,
1421 2497 1447 2520 et
1463 2493 1516 2520 vim
1529 2493 1648 2520 divinam
1664 2500 1724 2528 qua:
1735 2493 1762 2519 in

978 2541 1042 2571 illis,
1059 2543 1085 2567 ct
1098 2547 1159 2567 cum
1170 2539 1319 2574 illisipsnm
1332 2547 1400 2575 opus
1414 2539 1685 2568 obibat.declararet.
1694 2539 1765 2574 Ergo

978 2594 1039 2613 cum
1052 2586 1113 2613 illos
1128 2590 1264 2620 vosassct,
1284 2591 1340 2612 tum
1370 2586 1486 2620 primum
1504 2585 1574 2612 dixit
1590 2594 1597 2611 :
1629 2594 1637 2610 ‹
1656 2584 1762 2618 Venite,

978 2631 1124 2666 sequimini
1134 2640 1176 2659 me
1185 2641 1191 2658 :
1199 2636 1225 2660 et
1235 2631 1332 2660 faciam
1342 2639 1389 2659 vos
1400 2632 1552 2667 piscatores
1561 2631 1701 2659 hominum
1709 2631 1742 2658 ⁸⁸.
1751 2641 1760 2657 ι

977 2678 1044 2705 Cum
1063 2685 1126 2705 vero
1139 2677 1195 2712 jam
1211 2677 1272 2705 illos
1290 2680 1440 2704 sectatores
1460 2682 1534 2704 esset
1550 2677 1675 2712 adeptus,
1692 2677 1762 2704 :liri-

977 2730 1066 2757 naquc
1079 2730 1128 2750 sua
1142 2723 1165 2748 vi
1180 2722 1308 2754 alllassct,
1332 2722 1484 2757 roboreque
1504 2727 1587 2757 atque
1602 2722 1686 2751 animi
1698 2729 1764 2748 con-

977 2769 1087 2796 ﬁdentia
1104 2769 1397 2805 complesset,jamque
1410 2768 1491 2796 veluti
1501 2768 1637 2803 quoddam
1645 2776 1707 2796 vere
1717 2767 1762 2795 Dci

977 2817 1100 2846 verbum,
1129 2816 1242 2850 ipseque
1257 2815 1328 2843 Deus
1344 2820 1482 2842 tantorum
1508 2820 1603 2843 auctor
1616 2816 1748 2843 miraculo
1758 2832 1764 2836 -

976 2870 1048 2894 rum,
1074 2862 1283 2897 intelligentium
1301 2862 1533 2897 rationaliumque
1553 2862 1705 2889 animarum
1721 2870 1758 2888 vc-

975 2912 1086 2936 natores
1101 2907 1163 2936 illos
1171 2907 1360 2936 constituisset
1375 2915 1505 2944 :remque
1523 2908 1612 2943 ipsam
1628 2911 1710 2943 atque
1725 2906 1762 2933 er.
