2071 3219
287 215 339 243 259

605 211 738 239 EUSEBII
757 208 997 238 C/ESARIENSIS
1015 207 1091 236 OPP.
1111 205 1212 234 PARS.
1235 204 1268 233 11.
1288 220 1324 226 ——
1342 203 1592 232 APOLOGETICA.

1863 202 1919 230 Ξᾶῡ

287 274 588 309 licaciamadjunsissct
601 274 661 299 voci
673 272 722 303 illi,
739 278 792 306 qua
803 271 929 298 dixerat:
945 278 954 295 ι
970 268 1076 301 Venite.

1137 265 1280 301 γενομένων
1302 264 1448 298 διαφανῶν,
1468 263 1505 300 μὴ
1529 263 1664 298 βασιλεὺς,
1694 262 1732 298 μὴ
1756 261 1919 297 νομοθέτης,

287 321 432 357 sequimini
448 328 502 351 me,
518 325 550 346 cl,-
559 319 656 346 I'aciam
673 326 721 345 vos
736 318 888 352 piscatores
903 315 1072 344 hominum,»

286 368 423 402 simulque
436 369 462 392 et
477 366 617 401 operarios
630 369 657 391 ct
674 364 821 399 magistros
837 362 946 397 pietatis
958 361 1019 388 illos
1037 359 1076 386 fe-

287 417 380 446 cisset,
401 416 457 439 tum
471 412 497 438 in
512 419 607 438 omnes
624 414 719 446 gentes
749 409 869 439 dimisit,
884 415 994 442 suaeque
1018 406 1070 433 do-

293 460 535 494 ctrina-praecones
550 457 709 485 declaravit.
720 456 786 489 Quis
800 459 891 482 autem
908 462 963 481 non
978 453 1076 480 obstu-

290 509 394 540 pescat,
421 505 483 539 quis
500 511 553 531 non
581 501 865 530 incredibile'merito
888 499 1026 527 existimet
1049 495 1075 524 id

288 551 362 586 quod
389 557 496 577 omnem
518 549 599 576 ﬁdem
628 550 740 582 superat
765 544 954 573 miraculum?
981 542 1077 570 Nullus

288 602 362 624 certe
376 603 480 626 eorum,
502 596 548 629 qui
573 601 692 628 linquam
718 591 836 626 alicujus
856 589 990 617 claritatis
1007 588 1078 614 inter

289 645 414 672 homines
431 641 552 673 fuerunt,
563 649 618 668 non
631 647 690 671 rex,
706 646 760 665 non
772 638 861 672 legum
877 636 1076 668 inventor,non

288 690 476 725 philosophus,
491 697 543 716 non
559 687 681 717 Graecus,
692 693 746 712 non
760 684 906 715 barbarus,
922 680 1076 716 bujusmodi

288 737 437 772 quidquam
452 735 589 770 cogitasse
606 736 746 764 narratur,
765 739 796 758 ac
812 738 845 757 ne
857 727 1078 763 somniasscqui-

288 785 350 813 dein
361 785 464 820 aliquid
471 783 542 819 quod
550 782 583 809 ad
593 782 645 808 hoc
653 780 776 815 proxime
787 778 909 805 accedat.
924 777 997 804 Satis
1005 776 1077 803 enim

289 839 428 867 superque
442 828 630 864 unusquisque
644 826 739 854 talium
755 832 864 860 semper
879 823 984 855 habuit,
999 823 1078 850 dum-

290 878 371 905 modo
387 877 414 903 in
429 884 477 903 sua
487 875 602 910 regione
622 872 776 900 institutum
793 878 872 898 suum
893 869 1078 904 propositum-

290 932 344 959 que
354 923 503 958 compleret
524 930 532 954 ;
548 924 575 948 et
590 927 651 954 quae
665 919 742 946 bona)
760 918 895 951 utilesque
912 916 976 942 visa:
987 919 1079 941 essent

289 971 375 1006 leges,
386 977 434 998 eas
445 970 472 996 in
488 975 541 996 una
558 968 655 995 saltem
680 973 728 993 sua
745 965 832 1000 ipsius
859 967 948 998 gente,
973 969 1081 989 sancire

291 1026 323 1046 ac
339 1017 410 1045 tueri
428 1019 540 1052 posseta
555 1015 590 1041 At
605 1014 650 1040 hic
665 1017 759 1040 noster
775 1031 783 1044 ,
809 1010 878 1037 nihil
901 1008 1017 1036 mortale
1033 1011 1080 1034 aut

291 1065 442 1101 humanum
460 1062 581 1094 molitus,
612 1060 691 1095 136
714 1058 869 1090 considera,
885 1063 989 1091 quaeso,
1015 1062 1080 1081 num

292 1118 390 1138 rursus
401 1113 531 1144 tanquam
546 1114 608 1134 vere
625 1106 697 1133 Deus
713 1111 807 1132 vocem
820 1102 954 1133 emiserit,
967 1101 1013 1128 ubi
1022 1100 1080 1127 suis

292 1157 347 1186 illis
364 1157 432 1184 adeo
456 1154 623 1190 ignobilibus
640 1152 676 1179 ad
690 1152 802 1179 verbum
821 1149 891 1177 dixit
914 1147 1057 1182 discipulis
1071 1155 1079 1174 :

294 1215 305 1232 ι
321 1204 433 1236 Et-ntes,
456 1203 551 1229 docete
567 1208 663 1228 omnes
679 1204 774 1235 gentes
790 1198 825 1225 ⁸³.
845 1208 854 1224 ι
873 1196 944 1229 Quid
958 1196 970 1222 ’ἰ
991 1195 1015 1223 si
1036 1194 1080 1222 di-

294 1251 404 1285 scipuli,
415 1254 445 1276 ut
460 1248 500 1279 lit,
515 1255 566 1275 suo
574 1246 739 1281 Prteceptori
755 1244 976 1280 respondissent,
994 1249 1025 1269 ac
1038 1241 1080 1268 di-

294 1299 398 1326 xissent
413 1306 419 1323 :
439 1296 499 1329 Quo
515 1294 623 1321 tandem
636 1292 717 1320 modo
741 1291 816 1320 istud
830 1298 846 1317 a
863 1290 943 1317 nobis
961 1288 1017 1316 lieri
1034 1295 1082 1322 po-

294 1343 381 1372 terit?
395 1342 538 1376 Quomodo
554 1341 702 1371 Romanos,
729 1338 844 1373 exempli
860 1337 957 1372 gratia,
974 1335 1082 1371 publice

293 1390 453 1419 docebimus
462 1387 616 1423 ?,quomodo
628 1390 718 1413 autem
735 1384 878 1420 {Egyptios
893 1381 1083 1417 alloquemur?

294 1445 348 1474 qua
364 1444 428 1465 vero
454 1436 549 1471 lingua
561 1455 569 1467 ,
590 1433 713 1461 homines
729 1439 810 1459 unam
832 1430 972 1466 Syriacam
987 1435 1081 1456 vocem

295 1484 390 1512 audire
407 1482 492 1515 soliti,
505 1481 576 1516 apud
591 1480 701 1507 Grzccos
712 1478 844 1507 utemur?
859 1484 912 1512 qua
932 1475 1002 1512 apud
1017 1474 1083 1501 Per-

295 1538 352 1562 sas,
366 1529 522 1560 Armenios,
537 1526 692 1557 Chaldaeos,
711 1524 836 1560 Scythas,
851 1523 941 1553 ludos,
961 1529 992 1548 ac
1003 1519 1083 1548 deni-

296 1584 349 1612 que
378 1583 474 1603 omnes
512 1580 691 1609 quaScnnque
721 1569 890 1598 ochndemus
925 1566 1083 1595 barbaricas

296 1627 391 1660 gentes
404 1622 415 1649 ’ἓ
429 1620 572 1655 Quomodo
583 1619 638 1647 illis
649 1617 876 1654 persuadebimus
889 1621 918 1642 ut
934 1615 1002 1643 deos
1021 1614 1084 1649 qui-

296 1672 358 1702 dem
386 1670 490 1706 patrios
510 1668 650 1699 deserant,
680 1673 764 1693 unum
779 1672 843 1692 vero
870 1663 992 1690 omnium
1010 1669 1084 1697 qua:-

297 1725 408 1754 cunque
423 1720 489 1745 sunt
499 1715 624 1751 opiﬁcem
640 1713 724 1741 Deum
736 1712 828 1739 colant
845 1711 856 1738 ’Ξ
872 1718 926 1745 qua
945 1716 1027 1744 porro
1044 1707 1086 1735 di-

297 1753 376 1799 cendi
393 1763 419 1791 vi
436 1762 509 1794 freti,
523 1765 630 1788 tantum
655 1758 764 1786 facinus
788 1755 1001 1792 aggrediemur?
1021 1753 1087 1787 Qua:

298 1815 389 1839 autem
405 1807 563 1846 perﬁciendi
579 1814 642 1842 spes
665 1805 752 1833 aderit
767 1803 926 1831 hominibus
951 1801 997 1837 qui
1014 1801 1088 1835 leges

299 1858 382 1894 ligere
395 1856 524 1887 audeant,
545 1853 699 1881 contrarias
713 1851 820 1887 legibus
835 1855 1016 1885 quascunque
1028 1855 1088 1875 oni-

299 1911 349 1930 nes
365 1906 460 1938 gentes
485 1901 518 1928 de
532 1900 629 1936 patriis
652 1899 706 1926 diis
733 1905 747 1924 a
764 1897 876 1924 condito
891 1903 948 1923 aevo
962 1901 1089 1922 servave-

299 1948 378 1976 rint?
389 1947 494 1980 Quibus
506 1946 614 1973 tandem
627 1945 727 1980 copiis.
747 1949 793 1970 aut
808 1951 861 1978 qua
875 1942 902 1969 vi
916 1941 994 1969 nobis
1009 1941 1089 1967 liceat

301 1994 346 2022 isti
359 1993 480 2020 audacite
495 1991 661 2027 superesse?
684 1990 747 2018 Ilaec
766 1998 799 2017 ne
813 1990 945 2021 dicerent,
957 1986 1089 2022 quemad-

302 2040 414 2068 modum
427 2040 551 2068 dicturos
563 2038 649 2066 fuisse
676 2036 807 2065 credibile
819 2039 872 2068 est,
890 2039 936 2061 aut
947 2035 1031 2061 etiam
1046 2041 1090 2061 co-

302 2086 421 2121 gitarent
443 2084 508 2112 Jesu
532 2083 671 2118 discipuli,
688 2089 741 2108 una
760 2081 834 2108 verbi
861 2080 1015 2115 adjectione
1033 2079 1091 2114 ipse

301 2131 457 2167 Prwceptor
471 2131 533 2158 illos
549 2130 623 2157 omni
645 2128 805 2156 diliicultate
821 2127 956 2159 liberavit,
972 2133 1035 2153 cum
1049 2125 1092 2152 di-

303 2178 355 2210 xit,
369 2178 432 2205 illos
447 2177 474 2204 in
493 2176 603 2203 nomine
618 2183 668 2202 suo
680 2175 735 2202 voti
754 2177 894 2209 compotes
909 2171 1092 2199 l'uturos.Non

304 2224 377 2252 enim
395 2223 555 2258 simpliciter
570 2226 616 2249 aut
633 2220 773 2248 indeﬁnite
788 2224 818 2247 ut
843 2219 972 2247 docerent
996 2225 1092 2246 omnes

304 2274 401 2306 gentes
416 2268 570 2304 imperavit.
597 2268 644 2295 sed
660 2275 722 2294 cum
736 2266 913 2301 adiunctione
925 2263 1091 2296 necessaria,

1130 312 1168 347 μὴ
1183 311 1339 346 φιλόσοφος,
1352 310 1389 346 μὴ
1404 310 1512 345 Ἕλλην,
1531 310 1568 345 μὴ
1586 309 1732 344 βάρϐαρος,
1755 307 1877 334 τοιοῦτόν
1894 316 1922 334 τι

1128 357 1276 393 διανοηθεὶς
1295 358 1452 392 ἱστορεῖται,
1473 356 1530 382 ἀλλ’
1549 356 1602 382 οὐδ’
1615 356 1655 387 εἰς
1670 355 1818 389 φαντασίαν
1835 353 1923 381 ἐλθὼν

1129 404 1176 430 τοῦ
1193 403 1402 439 παραπλησίους
1418 402 1557 438 ἀγαπητὸν
1571 402 1625 437 γὰρ
1648 401 1754 436 ἑκάστῳ
1767 399 1811 435 ἦν,
1831 401 1855 426 εἰ
1874 400 1922 427 καὶ

1129 451 1176 477 ἐπὶ
1192 450 1274 485 μόνης
1284 450 1334 484 τῆς
1344 449 1445 480 οἰκείας
1458 449 1509 484 γῆς
1522 448 1552 474 τὺ
1568 449 1667 474 οἰκεῖον
1684 446 1848 481 ἐπάγγελμα
1863 455 1923 472 συν-

1130 496 1271 531 εστήσατο,
1291 495 1338 522 καὶ
1361 496 1423 526 τοὺς
1446 493 1535 525 καλῶς
1557 493 1629 528 ἔχειν
1653 492 1786 527 φανέντας
1811 491 1921 526 νόμους,

1130 541 1180 568 κᾶν
1200 542 1242 576 ἐφ’
1257 542 1316 573 ἐνὸς
1333 541 1378 567 τοῦ
1392 541 1491 567 οίκείου
1506 539 1598 571 ἔθνους
1611 538 1744 574 κρατῦναι
1757 535 1814 569 οἶός
1827 546 1857 563 τε
1871 532 1920 572 ἦν’·

1130 589 1144 614 ὁ
1159 587 1187 614 δὲ
1211 587 1292 623 μηδὲν
1319 586 1415 621 θνητὸν
1437 586 1484 612 καὶ
1512 584 1682 620 ἀνθρώπινον
1702 583 1856 618 διανοηθεὶς
1871 583 1922 618 ὅρα

1131 634 1154 659 εἰ
1173 632 1210 668 μὴ
1227 633 1264 664 ὠς
1277 632 1384 668 ἀληθῶς
1399 631 1466 658 Θεοῦ
1479 631 1558 658 πάλιν
1571 632 1709 666 προήκατο
1723 629 1824 664 φωνὴν,
1842 629 1923 655 αὺτο-

1130 678 1202 711 λεξεὶ
1218 679 1307 713 φήσας
1320 679 1376 709 τοῖς
1390 677 1591 708 εὐτελεστάτοις
1610 677 1723 707 ἐκείνοις
1737 674 1819 701 αὐτοῦ
1836 675 1924 710 μαθη-

1130 726 1206 756 ταῖς’
1227 734 1235 750 ι
1256 723 1436 760 Πορευθέντες
1455 722 1641 758 μαθητεύσατε
1663 721 1751 748 πάντα
1766 721 1800 746 τὰ
1817 719 1890 754 ἔθνη.
1912 729 1920 744 ι

1130 770 1185 796 Καὶ
1205 769 1273 802 πῶς,
1291 767 1366 795 εἷπον
1381 769 1413 795 ἂν
1429 769 1452 795 οἱ
1468 767 1588 804 μαθηταὶ
1598 767 1635 803 τῷ
1647 766 1804 800 Διδασκὰλῳ
1815 765 1924 795 πάντως

1132 825 1183 843 που
1202 815 1426 851 ἀποκρινάμενοι,
1445 814 1518 840 τοῦθ’
1537 810 1602 849 ημῖν
1628 813 1705 840 ἔσται
1721 812 1847 843 δυνατόν;
1862 811 1924 842 Πῶς

1131 862 1185 897 γὰρ
1206 861 1361 896 Ῥωμαίοις,
1375 860 1452 896 φέρε,
1468 860 1638 896 κηρύξομεν;
1653 859 1710 890 πῶς
1721 858 1750 885 δὲ
1765 857 1924 891 Αἰγυπτίοις

1130 906 1378 942 διαλεχθησόμεθας
1395 907 1459 942 ποίᾳ
1476 906 1504 932 δὲ
1522 905 1678 942 χρησόμεθα
1697 905 1768 937 λέξει
1784 904 1853 941 πρὸς
1866 903 1926 930 ’Ἑλ-

1098 955 1117 982 Β
1131 954 1224 990 ληνας,
1243 954 1338 989 ἄνδρες
1360 955 1393 989 τῇ
1419 954 1512 989 Σύρων
1533 951 1711 988 ἐντραφέντες
1736 952 1804 988 μόνῃ
1827 952 1926 986 quivi};

1134 1001 1239 1036 Πέρσας
1253 1000 1281 1026 δὲ
1300 1001 1347 1027 καὶ
1367 1000 1534 1036 Ἀρμενίους,
1549 1000 1596 1026 καὶ
1615 998 1775 1029 Χαλδαίους,
1788 998 1835 1024 καὶ
1856 997 1925 1023 Σκύ-

1134 1046 1193 1078 θας,
1206 1046 1252 1072 καὶ
1268 1045 1375 1077 Ἰνδοὺς,
1388 1045 1435 1072 καὶ
1451 1045 1477 1071 εί
1491 1053 1552 1071 τινα
1565 1043 1709 1079 βαρϐάρων
1723 1043 1827 1077 γένοιτο
1840 1042 1903 1077 ἔθνη
1919 1050 1926 1073 ;

1133 1092 1192 1123 πῶς
1216 1091 1344 1127 πείσομεν
1361 1090 1415 1117 τῶν
1441 1090 1490 1126 μὲν
1514 1090 1636 1126 πατρίων
1659 1089 1728 1116 θεῶν
1748 1087 1927 1123 ἀφίστασθαι,

1133 1137 1181 1164 ἕνα
1195 1137 1223 1163 δὲ
1239 1137 1283 1163 τὸν
1296 1136 1403 1163 πάντων
1418 1136 1582 1171 δημιουργδν
1598 1134 1702 1168 σέϐεινς
1720 1135 1785 1170 ποίᾳ
1799 1134 1828 1160 δὲ
1841 1134 1928 1168 λόγων

1135 1183 1271 1218 ἱκανότητι
1288 1182 1462 1218 θαρσοῦντες,
1477 1182 1523 1208 ἐπὶ
1544 1181 1623 1208 τοῦτο
1638 1179 1877 1216 παρελευσόμεθα;
1892 1180 1928 1206 "Il

1134 1230 1176 1262 τίς
1194 1230 1259 1265 ἡμῖν
1278 1229 1356 1260 ἐλπὶς
1373 1228 1449 1254 ἕσται
1470 1228 1517 1254 τοῦ
1538 1227 1760 1263 κατορθώματος,
1786 1227 1930 1262 ἀντινομο-

1135 1276 1221 1302 θετεῖν
1237 1275 1356 1310 τολμῶσι
1370 1276 1425 1306 τοῖς
1443 1275 1550 1301 πάντων
1567 1273 1650 1300 ἐθνῶν
1671 1273 1735 1308 περὶ
1752 1273 1806 1299 τῶν
1820 1272 1929 1300 οἰκείων

1136 1321 1205 1348 θεῶν
1227 1321 1256 1353 ἐξ
1275 1320 1373 1352 αἰῶνος
1393 1320 1528 1355 κειμένοις
1544 1320 1650 1354 νόμοις;
1678 1319 1724 1345 ἐπὶ
1750 1319 1816 1354 ποίᾳ
1833 1318 1860 1345 δὲ
1881 1318 1929 1344 καῖ.

1135 1366 1246 1401 δυνάμει
1260 1364 1434 1400 περιέσεσθαί
1455 1365 1513 1390 ἐστι
1529 1363 1576 1390 τοῦ
1596 1363 1787 1398 τολμήματος;
1805 1361 1897 1388 Ταῦτα
1912 1362 1928 1396 ἢ

1136 1413 1280 1448 φησάντων
1308 1411 1341 1438 ἂν
1365 1411 1435 1443 κατὰ
1459 1410 1488 1436 τὸ
1509 1409 1592 1441 εἰκὸς,
1618 1409 1635 1444 ἢ
1658 1407 1853 1443 διανοηθέντων
1877 1407 1931 1434 τῶν

1135 1458 1182 1484 τοῦ
1202 1456 1288 1493 Ἰησοῦ
1309 1455 1447 1492 μαθητῶν,
1471 1455 1535 1490 μιᾶς
1556 1453 1698 1488 προσθήκῃ
1724 1451 1823 1484 λέξεως
1840 1451 1931 1482 αὐτοῖς

1136 1505 1151 1531 ὁ
1167 1503 1330 1534 Διδάσκαλος
1344 1502 1420 1528 λύσιν
1431 1501 1485 1528 τῶν
1500 1499 1693 1535 ἀπορηθέντων
1705 1498 1829 1529 ὑπέθετο,
1843 1498 1932 1532 φήσας

1137 1549 1315 1584 κατόρθωσιν,
1332 1557 1341 1574 ι
1356 1549 1384 1574 ἐν
1395 1547 1433 1583 τῷ
1444 1546 1553 1582 ὀνόματί
1570 1554 1631 1581 μου.
1644 1555 1653 1571 ι
1668 1545 1704 1571 Οὐ
1722 1544 1776 1579 γὰρ
1792 1543 1823 1578 δὴ
1840 1542 1933 1574 ἁπλῶς

1137 1596 1184 1623 καὶ
1211 1594 1368 1630 ἀδιορίστως
1404 1591 1571 1628 μαθητεῦσαι
1601 1590 1689 1616 πάντα
1705 1588 1740 1615 τὰ
1757 1588 1823 1622 ἔθνη
1846 1595 1932 1623 προσ-

1097 1638 1118 1667 C
1135 1641 1241 1671 ἔταττε,
1259 1638 1327 1674 μετὰ
1350 1631 1509 1674 προσθήκης
1523 1636 1550 1662 δὲ
1565 1635 1726 1669 ἀναγκαίας,
1748 1635 1809 1671 τῆς,
1825 1644 1834 1659 ι
1849 1634 1877 1660 ὲν
1894 1633 1934 1669 τῷ

1139 1686 1250 1721 ὀνόματι
1263 1683 1356 1711 αὑτοῦ.
1378 1693 1386 1709 ι
1407 1683 1515 1718 Ἐπειδὴ
1533 1682 1616 1718 γὰρὴ
1639 1681 1752 1717 δύναμις
1775 1681 1825 1716 τῆς
1849 1680 1934 1707 αὑτοῦ

1138 1730 1323 1767 προσηγορίας
1339 1728 1457 1764 τοσαύτη
1471 1737 1512 1759 τις
1528 1725 1627 1762 ἦν,·ὡς
1645 1726 1726 1761 φάναι
1742 1726 1787 1753 τὸν
1806 1726 1933 1753 Ἀπόσ-ιο⁴

1138 1776 1240 1809 λον,ὂτι
1253 1775 1285 1811 δὴ
1296 1785 1306 1800 ι
1317 1773 1478 1810 Ἐχαρίσατο
1488 1773 1583 1808 αὑτῷὸ
1595 1772 1661 1804 θεὸς
1670 1772 1701 1798 τὺ
1710 1772 1805 1807 ὅνομα,
1817 1772 1847 1797 τὸ
1863 1771 1935 1807 ὑπὲρ

1139 1822 1192 1849 πᾶν
1204 1820 1298 1856 ὄνομα,
1310 1820 1354 1846 ἵνα
1367 1820 1394 1845 ὲν
1411 1818 1449 1854 τῷ
1460 1818 1571 1853 ὀνόματι
1588 1816 1675 1852 Ἰησοῦ
1690 1817 1743 1843 πᾶν
1759 1817 1823 1850 γόνυ
1836 1816 1936 1852 κάμψῃ

1139 1867 1306 1904 ἐπουρανίων
1323 1865 1369 1892 κοιλ⁵
1388 1864 1517 1899 ἐπιγείων
1538 1865 1586 1890 καὶ
1611 1862 1811 1899 καταχθονίων·
1833 1872 1841 1887 ι
1864 1863 1936 1888 εἰκό-

1139 1922 1213 1945 τως,
1242 1912 1291 1947 τῆς
1318 1911 1381 1942 τοὺς
1403 1910 1515 1941 πολλοὺς
1543 1908 1725 1943 λανθανούσης
1750 1909 1780 1934 ὲν
1809 1907 1848 1943 τῷ
1873 1907 1936 1934 ὀνό-

1143 1966 1206 1994 ματι
1235 1956 1319 1983 αὑτοῦ
1347 1954 1491 1990 δυνάμεως
1515 1953 1562 1989 τὴν
1585 1953 1684 1989 ἀρετὴν
1710 1952 1860 1988 ἐμφαίνων,
1881 1953 1937 1984 τοῖς

1141 2003 1224 2031 αὑτοῦ
1250 2002 1385 2038 μαθηταῖς
1407 2001 1502 2036 ἔφησε·
1519 2010 1528 2025 ί
1548 1999 1729 2035 Πορευθέντες
1749 1998 1938 2034 μαθητεύσατε

1144 2051 1234 2078 πάντα
1247 2049 1281 2076 τὰ
1295 2048 1358 2083 ἔθνη
1370 2048 1398 2074 ἐν
1411 2046 1449 2082 τῷ
1463 2046 1573 2082 ὀνόματί
1592 2055 1653 2081 μου.
1677 2055 1685 2071 t
1699 2043 1766 2072 Εἶτα
1786 2047 1833 2072 καὶ
1850 2044 1942 2071 θεσπί-

1142 2097 1182 2130 ζει
1198 2094 1226 2123 εὖ
1249 2095 1321 2130 μάλα
1349 2093 1470 2129 ἀκριϐῶς
1489 2093 1519 2119 τὺ
1544 2092 1647 2128 μέλλον,
1666 2091 1767 2118 εἰπών·
1787 2101 1795 2117 ι
1815 2092 1861 2118 Δεῖ
1884 2091 1938 2127 γὰρ

1143 2141 1312 2178 κηρυχθῆναι
1322 2140 1352 2166 τὸ
1364 2139 1528 2174 Εὑαγγέλιον
1543 2138 1622 2164 τοῦτο
1633 2139 1662 2164 ὲν
1674 2138 1722 2175 ὅλῃ
1742 2139 1774 2173 τῇ
1791 2139 1866 2164 οἰκου
1871 2137 1940 2174 μένῃ

1143 2189 1182 2219 εἰς
1199 2187 1350 2223 μαρτύριον
1366 2186 1433 2212 πᾶσι
1450 2186 1505 2216 τοῖς
1521 2184 1634 2210 ἔθνεσιν.
1650 2193 1658 2209 ι
1676 2185 1704 2210 Ὀ
1717 2184 1745 2210 δὲ
1754 2179 1832 2218 λόγος
1847 2184 1941 2220 εἴρητο

1145 2233 1195 2269 μὲν
1203 2233 1236 2260 ἐν
1250 2232 1336 2268 γωνίᾳ
1345 2231 1398 2266 γῆς
1409 2230 1480 2263 τότε,
1495 2230 1542 2256 καὶ
1553 2231 1577 2256 οἱ
1589 2229 1723 2265 παρόντες
1735 2230 1833 2264 ἤκουον
1852 2229 1938 2265 μόνοι.

1144 2278 1208 2311 Πῶς
1222 2276 1268 2305 οὖν
1285 2277 1340 2313 ἄρα
1351 2277 1445 2308 πιστὸς
1458 2273 1492 2311 ἦν
1508 2276 1599 2306 αὐτοῖς
1614 2274 1693 2301 τοῦτο
1708 2274 1804 2308 λέγων,
1816 2275 1840 2300 εἰ
1859 2275 1896 2310 μὴ
1911 2274 1942 2307 ἐξ

308 2324 318 2342 ι
335 2315 363 2342 in
381 2315 503 2346 nomine,
521 2313 619 2348 inquit,
639 2320 699 2340 meo
712 2312 746 2339 ⁸⁵.
768 2321 777 2338 i
796 2310 863 2338 Cum
879 2310 952 2338 enim
965 2309 1005 2337 vis
1021 2309 1085 2336 illiu:

1148 2309 1248 2361 ἑτέρων
1265 2309 1319 2351 τῶν
1338 2324 1384 2351 ὑπ’
1407 2309 1490 2350 αὐτοῦ
1510 2321 1713 2357 πεπραγμένων
1736 2321 1835 2348 ἐνθέων
1852 2309 1941 2357 ἔργων

306 2360 427 2391 nominis
452 2364 527 2386 tanta
545 2360 591 2390 sit,
610 2361 640 2385 ut
663 2357 811 2392 Apostolus
838 2355 962 2383 dixerit:
985 2363 993 2380 ι
1016 2353 1096 2388 Quod

307 2407 449 2436 donaverit
474 2405 513 2432 illi
537 2403 609 2432 Deus
626 2411 735 2436 nomen,
759 2403 831 2438 quod
857 2407 899 2430 est
917 2409 1000 2436 super
1015 2409 1097 2429 omne

308 2461 418 2484 nomen,
442 2455 471 2479 ut
498 2451 525 2478 in
541 2449 653 2478 nomine
669 2448 734 2476 Jesu
759 2457 841 2476 omne
865 2455 936 2484 genu
958 2447 1095 2479 ﬂecmtur,

309 2499 472 2530 caelestium,
491 2497 672 2529 terrestrium,
689 2501 715 2523 et
732 2496 903 2523 infernarum
918 2495 952 2526 ⁸⁵,
969 2504 978 2519 ι
1001 2494 1097 2522 merito

310 2545 499 2573 excellentiam
515 2543 625 2570 virtutis
638 2542 757 2570 nominis
776 2542 830 2573 sui,
847 2549 907 2576 qua:
918 2541 1019 2568 multos
1035 2541 1100 2567 latet

312 2591 493 2622 indicaturus,
511 2590 545 2616 ad
562 2598 628 2617 suos
644 2589 713 2616 dixit
727 2588 896 2623 discipulos:
915 2597 924 2613 ‹
942 2587 992 2619 Ite,
1006 2587 1100 2615 docete

312 2644 407 2665 omnes
422 2640 518 2672 gentes
537 2637 564 2663 in
579 2635 691 2663 nomine
704 2643 776 2663 meo.
795 2645 804 2661 ›
823 2634 924 2662 Deinde
940 2635 1014 2661 canit
1032 2634 1101 2661 bene

315 2682 459 2709 admodum
475 2686 548 2709 certe
563 2687 646 2718 atque
660 2682 796 2717 exquiSite
808 2683 880 2717 quod
908 2681 1030 2708 futurum
1042 2684 1101 2708 erat

315 2726 410 2754 dicens
424 2735 431 2753 :
453 2736 463 2752 ι
478 2727 588 2762 Oportet
613 2728 686 2755 enim
703 2728 845 2763 praedicari
859 2727 1036 2763 Evangelium
1049 2727 1101 2754 hoc

317 2773 344 2799 in
367 2776 424 2799 toto
438 2773 514 2804 orbe,
533 2773 559 2800 in
576 2774 760 2802 testimonium
773 2777 880 2804 cunctis
897 2775 1023 2811 gentibus
1037 2774 1071 2801 ⁸⁸.
1089 2783 1099 2799 ι

317 2818 402 2845 Ροιτο
412 2826 474 2845 cum
484 2819 564 2846 verba
582 2821 690 2855 quidem
704 2823 770 2855 hinc,
788 2824 887 2851 tuncin
905 2823 1005 2858 angulo
1022 2826 1103 2849 terra:

319 2865 390 2892 dicta
417 2865 483 2900 sint,
507 2871 533 2894 et
546 2867 592 2902 qui
615 2872 678 2896 tunc
694 2870 808 2898 aderant
824 2871 874 2898 soli
892 2871 1040 2901 audierint,
1057 2870 1104 2904 qui

1148 2371 1198 2406 τῆς
1214 2371 1242 2397 ὲν
1258 2371 1314 2401 τοῖς
1329 2368 1417 2403 λόγοις
1429 2367 1555 2403 ἀληθείας
1566 2366 1648 2393 αὐτοῦ
1660 2365 1709 2401 τὴν
1722 2367 1818 2402 πεῖραν
1835 2366 1942 2402 εἰλήφε-

1151 2426 1201 2444 σαν
1213 2425 1220 2449 ;
1236 2417 1296 2443 ’Ὁτι
1306 2415 1360 2451 γὰρ
1371 2414 1532 2441 ἐπίστευσαν
1544 2413 1660 2447 λέγοντι,
1674 2412 1890 2448 συὶ-λογιζομένῳ
1902 2421 1942 2439 σοι

1150 2463 1290 2499 ὁμολογεῖν
1307 2462 1413 2496 ἀνάγκη
1423 2480 1429 2487 .
1447 2458 1632 2495 Προστάξαντι
1652 2458 1706 2494 γὰρ
1722 2458 1808 2490 οὐδεὶς
1818 2458 1941 2493 ἠπείθειο

1151 2507 1218 2535 ἀλλὰ
1243 2507 1477 2542 πειθαρχήσαντες
1500 2504 1581 2531 αὐτοῦ
1605 2503 1644 2538 τῷ
1666 2503 1791 2538 νεύματι,
1810 2503 1882 2530 κατὰ
1908 2503 1943 2530 τὰ

1151 2552 1365 2589 παρηγγελμένα
1381 2552 1435 2578 πᾶν
1451 2550 1529 2585 γένος
1543 2548 1694 2584 ἀνθρώπων
1711 2548 1892 2584 ἑμαθήτευον,
1912 2550 1942 2576 ἐν

1151 2600 1201 2635 τῆς
1223 2599 1326 2629 οἰκείας
1342 2598 1393 2632 γῆς
1411 2597 1456 2623 ἐπὶ
1478 2597 1567 2623 πάντα
1585 2597 1753 2632 στειλάμενοι
1769 2595 1803 2622 τὰ
1817 2596 1898 2630 ἔθνη·
1915 2597 1941 2622 ὲκ

1151 2644 1234 2680 ὀλίγῳ
1248 2653 1277 2671 τε
1291 2641 1324 2679 ἦν
1341 2642 1409 2679 ἔργα
1426 2642 1563 2678 θεωρῆσαι
1578 2643 1640 2674 τοὺς
1662 2643 1766 2676 λόγους.
1783 2643 1942 2678 Κεκήρυκτε

1154 2690 1219 2724 γοῦν
1235 2689 1266 2715 τὸ
1280 2688 1446 2722 Εὑαγγέλιον
1457 2688 1485 2713 ὲν
1503 2687 1599 2724 βραχεῖ
1608 2689 1695 2724 χρόνῳ
1708 2689 1736 2715 ἐν
1748 2688 1795 2723 ὅλῃ
1807 2689 1841 2723 τῇ
1856 2689 1942 2714 οἰκου-

1157 2735 1225 2771 μένῃ
1248 2736 1287 2766 εῐς
1307 2733 1455 2770 μαρτύριον
1465 2735 1526 2765 -τοῑς
1552 2733 1655 2760 ἔθνεσι·
1674 2734 1720 2760 καὶ
1741 2733 1874 2770 βάρῧαροι
1899 2734 1945 2760 καὶ

1156 2781 1287 2816 Ἕλληνες
1303 2780 1351 2811 τὰς
1371 2780 1436 2815 περὶ
1457 2780 1504 2806 τοῦ
1527 2779 1615 2815 Ἰησοῦ
1632 2779 1741 2815 γραφὰς
1755 2779 1880 2814 πατρίοις
1896 2788 1946 2814 χα-

1159 2825 1292 2862 ρακτῆρσι
1317 2826 1363 2852 καὶ
1387 2825 1494 2861 πατρίῳ
1519 2826 1593 2860 φωνῇ
1621 2824 1832 2860 μετελάμϐανον.
1852 2825 1946 2852 Καίτοι

1158 2871 1199 2902 τίς
1214 2871 1264 2897 οὐκ
1281 2871 1313 2898 ἂν
1338 2871 1501 2907 ἀπορήσειεν
1524 2871 1650 2905 εὐλόγως,
1669 2871 1710 2903 τίς
1731 2868 1766 2905 ἦν
1787 2871 1842 2907 ἄρα
1861 2871 1876 2897 ὁ
1897 2871 1946 2904 τῆς

356 2942 378 2957 ⁸⁸
394 2942 486 2970 Mat-li.
506 2952 599 2978 nvn-i,
619 2945 676 2982 19.’
702 2947 795 2974 “ibid.
835 2948 857 2963 "
873 2947 988 2982 Philipp.
1006 2956 1036 2983 ιι,
1054 2948 1085 2976 10

1137 2948 1157 2965 ³ο
1174 2947 1258 2976 Marc.
1273 2952 1333 2980 χιιι,
1350 2947 1391 2977 10,
