2071 3219
154 164 205 192 241

583 178 585 180 ι
606 163 934 193 DEMONSTRATlONIS
951 162 1181 192 ΕνΑΝοΕιιιοιΕ
1199 163 1264 191 LIB.
1286 163 1330 191 Ill.

1726 165 1780 192 ξ,ίὲ

156 222 211 250 τῶν
227 222 358 258 μαθητῶν
379 223 425 249 τοῦ
446 222 531 258 Ἰησοῦ
548 223 722 255 διδασκαλίας
743 223 859 259 τρόπος;
873 221 945 259 *Αρα

1002 223 1055 250 lieri
1080 227 1170 258 potest
1195 227 1225 250 ιιι
1254 222 1304 249 hoc
1329 221 1429 249 dicenti
1463 221 1501 248 illi
1537 221 1700 253 crederent,
1727 215 1780 250 nisi

156 269 211 304 γὰρ
235 269 275 300 εἱς
301 268 389 304 μέσην
412 268 589 303 παρελθόντες
611 268 698 300 πόλιν,
712 269 796 296 ἔπειτ’
812 270 842 295 ὲν
858 270 946 306 ἀγορᾷ

158 314 279 345 στάντες,
294 314 343 340 καὶ
355 313 403 349 βοῇ
416 313 517 349 μείζονι
528 315 694 350 χρησάμενοι
709 314 871 341 συνεκάλουν
883 316 946 348 τοὺς

159 359 319 394 παριόντας,
340 359 457 387 κᾶπειτα
480 359 686 395 ὲδημηγόρουν;
703 361 758 387 Καὶ
773 360 815 392 τίς
837 358 871 396 ἦν
892 361 946 397 ἄρα

157 405 249 437 αὐτοῖς
272 405 323 440 τῆς
346 405 514 442 δημηγορίας
532 407 545 432 ὁ
570 406 658 440 λόγος,
672 403 694 440 ᾧ
711 407 854 433 πεπεῖσθαι
874 407 946 438 εἰκὸς

157 448 191 487 ἦν
206 451 269 483 τοὺς
278 451 478 487 ἀκροωμένους
493 452 555 484 Πῶς
567 452 595 478 δὲ
603 453 649 479 καὶ
657 453 842 488 ἐδημηγόρουν
852 453 946 488 ἄνδρες

158 497 245 532 λόγων
261 498 377 534 ἄπειροι,
396 499 442 524 καὶ
459 499 546 533 πάσης
562 499 688 534 ἀμέτοχοι
704 499 844 531 παιδείας;
867 499 946 526 Ἀλλὰ

160 543 214 579 μὴν
228 544 258 570 οὐ
273 544 343 571 κατὰ
357 545 467 580 πλῆθος,
480 545 548 571 κατὰ
563 545 644 580 μέρος
655 545 682 571 6':
698 547 753 576 τοῖς
766 545 946 580 προστυχοῦσι

158 589 318 624 διελέγοντο.
336 590 413 616 Τίσιν
427 589 473 617 οὖν
489 591 536 618 καὶ
548 591 648 622 ὁποίοις
665 591 782 626 ἐχρῶντο
798 591 886 625 λόγοις
901 592 946 618 ἐπὶ

159 634 246 662 πειθὼ
268 635 322 669 τῷν
336 637 504 668 ἁκουόντωνς
526 637 588 663 ἐπεὶ
606 637 672 672 μηδὲ
692 637 788 672 μικρὸς
806 635 838 672 ἦν
855 638 945 670 αὐτοῖς

157 680 173 707 ὁ
191 680 277 715 ἁγὼν,
301 681 339 717 μὴ
361 681 536 717 ἀρνουμένοις
559 682 604 708 τὸν
630 682 809 709 ἐπονείδιστον
834 683 946 709 Οάνατον

157 726 204 753 τοῦ
227 727 488 762 καταγγελλομένου.
508 729 538 755 Εἰ
557 728 605 763 μὲν
621 728 673 763 γὰρ
689 728 781 754 τοῦτον
795 729 946 764 ἐπικρυψά-

160 782 246 808 μενοι,
261 773 306 800 καὶ
319 774 356 809 μὴ
371 774 564 809 ὁμολογοῦντες
575 776 614 807 εἰς
629 776 732 806 πάντας
747 773 791 802 οἷα
803 776 849 802 καὶ
861 776 947 803 ὁπόσα

159 818 292 845 πέπονθεν
309 819 362 845 ὑπὸ
384 819 528 851 Ἰουδαίων,
545 819 579 846 τὰ
604 819 689 855 σεμνὰ
709 819 777 854 μόνα
796 821 842 846 καὶ
856 820 947 853 ἔνδοξα

158 865 373 901 προσεκόμιζον·
389 865 460 900 λέγω
476 866 503 892 δὲ
524 865 572 898 τὰς
586 865 818 901 θαυματουργίας,
836 866 882 892 καὶ
899 865 946 898 τὰς

996 278 1029 297 ex
1058 269 1120 296 aliis
1148 269 1271 305 ejusdem
1298 268 1399 295 divinis
1423 267 1518 303 gestis,
1555 274 1679 295 veracem
1704 267 1779 294 illum

997 314 1025 342 in
1051 315 1142 343 verbis
1171 314 1275 349 experti
1298 314 1417 342 essent?
1445 313 1518 349 qttod
1535 314 1608 341 enim
1635 313 1728 341 verbis
1747 313 1781 340 Η-

996 360 1050 388 lius
1073 360 1227 392 crederent,
1256 360 1430 387 ratiocinanti
1461 359 1510 387 tibi
1539 359 1663 387 confiteri
1687 366 1782 387 neces—

997 414 1027 434 se
1049 411 1101 434 est.
1127 407 1270 442 ltnperanti
1302 406 1374 433 enitn
1399 406 1437 433 illi
1461 406 1552 433 nttllus
1580 414 1634 433 non
1663 406 1779 442 paruit;

999 453 1078 488 137
1098 453 1144 482 sed
1159 454 1282 488 protinus
1297 453 1483 480 auscultantes
1494 453 1567 481 illius‘
1591 453 1669 479 nttttti
1688 459 1781 488 quem-

997 499 1141 526 admodum
1159 499 1225 534 ipsis
1244 502 1408 534 prmceptum
1424 498 1524 531 fuerat,
1537 506 1569 525 ac
1580 498 1613 525 de
1627 498 1723 534 patriis
1737 505 1781 526 se-

997 545 1078 573 dibus
1101 545 1134 572 ad
1159 553 1254 573 omnes
1279 551 1372 580 gentes
1395 545 1519 580 pro'ecti,
1536 552 1617 572 omne
1640 544 1781 571 hominum

997 599 1082 627 genus
1105 591 1267 622 docuerunt,
1287 591 1416 626 brevique
1437 595 1558 626 tctupore
1582 591 1682 618 intueri
1703 591 1780 618 licuit

997 638 1190 673 respondentia
1207 637 1297 664 verbis
1313 637 1405 664 facta..
1417 635 1597 663 Praedicatum
1625 636 1716 671 itaque
1739 641 1781 664 est

997 683 1024 710 in
1035 684 1133 718 exiguo
1148 684 1277 718 temporis
1296 683 1384 717 spatio
1400 683 1426 709 in
1443 686 1499 709 toto
1515 682 1580 709 orbe
1594 681 1780 717 Evangelium,

998 729 1024 756 in
1052 729 1235 756 testimonium
1267 729 1374 756 cunctis
1396 729 1538 763 gentlbus;
1562 727 1726 754 ctbarbari
1753 730 1781 754 et

997 774 1083 802 Graeci
1098 782 1158 809 quze
1174 774 1207 801 de
1225 773 1290 801 Jesu
1319 774 1422 808 scripta
1449 777 1537 805 erant,
1553 773 1653 808 patriis
1682 773 1781 801 litteris

998 821 1140 856 patriaque
1171 828 1236 848 voce
1264 824 1441 855 exceperunt.
1471 819 1616 852 Caeterum,
1640 820 1701 854 quis
1726 826 1781 846 non

999 867 1096 893 merito
1108 866 1228 900 ambigat
1245 874 1369 901 quaenam
1396 866 1476 893 fuerit
1501 864 1565 892 Jesu
1583 865 1780 900 discipulorum

159 911 387 946 παραδοξοποιίας
403 911 497 944 αὐτοῦ,
512 913 561 943 τάς
582 921 611 938 τε
634 913 796 948 φιλοσόφους
820 912 946 939 διδασκα-

1002 912 1113 939 docendi
1138 912 1218 943 ratio,
1235 912 1298 946 quis
1319 912 1435 939 modus?
1451 911 1587 946 Nunquid
1615 912 1642 938 itt
1665 912 1781 939 mediam

159 957 221 987 λῐας
243 957 325 983 αὑτοῦ
337 965 344 972 '
362 958 416 984 οὐδ’
437 957 523 989 οὕτως
545 955 578 993 ἧν
595 958 686 989 αὐτοῖς
710 957 824 993 εὐχερὴς
839 958 852 983 ὁ
869 957 947 991 λόγος

160 1002 228 1037 πρὸς
239 1002 270 1028 τὸ
283 1002 395 1037 ποιῆσαι
410 1003 507 1038 ῥᾳδίως
528 1003 745 1036 συγκαταθέσοαι
758 1003 820 1034 τοὺς
834 1002 946 1030 ἀκούον-

159 1057 208 1080 τας
224 1048 481 1083 ξενοᾷωνουμὲνους,
501 1049 547 1075 καὶ
568 1049 629 1084 ἄρτι
643 1048 749 1084 πρῶτον
766 1048 947 1080 ἐπακούοντας

160 1094 261 1120 καινῶν
292 1095 422 1130 ῥημάτων
454 1095 499 1120 ὑπ’
531 1094 635 1130 ἀνδρῶν
664 1095 739 1121 οὐδὲν
771 1094 948 1129 ἐπαγομένων

157 1141 315 1174 ἀξιόπιστον
328 1141 378 1176 τὴν
388 1140 442 1167 τῶν
457 1140 608 1176 λεγομένων
627 1141 788 1176 μαρτυρίαν.
806 1140 879 1175 Πλὴν
892 1140 948 1167 ἀλλ’

159 1187 249 1218 ἔδοξεν
264 1187 296 1214 ἂν
313 1187 496 1223 πιθανώτερον
509 1186 636 1221 λέγεσθαι
648 1187 681 1213 τὰ
698 1187 838 1222 εἰρημένα.
853 1186 909 1213 Νῦν
920 1187 948 1213 δὲ

157 1233 220 1260 τοτὲ
233 1233 283 1267 μὲν
297 1233 341 1259 τὸν
357 1233 573 1268 πρεσϐευόμενον
588 1233 653 1259 Θεὸν
669 1234 697 1259 ἐν
711 1233 854 1268 ἀνθρώπου
871 1241 948 1266 γεγο-

158 1278 235 1305 νέναι
250 1278 366 1313 σώματι,
385 1278 432 1304 καὶ
448 1277 521 1304 οὐδὲν
534 1277 598 1304 ἄλλο
614 1278 661 1313 τὴν
679 1278 759 1312 φύσιν
772 1276 840 1304 εἶναι
855 1278 947 1313 ἣΘεοῦ

158 1324 257 1358 Λόγον,
273 1324 312 1350 διὸ
329 1324 375 1350 καὶ
391 1326 516 1356 τοιαύτας
532 1324 675 1359 τεραστίας
688 1324 816 1358 δυνάμεις
833 1332 947 1358 πεποιη-

159 1370 237 1397 κέναι
254 1367 297 1396 οἶα
311 1370 393 1398 Θεόν·
407 1370 467 1396 τοτὲ
483 1370 511 1396 δὲ
527 1370 631 1401 τούτοις
649 1369 776 1400 ἐναντίως
792 1368 884 1404 ὕϐρεις
899 1370 948 1396 αὺ-

159 1417 206 1443 τὸν
221 1417 268 1443 καὶ
284 1417 393 1452 ἀτιμίας
406 1417 560 1452 ὑπομεῖναι,
577 1417 624 1442 καὶ
646 1416 721 1448 τέλος
738 1416 786 1451 τὴν
809 1415 949 1450 αἰσχίστην

161 1463 210 1490 καὶ
223 1464 280 1494 τοῖς
297 1463 405 1489 πάντων
420 1463 570 1498 ἀνθρώπων
583 1462 810 1498 κακουργοτάτοις
828 1463 947 1497 ἐπηρτη-

161 1509 248 1544 μένην
263 1509 307 1535 διὰ
322 1509 438 1544 σταυροῦ
451 1509 597 1544 τιμωρίαν,
615 1510 656 1541 τίς
672 1510 721 1535 οὐκ
738 1510 769 1535 ἂν
786 1509 822 1541 ὡς
843 1508 949 1534 ἐναντία

998 958 1135 992 progressi
1148 958 1296 990 civitatem,
1312 958 1410 985 deinde
1424 962 1529 985 stantes
1545 958 1573 984 in
1587 957 1656 990 foro,
1673 965 1782 985 vocem-

998 1012 1050 1038 que
1062 1005 1226 1036 attollentes.
1236 1004 1421 1031 convocabant
1433 1012 1480 1031 cos
1492 1005 1536 1039 qui
1555 1004 1740 1031 accedebant?
1754 1008 1782 1032 et

999 1058 1058 1085 qum
1071 1050 1179 1077 tandem
1198 1050 1252 1076 illis
1263 1050 1443 1077 concionandi
1461 1050 1540 1082 ratio,
1554 1051 1597 1077 cui
1609 1050 1718 1085 quidem
1734 1058 1781 1078 ve-

999 1095 1112 1122 risitnile
1129 1096 1165 1122 sit
1182 1095 1351 1124 auscultasse
1365 1095 1525 1123 audientes?
1541 1095 1678 1130 quotnodo
1692 1098 1781 1122 autem

999 1141 1236 1169 concionabantur
1254 1142 1304 1169 viri
1330 1142 1465 1169 sermonis
1490 1142 1619 1176 imperiti,
1635 1145 1662 1168 et
1688 1149 1783 1168 omnes

999 1193 1124 1223 expertes
1136 1188 1318 1215 eruditionis?
1334 1188 1408 1222 atqui
1424 1197 1477 1215 non
1498 1187 1712 1218 multitudinem,
1735 1186 1782 1215 sed

1000 1234 1122 1268 singulos
1135 1234 1267 1260 adeuntes
1284 1234 1503 1268 alloquebautur.
1520 1234 1578 1266 Qua
1594 1234 1675 1268 igitur
1692 1237 1718 1260 ct
1734 1240 1783 1259 cuv

997 1280 1119 1316 jusmodi
1136 1280 1261 1307 oratione
1275 1280 1432 1311 utebantur,
1449 1279 1660 1306 utaudientibus
1672 1286 1784 1314 persua-

999 1326 1113 1354 derent?
1137 1333 1191 1352 tton
1222 1325 1293 1351 enitn
1320 1332 1431 1359 parvutn
1456 1325 1509 1350 illis
1536 1324 1704 1358 propositum
1725 1326 1784 1350 erat

1000 1378 1161 1403 certamen,
1189 1378 1242 1397 non
1272 1370 1512 1397 dissimulantibus
1541 1370 1698 1404 brohrosam
1723 1369 1784 1403 ejus

1001 1423 1115 1446 mortem
1138 1425 1218 1452 quem
1243 1420 1273 1444 ut
1298 1416 1381 1443 Deum
1401 1417 1638 1442 commendabant.
1666 1414 1731 1441 Nam
1760 1415 1784 1441 si

1001 1465 1071 1492 hanc
1086 1464 1317 1493 dissimulassent,
1335 1470 1422 1497 neque
1439 1462 1530 1496 qualia
1550 1466 1707 1496 quantaque
1720 1469 1784 1495 pas-

1000 1517 1048 1537 sus
1073 1510 1108 1536 sit
1124 1517 1139 1535 a
1159 1508 1260 1535 ludatis
1287 1506 1357 1542 apttd
1375 1515 1471 1533 omnes
1485 1507 1603 1533 confessi
1620 1498 1723 1536 essent,
1736 1506 1783 1533 sed

159 1556 297 1590 λεγόντων
319 1555 488 1582 κατέπτυσεν
502 1556 613 1586 εἰκότως
625 1564 632 1585 ;
646 1555 692 1587 Τίς
708 1556 729 1581 δ’
744 1555 830 1587 οὕτως
848 1554 949 1589 ἠλίθιος

1002 1562 1061 1589 qua!
1075 1553 1256 1580 reverentiam
1273 1552 1375 1578 homini
1397 1551 1566 1586 gloriamque
1595 1550 1736 1582 adderent,
1752 1557 1783 1577 ea

161 1602 295 1637 ὑπῆρχεν,
312 1602 350 1632 t'o;
363 1602 484 1637 εὐχερῶς
501 1601 642 1629 πιστεῦσαι
657 1602 780 1636 λέγουσιν
797 1600 947 1636 ἑωρακέναι

164 1647 234 1682 μετὰ
246 1648 292 1674 τὸν
305 1647 419 1674 θάνατον
434 1649 465 1674 ἐκ
481 1647 585 1683 νεκρῶν
598 1648 810 1679 ἁναίῑεϐιωκότα,
823 1647 867 1673 τὸν
883 1646 948 1681 μηδὲ

161 1694 206 1720 an:
221 1694 250 1720 ἐν
266 1692 348 1725 ζῶσιν
365 1692 398 1728 ἦν
420 1693 558 1728 ἐπαμῦναι
579 1693 667 1728 ἑαυτῷ
688 1693 884 1728 δεδυνημένον;
903 1692 948 1723 Τίς

161 1739 191 1766 δὲ
206 1740 263 1771 τοῖς
281 1739 398 1771 ἰδιώταις
414 1741 460 1766 καὶ
475 1740 608 1766 εὐτελέσιν
631 1740 744 1771 ἐκείνοις
762 1739 873 1774 ἐπείσθη
892 1738 949 1765 ποτ’

161 1785 196 1812 ἂν
211 1785 332 1819 λέγουσι,
354 1786 453 1821 χρῆναι
469 1786 523 1811 τῶν
548 1785 596 1821 μὲν
619 1784 753 1821 πατρῴων
778 1784 846 1810 θεῶν
867 1792 951 1810 κατα-

163 1832 307 1869 φρονῆσαι,
329 1832 375 1858 καὶ
391 1832 496 1868 μωρίαν
515 1833 562 1867 μὲν
574 1831 628 1858 τῶν
647 1831 676 1863 ἐξ
692 1831 790 1862 αἰῶνος
810 1829 951 1863 καταγνῶ-

163 1887 209 1905 ναι
224 1879 345 1910 πάντων,
359 1878 449 1913 μόνοις
462 1877 490 1904 δὲ
506 1878 595 1909 αὐτοῖς
614 1876 753 1903 πείθεσθαι
769 1877 816 1902 καὶ
832 1877 887 1907 τοῖς
900 1876 951 1901 ὑπὸ

163 1917 212 1951 τοῧ
229 1924 428 1959 σταυρωῢέντος
444 1923 694 1959 παρηγγελμένοις;
711 1922 803 1948 τοῦτον
815 1922 868 1956 γὰρ
884 1919 951 1948 εἶναι

164 1972 213 1999 τοῦ
232 1971 313 2007 μόνου
328 1971 374 1997 καὶ
392 1970 438 1996 ἐπὶ
455 1970 562 1996 πάντων
576 1969 642 1995 Θεοῦ
656 1969 734 2004 μόνον
753 1967 892 2002 ἀγαπητὸν
906 1967 952 1994 καὶ

168 2018 301 2054 μονογενῆ
334 2016 429 2043 Παῖδα.
466 2015 535 2050 Ἐγὼ
566 2015 614 2050 μὲν
647 2013 693 2041 οὖν
726 2013 858 2046 ἐξετάζων
888 2013 952 2048 παρ’

165 2062 280 2099 ἐμαυτῴ
302 2056 455 2097 φιλαλήθως
480 2061 525 2087 τὸν
548 2060 637 2094 λόγον,
659 2059 786 2094 οὐδεμίαν
812 2056 953 2091 πειστικὴν

166 2110 282 2144 δύναμιν
303 2109 331 2134 ὲν
355 2107 439 2142 αὐτῷ,
461 2107 520 2133 οὐδὲ
542 2115 568 2132 τι
591 2106 699 2141 σεμνὸν,
717 2104 770 2131 οὐδ’
787 2104 952 2136 ἀξιόπιστον,

167 2156 226 2182 ἀλλ’
242 2155 303 2182 οὐδὲ
320 2154 431 2181 πιθανὸν
451 2154 488 2185 εἰς
506 2153 536 2179 τὸ
558 2153 609 2179 xiv
631 2152 678 2178 ἕνα
700 2151 760 2178 τινὰ
774 2151 827 2176 τῶν
844 2149 954 2183 ἠλιθίων

167 2203 261 2229 πεῖσαι
277 2200 404 2227 δύνασθαι
421 2199 548 2236 εὑρίσκω.
571 2198 651 2224 Ἀλλὰ
676 2198 755 2224 πάλιν
779 2196 888 2232 ἀφορῶν
914 2197 954 2227 εἰς

1001 1600 1058 1627 sola
1074 1599 1252 1634 protulissent
1267 1606 1272 1623 :
1289 1596 1350 1623 dico
1369 1602 1457 1623 autem
1475 1595 1595 1630 prodigia
1614 1599 1641 1622 ct
1655 1594 1784 1622 miracula

1002 1647 1036 1673 ab
1053 1647 1099 1672 illo
1114 1645 1198 1676 edita.
1215 1652 1322 1671 necnon
1344 1643 1531 1678 philosophica
1555 1641 1677 1676 ejusdem
1698 1641 1784 1668 docu-

1003 1695 1092 1718 menta
1112 1700 1118 1716 ε
1136 1697 1169 1716 ne
1194 1690 1234 1716 sic
1258 1689 1366 1723 quidem
1383 1687 1436 1714 illis
1453 1687 1554 1713 exitum
1577 1686 1693 1712 celerem
1709 1685 1785 1711 inve-

1003 1737 1090 1764 nisset
1105 1735 1203 1766 oratio,
1221 1739 1251 1761 ut
1275 1735 1354 1761 facile
1374 1739 1538 1760 conscusutn
1554 1730 1720 1757 audientium
1738 1729 1787 1756 eli-

1003 1786 1113 1815 cerent;
1129 1782 1175 1816 qui
1188 1781 1297 1816 quidem
1310 1779 1452 1806 audientes
1471 1778 1558 1804 aliena
1573 1776 1665 1810 lingua
1678 1776 1787 1802 uteban-

1004 1834 1057 1859 tur,
1073 1836 1104 1854 ac
1127 1831 1192 1853 tunc
1209 1826 1326 1861 primum
1354 1825 1387 1851 ab
1404 1823 1560 1850 hominibus
1580 1822 1646 1848 nihil
1669 1820 1720 1847 fide
1745 1820 1787 1847 di-

1004 1882 1086 1909 gnum
1101 1873 1288 1904 all'erentibus,
1308 1870 1429 1897 inaudita
1445 1869 1496 1895 sibi
1512 1869 1586 1902 prius
1601 1868 1682 1893 verba
1698 1866 1780 1901 perci-

1006 1921 1127 1956 piebant,
1144 1919 1178 1945 ad
1194 1926 1224 1945 ea
1241 1925 1301 1952 quae
1316 1916 1355 1943 illi
1370 1915 1492 1942 dicereut
1508 1912 1720 1948 comprobanda.
1738 1911 1788 1938 Ve—

1006 1972 1157 1994 rumtamen
1175 1965 1197 1992 si
1219 1965 1284 1991 talia
1302 1963 1447 1992 dixissent,
1465 1960 1604 1994 aliquanto
1622 1958 1789 1993 probabilius

1006 2013 1096 2039 dicere
1113 2011 1162 2038 visi
1175 2014 1278 2038 essent.
1299 2009 1376 2035 Nunc
1395 2012 1485 2034 autent
1500 2013 1562 2033 eum
1579 2005 1702 2031 dicerent
1714 2004 1788 2030 illutn

1006 2066 1085 2094 quem
1103 2062 1132 2085 ut
1156 2058 1240 2084 Deum
1265 2054 1506 2082 commendabant.
1524 2051 1605 2078 modo
1631 2051 1658 2077 itt
1675 2057 1789 2084 corpore

1006 2106 1126 2131 humano
1135 2107 1284 2133 versatum,
1305 2101 1427 2135 nihilque
1444 2097 1518 2125 aliud
1535 2101 1631 2124 natura
1648 2103 1729 2130 quam
1743 2095 1789 2122 Dei

1007 2144 1354 2183 Verbumesse,'qttocirca
1381 2145 1462 2173 etiam
1481 2143 1546 2170 talia
1573 2142 1704 2169 miracula
1731 2145 1776 2168 tan

1007 2205 1088 2232 quam
1106 2197 1188 2223 Deum
1211 2196 1292 2223 edere
1310 2195 1440 2229 potuisse.
1463 2192 1543 2219 modo
1572 2190 1614 2218 bis
1642 2188 1790 2219 contraria,

167 2253 218 2284 την
232 2247 279 2274 τοῦ
291 2247 370 2282 λόγου
385 2246 497 2281 δύναμιν
512 2246 549 2277 ὡς
567 2245 651 2280 μυρία
666 2243 754 2279 πλήθη
769 2243 895 2272 πέπεικε,
909 2242 950 2267 καὶ

1007 2243 1122 2278 injurias
1140 2243 1215 2269 illum
1246 2240 1480 2273 contumeliasque
1499 2237 1613 2268 tulisse,
1628 2239 1655 2262 et
1674 2235 1792 2268 denique

169 2294 207 2326 ὡς
230 2293 398 2329 συνέστησαν
425 2292 584 2327 μυρίανδροι
607 2290 765 2324 Ἑκκλησίαι
783 2289 849 2325 πρὸς
868 2288 956 2314 αὐτῶν

168 2339 281 2367 ἐκείνων
302 2338 355 2364 τῶν
378 2336 574 2363 εὐτελεστάτων
591 2335 637 2362 καὶ
652 2335 789 2370 ἀγροίκων
803 2334 848 2360 τοῦ
871 2332 957 2367 Ἰησοῦ

171 2384 312 2422 μαθητῶν,
334 2385 385 2410 οὐκ
408 2384 436 2409 ὲν
460 2382 566 2418 ἀδήλοις
582 2390 632 2408 που
657 2381 704 2408 καὶ
724 2380 839 2415 ἀφανέσι
854 2380 956 2412 τόποις,

170 2431 228 2458 ἀλλ’
240 2432 270 2458 ὲν
292 2432 353 2462 ταῖς
369 2429 485 2465 μάλιστα
499 2428 744 2464 διαπρεπεςτάταις
760 2426 867 2452 πόλεσιν
885 2425 957 2460 ἱδρυ-

170 2477 271 2508 θεῖσαι,
285 2476 328 2502 ἐπ’
343 2476 427 2510 αὐτῆς
442 2475 514 2508 λέγω
529 2475 575 2509 τῆς
597 2472 740 2508 Ῥωμαίων
756 2471 956 2507 βασιλευούσης,

171 2522 218 2550 ἐπί
233 2530 263 2548 τε
274 2522 324 2557 τῆς
346 2520 543 2555 ’Λλεξανόρὲων
567 2519 613 2545 καὶ
636 2517 802 2552 Ἀντιοχέων,
819 2516 878 2542 καθ’
895 2516 956 2550 ὅλης

170 2576 201 2595 τε
216 2567 268 2603 τῆς
278 2567 415 2601 Αἰγύπτου
428 2566 475 2592 καὶ
485 2565 596 2598 Λιϐύης,
609 2563 742 2599 Εὐρώπης
751 2571 780 2588 τε
791 2563 837 2588 καὶ
854 2561 956 2593 Ἄσίας,

171 2614 201 2642 εν
221 2622 252 2641 τε
268 2613 377 2648 κώμαις
395 2620 426 2638 τε
450 2612 496 2638 καὶ
516 2611 618 2646 χώραις
640 2610 686 2636 καὶ
707 2609 842 2639 παντοίοις
859 2607 957 2637 ἔθνεσι,

173 2659 253 2688 πάλιν
277 2659 307 2692 ἐξ
331 2659 454 2692 ἀνάγκης
480 2656 638 2691 ἀνατρέχειν
662 2653 822 2689 ἐκϐιάζομαι
844 2654 891 2679 ἐπὶ
910 2652 958 2687 τὴν

172 2705 319 2734 τοῦαῑτίηυ
339 2705 463 2740 ζήτησιν,
481 2703 528 2729 καὶ
550 2700 736 2736 συνομολογεῖν
756 2700 792 2735 μὴ
808 2699 894 2730 ἄλλως
910 2699 958 2725 αὐ-

172 2753 235 2784 τοὺς
257 2750 458 2787 κεκρατηκέναι
473 2748 520 2775 τοῦ
539 2747 710 2782 τολμήματος
731 2745 748 2780 ἢ
764 2745 888 2780 θειοτέρα
913 2745 959 2770 καὶ

174 2797 244 2833 ὑπὲρ
265 2795 410 2831 ἄνθρωπον
423 2794 535 2829 δυνάμει
552 2792 599 2818 καὶ
617 2791 745 2827 συνεργίᾳ
761 2790 808 2817 τοῦ
825 2791 959 2825 φήσαντος

176 2843 279 2875 αὐτοῖς·
299 2852 308 2868 ι
325 2840 522 2876 Μαθητεύσατε
536 2840 623 2865 πάντα
636 2837 670 2864 τὰ
686 2837 748 2872 ἓυνη
761 2838 789 2862 ἐν
801 2837 839 2871 τῷ
849 2835 959 2870 ὀνόματί

179 2899 235 2926 μου.
259 2900 269 2917 ›
290 2889 377 2916 ’ὶόῦτο
393 2888 415 2914 δ’
436 2885 482 2913 οὖν
498 2885 581 2912 εἰπὼν
602 2883 765 2918 ὲπισυνῆψεν
785 2882 958 2917 ἐπαγγελίαν,

1011 2289 1268 2325 probrosissimum.
1300 2291 1327 2313 et
1354 2286 1475 2312 omnium
1505 2284 1645 2311 hominum
1676 2282 1794 2309 scelera-

1010 2336 1124 2363 tissimis
1142 2334 1247 2368 injuugi
1266 2333 1376 2360 solitutn
1404 2331 1498 2357 crucis
1521 2329 1684 2364 supplicium
1702 2336 1708 2353 ε
1730 2327 1792 2361 quis

1009 2390 1063 2408 non
1089 2381 1185 2408 merito
1201 2380 1263 2406 illos
1280 2382 1309 2405 ut
1336 2377 1474 2404 contraria
1500 2376 1551 2403 sibi
1576 2375 1642 2409 ipsis
1671 2373 1794 2399 dicentes

1009 2425 1250 2458 delusisset?Quis
1273 2428 1362 2451 autem
1386 2430 1472 2456 usque
1490 2422 1556 2448 adeo
1577 2420 1669 2446 fatuus
1686 2418 1792 2449 fuisset,

1010 2476 1039 2498 ιιι
1056 2471 1136 2498 facile
1161 2471 1285 2497 crederet
1306 2469 1462 2495 dicantibus
1479 2471 1560 2501 atque
1584 2463 1792 2494 aﬂirmantibus,

1010 2517 1110 2543 vidisse
1125 2524 1154 2543 se
1167 2519 1228 2550 post
1244 2519 1359 2541 tnortcnt
1378 2514 1454 2540 illutn
1468 2521 1482 2539 a
1499 2511 1616 2538 mortuis
1638 2508 1752 2536 rediisse
1763 2516 1795 2535 ac

1010 2562 1152 2594 revixisse,
1166 2561 1212 2595 qui
1228 2567 1262 2586 ne
1280 2564 1344 2585 tunc
1355 2558 1464 2593 quidem
1477 2555 1621 2590 cum-apud
1634 2555 1709 2581 vivos
1723 2557 1796 2580 esset

1010 2608 1128 2642 seipsum
1144 2606 1226 2632 tutari
1243 2605 1376 2640 potuisset
1385 2605 1396 2630 ’ἶ
1409 2603 1489 2638 138
1501 2602 1568 2634 Quis
1580 2608 1644 2627 vero
1655 2598 1796 2634 imperitis

1011 2653 1074 2685 illis,
1091 2656 1172 2687 atque
1189 2651 1353 2686 ignobilibus
1379 2656 1499 2684 unquam
1528 2647 1665 2682 paruisset
1680 2644 1798 2672 dicenti-

1010 2700 1071 2731 bus,
1096 2701 1222 2733 oportere
1248 2697 1314 2724 deos
1343 2695 1452 2730 quidem
1479 2693 1583 2729 patrios
1610 2695 1795 2722 contemnere,

1009 2750 1037 2772 et
1052 2745 1196 2772 stultitiam
1208 2743 1342 2773 omnium,
1356 2742 1403 2777 qui
1417 2748 1536 2775 unquam
1554 2740 1588 2766 ab
1604 2738 1682 2765 initio
1699 2737 1795 2764 huma—

1012 2791 1038 2818 ni
1054 2790 1162 2826 generis
1184 2789 1309 2819 fuissent,
1327 2789 1457 2815 damnare
1477 2797 1483 2813 ι
1499 2786 1565 2813 solis
1583 2793 1647 2813 vero
1668 2783 1719 2811 sibi
1748 2790 1795 2817 pa-

1012 2844 1082 2868 rere,
1097 2838 1120 2861 et
1141 2835 1175 2862 iis
1192 2842 1253 2869 quae
1270 2833 1417 2860 crucilixus
1438 2831 1628 2866 praecepisset?
1640 2829 1713 2855 hunc
1723 2827 1796 2853 enim

1012 2888 1072 2908 esse
1105 2880 1190 2906 solius
1220 2877 1340 2913 supremi
1371 2877 1415 2904 Dei
1442 2877 1530 2905 solum
1559 2875 1687 2902 dilectum
1717 2878 1797 2906 atque

1575 2939 1586 2954 Ι
