2071 3219
283 95 335 123 iis

614 97 748 127 EUSEBll
764 98 1005 126 C.‘ESA“IENSIS
1023 98 1053 127 0|

1118 99 1208 127 PARS
1226 99 1260 126 ll.
1279 115 1315 120 —
1334 99 1584 128 APOLOGETlCA.

1855 101 1909 128 ειη

283 162 392 182 nnuum
411 153 519 182 Filium.
539 155 610 184 Sane
621 159 685 184 dum
698 165 748 192 ego
765 165 870 184 mecum
885 157 977 186 studio
995 158 1051 186 veri

1103 159 1153 190 ,Et'
1188 157 1221 195 ἧς
1247 159 1358 195 ἔμελλον
1387 159 1544 194 ἐπιοαρῤεἶν
1578 159 1624 185 καὶ
1652 157 1794 194 πμῠῦρως
1826 159 1908 186 ἐπιδι-

281 203 346 228 tatis
368 201 483 236 hujusce
507 202 544 229 rei
570 203 704 230 rationem
728 203 850 238 exploro,
866 203 968 230 nullam
988 204 1068 239 plane

280 247 309 274 in
326 254 358 274 ea
383 247 435 274 vim
460 248 495 275 ad
526 248 696 283 probandum
722 249 858 280 idoneam,
873 257 960 284 neque
984 257 1067 285 grave

279 293 428 328 quidquam
445 297 492 320 aut
509 293 561 320 fide
586 294 697 329 dignum
725 294 844 325 invenio,
863 301 894 322 ac
919 303 952 322 ne
968 295 1068 330 proba-

279 341 333 368 bile
350 340 460 376 quidem
483 349 571 376 usque
585 341 664 374 adeo,
684 346 715 368 nt
735 342 839 369 fatuum
857 342 952 369 saltem
968 349 1065 376 quem-

278 387 349 422 piam
375 387 414 414 illi
431 388 458 415 in
477 395 554 414 suam
576 387 738 416 sententiam
756 388 864 415 trahere
881 391 1003 423 possent.
1031 386 1065 413 At

279 440 386 464 rursus,
403 433 466 460 dum
482 432 516 461 ad
533 433 620 468 ipsius
635 434 709 461 verbi
727 434 875 469 potentiam
891 433 1019 468 respicio.
1035 437 1064 460 ut

278 478 525 506 innumerabilibus
540 479 679 506 hominum
692 479 873 507 conventibus
884 478 1062 514 persuaserit.

277 528 359 559 atque
382 529 410 551 ut
433 524 466 551 ab
480 525 548 559 ipsis
572 525 625 552 illis
645 525 850 560 ignobilissimis
869 529 896 552 ct
909 525 1063 560 agrestibus

275 570 338 598 Jesn
350 571 502 606 discipulis.
517 572 750 600 numerosissimm
767 571 895 599 Ecclesia
907 572 1063 599 constitutae

1123 204 1199 231 δόναι
1227 206 1296 238 σφᾶς
1314 206 1411 237 αὐτοὺς
1427 207 1482 236 τοῖς
1499 204 1741 239 παρηγγελμένοις.
1758 205 1827 239 Φησὶ
1841 205 1907 239 γοῦν

1120 251 1212 282 αὐτοῖς
1224 260 1230 265 ·
1251 261 1259 277 ι
1276 252 1332 278 Καὶ
1348 251 1402 278 ἰδοὺ
1416 252 1471 284 ἐγὼ
1489 252 1548 287 μεθ’
1572 251 1649 286 ὑμῶν
1665 252 1722 286 εἰμι
1746 252 1846 283 πάσας·
1857 252 1906 283 τὰς

1120 297 1227 332 ἡμέρας
1245 296 1299 329 ἕως
1311 297 1361 332 τῆς
1376 297 1529 329 συντελείας
1544 297 1590 323 τοῦ
1612 297 1719 329 αἰῶνος.
1738 307 1746 322 ι
1767 297 1846 324 Ἀλλὰ
1858 298 1905 324 καὶ

1119 341 1393 376 Πνεῦματος-αὺτοῐς
1420 341 1571 377 ἐμπνεῦσαι
1597 341 1708 375 λέγεται
1731 341 1813 373 θείου,
1838 342 1905 368 ἀλλὰ

1118 390 1166 416 καὶ
1188 389 1303 425 δύναμιν
1325 390 1416 421 αὐτοῖς
1440 389 1530 416 ἔνθεον
1553 389 1600 416 καὶ
1628 389 1839 425 παραδοξοποιδν
1855 398 1904 416 πε-

1117 435 1271 470 ποιηκέναι,
1280 435 1340 462 τοτὲ
1354 435 1403 470 μὲν
1416 435 1514 469 φήσας·
1529 444 1538 460 ι
1555 435 1658 462 Λάϐετε
1672 435 1783 471 Πνεῦμα
1795 435 1879 470 ἆγιοψ
1890 446 1899 461 ι

1117 481 1177 507 τοτὲ
1191 481 1219 508 δὲ
1236 480 1319 507 εἰπών
1330 489 1336 496 ·
1358 490 1367 506 ι
1393 480 1585 512 Ἀσθενοῦντας
1597 481 1772 516 Θεραπεύετε,
1788 481 1903 517 λεπροὺς

1117 526 1294 562 καθαρίζετε,
1317 526 1448 561 δαίμονας
1473 526 1627 552 ἐκϐάλλετε·
1651 526 1754 562 δωρεὰν
1780 525 1900 558 ἐλάϐετε,

1116 571 1220 605 δωρεὰν
1235 571 1305 597 δότε.
1325 581 1334 596 ι

275 617 340 648 sint,
358 625 410 644 non
425 618 450 644 in
464 618 624 652 quihusdam
640 618 739 653 ignotis
755 623 836 651 atque
860 618 986 645 obscuris
1000 618 1078 650 locis,
1099 617 1147 645 sed
1179 617 1205 643 in
1232 617 1394 644 clarissimis
1415 616 1571 645 civitatibus
1593 621 1700 648 ererla‘,
1722 618 1749 645 in
1771 618 1840 653 ipsa,
1857 618 1901 645 in-

275 670 368 698 quam,
393 663 507 690 aliarum
535 663 641 690 urbium
669 664 775 698 regina,
795 663 918 691 Romana
940 664 1017 695 urbe,
1036 663 1063 690 in
1084 663 1277 694 Alexandrina,
1313 662 1339 690 in
1365 663 1553 695 Antiochensi,
1579 671 1627 698 per
1649 667 1732 690 totam
1752 662 1899 699 [Egyptum

274 716 306 736 ac
323 707 445 744 Lyciam,
463 717 511 744 per
531 709 667 745 Europam
696 714 778 745 atque
799 711 902 742 Asiam,
934 711 960 737 in
993 710 1062 738 vicis
1076 713 1102 737 et
1122 709 1290 744 regionibus,
1307 709 1435 744 omnique
1458 709 1538 737 modo
1567 710 1648 738 variis
1662 709 1810 746 gentibus:
1827 715 1901 738 retro

273 764 358 792 cogor
380 760 544 785 necessitate
561 758 688 793 quadam,
710 757 742 784 ad
764 758 849 793 ipsius
875 758 914 785 rei
945 765 1056 785 causam
1077 757 1267 793 inquirendam
1285 764 1439 788 recurrere,
1476 756 1610 792 faterique
1645 765 1700 785 non
1723 758 1802 785 aliter
1824 758 1900 793 ipsos

273 803 381 832 facinus
397 809 451 832 tam
468 805 556 832 audax
588 806 750 836 obtinuisse,
770 814 850 840 quam
868 805 995 833 diviniori
1029 805 1146 840 quadam
1173 806 1306 840 longeque
1335 803 1481 831 humanam
1494 812 1639 840 superante
1653 805 1782 839 potentia,
1794 812 1899 840 opeque

273 857 354 887 atque
384 853 486 879 auxilio
515 851 600 884 illius,
631 852 677 887 qui
696 852 823 880 dixerat:
842 863 850 878 ι
871 852 969 880 Docele
985 860 1080 880 omnes
1099 856 1193 887 gentes
1222 852 1248 879 in
1265 852 1375 879 nomine
1391 859 1461 880 meo.
1481 861 1490 877 ι
1507 850 1645 886 Siquidem
1663 859 1724 877 cum
1742 851 1794 878 hoc
1812 852 1899 880 dixis-

273 903 324 930 set,
351 899 476 934 adjunxit
505 899 680 934 promissum,
707 906 761 934 quo
796 903 888 927 essent
918 899 1054 934 accepturi
1074 899 1281 930 conﬁdentiam,
1299 903 1326 925 et
1345 902 1469 933 prompte
1501 897 1628 925 tradituri
1650 898 1755 933 SPipSOS
1783 898 1818 926 iis
1836 906 1899 934 qua:

271 945 430 972 denuntiata
457 946 524 980 ipsis
550 946 678 979 fuerant;
700 945 769 972 dixit
799 945 882 980 igitur
908 945 941 972 ad
970 945 1053 972 illos:
1077 955 1086 971 ι
1108 944 1140 971 Et
1155 952 1219 972 ecce
1249 951 1298 979 ego
1331 944 1473 971 vobiscum
1491 951 1550 970 sum
1567 951 1662 970 omnes
1676 943 1744 975 dies.
1759 945 1893 980 usquead

271 992 534 1020 consummationem
553 992 688 1020 saeculi”.
723 1003 732 1018 ι
758 992 829 1025 Quin
848 993 930 1019 etiam
949 991 1055 1019 amasse
1074 991 1136 1018 illos
1165 991 1258 1018 divino
1274 990 1378 1025 Spiritu
1394 990 1504 1022 dicitur,
1540 998 1645 1018 necnon
1665 990 1785 1018 divinam
1801 999 1896 1026 quam-

269 1037 343 1069 dam,
359 1041 386 1064 et
411 1044 465 1072 qua
481 1044 525 1064 res
536 1037 710 1065 admirabiles
740 1037 886 1070 efﬁcerent,
906 1037 1053 1072 potentiam
1072 1037 1126 1063 illis
1143 1038 1328 1071 ingenerasse,
1347 1043 1419 1063 nunc
1434 1037 1544 1071 quidem
1560 1037 1626 1064 illud
1654 1037 1748 1065 dicens
1764 1047 1770 1064 :
1790 1047 1799 1063 ς
1816 1037 1895 1064 Acci-

270 1085 325 1119 pite
348 1083 479 1120 Spiritum
515 1090 639 1112 sanctum
666 1085 713 1116 ⁸⁸,
752 1094 762 1110 ι
795 1092 868 1112 nunc
895 1092 961 1112 vero
982 1085 1048 1111 illud
1081 1093 1088 1111 :

269 1131 370 1166 ejicite,
386 1131 471 1166 gratis
482 1131 638 1166 accepistis,
651 1131 736 1166 gratis
746 1131 808 1159 date
816 1131 850 1157 ⁸³.
867 1141 876 1157 ›

303 1177 387 1205 Vides
405 1177 488 1211 igitur
502 1178 558 1212 jam
583 1181 612 1204 tu
635 1185 754 1212 quoque,
774 1185 892 1213 quonam
912 1177 993 1204 modo
1009 1185 1055 1205 su-
1071 1178 1095 1207 Β

269 1223 403 1257 peraverit
422 1222 527 1248 illorum
538 1222 744 1257 ratiozqnando
760 1224 843 1250 etiam
858 1223 937 1253 liber,
951 1222 1057 1257 quiAc-

268 1268 411 1295 taillorum
427 1268 556 1299 continet,
566 1268 732 1297 conveniens
744 1268 786 1296 his
803 1272 829 1295 et
842 1272 1055 1295 consentaneum

269 1312 373 1348 profert
385 1312 591 1339 testimonium:
614 1313 658 1340 ubi
680 1313 730 1348 ipsi
744 1321 852 1348 quoque
871 1316 1056 1340 memorantur

268 1360 326 1394 ipsa
345 1368 436 1389 rerum
459 1358 660 1387 admirabilium
681 1359 824 1386 eflicientia
838 1379 846 1392 ,
866 1366 948 1394 quam
974 1359 1056 1386 bene-

267 1405 328 1433 ticio
368 1405 487 1434 nominis
503 1405 567 1443 Jesu
601 1406 780 1436 obtinebant,
814 1412 862 1433 eos
891 1405 936 1439 qui
970 1406 1055 1432 inter-

265 1455 344 1479 erant
388 1457 470 1486 atque
509 1451 671 1486 spectabant
712 1450 843 1478 attonitos
889 1449 1053 1478 reddidisse.

269 1497 348 1533 139
362 1497 482 1525 Primum
497 1498 569 1525 enim
592 1497 739 1525 verisimile
752 1501 804 1529 est,
828 1504 876 1525 eos
889 1497 935 1532 qui
958 1505 1054 1525 cerne—

266 1544 342 1575 bant,
360 1544 442 1571 rebus
460 1544 525 1579 ipsis
543 1548 570 1571 et
586 1543 665 1571 factis
683 1544 709 1570 in
725 1548 863 1578 stuporem
878 1543 912 1570 ab
926 1543 980 1571 illis
993 1551 1053 1571 esse

265 1595 424 1620 conversos,
450 1588 487 1615 ita
512 1587 610 1615 deinde
632 1588 742 1615 eosdem
758 1589 862 1616 alacres
880 1592 1052 1623 comparatos

264 1634 298 1661 ad
312 1634 545 1670 interrogandum,
557 1634 684 1669 quisnam
700 1634 745 1662 ille
759 1638 844 1666 esset,
860 1634 938 1668 cujus
953 1634 1052 1661 virtute

263 1685 290 1708 et
308 1681 416 1709 nomine
439 1681 601 1709 miraculum
617 1681 742 1709 effectura
766 1685 847 1708 esset.
877 1681 979 1708 Deinde
1003 1681 1051 1708 du-

263 1729 350 1756 cendo
372 1729 453 1756 iidem
479 1728 514 1755 ab
551 1727 646 1756 iisdem
674 1727 946 1763 deprehendebantur
981 1727 1049 1760 ﬁde,

262 1775 384 1808 ipsorum
410 1774 562 1802 doctrinam
587 1775 767 1802 antevenisse.
789 1773 848 1801 Non
870 1773 943 1800 enim
960 1773 1051 1801 verbis

262 1820 398 1855 persuasi,
416 1821 464 1848 sed
482 1820 564 1848 rebus
578 1825 605 1848 et
621 1820 700 1848 factis
724 1820 864 1855 praeventi,
882 1819 914 1846 ad
931 1819 958 1845 id
976 1820 1049 1855 quod

1112 1093 1121 1108 ί
1142 1083 1266 1111 lnl'irmos
1293 1088 1398 1116 curate,
1431 1084 1554 1119 leprosos
1587 1084 1733 1117 mund-ate,
1757 1085 1896 1113 daanonas

1145 1175 1264 1210 Συνορᾷς
1282 1174 1425 1211 τοιγαροῦν
1451 1175 1498 1202 καὶ
1512 1175 1592 1207 αὐτὸς
1606 1176 1680 1208 ὅπως
1696 1177 1864 1212 κεκράτηκεν
1880 1179 1895 1204 ὁ

1108 1223 1141 1249 δι’
1154 1222 1243 1248 αὐτῶν
1255 1221 1333 1255 λόγος
1343 1230 1349 1235 ·
1366 1222 1427 1248 ἐπεὶ
1441 1222 1488 1248 καὶ
1507 1222 1595 1248 αὐτῶν
1611 1223 1626 1257 ἡ
1644 1222 1734 1257 βίϐλος
1749 1223 1802 1250 τῶν
1821 1225 1895 1260 Πρά-

1107 1267 1175 1301 ξεων
1189 1267 1292 1303 συνῳδὰ
1313 1267 1417 1299 τούτοις
1439 1267 1486 1294 καὶ
1507 1267 1639 1303 σύμφωνα
1661 1271 1812 1304 μαρτυρεῖ·
1830 1270 1894 1297 ἔνθα

1108 1312 1276 1347 ἱστοροῦνται
1298 1312 1345 1338 καὶ
1361 1313 1438 1338 αὐτοὶ
1459 1314 1491 1348 τῇ
1507 1313 1561 1339 τῶν
1583 1313 1742 1349 παραδόξων
1768 1316 1895 1351 ἐνεργείᾳ

1105 1357 1139 1383 δι’
1164 1357 1294 1392 ὀνόματος
1309 1358 1356 1384 τοῦ
1386 1358 1473 1393 Ἰησοῦ
1496 1359 1564 1394 πρὸς
1587 1359 1676 1385 αὐτῶν
1697 1359 1894 1398 ἐπιτελουμένῃ

1105 1403 1167 1434 τοὺς
1207 1403 1347 1437 παρόντας
1383 1404 1430 1429 καὶ
1468 1403 1530 1435 τοὺς
1566 1403 1718 1439 Οεωμένους
1747 1404 1891 1440 ἐκπλῆξαι.

1111 1447 1286 1484 Ὲξέπληττον
1314 1448 1378 1484 γὰρ,
1410 1449 1447 1481 ὡς
1471 1449 1554 1481 εἰκὸς,
1581 1450 1625 1477 διὰ
1643 1450 1698 1476 τῶν
1719 1450 1806 1486 ἔργων
1828 1451 1892 1483 τοὺς

1105 1493 1256 1529 θεωμένους
1288 1495 1436 1530 πρότερον·
1461 1493 1510 1522 εἷθ’
1525 1495 1611 1528 οὕτως
1640 1496 1796 1532 προθύμους
1818 1494 1892 1532 εἶχον

1104 1540 1202 1571 αὐτοὺς
1228 1541 1274 1567 ἐπὶ
1289 1541 1319 1567 τὸ
1332 1541 1529 1575 φιλοπευστεῖν,
1544 1542 1586 1573 τίς
1605 1543 1663 1569 ποτ’
1674 1541 1707 1578 ἦν
1726 1540 1802 1574 οὗτος
1810 1540 1840 1570 οὗ
1855 1545 1890 1579 τῇ

1103 1586 1215 1622 δυνάμει
1235 1587 1281 1613 καὶ
1297 1587 1468 1623 προσηγορίᾳ
1483 1587 1513 1614 τὸ
1531 1587 1622 1623 θαῦμα
1637 1588 1757 1622 γέγονεν.
1773 1586 1839 1615 Εἶτα
1849 1589 1890 1615 δ..-

1102 1633 1245 1664 δάσκοντες
1271 1633 1400 1669 ηὕρισκον
1428 1635 1459 1670 τῇ
1483 1634 1573 1661 πίστει
1591 1634 1741 1669 φῦάνοντας
1757 1635 1805 1671 τὴν
1823 1634 1890 1672 παρ’

1101 1679 1191 1705 αὐτῶν
1211 1678 1394 1706 διδασκαλίαν.
1416 1680 1452 1705 υὺ
1475 1679 1530 1715 γὰρ
1543 1681 1599 1711 τοῖς
1613 1679 1701 1714 λόγοις
1721 1680 1887 1714 πεισθέντες,

1101 1725 1169 1751 ἀλλὰ
1176 1727 1231 1757 τοῖς
1242 1724 1332 1761 ἔργοις
1350 1725 1648 1761 προσκαταληφθὲντες,
1666 1726 1754 1762 ῥᾴδιον
1764 1726 1887 1753 ἐποιοῦν-

1100 1780 1130 1798 το
1161 1771 1210 1806 τὴν
1228 1772 1256 1797 ὲν
1273 1773 1329 1803 τοῖς
1353 1771 1441 1806 λόγοις
1457 1771 1585 1808 διάθεσιν.
1602 1772 1735 1806 Λέγονται
1754 1772 1819 1807 γοῦν
1835 1773 1888 1808 ἤδη

1099 1817 1170 1849 τινὲς
1195 1817 1340 1852 βουθυσίας
1365 1818 1412 1844 καὶ
1437 1803 1551 1850 σπονδέις
1572 1819 1610 1851 ὡς
1626 1819 1658 1846 ἂν
1675 1819 1726 1854 ἤδη
1743 1819 1813 1851 050E;
1827 1817 1886 1846 οῦσι

261 1865 352 1892 verbis
370 1865 437 1900 ipsis
454 1866 633 1893 obtinendum
649 1870 717 1897 erat,
741 1865 834 1893 faciles
850 1864 1048 1900 comparaban-

1103 1866 1154 1896 τοῖς
1165 1865 1211 1891 τοῦ
1231 1865 1318 1900 Ἰησοῦ
1333 1866 1566 1902 προσαγηοχέναιι
1585 1867 1632 1893 καὶ
1649 1866 1709 1893 τινὰ
1731 1866 1780 1902 μὲν
1796 1865 1886 1892 αὐτῶν

263 1915 317 1937 tur.
326 1910 385 1937 Jam
395 1910 497 1938 idcirco
506 1911 637 1938 dicuntur
652 1911 792 1938 nonnullis
806 1911 873 1945 ipsis
890 1910 954 1939 Jesu
967 1910 1048 1939 disci-

262 1956 333 1991 pulis
350 1961 478 1992 tanquam
493 1956 526 1984 iis
538 1957 584 1991 qui
602 1957 639 1984 dii
654 1960 747 1984 essent
759 1957 884 1984 victimas
900 1961 927 1985 et
939 1957 1048 1985 libatio-

262 2010 310 2030 nes
325 2003 468 2035 obtulisse,
488 2007 514 2030 et
529 2004 611 2030 alium
628 2003 737 2038 quidem
752 2010 784 2030 ex
801 2003 855 2030 illis
872 2002 1046 2033 Mercurium,

261 2050 344 2076 alium
361 2057 425 2077 vero
438 2048 531 2076 Jovem
549 2049 733 2079 existimasse,
751 2057 838 2084 usque
860 2050 926 2077 adeo
938 2050 1046 2077 illorum

260 2099 366 2123 mentes
381 2099 493 2130 stupore
508 2095 636 2123 affecerat
655 2095 713 2130 ipsa
729 2095 922 2122 miraculorum
937 2096 1048 2123 eviden-

261 2143 297 2168 tia
309 2150 316 2174 ;
335 2149 366 2169 ac
375 2142 500 2176 protinus
516 2142 552 2168 ita
562 2141 666 2169 affectis
682 2141 864 2174 auditoribus,
878 2150 1047 2177 quacunque

259 2189 297 2216 illi
320 2188 354 2216 de
370 2187 434 2215 Jcsn
452 2188 614 2215 nuntiabant
637 2188 735 2215 merito
753 2196 817 2216 vera
847 2197 909 2216 esse
931 2190 1046 2223 posthac

257 2234 459 2267 censebantur;
474 2233 601 2268 illiusque
618 2237 680 2268 post
695 2238 808 2261 mortem
825 2234 942 2261 reditum
960 2234 986 2260 in
1005 2234 1045 2261 vi-

256 2285 332 2313 tam,
365 2288 419 2307 non
446 2280 616 2314 simplicibus
639 2283 720 2314 atque
753 2280 1044 2308 indemonstrabilibus

257 2327 349 2354 verbis
365 2326 593 2358 testificabantnr,
611 2327 658 2354 sed
676 2328 733 2361 ipsa
748 2325 883 2353 factorum
908 2327 1044 2354 evidentia

257 2373 486 2408 comprobabant;
499 2373 600 2407 quippe
613 2380 674 2400 cum
690 2373 806 2400 viventis
822 2373 895 2399 illius
914 2373 984 2400 facta
997 2373 1044 2400 dc-

256 2423 449 2446 monstrarem.
463 2418 541 2452 Quod
557 2419 579 2446 si
596 2422 623 2446 et
642 2418 726 2445 Deum
743 2418 829 2449 illum,
846 2422 872 2445 et
886 2417 930 2445 Dei
946 2417 1042 2445 Filium

255 2468 319 2492 ante
343 2472 486 2492 ascensum
503 2465 529 2491 in
546 2465 646 2491 cazlum
671 2464 814 2498 degentem
837 2463 909 2498 apud
936 2463 1042 2491 Patrem

255 2511 438 2543 nuntiassent,
452 2517 502 2537 cur
519 2519 572 2537 non
594 2511 657 2537 huic
680 2511 796 2538 orationi
813 2510 922 2538 facilius
937 2511 1042 2538 assensi

255 2560 357 2586 essent,
375 2557 422 2591 qui
442 2558 503 2591 ejus
524 2557 562 2584 rei
584 2557 772 2588 contrarium,
792 2561 850 2583 tum
872 2556 1042 2589 incredibile,

255 2605 312 2627 tum
327 2606 424 2636 praeter
447 2607 574 2630 naturam
590 2603 687 2630 merito
701 2603 911 2634 arbitrarentur,
930 2603 1043 2638 ipsaque

254 2647 360 2674 ratione
377 2648 543 2683 colligerent,
558 2657 612 2676 non
625 2657 706 2684 posse
723 2648 811 2683 putari
825 2649 949 2676 mortalis
961 2652 1042 2676 natu-

254 2700 292 2719 ra:
308 2693 353 2719 illa
371 2701 452 2728 opera
477 2702 538 2721 esse
552 2703 612 2729 qum
639 2696 747 2726 ﬁebant,
775 2694 823 2722 sed
847 2693 893 2721 Dei
915 2694 1042 2729 alicujus.

255 2739 336 2765 etiam
352 2739 374 2766 si
390 2747 468 2766 nemo
480 2740 601 2767 diceret?
614 2740 670 2769 lloe
683 2741 764 2776 igitur
775 2745 844 2771 erat,
860 2748 948 2776 neque
963 2740 1043 2775 quid-

770 2819 791 2834 ”
810 2818 902 2846 Matth.
923 2827 949 2852 x,
967 2818 992 2846 8.

289 2818 310 2833 “
327 2816 393 2845 Ibid.
407 2818 452 2844 ‘20.
491 2819 512 2834 ⁸⁸
529 2817 608 2846 .loan.
623 2827 669 2851 vx,
686 2818 730 2845 ‘22.

1100 1909 1146 1936 τὸν
1166 1909 1269 1946 Ἑρμῆν
1285 1909 1366 1944 εἶναι,
1387 1912 1448 1938 τινὰ
1465 1911 1491 1938 δὲ
1508 1912 1552 1938 τὸν
1569 1912 1618 1938 Δία
1635 1910 1818 1946 νενομικέναι·
1843 1919 1887 1937 το-

1101 1954 1195 1982 σοῦτον
1205 1955 1293 1982 αὐτῶν
1307 1956 1356 1989 τὰς
1369 1957 1486 1988 διανοίας
1500 1956 1660 1992 ἐξέπληττεν
1672 1957 1688 1992 ἡ
1699 1956 1752 1982 τῶν
1767 1956 1887 1991 παραδό-

1100 2002 1152 2034 ξων
1167 2003 1254 2038 ἔργων
1267 2003 1404 2036 ἐπίδειξις.
1422 2005 1475 2030 Καὶ
1488 2004 1519 2039 δὴ
1530 2003 1601 2030 οὕτω
1613 2002 1794 2038 διακειμένοις
1806 2000 1885 2028 πάνυ*

1098 2048 1148 2074 ὅσα
1165 2050 1229 2084 περὶ
1246 2050 1292 2076 τοῦ
1312 2050 1398 2086 Ἰησοῦ
1415 2050 1607 2086 κατήγγελλον,
1632 2049 1680 2085 ἤδη
1705 2048 1797 2075 λοιπὸν
1818 2048 1886 2084 ἀλη-

1099 2094 1187 2121 θεύειν
1204 2095 1319 2130 εὐλόγως
1334 2096 1506 2131 ὲνομζζοντο¹
1523 2096 1570 2122 καὶ
1585 2097 1617 2130 τῇ
1633 2094 1703 2122 κατὰ
1717 2095 1763 2122 τὸν
1772 2094 1885 2121 θάνατον

1099 2139 1244 2167 ἀναόιὼσει
1258 2140 1340 2168 αὐτοῦ
1357 2142 1405 2176 οὐχ
1415 2141 1509 2172 ἁπλοῖς
1519 2141 1572 2167 οὐδ’
1585 2140 1786 2172 ἀναποδείκτοις
1798 2140 1886 2176 ἐμαρ-

1097 2187 1194 2223 τύρουν
1209 2187 1307 2221 λόγοις,
1325 2187 1357 2213 δι’
1367 2188 1450 2222 αὐτῆς
1463 2187 1484 2213 δ’
1501 2187 1639 2223 ἐνεργείας
1652 2187 1768 2218 ἔπειθον,
1784 2185 1885 2218 ζῶντος

1098 2233 1165 2269 ἔργα
1183 2233 1377 2269 παριστῶντες.
1396 2233 1426 2259 Εἰ
1448 2233 1476 2259 δὲ
1495 2234 1543 2259 καὶ
1561 2233 1626 2259 Θεὸν
1647 2233 1727 2259 αὑτὸν
1746 2232 1792 2259 καὶ
1814 2231 1883 2258 Θεοῦ

1097 2280 1181 2306 Παῖόα
1198 2279 1251 2315 πρὸ
1264 2280 1311 2315 τῆς
1327 2281 1365 2311 εἰς
1383 2279 1540 2315 ἀνθρώπους
1555 2279 1668 2314 ὲφῐξεως
1683 2279 1760 2314 παρὰ
1774 2278 1813 2314 τῷ
1827 2279 1884 2304 [Ια-

1095 2326 1140 2361 τρὶ
1163 2325 1327 2360 τυγχάνοντα
1343 2325 1533 2361 κατήγγελλον,
1551 2326 1598 2352 καὶ
1617 2325 1702 2360 τούτῳ
1715 2325 1773 2357 πῶς
1785 2325 1834 2352 οὐκ
1850 2325 1882 2352 ἂν

1096 2371 1260 2407 προσέθεντο
1285 2371 1394 2407 μᾶλλον,
1419 2372 1450 2398 τὸ
1472 2372 1591 2398 ἐναντίον
1614 2371 1728 2399 ἄπιστον
1751 2370 1820 2398 εἶναι
1834 2372 1881 2398 καὶ

1097 2418 1224 2445 ἀδύνατον
1250 2417 1395 2453 ἡγούμενοι
1414 2418 1534 2449 εἰκότως,
1557 2418 1728 2453 λογισάμενοι
1753 2417 1790 2453 μὴ
1802 2417 1882 2444 δύνα-

1097 2464 1159 2490 σθαι
1175 2458 1273 2499 θνητῆς
1285 2464 1353 2499 ἔργα
1368 2463 1474 2497 φύσεως
1486 2461 1556 2490 εἶναι
1567 2464 1685 2498 νομίζειν
1701 2464 1735 2490 τὰ
1744 2463 1881 2499 δρώμενα,

1095 2510 1163 2537 ἀλλὰ
1179 2509 1257 2541 Θεοῦ,
1272 2509 1323 2536 κᾶν
1341 2509 1379 2544 μὴ
1395 2509 1461 2544 λέγῃ
1476 2516 1535 2541 τις;
1558 2508 1635 2534 Τοῦτ’
1652 2506 1685 2544 ἦν
1700 2509 1754 2544 ἄρα
1773 2509 1820 2535 καὶ
1834 2508 1882 2534 οὺ-

1095 2556 1139 2583 sev
1151 2556 1213 2583 ἄλλο
1225 2556 1255 2582 τὸ
1271 2555 1386 2590 ζητηοὲν
1397 2555 1463 2581 αὐτὸ
1472 2555 1571 2587 ἐκεῖνο,
1584 2555 1664 2590 ὁποία
1679 2554 1791 2590 δυνάμει
1802 2563 1881 2590 περι-

1095 2602 1222 2637 γεγόνασι
1241 2601 1294 2627 τῶν
1314 2600 1343 2626 ὲν
1359 2601 1456 2636 ἀρχαῖς
1473 2601 1655 2636 ἀκροωμένων
1675 2600 1700 2627 οἱ
1723 2600 1770 2626 τοῦ
1793 2600 1880 2635 Ἰησοῦ

1095 2649 1224 2684 μαθηταὶ,
1248 2648 1295 2674 καὶ
1317 2649 1390 2680 ὅπως
1406 2647 1538 2682 ’Έλληνας
1558 2646 1626 2682 ὁμοῦ
1651 2647 1697 2673 καὶ
1724 2646 1878 2682 βαρϐάρους

1093 2693 1131 2725 ὡς
1140 2690 1203 2726 περὶ
1213 2690 1299 2725 Λόγου
1310 2693 1376 2719 Θεοῦ
1386 2694 1450 2729 περι
1462 2691 1544 2719 αὐτοῦ
1558 2693 1663 2727 φρονεῖν
1676 2691 1796 2723 ἔπεισαν,
1805 2691 1879 2722 ὅπως

1094 2748 1123 2766 τε
1144 2739 1172 2765 ἐν
1191 2739 1285 2774 μέσαις
1301 2740 1359 2770 ταῖς
1377 2738 1467 2765 πόλεσι
1494 2738 1540 2765 καὶ
1556 2737 1608 2764 ἀνὰ
1626 2737 1675 2769 τὰς
1690 2736 1781 2773 χώρας
1801 2736 1880 2763 εὐσεσ
