2071 3219
155 144 210 171 2ιό

619 142 944 170 DEMONSTRATlONlS
963 142 1193 170 ΕἾΛΝΟΕΗΕΑΞ
1212 142 1265 169 ΗΒ
1286 142 1316 168 lH

1739 142 1804 187 256,

158 200 234 232 ὃείας
251 201 310 233 ὲνδς
328 201 378 229 τοῦ
396 202 440 228 ἐπὶ
454 202 558 228 πάντων
572 200 639 227 Θεοῦ
668 201 864 236 συνεστήσαντο
878 200 945 226 διδα-

1002 209 1082 236 quam
1104 201 1189 232 aliud,
1207 200 1296 235 ipsum
1319 199 1410 234 utique
1425 199 1490 226 illud
1513 198 1586 234 quod
1607 201 1791 234 quur-rebatur,

161 247 283 274 σκαλεῖα.

1002 254 1119 282 quanam
1142 247 1167 274 vi
1190 245 1317 280 discipuli
1339 245 1415 278 Jesu,
1432 252 1526 272 eorum
1542 245 1588 280 qui
1603 245 1637 272 ab
1649 245 1726 272 initio
1742 254 1792 274 au-

160 294 271 322 diebant
288 294 408 322 victores
429 294 538 326 fuerint,
555 299 582 322 et
598 293 734 330 quomodo
758 297 813 320 tam
832 293 943 320 Grmcos
962 300 1043 328 quam
1058 293 1200 326 barbaros,
1218 296 1248 319 ut
1272 292 1307 320 de
1321 292 1367 319 illo
1382 297 1511 327 tanquam
1537 291 1570 318 dc
1581 291 1635 319 Deo
1659 292 1792 319 sentirent

159 342 341 375 adduxerim.
364 348 391 371 et
408 344 542 378 quomodo
559 343 586 370 in
610 343 706 370 mediis
725 340 839 369 urbibus
855 347 886 367 ac
901 347 949 374 per
967 347 1063 367 omnes
1078 340 1214 374 regiones,
1227 340 1366 375 religionis
1379 348 1432 375 qua
1461 349 1532 368 unus
1553 348 1697 376 supremus
1719 339 1792 366 Deus

159 388 269 420 colitur,
288 389 396 417 scholas
421 393 501 424 atque
518 389 653 416 auditoria
675 386 878 415 Constituerint.

196 435 293 461 Καίτοι
307 435 349 466 τίς
363 435 413 461 οὐκ
427 434 460 461 ἂν
472 434 629 470 θαυμάσειε,
647 434 715 470 πρὸς
731 433 818 468 ἑαυτῷ
829 433 948 466 ἐπιλογι-

160 481 279 517 σάμενος
305 480 353 508 καὶ
369 481 540 516 ἐνθυμηθεὶς,
562 481 599 513 ὼς
623 482 671 508 οὑκ
685 480 855 516 ἀνθρώπινον
870 477 904 515 ἦν
918 478 949 504 τὸ

162 528 225 563 μηδ’
240 527 332 554 ἄλλοτε
357 527 409 554 ὑπὸ
435 527 499 562 μίαν
522 526 572 562 τὴν
603 526 744 562 Ῥωμαίων
769 524 893 559 γενέσθαι
914 523 950 550 τὰ.

161 573 275 600 πλεῖστα
287 573 336 608 τῆς
349 573 510 609 οἰκουμένης
523 573 597 608 ἔθνη,
620 573 677 600 ἀλλ’
692 572 745 599 ἀπὸ
762 571 816 598 τῶν
832 571 879 598 τοῦ
898 571 949 606 Ἰη-

160 619 209 646 σοῦ
229 619 348 655 χρόνων;
366 618 440 654 ’Ἅμα
457 618 511 654 γὰρ
524 620 557 654 τῇ
573 619 613 650 είς
625 617 783 654 ἀνθρώπους
796 616 878 643 αὑτοῦ
898 624 951 643 πα-

159 664 264 700 ραδόξῳ
278 664 408 700 ἐπιδημίᾳ
426 665 472 691 καὶ
483 664 517 690 τὰ
535 664 678 700 Ῥωμαίων
695 663 818 699 ἀκμάσαι
835 662 947 697 συνηνέ-

158 709 223 746 χθη,
243 710 302 736 τότε
329 710 436 746 πρῶτον
456 710 610 744 Αὐγούστου
631 709 686 736 τῶν
710 710 842 736 πλείστων
863 708 946 735 ἐθνῶν

159 756 392 792 μοναρχήσαντος,
421 756 482 783 καθ’
502 756 542 788 ὃν,
569 757 747 792 Κλεοπάτρας
776 755 902 791 ἀλούσης,
928 756 945 790 ἡ

157 801 219 827 κατ’
236 801 371 836 Αἴγυπτον
391 801 445 828 τῶν
461 802 636 838 Πτολεμαίων
656 802 764 837 διαδοχὴ
781 802 874 828 λέλυτο
885 810 891 816 ·
916 801 946 834 ἐξ

156 848 263 875 ἐκείνου
286 857 314 874 τε
337 849 384 874 καὶ
398 849 438 880 εἰς
452 848 532 884 δεῦρο
547 849 578 875 τὺ
589 849 636 875 ἀπ’
649 848 757 880 αἰῶνος,
774 849 819 875 καὶ
835 849 881 875 ἀπ’
896 849 945 875 αὒ-

1035 428 1181 461 Caeterum,
1198 429 1261 464 quis
1281 437 1335 457 non
1351 430 1539 465 Obstupescat,
1553 438 1645 458 secum
1666 431 1793 467 cogitans

1001 479 1082 511 atque
1106 476 1198 503 animo
1218 483 1340 507 versans,
1366 484 1420 502 non
1448 476 1596 503 humanum
1624 477 1675 504 hoc
1705 478 1791 506 fuisse

1000 530 1080 558 opus,
1095 523 1137 550 vel
1150 530 1183 549 ex
1196 530 1229 549 eo
1243 522 1315 557 quod
1325 530 1462 557 nunquam
1475 523 1543 550 alias
1557 523 1609 550 sub
1622 531 1676 550 uno
1693 523 1791 551 Roma-

1001 559 1098 596 norum
1124 568 1238 603 imperio
1259 568 1382 602 plurimae
1404 569 1478 596 orbis
1503 573 1596 603 gentes
1613 577 1674 597 esse
1691 574 1788 604 potue-

1000 618 1075 647 runt,
1093 614 1145 642 nisi
1163 613 1314 641 secundum
1335 613 1399 642 Jcsu
1416 615 1559 649 tempora?
1575 615 1642 642 Nam
1660 616 1741 643 simul
1756 623 1789 643 ac

998 661 1043 688 ille
1057 660 1256 688 admirabiliter
1269 662 1302 688 ad
1322 660 1446 688 homines
1464 662 1547 694 venit,
1560 667 1641 697 atque
1655 663 1726 689 inter
1739 662 1788 691 ho-

998 708 1085 736 mines
1100 712 1224 736 versatns
1236 713 1288 741 est,
1301 708 1382 736 etiam
1400 717 1443 736 res
1456 709 1592 737 Romanas
1603 709 1637 736 ad
1649 717 1787 736 summum

997 754 1156 789 pervenisse
1181 755 1306 790 contigit,
1325 762 1379 789 quo
1395 755 1511 789 primunt
1526 760 1647 789 tempore
1663 755 1788 782 videlicet

997 801 1148 835 Augustus,
1163 801 1343 835 plurimarum
1360 802 1481 835 gentium
1496 800 1624 829 dominus
1640 801 1736 829 evasit.
1758 801 1786 828 ld

996 854 1060 874 vero
1072 846 1121 873 fuit
1143 854 1206 873 cum
1223 851 1249 874 et
1264 846 1407 881 Cleopatra
1423 852 1501 882 capta
1515 850 1568 878 cst,
1582 852 1608 874 et
1623 846 1786 874 Ptolemaeo-

157 891 219 927 τῆς,
233 891 270 923 ὡς
282 893 378 924 είπεῖν,
389 892 438 928 τῆς
450 892 561 929 πρώτης
573 893 744 929 ἀνθρωπείας
755 893 854 920 συστὰν
864 893 945 928 Λιγύ-

998 902 1057 920 rum
1068 894 1244 921 successioin
1261 893 1378 929 [Egypto
1394 893 1538 924 dissoluta,
1556 898 1638 928 atque
1648 901 1681 920 ex
1700 893 1746 920 illo
1759 894 1786 920 in

155 947 226 965 πτου
241 938 373 973 βασίλειον
395 939 533 975 καθῄρητο
545 948 551 954 ·
571 939 601 971 ἐξ
614 939 717 966 ἐκείνου
732 948 761 965 τε
779 940 825 966 καὶ
838 939 868 966 τὸ
886 940 947 965 Ὶου-

154 984 240 1011 δαίων
264 984 338 1016 ἔθνος
359 985 501 1020 Ῥωμαίων
516 985 608 1012 δοῦλον
623 985 727 1020 γέγονε,
745 986 790 1012 καὶ
807 985 838 1011 τὸ
855 985 946 1021 Σύρων

154 1031 297 1063 ὡσαύτως,
309 1031 500 1058 Καππαδόκων
509 1040 538 1057 τε
555 1027 605 1058 καί
617 1032 789 1063 Μακεδόνων,
805 1032 851 1057 καὶ
867 1031 946 1058 Βιθυ-

156 1077 223 1108 νῶν,
237 1077 285 1103 καὶ
308 1077 450 1113 Ἑλλήνων,
467 1078 513 1104 καὶ
526 1078 661 1104 συνελόντι
678 1078 759 1112 φάναι
776 1077 830 1103 τῶν
846 1078 946 1105 λοιπῶν

154 1123 211 1150 τῶν
224 1123 277 1150 ὑπὸ
289 1123 339 1160 τὴν
357 1124 499 1159 Ῥωμαίων
514 1124 600 1160 ἀρχὴν
617 1124 752 1151 ἁπάντων.
772 1124 856 1150 Τοῦτο
868 1124 895 1150 δὲ
906 1125 946 1150 ὃτι

156 1169 196 1206 μὴ
213 1170 287 1197 ἀθεεὶ
300 1172 333 1206 τῇ
349 1171 412 1206 περὶ
429 1170 475 1197 τοῦ
491 1171 617 1207 Σωτῆρος
629 1170 706 1206 ἡμῶν
718 1170 876 1206 διδασκαλίᾳ
890 1178 952 1196 συν-

155 1214 292 1250 εισῆλθεν,
309 1216 351 1247 τίς
369 1215 418 1242 οὐκ
434 1215 467 1241 ἂν
480 1215 667 1251 ὁμολογήσειε,
685 1215 845 1249 διανοηθεὶς,
861 1215 898 1247 ὡς
915 1223 944 1241 ου

155 1263 248 1298 ῥᾴδιον
261 1260 296 1298 ἦν
306 1264 362 1294 τοῖς
379 1261 511 1297 μαθηταῖς
525 1261 607 1287 αὑτοῦ
624 1261 736 1297 πορείαν
753 1261 799 1288 ἐπὶ
812 1261 861 1296 τῆς
874 1260 946 1287 ἀλλο-

154 1308 244 1343 δατῆς
276 1308 449 1340 στείλασθαι,
481 1306 631 1334 διεστώτων
664 1307 732 1342 πρὸς
763 1307 865 1342 ἄλληλα
892 1307 945 1333 τῶν

154 1354 250 1387 ἐθνῶν,
273 1355 319 1381 καὶ
336 1354 470 1390 μηδεμιᾶς
493 1354 576 1389 οὔσης
596 1355 624 1380 ἑν
641 1354 730 1385 αὐτοῖς
747 1352 886 1388 ἐπιμιξίας
902 1352 945 1378 διὰ

153 1400 205 1432 τὰς
228 1399 329 1432 πολλὰς
350 1399 511 1435 ἐθναρχίας·
530 1397 567 1426 ὧν
590 1400 812 1436 περιῃρημένων,
837 1398 946 1433 ἀφόϐως

153 1447 205 1482 ήδη
220 1447 267 1474 καὶ
276 1447 320 1474 ἐπ’
335 1447 427 1478 ἁδείας
442 1447 472 1474 τὸ
486 1447 663 1482 προκείμενον
672 1447 761 1482 ἤνυον,
774 1447 823 1482 τὴν
834 1447 944 1481 πορείαν

154 1494 248 1525 αὐτοῖς
264 1492 544 1529 προεξευμαρίσαντος
559 1492 605 1519 τοῦ
620 1493 666 1519 ἐπὶ
682 1493 790 1519 πάντων
805 1492 883 1525 Θεοῦ,
898 1493 945 1520 καὶ

152 1539 220 1572 τοὺς
247 1539 348 1575 θυμοὺς
377 1539 432 1566 τῶν
456 1539 527 1566 κατὰ
544 1539 634 1570 πόλεις
652 1539 854 1575 δεισιδαιμόνων
869 1540 944 1575 φόϐῳ

152 1585 205 1620 τῆς
235 1585 357 1620 μείζονος
384 1586 470 1621 αρχῆς
486 1584 728 1618 καταστείλαντος;
746 1586 858 1619 Λόγισαι
879 1585 944 1621 γὰρ,

152 1631 202 1662 ὡς,
220 1632 244 1658 εἰ
271 1631 354 1668 μηδὲν
374 1632 404 1658 τὸ
419 1632 522 1660 κωλῦον
542 1630 576 1668 ἦν
596 1633 659 1665 τοὺς
679 1632 742 1668 περὶ
754 1633 803 1667 τὴν
818 1632 945 1658 πολύθεον

153 1677 259 1712 πλάνην
282 1677 467 1713 ἐπτοημένους
490 1679 523 1713 τῇ
551 1677 598 1704 τοῦ
620 1678 738 1714 Χριστοῦ
763 1678 889 1713 πολεμεῖν
907 1677 945 1704 δι-

153 1724 297 1760 δασκαλίᾳ,
327 1724 410 1751 πάλαι
431 1725 463 1751 ἂν
486 1725 574 1761 ἐώρας
600 1726 671 1752 κατὰ
697 1726 860 1759 πόλεις,χαὶ
875 1726 945 1753 κατὰ

154 1771 257 1806 ἀγροὺς
266 1771 416 1806 ἐμφυλίους
427 1771 545 1803 στάσεις,
561 1771 696 1807 διωγμούς
706 1781 735 1798 τε
752 1772 798 1798 καὶ
812 1772 945 1807 πολέμους

152 1817 183 1842 οὔ
198 1817 262 1848 τοὺς
271 1817 464 1851 τυγχάνοντας,
481 1818 505 1843 εἰ
520 1818 551 1853 δὴ
564 1818 606 1852 ἐφ’
618 1818 730 1849 ἑαυτοὺς
744 1815 816 1852 εἶχον
825 1819 849 1844 οἱ
865 1818 945 1844 δεισι-

152 1863 280 1898 δαίμονες
296 1863 346 1899 τὴν
363 1864 406 1890 ἐπ’
424 1863 513 1890 αὐτῶν
533 1864 667 1897 ἐξουσίαν.
690 1864 747 1890 Νῦν
759 1864 786 1890 δὲ
803 1865 850 1891 καὶ
866 1864 945 1890 τοῦτο

152 1908 221 1936 Θεοῦ
235 1907 282 1935 τοῦ
301 1909 347 1936 ἐπὶ
365 1909 472 1936 πάντων
486 1909 565 1944 ἔργον
577 1907 621 1945 ἦν,
636 1910 667 1936 τὸ
684 1909 785 1946 μείζονι
807 1909 881 1944 φόϐῳ
896 1911 945 1946 τῆς

152 1954 284 1980 ἀνωτάτω
295 1953 394 1989 ἀρχῆς,
405 1954 468 1985 τοὺς
480 1954 593 1988 ἐχθροὺς
602 1953 648 1980 τοῦ
663 1953 762 1980 οἰκείου
773 1953 852 1987 λόγου
866 1961 946 1979 κατα-

151 1999 294 2026 δουλῶσαι.
318 2000 485 2035 Προκόπτειν
505 1999 559 2035 γὰρ
582 2000 662 2026 αὑτὸν
676 1999 820 2035 ὁσημέραι,
841 1999 888 2025 καὶ
906 2000 945 2030 εἰς

154 2045 261 2076 πάντας
277 2044 438 2080 ἀνθρώπους
453 2044 544 2077 αὔξειν
563 2045 694 2079 βούλεται.
712 2044 795 2071 Πάλιν
813 2052 843 2070 τε
858 2041 891 2070 αὗ
908 2043 945 2075 ὡς

154 2090 192 2126 μὴ
203 2090 345 2126 νομισθείη
356 2090 427 2117 κατὰ
442 2090 612 2126 συγχώρησιν
627 2091 679 2117 τῶν
689 2090 861 2126 κρατούντων
871 2090 946 2124 διαρ-

152 2137 255 2168 χέσειν,
283 2136 374 2163 εἴποτέ
400 2145 442 2168 τις
464 2137 565 2163 τούτων
588 2137 703 2172 πονηρίᾳ
721 2136 831 2170 ληφθεὶς
846 2136 884 2172 τῷ
897 2136 944 2162 τοῦ

152 2182 274 2219 Χριστοῦ
287 2182 359 2218 λόγῳ
372 2183 499 2218 πολεμεῖν
510 2182 652 2218 προῦθετο,
662 2184 709 2209 καὶ
723 2183 800 2209 τοξιτο
814 2183 945 2218 πράττειν

998 940 1070 968 hune
1091 947 1177 975 usque
1189 941 1272 973 diem,
1291 940 1362 975 quod
1375 940 1408 967 ab
1425 940 1504 967 initio
1515 941 1600 972 orbis,
1623 939 1703 975 1&0
1711 945 1738 967 et
1752 940 1789 967 ab

998 988 1068 1022 ipsa,
1086 991 1115 1014 ut
1125 987 1162 1013 ita
1176 986 1277 1018 dicam,
1296 987 1436 1013 hominum
1447 986 1564 1021 origine,
1577 989 1690 1013 steterat
1703 984 1789 1020 xfgy-

997 1033 1035 1068 pti
1051 1040 1175 1068 regnum,
1190 1040 1315 1059 eversum
1329 1035 1381 1060 est.
1396 1031 1435 1058 Ex
1449 1031 1495 1058 illo
1509 1030 1664 1058 Judamrum
1678 1038 1787 1065 quoque

997 1079 1072 1106 natio
1088 1086 1103 1105 a
1125 1078 1255 1106 Romanis
1281 1079 1307 1105 in
1327 1078 1486 1105 servitutem
1508 1077 1629 1110 redacta,
1653 1075 1786 1111 Syrorum

997 1124 1072 1157 item,
1090 1128 1117 1151 et
1136 1123 1339 1159 Cappadocum,
1358 1127 1385 1151 ct
1406 1123 1594 1155 Macedonum,
1611 1125 1638 1149 et
1654 1121 1785 1157 Bithyno—

998 1178 1070 1202 rum,
1085 1174 1111 1197 ct
1126 1169 1292 1203 Graecorum,
1307 1177 1338 1196 ac
1353 1169 1471 1203 denique
1484 1169 1650 1203 reliquorum
1664 1168 1786 1195 omnium

996 1217 1044 1252 qui
1059 1216 1183 1244 Romano
1201 1217 1315 1252 imperio
1330 1220 1482 1243 cesserunt.
1499 1214 1554 1242 [Ioc
1569 1218 1660 1241 autem
1674 1222 1728 1242 non
1746 1215 1786 1242 si-

996 1271 1032 1290 ne
1047 1262 1112 1294 Deo,
1129 1270 1181 1289 una
1196 1270 1258 1289 cum
1274 1262 1399 1289 doctrina
1416 1269 1476 1296 qua:
1488 1261 1523 1288 de
1538 1260 1678 1288 Salvatore
1691 1265 1786 1288 nostro

997 1309 1124 1341 ferretur,
1141 1309 1280 1336 introiisse
1292 1308 1319 1334 in
1336 1308 1442 1339 orbem,
1458 1308 1520 1342 quis
1533 1315 1586 1334 non
1603 1306 1729 1339 fateatur,
1746 1314 1787 1334 rc-

997 1359 1096 1389 putans
1111 1362 1165 1381 non
1186 1354 1292 1381 facilem
1307 1354 1371 1382 Jcsu
1392 1353 1534 1388 discipulis
1556 1357 1730 1380 externarum
1747 1360 1787 1380 re—

996 1401 1106 1436 gionum
1124 1401 1343 1436 peragrationem
1359 1400 1477 1427 futuram
1492 1399 1587 1431 fuisse,
1602 1399 1624 1426 si
1636 1402 1730 1434 gentes
1745 1399 1786 1426 in-

997 1451 1037 1474 ter
1057 1455 1086 1474 se
1106 1447 1199 1474 divisae
1216 1446 1412 1481 discordesque
1437 1445 1562 1475 fuissent,
1587 1453 1675 1479 neque
1701 1445 1785 1472 ullum

996 1501 1120 1529 prorsus,
1134 1493 1170 1521 oh
1185 1493 1349 1528 multiplices
1362 1493 1542 1528 principatus,
1559 1492 1629 1519 inter
1640 1492 1701 1519 illas
1714 1499 1787 1519 eom-

997 1539 1144 1571 mercium;
1168 1539 1268 1574 quibus
1294 1546 1360 1566 sane
1375 1538 1490 1565 sublatis
1507 1537 1717 1573 principatibus,
1744 1537 1786 1564 in—

997 1584 1100 1620 trepide
1126 1584 1183 1620 jam
1208 1589 1289 1620 atque
1313 1585 1423 1619 impune
1448 1585 1586 1619 negotium
1615 1583 1784 1618 propositum

997 1631 1212 1665 compleverunt,
1229 1638 1291 1657 cum
1309 1637 1455 1665 supremus
1473 1629 1544 1657 Deus
1561 1634 1587 1657 et
1603 1631 1655 1657 iter
1669 1630 1722 1657 illis
1738 1637 1786 1656 ex-

997 1676 1117 1710 peditum
1133 1685 1165 1703 ac
1183 1676 1261 1703 facile
1284 1680 1464 1712 compararet,
1486 1681 1514 1703 et
1531 1677 1785 1711 superstitiosorum

997 1722 1024 1749 in
1041 1722 1198 1749 civitatibus
1218 1722 1325 1749 animos
1337 1726 1440 1750 terrore
1459 1722 1571 1756 majoris
1585 1721 1693 1756 imperii
1709 1721 1786 1748 celti-

996 1768 1092 1801 beret?
1109 1767 1214 1803 Reputa
1232 1768 1305 1795 enim
1326 1773 1414 1795 tecum
1427 1776 1574 1803 parumper
1590 1778 1596 1795 :
1612 1767 1635 1794 si
1654 1767 1726 1794 nulla
1743 1774 1786 1795 res

997 1814 1191 1848 impedimento
1213 1814 1310 1841 fuisset
1329 1815 1362 1841 iis
1377 1815 1423 1849 qui
1438 1821 1532 1841 errore
1556 1813 1662 1841 colendi
1685 1814 1787 1841 multos

996 1860 1061 1887 deos
1086 1860 1260 1893 tenebantur,
1289 1867 1322 1887 ne
1348 1860 1501 1887 doctrinam
1517 1859 1619 1888 Christi
1646 1867 1787 1895 oppugna‘

996 1912 1067 1939 rent,
1081 1915 1161 1942 quam
1178 1908 1277 1935 multas
1291 1908 1408 1935 antehac
1426 1908 1521 1935 civiles
1548 1907 1706 1940 seditiones,
1718 1911 1746 1934 et
1759 1907 1786 1934 in

996 1953 1109 1981 urbibus
1127 1954 1192 1981 etin
1204 1956 1276 1989 agris
1294 1955 1411 1982 vidisses
1428 1965 1435 1982 :
1452 1959 1517 1989 quot
1531 1955 1700 1987 vexationes,
1717 1958 1784 1989 quot

997 2000 1066 2027 bella
1086 2008 1140 2027 non
1159 2000 1308 2028 mediocria
1323 2001 1368 2027 illa
1387 2001 1509 2036 quidem,
1543 2001 1565 2029 si
1599 2001 1784 2036 superstitiosi

996 2045 1034 2072 illi
1060 2054 1117 2073 suae
1144 2045 1264 2080 ipsorum
1291 2048 1434 2082 potestatis
1460 2047 1587 2080 fuissent,
1604 2055 1636 2074 ac
1660 2055 1743 2082 penes
1758 2056 1787 2074 se

993 2092 1040 2126 jus
1057 2092 1164 2127 imperii
1179 2092 1348 2121 habuissent.
1359 2093 1436 2121 Nunc
1451 2098 1541 2121 autem
1557 2095 1608 2121 hoc
1620 2101 1728 2129 quoque
1740 2102 1787 2121 su-

996 2138 1083 2174 premi
1097 2138 1147 2166 Dei
1171 2138 1222 2166 fuit
1237 2146 1316 2174 opus,
1333 2140 1430 2174 majori
1445 2140 1564 2174 quodam
1579 2145 1683 2168 terrore
1697 2147 1787 2175 supre-

996 2193 1047 2212 mae
1058 2185 1176 2221 alicujus
1190 2187 1326 2222 potentiae,
1339 2187 1442 2222 proprii
1454 2187 1530 2214 verbi
1545 2187 1671 2214 inimicos
1686 2187 1788 2214 habere

152 2228 270 2255 ἐνεδίδου
287 2228 317 2255 τὸ
333 2228 499 2264 καταθύμιον
512 2238 518 2244 ⁸
535 2229 603 2264 ὁμοῦ
633 2230 680 2264 μὲν
703 2230 743 2260 εἰς
759 2229 869 2262 ἔνδειξιν
891 2229 945 2256 τῶν

997 2231 1051 2267 jam
1073 2232 1192 2260 domitos
1210 2243 1216 2260 :
1232 2233 1259 2259 id
1277 2234 1349 2260 enim
1376 2234 1507 2268 prolicere
1534 2233 1561 2260 in
1586 2234 1654 2265 dies,
1671 2238 1697 2261 et
1715 2234 1785 2268 apud

151 2276 203 2310 τῆς
218 2274 359 2306 εὐσεϐείας
372 2274 507 2310 ἀθλητῶν,
523 2274 589 2310 ὁμοῦ
604 2275 632 2301 δὲ
644 2275 691 2301 καὶ
706 2276 746 2307 εἰς
762 2275 792 2301 τὸ
807 2277 864 2307 τοῖς
878 2276 944 2302 πᾶσι

152 2321 272 2356 φανερὸν
298 2321 477 2356 καταστῆναι,
495 2322 535 2348 ὅτι
559 2321 596 2357 μὴ
618 2321 647 2354 ἐξ
664 2321 814 2357 ἀνθρώπων
830 2320 864 2357 ἦν
883 2322 945 2356 βου-

151 2367 214 2402 λῆς,
242 2366 300 2394 ἀλλ’
321 2368 353 2394 ἐκ
375 2367 425 2403 τῆς
453 2367 500 2393 τοῦ
527 2367 594 2394 Θεοῦ
618 2367 757 2402 δυνάμεως
784 2369 800 2403 ἡ
829 2367 876 2394 τοῦ
903 2368 945 2394 λό-

152 2418 202 2447 γου
229 2413 369 2446 σύστασις.
401 2414 505 2440 Αὐτίκα
531 2414 571 2445 τίς
599 2415 649 2441 οὐκ
673 2414 706 2441 ἂν
731 2414 879 2449 θαυμάσειε
912 2415 946 2441 τὰ

153 2460 315 2495 συμϐαίνειν
335 2459 406 2487 κατὰ
422 2461 486 2492 τοὺς
504 2461 622 2487 τοιούσδε
639 2461 751 2496 καιροὺς
766 2460 895 2493 εἰωθότας
914 2461 945 2487 Οἱ

154 2506 207 2541 μὲν
227 2505 283 2542 γὰρ
300 2507 348 2542 τῆς
364 2507 504 2538 εὐσεϐείας
517 2506 630 2542 ἀθληταὶ
644 2508 673 2533 τὸ
688 2507 752 2542 πρὶν
767 2507 946 2542 ἀνθρωπίνοις

152 2561 184 2586 γε
202 2555 261 2585 τοῖς
281 2554 347 2580 πᾶσι
366 2553 484 2589 διάδηλοι
504 2555 550 2580 καὶ
572 2554 731 2590 διαπρεπεῖς
744 2554 874 2588 ἐγίνοντο,
892 2554 946 2580 τῶν

152 2600 230 2636 παρᾶ
257 2598 297 2635 τῷ
318 2600 378 2636 Θεῷ
398 2601 596 2635 κατηξιωμένοι
618 2601 776 2635 βασιλείων·
802 2602 825 2627 οἱ
850 2601 878 2627 δὲ
897 2602 945 2636 τῆς

152 2646 296 2678 εὖσεὸείας
319 2646 444 2682 πολέμιοι
475 2646 523 2678 τὰς
550 2647 741 2682 προσηκούσας
767 2647 883 2680 ἐξέτινον
908 2647 946 2672 δί-

153 2699 215 2722 κας,
239 2691 380 2727 θεηλάτοις
410 2691 534 2727 μάστιξιν
562 2692 758 2727 οίστρούμενοι,
779 2693 825 2719 καὶ
845 2693 898 2718 πᾶν
915 2693 946 2718 τὸ

155 2737 234 2773 σῶμα
260 2738 356 2770 δεινοῖς
377 2739 424 2764 καὶ
450 2739 571 2773 ἀνιαροῖς
596 2737 692 2764 πάθεσι
716 2738 943 2773 διαφθειρόμενοι·

155 2783 224 2811 ὥστε
240 2785 292 2820 ἤδη
314 2785 362 2811 καὶ
377 2786 417 2816 εἰς
432 2784 575 2819 ὁμολογίαν
590 2784 638 2817 τῆς
661 2783 730 2809 κατὰ
746 2784 864 2819 Χριστοῦ
882 2784 944 2810 δυσ-

157 2830 263 2862 σεϐείας
282 2831 361 2866 ἥκειν
381 2830 585 2864 περιελαθῆναιζ
605 2829 636 2854 Οἱ
653 2828 681 2854 δέ
696 2837 727 2862 γε
743 2828 830 2855 λοιποὶ
846 2829 946 2861 πάντες

158 2876 204 2910 τῆς
231 2876 322 2903 ὲνθέῡυ
341 2875 526 2911 προσηγορίας
553 2873 708 2910 ἠξιωμένοι,
734 2874 803 2901 κατὰ
828 2875 944 2910 Χριστοῦ

997 2283 1110 2307 cunctos
1140 2279 1264 2307 homines
1288 2288 1412 2317 crescere
1436 2280 1542 2307 volebat
1563 2289 1569 2306 :
1587 2288 1683 2308 rursus
1697 2285 1786 2308 autem

997 2333 1031 2352 ne
1045 2329 1188 2360 putaretur
1205 2333 1237 2352 ex
1251 2325 1431 2352 concessione
1446 2333 1478 2351 ac
1494 2325 1572 2352 venia
1588 2325 1785 2352 dominantium

997 2379 1181 2405 perseverare,
1204 2371 1227 2398 si
1251 2371 1362 2405 quando
1387 2371 1486 2397 horum
1513 2373 1632 2406 ipsorum
1650 2371 1785 2406 quispiam

997 2417 1166 2452 malignitate
1191 2418 1307 2452 quadam
1336 2423 1495 2454 correptus,
1523 2419 1655 2446 adversus
1684 2417 1786 2444 Christi

997 2463 1110 2490 verbum
1139 2471 1260 2498 pugnare
1289 2464 1468 2492 deliberatum
1495 2465 1522 2491 in
1546 2464 1636 2491 animo
1658 2464 1785 2496 habebat,

997 2508 1078 2535 etiam
1095 2509 1147 2535 hoc
1161 2517 1211 2536 suo
1227 2510 1313 2545 ipsius
1327 2512 1460 2538 arbitratu
1476 2511 1552 2538 illum
1569 2511 1659 2537 facere
1674 2510 1782 2546 permit-

998 2555 1081 2588 tebat,
1101 2555 1182 2583 simul
1199 2560 1228 2582 ut
1245 2564 1338 2583 eorum
1357 2557 1484 2584 virtutem
1503 2556 1660 2584 ostenderet
1673 2556 1718 2591 qui
1737 2564 1786 2591 pro

997 2599 1098 2634 pietate
1118 2602 1284 2636 pugnabant,
1304 2603 1384 2629 simul
1399 2603 1479 2630 etiam
1499 2609 1528 2630 ut
1542 2603 1649 2630 cunctis
1665 2603 1785 2630 homini-

997 2645 1049 2673 bus
1076 2646 1185 2680 planum
1217 2647 1327 2680 faceret,
1344 2647 1416 2682 quod
1441 2655 1494 2674 non
1521 2647 1640 2674 humano
1657 2648 1784 2679 consilio,

997 2692 1046 2719 sed
1071 2692 1119 2720 Dei
1145 2693 1245 2721 virtute
1267 2694 1400 2722 niteretur
1417 2695 1475 2729 ipsa
1491 2694 1568 2722 verbi
1593 2695 1784 2730 propugnatio.

998 2738 1103 2766 Etenim
1118 2739 1179 2773 quis
1195 2747 1250 2766 non
1263 2741 1394 2767 continuo
1407 2741 1581 2775 Obstupescat
1594 2749 1636 2772 ea,
1654 2749 1715 2776 qtue
1732 2741 1786 2768 illis

998 2784 1168 2818 temporibus
1193 2784 1316 2812 accidere
1350 2786 1451 2821 passim
1485 2787 1691 2814 cernebantur?
1717 2786 1785 2813 Nam

998 2828 1049 2863 ipsi
1076 2829 1184 2864 pietatis
1214 2831 1392 2865 defensores,
1426 2832 1542 2867 primum
1574 2833 1645 2868 apud
1672 2838 1786 2860 cunctos

998 2875 1122 2904 lmmincs
1154 2876 1221 2904 clari
1251 2878 1426 2914 illustresque
1460 2879 1577 2913 fiebant,
1609 2883 1636 2907 et
1659 2878 1788 2907 certami-
