2071 3219
305 135 357 164 247

636 135 770 164 EUSEBII
783 136 1020 165 C/ESARIENSIS
1038 137 1112 166 OPP.
1131 138 1221 165 PARS
1237 139 1271 167 Il.
1289 154 1324 158 -—
1339 138 1587 168 APOLOGETICA.

1871 141 1922 169 248

305 201 371 223 num
386 193 496 230 praemia
513 194 585 229 apud
600 194 684 222 Deum
700 196 955 230 consequebantur;
979 196 1087 232 pietatis

1141 199 1249 233 φρονεῖν
1269 197 1424 233 αὐχοῦντες,
1449 199 1493 225 ἐπ’
1514 199 1604 233 ὀλίγον
1624 197 1842 235 γεγυμνασμένοι
1867 201 1922 232 τοῖς

305 248 370 268 vero
385 241 493 273 hostes,
510 239 639 268 divinitus
666 240 728 268 caesi
751 244 833 276 atque
860 241 966 276 agitati,
993 249 1026 269 ac
1047 246 1089 269 to-

306 291 336 314 to
357 293 470 321 corpore
488 285 616 321 gravibus
638 286 813 321 molestisque
835 287 977 315 doloribus
1000 287 1090 322 impli-

305 331 352 360 citi
368 335 448 366 atque
472 332 636 366 consumpti,
653 331 742 359 debita
765 332 898 367 supplicia
922 333 1087 367 pendebant,

307 377 384 414 14],
400 377 468 405 adeo
490 377 597 412 quidem
619 382 648 405 ut
671 377 809 412 profanam
832 381 928 405 contra
947 377 1087 405 Christum

304 423 472 450 voluntatem
488 423 613 451 conﬁteri
623 443 630 455 ,
646 423 702 457 jam
717 426 773 449 tum
791 427 954 458 cogerentur
967 433 974 451 :
991 428 1019 450 at
1040 431 1088 452 cae-

305 469 358 497 teri
374 476 471 497 omnes
486 469 533 504 qui
555 469 735 504 appellatione
756 474 931 498 sacrosancta
956 470 1030 505 digni
1046 470 1088 498 in-

304 515 378 543 venti
401 515 528 547 fuerant,
552 519 580 542 et
602 523 632 543 se
648 515 773 551 partibus
790 515 892 544 Christi
909 524 971 544 esse
987 516 1088 551 gloria—

304 561 415 594 bantur,
446 569 508 588 cum
536 561 569 588 ad
595 561 676 589 breve
700 565 807 596 tempus
831 563 970 589 exercitati
995 567 1088 589 essent

304 607 450 640 molestiis,
465 611 547 642 atque
562 607 758 642 ingenuitatem
775 608 1016 643 sinceritatemque
1031 607 1087 634 ani-

303 652 341 679 mi
359 660 414 687 pra‘.
433 660 463 681 se
485 653 631 685 tulissent,
646 655 785 689 propriam
801 661 899 681 rursus
916 654 1088 688 recipiebant

302 698 455 727 libertatem
469 719 476 731 ,
492 707 524 726 ac
540 692 662 728 salutare
677 700 782 728 interea
797 701 912 727 verbum
933 700 1038 734 majore
1059 700 1086 726 in

301 744 360 772 dies
375 745 500 772 claritate
517 745 638 776 nitebat,
659 750 742 781 atque
762 747 790 773 in
813 746 881 781 ipsis
904 746 1001 773 mediis
1037 745 1087 773 ho-

301 790 391 818 stibus
415 790 617 824 dominabatur,
639 798 670 819 ac
692 799 746 819 non
769 792 851 819 modo
870 793 897 819 in
922 792 956 819 iis
972 792 1017 827 qui
1036 792 1087 819 sub

300 837 390 864 visum
404 843 528 865 nosnum
545 838 676 866 cadentes
692 838 920 871 adversabantur,
939 838 986 866 sed
1003 838 1030 864 in
1052 837 1086 865 iis

1142 244 1339 280 πειρατηρίοις,
1358 244 1387 271 τὸ
1403 245 1432 271 δὲ
1448 246 1558 281 γνήσιον
1577 246 1623 272 καὶ
1639 245 1782 281 εἰλικρινὲς
1795 245 1842 272 τοῦ
1858 255 1921 282 φρο-

1141 291 1260 326 νήματος
1282 290 1490 326 ἐπιδειξάμενοι,
1515 291 1563 327 τὴν
1583 291 1685 318 οἰκείαν
1702 289 1779 323 αὖθις
1798 291 1920 326 ἀπελάμ-

1141 337 1220 364 ϐανον
1244 336 1407 372 ἐλευθερίαν,
1437 338 1477 369 εἰς
1503 337 1593 373 μεῖζον
1623 336 1757 373 ὁσημέραι
1778 337 1811 363 δι’
1834 337 1921 363 αὐτῶν

1140 382 1323 418 ὲκλάμποντος
1347 382 1393 409 τοῦ
1417 383 1552 419 σωτηρίου
1570 383 1660 417 λόγου,
1676 383 1723 409 καὶ
1743 384 1772 408 ὲν
1784 383 1874 414 αὐτοῖς
1889 391 1920 416 γε

1142 428 1234 463 μέσοις
1250 428 1304 459 τοῖς
1330 427 1437 463 ἐχθροῖς
1460 428 1708 463 κατακρατοῦντος·
1730 427 1766 463 μὴ
1791 427 1869 463 μόνον
1890 435 1919 454 τε

1139 473 1193 500 τῶν
1225 474 1330 509 ὁρατῶν
1363 473 1499 509 πολεμίων
1534 473 1818 509 κατεξανισταμένους,
1854 473 1920 500 ἀλλὰ

1139 519 1185 545 καὶ
1205 518 1258 545 τῶν
1274 519 1411 555 ἀοράτων
1431 519 1457 544 εἴ
1474 527 1546 550 τινες
1562 518 1614 554 ἄρα
1629 517 1683 545 εἷεν
1702 519 1773 554 ἀμφὶ
1788 518 1835 545 τὸν
1857 519 1919 554 περὶ

1138 564 1190 599 γῆν
1214 564 1281 599 ἀέρα
1310 563 1416 600 ζοφώδη
1442 563 1556 600 πονηροὶ
1580 563 1704 599 δαίμονες
1725 565 1771 591 καὶ
1794 564 1920 600 ἄρχοντες

1137 610 1250 642 τούτων,
1266 610 1312 642 οὒς
1327 611 1374 637 καὶ
1387 611 1486 642 αὐτοὺς
1505 610 1530 636 οἱ
1547 610 1650 646 γνήσιοι
1671 609 1715 636 τοῦ
1732 610 1850 646 Χριστοῦ
1870 619 1920 646 μα-

1138 654 1217 690 θηταὶ
1227 655 1260 681 δι’
1276 655 1386 689 ἁγνείας
1403 655 1471 689 βίου,
1485 656 1531 682 καὶ
1543 655 1596 681 τῶν
1611 655 1678 690 πρὸς
1689 655 1734 682 τὸν
1748 655 1814 681 Θεὸν
1822 655 1919 690 εὐχῶν,

1137 701 1182 727 διά
1196 710 1225 727 τε
1241 701 1292 736 τῆς
1312 700 1395 727 αὑτοῦ
1411 700 1502 727 ἐνθέου
1524 701 1708 736 προσηγορίας
1724 701 1920 734 ἐξελαύνοντες,

1139 745 1257 781 σημεεων
1272 744 1325 771 τῶν
1341 745 1424 772 πάλαι
1441 745 1638 781 ἱστορουμένων
1658 744 1702 771 ὑπ’
1718 744 1799 771 αὑτοῦ
1814 743 1922 778 γεγονὲ-

1137 801 1181 818 ναι
1204 791 1372 826 παραδόξων,
1387 791 1434 817 καὶ
1453 792 1481 817 ὲν
1495 790 1582 826 τούτῳ
1597 791 1652 822 τοῖς
1674 791 1786 826 συνορᾷν
1805 789 1920 824 δυναμέ-

1137 846 1192 869 νοις
1208 837 1243 864 τὰ
1261 838 1397 873 τεκμήρια
1419 837 1468 872 τῆς
1493 837 1583 863 ἐνθέου
1603 836 1703 872 ἀρετῆς
1721 835 1804 862 αὑτοῦ
1823 835 1922 862 διαδει-

301 890 410 917 quoque
427 883 474 918 qui
490 884 577 911 visum
596 885 736 913 mortalem
752 885 898 921 effugiunt,
914 885 937 912 si
954 884 1000 919 qui
1018 884 1086 911 forte

1137 883 1258 916 κνύντες.
1276 883 1354 910 Ἀλλὰ
1368 883 1422 918 γὰρ
1432 883 1485 909 τῶν
1498 883 1526 909 δὲ
1541 883 1610 909 κατὰ
1623 882 1717 918 καιρὸν
1732 889 1923 918 προγεγυμνα-

301 931 379 954 erant
395 927 422 954 in
439 928 490 955 hoc
505 929 550 964 qui
565 933 667 957 terram
682 931 841 965 complexus
855 935 897 958 est
911 930 1011 958 nebulo
1024 937 1086 958 aere

1139 929 1257 964 σμένων,
1280 929 1375 965 καιρὸς
1389 929 1439 964 ἤδη
1461 929 1538 955 καλεῖ
1560 928 1608 963 τῆς
1631 928 1835 963 μυστικωτέρας
1857 925 1922 963 περὶ

300 972 454 1005 daemones,
482 975 529 1009 qui
559 975 653 1003 alteris
678 976 733 1003 illis
759 976 934 1011 imperarent.
964 975 1086 1010 Namque

1139 975 1219 1002 αὑτοῦ
1231 974 1367 1009 θεολογίας
1379 974 1544 1008 ἐφάψασθαι,
1553 973 1653 1001 καὶτὸν
1664 972 1729 999 Θεὸν
1741 973 1836 1006 Λόγον,
1850 972 1923 1004 ὅστις

300 1020 382 1047 etiam
409 1021 460 1049 hos
485 1022 560 1056 ipsos
584 1022 641 1050 veni
667 1021 770 1049 Christi
797 1022 944 1058 discipuli,
969 1025 998 1050 et
1024 1022 1086 1049 vitae

1140 1021 1199 1047 ποτ’
1211 1018 1245 1055 ἦν
1258 1021 1272 1047 ὁ
1284 1020 1328 1046 διὰ
1340 1019 1386 1046 τοῦ
1405 1019 1566 1055 φαινομένου
1578 1018 1673 1054 ἀνδρὸς
1687 1018 1735 1050 τὰς
1751 1018 1923 1053 θαυματουρ-

299 1066 434 1100 puritate,
451 1071 478 1095 et
494 1067 527 1095 ad
543 1067 627 1096 Deum
643 1068 755 1096 directis
772 1069 916 1104 precibus,
940 1072 967 1096 et
990 1076 1085 1096 sacro-

1139 1067 1203 1102 γιας
1220 1066 1346 1099 ἐκτελῶν,
1361 1065 1536 1093 ἐποπτεῦσαι.

299 1117 394 1140 saneta
409 1114 483 1142 illius
500 1114 683 1149 appellatione
697 1114 846 1150 fugabaut,
863 1114 890 1142 in
903 1115 956 1142 hoc
972 1122 1081 1150 quoque
1100 1113 1299 1141 admirabilium
1315 1112 1455 1147 signorum
1470 1119 1531 1147 qua:
1544 1111 1578 1139 ab
1593 1112 1639 1139 illo
1654 1111 1725 1139 edita
1739 1118 1802 1139 esse
1818 1117 1922 1138 memo-

298 1165 404 1194 rantur,
421 1169 453 1190 ac
469 1162 568 1190 divinae
583 1171 643 1198 qum
660 1163 687 1190 in
703 1163 748 1190 illo
763 1166 821 1190 erat
837 1163 946 1190 virtutis
963 1166 1120 1198 argumenta
1137 1160 1290 1189 certissima
1306 1167 1361 1195 pra:
1380 1167 1409 1187 se
1427 1159 1555 1187 ferentes.
1575 1159 1729 1191 Cancrum,
1750 1165 1812 1185 cum
1831 1157 1858 1184 in
1879 1157 1922 1202 his

298 1215 348 1242 pro
363 1213 484 1243 tempore
499 1209 550 1244 ipsi
566 1218 620 1237 non
639 1210 712 1245 ipsos
729 1210 844 1237 antehac
858 1211 1078 1241 exercuerimus,
1095 1209 1162 1236 ordo
1180 1208 1237 1243 ipse
1253 1208 1310 1242 jam
1329 1207 1466 1242 postulat,
1497 1211 1527 1234 ut
1543 1207 1718 1234 occultiorem
1733 1205 1766 1233 de
1783 1205 1829 1232 illo
1844 1204 1923 1232 theo-

298 1254 396 1289 logiam
412 1256 588 1291 attingamus,
606 1256 744 1291 Deumque
760 1257 849 1292 ipsum
866 1255 1005 1288 Verbum,
1024 1255 1161 1290 quodnam
1179 1254 1277 1287 fuerit,
1292 1253 1364 1289 quod
1379 1261 1428 1289 per
1444 1253 1520 1281 illum
1535 1253 1691 1286 hominem,
1707 1252 1753 1288 qui
1767 1252 1922 1284 videbatur,

298 1299 420 1335 prodigia
435 1305 463 1328 et
478 1301 608 1329 miracula
624 1301 773 1335 alliciebat,
789 1302 1016 1337 contemplemur.

835 1489 1380 1575 ΕΥΣΕΒΙΟΥ

885 1629 998 1671 ΤΟΥ
1035 1626 1335 1674 ΠΑΜΦΙΛΟΥ

521 1721 1110 1790 ΕΥΑΓΓΕΛΙΚΗΣ
1147 1719 1691 1791 ΑΠΟΔΕΙΞΕΩΣ

834 1845 1053 1887 ΒΙΒΛΙΟΝ
1081 1845 1381 1887 ΤΕΤΑΡΤΟΝ.

664 2025 1040 2103 EUSEBII
1097 2025 1552 2102 PAMPHILI

445 2171 1194 2236 DEMONSTRATIONIS
1241 2169 1769 2236 EVANGELICZE

845 2300 1027 2343 LIBER
1071 2299 1366 2352 QUARTUS.

295 2452 379 2490 ιω
404 2452 498 2490 ιρις
512 2451 669 2490 11vva
694 2450 922 2490 attonitam
938 2486 954 2490 _.
965 2450 1078 2490 ριριςρ
1093 2454 1114 2483 c

329 2485 583 2516 E—VANGELIC/E
618 2487 665 2514 DE
691 2486 908 2514 SALVATORIS
931 2485 1076 2514 NOSTRO

329 2522 625 2551 DEMONSTIMTIO
632 2522 705 2550 NIS.

296 2580 320 2607 I.
340 2579 378 2607 De
394 2581 535 2607 occultiore
550 2579 692 2607 serundum
711 2579 876 2607 Salvatorem
891 2587 921 2606 ac
937 2579 1078 2606 Dominum

331 2621 466 2648 nostrum,
484 2616 529 2651 qui
546 2616 670 2643 Christus
684 2620 723 2642 est
738 2614 785 2641 Dei
796 2634 802 2646 ,
820 2614 1026 2648 dispensatt'mw.

294 2692 322 2719 2.
343 2692 569 2724 Quemadmodum
584 2693 661 2720 illum
675 2697 735 2720 ante
749 2700 852 2720 onmem
867 2698 1014 2719 creaturam
1031 2691 1078 2719 Fi-

332 2729 395 2754 lium
415 2728 461 2754 Dei
478 2729 559 2762 fuisse
575 2729 698 2756 dicimus.

294 2771 311 2799 5
342 2771 417 2803 Quod
434 2780 484 2798 non
500 2773 587 2806 plures
604 2774 719 2807 supremi
736 2772 783 2800 Dei
797 2772 878 2804 Filii,
890 2773 935 2801 sed
951 2782 1018 2800 unus
1033 2782 1076 2800 so-

330 2808 373 2833 lus
388 2807 420 2833 de
436 2807 488 2834 Deo
505 2808 574 2835 Deus
586 2828 593 2840 ,
606 2809 667 2843 jure
684 2818 700 2835 α
713 2809 787 2836 ηηῡλιε
805 2809 947 2844 prwdicari
962 2809 1056 2836 soleat.

1133 2449 1219 2477 ΤΑΔΕ
1233 2449 1393 2475 ΕΝΕΣΤΙΝ
1415 2448 1464 2474 ΕΝ
1545 2448 1703 2483 ΤΕΤΑΡΊᾩ
1730 2447 1914 2483 ΣΥΓΓΗᾼΜ-

1164 2484 1254 2510 ΜΑΤῘ
1289 2484 1356 2509 ΤΗΣ
1392 2484 1475 2509 ΠΕΡΙ
1509 2482 1587 2509 ΤΟΥ
1618 2482 1784 2510 ΣΩΤῘΙΡΟΣ
1811 2482 1916 2510 ΗΜΩΝ

1163 2520 1185 2545 E
1193 2518 1423 2545 ΥΛΓΙῈΛΙΚΗΣ
1445 2521 1465 2544 Α
1471 2518 1675 2545 ΠΟΔΕΙΞΕΩΣ.

1132 2578 1167 2602 α’.
1185 2577 1253 2609 Περὶ
1266 2575 1320 2608 τῆς
1335 2575 1407 2601 κατὰ
1437 2576 1489 2601 τᾶν
1502 2575 1621 2609 Σωτῆρα
1640 2576 1690 2603 καὶ
1703 2573 1811 2609 Κύριον
1829 2574 1914 2609 ἡμῶν

1173 2610 1296 2653 Ἰησοῦν
1310 2610 1363 2636 τὸν
1377 2610 1505 2643 Χριστὸν
1516 2611 1569 2637 τοῦ
1585 2611 1658 2638 Θεοῦ
1669 2610 1821 2645 μυστικῆς
1834 2612 1912 2637 οἱκο-

1165 2654 1281 2679 νομιίις.

1129 2692 1168 2724 β’.
1192 2692 1290 2723 Ὅπως
1305 2691 1398 2718 αὐτὸν
1412 2692 1468 2725 πρὸ
1484 2691 1585 2725 πάσης
1604 2692 1730 2725 κτίσεως
1754 2691 1823 2719 Υιὸν
1839 2691 1912 2719 Θεοί

1168 2726 1321 2761 γεγονέναι
1335 2727 1440 2761 φαμέν.

1128 2775 1163 2807 τ’.
1188 2772 1252 2798 ’Ὂτι
1270 2771 1312 2806 μὴ
1330 2771 1454 2807 ξλείους
1471 2770 1528 2798 υἱοὶ
1543 2771 1594 2799 τοῦ
1613 2773 1662 2799 ἐπὶ
1685 2773 1805 2799 πάντων
1826 2773 1912 2806 Θξσῧ,

1162 2807 1256 2865 μένος
1274 2807 1308 2832 δὲ
1322 2805 1366 2840 εἷς
1379 2807 1413 2834 ἐκ
1433 2808 1506 2835 Θεοῦ
1520 2807 1591 2840 Θεὸς
1607 2808 1737 2843 εὐλόγως
1753 2808 1824 2844 ἡμῖν
1838 2810 1913 2844 ἀγη-

1165 2851 1182 2869 γ·
1195 2851 1309 2869 μυῖαι.

1167 2862 1309 2877 ι-ἐῑιῐιινι
