2071 3219
275 141 326 168 251

617 142 750 170 EUSEBH
771 143 1011 171 CxESAmENSiS
1030 144 1106 172 OPP.
1127 145 1216 171 PARS
1237 145 1271 172 ll.
1287 161 1323 166 -—
1343 143 1590 171 APOLOGETICA.

1851 145 1905 172 252

273 203 364 226 autem
381 201 415 225 ab
432 199 528 226 eodem
557 200 653 234 procul
680 200 810 227 labuntur
821 220 828 231 ,
857 201 958 236 quippe
976 201 1022 236 qui
1037 205 1059 229 el

1115 203 1164 238 τὴν
1183 203 1298 237 θεότητα
1321 203 1486 238 συνορῶντες
1507 202 1599 234 αἰτοῦ,
1625 203 1691 238 μήτε
1714 208 1747 230 τα
1766 204 1838 230 αἴτια
1853 203 1904 239 τῆς

272 245 392 273 divinam
408 245 482 273 illius
496 250 623 273 naturam
646 246 782 281 ignorent,
806 255 895 282 neque
906 255 1004 276 causas
1019 249 1066 276 ad-

271 296 370 319 ventus
385 291 562 326 perspiciam,
586 299 675 327 neque
692 293 755 319 item
773 293 872 328 quibus
896 294 1066 329 temporibus

271 341 416 364 venturum
434 336 509 364 illum
527 338 667 372 propheta:
678 339 864 373 przedixcrint,
888 340 1066 375 comprehcn-

270 382 348 410 dant.
363 381 430 409 Nam
446 382 485 409 illi
500 383 611 419 quidem
628 384 703 411 illum
721 385 803 412 etiam
832 393 905 413 nunc
920 390 1065 414 venturum

269 431 447 463 exspectant:
464 436 515 456 nos
528 433 618 456 autem
642 430 698 464 jam
715 431 798 458 semel
811 431 943 458 duntaxat
958 432 1066 460 venisse

269 474 471 507 contendimus,
480 483 586 502 necnon
597 476 711 503 alterum
723 477 845 511 ejusdem
852 485 913 504 cum
923 478 1066 512 majestate

271 521 430 552 adventum.
446 525 473 548 et
493 523 613 550 oraculis
640 527 666 550 et
688 523 832 558 praeceptis
857 524 1063 558 prophetarum,

269 566 318 601 qui
336 566 469 594 divinitus
497 567 578 594 amati
605 568 727 601 fuerunt,
753 570 939 598 auscultantes
964 571 1065 598 intueri

270 616 443 647 exoptamus.
462 612 530 640 Cum
548 619 637 641 autem
661 614 695 642 de
707 615 754 643 illo
766 615 864 651 duplex
882 616 917 644 sit
932 617 1012 650 ratio,
1026 617 1065 643 al-

271 662 330 685 tera
360 659 469 693 quidem
486 660 623 687 recentior
640 660 742 692 fuerit,
760 662 861 696 quippe
878 670 939 697 quas
955 663 1012 690 heri
1032 671 1064 690 ac

270 711 357 739 nuper
366 704 399 731 ad
414 705 539 733 homines
558 706 712 733 introducta
729 707 765 734 sit
784 717 790 734 :
810 707 896 735 altera
913 717 979 735 vero
989 709 1064 736 omni

269 752 402 784 tempore,
415 751 597 786 omnibusque
624 752 732 780 saeculis
752 753 901 789 antiquior.
917 753 984 781 Nam
1000 762 1063 781 cum

270 793 343 822 Deus
355 796 446 828 vellet,
467 801 560 831 utpote
575 798 621 832 qui
637 798 713 826 solus
741 798 777 826 sit
801 800 899 831 bonus,
920 800 1064 835 omnisque

270 840 335 868 boni
351 846 378 869 et
390 843 556 878 principium
572 849 599 871 et
615 844 686 878 fons,
704 844 862 872 divitiarum
875 854 986 873 suarum
1002 846 1061 874 the-

1118 248 1270 284 παρουσίας
1291 249 1401 281 εἰδότες,
1422 251 1490 284 μήτε
1514 248 1566 284 μὴν
1581 249 1643 279 τοὺς
1656 248 1768 283 χρόνους
1780 248 1839 275 καθ’
1855 248 1904 280 οὓς

1116 293 1190 330 ἥξειν
1210 294 1349 330 ἀνείρηται
1366 297 1405 326 εἰς
1420 295 1578 330 ἀνθρώπους
1596 295 1845 330 περιδρασσόμενοί.
1870 296 1903 322 0i.

1117 340 1166 374 μὲν
1190 341 1245 376 γὰρ
1268 341 1307 367 ἔτι
1331 341 1378 367 καὶ
1393 341 1439 367 νῦν
1455 340 1530 376 ἥξειν
1554 341 1683 376 μέλλοντα
1706 341 1900 378 προσδοκῶσιν,

1115 386 1194 420 ἡμεῖς
1206 385 1228 411 δ’
1247 385 1295 420 ἤδη
1313 385 1361 420 μὲν
1381 385 1496 417 εἰσάπαξ
1511 385 1706 421 ἀποδείκνυμεν
1718 386 1835 413 ἐλθόντα·
1854 386 1901 413 καὶ

1114 430 1244 465 δευτέραν
1265 431 1287 457 δ’
1305 431 1387 458 αὑτοῦ
1405 431 1472 466 μετὰ
1488 432 1537 466 τῆς
1551 431 1642 458 ἐνθέου
1657 431 1734 466 δόξης
1752 431 1900 468 παρουσίαν

1114 477 1174 507 ταῖς
1190 476 1244 502 τῶν
1261 476 1396 512 θεοιρόρων
1413 478 1560 513 προφητῶν
1577 478 1743 513 προρῤήσεσί
1759 486 1788 504 τε
1805 478 1850 504 καὶ
1862 477 1901 504 δι-

1116 522 1276 554 δασκαλίαις
1289 523 1443 558 πειθόμενοι
1457 523 1520 549 ἰδεῖν
1535 523 1679 558 εὐχόμεθα.
1690 523 1783 550 Διττοῦ
1793 523 1815 549 δ’
1824 523 1901 554 ὕντος

1114 567 1160 593 τοῦ
1178 567 1237 593 κατ’
1254 567 1334 593 αὑτὸν
1353 567 1442 602 λόγου,
1466 568 1480 593 ὁ
1497 568 1545 603 μὲν
1561 566 1692 602 νεώτερος
1709 567 1742 593 ἂν
1762 566 1814 601 εἴη,
1826 565 1900 601 ’χθὲς

1114 613 1161 639 καὶ
1176 612 1270 648 πρώην
1287 615 1326 645 εἰς
1350 613 1507 650 ἀνθρώπους
1528 613 1699 648 εἰσηγμένος,
1717 613 1731 639 ὀ
1751 613 1779 639 δὲ
1800 612 1900 644 παντὸς

1114 660 1210 694 χρόνου
1231 660 1278 686 καὶ
1299 660 1408 687 πάντων
1425 659 1529 686 αἰώνων
1545 659 1737 695 πρεσϐύτερος.
1755 658 1900 694 Βουληθεὶς

1114 705 1168 741 γὰρ
1183 707 1197 732 ό
1213 706 1288 739 Θεὸς,
1307 706 1354 733 ἆτε
1370 707 1448 742 μόνος
1465 707 1502 738 ὡς
1517 705 1618 740 ἀγαθὸς
1635 705 1736 740 ἀγαθοῦ
1753 714 1782 731 τε
1799 705 1900 737 παντὸς

1113 750 1183 785 ἀρχὴ
1202 750 1248 777 καὶ
1265 751 1351 786 πηγὴ.
1374 751 1427 777 τῶν
1448 751 1529 778 αὑτοῦ
1544 751 1688 787 θησαυρῶν
1707 750 1814 782 πλείους
1831 751 1900 777 ἀπο.

1114 795 1195 829 φῦναι
1208 795 1361 827 κοινωνούς·
1375 797 1437 832 ἄρτι
1456 805 1486 822 τε
1508 796 1611 832 μέλλων
1623 796 1671 832 τὴν
1685 796 1795 832 λογικὴν
1808 797 1902 822 πᾶσαν

1115 841 1312 876 προϐάλλεσθαι
1335 842 1432 874 κτίσιν,
1458 842 1618 877 ἀσωμάτους
1639 843 1714 874 τινας
1737 842 1832 878 νοερὰς
1853 842 1900 869 καὶ

270 895 368 915 sauros
383 888 509 923 pluribus
526 890 674 924 impertiri,
694 895 821 926 essetque
849 892 905 926 jam
919 892 975 927 jam
1001 900 1059 920 om-

1113 886 1187 918 θείας
1202 887 1340 922 δυνάμεις,
1360 887 1490 921 ἀγγέλους
1510 897 1538 914 τε
1554 889 1600 914 καὶ
1616 888 1812 923 ὰρχαγγέλους,
1830 887 1900 914 ἀῦλά.

270 942 332 962 nem
346 935 507 963 rationalem
525 941 677 964 creaturam
706 938 732 964 in
752 938 838 965 lucem
865 939 1060 973 producturus,

270 979 447 1016 incorporeas
464 981 591 1010 videlicet
616 982 747 1017 quasdam
766 988 848 1018 atque
879 983 1061 1018 intelligemus

269 1029 297 1053 ct
311 1026 418 1054 divinas
434 1031 592 1062 potestates,
608 1029 774 1065 angelosque
782 1030 1059 1065 alquearchangelos,

270 1072 444 1107 materiasque
460 1078 597 1108 expertes,
619 1079 646 1101 et
662 1075 696 1102 ab
708 1075 783 1102 omni
812 1081 889 1110 parte
903 1084 985 1111 puros
1005 1078 1061 1112 spi-

269 1118 354 1150 ritus,
385 1119 492 1147 animas
521 1125 651 1154 prieterea
672 1121 833 1154 hominum,
854 1130 915 1157 quae
942 1123 1059 1150 solutam

268 1171 300 1191 ac
326 1163 439 1192 liberam
456 1165 604 1193 voluntatis
633 1170 713 1200 atque
725 1166 841 1200 arbitrii,
868 1171 922 1194 tam
954 1168 987 1194 ad
1011 1169 1060 1196 bo-

267 1219 333 1238 num
354 1219 436 1246 quam
467 1211 501 1238 ad
529 1212 594 1239 boni
624 1213 809 1244 contrarium,
837 1217 963 1240 naturam
988 1214 1060 1241 acci-

268 1262 363 1292 perent
381 1261 428 1284 :et
453 1265 621 1292 quaecunque
637 1258 679 1285 his
709 1258 776 1293 ipsis
791 1259 980 1286 convenientia
999 1267 1059 1287 cor-

267 1309 364 1337 porum
383 1303 575 1335 instrumenta,
593 1303 682 1331 varias
699 1304 806 1331 vivendi
835 1303 937 1332 formas
960 1305 1060 1333 educe-

267 1351 340 1380 rent,
355 1347 433 1383 ι45
448 1347 580 1383 sedesque
592 1348 635 1376 his
651 1349 789 1382 omnibus,
807 1350 936 1386 locosque
954 1351 1059 1379 tribue-

268 1400 297 1420 re
312 1394 438 1429 proprios
455 1394 530 1428 (nam
544 1394 578 1421 iis
594 1394 640 1429 qui
657 1395 721 1422 boni
748 1397 949 1430 permanserint
965 1417 973 1429 ,
1003 1404 1059 1424 me-

267 1439 369 1467 liores:
387 1444 483 1467 contra
501 1444 604 1472 autem,
620 1441 723 1476 alioqui
734 1443 943 1477 convenientes,
956 1443 983 1470 in
994 1438 1058 1478 qui-

267 1485 320 1513 bus
334 1486 461 1514 videlicet
484 1487 668 1521 proclivitatis
683 1487 716 1514 ad
731 1488 870 1515 contraria
889 1496 985 1523 pinnas
1010 1489 1058 1516 da-

268 1533 339 1569 rent)
353 1543 360 1567 ;
376 1542 496 1569 cumque
513 1534 539 1562 id
548 1535 620 1570 quod
633 1535 753 1562 futurum
763 1539 832 1566 erat,
849 1539 978 1571 tanquam
987 1535 1058 1563 Deus

267 1579 423 1615 cognitione
453 1580 629 1616 praeciperet,
655 1581 823 1616 sentiretque
851 1582 909 1609 haec
930 1582 1058 1610 universa

268 1630 414 1661 antequam
432 1627 528 1654 tierent
541 1646 548 1659 ,
567 1630 699 1662 tanquam
713 1627 740 1654 in
754 1635 853 1662 magno
881 1635 996 1663 corpore
1008 1628 1059 1655 ali-

268 1672 340 1707 quod
352 1675 433 1708 caput
445 1673 626 1707 postulatura,
640 1680 724 1699 unum
736 1673 824 1699 omnis
840 1673 1059 1708 opiﬁciidispen-

268 1722 396 1751 satorem,
411 1718 592 1753 eumdemque
607 1723 633 1745 et
650 1719 748 1746 ducem
772 1724 800 1746 et
824 1727 915 1754 regem
936 1720 1058 1748 universi

268 1764 470 1798 praeﬁciendum
479 1765 597 1800 putavit:
607 1765 760 1799 cnjusmodi
768 1766 942 1793 oraculorum
950 1774 1059 1802 quoque

268 1810 434 1843 divinorum,
449 1819 509 1846 quae
521 1811 554 1838 ab
569 1811 689 1846 antiquis
704 1812 775 1846 apud
786 1811 927 1844 Hebraeos,
943 1817 969 1840 et
980 1814 1058 1841 theo-

268 1856 338 1891 logis
356 1860 383 1884 et
415 1857 557 1892 prophetis
583 1858 690 1884 reddita
713 1863 788 1891 sunt,
805 1858 944 1885 institutio
963 1864 1004 1886 est.
1022 1870 1027 1886 :
1042 1866 1058 1886 a

267 1902 366 1936 quibus
380 1902 489 1936 quidem
513 1901 621 1929 discere
635 1907 725 1937 potest
738 1903 784 1938 qui
800 1904 872 1936 vult,
894 1912 977 1930 unum
996 1911 1058 1931 esse

268 1949 389 1975 omnium
402 1955 493 1976 rerum
508 1949 685 1983 principium,
698 1957 729 1976 ac
746 1950 837 1984 potius
857 1950 993 1985 principio
1010 1958 1058 1977 su-

268 1993 360 2028 perius
375 1997 402 2020 et
417 1993 504 2027 prius,
521 1994 665 2028 primoque
691 1995 842 2029 antiquius.
860 1999 886 2022 et
912 1995 1057 2030 gignendis

267 2039 352 2067 rebus
366 2039 425 2074 ipsa
439 2039 544 2068 unitate
561 2041 708 2072 vetustius,
728 2040 859 2075 omnique
875 2042 1057 2076 appellatione

267 2086 453 2120 praestantius,
467 2085 539 2121 quod
552 2094 640 2121 neque
657 2087 722 2118 dici,
737 2094 826 2121 neque
839 2087 989 2120 enuntiari,
1007 2096 1056 2114 ne-

266 2139 320 2166 que
339 2132 488 2167 excogitari
504 2136 594 2167 potest
609 2141 615 2159 :
638 2132 739 2159 bonum
752 2133 825 2167 quod
839 2140 922 2160 causa
938 2137 981 2160 est
999 2141 1057 2160 θοις

267 2177 343 2204 ιιίιιηι
368 2185 470 2210 rerum,
498 2179 571 2213 quod
587 2178 642 2205 vim
659 2179 803 2212 elIiciendi,
820 2179 945 2214 juvandi,
964 2179 1056 2213 provi-

1111 941 1140 959 τε
1162 934 1208 960 καὶ
1231 934 1318 969 πάντη
1343 935 1450 971 καθαρὰ
1472 934 1624 969 πνεύματα,
1641 935 1751 970 προσέτι
1768 934 1795 961 δὲ
1811 934 1901 969 ψυχὰς

1111 979 1261 1015 ἀνθρώπων
1288 981 1386 1014 ἄφετον
1411 981 1458 1007 καὶ
1482 981 1623 1016 ἐλεύθερον
1650 981 1699 1015 τῆς
1723 980 1899 1006 αὑθεκουσίου

1112 1026 1177 1061 περὶ
1192 1026 1221 1052 τὸ
1237 1026 1318 1053 καλὸν
1334 1027 1350 1061 ἢ
1365 1027 1516 1053 τούναντίον
1531 1027 1661 1062 αἱρέσεως
1674 1027 1723 1062 τὴν
1736 1026 1816 1060 φύσιν
1830 1027 1900 1053 ἐπα-

1110 1073 1240 1108 γομένας,
1269 1075 1319 1100 ὅσα
1344 1083 1373 1100 τε
1397 1074 1501 1106 τούτοις
1527 1074 1630 1110 ὄργανα
1659 1074 1792 1108 σωμάτων
1817 1073 1899 1108 ἐμελ-

1111 1120 1153 1146 λεν
1182 1119 1311 1150 ἔσεσθαι,
1345 1120 1473 1146 ποικίλων
1506 1120 1600 1155 ἀγιιιγῇ
1635 1119 1788 1154 κατάλληλα
1817 1119 1897 1154 βίων,

1110 1165 1202 1201 χώρας
1220 1175 1250 1192 τε
1266 1166 1369 1197 τούτοις
1395 1166 1480 1192 ἅπασι
1505 1166 1552 1192 καὶ
1573 1166 1672 1198 τόπους
1693 1165 1831 1201 διανέμειν
1858 1167 1900 1192 οἰ-

1111 1211 1210 1243 κείους
1238 1211 1357 1246 (μείνασι
1384 1212 1431 1247 μὲν
1454 1211 1507 1247 γὰρ
1521 1212 1632 1246 ἀγαθοῖς
1651 1212 1713 1243 τοὺς
1729 1211 1896 1248 κρείττονας,

1110 1257 1225 1292 ἔμπαλιν
1240 1258 1269 1284 δὲ
1283 1257 1347 1289 τοὺς
1367 1259 1563 1292 προσήκοντας,
1581 1258 1631 1292 τῆς
1647 1258 1693 1284 ἐπὶ
1705 1257 1834 1284 τάναντία
1853 1258 1899 1293 ῥο-

1111 1303 1165 1337 πῆς
1184 1302 1218 1329 τὰ
1243 1304 1483 1339 σωφρονιστήρια·)
1504 1302 1647 1338 προλαϐὼν
1667 1303 1698 1329 τὸ
1726 1302 1832 1338 μέλλον,
1853 1300 1898 1330 οἷα

1109 1349 1185 1382 Θεὸς,
1201 1350 1234 1385 τῇ
1263 1348 1424 1384 προγνώσει,
1444 1349 1556 1376 συνιδών
1577 1359 1605 1376 τε
1619 1369 1625 1380 ,
1650 1349 1750 1376 τούτων
1771 1349 1897 1376 ἁπάντων

1110 1396 1173 1431 περὶ
1197 1396 1329 1430 γενέσεως
1352 1396 1380 1422 ὲν
1404 1395 1514 1430 μεγαλῳ
1537 1395 1640 1430 σώματι
1662 1395 1783 1430 κεφαλῆς
1801 1395 1897 1430 δεησο-

1111 1443 1208 1476 μένων,
1228 1441 1276 1467 ἕνα
1295 1440 1340 1466 τὸν
1361 1441 1410 1475 τῆς
1433 1439 1611 1476 δημιουργίας
1626 1441 1735 1475 ἁπάσης
1757 1440 1897 1474 οἰκονόμον

1109 1486 1230 1521 ἡγεμόνα
1239 1494 1268 1512 τε
1282 1485 1329 1511 καὶ
1343 1484 1456 1519 βασιλέα
1472 1485 1526 1511 τῶν
1539 1485 1606 1511 ὅλων
1629 1485 1814 1521 προτάξασθαι
1829 1485 1898 1521 ᾣετο

1109 1532 1174 1563 δεῖν,
1219 1532 1265 1558 καὶ
1279 1531 1312 1558 τὰ
1327 1531 1386 1558 θεῖα
1403 1533 1577 1567 μυσταγωγεῖ
1592 1531 1669 1566 λόγια
1686 1532 1753 1567 πρὸς
1763 1531 1816 1558 τῶν
1827 1531 1899 1558 ἄνω-

1109 1579 1154 1606 θεν
1169 1579 1232 1614 παρ’
1249 1578 1382 1614 Ἑϐραίοις
1395 1577 1525 1612 θεολόγων
1537 1587 1565 1604 τε
1577 1579 1623 1605 καὶ
1636 1579 1781 1614 προφητῶν
1794 1578 1897 1615 ἀνδρῶν

1108 1624 1317 1659 τεθεσπισμένα·
1342 1624 1406 1658 παρ’
1431 1620 1467 1650 ὧν
1491 1623 1522 1659 δὴ
1545 1625 1640 1658 μαθεῖν
1662 1623 1773 1656 ἔνεστιν,
1791 1623 1828 1655 ὡς
1842 1625 1898 1660 ἄρα

1110 1669 1160 1705 μία
1177 1669 1226 1705 μὲν
1243 1670 1284 1705 εἴη
1303 1669 1356 1696 τῶν
1371 1669 1438 1696 ὅλων
1451 1669 1531 1705 ἁρχὴ,
1549 1669 1649 1705 μᾶλλον
1663 1669 1691 1696 δὲ
1708 1670 1738 1696 τὸ
1753 1671 1799 1697 καὶ
1809 1671 1897 1706 ἀρχῆς

1097 1715 1253 1750 ¹ἁνώτερον,
1270 1716 1316 1742 καὶ
1338 1715 1446 1751 πρώτου
1469 1717 1691 1752 προγενέστερον,
1718 1717 1765 1743 καὶ
1784 1717 1897 1752 μονάδος

1107 1761 1337 1798 ἀρχεγονώτερον,
1367 1762 1413 1788 καὶ
1437 1763 1527 1797 nisi];
1552 1764 1675 1798 κρεῖττον
1700 1762 1895 1799 προσηγορὶας,

1108 1808 1235 1844 ἄρρητον,
1249 1808 1443 1843 ἁνέκῳραετον,
1459 1809 1646 1844 ἀπερινόητον,
1661 1809 1771 1843 ἀγαθὸν,
1789 1809 1819 1835 τὸ
1830 1809 1898 1835 πάν-

1108 1863 1161 1880 των
1178 1854 1273 1886 αἴτιον,
1291 1854 1320 1880 τὸ
1336 1854 1486 1889 ποιητικὸν,
1500 1854 1530 1880 τὸ
1543 1855 1725 1889 εὐεργετικὸν,
1741 1856 1772 1882 τὸ
1785 1863 1898 1891 προνοη-

1107 1900 1193 1931 τικὸν,
1217 1900 1247 1926 τὸ
1271 1901 1414 1936 σωτήριον,
1433 1901 1513 1932 αὐτὸς
1527 1901 1564 1928 ὣν
1579 1902 1592 1928 ὁ
1609 1899 1649 1932 εἷς
1662 1902 1708 1927 καὶ
1725 1901 1804 1933 μόνος
1819 1901 1895 1933 Θεὸς,

1108 1947 1138 1979 ἐξ
1161 1943 1191 1973 οὗ
1211 1947 1244 1974 τὰ
1264 1948 1360 1979 πάντα,
1382 1947 1416 1973 δι’
1439 1947 1468 1973 ὃν
1491 1947 1526 1974 τὰ
1553 1947 1641 1974 πάντα
1663 1947 1752 1973 ἐστίν’
1775 1949 1802 1975 ὲν
1822 1947 1896 1983 αὑτῷ

1107 1993 1161 2028 γὰρ
1175 1993 1265 2028 ζῶμεν
1279 1995 1324 2020 καὶ
1338 1994 1486 2028 κινούμεθα
1498 1994 1544 2020 καὶ
1558 1994 1651 2029 ἐσμέν.
1672 1994 1706 2020 Ὅ
1719 2003 1743 2020 τι
1757 1994 1789 2030 δὴ
1812 1994 1895 2026 θέλει,

1107 2039 1183 2066 τοῦτο
1197 2040 1262 2073 γοῦν
1275 2039 1373 2075 καὶεῖη
1386 2040 1418 2066 ἂν
1426 2040 1455 2065 τὸ
1470 2040 1548 2074 μόνον
1559 2040 1667 2075 τῆςτῶν
1677 2040 1797 2076 γενητῶν
1807 2040 1897 2067 ἀπάν-

1107 2094 1161 2111 των
1187 2085 1340 2117 οὑσιώσεώς
1359 2095 1388 2111 τε
1420 2087 1468 2113 καὶ
1487 2087 1630 2122 ὑπάρξεως
1651 2087 1747 2114 αἴτιον*
1773 2087 1896 2119 θέλοντος

1108 2131 1161 2166 γάρ
1177 2132 1244 2157 ἐστι.
1259 2131 1335 2158 Θέλει
1351 2131 1388 2162 δὲ,
1408 2132 1448 2157 ὅτι
1462 2131 1510 2167 τὴν
1524 2132 1604 2166 φύσιν
1618 2132 1719 2166 ἀγαθὸς
1740 2132 1778 2159 ὢν
1795 2133 1896 2168 τυγχά-

1107 2185 1156 2202 νει.
1179 2176 1285 2211 ’Λγαθῷ
1305 2177 1331 2202 δὲ
1352 2177 1437 2210 οὐδὲν,
1458 2178 1499 2204 ὅτι
1525 2178 1562 2213 μὴ
1585 2178 1615 2204 τὸ
1635 2178 1720 2204 θέλειν
1746 2178 1779 2204 τὰ
1805 2178 1895 2212 ἀγαθὰ

267 2222 359 2255 dendi,
375 2223 514 2256 servandi,
526 2224 552 2251 in
561 2233 591 2252 se
600 2225 681 2252 habet
696 2225 757 2260 :qui
771 2233 842 2252 unus
857 2225 915 2260 ipse
929 2233 961 2252 ac
979 2225 1054 2252 solus

1109 2222 1255 2257 προσφυὲς.
1274 2222 1362 2248 Θέλων
1378 2222 1406 2248 δὲ
1422 2222 1517 2253 ταῦτα,
1534 2223 1579 2249 καὶ
1595 2223 1715 2250 δύναται·
1733 2223 1773 2249 διὸ
1785 2224 1832 2250 καὶ
1851 2223 1896 2249 θέ-

266 2268 402 2301 cstDeus,
420 2278 452 2297 ex
471 2278 525 2305 quo
536 2271 639 2303 omnia,
658 2279 706 2306 per
716 2279 796 2306 quem
806 2272 897 2299 omnia
915 2276 980 2299 sunt
996 2281 1002 2299 :
1028 2273 1056 2299 in

268 2315 314 2342 illo
333 2315 406 2342 enim
431 2316 548 2345 vivimus
573 2321 601 2344 et
627 2326 768 2346 movemur
782 2323 809 2345 et
826 2326 932 2346 sumus.
963 2318 1056 2354 Itaque

266 2361 448 2397 quodcunque
462 2364 531 2395 vult,
550 2363 575 2390 id
587 2363 670 2391 etiam
686 2369 728 2392 est
740 2365 884 2396 continuo,
900 2371 932 2392 ex
943 2372 996 2400 qua
1009 2372 1056 2392 so-

267 2409 291 2435 la
304 2416 398 2441 causa,
415 2410 508 2437 omnia
524 2418 584 2445 quae
607 2411 697 2446 genita
712 2415 786 2444 sunt,
803 2411 828 2438 id
849 2416 1013 2446 acceperunt
1026 2415 1056 2438 ut

266 2459 368 2486 essent,
384 2460 468 2490 utque
484 2456 659 2487 exsisterent,
676 2463 708 2483 ac
722 2457 864 2488 durarent,
895 2460 960 2484 sunt
981 2457 1054 2484 enim

266 2500 311 2528 illo
324 2501 440 2530 volente.
458 2501 520 2530 Vult
533 2507 623 2529 autem
637 2503 740 2530 idcirco
752 2503 825 2538 quod
842 2507 940 2539 suapte
956 2509 1055 2531 natura

267 2546 354 2575 bonus
368 2553 420 2575 est.
439 2548 515 2576 Bono
531 2557 595 2576 vero
614 2549 681 2576 nihil
701 2553 800 2576 natura
812 2549 991 2585 conjunctum
1007 2550 1056 2577 ad-

268 2601 421 2628 nexuiiiqile
435 2599 487 2626 est,
505 2594 558 2621 nisi
582 2599 611 2621 ut
632 2602 664 2621 ea
684 2602 745 2629 qua:
760 2595 830 2622 bona
848 2601 912 2622 sunt
926 2596 1000 2623 velit.
1019 2596 1054 2622 At

265 2639 338 2665 enim
350 2646 411 2666 cum
424 2640 481 2667 haec
492 2641 572 2673 velit,
586 2640 656 2668 idem
670 2641 753 2668 etiam
768 2645 874 2675 potest:
891 2649 976 2676 quare
992 2649 1054 2669 cum

267 2684 332 2710 velit
349 2684 431 2712 simul
446 2685 518 2712 idem
535 2690 562 2713 et
585 2687 684 2721 possit,
703 2687 777 2714 nulla
797 2695 827 2714 re
843 2695 931 2722 neque
960 2689 1059 2723 prolii-'

267 2729 358 2761 bentc,
372 2738 459 2766 neque
470 2731 642 2766 impediente,
656 2734 786 2769 quidquid
799 2734 942 2769 pulchrum
951 2739 978 2762 et
991 2735 1055 2762 utile

265 2780 319 2808 est,
333 2781 386 2803 tam
401 2777 428 2804 in
444 2777 478 2805 iis
493 2786 554 2812 qure
570 2779 622 2806 sub
646 2785 787 2815 aspectum
805 2781 917 2812 cadunt,
932 2788 1012 2815 quam
1026 2781 1053 2808 in

267 2822 369 2856 iisquze
384 2831 437 2850 non
455 2824 567 2856 cadunt,
579 2825 638 2860 ipse
652 2827 703 2853 sibi
721 2827 772 2862 ipsi
787 2827 905 2855 confecit
923 2837 929 2854 ί
954 2827 1054 2863 quippe

266 2868 313 2904 qui
331 2869 408 2905 quasi
419 2871 559 2898 materiam
577 2872 720 2906 quamdam
738 2878 818 2909 atque
839 2873 986 2902 essentiam
1007 2883 1054 2909 ge—

1105 2269 1158 2294 λων
1174 2268 1241 2303 ὁμοῦ
1256 2269 1303 2294 καὶ
1321 2268 1478 2302 δυνάμενος,
1500 2269 1647 2300 ἀκωλύτως
1666 2269 1712 2296 καὶ
1725 2269 1895 2304 ἁπαραποδί-

1106 2323 1176 2346 στως
1191 2315 1245 2340 πᾶν
1263 2315 1277 2340 ὅ
1297 2323 1324 2340 τι
1345 2314 1425 2340 καλὸν
1442 2315 1488 2340 καὶ
1509 2314 1646 2350 συμιρέρον
1660 2314 1688 2340 ἓν
1700 2323 1729 2340 τε
1747 2315 1895 2350 ὁρωμένοις

1105 2361 1152 2387 καὶ
1171 2361 1303 2394 ἀφανέσιν
1315 2360 1395 2392 αὐτὸς
1407 2360 1496 2395 ἑαυτῷ
1508 2361 1621 2396 συνεστή
1629 2369 1701 2392 ςατο,
1719 2360 1784 2396 ὕλην
1800 2361 1895 2396 ὥσπερ

1105 2407 1164 2433 τινὰ
1178 2408 1224 2433 καὶ
1237 2407 1328 2433 οὐσίαν
1343 2407 1390 2442 τῆς
1406 2406 1460 2433 τῶν
1470 2406 1537 2432 ὅλων
1550 2407 1682 2440 γενέσεώς
1693 2415 1721 2433 τε
1737 2407 1784 2433 καὶ
1801 2407 1897 2433 συστά-

1105 2463 1174 2486 σεως
1185 2454 1232 2490 τὴν
1248 2454 1344 2480 ἑαυτοῦ
1359 2453 1455 2488 βουλὴν
1474 2453 1520 2479 καὶ
1535 2453 1649 2488 δύναμιν
1664 2452 1893 2489 προϐεϐλημένος,

1104 2501 1141 2533 ὡς
1160 2501 1259 2536 μηκέτι
1276 2500 1393 2534 εὐλόγως
1409 2501 1489 2534 φάναι
1504 2501 1558 2526 δεῖν
1574 2500 1603 2532 ἐξ
1620 2501 1670 2525 οὐκ
1686 2500 1769 2526 ὄντων
1784 2497 1852 2526 εἷναί
1866 2507 1894 2525 τι

1105 2555 1157 2581 τῶν
1171 2554 1264 2581 ὄντων.
1278 2554 1345 2581 Οὐδὲ
1358 2555 1412 2589 γὰρ
1426 2554 1458 2580 ἂν
1473 2553 1515 2587 εἴη
1528 2563 1552 2580 τι
1572 2553 1602 2579 τὸ
1617 2554 1649 2580 ἐκ
1673 2554 1709 2588 μὴ
1731 2553 1816 2585 ὄντος.
1831 2553 1894 2585 Πῶς

1104 2608 1158 2642 γὰρ
1173 2607 1203 2632 τὸ
1219 2607 1255 2641 μὴ
1273 2606 1301 2632 ὂν
1318 2607 1403 2641 ἑτέρῳ
1414 2606 1459 2632 τοῦ
1477 2605 1545 2633 εἶναι
1560 2607 1657 2640 γένοιτ’
1670 2605 1702 2632 ἂν
1720 2606 1823 2638 dimov;
1840 2606 1894 2632 πᾶν

1104 2658 1132 2684 δὲ
1149 2659 1198 2684 ὅτι
1216 2658 1280 2684 ποτὲ
1296 2658 1341 2684 καὶ
1362 2658 1445 2689 ἔστιν,
1467 2658 1497 2690 ἐξ
1514 2659 1572 2690 ἑνὸς
1593 2658 1639 2684 τοῦ
1659 2658 1739 2692 μόνου
1756 2658 1831 2687 ὄντος
1847 2658 1894 2684 καὶ

1104 2708 1156 2743 πρὸ
1173 2708 1260 2739 ὄντος,
1277 2707 1323 2734 τοῦ
1338 2708 1370 2743 δὴ
1385 2709 1431 2735 καὶ
1445 2710 1590 2744 φήσαντος,
1610 2718 1618 2732 ι
1631 2707 1700 2742 Ἐγὼ
1713 2707 1772 2742 εἰμί
1785 2708 1799 2733 ὁ
1810 2706 1859 2738 ὢν,
1882 2717 1891 2733 ι

1103 2760 1134 2785 τὸ
1148 2757 1216 2786 εἶναι
1231 2760 1311 2786 λαϐὸν
1324 2760 1388 2795 ἔχει·
1406 2761 1446 2787 ὅτι
1459 2760 1490 2795 δη
1507 2760 1585 2796 μόνος
1599 2759 1648 2790 ὢν,
1661 2759 1765 2786 καῖ’ἀεὶ
1784 2758 1832 2791 ὢν,
1845 2759 1895 2785 αὑ-

1104 2811 1149 2843 τὸς
1168 2812 1233 2838 πΞςι
1250 2813 1305 2843 τοῖς
1374 2811 1456 2838 αὑτοῦ
1475 2812 1506 2838 τὸ
1528 2809 1596 2838 εἶναι
1614 2810 1794 2846 κτησαμένοις
1807 2810 1894 2842 αἴτιος

1105 2863 1150 2889 τοῦ
1164 2861 1231 2890 εἶναι
1253 2863 1381 2898 κατέπτη,
1407 2863 1444 2898 τῷ
1462 2862 1547 2889 θέλειν
1565 2862 1611 2889 καὶ
1632 2861 1668 2898 τῷ
1687 2862 1826 2889 δύνασθαι⁸
1846 2862 1894 2888 καὶ
