2071 3219
278 147 331 175 255

615 148 750 177 EU'SEBH
766 149 1009 177 C/ESARIENSIS
1029 149 1104 177 OPP.
1128 149 1218 176 PARS
1236 150 1268 177 Il.
1290 165 1325 170 —
1343 148 1591 176 APOLOGETICA.

1853 148 1907 175 256

275 207 340 242 quid
360 208 432 235 enim
453 208 489 236 ab
506 207 557 235 hoc
575 208 692 236 alienum
720 210 810 242 fuerit,
826 211 943 238 tcncbrm
969 214 1060 243 erunt,

1122 220 1153 238 :Ot
1171 210 1274 238 καὶτοῦ
1292 211 1398 237 πάντων
1416 211 1552 237 ἀνωτάτου
1571 209 1687 244 ΙΙατρὺς,
1708 210 1825 244 ἁρρήτου
1849 218 1906 243 (ξω-
1933 228 1937 233 .

275 262 328 280 non
346 254 447 282 lumen.
462 253 566 283 Idcirco
580 256 661 283 etiam
691 257 813 292 supremi
826 258 947 285 omnium
964 257 1066 284 Paren-

275 298 310 325 tis
328 307 390 325 cum
415 298 505 327 lumen
521 301 567 333 sit,
579 302 650 336 quod
667 303 748 330 nullis
764 301 853 330 verbis
873 303 1067 338 comprehendi

276 348 375 378 potest.
397 353 430 372 ne
447 345 536 373 simile
552 347 661 381 quidem
676 348 760 374 ullum
779 349 953 383 propriumve
975 356 1066 375 exem-

276 391 334 425 plar
354 391 448 422 fuerit.
464 396 562 427 prmter
579 393 666 428 ipsum
683 394 735 421 hoc
755 395 855 426 solum,
870 395 941 429 quod
957 394 1067 429 quidem

276 436 364 472 ipsum
388 437 491 471 dicere,
508 439 572 466 item
583 440 617 467 de
628 440 708 471 Filio,
724 440 764 468 l'as
779 446 837 474 est;
853 440 982 476 splendor
993 440 1066 467 enim

274 487 317 510 est
331 483 442 511 luminis
461 486 631 520 sempiterni,
644 487 840 522 speculumque
862 486 1066 513 immaculatum

276 529 375 555 divime
394 530 546 562 evidentize,
564 535 591 558 et
606 533 695 568 imago
717 533 846 560 bonitatis
872 532 942 567 ejus.
957 532 994 558 Ex
1013 540 1068 566 quo

277 573 342 600 illud
358 574 458 601 dictum
475 581 516 602 est
534 586 540 603 :
561 586 570 602 ‹
591 577 640 610 Qui
656 585 719 604 cum
734 578 769 604 sit
783 577 912 613 splendor
926 577 1028 612 glotiie.
1042 581 1068 604 et

276 619 362 655 ﬁgura
389 622 548 649 substantia:
572 623 672 657 ejus”.
701 633 710 649 ι
733 624 867 650 Czeterum
900 630 915 650 a
944 622 1067 650 sensibili

273 666 384 700 quidem
407 667 509 694 lumine
523 668 652 702 splendor
668 669 789 703 separari
815 677 869 696 non
889 673 980 703 potest
998 679 1004 696 :
1022 667 1068 695 Fi-

275 712 328 738 lius
349 714 440 740 autem
462 722 587 741 seorsqu
605 722 619 741 a
640 713 720 742 Patre
742 723 790 749 per
807 716 926 750 seipsum
942 715 1069 742 subsistit

274 761 301 785 et
317 757 428 785 luminis
444 759 553 793 quidem
576 760 704 794 splendor
724 760 814 786 locum
830 760 980 787 ellicientia?
998 759 1069 786 obti—

274 807 336 838 net;
355 808 382 830 at
396 803 482 832 Filius
498 806 570 832 aliud
593 806 719 840 quiddam
738 813 819 841 quam
845 805 996 833 secundum
1013 804 1068 832 elli-

275 850 402 877 tieutiam
429 855 479 884 est,
497 859 550 878 non
583 860 630 887 per
655 852 775 888 seipsum
800 852 893 887 utique
920 852 1067 879 essentiam

1117 257 1162 289 τὸς
1173 257 1258 289 ὄντος,
1275 257 1351 283 οὐδὲν
1373 257 1421 292 μὲν
1436 257 1588 292 προσφερὲς
1604 255 1677 290 αὐτῷ
1694 256 1747 281 οὐδ’
1762 257 1860 283 οῖηῖον
1873 257 1908 282 ἂν

1116 303 1220 338 γένοιτο
1236 304 1420 339 παράδειγμα,
1437 303 1506 338 πλὴν
1522 304 1583 329 ὅσον
1598 303 1663 330 αὐτὸ
1684 302 1762 328 τοῦτο
1786 304 1876 337 μόνον,
1893 302 1908 329 ὃ

1116 349 1210 385 δήκαὶ
1227 350 1309 384 φάναι
1336 350 1401 384 περὶ
1428 349 1492 376 Υἱοῦ
1512 347 1568 375 οἷον
1589 357 1633 375 τε·
1660 348 1830 383 ἀπαύγασμα
1852 349 1908 384 γάρ

1117 396 1173 421 ἐστι
1187 394 1275 429 φωτὸς
1289 395 1386 428 ἀϊδίου,
1405 396 1450 422 καὶ
1468 394 1596 430 ἔσοπτρον
1613 394 1779 430 ἀχηλίδωτον
1793 394 1842 429 τῆς
1859 394 1907 420 τοῦ

1116 440 1184 467 Θεοῦ
1211 441 1360 476 ἐνεργείας,
1383 441 1429 467 καὶ
1447 440 1529 467 εἰκὼν
1548 440 1597 475 τῆς
1625 440 1793 475 ἀγαθότητος
1813 439 1905 467 αὐτοῦ.

1117 488 1162 513 Διὸ
1179 487 1301 522 εἴρηται’
1319 496 1328 512 ι
1345 488 1392 517 Ὃς
1408 485 1445 512 ὢν
1458 486 1627 521 ἀπαύγασμα
1639 486 1688 520 τῆς
1703 485 1782 520 δόξης
1799 487 1845 513 καὶ
1859 495 1907 521 χα-

1119 534 1224 570 ρακτὴρ
1239 534 1287 569 τῆς
1304 533 1477 565 ὑποστάσεως
1495 533 1585 560 αὐτοῦ.
1600 543 1609 558 ι
1629 533 1707 560 Ἀλλὰ
1723 533 1770 561 τοῦ
1790 534 1839 569 μὲν
1866 535 1909 560 αἰ-

1119 580 1217 615 σθητοῦ
1230 579 1318 614 φωτὸς
1344 579 1527 616 ἀχώριστοςὴ
1550 580 1619 615 αὐγὴ
1634 600 1640 611 ,
1659 581 1672 607 ὁ
1697 580 1718 606 δ’
1745 580 1808 612 Υἱὸς
1837 581 1908 612 ἰδίως

1118 626 1193 661 παρὰ
1205 626 1250 652 τὸν
1267 626 1376 661 Πατέρα
1393 625 1453 652 καθ’
1467 626 1561 652 ἑαυτὸν
1583 626 1726 662 ἐφέστηκε.
1746 627 1799 652 Καὶ
1820 626 1909 660 φωτὸς

1121 672 1169 707 μὲν
1181 673 1197 707 ἡ
1216 671 1286 706 αὐγὴ
1305 671 1395 707 χώραν
1409 672 1550 707 ἐνεργείας
1562 672 1665 707 ἐπέχει,
1677 673 1690 698 ὁ
1701 672 1729 698 δὲ
1741 673 1804 704 Υἱὸς
1816 672 1911 708 ἕτερόν

1117 726 1144 744 τι
1164 717 1180 752 ἤ
1196 717 1266 744 κατὰ
1286 717 1426 753 ἐνέργειαν
1444 718 1588 752 τυγχάνει,
1606 717 1667 744 καθ’
1693 717 1789 744 ἑαυτὸν
1813 718 1911 744 οὑσιω-

1120 763 1208 798 μένος.
1228 763 1282 790 Καὶ
1298 763 1376 790 πάλιν
1391 764 1407 798 ἡ
1425 763 1474 798 μὲν
1493 763 1564 798 αὐγὴ
1583 764 1749 798 συνυπάρχει
1767 763 1805 799 τῷ
1828 764 1910 798 φωτὶ,

1120 808 1228 844 συμπλη
1235 809 1334 844 ρωτική
1349 817 1390 840 τις
1406 806 1472 835 οὖσα
1490 809 1571 835 αὐτοῦ
1583 817 1589 824 '
1603 808 1667 836 ἄνευ
1687 809 1741 844 γὰρ
1758 809 1844 845 αὐγῆς
1859 809 1911 836 οὐκ

1119 852 1152 880 ἂν
1169 854 1302 888 ὑποσταίη
1317 854 1383 888 φῶς,
1395 853 1462 889 ὁμοῦ
1479 863 1508 880 τε
1527 855 1574 880 καὶ
1589 854 1648 880 καθ’
1664 854 1728 880 αὐτὸ
1744 855 1912 890 συνυςρέστη-

275 899 383 928 nactus,
401 895 447 922 sed
465 904 478 922 a
501 895 589 923 Patre.
610 895 717 924 Rursus
743 897 872 932 splendor
894 896 974 924 simul
995 896 1068 924 exsi-

1122 908 1176 926 κεν.
1195 900 1223 926 Ὀ
1240 899 1268 925 δὲ
1285 900 1378 935 Πατὴρ
1397 900 1566 935 προύπάρχει
1582 899 1629 926 τοῦ
1647 900 1720 926 Υἱοῦ.
1740 901 1786 927 καὶ
1801 901 1849 936 τῆς
1865 909 1911 934 γε·

274 940 322 967 stit
342 949 404 967 cum
435 941 551 973 lumine,
579 942 700 977 illudque
726 942 927 978 quodammodo
950 942 1067 976 complet

273 988 349 1023 (nam
368 988 426 1015 sine
444 988 588 1022 splendore
613 997 666 1016 non
693 989 820 1017 consistit
843 988 953 1022 lumen),
971 989 1068 1016 simul-

275 1041 329 1069 que
358 1042 419 1061 cum
451 1035 508 1067 illo,
537 1041 564 1062 et
588 1036 737 1063 secundum
755 1037 820 1064 illud
843 1036 969 1064 subsistit
986 1046 993 1063 ε
1010 1039 1037 1062 at
1053 1042 1068 1062 a

277 1078 357 1108 Patre
373 1080 457 1108 Filius
473 1081 606 1117 procedit,
623 1087 649 1109 et
668 1082 743 1109 illum
757 1086 879 1117 generat,
897 1086 924 1108 at
940 1082 998 1116 ipse
1013 1089 1068 1108 non

275 1126 384 1160 genitus
399 1131 443 1154 est
458 1136 465 1154 :
486 1132 511 1155 et
528 1128 573 1155 ille
585 1128 694 1163 quidem
711 1136 759 1163 per
776 1136 805 1156 se
821 1128 911 1163 ipsum
931 1126 1068 1163 perfectus

274 1177 314 1199 ac'
331 1173 435 1207 primus
461 1178 590 1209 tanquam
608 1174 697 1206 Pater,
713 1179 740 1202 et
755 1174 801 1209 qui
821 1178 918 1201 auctor
932 1174 1010 1201 situt
1025 1173 1069 1200 Fi-

276 1217 329 1244 lius
354 1218 499 1252 consistat,
516 1219 583 1246 nihil
610 1227 625 1246 a
651 1219 719 1246 Filio
745 1219 893 1254 accipiens,
909 1227 963 1254 quo
991 1227 1069 1247 suam

276 1268 401 1290 naturain
427 1273 481 1299 qua
506 1264 577 1292 Deus
602 1269 643 1293 est
665 1266 799 1301 compleat
818 1276 825 1293 :
842 1267 886 1293 hic
901 1271 990 1293 autem
1008 1270 1070 1293 tan-

275 1317 357 1345 quam
376 1319 408 1337 ex
426 1319 509 1338 causa
525 1312 663 1346 profectus
679 1311 774 1345 Filius,
792 1313 863 1340 alius
881 1313 915 1340 ab
932 1313 978 1340 illo
990 1313 1070 1347 cujus

275 1360 318 1383 est
338 1356 423 1384 Filius
442 1358 560 1390 exsistit,
580 1358 680 1393 quippe
695 1358 742 1393 qui
759 1366 774 1385 a
790 1358 870 1386 Patre
892 1362 921 1386 ut
942 1364 968 1386 et
990 1359 1026 1386 sit
1043 1363 1070 1386 et

276 1402 340 1430 talis
357 1403 392 1430 sit
409 1404 554 1438 acceperit.
572 1404 652 1440 148
668 1404 773 1432 Rursus
800 1405 930 1440 splendor
957 1405 1067 1440 quidem

277 1455 332 1475 non
349 1457 382 1476 ex
400 1449 541 1484 proposito
560 1455 586 1476 et
599 1450 738 1476 voluntate
754 1450 867 1478 luminis
880 1450 1070 1486 splendet,sed

277 1495 427 1522 secundum
450 1495 578 1530 quiddam
599 1495 671 1530 quod
687 1495 720 1522 ad
737 1495 885 1523 essentiam
908 1496 982 1523 illius
998 1495 1071 1524 inse-

279 1540 438 1575 parabiliter
453 1540 553 1567 accidit
570 1550 576 1567 :
591 1540 676 1568 Filius
693 1549 757 1568 vero
772 1549 803 1569 ex
819 1541 953 1569 sententia
967 1546 994 1569 ct
1011 1549 1072 1577 pro-

279 1587 368 1622 posito
382 1587 471 1621 imago
481 1586 569 1614 Patris
585 1587 702 1615 exsistit.
717 1587 816 1615 Volens
830 1588 903 1615 enim
921 1587 992 1616 Deus
1008 1587 1070 1615 Filii

277 1632 359 1660 Pater
385 1632 503 1663 exsistit,
525 1635 552 1658 et
577 1633 692 1659 alterum
713 1632 803 1659 lumen
823 1632 851 1659 in
873 1633 1001 1660 omnibus
1019 1633 1070 1661 sibi

279 1679 331 1714 ipsi
346 1678 435 1706 simile
449 1677 591 1705 substituit
606 1688 613 1704 :
633 1686 694 1705 cum
710 1686 775 1713 ergo
792 1686 847 1705 non
866 1679 986 1713 genitum
1001 1687 1072 1707 scm-

280 1726 471 1759 piternnmque
483 1724 573 1751 lumen
590 1732 674 1751 unum
690 1725 735 1755 sit,
747 1725 793 1759 qui
807 1724 863 1751 fieri
878 1728 967 1759 potest
980 1731 1008 1753 ut
1021 1726 1072 1753 hoc

279 1772 418 1798 diversum
439 1772 474 1798 sit
490 1771 524 1798 ab
542 1771 588 1798 illo
606 1771 689 1798 veluti
707 1771 795 1806 imago
812 1771 955 1806 qumdam?
970 1780 1001 1799 ac
1017 1780 1072 1799 non

280 1818 372 1852 potius
395 1817 525 1852 splendor
546 1825 666 1852 quoque,
690 1817 760 1852 quod
782 1825 859 1852 mque
874 1817 965 1844 lumen
983 1818 1028 1851 sit,
1045 1818 1072 1845 in

281 1864 408 1891 omnibus
431 1864 637 1891 similitmlinem
663 1863 742 1899 primi
768 1863 934 1898 exemplaris
959 1871 1072 1891 conser-

280 1910 366 1938 vans?
387 1910 529 1943 Quomodo
560 1919 623 1938 vero
652 1911 726 1938 illitis
751 1911 816 1938 item
834 1910 907 1946 quod
931 1919 1016 1937 unum
1032 1915 1074 1938 est

281 1953 371 1989 Imago
396 1954 493 1986 luerit;
510 1956 532 1982 si
555 1963 609 1982 non
625 1963 678 1982 una
698 1957 755 1990 ipsa
773 1963 882 1990 quoque
897 1955 943 1987 sit,
957 1959 986 1981 ut
999 1955 1074 1982 vide-

283 2001 345 2028 licet
360 2010 414 2028 non
431 2003 519 2030 solum
533 2004 660 2030 essentia:
672 2003 732 2037 ejus
743 2003 814 2038 quod
829 2004 946 2038 primum
960 2007 1011 2036 est,
1026 2003 1074 2030 sed

283 2046 365 2073 etiam
392 2047 452 2082 ejus
479 2048 527 2082 qui
550 2048 584 2075 ad
611 2050 792 2083 quantitatem
819 2048 946 2083 pertinet,
968 2048 1074 2075 numeri

283 2092 489 2120 similitudinem
503 2093 634 2120 inducat?
650 2094 686 2120 ita
701 2093 810 2128 quidem
828 2097 858 2120 nt
875 2093 957 2120 unius
971 2093 1074 2128 sempi-

283 2139 352 2166 terni
366 2139 477 2168 luminis
489 2148 572 2167 unum
590 2141 626 2168 sit
642 2141 791 2176 perfectum
807 2141 909 2173 lumen,
919 2149 973 2168 non
984 2145 1075 2168 autem

283 2186 392 2214 diversa
409 2191 436 2214 et
451 2187 540 2221 plura,
555 2188 581 2215 id
605 2187 677 2222 quod
698 2187 814 2222 primum
827 2191 855 2215 et
871 2187 982 2214 unicum
997 2187 1074 2222 geni-

284 2236 353 2263 tum,
366 2231 523 2267 editumque
544 2239 596 2265 cst,
615 2233 704 2267 ipsum
726 2233 821 2267 utique
843 2232 909 2259 illud
926 2232 1075 2267 perlectum

284 2278 396 2309 bonum,
414 2277 448 2306 de
472 2286 527 2314 quo
549 2286 604 2305 uno
627 2286 677 2306 nos
693 2286 812 2313 quoque,
829 2281 890 2313 post
901 2285 960 2305 eam
973 2286 1033 2312 qum
1049 2283 1076 2305 et

283 2324 428 2359 principio,
439 2328 467 2351 et
481 2328 542 2351 ortu
558 2329 633 2352 caret
644 2324 805 2356 essentiam,
824 2328 853 2350 ut
870 2323 903 2350 de
918 2323 972 2350 Deo
988 2323 1077 2358 loqui-

284 2380 354 2399 mur.
376 2371 463 2400 Unius
487 2380 552 2407 ergo
567 2372 656 2399 Patris
672 2379 756 2399 unum
774 2379 835 2399 csse
846 2370 943 2397 Filium
958 2375 1074 2406 oportet.

285 2419 351 2446 Nam
375 2419 397 2447 si
426 2419 582 2454 fragrantia:
597 2422 682 2453 genus
698 2425 781 2444 unum
796 2426 829 2444 cx
844 2417 935 2453 aliqua
951 2417 1076 2453 subjecta

284 2475 314 2494 re
331 2465 532 2501 proﬁciscatur,
549 2472 633 2491 unum
656 2471 764 2499 quoque
780 2468 808 2490 et
825 2463 962 2496 eumdem,
975 2464 1021 2498 qui
1048 2464 1075 2490 in

283 2520 379 2540 omnes
394 2511 563 2539 diffundatur
579 2518 689 2538 suavem
707 2510 829 2540 odorem,
845 2517 899 2536 non
914 2509 1038 2536 diversos
1049 2513 1076 2536 et

285 2558 378 2591 plures
399 2556 476 2584 fateri
497 2564 545 2592 par
561 2560 612 2583 est.
627 2555 696 2582 Cum
716 2554 800 2589 igitur
815 2555 932 2588 primum
949 2553 1014 2581 illud
1030 2562 1076 2581 so-

287 2602 396 2636 lumque
416 2602 528 2634 bonum,
543 2602 588 2637 qui
603 2606 644 2629 est
658 2600 779 2627 omnium
796 2606 924 2635 regnator
938 2600 1020 2632 Deus,
1036 2601 1077 2627 di-

289 2648 377 2674 vinam
391 2648 556 2683 vitalcmque
571 2647 760 2683 fragrantiam,
781 2655 841 2682 qum
851 2647 943 2674 animo
958 2650 986 2673 et
1001 2646 1078 2681 cogi-

288 2693 389 2720 tatione
413 2693 544 2720 duntaxat
570 2694 763 2729 comprehendi
789 2697 888 2729 potest,
906 2692 1075 2728 produxerit,

291 2747 371 2765 unam
383 2739 453 2766 hanc
480 2740 522 2768 l'as
545 2747 586 2768 est
604 2742 765 2777 intelligere,
787 2741 880 2776 plures
902 2740 990 2768 nefas.
1006 2739 1076 2773 Quid

288 2786 361 2813 enim
373 2794 434 2814 esse
451 2792 550 2822 potest,
565 2789 635 2824 quod
649 2789 758 2826 quidem
771 2789 804 2816 ab
815 2789 866 2816 hac
880 2787 1018 2816 diversum
1031 2787 1076 2821 sit,

326 2888 349 2905 ’θ
363 2887 444 2915 Hebr.
460 2897 478 2922 I,
490 2890 515 2916 3.

1119 945 1218 976 νέσεως
1239 945 1320 971 αὑτοῦ
1337 946 1542 981 προῦφέστηκεν
1554 966 1561 977 ,
1615 946 1694 981 μόνος
1717 947 1850 982 ἀγένητος
1864 944 1909 981 ἦν.

1119 991 1174 1017 Καὶ
1186 991 1200 1016 ὁ
1215 991 1264 1026 μὲν
1276 990 1335 1017 καθ’
1346 992 1440 1018 ἑαυτὸν
1451 991 1552 1023 τέλειος
1565 993 1611 1018 καὶ
1623 992 1742 1028 πρῶτος.
1755 992 1792 1023 ὡς
1804 991 1910 1027 Πατὴρ,

1119 1037 1166 1062 καὶ
1182 1037 1230 1071 τῆς
1258 1035 1304 1062 τοῦ
1323 1035 1386 1062 Υἱοῦ
1399 1037 1552 1068 συστάσεως
1574 1037 1674 1068 αἴτιος,
1693 1037 1768 1063 οὐδὲν
1785 1038 1824 1068 εὶς
1843 1045 1911 1072 συμ-

1120 1082 1260 1118 πλήρωσιν
1276 1082 1324 1117 τῆς
1339 1081 1435 1108 ἑαυτοῦ
1453 1082 1577 1117 θεότητος
1594 1082 1667 1118 παρὰ
1685 1083 1731 1108 τοῦ
1758 1082 1822 1109 Υἱοῦ
1839 1083 1910 1118 λαμ-

1120 1129 1209 1156 ϐάνων
1219 1137 1226 1144 ⁸
1244 1130 1257 1155 ὀ
1269 1128 1296 1155 δὲ
1311 1129 1348 1160 ὡς
1365 1127 1395 1160 ἐξ
1412 1128 1498 1154 αἰτίου
1515 1127 1633 1162 γεγονὼς
1653 1128 1725 1160 Υἱὸς,
1741 1128 1866 1164 δεύτερος
1880 1125 1912 1156 οὖ

1120 1178 1193 1203 ἐστιν
1209 1176 1271 1207 Tib;
1283 1175 1446 1209 καθέστηκε,
1458 1175 1533 1210 παρὰ
1548 1174 1594 1201 τοῦ
1613 1175 1717 1210 Πατρὸς
1730 1176 1776 1201 καὶ
1792 1175 1823 1201 τὸ
1842 1173 1912 1202 εἶναι

1120 1223 1167 1249 καὶ
1183 1222 1284 1248 τοιόσδε
1299 1219 1367 1247 εἶναι
1385 1221 1512 1256 εἰληφώς.
1531 1221 1584 1247 Καὶ
1599 1220 1678 1247 πάλιν
1693 1221 1709 1256 ὴ
1722 1221 1771 1256 μὲν
1786 1221 1857 1257 αὐγὴ
1880 1221 1912 1248 οὐ

1120 1269 1192 1294 κατὰ
1206 1267 1364 1303 προαίρεσιν
1380 1266 1426 1292 τοῦ
1436 1267 1523 1300 φωτὸς
1539 1266 1684 1300 ἐκλάμπει,
1696 1266 1766 1292 κατὰ
1781 1275 1807 1292 τι
1817 1266 1846 1292 δὲ
1862 1266 1912 1301 τῆς

1120 1314 1214 1346 οὐσίας
1233 1313 1405 1348 συμὸεδηκὸς
1415 1312 1582 1348 ἀχώριστον·
1600 1314 1613 1338 ὁ
1629 1313 1657 1339 δὲ
1676 1312 1738 1344 Υἱὸς
1756 1313 1825 1339 κατὰ
1841 1312 1911 1346 γνώ-

1123 1369 1176 1396 μην
1196 1360 1242 1386 καὶ
1260 1359 1419 1395 προαίρεσιν
1436 1359 1517 1385 εἰκὼν
1532 1359 1635 1394 ὑπέστη
1656 1358 1701 1385 τοῦ
1717 1359 1832 1394 Πατρός.
1849 1359 1914 1385 Βου-

1121 1407 1212 1443 ληθεὶς
1228 1408 1282 1443 γὰρ
1293 1408 1307 1432 ὀ
1318 1406 1384 1437 Θεὸς
1399 1406 1509 1440 γέγονεν
1523 1405 1586 1432 Υἱοῦ
1598 1406 1703 1442 Πατὴρ,
1715 1407 1762 1432 καὶ
1780 1406 1837 1440 φῶς
1852 1406 1914 1432 δεύ-

1120 1463 1198 1490 τερον
1215 1453 1285 1481 κατὰ
1296 1454 1383 1480 πάντα
1395 1452 1483 1487 ἐαυτῷ
1499 1452 1713 1487 ἀφωμοιωμένον
1730 1453 1912 1488 ὑπεστήσατο.

1127 1502 1272 1536 ’Λγενήτου
1295 1499 1438 1535 τοιγαροῦν
1459 1499 1502 1525 καὶ
1525 1498 1610 1523 ἁῗδίου
1633 1499 1721 1533 φωτὸς
1742 1499 1817 1530 tvm;
1841 1499 1913 1532 ἐνὸς,

1123 1548 1181 1579 πῶς
1198 1547 1229 1574 ἂν
1243 1547 1346 1581 γένοιτο
1359 1546 1422 1572 ἄλλο
1435 1543 1532 1577 uidet;
1549 1546 1639 1577 εἰκὼν,
1653 1546 1713 1580 οὐχὶ
1723 1545 1750 1571 δὲ
1765 1545 1835 1580 αὐγὴ
1846 1543 1913 1572 οὖσα

1123 1594 1181 1630 φῶς
1194 1594 1264 1621 κατὰ
1274 1593 1362 1620 πάντα
1373 1593 1402 1619 τὸ
1414 1593 1531 1628 ἐμφερὲς
1544 1591 1579 1626 τῷ
1591 1592 1760 1627 πρωτοτύπῳ
1773 1592 1914 1625 σώζουσαι

1124 1640 1182 1672 πῶς
1197 1640 1220 1666 δ’
1238 1640 1271 1666 ἂν
1294 1641 1340 1666 καὶ
1363 1639 1446 1666 αὐτοῦ
1461 1639 1507 1665 τοῦ
1525 1638 1582 1670 ἑνὸς
1598 1639 1639 1673 εἴη
1655 1637 1746 1671 εἰκὼν,
1767 1639 1791 1664 εἰ
1810 1638 1847 1672 μὴ
1865 1638 1913 1672 μία

1123 1687 1169 1713 καὶ
1194 1687 1210 1721 ἠ
1240 1686 1308 1721 αὐτὴ
1331 1683 1412 1717 οὖσα;
1429 1685 1502 1716 ὅπως
1522 1684 1558 1719 μὴ
1577 1685 1656 1719 μόνον
1686 1683 1736 1718 τῆς
1758 1683 1851 1714 οὐσίας
1867 1683 1913 1709 τοῦ

1123 1733 1242 1770 πρώτου,
1265 1733 1332 1760 ἀλλὰ
1350 1733 1396 1760 καὶ
1418 1732 1463 1759 τοῦ
1487 1732 1555 1758 κατὰ
1578 1731 1608 1758 τὸ
1626 1731 1707 1758 ποσὸν
1731 1731 1848 1766 ἀριθμοῦ
1864 1730 1914 1766 τὴν

1123 1781 1252 1816 ὁμοίωσιν
1267 1780 1406 1814 ἐπάγοιτο,
1424 1779 1488 1806 ὥσθ’
1505 1779 1564 1810 ἐνὸς
1573 1777 1641 1805 εἶναι
1656 1778 1702 1804 τοῦ
1725 1777 1810 1804 ἀϊδίου
1826 1778 1915 1812 φωτὸς

1123 1828 1152 1854 ἓν
1167 1827 1196 1854 τὸ
1211 1827 1323 1859 τέλειον,
1339 1826 1396 1852 ἀλλ’
1412 1826 1442 1852 οὐ
1465 1825 1580 1860 amo,“
1596 1824 1643 1850 καὶ
1659 1824 1743 1850 πολλὰ
1756 1824 1787 1850 τδ
1807 1823 1915 1859 πρῶτον

1125 1875 1171 1901 καὶ
1186 1874 1329 1909 μονογενὲς
1350 1873 1475 1907 ἔκγονον,
1498 1872 1563 1898 αὐτὸ
1583 1871 1614 1908 δὴ
1635 1872 1723 1897 ἐκεῖνο
1740 1871 1769 1897 τὸ
1785 1870 1832 1896 καὶ
1848 1871 1916 1904 ἡμῖν

1126 1920 1231 1955 πρῶτον
1247 1919 1316 1955 μετὰ
1331 1919 1380 1955 τὴν
1397 1918 1514 1954 ἄναρλον
1531 1917 1577 1944 καὶ
1600 1917 1731 1952 ἀγένητον
1745 1916 1838 1943 οὐσίαν
1855 1916 1915 1942 θεο-

1124 1967 1286 2002 λογοὺμενον
1300 1966 1400 1993 τέλειον
1415 1965 1527 2000 ἀγαθόν.
1549 1964 1617 1991 Ἕνα
1631 1963 1696 1998 γοῦν
1714 1963 1766 1998 χρὴ
1786 1963 1845 1994 ἑνὸς
1860 1963 1917 1988 Πα-

1125 2013 1187 2049 τρὺς
1203 2014 1251 2039 καὶ
1264 2012 1310 2038 τὸν
1333 2011 1395 2038 Υἱδν
1412 2009 1489 2038 εἶναι.
1513 2011 1568 2037 Καὶ
1590 2010 1645 2045 γὰρ
1668 2011 1731 2045 μιᾶς
1749 2009 1864 2041 εὐωδίας
1887 2008 1916 2042 ἐξ

1125 2059 1308 2094 ὑποκειμένης
1329 2059 1400 2090 τινος
1425 2057 1572 2093 προϊούσης
1587 2056 1681 2087 οὐσίας
1707 2056 1771 2091 μίαν
1796 2056 1842 2082 καὶ
1866 2056 1917 2090 τὴν

1126 2106 1211 2139 αὐτὴν
1226 2105 1412 2140 προχεομένην
1425 2104 1516 2139 ἡδεῖαν
1528 2104 1567 2134 εἰς
1584 2102 1686 2134 πάντας
1701 2101 1797 2137 ὀδμὴν,
1814 2101 1871 2128 ἀλλ’
1885 2101 1916 2128 οὐ

1126 2152 1270 2187 διαφόρους
1291 2151 1337 2177 καὶ
1358 2150 1458 2182 πολλὰς
1485 2149 1618 2186 προσήκοι
1638 2149 1671 2175 ἂν
1692 2149 1843 2184 ὁμολογεῖν.
1862 2148 1916 2174 Τοῦ

1127 2198 1195 2232 δῆτα
1207 2197 1315 2233 πρώτου
1333 2197 1380 2224 καὶ
1394 2197 1473 2232 μόνου
1492 2195 1608 2230 ἀγαθοῦ,
1625 2195 1638 2221 ὃ
1655 2196 1728 2222 ἐστιν
1748 2196 1762 2221 ὀ
1779 2195 1917 2230 παμϐασι-

1094 2245 1112 2271 D
1127 2244 1188 2275 λεῦς
1199 2244 1275 2275 Θεὸς,
1289 2243 1326 2278 νῷ
1340 2244 1387 2270 καὶ
1397 2242 1499 2278 διανοίᾳ
1509 2242 1615 2277 ληπτὴν
1633 2241 1723 2268 ἔνθεον
1736 2241 1783 2268 καὶ
1799 2240 1917 2276 ζωτικὴν

1127 2289 1482 2325 εὐιιιδῖανύποστησαμένου,
1494 2288 1556 2324 μίαν
1567 2287 1678 2323 ταύτην,
1691 2287 1748 2314 ἀλλ’
1763 2288 1792 2313 οὐ
1808 2287 1917 2319 πλείους

1127 2337 1245 2363 ἐπινοεῖν
1260 2336 1346 2372 θέμις.
1366 2335 1397 2362 Τί
1410 2335 1465 2370 γὰρ
1480 2335 1511 2362 ἂν
1530 2335 1577 2361 καὶ
1595 2335 1699 2368 γένοιτο
1713 2334 1814 2369 ταύτης
1824 2333 1918 2368 ἕτερον

1128 2382 1199 2409 κατὰ
1219 2382 1308 2409 πάντα
1323 2382 1361 2417 τῷ
1379 2381 1465 2416 Πατρὶ
1479 2380 1708 2416 ἀφωμοιωμένης,
1726 2381 1750 2406 εἰ
1768 2381 1804 2415 μή
1819 2388 1845 2405 τι
1864 2379 1918 2414 ἄρα

1129 2428 1299 2462 ὐποίῖεϐηκὸς
1315 2427 1362 2453 καὶ
1387 2428 1492 2462 χεῖρον;
1510 2426 1523 2452 ὂ
1543 2425 1668 2461 οὐδαμῶς
1689 2427 1755 2461 ἡμῖν
1772 2427 1801 2451 ἐν
1823 2427 1855 2460 τῇ
1870 2424 1917 2451 τοῦ

1128 2473 1194 2500 Υἱοῦ
1212 2473 1336 2509 θεολογίᾳ.
1357 2473 1565 2508 παρεισακτέον.
1597 2473 1691 2508 Ὰτμὶς
1711 2473 1764 2509 γάρ
1786 2474 1845 2499 ἐστι
1867 2473 1918 2508 τῆς

1127 2521 1174 2547 τοῦ
1188 2520 1256 2547 Θεοῦ
1267 2521 1416 2555 δυνάμεως,
1432 2520 1479 2546 καὶ
1495 2520 1629 2555 ἁπόῤῥοια
1641 2519 1689 2554 τῆς
1702 2519 1748 2545 τοῦ
1764 2519 1918 2554 παντοκρά-

1128 2576 1206 2602 τορος
1220 2567 1297 2602 δόξης
1315 2566 1472 2602 εἰλικρινής.
1489 2565 1533 2598 Ἐξ
1555 2565 1671 2596 εὐώδους
1689 2566 1737 2601 μὲν
1751 2565 1806 2600 γὰρ
1823 2565 1917 2600 σώμα-

1129 2622 1184 2644 τος.
1199 2613 1284 2648 μύρου
1299 2612 1370 2644 τινὸς
1387 2612 1464 2647 φέρε,
1480 2611 1496 2647 ἢ
1514 2612 1560 2638 καὶ
1574 2611 1627 2638 τῶν
1644 2611 1698 2638 ἀπὸ
1717 2612 1768 2647 γῆς
1781 2610 1919 2646 ἀκμαζόν-

1129 2668 1193 2691 των,
1208 2657 1310 2693 εὐώδης
1326 2667 1366 2690 τις
1384 2658 1471 2684 ἀνθῶν
1488 2666 1517 2684 τε
1532 2658 1580 2684 καὶ
1590 2658 1744 2693 ἀρωμάτων
1759 2657 1826 2692 πνοὴ
1843 2657 1918 2692 παρὰ

1130 2705 1160 2731 τὸ
1177 2704 1284 2740 πρῶτον
1305 2704 1482 2740 ὑποκείμενον
1498 2705 1538 2736 εἰς
1558 2704 1629 2731 ἅπαν
1649 2703 1679 2730 τὸ
1693 2704 1771 2735 ἐκτὸς
1790 2703 1919 2739 περιέχον

1131 2751 1284 2785 πμιχείται.
1300 2751 1346 2777 καὶ
1371 2751 1470 2786 πληροῖ
1486 2759 1518 2784 γε
1533 2750 1580 2777 καὶ
1603 2749 1648 2776 τὸν
1672 2750 1742 2785 ἀέρα
1763 2750 1802 2781 εἰς
1819 2749 1920 2781 πλάτος

1132 2797 1314 2832 ἀναχεομένη,
1340 2797 1398 2823 οὔτι
1416 2806 1459 2824 πω
1478 2797 1547 2824 κατὰ
1570 2796 1696 2832 στέρησιν
1712 2796 1728 2830 ἢ
1748 2796 1875 2831 μείωσιν,
1901 2795 1919 2830 ἢ

1932 2865 1956 2894 ‘t
