  <div class='ocr_page' id='page_1' title='image "/cluster/home/n/w/nwhite01/storage/ocr_20150623/22/njp.32101077772497/169.png"; bbox 0 0 2071 3219; ppageno 0'>
   <div class='ocr_carea' id='block_1_1' title="bbox 293 201 347 229">
    <p class='ocr_par' dir='ltr' id='par_1_1' title="bbox 293 201 347 229">
     <span class='ocr_line' id='line_1_1' title="bbox 293 201 347 229; baseline 0.019 -1"><span class='ocrx_word' id='word_1_1' title='bbox 293 201 347 229; x_wconf 72' lang='lat'><strong>259</strong></span> 
     </span>
    </p>
   </div>
   <div class='ocr_carea' id='block_1_2' title="bbox 623 202 1583 233">
    <p class='ocr_par' dir='ltr' id='par_1_2' title="bbox 623 202 1583 233">
     <span class='ocr_line' id='line_1_2' title="bbox 623 202 1583 233; baseline 0.003 -3"><span class='ocrx_word' id='word_1_2' title='bbox 623 203 758 231; x_wconf 76' lang='lat' dir='ltr'><strong>EUSEBH</strong></span> <span class='ocrx_word' id='word_1_3' title='bbox 777 202 1016 231; x_wconf 70' lang='lat' dir='ltr'><strong>CESARIENSIS</strong></span> <span class='ocrx_word' id='word_1_4' title='bbox 1029 202 1103 231; x_wconf 82' lang='lat' dir='ltr'><strong>OPP.</strong></span> <span class='ocrx_word' id='word_1_5' title='bbox 1123 203 1214 231; x_wconf 76' lang='lat' dir='ltr'><strong>PARS</strong></span> <span class='ocrx_word' id='word_1_6' title='bbox 1231 204 1262 231; x_wconf 92' lang='lat' dir='ltr'><strong>ll.</strong></span> <span class='ocrx_word' id='word_1_7' title='bbox 1282 220 1318 225; x_wconf 88' lang='lat'><strong><em>——</em></strong></span> <span class='ocrx_word' id='word_1_8' title='bbox 1335 204 1583 233; x_wconf 75' lang='lat' dir='ltr'><strong>APOLOGETICA.</strong></span> 
     </span>
    </p>
   </div>
   <div class='ocr_carea' id='block_1_3' title="bbox 1869 205 1923 233">
    <p class='ocr_par' dir='ltr' id='par_1_3' title="bbox 1869 205 1923 233">
     <span class='ocr_line' id='line_1_3' title="bbox 1869 205 1923 233; baseline 0 -1"><span class='ocrx_word' id='word_1_9' title='bbox 1869 205 1923 233; x_wconf 68' lang='lat'><strong>260</strong></span> 
     </span>
    </p>
   </div>
   <div class='ocr_carea' id='block_1_4' title="bbox 292 261 1056 301">
    <p class='ocr_par' dir='ltr' id='par_1_4' title="bbox 292 261 1056 298">
     <span class='ocr_line' id='line_1_4' title="bbox 292 261 1056 298; baseline 0.001 -9"><span class='ocrx_word' id='word_1_10' title='bbox 292 261 424 289; x_wconf 86' lang='lat' dir='ltr'><strong>mundum</strong></span> <span class='ocrx_word' id='word_1_11' title='bbox 436 266 619 295; x_wconf 90' lang='lat' dir='ltr'><strong>construeret,</strong></span> <span class='ocrx_word' id='word_1_12' title='bbox 635 263 706 298; x_wconf 87' lang='lat' dir='ltr'><strong>quod</strong></span> <span class='ocrx_word' id='word_1_13' title='bbox 729 263 839 298; x_wconf 82' lang='lat' dir='ltr'><strong>angelos</strong></span> <span class='ocrx_word' id='word_1_14' title='bbox 860 263 992 295; x_wconf 73' lang='lat' dir='ltr'><strong>efﬁceret,</strong></span> <span class='ocrx_word' id='word_1_15' title='bbox 1008 270 1056 298; x_wconf 80' lang='lat' dir='ltr'><strong>quc</strong></span> 
     </span>
    </p>
   </div>
   <div class='ocr_carea' id='block_1_5' title="bbox 1105 261 1919 301">
    <p class='ocr_par' dir='ltr' id='par_1_5' title="bbox 1105 263 1919 301">
     <span class='ocr_line' id='line_1_5' title="bbox 1105 263 1919 301; baseline 0.004 -12"><span class='ocrx_word' id='word_1_16' title='bbox 1105 270 1117 297; x_wconf 55' lang='grc' dir='ltr'>λ</span> <span class='ocrx_word' id='word_1_17' title='bbox 1134 263 1281 298; x_wconf 79' lang='grc' dir='ltr'>βασιλικὸν,</span> <span class='ocrx_word' id='word_1_18' title='bbox 1293 265 1425 300; x_wconf 76' lang='grc' dir='ltr'>κριτικὸν,</span> <span class='ocrx_word' id='word_1_19' title='bbox 1435 265 1540 301; x_wconf 78' lang='grc' dir='ltr'>Πατρδς</span> <span class='ocrx_word' id='word_1_20' title='bbox 1556 264 1695 297; x_wconf 73' lang='grc' dir='ltr'>εὐσεϐείας</span> <span class='ocrx_word' id='word_1_21' title='bbox 1706 265 1919 299; x_wconf 76' lang='grc' dir='ltr'>ἁπαγγελτικόν.</span> 
     </span>
    </p>
   </div>
   <div class='ocr_carea' id='block_1_6' title="bbox 291 307 1083 343">
    <p class='ocr_par' dir='ltr' id='par_1_6' title="bbox 291 307 1083 343">
     <span class='ocr_line' id='line_1_6' title="bbox 291 307 1083 343; baseline 0 -8"><span class='ocrx_word' id='word_1_22' title='bbox 291 308 435 343; x_wconf 76' lang='lat' dir='ltr'><strong>spiritibus</strong></span> <span class='ocrx_word' id='word_1_23' title='bbox 459 308 625 343; x_wconf 89' lang='lat' dir='ltr'><strong>imperaret:</strong></span> <span class='ocrx_word' id='word_1_24' title='bbox 643 308 856 336; x_wconf 86' lang='lat' dir='ltr'><strong>instrumentum</strong></span> <span class='ocrx_word' id='word_1_25' title='bbox 880 307 952 343; x_wconf 90' lang='lat' dir='ltr'><strong>quod</strong></span> <span class='ocrx_word' id='word_1_26' title='bbox 977 308 1083 335; x_wconf 88' lang='lat' dir='ltr'><strong>animas</strong></span> 
     </span>
    </p>
   </div>
   <div class='ocr_carea' id='block_1_7' title="bbox 290 355 1920 391">
    <p class='ocr_par' dir='ltr' id='par_1_7' title="bbox 290 355 1920 391">
     <span class='ocr_line' id='line_1_7' title="bbox 290 355 1920 391; baseline 0.001 -9"><span class='ocrx_word' id='word_1_27' title='bbox 290 359 482 387; x_wconf 78' lang='lat' dir='ltr'><strong>conservaret,</strong></span> <span class='ocrx_word' id='word_1_28' title='bbox 511 355 584 390; x_wconf 90' lang='lat' dir='ltr'><strong>quod</strong></span> <span class='ocrx_word' id='word_1_29' title='bbox 600 363 715 391; x_wconf 83' lang='lat' dir='ltr'><strong>corpora</strong></span> <span class='ocrx_word' id='word_1_30' title='bbox 739 359 868 391; x_wconf 83' lang='lat' dir='ltr'><strong>augeret,</strong></span> <span class='ocrx_word' id='word_1_31' title='bbox 896 355 968 390; x_wconf 89' lang='lat' dir='ltr'><strong>quod</strong></span> <span class='ocrx_word' id='word_1_32' title='bbox 1003 355 1094 382; x_wconf 87' lang='lat' dir='ltr'><strong>omnia</strong></span> <span class='ocrx_word' id='word_1_33' title='bbox 1114 356 1286 390; x_wconf 90' lang='lat' dir='ltr'><strong>provideret,</strong></span> <span class='ocrx_word' id='word_1_34' title='bbox 1303 356 1478 391; x_wconf 78' lang='lat' dir='ltr'><strong>gubernaret,</strong></span> <span class='ocrx_word' id='word_1_35' title='bbox 1511 361 1630 387; x_wconf 83' lang='lat' dir='ltr'><strong>curaret,</strong></span> <span class='ocrx_word' id='word_1_36' title='bbox 1646 355 1718 391; x_wconf 90' lang='lat' dir='ltr'><strong>quod</strong></span> <span class='ocrx_word' id='word_1_37' title='bbox 1734 355 1788 383; x_wconf 86' lang='lat' dir='ltr'><strong>vim</strong></span> <span class='ocrx_word' id='word_1_38' title='bbox 1804 355 1920 385; x_wconf 79' lang='lat' dir='ltr'><strong>haberet</strong></span> 
     </span>
    </p>
   </div>
   <div class='ocr_carea' id='block_1_8' title="bbox 290 401 1485 437">
    <p class='ocr_par' dir='ltr' id='par_1_8' title="bbox 290 401 1485 437">
     <span class='ocr_line' id='line_1_8' title="bbox 290 401 1485 437; baseline 0.002 -9"><span class='ocrx_word' id='word_1_39' title='bbox 290 401 430 436; x_wconf 78' lang='lat' dir='ltr'><strong>regnandi,</strong></span> <span class='ocrx_word' id='word_1_40' title='bbox 446 402 517 437; x_wconf 88' lang='lat' dir='ltr'><strong>quod</strong></span> <span class='ocrx_word' id='word_1_41' title='bbox 543 402 702 437; x_wconf 84' lang='lat' dir='ltr'><strong>judicandi,</strong></span> <span class='ocrx_word' id='word_1_42' title='bbox 718 403 791 437; x_wconf 90' lang='lat' dir='ltr'><strong>quod</strong></span> <span class='ocrx_word' id='word_1_43' title='bbox 815 402 904 430; x_wconf 79' lang='lat' dir='ltr'><strong>Patris</strong></span> <span class='ocrx_word' id='word_1_44' title='bbox 924 403 1027 429; x_wconf 85' lang='lat' dir='ltr'><strong>eultum</strong></span> <span class='ocrx_word' id='word_1_45' title='bbox 1052 405 1078 429; x_wconf 89' lang='lat' dir='ltr'><strong>et</strong></span> <span class='ocrx_word' id='word_1_46' title='bbox 1099 403 1278 429; x_wconf 78' lang='lat' dir='ltr'><strong>reverentiam</strong></span> <span class='ocrx_word' id='word_1_47' title='bbox 1295 403 1485 430; x_wconf 90' lang='lat' dir='ltr'><strong>denuntiandi.</strong></span> 
     </span>
    </p>
   </div>
   <div class='ocr_carea' id='block_1_9' title="bbox 666 459 699 487">
    <p class='ocr_par' dir='ltr' id='par_1_9' title="bbox 666 459 699 487">
     <span class='ocr_line' id='line_1_9' title="bbox 666 459 699 487; baseline 0 0"><span class='ocrx_word' id='word_1_48' title='bbox 666 459 699 487; x_wconf 88' lang='lat' dir='ltr'><strong>V.</strong></span> 
     </span>
    </p>
   </div>
   <div class='ocr_carea' id='block_1_10' title="bbox 288 514 1076 551">
    <p class='ocr_par' dir='ltr' id='par_1_10' title="bbox 288 514 1076 551">
     <span class='ocr_line' id='line_1_10' title="bbox 288 514 1076 551; baseline 0.004 -10"><span class='ocrx_word' id='word_1_49' title='bbox 288 514 366 548; x_wconf 81' lang='lat' dir='ltr'><strong>Quod</strong></span> <span class='ocrx_word' id='word_1_50' title='bbox 378 515 582 543; x_wconf 77' lang='lat' dir='ltr'><strong>innumerabiles</strong></span> <span class='ocrx_word' id='word_1_51' title='bbox 597 516 700 550; x_wconf 78' lang='lat' dir='ltr'><strong>quidem</strong></span> <span class='ocrx_word' id='word_1_52' title='bbox 714 517 829 551; x_wconf 75' lang='lat' dir='ltr'><strong>fatemur</strong></span> <span class='ocrx_word' id='word_1_53' title='bbox 842 526 898 545; x_wconf 82' lang='lat' dir='ltr'><strong>esse</strong></span> <span class='ocrx_word' id='word_1_54' title='bbox 919 523 1022 545; x_wconf 71' lang='lat' dir='ltr'><strong>creatas</strong></span> <span class='ocrx_word' id='word_1_55' title='bbox 1034 518 1076 544; x_wconf 87' lang='lat' dir='ltr'><strong>di-</strong></span> 
     </span>
    </p>
   </div>
   <div class='ocr_carea' id='block_1_11' title="bbox 322 550 1072 586">
    <p class='ocr_par' dir='ltr' id='par_1_11' title="bbox 322 550 1072 586">
     <span class='ocr_line' id='line_1_11' title="bbox 322 550 1072 586; baseline 0.004 -10"><span class='ocrx_word' id='word_1_56' title='bbox 322 550 396 577; x_wconf 80' lang='lat' dir='ltr'><strong>vinas</strong></span> <span class='ocrx_word' id='word_1_57' title='bbox 410 555 561 584; x_wconf 73' lang='lat' dir='ltr'><strong>potestates,</strong></span> <span class='ocrx_word' id='word_1_58' title='bbox 575 559 654 577; x_wconf 85' lang='lat' dir='ltr'><strong>uuam</strong></span> <span class='ocrx_word' id='word_1_59' title='bbox 672 550 729 578; x_wconf 76' lang='lat' dir='ltr'><strong>vero</strong></span> <span class='ocrx_word' id='word_1_60' title='bbox 743 553 875 579; x_wconf 68' lang='lat' dir='ltr'><strong>duntaxat</strong></span> <span class='ocrx_word' id='word_1_61' title='bbox 893 553 975 586; x_wconf 80' lang='lat' dir='ltr'><strong>ipsius</strong></span> <span class='ocrx_word' id='word_1_62' title='bbox 990 553 1072 584; x_wconf 79' lang='lat' dir='ltr'><strong>Filii,</strong></span> 
     </span>
    </p>
   </div>
   <div class='ocr_carea' id='block_1_12' title="bbox 320 586 1073 622">
    <p class='ocr_par' dir='ltr' id='par_1_12' title="bbox 320 586 1073 622">
     <span class='ocr_line' id='line_1_12' title="bbox 320 586 1073 622; baseline 0.005 -11"><span class='ocrx_word' id='word_1_63' title='bbox 320 590 426 622; x_wconf 75' lang='lat' dir='ltr'><strong>propter</strong></span> <span class='ocrx_word' id='word_1_64' title='bbox 437 594 514 621; x_wconf 83' lang='lat' dir='ltr'><strong>quam</strong></span> <span class='ocrx_word' id='word_1_65' title='bbox 529 586 675 616; x_wconf 77' lang='lat' dir='ltr'><strong>inducitur.</strong></span> <span class='ocrx_word' id='word_1_66' title='bbox 689 588 831 622; x_wconf 76' lang='lat' dir='ltr'><strong>imaginem</strong></span> <span class='ocrx_word' id='word_1_67' title='bbox 844 588 891 614; x_wconf 80' lang='lat' dir='ltr'><strong>Dei</strong></span> <span class='ocrx_word' id='word_1_68' title='bbox 908 588 999 615; x_wconf 77' lang='lat' dir='ltr'><strong>Patris</strong></span> <span class='ocrx_word' id='word_1_69' title='bbox 1006 597 1073 621; x_wconf 69' lang='lat' dir='ltr'><strong>esse,</strong></span> 
     </span>
    </p>
   </div>
   <div class='ocr_carea' id='block_1_13' title="bbox 322 620 697 656">
    <p class='ocr_par' dir='ltr' id='par_1_13' title="bbox 322 620 697 656">
     <span class='ocr_line' id='line_1_13' title="bbox 322 620 697 656; baseline 0.005 -10"><span class='ocrx_word' id='word_1_70' title='bbox 322 620 461 656; x_wconf 77' lang='lat' dir='ltr'><strong>tlteologice</strong></span> <span class='ocrx_word' id='word_1_71' title='bbox 475 622 697 648; x_wconf 73' lang='lat' dir='ltr'><strong>demonstrantus.</strong></span> 
     </span>
    </p>
   </div>
   <div class='ocr_carea' id='block_1_14' title="bbox 319 676 1073 714">
    <p class='ocr_par' dir='ltr' id='par_1_14' title="bbox 319 676 1073 714">
     <span class='ocr_line' id='line_1_14' title="bbox 319 676 1073 714; baseline 0.004 -11"><span class='ocrx_word' id='word_1_72' title='bbox 319 676 410 709; x_wconf 87' lang='lat' dir='ltr'><strong>Quare</strong></span> <span class='ocrx_word' id='word_1_73' title='bbox 421 677 447 704; x_wconf 94' lang='lat' dir='ltr'><strong>in</strong></span> <span class='ocrx_word' id='word_1_74' title='bbox 460 677 617 705; x_wconf 90' lang='lat' dir='ltr'><strong>universum</strong></span> <span class='ocrx_word' id='word_1_75' title='bbox 634 685 716 712; x_wconf 80' lang='lat' dir='ltr'><strong>supra</strong></span> <span class='ocrx_word' id='word_1_76' title='bbox 733 685 812 705; x_wconf 87' lang='lat' dir='ltr'><strong>omne</strong></span> <span class='ocrx_word' id='word_1_77' title='bbox 828 679 977 714; x_wconf 86' lang='lat' dir='ltr'><strong>opificium,</strong></span> <span class='ocrx_word' id='word_1_78' title='bbox 991 687 1073 706; x_wconf 86' lang='lat' dir='ltr'><strong>unam</strong></span> 
     </span>
    </p>
   </div>
   <div class='ocr_carea' id='block_1_15' title="bbox 284 723 1072 760">
    <p class='ocr_par' dir='ltr' id='par_1_15' title="bbox 284 723 1072 760">
     <span class='ocr_line' id='line_1_15' title="bbox 284 723 1072 760; baseline 0.004 -10"><span class='ocrx_word' id='word_1_79' title='bbox 284 731 354 758; x_wconf 89' lang='lat' dir='ltr'><strong>opus</strong></span> <span class='ocrx_word' id='word_1_80' title='bbox 368 727 411 750; x_wconf 90' lang='lat' dir='ltr'><strong>est</strong></span> <span class='ocrx_word' id='word_1_81' title='bbox 427 723 547 750; x_wconf 83' lang='lat' dir='ltr'><strong>divinam</strong></span> <span class='ocrx_word' id='word_1_82' title='bbox 567 727 729 758; x_wconf 83' lang='lat' dir='ltr'><strong>potestatem</strong></span> <span class='ocrx_word' id='word_1_83' title='bbox 746 724 894 758; x_wconf 82' lang='lat' dir='ltr'><strong>admirari,</strong></span> <span class='ocrx_word' id='word_1_84' title='bbox 912 733 965 752; x_wconf 88' lang='lat' dir='ltr'><strong>non</strong></span> <span class='ocrx_word' id='word_1_85' title='bbox 981 726 1072 760; x_wconf 86' lang='lat' dir='ltr'><strong>plures</strong></span> 
     </span>
    </p>
   </div>
   <div class='ocr_carea' id='block_1_16' title="bbox 282 770 1071 806">
    <p class='ocr_par' dir='ltr' id='par_1_16' title="bbox 282 770 1071 806">
     <span class='ocr_line' id='line_1_16' title="bbox 282 770 1071 806; baseline 0.003 -10"><span class='ocrx_word' id='word_1_86' title='bbox 282 770 458 797; x_wconf 78' lang='lat' dir='ltr'><strong>existimare:</strong></span> <span class='ocrx_word' id='word_1_87' title='bbox 479 777 533 797; x_wconf 84' lang='lat' dir='ltr'><strong>una</strong></span> <span class='ocrx_word' id='word_1_88' title='bbox 555 770 627 797; x_wconf 88' lang='lat' dir='ltr'><strong>enim</strong></span> <span class='ocrx_word' id='word_1_89' title='bbox 642 770 754 797; x_wconf 87' lang='lat' dir='ltr'><strong>omnino</strong></span> <span class='ocrx_word' id='word_1_90' title='bbox 768 771 863 797; x_wconf 85' lang='lat' dir='ltr'><strong>mundi</strong></span> <span class='ocrx_word' id='word_1_91' title='bbox 881 771 1003 799; x_wconf 78' lang='lat' dir='ltr'><strong>effectrix</strong></span> <span class='ocrx_word' id='word_1_92' title='bbox 1019 779 1071 806; x_wconf 46' lang='lat' dir='ltr'><strong>po.</strong></span> 
     </span>
    </p>
   </div>
   <div class='ocr_carea' id='block_1_17' title="bbox 281 816 1072 852">
    <p class='ocr_par' dir='ltr' id='par_1_17' title="bbox 281 816 1072 852">
     <span class='ocr_line' id='line_1_17' title="bbox 281 816 1072 852; baseline 0.003 -9"><span class='ocrx_word' id='word_1_93' title='bbox 281 820 379 848; x_wconf 82' lang='lat' dir='ltr'><strong>testas,</strong></span> <span class='ocrx_word' id='word_1_94' title='bbox 411 819 438 843; x_wconf 91' lang='lat' dir='ltr'><strong>et</strong></span> <span class='ocrx_word' id='word_1_95' title='bbox 467 823 551 843; x_wconf 92' lang='lat' dir='ltr'><strong>unum</strong></span> <span class='ocrx_word' id='word_1_96' title='bbox 578 816 765 844; x_wconf 86' lang='lat' dir='ltr'><strong>universitatis</strong></span> <span class='ocrx_word' id='word_1_97' title='bbox 794 816 885 852; x_wconf 80' lang='lat' dir='ltr'><strong>opifex</strong></span> <span class='ocrx_word' id='word_1_98' title='bbox 900 817 1017 845; x_wconf 82' lang='lat' dir='ltr'><strong>Verbum</strong></span> <span class='ocrx_word' id='word_1_99' title='bbox 1044 819 1072 845; x_wconf 91' lang='lat' dir='ltr'><strong>in</strong></span> 
     </span>
    </p>
   </div>
   <div class='ocr_carea' id='block_1_18' title="bbox 280 861 1070 898">
    <p class='ocr_par' dir='ltr' id='par_1_18' title="bbox 280 861 1070 898">
     <span class='ocr_line' id='line_1_18' title="bbox 280 861 1070 898; baseline 0.004 -11"><span class='ocrx_word' id='word_1_100' title='bbox 280 861 416 896; x_wconf 88' lang='lat' dir='ltr'><strong>principio</strong></span> <span class='ocrx_word' id='word_1_101' title='bbox 441 861 512 896; x_wconf 90' lang='lat' dir='ltr'><strong>apud</strong></span> <span class='ocrx_word' id='word_1_102' title='bbox 530 861 628 889; x_wconf 87' lang='lat' dir='ltr'><strong>Deum.</strong></span> <span class='ocrx_word' id='word_1_103' title='bbox 659 861 820 896; x_wconf 80' lang='lat' dir='ltr'><strong>Siquidem:</strong></span> <span class='ocrx_word' id='word_1_104' title='bbox 846 872 855 887; x_wconf 77' lang='grc' dir='ltr'>ί</span> <span class='ocrx_word' id='word_1_105' title='bbox 880 862 909 890; x_wconf 89' lang='lat' dir='ltr'><strong>ln</strong></span> <span class='ocrx_word' id='word_1_106' title='bbox 935 863 1070 898; x_wconf 85' lang='lat' dir='ltr'><strong>principio</strong></span> 
     </span>
    </p>
   </div>
   <div class='ocr_carea' id='block_1_19' title="bbox 279 906 1070 948">
    <p class='ocr_par' dir='ltr' id='par_1_19' title="bbox 279 906 1070 948">
     <span class='ocr_line' id='line_1_19' title="bbox 279 906 1070 948; baseline 0.004 -14"><span class='ocrx_word' id='word_1_107' title='bbox 279 912 338 934; x_wconf 83' lang='lat' dir='ltr'><strong>erat</strong></span> <span class='ocrx_word' id='word_1_108' title='bbox 352 906 486 940; x_wconf 85' lang='lat' dir='ltr'><strong>Verbum,</strong></span> <span class='ocrx_word' id='word_1_109' title='bbox 510 911 537 935; x_wconf 93' lang='lat' dir='ltr'><strong>et</strong></span> <span class='ocrx_word' id='word_1_110' title='bbox 553 907 672 935; x_wconf 87' lang='lat' dir='ltr'><strong>Verbutn</strong></span> <span class='ocrx_word' id='word_1_111' title='bbox 689 913 748 936; x_wconf 80' lang='lat' dir='ltr'><strong>erat</strong></span> <span class='ocrx_word' id='word_1_112' title='bbox 761 909 832 944; x_wconf 87' lang='lat' dir='ltr'><strong>apud</strong></span> <span class='ocrx_word' id='word_1_113' title='bbox 846 908 941 942; x_wconf 88' lang='lat' dir='ltr'><strong>Deutn,</strong></span> <span class='ocrx_word' id='word_1_114' title='bbox 954 915 981 948; x_wconf 74' lang='lat' dir='ltr'><strong>et</strong></span> <span class='ocrx_word' id='word_1_115' title='bbox 999 909 1070 938; x_wconf 85' lang='lat' dir='ltr'><strong>Deus</strong></span> 
     </span>
    </p>
   </div>
   <div class='ocr_carea' id='block_1_20' title="bbox 277 952 1067 991">
    <p class='ocr_par' dir='ltr' id='par_1_20' title="bbox 277 952 1067 991">
     <span class='ocr_line' id='line_1_20' title="bbox 277 952 1067 991; baseline 0.005 -12"><span class='ocrx_word' id='word_1_116' title='bbox 277 957 338 980; x_wconf 88' lang='lat' dir='ltr'><strong>erat</strong></span> <span class='ocrx_word' id='word_1_117' title='bbox 355 952 475 980; x_wconf 80' lang='lat' dir='ltr'><strong>Verbum</strong></span> <span class='ocrx_word' id='word_1_118' title='bbox 497 954 537 987; x_wconf 69' lang='lat'><strong>9&#39;;</strong></span> <span class='ocrx_word' id='word_1_119' title='bbox 556 964 565 980; x_wconf 74' lang='grc' dir='ltr'><strong>ι</strong></span> <span class='ocrx_word' id='word_1_120' title='bbox 585 955 658 989; x_wconf 92' lang='lat' dir='ltr'><strong>quod</strong></span> <span class='ocrx_word' id='word_1_121' title='bbox 680 955 791 989; x_wconf 86' lang='lat' dir='ltr'><strong>quidem</strong></span> <span class='ocrx_word' id='word_1_122' title='bbox 819 960 926 991; x_wconf 84' lang='lat' dir='ltr'><strong>oportet</strong></span> <span class='ocrx_word' id='word_1_123' title='bbox 949 964 979 983; x_wconf 91' lang='lat' dir='ltr'><strong>re</strong></span> <span class='ocrx_word' id='word_1_124' title='bbox 1003 964 1067 984; x_wconf 83' lang='lat' dir='ltr'><strong>vera</strong></span> 
     </span>
    </p>
   </div>
   <div class='ocr_carea' id='block_1_21' title="bbox 278 998 1067 1037">
    <p class='ocr_par' dir='ltr' id='par_1_21' title="bbox 278 998 1067 1037">
     <span class='ocr_line' id='line_1_21' title="bbox 278 998 1067 1037; baseline 0.006 -13"><span class='ocrx_word' id='word_1_125' title='bbox 278 1006 333 1025; x_wconf 90' lang='lat' dir='ltr'><strong>non</strong></span> <span class='ocrx_word' id='word_1_126' title='bbox 352 998 494 1034; x_wconf 75' lang='lat' dir='ltr'><strong>ignorare,</strong></span> <span class='ocrx_word' id='word_1_127' title='bbox 512 1000 603 1028; x_wconf 88' lang='lat' dir='ltr'><strong>colere</strong></span> <span class='ocrx_word' id='word_1_128' title='bbox 617 1003 708 1028; x_wconf 89' lang='lat' dir='ltr'><strong>autem</strong></span> <span class='ocrx_word' id='word_1_129' title='bbox 723 1005 751 1027; x_wconf 87' lang='lat' dir='ltr'><strong>et</strong></span> <span class='ocrx_word' id='word_1_130' title='bbox 762 1001 865 1029; x_wconf 85' lang='lat' dir='ltr'><strong>honore</strong></span> <span class='ocrx_word' id='word_1_131' title='bbox 881 1002 1008 1036; x_wconf 81' lang='lat' dir='ltr'><strong>prosequi</strong></span> <span class='ocrx_word' id='word_1_132' title='bbox 1018 1010 1067 1037; x_wconf 90' lang='lat' dir='ltr'><strong>pro</strong></span> 
     </span>
    </p>
   </div>
   <div class='ocr_carea' id='block_1_22' title="bbox 277 1044 1066 1082">
    <p class='ocr_par' dir='ltr' id='par_1_22' title="bbox 277 1044 1066 1082">
     <span class='ocr_line' id='line_1_22' title="bbox 277 1044 1066 1082; baseline 0.005 -11"><span class='ocrx_word' id='word_1_133' title='bbox 277 1044 435 1080; x_wconf 79' lang='lat' dir='ltr'><strong>dignitate:</strong></span> <span class='ocrx_word' id='word_1_134' title='bbox 462 1046 684 1082; x_wconf 84' lang='lat' dir='ltr'><strong>quandoquidem</strong></span> <span class='ocrx_word' id='word_1_135' title='bbox 710 1047 803 1074; x_wconf 89' lang='lat' dir='ltr'><strong>omnia</strong></span> <span class='ocrx_word' id='word_1_136' title='bbox 833 1055 881 1082; x_wconf 90' lang='lat' dir='ltr'><strong>per</strong></span> <span class='ocrx_word' id='word_1_137' title='bbox 904 1048 970 1075; x_wconf 92' lang='lat' dir='ltr'><strong>illud</strong></span> <span class='ocrx_word' id='word_1_138' title='bbox 984 1068 991 1080; x_wconf 93' lang='lat'><strong>,</strong></span> <span class='ocrx_word' id='word_1_139' title='bbox 1011 1056 1066 1075; x_wconf 88' lang='lat' dir='ltr'><strong>non</strong></span> 
     </span>
    </p>
   </div>
   <div class='ocr_carea' id='block_1_23' title="bbox 276 1091 1065 1126">
    <p class='ocr_par' dir='ltr' id='par_1_23' title="bbox 276 1091 1065 1126">
     <span class='ocr_line' id='line_1_23' title="bbox 276 1091 1065 1126; baseline 0.005 -9"><span class='ocrx_word' id='word_1_140' title='bbox 276 1091 357 1118; x_wconf 92' lang='lat' dir='ltr'><strong>modo</strong></span> <span class='ocrx_word' id='word_1_141' title='bbox 383 1091 417 1118; x_wconf 90' lang='lat' dir='ltr'><strong>ab</strong></span> <span class='ocrx_word' id='word_1_142' title='bbox 442 1091 521 1119; x_wconf 89' lang='lat' dir='ltr'><strong>initio</strong></span> <span class='ocrx_word' id='word_1_143' title='bbox 535 1100 626 1120; x_wconf 90' lang='lat' dir='ltr'><strong>rerum</strong></span> <span class='ocrx_word' id='word_1_144' title='bbox 644 1093 766 1121; x_wconf 89' lang='lat' dir='ltr'><strong>omnium</strong></span> <span class='ocrx_word' id='word_1_145' title='bbox 792 1094 941 1126; x_wconf 78' lang='lat' dir='ltr'><strong>exstitere,</strong></span> <span class='ocrx_word' id='word_1_146' title='bbox 972 1102 1065 1121; x_wconf 86' lang='lat' dir='ltr'><strong>verum</strong></span> 
     </span>
    </p>
   </div>
   <div class='ocr_carea' id='block_1_24' title="bbox 274 1137 1065 1174">
    <p class='ocr_par' dir='ltr' id='par_1_24' title="bbox 274 1137 1065 1174">
     <span class='ocr_line' id='line_1_24' title="bbox 274 1137 1065 1174; baseline 0.004 -10"><span class='ocrx_word' id='word_1_147' title='bbox 274 1137 356 1164; x_wconf 82' lang='lat' dir='ltr'><strong>etiam</strong></span> <span class='ocrx_word' id='word_1_148' title='bbox 368 1139 396 1165; x_wconf 89' lang='lat' dir='ltr'><strong>in</strong></span> <span class='ocrx_word' id='word_1_149' title='bbox 409 1142 568 1173; x_wconf 85' lang='lat' dir='ltr'><strong>perpetuum</strong></span> <span class='ocrx_word' id='word_1_150' title='bbox 585 1147 694 1174; x_wconf 89' lang='lat' dir='ltr'><strong>semper</strong></span> <span class='ocrx_word' id='word_1_151' title='bbox 720 1145 746 1167; x_wconf 91' lang='lat' dir='ltr'><strong>et</strong></span> <span class='ocrx_word' id='word_1_152' title='bbox 762 1139 832 1166; x_wconf 89' lang='lat' dir='ltr'><strong>facta</strong></span> <span class='ocrx_word' id='word_1_153' title='bbox 849 1144 924 1173; x_wconf 86' lang='lat' dir='ltr'><strong>sunt,</strong></span> <span class='ocrx_word' id='word_1_154' title='bbox 937 1143 964 1168; x_wconf 90' lang='lat' dir='ltr'><strong>et</strong></span> <span class='ocrx_word' id='word_1_155' title='bbox 979 1140 1065 1167; x_wconf 86' lang='lat' dir='ltr'><strong>fiunt:</strong></span> 
     </span>
    </p>
   </div>
   <div class='ocr_carea' id='block_1_25' title="bbox 277 1183 1065 1214">
    <p class='ocr_par' dir='ltr' id='par_1_25' title="bbox 277 1183 1065 1214">
     <span class='ocr_line' id='line_1_25' title="bbox 277 1183 1065 1214; baseline 0.006 -5"><span class='ocrx_word' id='word_1_156' title='bbox 277 1192 287 1208; x_wconf 88' lang='grc'><strong><em>‹</em></strong></span> <span class='ocrx_word' id='word_1_157' title='bbox 305 1188 332 1210; x_wconf 89' lang='lat' dir='ltr'><strong>et</strong></span> <span class='ocrx_word' id='word_1_158' title='bbox 351 1183 410 1212; x_wconf 90' lang='lat' dir='ltr'><strong>sine</strong></span> <span class='ocrx_word' id='word_1_159' title='bbox 424 1185 469 1212; x_wconf 92' lang='lat' dir='ltr'><strong>illo</strong></span> <span class='ocrx_word' id='word_1_160' title='bbox 491 1185 592 1212; x_wconf 85' lang='lat' dir='ltr'><strong>factum</strong></span> <span class='ocrx_word' id='word_1_161' title='bbox 607 1189 650 1213; x_wconf 90' lang='lat' dir='ltr'><strong>est</strong></span> <span class='ocrx_word' id='word_1_162' title='bbox 671 1185 739 1212; x_wconf 85' lang='lat' dir='ltr'><strong>nihil</strong></span> <span class='ocrx_word' id='word_1_163' title='bbox 756 1185 789 1212; x_wconf 72' lang='lat'><strong>&quot;.</strong></span> <span class='ocrx_word' id='word_1_164' title='bbox 811 1195 821 1212; x_wconf 83' lang='grc'><strong>›</strong></span> <span class='ocrx_word' id='word_1_165' title='bbox 838 1185 900 1213; x_wconf 83' lang='lat' dir='ltr'><strong>Sive</strong></span> <span class='ocrx_word' id='word_1_166' title='bbox 916 1187 989 1214; x_wconf 91' lang='lat' dir='ltr'><strong>enim</strong></span> <span class='ocrx_word' id='word_1_167' title='bbox 1010 1188 1065 1214; x_wconf 88' lang='lat' dir='ltr'><strong>vita</strong></span> 
     </span>
    </p>
   </div>
   <div class='ocr_carea' id='block_1_26' title="bbox 274 1221 1064 1266">
    <p class='ocr_par' dir='ltr' id='par_1_26' title="bbox 274 1221 1064 1266">
     <span class='ocr_line' id='line_1_26' title="bbox 274 1221 1064 1266; baseline 0.006 -11"><span class='ocrx_word' id='word_1_168' title='bbox 274 1229 397 1262; x_wconf 52' lang='lat' dir='ltr'><strong>quaedam</strong></span> <span class='ocrx_word' id='word_1_169' title='bbox 415 1221 469 1256; x_wconf 50' lang='lat' dir='ltr'><strong>est&#39;</strong></span> <span class='ocrx_word' id='word_1_170' title='bbox 483 1230 511 1256; x_wconf 88' lang='lat' dir='ltr'><strong>in</strong></span> <span class='ocrx_word' id='word_1_171' title='bbox 531 1230 565 1257; x_wconf 88' lang='lat' dir='ltr'><strong>iis</strong></span> <span class='ocrx_word' id='word_1_172' title='bbox 578 1238 638 1265; x_wconf 73' lang='lat' dir='ltr'><strong>qua:</strong></span> <span class='ocrx_word' id='word_1_173' title='bbox 653 1234 718 1258; x_wconf 92' lang='lat' dir='ltr'><strong>sunt</strong></span> <span class='ocrx_word' id='word_1_174' title='bbox 731 1240 738 1257; x_wconf 90' lang='lat'>:</span> <span class='ocrx_word' id='word_1_175' title='bbox 756 1231 829 1266; x_wconf 87' lang='lat' dir='ltr'><strong>quod</strong></span> <span class='ocrx_word' id='word_1_176' title='bbox 854 1231 955 1259; x_wconf 84' lang='lat' dir='ltr'><strong>factum</strong></span> <span class='ocrx_word' id='word_1_177' title='bbox 970 1237 1022 1264; x_wconf 86' lang='lat' dir='ltr'><strong>est,</strong></span> <span class='ocrx_word' id='word_1_178' title='bbox 1037 1233 1064 1261; x_wconf 92' lang='lat' dir='ltr'><strong>in</strong></span> 
     </span>
    </p>
   </div>
   <div class='ocr_carea' id='block_1_27' title="bbox 274 1274 1064 1311">
    <p class='ocr_par' dir='ltr' id='par_1_27' title="bbox 274 1274 1064 1311">
     <span class='ocr_line' id='line_1_27' title="bbox 274 1274 1064 1311; baseline 0.006 -11"><span class='ocrx_word' id='word_1_179' title='bbox 274 1274 321 1301; x_wconf 93' lang='lat' dir='ltr'><strong>illo</strong></span> <span class='ocrx_word' id='word_1_180' title='bbox 336 1275 391 1301; x_wconf 83' lang='lat' dir='ltr'><strong>vita</strong></span> <span class='ocrx_word' id='word_1_181' title='bbox 406 1278 474 1301; x_wconf 89' lang='lat' dir='ltr'><strong>erat.</strong></span> <span class='ocrx_word' id='word_1_182' title='bbox 502 1275 539 1301; x_wconf 83' lang='lat' dir='ltr'><strong>Ex</strong></span> <span class='ocrx_word' id='word_1_183' title='bbox 559 1276 606 1302; x_wconf 93' lang='lat' dir='ltr'><strong>illo</strong></span> <span class='ocrx_word' id='word_1_184' title='bbox 620 1276 694 1302; x_wconf 89' lang='lat' dir='ltr'><strong>enim</strong></span> <span class='ocrx_word' id='word_1_185' title='bbox 710 1284 742 1304; x_wconf 88' lang='lat' dir='ltr'><strong>ac</strong></span> <span class='ocrx_word' id='word_1_186' title='bbox 758 1284 806 1311; x_wconf 89' lang='lat' dir='ltr'><strong>per</strong></span> <span class='ocrx_word' id='word_1_187' title='bbox 823 1277 889 1304; x_wconf 90' lang='lat' dir='ltr'><strong>illud</strong></span> <span class='ocrx_word' id='word_1_188' title='bbox 900 1298 907 1310; x_wconf 90' lang='lat'><strong>,</strong></span> <span class='ocrx_word' id='word_1_189' title='bbox 937 1278 1064 1305; x_wconf 89' lang='lat' dir='ltr'><strong>universa</strong></span> 
     </span>
    </p>
   </div>
   <div class='ocr_carea' id='block_1_28' title="bbox 272 1320 1064 1358">
    <p class='ocr_par' dir='ltr' id='par_1_28' title="bbox 272 1320 1064 1358">
     <span class='ocr_line' id='line_1_28' title="bbox 272 1320 1064 1358; baseline 0.009 -12"><span class='ocrx_word' id='word_1_190' title='bbox 272 1323 300 1347; x_wconf 88' lang='lat' dir='ltr'><strong>et</strong></span> <span class='ocrx_word' id='word_1_191' title='bbox 317 1320 401 1347; x_wconf 83' lang='lat' dir='ltr'><strong>vitam</strong></span> <span class='ocrx_word' id='word_1_192' title='bbox 411 1326 438 1347; x_wconf 91' lang='lat' dir='ltr'><strong>et</strong></span> <span class='ocrx_word' id='word_1_193' title='bbox 452 1321 570 1348; x_wconf 84' lang='lat' dir='ltr'><strong>animam</strong></span> <span class='ocrx_word' id='word_1_194' title='bbox 590 1322 737 1357; x_wconf 85' lang='lat' dir='ltr'><strong>accipiunt.</strong></span> <span class='ocrx_word' id='word_1_195' title='bbox 764 1323 827 1350; x_wconf 87' lang='lat' dir='ltr'><strong>Sive</strong></span> <span class='ocrx_word' id='word_1_196' title='bbox 843 1330 990 1358; x_wconf 90' lang='lat' dir='ltr'><strong>numerus,‘</strong></span> <span class='ocrx_word' id='word_1_197' title='bbox 1007 1325 1064 1353; x_wconf 82' lang='lat' dir='ltr'><strong>sive</strong></span> 
     </span>
    </p>
   </div>
   <div class='ocr_carea' id='block_1_29' title="bbox 273 1365 1064 1402">
    <p class='ocr_par' dir='ltr' id='par_1_29' title="bbox 273 1365 1064 1402">
     <span class='ocr_line' id='line_1_29' title="bbox 273 1365 1064 1402; baseline 0.009 -11"><span class='ocrx_word' id='word_1_198' title='bbox 273 1365 458 1399; x_wconf 90' lang='lat' dir='ltr'><strong>pulchritudo,</strong></span> <span class='ocrx_word' id='word_1_199' title='bbox 472 1366 530 1393; x_wconf 89' lang='lat' dir='ltr'><strong>sive</strong></span> <span class='ocrx_word' id='word_1_200' title='bbox 541 1367 741 1400; x_wconf 71' lang='lat' dir='ltr'><strong>convenientia,</strong></span> <span class='ocrx_word' id='word_1_201' title='bbox 753 1368 810 1396; x_wconf 88' lang='lat' dir='ltr'><strong>sive</strong></span> <span class='ocrx_word' id='word_1_202' title='bbox 825 1369 903 1402; x_wconf 92' lang='lat' dir='ltr'><strong>ordo,</strong></span> <span class='ocrx_word' id='word_1_203' title='bbox 920 1370 977 1397; x_wconf 84' lang='lat' dir='ltr'><strong>sive</strong></span> <span class='ocrx_word' id='word_1_204' title='bbox 994 1374 1064 1398; x_wconf 88' lang='lat' dir='ltr'><strong>tem-</strong></span> 
     </span>
    </p>
   </div>
   <div class='ocr_carea' id='block_1_30' title="bbox 271 1412 1064 1451">
    <p class='ocr_par' dir='ltr' id='par_1_30' title="bbox 271 1412 1064 1451">
     <span class='ocr_line' id='line_1_30' title="bbox 271 1412 1064 1451; baseline 0.006 -13"><span class='ocrx_word' id='word_1_205' title='bbox 271 1416 411 1445; x_wconf 84' lang='lat' dir='ltr'><strong>peratura,</strong></span> <span class='ocrx_word' id='word_1_206' title='bbox 428 1412 485 1440; x_wconf 89' lang='lat' dir='ltr'><strong>sive</strong></span> <span class='ocrx_word' id='word_1_207' title='bbox 496 1413 633 1445; x_wconf 83' lang='lat' dir='ltr'><strong>essentia,</strong></span> <span class='ocrx_word' id='word_1_208' title='bbox 650 1413 708 1441; x_wconf 85' lang='lat' dir='ltr'><strong>sive</strong></span> <span class='ocrx_word' id='word_1_209' title='bbox 723 1415 857 1449; x_wconf 81' lang='lat' dir='ltr'><strong>qualitas,</strong></span> <span class='ocrx_word' id='word_1_210' title='bbox 877 1415 934 1443; x_wconf 88' lang='lat' dir='ltr'><strong>sive</strong></span> <span class='ocrx_word' id='word_1_211' title='bbox 959 1417 1064 1451; x_wconf 82' lang='lat' dir='ltr'><strong>magni-</strong></span> 
     </span>
    </p>
   </div>
   <div class='ocr_carea' id='block_1_31' title="bbox 271 1457 1061 1495">
    <p class='ocr_par' dir='ltr' id='par_1_31' title="bbox 271 1457 1061 1495">
     <span class='ocr_line' id='line_1_31' title="bbox 271 1457 1061 1495; baseline 0.008 -12"><span class='ocrx_word' id='word_1_212' title='bbox 271 1457 336 1484; x_wconf 90' lang='lat' dir='ltr'><strong>tudo</strong></span> <span class='ocrx_word' id='word_1_213' title='bbox 353 1466 359 1484; x_wconf 88' lang='lat'>:</span> <span class='ocrx_word' id='word_1_214' title='bbox 375 1463 475 1485; x_wconf 83' lang='lat' dir='ltr'><strong>cuncta</strong></span> <span class='ocrx_word' id='word_1_215' title='bbox 498 1467 580 1486; x_wconf 88' lang='lat' dir='ltr'><strong>ttnutn</strong></span> <span class='ocrx_word' id='word_1_216' title='bbox 600 1467 692 1486; x_wconf 87' lang='lat' dir='ltr'><strong>rerum</strong></span> <span class='ocrx_word' id='word_1_217' title='bbox 723 1462 844 1488; x_wconf 90' lang='lat' dir='ltr'><strong>omnimn</strong></span> <span class='ocrx_word' id='word_1_218' title='bbox 867 1461 1002 1495; x_wconf 89' lang='lat' dir='ltr'><strong>continet,</strong></span> <span class='ocrx_word' id='word_1_219' title='bbox 1030 1470 1061 1489; x_wconf 88' lang='lat' dir='ltr'><strong>ac</strong></span> 
     </span>
    </p>
   </div>
   <div class='ocr_carea' id='block_1_32' title="bbox 270 1503 1060 1542">
    <p class='ocr_par' dir='ltr' id='par_1_32' title="bbox 270 1503 1060 1542">
     <span class='ocr_line' id='line_1_32' title="bbox 270 1503 1060 1542; baseline 0.008 -13"><span class='ocrx_word' id='word_1_220' title='bbox 270 1503 392 1537; x_wconf 88' lang='lat' dir='ltr'><strong>disponit</strong></span> <span class='ocrx_word' id='word_1_221' title='bbox 410 1503 540 1536; x_wconf 84' lang='lat' dir='ltr'><strong>Verbum,</strong></span> <span class='ocrx_word' id='word_1_222' title='bbox 558 1509 584 1532; x_wconf 91' lang='lat' dir='ltr'><strong>et</strong></span> <span class='ocrx_word' id='word_1_223' title='bbox 595 1513 649 1531; x_wconf 88' lang='lat' dir='ltr'><strong>ttna</strong></span> <span class='ocrx_word' id='word_1_224' title='bbox 662 1504 710 1533; x_wconf 90' lang='lat' dir='ltr'><strong>Dei</strong></span> <span class='ocrx_word' id='word_1_225' title='bbox 723 1507 818 1534; x_wconf 90' lang='lat' dir='ltr'><strong>mundi</strong></span> <span class='ocrx_word' id='word_1_226' title='bbox 833 1507 954 1535; x_wconf 76' lang='lat' dir='ltr'><strong>effectrix</strong></span> <span class='ocrx_word' id='word_1_227' title='bbox 962 1507 1060 1542; x_wconf 88' lang='lat' dir='ltr'><strong>virtus,</strong></span> 
     </span>
    </p>
   </div>
   <div class='ocr_carea' id='block_1_33' title="bbox 269 1549 1062 1588">
    <p class='ocr_par' dir='ltr' id='par_1_33' title="bbox 269 1549 1062 1588">
     <span class='ocr_line' id='line_1_33' title="bbox 269 1549 1062 1588; baseline 0.008 -14"><span class='ocrx_word' id='word_1_228' title='bbox 269 1549 397 1576; x_wconf 89' lang='lat' dir='ltr'><strong>omnibus</strong></span> <span class='ocrx_word' id='word_1_229' title='bbox 409 1553 517 1584; x_wconf 74' lang='lat' dir='ltr'><strong>praeest.</strong></span> <span class='ocrx_word' id='word_1_230' title='bbox 543 1549 621 1576; x_wconf 91' lang='lat' dir='ltr'><strong>Sicut</strong></span> <span class='ocrx_word' id='word_1_231' title='bbox 634 1550 707 1577; x_wconf 87' lang='lat' dir='ltr'><strong>enim</strong></span> <span class='ocrx_word' id='word_1_232' title='bbox 721 1551 748 1578; x_wconf 93' lang='lat' dir='ltr'><strong>in</strong></span> <span class='ocrx_word' id='word_1_233' title='bbox 761 1555 857 1579; x_wconf 86' lang='lat' dir='ltr'><strong>nostro</strong></span> <span class='ocrx_word' id='word_1_234' title='bbox 869 1559 984 1587; x_wconf 87' lang='lat' dir='ltr'><strong>corpore</strong></span> <span class='ocrx_word' id='word_1_235' title='bbox 1000 1553 1062 1588; x_wconf 84' lang='lat' dir='ltr'><strong>plu-</strong></span> 
     </span>
    </p>
   </div>
   <div class='ocr_carea' id='block_1_34' title="bbox 1085 935 1105 962">
    <p class='ocr_par' dir='ltr' id='par_1_34' title="bbox 1085 935 1105 962">
     <span class='ocr_line' id='line_1_34' title="bbox 1085 935 1105 962; baseline 0 0"><span class='ocrx_word' id='word_1_236' title='bbox 1085 935 1105 962; x_wconf 82' lang='grc' dir='ltr'><strong><em>Β</em></strong></span> 
     </span>
    </p>
   </div>
   <div class='ocr_carea' id='block_1_35' title="bbox 269 1596 1092 1637">
    <p class='ocr_par' dir='ltr' id='par_1_35' title="bbox 269 1596 1092 1637">
     <span class='ocr_line' id='line_1_35' title="bbox 269 1596 1092 1637; baseline 0.006 -16"><span class='ocrx_word' id='word_1_237' title='bbox 269 1602 313 1622; x_wconf 86' lang='lat' dir='ltr'><strong>res</strong></span> <span class='ocrx_word' id='word_1_238' title='bbox 329 1600 393 1622; x_wconf 90' lang='lat' dir='ltr'><strong>sunt</strong></span> <span class='ocrx_word' id='word_1_239' title='bbox 407 1600 433 1622; x_wconf 88' lang='lat' dir='ltr'><strong>et</strong></span> <span class='ocrx_word' id='word_1_240' title='bbox 447 1596 529 1624; x_wconf 64' lang='lat' dir='ltr'><strong>variae</strong></span> <span class='ocrx_word' id='word_1_241' title='bbox 545 1597 661 1632; x_wconf 78' lang='lat' dir='ltr'><strong>partium</strong></span> <span class='ocrx_word' id='word_1_242' title='bbox 679 1597 855 1631; x_wconf 67' lang='lat' dir='ltr'><strong>differentias,</strong></span> <span class='ocrx_word' id='word_1_243' title='bbox 887 1606 941 1626; x_wconf 89' lang='lat' dir='ltr'><strong>una</strong></span> <span class='ocrx_word' id='word_1_244' title='bbox 968 1603 1057 1627; x_wconf 88' lang='lat' dir='ltr'><strong>autem</strong></span> <span class='ocrx_word' id='word_1_245' title='bbox 1071 1609 1092 1637; x_wconf 70' lang='grc' dir='ltr'><strong>ρ</strong></span> 
     </span>
    </p>
   </div>
   <div class='ocr_carea' id='block_1_36' title="bbox 268 1641 1057 1679">
    <p class='ocr_par' dir='ltr' id='par_1_36' title="bbox 268 1641 1057 1679">
     <span class='ocr_line' id='line_1_36' title="bbox 268 1641 1057 1679; baseline 0.004 -11"><span class='ocrx_word' id='word_1_246' title='bbox 268 1641 389 1668; x_wconf 88' lang='lat' dir='ltr'><strong>universi</strong></span> <span class='ocrx_word' id='word_1_247' title='bbox 409 1641 500 1677; x_wconf 77' lang='lat' dir='ltr'><strong>opifex</strong></span> <span class='ocrx_word' id='word_1_248' title='bbox 516 1643 556 1670; x_wconf 85' lang='lat' dir='ltr'><strong>vis</strong></span> <span class='ocrx_word' id='word_1_249' title='bbox 572 1643 637 1678; x_wconf 92' lang='lat' dir='ltr'><strong>(non</strong></span> <span class='ocrx_word' id='word_1_250' title='bbox 660 1644 733 1671; x_wconf 92' lang='lat' dir='ltr'><strong>enim</strong></span> <span class='ocrx_word' id='word_1_251' title='bbox 750 1644 802 1671; x_wconf 83' lang='lat' dir='ltr'><strong>alia</strong></span> <span class='ocrx_word' id='word_1_252' title='bbox 826 1644 935 1679; x_wconf 85' lang='lat' dir='ltr'><strong>quidem</strong></span> <span class='ocrx_word' id='word_1_253' title='bbox 961 1643 1008 1672; x_wconf 90' lang='lat' dir='ltr'><strong>Dei</strong></span> <span class='ocrx_word' id='word_1_254' title='bbox 1031 1645 1057 1672; x_wconf 90' lang='lat' dir='ltr'><strong>vi</strong></span> 
     </span>
    </p>
   </div>
   <div class='ocr_carea' id='block_1_37' title="bbox 267 1687 1057 1723">
    <p class='ocr_par' dir='ltr' id='par_1_37' title="bbox 267 1687 1057 1723">
     <span class='ocr_line' id='line_1_37' title="bbox 267 1687 1057 1723; baseline 0.005 -9"><span class='ocrx_word' id='word_1_255' title='bbox 267 1687 365 1722; x_wconf 86' lang='lat' dir='ltr'><strong>capitis</strong></span> <span class='ocrx_word' id='word_1_256' title='bbox 381 1689 486 1716; x_wconf 80' lang='lat' dir='ltr'><strong>exstitit</strong></span> <span class='ocrx_word' id='word_1_257' title='bbox 501 1693 610 1722; x_wconf 89' lang='lat' dir='ltr'><strong>natura,</strong></span> <span class='ocrx_word' id='word_1_258' title='bbox 628 1690 680 1718; x_wconf 82' lang='lat' dir='ltr'><strong>alia</strong></span> <span class='ocrx_word' id='word_1_259' title='bbox 696 1697 761 1718; x_wconf 88' lang='lat' dir='ltr'><strong>vero</strong></span> <span class='ocrx_word' id='word_1_260' title='bbox 774 1691 937 1723; x_wconf 89' lang='lat' dir='ltr'><strong>oculorum,</strong></span> <span class='ocrx_word' id='word_1_261' title='bbox 952 1695 980 1718; x_wconf 89' lang='lat' dir='ltr'><strong>et</strong></span> <span class='ocrx_word' id='word_1_262' title='bbox 1004 1691 1057 1719; x_wconf 86' lang='lat' dir='ltr'><strong>alia</strong></span> 
     </span>
    </p>
   </div>
   <div class='ocr_carea' id='block_1_38' title="bbox 266 1735 1057 1773">
    <p class='ocr_par' dir='ltr' id='par_1_38' title="bbox 266 1735 1057 1773">
     <span class='ocr_line' id='line_1_38' title="bbox 266 1735 1057 1773; baseline 0.005 -12"><span class='ocrx_word' id='word_1_263' title='bbox 266 1735 386 1764; x_wconf 83' lang='lat' dir='ltr'><strong>aurium.</strong></span> <span class='ocrx_word' id='word_1_264' title='bbox 399 1735 498 1769; x_wconf 88' lang='lat' dir='ltr'><strong>pedum</strong></span> <span class='ocrx_word' id='word_1_265' title='bbox 511 1735 576 1763; x_wconf 89' lang='lat' dir='ltr'><strong>item</strong></span> <span class='ocrx_word' id='word_1_266' title='bbox 590 1737 666 1773; x_wconf 86' lang='lat' dir='ltr'><strong>alia),</strong></span> <span class='ocrx_word' id='word_1_267' title='bbox 677 1737 714 1764; x_wconf 85' lang='lat' dir='ltr'><strong>ita</strong></span> <span class='ocrx_word' id='word_1_268' title='bbox 728 1745 837 1772; x_wconf 86' lang='lat' dir='ltr'><strong>quoque</strong></span> <span class='ocrx_word' id='word_1_269' title='bbox 850 1745 913 1764; x_wconf 83' lang='lat' dir='ltr'><strong>cum</strong></span> <span class='ocrx_word' id='word_1_270' title='bbox 929 1737 1057 1765; x_wconf 85' lang='lat' dir='ltr'><strong>universo</strong></span> 
     </span>
    </p>
   </div>
   <div class='ocr_carea' id='block_1_39' title="bbox 265 1782 1056 1819">
    <p class='ocr_par' dir='ltr' id='par_1_39' title="bbox 265 1782 1056 1819">
     <span class='ocr_line' id='line_1_39' title="bbox 265 1782 1056 1819; baseline 0.004 -11"><span class='ocrx_word' id='word_1_271' title='bbox 265 1783 379 1814; x_wconf 90' lang='lat' dir='ltr'><strong>mundo,</strong></span> <span class='ocrx_word' id='word_1_272' title='bbox 392 1789 445 1808; x_wconf 89' lang='lat' dir='ltr'><strong>una</strong></span> <span class='ocrx_word' id='word_1_273' title='bbox 458 1782 569 1810; x_wconf 90' lang='lat' dir='ltr'><strong>omnino</strong></span> <span class='ocrx_word' id='word_1_274' title='bbox 582 1783 674 1810; x_wconf 86' lang='lat' dir='ltr'><strong>divina</strong></span> <span class='ocrx_word' id='word_1_275' title='bbox 682 1784 769 1811; x_wconf 88' lang='lat' dir='ltr'><strong>virtus</strong></span> <span class='ocrx_word' id='word_1_276' title='bbox 783 1784 884 1819; x_wconf 66' lang='lat' dir='ltr'><strong>praesit,</strong></span> <span class='ocrx_word' id='word_1_277' title='bbox 897 1783 991 1811; x_wconf 82' lang='lat' dir='ltr'><strong>eadem</strong></span> <span class='ocrx_word' id='word_1_278' title='bbox 1000 1784 1056 1813; x_wconf 79' lang='lat' dir='ltr'><strong>erit</strong></span> 
     </span>
    </p>
   </div>
   <div class='ocr_carea' id='block_1_40' title="bbox 263 1828 1055 1866">
    <p class='ocr_par' dir='ltr' id='par_1_40' title="bbox 263 1828 1055 1866">
     <span class='ocr_line' id='line_1_40' title="bbox 263 1828 1055 1866; baseline 0.006 -13"><span class='ocrx_word' id='word_1_279' title='bbox 263 1830 292 1854; x_wconf 88' lang='lat' dir='ltr'><strong>et</strong></span> <span class='ocrx_word' id='word_1_280' title='bbox 303 1828 376 1860; x_wconf 66' lang='grc' dir='ltr'><strong>εαξη,</strong></span> <span class='ocrx_word' id='word_1_281' title='bbox 390 1832 416 1855; x_wconf 92' lang='lat' dir='ltr'><strong>et</strong></span> <span class='ocrx_word' id='word_1_282' title='bbox 431 1832 580 1862; x_wconf 85' lang='lat' dir='ltr'><strong>astrorum,</strong></span> <span class='ocrx_word' id='word_1_283' title='bbox 592 1833 618 1856; x_wconf 88' lang='lat' dir='ltr'><strong>et</strong></span> <span class='ocrx_word' id='word_1_284' title='bbox 639 1830 797 1856; x_wconf 89' lang='lat' dir='ltr'><strong>animalium</strong></span> <span class='ocrx_word' id='word_1_285' title='bbox 810 1837 991 1866; x_wconf 69' lang='lat' dir='ltr'><strong>quaecunque,</strong></span> <span class='ocrx_word' id='word_1_286' title='bbox 1008 1835 1055 1858; x_wconf 90' lang='lat' dir='ltr'><strong>aut</strong></span> 
     </span>
    </p>
   </div>
   <div class='ocr_carea' id='block_1_41' title="bbox 264 1875 1055 1912">
    <p class='ocr_par' dir='ltr' id='par_1_41' title="bbox 264 1875 1055 1912">
     <span class='ocr_line' id='line_1_41' title="bbox 264 1875 1055 1912; baseline 0.004 -11"><span class='ocrx_word' id='word_1_287' title='bbox 264 1875 292 1902; x_wconf 92' lang='lat' dir='ltr'><strong>in</strong></span> <span class='ocrx_word' id='word_1_288' title='bbox 307 1882 381 1906; x_wconf 85' lang='lat' dir='ltr'><strong>aere,</strong></span> <span class='ocrx_word' id='word_1_289' title='bbox 398 1879 444 1902; x_wconf 88' lang='lat' dir='ltr'><strong>aut</strong></span> <span class='ocrx_word' id='word_1_290' title='bbox 456 1875 483 1902; x_wconf 95' lang='lat' dir='ltr'><strong>in</strong></span> <span class='ocrx_word' id='word_1_291' title='bbox 495 1878 579 1909; x_wconf 89' lang='lat' dir='ltr'><strong>terra,</strong></span> <span class='ocrx_word' id='word_1_292' title='bbox 590 1879 637 1903; x_wconf 90' lang='lat' dir='ltr'><strong>aut</strong></span> <span class='ocrx_word' id='word_1_293' title='bbox 650 1875 678 1903; x_wconf 92' lang='lat' dir='ltr'><strong>in</strong></span> <span class='ocrx_word' id='word_1_294' title='bbox 692 1877 761 1903; x_wconf 87' lang='lat' dir='ltr'><strong>mari</strong></span> <span class='ocrx_word' id='word_1_295' title='bbox 775 1876 886 1912; x_wconf 75' lang='lat' dir='ltr'><strong>degunt,</strong></span> <span class='ocrx_word' id='word_1_296' title='bbox 901 1881 928 1904; x_wconf 89' lang='lat' dir='ltr'><strong>et</strong></span> <span class='ocrx_word' id='word_1_297' title='bbox 939 1877 1055 1905; x_wconf 85' lang='lat' dir='ltr'><strong>elemen-</strong></span> 
     </span>
    </p>
   </div>
   <div class='ocr_carea' id='block_1_42' title="bbox 263 1919 1051 1956">
    <p class='ocr_par' dir='ltr' id='par_1_42' title="bbox 263 1919 1051 1956">
     <span class='ocr_line' id='line_1_42' title="bbox 263 1919 1051 1956; baseline 0.006 -12"><span class='ocrx_word' id='word_1_298' title='bbox 263 1922 353 1945; x_wconf 82' lang='lat' dir='ltr'><strong>torum</strong></span> <span class='ocrx_word' id='word_1_299' title='bbox 363 1922 418 1945; x_wconf 91' lang='lat' dir='ltr'><strong>tam</strong></span> <span class='ocrx_word' id='word_1_300' title='bbox 427 1919 547 1946; x_wconf 87' lang='lat' dir='ltr'><strong>omnium</strong></span> <span class='ocrx_word' id='word_1_301' title='bbox 554 1920 729 1956; x_wconf 84' lang='lat' dir='ltr'><strong>simul,quam</strong></span> <span class='ocrx_word' id='word_1_302' title='bbox 738 1921 907 1956; x_wconf 77' lang='lat' dir='ltr'><strong>singulorum</strong></span> <span class='ocrx_word' id='word_1_303' title='bbox 917 1929 1051 1950; x_wconf 84' lang='lat' dir='ltr'><strong>seorsum:</strong></span> 
     </span>
    </p>
   </div>
   <div class='ocr_carea' id='block_1_43' title="bbox 265 1963 1051 1999">
    <p class='ocr_par' dir='ltr' id='par_1_43' title="bbox 265 1963 1051 1999">
     <span class='ocr_line' id='line_1_43' title="bbox 265 1963 1051 1999; baseline 0.006 -9"><span class='ocrx_word' id='word_1_304' title='bbox 265 1963 341 1998; x_wconf 81' lang='lat'><strong>151</strong></span> <span class='ocrx_word' id='word_1_305' title='bbox 354 1968 483 1999; x_wconf 74' lang='lat' dir='ltr'><strong>praeterea</strong></span> <span class='ocrx_word' id='word_1_306' title='bbox 500 1971 658 1993; x_wconf 90' lang='lat' dir='ltr'><strong>naturarunt</strong></span> <span class='ocrx_word' id='word_1_307' title='bbox 674 1967 832 1994; x_wconf 89' lang='lat' dir='ltr'><strong>omnimodo</strong></span> <span class='ocrx_word' id='word_1_308' title='bbox 846 1968 983 1995; x_wconf 88' lang='lat' dir='ltr'><strong>variarum</strong></span> <span class='ocrx_word' id='word_1_309' title='bbox 997 1971 1051 1995; x_wconf 87' lang='lat' dir='ltr'><strong>tant</strong></span> 
     </span>
    </p>
   </div>
   <div class='ocr_carea' id='block_1_44' title="bbox 263 2011 1051 2050">
    <p class='ocr_par' dir='ltr' id='par_1_44' title="bbox 263 2011 1051 2050">
     <span class='ocr_line' id='line_1_44' title="bbox 263 2011 1051 2050; baseline 0.008 -14"><span class='ocrx_word' id='word_1_310' title='bbox 263 2017 324 2045; x_wconf 64' lang='lat' dir='ltr'><strong>quae</strong></span> <span class='ocrx_word' id='word_1_311' title='bbox 346 2017 445 2045; x_wconf 80' lang='lat' dir='ltr'><strong>genere</strong></span> <span class='ocrx_word' id='word_1_312' title='bbox 467 2011 559 2046; x_wconf 90' lang='lat' dir='ltr'><strong>aliquo</strong></span> <span class='ocrx_word' id='word_1_313' title='bbox 580 2012 765 2046; x_wconf 87' lang='lat' dir='ltr'><strong>continentur,</strong></span> <span class='ocrx_word' id='word_1_314' title='bbox 782 2020 864 2047; x_wconf 87' lang='lat' dir='ltr'><strong>quam</strong></span> <span class='ocrx_word' id='word_1_315' title='bbox 885 2021 945 2048; x_wconf 74' lang='lat' dir='ltr'><strong>qua:</strong></span> <span class='ocrx_word' id='word_1_316' title='bbox 961 2015 1051 2050; x_wconf 87' lang='lat' dir='ltr'><strong>specie</strong></span> 
     </span>
    </p>
   </div>
   <div class='ocr_carea' id='block_1_45' title="bbox 261 2056 1051 2095">
    <p class='ocr_par' dir='ltr' id='par_1_45' title="bbox 261 2056 1051 2095">
     <span class='ocr_line' id='line_1_45' title="bbox 261 2056 1051 2095; baseline 0.008 -12"><span class='ocrx_word' id='word_1_317' title='bbox 261 2056 477 2092; x_wconf 78' lang='lat' dir='ltr'><strong>distinguuntur,</strong></span> <span class='ocrx_word' id='word_1_318' title='bbox 494 2057 595 2092; x_wconf 77' lang='lat' dir='ltr'><strong>opifex.</strong></span> <span class='ocrx_word' id='word_1_319' title='bbox 612 2057 705 2093; x_wconf 85' lang='lat' dir='ltr'><strong>Neque</strong></span> <span class='ocrx_word' id='word_1_320' title='bbox 719 2066 783 2085; x_wconf 87' lang='lat' dir='ltr'><strong>vero</strong></span> <span class='ocrx_word' id='word_1_321' title='bbox 803 2059 855 2086; x_wconf 89' lang='lat' dir='ltr'><strong>alia</strong></span> <span class='ocrx_word' id='word_1_322' title='bbox 871 2064 912 2088; x_wconf 90' lang='lat' dir='ltr'><strong>cst</strong></span> <span class='ocrx_word' id='word_1_323' title='bbox 927 2061 1007 2095; x_wconf 77' lang='lat' dir='ltr'><strong>ignis,</strong></span> <span class='ocrx_word' id='word_1_324' title='bbox 1024 2065 1051 2089; x_wconf 88' lang='lat' dir='ltr'><strong>et</strong></span> 
     </span>
    </p>
   </div>
   <div class='ocr_carea' id='block_1_46' title="bbox 261 2103 1049 2140">
    <p class='ocr_par' dir='ltr' id='par_1_46' title="bbox 261 2103 1049 2140">
     <span class='ocr_line' id='line_1_46' title="bbox 261 2103 1049 2140; baseline 0.005 -10"><span class='ocrx_word' id='word_1_325' title='bbox 261 2103 313 2131; x_wconf 88' lang='lat' dir='ltr'><strong>alia</strong></span> <span class='ocrx_word' id='word_1_326' title='bbox 339 2112 425 2139; x_wconf 67' lang='lat' dir='ltr'><strong>aquae,</strong></span> <span class='ocrx_word' id='word_1_327' title='bbox 445 2108 578 2139; x_wconf 63' lang='lat' dir='ltr'><strong>ternaque</strong></span> <span class='ocrx_word' id='word_1_328' title='bbox 596 2112 693 2132; x_wconf 90' lang='lat' dir='ltr'><strong>rursus</strong></span> <span class='ocrx_word' id='word_1_329' title='bbox 713 2105 776 2136; x_wconf 89' lang='lat' dir='ltr'><strong>alia,</strong></span> <span class='ocrx_word' id='word_1_330' title='bbox 798 2109 879 2140; x_wconf 88' lang='lat' dir='ltr'><strong>atque</strong></span> <span class='ocrx_word' id='word_1_331' title='bbox 896 2107 968 2134; x_wconf 87' lang='lat' dir='ltr'><strong>aeris</strong></span> <span class='ocrx_word' id='word_1_332' title='bbox 985 2106 1049 2134; x_wconf 86' lang='lat' dir='ltr'><strong>item</strong></span> 
     </span>
    </p>
   </div>
   <div class='ocr_carea' id='block_1_47' title="bbox 260 2150 1049 2186">
    <p class='ocr_par' dir='ltr' id='par_1_47' title="bbox 260 2150 1049 2186">
     <span class='ocr_line' id='line_1_47' title="bbox 260 2150 1049 2186; baseline 0.004 -9"><span class='ocrx_word' id='word_1_333' title='bbox 260 2150 313 2177; x_wconf 87' lang='lat' dir='ltr'><strong>alia</strong></span> <span class='ocrx_word' id='word_1_334' title='bbox 331 2150 451 2178; x_wconf 77' lang='lat' dir='ltr'><strong>eﬂ&#39;ectrix</strong></span> <span class='ocrx_word' id='word_1_335' title='bbox 476 2152 574 2183; x_wconf 73' lang='lat' dir='ltr'><strong>virtus;</strong></span> <span class='ocrx_word' id='word_1_336' title='bbox 594 2151 642 2179; x_wconf 89' lang='lat' dir='ltr'><strong>sed</strong></span> <span class='ocrx_word' id='word_1_337' title='bbox 666 2159 719 2178; x_wconf 90' lang='lat' dir='ltr'><strong>una</strong></span> <span class='ocrx_word' id='word_1_338' title='bbox 744 2156 825 2186; x_wconf 89' lang='lat' dir='ltr'><strong>atque</strong></span> <span class='ocrx_word' id='word_1_339' title='bbox 846 2152 940 2179; x_wconf 87' lang='lat' dir='ltr'><strong>eadem</strong></span> <span class='ocrx_word' id='word_1_340' title='bbox 958 2161 1049 2180; x_wconf 84' lang='lat' dir='ltr'><strong>rerum</strong></span> 
     </span>
    </p>
   </div>
   <div class='ocr_carea' id='block_1_48' title="bbox 259 2195 1047 2230">
    <p class='ocr_par' dir='ltr' id='par_1_48' title="bbox 259 2195 1047 2230">
     <span class='ocr_line' id='line_1_48' title="bbox 259 2195 1047 2230; baseline 0.001 -8"><span class='ocrx_word' id='word_1_341' title='bbox 259 2195 450 2223; x_wconf 88' lang='lat' dir='ltr'><strong>universarunt</strong></span> <span class='ocrx_word' id='word_1_342' title='bbox 475 2195 573 2222; x_wconf 75' lang='lat' dir='ltr'><strong>artifex</strong></span> <span class='ocrx_word' id='word_1_343' title='bbox 592 2195 735 2230; x_wconf 83' lang='lat' dir='ltr'><strong>sapientia,</strong></span> <span class='ocrx_word' id='word_1_344' title='bbox 766 2195 892 2230; x_wconf 85' lang='lat' dir='ltr'><strong>quodque</strong></span> <span class='ocrx_word' id='word_1_345' title='bbox 915 2196 1047 2223; x_wconf 90' lang='lat' dir='ltr'><strong>mundum</strong></span> 
     </span>
    </p>
   </div>
   <div class='ocr_carea' id='block_1_49' title="bbox 258 2240 1045 2276">
    <p class='ocr_par' dir='ltr' id='par_1_49' title="bbox 258 2240 1045 2276">
     <span class='ocr_line' id='line_1_49' title="bbox 258 2240 1045 2276; baseline -0.001 -7"><span class='ocrx_word' id='word_1_346' title='bbox 258 2240 357 2273; x_wconf 77' lang='lat' dir='ltr'><strong>eﬁecit,</strong></span> <span class='ocrx_word' id='word_1_347' title='bbox 379 2241 431 2268; x_wconf 89' lang='lat' dir='ltr'><strong>ltoc</strong></span> <span class='ocrx_word' id='word_1_348' title='bbox 445 2241 544 2275; x_wconf 86' lang='lat' dir='ltr'><strong>ipsum,</strong></span> <span class='ocrx_word' id='word_1_349' title='bbox 560 2241 593 2268; x_wconf 90' lang='lat' dir='ltr'><strong>de</strong></span> <span class='ocrx_word' id='word_1_350' title='bbox 606 2248 661 2276; x_wconf 90' lang='lat' dir='ltr'><strong>quo</strong></span> <span class='ocrx_word' id='word_1_351' title='bbox 676 2248 726 2268; x_wconf 89' lang='lat' dir='ltr'><strong>nos</strong></span> <span class='ocrx_word' id='word_1_352' title='bbox 738 2245 767 2267; x_wconf 89' lang='lat' dir='ltr'><strong>ut</strong></span> <span class='ocrx_word' id='word_1_353' title='bbox 783 2241 816 2268; x_wconf 90' lang='lat' dir='ltr'><strong>de</strong></span> <span class='ocrx_word' id='word_1_354' title='bbox 831 2240 886 2268; x_wconf 87' lang='lat' dir='ltr'><strong>Deo</strong></span> <span class='ocrx_word' id='word_1_355' title='bbox 899 2241 1045 2276; x_wconf 89' lang='lat' dir='ltr'><strong>loquimur,</strong></span> 
     </span>
    </p>
   </div>
   <div class='ocr_carea' id='block_1_50' title="bbox 258 2286 1046 2321">
    <p class='ocr_par' dir='ltr' id='par_1_50' title="bbox 258 2286 1046 2321">
     <span class='ocr_line' id='line_1_50' title="bbox 258 2286 1046 2321; baseline 0.001 -8"><span class='ocrx_word' id='word_1_356' title='bbox 258 2286 380 2314; x_wconf 86' lang='lat' dir='ltr'><strong>universi</strong></span> <span class='ocrx_word' id='word_1_357' title='bbox 401 2286 492 2321; x_wconf 83' lang='lat' dir='ltr'><strong>opifex</strong></span> <span class='ocrx_word' id='word_1_358' title='bbox 512 2286 560 2314; x_wconf 92' lang='lat' dir='ltr'><strong>Dei</strong></span> <span class='ocrx_word' id='word_1_359' title='bbox 584 2286 714 2314; x_wconf 81' lang='lat' dir='ltr'><strong>Verbum.</strong></span> <span class='ocrx_word' id='word_1_360' title='bbox 731 2286 825 2314; x_wconf 87' lang='lat' dir='ltr'><strong>Fidem</strong></span> <span class='ocrx_word' id='word_1_361' title='bbox 844 2287 886 2314; x_wconf 83' lang='lat' dir='ltr'><strong>his</strong></span> <span class='ocrx_word' id='word_1_362' title='bbox 909 2286 973 2314; x_wconf 84' lang='lat' dir='ltr'><strong>facit</strong></span> <span class='ocrx_word' id='word_1_363' title='bbox 991 2287 1046 2315; x_wconf 82' lang='lat' dir='ltr'><strong>elc-</strong></span> 
     </span>
    </p>
   </div>
   <div class='ocr_carea' id='block_1_51' title="bbox 258 2332 1045 2367">
    <p class='ocr_par' dir='ltr' id='par_1_51' title="bbox 258 2332 1045 2367">
     <span class='ocr_line' id='line_1_51' title="bbox 258 2332 1045 2367; baseline 0.001 -8"><span class='ocrx_word' id='word_1_364' title='bbox 258 2336 410 2360; x_wconf 85' lang='lat' dir='ltr'><strong>mentorum</strong></span> <span class='ocrx_word' id='word_1_365' title='bbox 434 2332 503 2359; x_wconf 88' lang='lat' dir='ltr'><strong>inter</strong></span> <span class='ocrx_word' id='word_1_366' title='bbox 520 2340 549 2360; x_wconf 90' lang='lat' dir='ltr'><strong>se</strong></span> <span class='ocrx_word' id='word_1_367' title='bbox 563 2332 694 2364; x_wconf 88' lang='lat' dir='ltr'><strong>anticitia,</strong></span> <span class='ocrx_word' id='word_1_368' title='bbox 710 2340 771 2367; x_wconf 69' lang='lat' dir='ltr'><strong>qua:</strong></span> <span class='ocrx_word' id='word_1_369' title='bbox 785 2340 816 2359; x_wconf 78' lang='lat' dir='ltr'><strong>ex</strong></span> <span class='ocrx_word' id='word_1_370' title='bbox 831 2339 863 2359; x_wconf 90' lang='lat' dir='ltr'><strong>eo</strong></span> <span class='ocrx_word' id='word_1_371' title='bbox 875 2333 946 2366; x_wconf 88' lang='lat' dir='ltr'><strong>quod</strong></span> <span class='ocrx_word' id='word_1_372' title='bbox 961 2332 1045 2360; x_wconf 91' lang='lat' dir='ltr'><strong>certis</strong></span> 
     </span>
    </p>
   </div>
   <div class='ocr_carea' id='block_1_52' title="bbox 256 2378 1045 2413">
    <p class='ocr_par' dir='ltr' id='par_1_52' title="bbox 256 2378 1045 2413">
     <span class='ocr_line' id='line_1_52' title="bbox 256 2378 1045 2413; baseline 0 -9"><span class='ocrx_word' id='word_1_373' title='bbox 256 2379 476 2413; x_wconf 88' lang='lat' dir='ltr'><strong>temperamentis</strong></span> <span class='ocrx_word' id='word_1_374' title='bbox 499 2378 643 2405; x_wconf 89' lang='lat' dir='ltr'><strong>commista</strong></span> <span class='ocrx_word' id='word_1_375' title='bbox 659 2382 733 2409; x_wconf 89' lang='lat' dir='ltr'><strong>sunt,</strong></span> <span class='ocrx_word' id='word_1_376' title='bbox 759 2381 905 2413; x_wconf 80' lang='lat' dir='ltr'><strong>cognatum</strong></span> <span class='ocrx_word' id='word_1_377' title='bbox 926 2385 958 2405; x_wconf 88' lang='lat' dir='ltr'><strong>ac</strong></span> <span class='ocrx_word' id='word_1_378' title='bbox 984 2386 1045 2413; x_wconf 76' lang='lat' dir='ltr'><strong>ger-</strong></span> 
     </span>
    </p>
   </div>
   <div class='ocr_carea' id='block_1_53' title="bbox 256 2423 1043 2458">
    <p class='ocr_par' dir='ltr' id='par_1_53' title="bbox 256 2423 1043 2458">
     <span class='ocr_line' id='line_1_53' title="bbox 256 2423 1043 2458; baseline 0.001 -8"><span class='ocrx_word' id='word_1_379' title='bbox 256 2431 377 2456; x_wconf 88' lang='lat' dir='ltr'><strong>manum,</strong></span> <span class='ocrx_word' id='word_1_380' title='bbox 393 2428 420 2451; x_wconf 91' lang='lat' dir='ltr'><strong>et</strong></span> <span class='ocrx_word' id='word_1_381' title='bbox 434 2428 564 2458; x_wconf 85' lang='lat' dir='ltr'><strong>tanquam</strong></span> <span class='ocrx_word' id='word_1_382' title='bbox 587 2424 669 2451; x_wconf 90' lang='lat' dir='ltr'><strong>unius</strong></span> <span class='ocrx_word' id='word_1_383' title='bbox 690 2423 833 2451; x_wconf 87' lang='lat' dir='ltr'><strong>architecti</strong></span> <span class='ocrx_word' id='word_1_384' title='bbox 855 2431 934 2458; x_wconf 85' lang='lat' dir='ltr'><strong>opus,</strong></span> <span class='ocrx_word' id='word_1_385' title='bbox 951 2431 1043 2452; x_wconf 91' lang='lat' dir='ltr'><strong>rerum</strong></span> 
     </span>
    </p>
   </div>
   <div class='ocr_carea' id='block_1_54' title="bbox 255 2469 1043 2504">
    <p class='ocr_par' dir='ltr' id='par_1_54' title="bbox 255 2469 1043 2504">
     <span class='ocr_line' id='line_1_54' title="bbox 255 2469 1043 2504; baseline 0.003 -8"><span class='ocrx_word' id='word_1_386' title='bbox 255 2473 380 2497; x_wconf 85' lang='lat' dir='ltr'><strong>naturam</strong></span> <span class='ocrx_word' id='word_1_387' title='bbox 395 2470 525 2498; x_wconf 87' lang='lat' dir='ltr'><strong>ostendit.</strong></span> <span class='ocrx_word' id='word_1_388' title='bbox 537 2469 604 2497; x_wconf 81' lang='lat' dir='ltr'><strong>Nam</strong></span> <span class='ocrx_word' id='word_1_389' title='bbox 620 2474 647 2497; x_wconf 87' lang='lat' dir='ltr'><strong>et</strong></span> <span class='ocrx_word' id='word_1_390' title='bbox 661 2474 746 2503; x_wconf 85' lang='lat' dir='ltr'><strong>terra,</strong></span> <span class='ocrx_word' id='word_1_391' title='bbox 763 2477 823 2504; x_wconf 66' lang='lat' dir='ltr'><strong>quae</strong></span> <span class='ocrx_word' id='word_1_392' title='bbox 839 2478 920 2504; x_wconf 79' lang='lat' dir='ltr'><strong>grave</strong></span> <span class='ocrx_word' id='word_1_393' title='bbox 935 2474 975 2498; x_wconf 86' lang='lat' dir='ltr'><strong>est</strong></span> <span class='ocrx_word' id='word_1_394' title='bbox 988 2470 1043 2498; x_wconf 92' lang='lat' dir='ltr'><strong>ele-</strong></span> 
     </span>
    </p>
   </div>
   <div class='ocr_carea' id='block_1_55' title="bbox 255 2514 1042 2550">
    <p class='ocr_par' dir='ltr' id='par_1_55' title="bbox 255 2514 1042 2550">
     <span class='ocr_line' id='line_1_55' title="bbox 255 2514 1042 2550; baseline 0.003 -10"><span class='ocrx_word' id='word_1_395' title='bbox 255 2518 386 2546; x_wconf 91' lang='lat' dir='ltr'><strong>mentum,</strong></span> <span class='ocrx_word' id='word_1_396' title='bbox 396 2523 457 2542; x_wconf 85' lang='lat' dir='ltr'><strong>cum</strong></span> <span class='ocrx_word' id='word_1_397' title='bbox 466 2516 545 2550; x_wconf 83' lang='lat' dir='ltr'><strong>aquis</strong></span> <span class='ocrx_word' id='word_1_398' title='bbox 562 2515 676 2546; x_wconf 84' lang='lat' dir='ltr'><strong>innatet,</strong></span> <span class='ocrx_word' id='word_1_399' title='bbox 691 2522 778 2549; x_wconf 86' lang='lat' dir='ltr'><strong>neque</strong></span> <span class='ocrx_word' id='word_1_400' title='bbox 793 2514 928 2542; x_wconf 87' lang='lat' dir='ltr'><strong>soliditate</strong></span> <span class='ocrx_word' id='word_1_401' title='bbox 940 2521 1042 2543; x_wconf 69' lang='lat' dir='ltr'><strong>natura:</strong></span> 
     </span>
    </p>
   </div>
   <div class='ocr_carea' id='block_1_56' title="bbox 255 2559 1039 2596">
    <p class='ocr_par' dir='ltr' id='par_1_56' title="bbox 255 2559 1039 2596">
     <span class='ocr_line' id='line_1_56' title="bbox 255 2559 1039 2596; baseline 0.003 -10"><span class='ocrx_word' id='word_1_402' title='bbox 255 2559 282 2586; x_wconf 89' lang='lat' dir='ltr'><strong>in</strong></span> <span class='ocrx_word' id='word_1_403' title='bbox 295 2560 456 2594; x_wconf 79' lang='lat' dir='ltr'><strong>profundum</strong></span> <span class='ocrx_word' id='word_1_404' title='bbox 468 2562 604 2593; x_wconf 87' lang='lat' dir='ltr'><strong>trahatur,</strong></span> <span class='ocrx_word' id='word_1_405' title='bbox 615 2561 662 2589; x_wconf 87' lang='lat' dir='ltr'><strong>sed</strong></span> <span class='ocrx_word' id='word_1_406' title='bbox 674 2561 777 2588; x_wconf 87' lang='lat' dir='ltr'><strong>feratur</strong></span> <span class='ocrx_word' id='word_1_407' title='bbox 787 2569 894 2596; x_wconf 86' lang='lat' dir='ltr'><strong>semper</strong></span> <span class='ocrx_word' id='word_1_408' title='bbox 904 2561 1039 2594; x_wconf 85' lang='lat' dir='ltr'><strong>sublimis,</strong></span> 
     </span>
    </p>
   </div>
   <div class='ocr_carea' id='block_1_57' title="bbox 255 2606 1039 2643">
    <p class='ocr_par' dir='ltr' id='par_1_57' title="bbox 255 2606 1039 2643">
     <span class='ocr_line' id='line_1_57' title="bbox 255 2606 1039 2643; baseline 0.003 -11"><span class='ocrx_word' id='word_1_409' title='bbox 255 2612 342 2639; x_wconf 88' lang='lat' dir='ltr'><strong>neque</strong></span> <span class='ocrx_word' id='word_1_410' title='bbox 357 2607 556 2643; x_wconf 76' lang='lat' dir='ltr'><strong>submergatur,</strong></span> <span class='ocrx_word' id='word_1_411' title='bbox 573 2606 620 2634; x_wconf 89' lang='lat' dir='ltr'><strong>Dei</strong></span> <span class='ocrx_word' id='word_1_412' title='bbox 644 2606 734 2634; x_wconf 81' lang='lat' dir='ltr'><strong>Verbo</strong></span> <span class='ocrx_word' id='word_1_413' title='bbox 756 2606 858 2641; x_wconf 86' lang='lat' dir='ltr'><strong>Deique</strong></span> <span class='ocrx_word' id='word_1_414' title='bbox 876 2607 991 2635; x_wconf 86' lang='lat' dir='ltr'><strong>consilio</strong></span> <span class='ocrx_word' id='word_1_415' title='bbox 1006 2607 1039 2634; x_wconf 92' lang='lat' dir='ltr'><strong>li-</strong></span> 
     </span>
    </p>
   </div>
   <div class='ocr_carea' id='block_1_58' title="bbox 254 2649 1039 2680">
    <p class='ocr_par' dir='ltr' id='par_1_58' title="bbox 254 2649 1039 2680">
     <span class='ocr_line' id='line_1_58' title="bbox 254 2649 1039 2680; baseline 0.004 -4"><span class='ocrx_word' id='word_1_416' title='bbox 254 2649 315 2677; x_wconf 89' lang='lat' dir='ltr'><strong>dem</strong></span> <span class='ocrx_word' id='word_1_417' title='bbox 330 2650 402 2678; x_wconf 85' lang='lat' dir='ltr'><strong>facit.</strong></span> <span class='ocrx_word' id='word_1_418' title='bbox 415 2651 536 2680; x_wconf 60' lang='lat' dir='ltr'><strong>Humida</strong></span> <span class='ocrx_word' id='word_1_419' title='bbox 551 2653 613 2680; x_wconf 86' lang='lat' dir='ltr'><strong>item</strong></span> <span class='ocrx_word' id='word_1_420' title='bbox 630 2657 735 2680; x_wconf 70' lang='lat' dir='ltr'><strong>natura:</strong></span> <span class='ocrx_word' id='word_1_421' title='bbox 750 2660 813 2679; x_wconf 91' lang='lat' dir='ltr'><strong>cum</strong></span> <span class='ocrx_word' id='word_1_422' title='bbox 828 2653 904 2680; x_wconf 86' lang='lat' dir='ltr'><strong>arida</strong></span> <span class='ocrx_word' id='word_1_423' title='bbox 915 2661 1039 2680; x_wconf 91' lang='lat' dir='ltr'><strong>commu-</strong></span> 
     </span>
    </p>
   </div>
   <div class='ocr_carea' id='block_1_59' title="bbox 254 2696 1038 2735">
    <p class='ocr_par' dir='ltr' id='par_1_59' title="bbox 254 2696 1038 2735">
     <span class='ocr_line' id='line_1_59' title="bbox 254 2696 1038 2735; baseline 0.005 -13"><span class='ocrx_word' id='word_1_424' title='bbox 254 2696 364 2729; x_wconf 87' lang='lat' dir='ltr'><strong>nicatio,</strong></span> <span class='ocrx_word' id='word_1_425' title='bbox 380 2706 439 2732; x_wconf 72' lang='lat' dir='ltr'><strong>qua:</strong></span> <span class='ocrx_word' id='word_1_426' title='bbox 453 2699 520 2726; x_wconf 91' lang='lat' dir='ltr'><strong>nihil</strong></span> <span class='ocrx_word' id='word_1_427' title='bbox 539 2700 721 2735; x_wconf 88' lang='lat' dir='ltr'><strong>corruptionis</strong></span> <span class='ocrx_word' id='word_1_428' title='bbox 735 2707 790 2734; x_wconf 69' lang='lat' dir='ltr'><strong>prae</strong></span> <span class='ocrx_word' id='word_1_429' title='bbox 813 2707 843 2726; x_wconf 87' lang='lat' dir='ltr'><strong>se</strong></span> <span class='ocrx_word' id='word_1_430' title='bbox 864 2699 925 2732; x_wconf 87' lang='lat' dir='ltr'><strong>fert,</strong></span> <span class='ocrx_word' id='word_1_431' title='bbox 950 2707 1038 2734; x_wconf 90' lang='lat' dir='ltr'><strong>neque</strong></span> 
     </span>
    </p>
   </div>
   <div class='ocr_carea' id='block_1_60' title="bbox 254 2742 1038 2781">
    <p class='ocr_par' dir='ltr' id='par_1_60' title="bbox 254 2742 1038 2781">
     <span class='ocr_line' id='line_1_60' title="bbox 254 2742 1038 2781; baseline 0.005 -13"><span class='ocrx_word' id='word_1_432' title='bbox 254 2742 397 2770; x_wconf 87' lang='lat' dir='ltr'><strong>confertim</strong></span> <span class='ocrx_word' id='word_1_433' title='bbox 418 2745 544 2773; x_wconf 87' lang='lat' dir='ltr'><strong>universa</strong></span> <span class='ocrx_word' id='word_1_434' title='bbox 561 2749 709 2781; x_wconf 77' lang='lat' dir='ltr'><strong>restagnat,</strong></span> <span class='ocrx_word' id='word_1_435' title='bbox 725 2745 772 2773; x_wconf 89' lang='lat' dir='ltr'><strong>sed</strong></span> <span class='ocrx_word' id='word_1_436' title='bbox 790 2745 837 2773; x_wconf 90' lang='lat' dir='ltr'><strong>Dei</strong></span> <span class='ocrx_word' id='word_1_437' title='bbox 858 2749 926 2772; x_wconf 86' lang='lat' dir='ltr'><strong>nutu</strong></span> <span class='ocrx_word' id='word_1_438' title='bbox 944 2746 1038 2772; x_wconf 82' lang='lat' dir='ltr'><strong>occul-</strong></span> 
     </span>
    </p>
   </div>
   <div class='ocr_carea' id='block_1_61' title="bbox 255 2787 1035 2826">
    <p class='ocr_par' dir='ltr' id='par_1_61' title="bbox 255 2787 1035 2826">
     <span class='ocr_line' id='line_1_61' title="bbox 255 2787 1035 2826; baseline 0.003 -12"><span class='ocrx_word' id='word_1_439' title='bbox 255 2787 359 2816; x_wconf 88' lang='lat' dir='ltr'><strong>tissimo</strong></span> <span class='ocrx_word' id='word_1_440' title='bbox 374 2791 498 2826; x_wconf 81' lang='lat' dir='ltr'><strong>colligata</strong></span> <span class='ocrx_word' id='word_1_441' title='bbox 519 2795 635 2824; x_wconf 86' lang='lat' dir='ltr'><strong>tenetur,</strong></span> <span class='ocrx_word' id='word_1_442' title='bbox 651 2799 736 2818; x_wconf 89' lang='lat' dir='ltr'><strong>unum</strong></span> <span class='ocrx_word' id='word_1_443' title='bbox 750 2799 847 2819; x_wconf 90' lang='lat' dir='ltr'><strong>rursus</strong></span> <span class='ocrx_word' id='word_1_444' title='bbox 866 2794 947 2826; x_wconf 87' lang='lat' dir='ltr'><strong>atque</strong></span> <span class='ocrx_word' id='word_1_445' title='bbox 964 2790 1035 2826; x_wconf 84' lang='lat' dir='ltr'><strong>idem</strong></span> 
     </span>
    </p>
   </div>
   <div class='ocr_carea' id='block_1_62' title="bbox 254 2831 1033 2873">
    <p class='ocr_par' dir='ltr' id='par_1_62' title="bbox 254 2831 1033 2873">
     <span class='ocr_line' id='line_1_62' title="bbox 254 2831 1033 2873; baseline 0.005 -15"><span class='ocrx_word' id='word_1_446' title='bbox 254 2831 301 2860; x_wconf 90' lang='lat' dir='ltr'><strong>Dei</strong></span> <span class='ocrx_word' id='word_1_447' title='bbox 312 2832 428 2862; x_wconf 85' lang='lat' dir='ltr'><strong>Verbum</strong></span> <span class='ocrx_word' id='word_1_448' title='bbox 442 2843 502 2864; x_wconf 88' lang='lat' dir='ltr'><strong>esse</strong></span> <span class='ocrx_word' id='word_1_449' title='bbox 514 2837 694 2866; x_wconf 82' lang='lat' dir='ltr'><strong>demonstrat.</strong></span> <span class='ocrx_word' id='word_1_450' title='bbox 706 2837 777 2871; x_wconf 86' lang='lat' dir='ltr'><strong>Quid</strong></span> <span class='ocrx_word' id='word_1_451' title='bbox 788 2844 870 2873; x_wconf 89' lang='lat' dir='ltr'><strong>porro</strong></span> <span class='ocrx_word' id='word_1_452' title='bbox 884 2836 974 2872; x_wconf 77' lang='lat' dir='ltr'><strong>ignis?</strong></span> <span class='ocrx_word' id='word_1_453' title='bbox 987 2835 1033 2870; x_wconf 92' lang='lat' dir='ltr'><strong>qui</strong></span> 
     </span>
    </p>
   </div>
   <div class='ocr_carea' id='block_1_63' title="bbox 288 2912 658 2949">
    <p class='ocr_par' dir='ltr' id='par_1_63' title="bbox 288 2912 658 2949">
     <span class='ocr_line' id='line_1_63' title="bbox 288 2912 658 2949; baseline 0.008 -8"><span class='ocrx_word' id='word_1_454' title='bbox 288 2914 311 2930; x_wconf 83' lang='lat'><strong>&quot;</strong></span> <span class='ocrx_word' id='word_1_455' title='bbox 324 2912 400 2942; x_wconf 74' lang='lat' dir='ltr'><strong>Joan.</strong></span> <span class='ocrx_word' id='word_1_456' title='bbox 417 2923 435 2949; x_wconf 89' lang='lat' dir='ltr'><strong>t,</strong></span> <span class='ocrx_word' id='word_1_457' title='bbox 451 2915 477 2943; x_wconf 77' lang='lat' dir='ltr'><strong>L</strong></span> <span class='ocrx_word' id='word_1_458' title='bbox 514 2916 537 2933; x_wconf 72' lang='lat'>”</span> <span class='ocrx_word' id='word_1_459' title='bbox 550 2916 616 2944; x_wconf 87' lang='lat' dir='ltr'><strong>ibid.</strong></span> <span class='ocrx_word' id='word_1_460' title='bbox 632 2918 658 2944; x_wconf 84' lang='grc'><strong>5.</strong></span> 
     </span>
    </p>
   </div>
   <div class='ocr_carea' id='block_1_64' title="bbox 1507 463 1545 489">
    <p class='ocr_par' dir='ltr' id='par_1_64' title="bbox 1507 463 1545 489">
     <span class='ocr_line' id='line_1_64' title="bbox 1507 463 1545 489; baseline 0 0"><span class='ocrx_word' id='word_1_461' title='bbox 1507 463 1545 489; x_wconf 84' lang='grc' dir='ltr'><strong>Ε’.</strong></span> 
     </span>
    </p>
   </div>
   <div class='ocr_carea' id='block_1_65' title="bbox 1128 517 1917 563">
    <p class='ocr_par' dir='ltr' id='par_1_65' title="bbox 1128 517 1917 563">
     <span class='ocr_line' id='line_1_65' title="bbox 1128 517 1917 563; baseline 0.005 -21"><span class='ocrx_word' id='word_1_462' title='bbox 1128 517 1178 563; x_wconf 51' lang='lat' dir='ltr'><strong>Eun</strong></span> <span class='ocrx_word' id='word_1_463' title='bbox 1192 517 1237 563; x_wconf 68' lang='grc' dir='ltr'>ᾨς</span> <span class='ocrx_word' id='word_1_464' title='bbox 1256 519 1365 563; x_wconf 48' lang='grc' dir='ltr'>μυρίας</span> <span class='ocrx_word' id='word_1_465' title='bbox 1383 519 1442 553; x_wconf 74' lang='grc' dir='ltr'>μὲν</span> <span class='ocrx_word' id='word_1_466' title='bbox 1464 519 1670 563; x_wconf 56' lang='grc' dir='ltr'>ρμολιέγ-οὗμεν</span> <span class='ocrx_word' id='word_1_467' title='bbox 1694 520 1769 563; x_wconf 33' lang='lat' dir='ltr'><strong>sicut</strong></span> <span class='ocrx_word' id='word_1_468' title='bbox 1788 519 1917 563; x_wconf 46' lang='lat' dir='ltr'><strong>gwnqﬂgc</strong></span> 
     </span>
    </p>
   </div>
   <div class='ocr_carea' id='block_1_66' title="bbox 1161 553 1916 588">
    <p class='ocr_par' dir='ltr' id='par_1_66' title="bbox 1161 553 1916 588">
     <span class='ocr_line' id='line_1_66' title="bbox 1161 553 1916 588; baseline 0.005 -11"><span class='ocrx_word' id='word_1_469' title='bbox 1161 553 1241 585; x_wconf 70' lang='grc' dir='ltr'>θείας</span> <span class='ocrx_word' id='word_1_470' title='bbox 1256 553 1397 587; x_wconf 79' lang='grc' dir='ltr'>δυνάμεις</span> <span class='ocrx_word' id='word_1_471' title='bbox 1409 575 1416 586; x_wconf 88' lang='grc'>,</span> <span class='ocrx_word' id='word_1_472' title='bbox 1431 555 1529 588; x_wconf 64' lang='grc' dir='ltr'><strong>μόνην</strong></span> <span class='ocrx_word' id='word_1_473' title='bbox 1541 554 1575 580; x_wconf 77' lang='grc' dir='ltr'>δὲ</span> <span class='ocrx_word' id='word_1_474' title='bbox 1591 553 1646 587; x_wconf 71' lang='grc' dir='ltr'>τὴν</span> <span class='ocrx_word' id='word_1_475' title='bbox 1662 555 1715 581; x_wconf 85' lang='grc' dir='ltr'><strong>τοῦ</strong></span> <span class='ocrx_word' id='word_1_476' title='bbox 1735 553 1812 585; x_wconf 78' lang='grc' dir='ltr'>Υίοῧ,</span> <span class='ocrx_word' id='word_1_477' title='bbox 1824 554 1861 580; x_wconf 80' lang='grc' dir='ltr'>δι’</span> <span class='ocrx_word' id='word_1_478' title='bbox 1875 554 1916 588; x_wconf 75' lang='grc' dir='ltr'>ἦν</span> 
     </span>
    </p>
   </div>
   <div class='ocr_carea' id='block_1_67' title="bbox 1162 588 1912 624">
    <p class='ocr_par' dir='ltr' id='par_1_67' title="bbox 1162 588 1912 624">
     <span class='ocr_line' id='line_1_67' title="bbox 1162 588 1912 624; baseline 0.004 -10"><span class='ocrx_word' id='word_1_479' title='bbox 1162 588 1300 622; x_wconf 75' lang='grc' dir='ltr'><strong>ἐπάγεται</strong></span> <span class='ocrx_word' id='word_1_480' title='bbox 1309 590 1410 615; x_wconf 73' lang='grc' dir='ltr'>εἰκόνα</span> <span class='ocrx_word' id='word_1_481' title='bbox 1422 589 1474 616; x_wconf 77' lang='grc' dir='ltr'><strong>τοῦ</strong></span> <span class='ocrx_word' id='word_1_482' title='bbox 1483 589 1555 616; x_wconf 83' lang='grc' dir='ltr'><strong>Θεοῦ</strong></span> <span class='ocrx_word' id='word_1_483' title='bbox 1565 590 1690 624; x_wconf 77' lang='grc' dir='ltr'><strong>Πατρός,</strong></span> <span class='ocrx_word' id='word_1_484' title='bbox 1701 592 1823 624; x_wconf 80' lang='grc' dir='ltr'>θεολογο</span> <span class='ocrx_word' id='word_1_485' title='bbox 1829 590 1912 624; x_wconf 77' lang='grc' dir='ltr'>ῦμεν.</span> 
     </span>
    </p>
   </div>
   <div class='ocr_carea' id='block_1_68' title="bbox 1161 677 1913 715">
    <p class='ocr_par' dir='ltr' id='par_1_68' title="bbox 1161 677 1913 715">
     <span class='ocr_line' id='line_1_68' title="bbox 1161 677 1913 715; baseline 0.004 -12"><span class='ocrx_word' id='word_1_486' title='bbox 1161 677 1206 703; x_wconf 79' lang='grc' dir='ltr'>Διὸ</span> <span class='ocrx_word' id='word_1_487' title='bbox 1225 677 1270 703; x_wconf 71' lang='grc' dir='ltr'>καὶ</span> <span class='ocrx_word' id='word_1_488' title='bbox 1283 677 1329 704; x_wconf 68' lang='grc' dir='ltr'><strong>ἐπὶ</strong></span> <span class='ocrx_word' id='word_1_489' title='bbox 1344 677 1452 704; x_wconf 77' lang='grc' dir='ltr'>πάντων</span> <span class='ocrx_word' id='word_1_490' title='bbox 1465 678 1578 704; x_wconf 75' lang='grc' dir='ltr'><strong>καθόλου</strong></span> <span class='ocrx_word' id='word_1_491' title='bbox 1597 679 1651 705; x_wconf 83' lang='grc' dir='ltr'>τῶν</span> <span class='ocrx_word' id='word_1_492' title='bbox 1663 679 1814 715; x_wconf 81' lang='grc' dir='ltr'>δημιουργη</span> <span class='ocrx_word' id='word_1_493' title='bbox 1820 680 1913 715; x_wconf 83' lang='grc' dir='ltr'><strong>μάτων</strong></span> 
     </span>
    </p>
   </div>
   <div class='ocr_carea' id='block_1_69' title="bbox 1127 722 1912 760">
    <p class='ocr_par' dir='ltr' id='par_1_69' title="bbox 1127 722 1912 760">
     <span class='ocr_line' id='line_1_69' title="bbox 1127 722 1912 760; baseline 0.005 -12"><span class='ocrx_word' id='word_1_494' title='bbox 1127 723 1192 757; x_wconf 85' lang='grc' dir='ltr'>μίαν</span> <span class='ocrx_word' id='word_1_495' title='bbox 1212 722 1298 758; x_wconf 83' lang='grc' dir='ltr'>χρεὼν</span> <span class='ocrx_word' id='word_1_496' title='bbox 1320 723 1394 750; x_wconf 81' lang='grc' dir='ltr'>θείαν</span> <span class='ocrx_word' id='word_1_497' title='bbox 1416 724 1529 760; x_wconf 79' lang='grc' dir='ltr'>δύναμιν</span> <span class='ocrx_word' id='word_1_498' title='bbox 1553 725 1773 760; x_wconf 77' lang='grc' dir='ltr'>ἀποθαυμάζειν,</span> <span class='ocrx_word' id='word_1_499' title='bbox 1799 725 1855 752; x_wconf 78' lang='grc' dir='ltr'>ἀλλ’</span> <span class='ocrx_word' id='word_1_500' title='bbox 1881 726 1912 752; x_wconf 86' lang='grc' dir='ltr'>οὐ</span> 
     </span>
    </p>
   </div>
   <div class='ocr_carea' id='block_1_70' title="bbox 1126 768 1912 806">
    <p class='ocr_par' dir='ltr' id='par_1_70' title="bbox 1126 768 1912 806">
     <span class='ocr_line' id='line_1_70' title="bbox 1126 768 1912 806; baseline 0.004 -12"><span class='ocrx_word' id='word_1_501' title='bbox 1126 768 1224 799; x_wconf 81' lang='grc' dir='ltr'>πολλὰς</span> <span class='ocrx_word' id='word_1_502' title='bbox 1235 769 1357 804; x_wconf 80' lang='grc' dir='ltr'>ἡγεῖσθαι</span> <span class='ocrx_word' id='word_1_503' title='bbox 1368 778 1375 784; x_wconf 68' lang='grc' dir='ltr'><strong>θ</strong></span> <span class='ocrx_word' id='word_1_504' title='bbox 1394 770 1442 805; x_wconf 78' lang='grc' dir='ltr'><strong>μία</strong></span> <span class='ocrx_word' id='word_1_505' title='bbox 1459 771 1512 806; x_wconf 80' lang='grc' dir='ltr'>γὰρ</span> <span class='ocrx_word' id='word_1_506' title='bbox 1527 772 1543 806; x_wconf 87' lang='grc' dir='ltr'>ἡ</span> <span class='ocrx_word' id='word_1_507' title='bbox 1558 771 1671 798; x_wconf 76' lang='grc' dir='ltr'><strong>καθόλου</strong></span> <span class='ocrx_word' id='word_1_508' title='bbox 1685 771 1850 806; x_wconf 80' lang='grc' dir='ltr'>κοσμοποιὺς</span> <span class='ocrx_word' id='word_1_509' title='bbox 1864 771 1912 797; x_wconf 75' lang='grc' dir='ltr'><strong>δύ-</strong></span> 
     </span>
    </p>
   </div>
   <div class='ocr_carea' id='block_1_71' title="bbox 1124 812 1910 853">
    <p class='ocr_par' dir='ltr' id='par_1_71' title="bbox 1124 812 1910 853">
     <span class='ocr_line' id='line_1_71' title="bbox 1124 812 1910 853; baseline 0.005 -13"><span class='ocrx_word' id='word_1_510' title='bbox 1124 824 1214 850; x_wconf 85' lang='grc' dir='ltr'>ναμις,</span> <span class='ocrx_word' id='word_1_511' title='bbox 1227 815 1272 841; x_wconf 74' lang='grc' dir='ltr'><strong>καὶ</strong></span> <span class='ocrx_word' id='word_1_512' title='bbox 1287 812 1325 847; x_wconf 74' lang='grc' dir='ltr'>εἷς</span> <span class='ocrx_word' id='word_1_513' title='bbox 1339 817 1353 842; x_wconf 86' lang='grc' dir='ltr'>ὁ</span> <span class='ocrx_word' id='word_1_514' title='bbox 1366 816 1418 842; x_wconf 84' lang='grc' dir='ltr'><strong>τῶν</strong></span> <span class='ocrx_word' id='word_1_515' title='bbox 1429 817 1497 843; x_wconf 79' lang='grc' dir='ltr'>ὅλων</span> <span class='ocrx_word' id='word_1_516' title='bbox 1511 817 1674 852; x_wconf 80' lang='grc' dir='ltr'>δημιουργὸς</span> <span class='ocrx_word' id='word_1_517' title='bbox 1690 817 1775 851; x_wconf 77' lang='grc' dir='ltr'>Λόγος</span> <span class='ocrx_word' id='word_1_518' title='bbox 1793 819 1822 843; x_wconf 82' lang='grc' dir='ltr'>ὲν</span> <span class='ocrx_word' id='word_1_519' title='bbox 1838 818 1910 853; x_wconf 83' lang='grc' dir='ltr'>ἀρχῇ</span> 
     </span>
    </p>
   </div>
   <div class='ocr_carea' id='block_1_72' title="bbox 1123 859 1912 898">
    <p class='ocr_par' dir='ltr' id='par_1_72' title="bbox 1123 859 1912 898">
     <span class='ocr_line' id='line_1_72' title="bbox 1123 859 1912 898; baseline 0.005 -13"><span class='ocrx_word' id='word_1_520' title='bbox 1123 859 1191 894; x_wconf 77' lang='grc' dir='ltr'>πρὸς</span> <span class='ocrx_word' id='word_1_521' title='bbox 1209 860 1254 886; x_wconf 72' lang='grc' dir='ltr'><strong>τὸν</strong></span> <span class='ocrx_word' id='word_1_522' title='bbox 1277 860 1352 886; x_wconf 88' lang='grc' dir='ltr'>Θεόν.</span> <span class='ocrx_word' id='word_1_523' title='bbox 1376 870 1385 886; x_wconf 68' lang='grc' dir='ltr'><strong>ι</strong></span> <span class='ocrx_word' id='word_1_524' title='bbox 1403 862 1463 888; x_wconf 79' lang='grc' dir='ltr'><strong>Ὅτι</strong></span> <span class='ocrx_word' id='word_1_525' title='bbox 1487 862 1515 888; x_wconf 75' lang='grc' dir='ltr'><strong>ὲν</strong></span> <span class='ocrx_word' id='word_1_526' title='bbox 1535 863 1605 898; x_wconf 80' lang='grc' dir='ltr'>ἀρχῇ</span> <span class='ocrx_word' id='word_1_527' title='bbox 1630 859 1663 896; x_wconf 85' lang='grc' dir='ltr'><strong>ἧν</strong></span> <span class='ocrx_word' id='word_1_528' title='bbox 1680 863 1694 889; x_wconf 99' lang='lat'><strong>6</strong></span> <span class='ocrx_word' id='word_1_529' title='bbox 1715 863 1818 896; x_wconf 75' lang='grc' dir='ltr'>Λόγος,</span> <span class='ocrx_word' id='word_1_530' title='bbox 1835 863 1882 889; x_wconf 79' lang='grc' dir='ltr'><strong>καὶ</strong></span> <span class='ocrx_word' id='word_1_531' title='bbox 1897 864 1912 889; x_wconf 91' lang='lat'><strong>6</strong></span> 
     </span>
    </p>
   </div>
   <div class='ocr_carea' id='block_1_73' title="bbox 1124 903 1910 944">
    <p class='ocr_par' dir='ltr' id='par_1_73' title="bbox 1124 903 1910 944">
     <span class='ocr_line' id='line_1_73' title="bbox 1124 903 1910 944; baseline 0.008 -15"><span class='ocrx_word' id='word_1_532' title='bbox 1124 904 1208 938; x_wconf 76' lang='grc' dir='ltr'>Λόγος</span> <span class='ocrx_word' id='word_1_533' title='bbox 1227 903 1259 940; x_wconf 79' lang='grc' dir='ltr'>ἦν</span> <span class='ocrx_word' id='word_1_534' title='bbox 1279 906 1345 941; x_wconf 67' lang='grc' dir='ltr'>πρὸς</span> <span class='ocrx_word' id='word_1_535' title='bbox 1360 906 1404 933; x_wconf 70' lang='grc' dir='ltr'><strong>τὸν</strong></span> <span class='ocrx_word' id='word_1_536' title='bbox 1418 906 1501 938; x_wconf 74' lang='grc' dir='ltr'>Θεὸν,</span> <span class='ocrx_word' id='word_1_537' title='bbox 1515 908 1561 942; x_wconf 74' lang='grc' dir='ltr'><strong>καὶ</strong></span> <span class='ocrx_word' id='word_1_538' title='bbox 1575 907 1641 940; x_wconf 82' lang='grc' dir='ltr'>Θεὸς</span> <span class='ocrx_word' id='word_1_539' title='bbox 1659 906 1692 944; x_wconf 85' lang='grc' dir='ltr'>ἦν</span> <span class='ocrx_word' id='word_1_540' title='bbox 1706 909 1720 934; x_wconf 88' lang='lat'><strong>6</strong></span> <span class='ocrx_word' id='word_1_541' title='bbox 1733 908 1817 942; x_wconf 80' lang='grc' dir='ltr'>Λόγος</span> <span class='ocrx_word' id='word_1_542' title='bbox 1827 916 1834 922; x_wconf 90' lang='grc'><strong>·</strong></span> <span class='ocrx_word' id='word_1_543' title='bbox 1853 918 1861 933; x_wconf 78' lang='grc' dir='ltr'><strong>ι</strong></span> <span class='ocrx_word' id='word_1_544' title='bbox 1880 907 1910 935; x_wconf 81' lang='grc' dir='ltr'>ὃν</span> 
     </span>
    </p>
   </div>
   <div class='ocr_carea' id='block_1_74' title="bbox 1120 950 1908 990">
    <p class='ocr_par' dir='ltr' id='par_1_74' title="bbox 1120 950 1908 990">
     <span class='ocr_line' id='line_1_74' title="bbox 1120 950 1908 990; baseline 0.006 -14"><span class='ocrx_word' id='word_1_545' title='bbox 1120 950 1159 976; x_wconf 76' lang='grc' dir='ltr'><strong>δεῖ</strong></span> <span class='ocrx_word' id='word_1_546' title='bbox 1174 951 1281 986; x_wconf 81' lang='grc' dir='ltr'>ἀληθῶς</span> <span class='ocrx_word' id='word_1_547' title='bbox 1294 952 1330 987; x_wconf 85' lang='grc' dir='ltr'>μὴ</span> <span class='ocrx_word' id='word_1_548' title='bbox 1343 953 1459 986; x_wconf 77' lang='grc' dir='ltr'>ἀγνοεῖν,</span> <span class='ocrx_word' id='word_1_549' title='bbox 1476 953 1565 980; x_wconf 78' lang='grc' dir='ltr'>σέϐειν</span> <span class='ocrx_word' id='word_1_550' title='bbox 1580 955 1608 981; x_wconf 83' lang='grc' dir='ltr'>δὲ</span> <span class='ocrx_word' id='word_1_551' title='bbox 1622 955 1668 981; x_wconf 73' lang='grc' dir='ltr'><strong>καὶ</strong></span> <span class='ocrx_word' id='word_1_552' title='bbox 1682 956 1764 990; x_wconf 75' lang='grc' dir='ltr'>τιμᾷν</span> <span class='ocrx_word' id='word_1_553' title='bbox 1777 954 1908 986; x_wconf 79' lang='grc' dir='ltr'>ἐπαξίως·</span> 
     </span>
    </p>
   </div>
   <div class='ocr_carea' id='block_1_75' title="bbox 1118 995 1908 1035">
    <p class='ocr_par' dir='ltr' id='par_1_75' title="bbox 1118 995 1908 1035">
     <span class='ocr_line' id='line_1_75' title="bbox 1118 995 1908 1035; baseline 0.006 -14"><span class='ocrx_word' id='word_1_554' title='bbox 1118 995 1157 1021; x_wconf 84' lang='grc' dir='ltr'>ὃτι</span> <span class='ocrx_word' id='word_1_555' title='bbox 1173 995 1204 1031; x_wconf 84' lang='grc' dir='ltr'>δὴ</span> <span class='ocrx_word' id='word_1_556' title='bbox 1222 997 1310 1023; x_wconf 74' lang='grc' dir='ltr'>πάντα</span> <span class='ocrx_word' id='word_1_557' title='bbox 1326 997 1359 1024; x_wconf 78' lang='grc' dir='ltr'>δι’</span> <span class='ocrx_word' id='word_1_558' title='bbox 1376 999 1458 1025; x_wconf 73' lang='grc' dir='ltr'>αὑτοῦ</span> <span class='ocrx_word' id='word_1_559' title='bbox 1474 1000 1503 1026; x_wconf 75' lang='grc' dir='ltr'>οὺ</span> <span class='ocrx_word' id='word_1_560' title='bbox 1518 1000 1598 1034; x_wconf 77' lang='grc' dir='ltr'>μόνον</span> <span class='ocrx_word' id='word_1_561' title='bbox 1612 1001 1640 1027; x_wconf 79' lang='grc' dir='ltr'>ἐν</span> <span class='ocrx_word' id='word_1_562' title='bbox 1655 1000 1753 1035; x_wconf 80' lang='grc' dir='ltr'><strong>ἀρχαῖς</strong></span> <span class='ocrx_word' id='word_1_563' title='bbox 1766 999 1820 1026; x_wconf 81' lang='grc' dir='ltr'>τῶν</span> <span class='ocrx_word' id='word_1_564' title='bbox 1836 1000 1908 1026; x_wconf 82' lang='grc' dir='ltr'>ὅλων</span> 
     </span>
    </p>
   </div>
   <div class='ocr_carea' id='block_1_76' title="bbox 1119 1041 1907 1080">
    <p class='ocr_par' dir='ltr' id='par_1_76' title="bbox 1119 1041 1907 1080">
     <span class='ocr_line' id='line_1_76' title="bbox 1119 1041 1907 1080; baseline 0.009 -15"><span class='ocrx_word' id='word_1_565' title='bbox 1119 1041 1243 1076; x_wconf 75' lang='grc' dir='ltr'><strong>συνέστη,</strong></span> <span class='ocrx_word' id='word_1_566' title='bbox 1260 1042 1326 1069; x_wconf 84' lang='grc' dir='ltr'><strong>ἁλλὰ</strong></span> <span class='ocrx_word' id='word_1_567' title='bbox 1341 1043 1387 1069; x_wconf 71' lang='grc' dir='ltr'>καὶ</span> <span class='ocrx_word' id='word_1_568' title='bbox 1401 1044 1487 1070; x_wconf 71' lang='grc' dir='ltr'>εἰσαεὶ</span> <span class='ocrx_word' id='word_1_569' title='bbox 1503 1044 1597 1078; x_wconf 85' lang='grc' dir='ltr'>γέγονέ</span> <span class='ocrx_word' id='word_1_570' title='bbox 1607 1054 1637 1071; x_wconf 89' lang='grc' dir='ltr'><strong>τε</strong></span> <span class='ocrx_word' id='word_1_571' title='bbox 1645 1046 1692 1072; x_wconf 74' lang='grc' dir='ltr'>καὶ</span> <span class='ocrx_word' id='word_1_572' title='bbox 1707 1046 1822 1080; x_wconf 86' lang='grc' dir='ltr'>γίνεται,</span> <span class='ocrx_word' id='word_1_573' title='bbox 1837 1055 1846 1071; x_wconf 75' lang='grc' dir='ltr'>ί</span> <span class='ocrx_word' id='word_1_574' title='bbox 1859 1045 1907 1072; x_wconf 76' lang='grc' dir='ltr'>καὶ</span> 
     </span>
    </p>
   </div>
   <div class='ocr_carea' id='block_1_77' title="bbox 1117 1087 1906 1127">
    <p class='ocr_par' dir='ltr' id='par_1_77' title="bbox 1117 1087 1906 1127">
     <span class='ocr_line' id='line_1_77' title="bbox 1117 1087 1906 1127; baseline 0.008 -15"><span class='ocrx_word' id='word_1_575' title='bbox 1117 1087 1200 1123; x_wconf 68' lang='grc' dir='ltr'>χωρὶς</span> <span class='ocrx_word' id='word_1_576' title='bbox 1213 1088 1294 1114; x_wconf 77' lang='grc' dir='ltr'>αὑτοῦ</span> <span class='ocrx_word' id='word_1_577' title='bbox 1308 1089 1415 1123; x_wconf 76' lang='grc' dir='ltr'>ἐγένετο</span> <span class='ocrx_word' id='word_1_578' title='bbox 1428 1090 1487 1116; x_wconf 74' lang='grc' dir='ltr'>οὐδὲ</span> <span class='ocrx_word' id='word_1_579' title='bbox 1501 1091 1539 1117; x_wconf 76' lang='grc' dir='ltr'>έν.</span> <span class='ocrx_word' id='word_1_580' title='bbox 1552 1100 1561 1116; x_wconf 81' lang='grc'><strong>›</strong></span> <span class='ocrx_word' id='word_1_581' title='bbox 1579 1091 1639 1117; x_wconf 78' lang='grc' dir='ltr'>Εἴτε</span> <span class='ocrx_word' id='word_1_582' title='bbox 1647 1091 1700 1127; x_wconf 87' lang='grc' dir='ltr'>γὰρ</span> <span class='ocrx_word' id='word_1_583' title='bbox 1711 1091 1766 1127; x_wconf 76' lang='grc' dir='ltr'>ζωή</span> <span class='ocrx_word' id='word_1_584' title='bbox 1775 1100 1816 1123; x_wconf 87' lang='grc' dir='ltr'><strong>τις</strong></span> <span class='ocrx_word' id='word_1_585' title='bbox 1832 1091 1906 1118; x_wconf 76' lang='grc' dir='ltr'>ἐστιν</span> 
     </span>
    </p>
   </div>
   <div class='ocr_carea' id='block_1_78' title="bbox 1117 1132 1904 1173">
    <p class='ocr_par' dir='ltr' id='par_1_78' title="bbox 1117 1132 1904 1173">
     <span class='ocr_line' id='line_1_78' title="bbox 1117 1132 1904 1173; baseline 0.006 -14"><span class='ocrx_word' id='word_1_586' title='bbox 1117 1134 1145 1159; x_wconf 76' lang='grc' dir='ltr'>ἐν</span> <span class='ocrx_word' id='word_1_587' title='bbox 1157 1135 1213 1165; x_wconf 84' lang='grc' dir='ltr'>τοῖς</span> <span class='ocrx_word' id='word_1_588' title='bbox 1226 1132 1319 1166; x_wconf 80' lang='grc' dir='ltr'>οὖσιν,</span> <span class='ocrx_word' id='word_1_589' title='bbox 1336 1135 1350 1162; x_wconf 83' lang='grc' dir='ltr'><strong>ὃ</strong></span> <span class='ocrx_word' id='word_1_590' title='bbox 1365 1136 1476 1170; x_wconf 80' lang='grc' dir='ltr'>γέγονεν</span> <span class='ocrx_word' id='word_1_591' title='bbox 1493 1138 1521 1163; x_wconf 77' lang='grc' dir='ltr'><strong>ἐν</strong></span> <span class='ocrx_word' id='word_1_592' title='bbox 1535 1138 1609 1172; x_wconf 76' lang='grc' dir='ltr'>αὐτῷ</span> <span class='ocrx_word' id='word_1_593' title='bbox 1625 1137 1681 1173; x_wconf 81' lang='grc' dir='ltr'><strong>ζωὴ</strong></span> <span class='ocrx_word' id='word_1_594' title='bbox 1699 1136 1732 1173; x_wconf 83' lang='grc' dir='ltr'>ἦν</span> <span class='ocrx_word' id='word_1_595' title='bbox 1744 1147 1751 1153; x_wconf 94' lang='grc'><strong>·</strong></span> <span class='ocrx_word' id='word_1_596' title='bbox 1774 1139 1803 1170; x_wconf 77' lang='grc' dir='ltr'><strong>ἐξ</strong></span> <span class='ocrx_word' id='word_1_597' title='bbox 1820 1138 1904 1165; x_wconf 75' lang='grc' dir='ltr'>αὑτοῦ</span> 
     </span>
    </p>
   </div>
   <div class='ocr_carea' id='block_1_79' title="bbox 1116 1179 1904 1219">
    <p class='ocr_par' dir='ltr' id='par_1_79' title="bbox 1116 1179 1904 1219">
     <span class='ocr_line' id='line_1_79' title="bbox 1116 1179 1904 1219; baseline 0.006 -13"><span class='ocrx_word' id='word_1_598' title='bbox 1116 1179 1169 1215; x_wconf 72' lang='grc' dir='ltr'>γὰρ</span> <span class='ocrx_word' id='word_1_599' title='bbox 1183 1181 1229 1207; x_wconf 75' lang='grc' dir='ltr'>καὶ</span> <span class='ocrx_word' id='word_1_600' title='bbox 1243 1181 1276 1207; x_wconf 75' lang='grc' dir='ltr'>δι’</span> <span class='ocrx_word' id='word_1_601' title='bbox 1291 1181 1373 1208; x_wconf 75' lang='grc' dir='ltr'>αὐτοῦ</span> <span class='ocrx_word' id='word_1_602' title='bbox 1394 1183 1410 1218; x_wconf 81' lang='grc' dir='ltr'>ἡ</span> <span class='ocrx_word' id='word_1_603' title='bbox 1428 1183 1482 1208; x_wconf 84' lang='grc' dir='ltr'>τῶν</span> <span class='ocrx_word' id='word_1_604' title='bbox 1497 1183 1565 1210; x_wconf 80' lang='grc' dir='ltr'>ὅλων</span> <span class='ocrx_word' id='word_1_605' title='bbox 1582 1183 1686 1216; x_wconf 80' lang='grc' dir='ltr'>ζώωσίς</span> <span class='ocrx_word' id='word_1_606' title='bbox 1699 1193 1729 1210; x_wconf 84' lang='grc' dir='ltr'><strong>τε</strong></span> <span class='ocrx_word' id='word_1_607' title='bbox 1747 1184 1793 1210; x_wconf 76' lang='grc' dir='ltr'><strong>καὶ</strong></span> <span class='ocrx_word' id='word_1_608' title='bbox 1809 1183 1904 1219; x_wconf 76' lang='grc' dir='ltr'>ψύχω-</span> 
     </span>
    </p>
   </div>
   <div class='ocr_carea' id='block_1_80' title="bbox 1116 1227 1903 1265">
    <p class='ocr_par' dir='ltr' id='par_1_80' title="bbox 1116 1227 1903 1265">
     <span class='ocr_line' id='line_1_80' title="bbox 1116 1227 1903 1265; baseline 0.006 -13"><span class='ocrx_word' id='word_1_609' title='bbox 1116 1234 1173 1257; x_wconf 76' lang='grc' dir='ltr'>σις’</span> <span class='ocrx_word' id='word_1_610' title='bbox 1189 1227 1242 1253; x_wconf 80' lang='grc' dir='ltr'>εἴτε</span> <span class='ocrx_word' id='word_1_611' title='bbox 1258 1227 1370 1262; x_wconf 71' lang='grc' dir='ltr'>ῥυθμὸς,</span> <span class='ocrx_word' id='word_1_612' title='bbox 1385 1227 1439 1254; x_wconf 81' lang='grc' dir='ltr'>εἴτε</span> <span class='ocrx_word' id='word_1_613' title='bbox 1463 1229 1568 1261; x_wconf 83' lang='grc' dir='ltr'>κάλλος,</span> <span class='ocrx_word' id='word_1_614' title='bbox 1583 1230 1636 1256; x_wconf 78' lang='grc' dir='ltr'>εἴτε</span> <span class='ocrx_word' id='word_1_615' title='bbox 1651 1230 1778 1265; x_wconf 78' lang='grc' dir='ltr'><strong>ἁρμονία,</strong></span> <span class='ocrx_word' id='word_1_616' title='bbox 1793 1230 1845 1256; x_wconf 76' lang='grc' dir='ltr'>εἴτε</span> <span class='ocrx_word' id='word_1_617' title='bbox 1857 1231 1903 1257; x_wconf 80' lang='grc' dir='ltr'><strong>τά·</strong></span> 
     </span>
    </p>
   </div>
   <div class='ocr_carea' id='block_1_81' title="bbox 1115 1271 1902 1310">
    <p class='ocr_par' dir='ltr' id='par_1_81' title="bbox 1115 1271 1902 1310">
     <span class='ocr_line' id='line_1_81' title="bbox 1115 1271 1902 1310; baseline 0.006 -13"><span class='ocrx_word' id='word_1_618' title='bbox 1115 1271 1156 1304; x_wconf 84' lang='grc' dir='ltr'><strong>ξις</strong></span> <span class='ocrx_word' id='word_1_619' title='bbox 1166 1292 1174 1303; x_wconf 82' lang='grc'>,</span> <span class='ocrx_word' id='word_1_620' title='bbox 1189 1272 1243 1298; x_wconf 76' lang='grc' dir='ltr'>εἴτε</span> <span class='ocrx_word' id='word_1_621' title='bbox 1260 1272 1429 1309; x_wconf 73' lang='grc' dir='ltr'><strong>σύγκρασις,</strong></span> <span class='ocrx_word' id='word_1_622' title='bbox 1454 1275 1509 1301; x_wconf 83' lang='grc' dir='ltr'>εἴτε</span> <span class='ocrx_word' id='word_1_623' title='bbox 1521 1275 1600 1302; x_wconf 70' lang='grc' dir='ltr'>οὐσία</span> <span class='ocrx_word' id='word_1_624' title='bbox 1612 1295 1618 1306; x_wconf 88' lang='grc'>,</span> <span class='ocrx_word' id='word_1_625' title='bbox 1635 1275 1688 1301; x_wconf 76' lang='grc' dir='ltr'>εἴτε</span> <span class='ocrx_word' id='word_1_626' title='bbox 1704 1275 1813 1310; x_wconf 68' lang='grc' dir='ltr'>ποιότης</span> <span class='ocrx_word' id='word_1_627' title='bbox 1823 1297 1830 1308; x_wconf 85' lang='grc'>,</span> <span class='ocrx_word' id='word_1_628' title='bbox 1847 1276 1902 1302; x_wconf 82' lang='grc' dir='ltr'>εἴτε</span> 
     </span>
    </p>
   </div>
   <div class='ocr_carea' id='block_1_82' title="bbox 1115 1316 1902 1356">
    <p class='ocr_par' dir='ltr' id='par_1_82' title="bbox 1115 1316 1902 1356">
     <span class='ocr_line' id='line_1_82' title="bbox 1115 1316 1902 1356; baseline 0.006 -14"><span class='ocrx_word' id='word_1_629' title='bbox 1115 1316 1237 1352; x_wconf 78' lang='grc' dir='ltr'>μέγεθος,</span> <span class='ocrx_word' id='word_1_630' title='bbox 1252 1317 1340 1344; x_wconf 82' lang='grc' dir='ltr'>πάντα</span> <span class='ocrx_word' id='word_1_631' title='bbox 1356 1317 1395 1350; x_wconf 81' lang='grc' dir='ltr'><strong>εἷς</strong></span> <span class='ocrx_word' id='word_1_632' title='bbox 1409 1319 1423 1345; x_wconf 85' lang='grc' dir='ltr'><strong>ό</strong></span> <span class='ocrx_word' id='word_1_633' title='bbox 1437 1319 1491 1346; x_wconf 77' lang='grc' dir='ltr'><strong>τῶν</strong></span> <span class='ocrx_word' id='word_1_634' title='bbox 1501 1319 1568 1346; x_wconf 84' lang='grc' dir='ltr'>ὅλων</span> <span class='ocrx_word' id='word_1_635' title='bbox 1581 1321 1686 1355; x_wconf 79' lang='grc' dir='ltr'>συνέχει</span> <span class='ocrx_word' id='word_1_636' title='bbox 1699 1321 1744 1347; x_wconf 72' lang='grc' dir='ltr'><strong>καὶ</strong></span> <span class='ocrx_word' id='word_1_637' title='bbox 1759 1321 1902 1356; x_wconf 82' lang='grc' dir='ltr'>διακοσμεῖ</span> 
     </span>
    </p>
   </div>
   <div class='ocr_carea' id='block_1_83' title="bbox 1113 1362 1901 1402">
    <p class='ocr_par' dir='ltr' id='par_1_83' title="bbox 1113 1362 1901 1402">
     <span class='ocr_line' id='line_1_83' title="bbox 1113 1362 1901 1402; baseline 0.006 -14"><span class='ocrx_word' id='word_1_638' title='bbox 1113 1362 1208 1397; x_wconf 80' lang='grc' dir='ltr'><strong>Λόγος,</strong></span> <span class='ocrx_word' id='word_1_639' title='bbox 1223 1364 1269 1390; x_wconf 74' lang='grc' dir='ltr'>καὶ</span> <span class='ocrx_word' id='word_1_640' title='bbox 1287 1364 1336 1400; x_wconf 88' lang='grc' dir='ltr'><strong>μία</strong></span> <span class='ocrx_word' id='word_1_641' title='bbox 1351 1365 1419 1393; x_wconf 88' lang='grc' dir='ltr'><strong>Θεοῦ</strong></span> <span class='ocrx_word' id='word_1_642' title='bbox 1436 1365 1549 1401; x_wconf 78' lang='grc' dir='ltr'>δύναμις</span> <span class='ocrx_word' id='word_1_643' title='bbox 1564 1367 1726 1402; x_wconf 81' lang='grc' dir='ltr'>κοσμοποιὸς</span> <span class='ocrx_word' id='word_1_644' title='bbox 1747 1367 1854 1402; x_wconf 79' lang='grc' dir='ltr'>ἡγεῖται</span> <span class='ocrx_word' id='word_1_645' title='bbox 1869 1368 1901 1393; x_wconf 78' lang='grc' dir='ltr'><strong>ἀ-</strong></span> 
     </span>
    </p>
   </div>
   <div class='ocr_carea' id='block_1_84' title="bbox 1113 1411 1899 1451">
    <p class='ocr_par' dir='ltr' id='par_1_84' title="bbox 1113 1411 1899 1451">
     <span class='ocr_line' id='line_1_84' title="bbox 1113 1411 1899 1451; baseline 0.004 -13"><span class='ocrx_word' id='word_1_646' title='bbox 1113 1411 1231 1439; x_wconf 85' lang='grc' dir='ltr'>πάντων.</span> <span class='ocrx_word' id='word_1_647' title='bbox 1252 1413 1295 1444; x_wconf 84' lang='grc' dir='ltr'>Ὠς</span> <span class='ocrx_word' id='word_1_648' title='bbox 1308 1413 1362 1450; x_wconf 86' lang='grc' dir='ltr'>γὰρ</span> <span class='ocrx_word' id='word_1_649' title='bbox 1379 1414 1426 1441; x_wconf 75' lang='grc' dir='ltr'>ἐπὶ</span> <span class='ocrx_word' id='word_1_650' title='bbox 1451 1413 1498 1441; x_wconf 84' lang='grc' dir='ltr'><strong>τοῦ</strong></span> <span class='ocrx_word' id='word_1_651' title='bbox 1513 1415 1573 1441; x_wconf 80' lang='grc' dir='ltr'>καθ’</span> <span class='ocrx_word' id='word_1_652' title='bbox 1586 1415 1660 1450; x_wconf 78' lang='grc' dir='ltr'>ἡμᾶς</span> <span class='ocrx_word' id='word_1_653' title='bbox 1674 1414 1800 1450; x_wconf 79' lang='grc' dir='ltr'>σώματος</span> <span class='ocrx_word' id='word_1_654' title='bbox 1814 1415 1899 1451; x_wconf 81' lang='grc' dir='ltr'>πολλὴ</span> 
     </span>
    </p>
   </div>
   <div class='ocr_carea' id='block_1_85' title="bbox 1113 1457 1900 1497">
    <p class='ocr_par' dir='ltr' id='par_1_85' title="bbox 1113 1457 1900 1497">
     <span class='ocr_line' id='line_1_85' title="bbox 1113 1457 1900 1497; baseline 0.005 -13"><span class='ocrx_word' id='word_1_655' title='bbox 1113 1457 1162 1493; x_wconf 76' lang='grc' dir='ltr'><strong>μὲν</strong></span> <span class='ocrx_word' id='word_1_656' title='bbox 1177 1458 1304 1493; x_wconf 80' lang='grc' dir='ltr'><strong>τυγχάνει</strong></span> <span class='ocrx_word' id='word_1_657' title='bbox 1319 1460 1366 1486; x_wconf 77' lang='grc' dir='ltr'><strong>καὶ</strong></span> <span class='ocrx_word' id='word_1_658' title='bbox 1381 1460 1488 1496; x_wconf 83' lang='grc' dir='ltr'><strong>ποικίλη</strong></span> <span class='ocrx_word' id='word_1_659' title='bbox 1505 1461 1558 1487; x_wconf 81' lang='grc' dir='ltr'><strong>τῶν</strong></span> <span class='ocrx_word' id='word_1_660' title='bbox 1577 1461 1666 1497; x_wconf 81' lang='grc' dir='ltr'>μερῶν</span> <span class='ocrx_word' id='word_1_661' title='bbox 1678 1462 1695 1496; x_wconf 82' lang='grc' dir='ltr'>ἡ</span> <span class='ocrx_word' id='word_1_662' title='bbox 1709 1461 1836 1496; x_wconf 67' lang='grc' dir='ltr'>διαφορὰ,</span> <span class='ocrx_word' id='word_1_663' title='bbox 1849 1461 1900 1497; x_wconf 86' lang='grc' dir='ltr'><strong>μία</strong></span> 
     </span>
    </p>
   </div>
   <div class='ocr_carea' id='block_1_86' title="bbox 1111 1503 1899 1543">
    <p class='ocr_par' dir='ltr' id='par_1_86' title="bbox 1111 1503 1899 1543">
     <span class='ocr_line' id='line_1_86' title="bbox 1111 1503 1899 1543; baseline 0.004 -14"><span class='ocrx_word' id='word_1_664' title='bbox 1111 1503 1138 1529; x_wconf 82' lang='grc' dir='ltr'><strong>δὲ</strong></span> <span class='ocrx_word' id='word_1_665' title='bbox 1151 1504 1167 1538; x_wconf 88' lang='grc' dir='ltr'>ἠ</span> <span class='ocrx_word' id='word_1_666' title='bbox 1181 1503 1227 1530; x_wconf 89' lang='grc' dir='ltr'><strong>τοῦ</strong></span> <span class='ocrx_word' id='word_1_667' title='bbox 1242 1505 1342 1537; x_wconf 80' lang='grc' dir='ltr'>παντὸς</span> <span class='ocrx_word' id='word_1_668' title='bbox 1361 1506 1475 1542; x_wconf 81' lang='grc' dir='ltr'>δύναμις</span> <span class='ocrx_word' id='word_1_669' title='bbox 1497 1506 1662 1542; x_wconf 74' lang='grc' dir='ltr'>δημιουργὸς</span> <span class='ocrx_word' id='word_1_670' title='bbox 1685 1507 1731 1543; x_wconf 78' lang='grc' dir='ltr'><strong>(οὐ</strong></span> <span class='ocrx_word' id='word_1_671' title='bbox 1752 1507 1807 1542; x_wconf 78' lang='grc' dir='ltr'>γὰρ</span> <span class='ocrx_word' id='word_1_672' title='bbox 1830 1506 1899 1542; x_wconf 81' lang='grc' dir='ltr'>ἄλλῃ</span> 
     </span>
    </p>
   </div>
   <div class='ocr_carea' id='block_1_87' title="bbox 1112 1548 1899 1588">
    <p class='ocr_par' dir='ltr' id='par_1_87' title="bbox 1112 1548 1899 1588">
     <span class='ocr_line' id='line_1_87' title="bbox 1112 1548 1899 1588; baseline 0.005 -13"><span class='ocrx_word' id='word_1_673' title='bbox 1112 1548 1162 1582; x_wconf 78' lang='grc' dir='ltr'><strong>μὲν</strong></span> <span class='ocrx_word' id='word_1_674' title='bbox 1181 1549 1249 1576; x_wconf 86' lang='grc' dir='ltr'>Θεοῦ</span> <span class='ocrx_word' id='word_1_675' title='bbox 1271 1550 1385 1586; x_wconf 78' lang='grc' dir='ltr'>δυνάμει</span> <span class='ocrx_word' id='word_1_676' title='bbox 1407 1552 1526 1587; x_wconf 77' lang='grc' dir='ltr'><strong>κεφαλῆς</strong></span> <span class='ocrx_word' id='word_1_677' title='bbox 1545 1552 1648 1588; x_wconf 79' lang='grc' dir='ltr'><strong>ὑπέστη</strong></span> <span class='ocrx_word' id='word_1_678' title='bbox 1667 1552 1747 1587; x_wconf 84' lang='grc' dir='ltr'>φύσις</span> <span class='ocrx_word' id='word_1_679' title='bbox 1759 1573 1765 1584; x_wconf 84' lang='grc'>,</span> <span class='ocrx_word' id='word_1_680' title='bbox 1781 1552 1847 1587; x_wconf 79' lang='grc' dir='ltr'>ἄλλῃ</span> <span class='ocrx_word' id='word_1_681' title='bbox 1868 1552 1899 1579; x_wconf 78' lang='grc' dir='ltr'>δὲ</span> 
     </span>
    </p>
   </div>
   <div class='ocr_carea' id='block_1_88' title="bbox 1110 1595 1897 1634">
    <p class='ocr_par' dir='ltr' id='par_1_88' title="bbox 1110 1595 1897 1634">
     <span class='ocr_line' id='line_1_88' title="bbox 1110 1595 1897 1634; baseline 0.006 -13"><span class='ocrx_word' id='word_1_682' title='bbox 1110 1595 1273 1630; x_wconf 77' lang='grc' dir='ltr'>ὀφθαλμῶν,</span> <span class='ocrx_word' id='word_1_683' title='bbox 1287 1597 1368 1633; x_wconf 78' lang='grc' dir='ltr'>ἑτέρᾳ</span> <span class='ocrx_word' id='word_1_684' title='bbox 1384 1597 1411 1624; x_wconf 79' lang='grc' dir='ltr'>δὲ</span> <span class='ocrx_word' id='word_1_685' title='bbox 1432 1597 1518 1632; x_wconf 79' lang='grc' dir='ltr'>ὤτων,</span> <span class='ocrx_word' id='word_1_686' title='bbox 1541 1598 1623 1634; x_wconf 74' lang='grc' dir='ltr'>ἑτέρᾳ</span> <span class='ocrx_word' id='word_1_687' title='bbox 1643 1599 1670 1625; x_wconf 79' lang='grc' dir='ltr'>δὲ</span> <span class='ocrx_word' id='word_1_688' title='bbox 1689 1599 1811 1633; x_wconf 73' lang='grc' dir='ltr'>ποδῶν),</span> <span class='ocrx_word' id='word_1_689' title='bbox 1825 1599 1897 1626; x_wconf 75' lang='grc' dir='ltr'>οὕτω</span> 
     </span>
    </p>
   </div>
   <div class='ocr_carea' id='block_1_89' title="bbox 1109 1641 1896 1678">
    <p class='ocr_par' dir='ltr' id='par_1_89' title="bbox 1109 1641 1896 1678">
     <span class='ocr_line' id='line_1_89' title="bbox 1109 1641 1896 1678; baseline 0.005 -11"><span class='ocrx_word' id='word_1_690' title='bbox 1109 1641 1155 1667; x_wconf 78' lang='grc' dir='ltr'><strong>καὶ</strong></span> <span class='ocrx_word' id='word_1_691' title='bbox 1183 1642 1230 1668; x_wconf 81' lang='grc' dir='ltr'><strong>τοῦ</strong></span> <span class='ocrx_word' id='word_1_692' title='bbox 1261 1642 1417 1678; x_wconf 83' lang='grc' dir='ltr'>σύμπαντος</span> <span class='ocrx_word' id='word_1_693' title='bbox 1441 1643 1543 1678; x_wconf 80' lang='grc' dir='ltr'><strong>κόσμου</strong></span> <span class='ocrx_word' id='word_1_694' title='bbox 1565 1644 1614 1678; x_wconf 80' lang='grc' dir='ltr'><strong>μία</strong></span> <span class='ocrx_word' id='word_1_695' title='bbox 1638 1643 1750 1671; x_wconf 75' lang='grc' dir='ltr'>καθόλου</span> <span class='ocrx_word' id='word_1_696' title='bbox 1772 1645 1831 1671; x_wconf 87' lang='grc' dir='ltr'>θεία</span> <span class='ocrx_word' id='word_1_697' title='bbox 1850 1645 1896 1671; x_wconf 85' lang='grc' dir='ltr'><strong>δύ-</strong></span> 
     </span>
    </p>
   </div>
   <div class='ocr_carea' id='block_1_90' title="bbox 1108 1689 1896 1726">
    <p class='ocr_par' dir='ltr' id='par_1_90' title="bbox 1108 1689 1896 1726">
     <span class='ocr_line' id='line_1_90' title="bbox 1108 1689 1896 1726; baseline 0.006 -13"><span class='ocrx_word' id='word_1_698' title='bbox 1108 1696 1188 1722; x_wconf 81' lang='grc' dir='ltr'>ναμις</span> <span class='ocrx_word' id='word_1_699' title='bbox 1207 1689 1389 1716; x_wconf 74' lang='grc' dir='ltr'>ἑπιστατοῦσα</span> <span class='ocrx_word' id='word_1_700' title='bbox 1399 1711 1407 1722; x_wconf 85' lang='grc'>,</span> <span class='ocrx_word' id='word_1_701' title='bbox 1425 1691 1441 1725; x_wconf 91' lang='grc' dir='ltr'>ἡ</span> <span class='ocrx_word' id='word_1_702' title='bbox 1456 1690 1524 1725; x_wconf 76' lang='grc' dir='ltr'>αὐτὴ</span> <span class='ocrx_word' id='word_1_703' title='bbox 1539 1690 1572 1717; x_wconf 80' lang='grc' dir='ltr'>ἂν</span> <span class='ocrx_word' id='word_1_704' title='bbox 1586 1691 1627 1725; x_wconf 73' lang='grc' dir='ltr'>εἴη</span> <span class='ocrx_word' id='word_1_705' title='bbox 1650 1692 1697 1718; x_wconf 72' lang='grc' dir='ltr'><strong>καὶ</strong></span> <span class='ocrx_word' id='word_1_706' title='bbox 1712 1691 1827 1726; x_wconf 71' lang='grc' dir='ltr'>οὐρανοῦ</span> <span class='ocrx_word' id='word_1_707' title='bbox 1847 1692 1896 1718; x_wconf 75' lang='grc' dir='ltr'><strong>καὶ</strong></span> 
     </span>
    </p>
   </div>
   <div class='ocr_carea' id='block_1_91' title="bbox 1107 1733 1894 1773">
    <p class='ocr_par' dir='ltr' id='par_1_91' title="bbox 1107 1733 1894 1773">
     <span class='ocr_line' id='line_1_91' title="bbox 1107 1733 1894 1773; baseline 0.006 -14"><span class='ocrx_word' id='word_1_708' title='bbox 1107 1733 1228 1769; x_wconf 78' lang='grc' dir='ltr'><strong>ἀστέρων</strong></span> <span class='ocrx_word' id='word_1_709' title='bbox 1238 1754 1246 1766; x_wconf 83' lang='grc'><strong><em>,</em></strong></span> <span class='ocrx_word' id='word_1_710' title='bbox 1264 1734 1317 1761; x_wconf 83' lang='grc' dir='ltr'>τῶν</span> <span class='ocrx_word' id='word_1_711' title='bbox 1331 1744 1360 1761; x_wconf 90' lang='grc' dir='ltr'><strong>τε</strong></span> <span class='ocrx_word' id='word_1_712' title='bbox 1375 1736 1402 1761; x_wconf 74' lang='grc' dir='ltr'><strong>ἐν</strong></span> <span class='ocrx_word' id='word_1_713' title='bbox 1414 1735 1486 1771; x_wconf 82' lang='grc' dir='ltr'>ἀέρι,</span> <span class='ocrx_word' id='word_1_714' title='bbox 1501 1736 1548 1762; x_wconf 80' lang='grc' dir='ltr'>καὶ</span> <span class='ocrx_word' id='word_1_715' title='bbox 1559 1737 1605 1771; x_wconf 80' lang='grc' dir='ltr'><strong>γῇ,</strong></span> <span class='ocrx_word' id='word_1_716' title='bbox 1618 1736 1664 1762; x_wconf 75' lang='grc' dir='ltr'>καὶ</span> <span class='ocrx_word' id='word_1_717' title='bbox 1675 1736 1794 1773; x_wconf 78' lang='grc' dir='ltr'>Θαλάττῃ</span> <span class='ocrx_word' id='word_1_718' title='bbox 1805 1737 1894 1769; x_wconf 80' lang='grc' dir='ltr'>ζώων,</span> 
     </span>
    </p>
   </div>
   <div class='ocr_carea' id='block_1_92' title="bbox 1107 1780 1895 1818">
    <p class='ocr_par' dir='ltr' id='par_1_92' title="bbox 1107 1780 1895 1818">
     <span class='ocr_line' id='line_1_92' title="bbox 1107 1780 1895 1818; baseline 0.005 -13"><span class='ocrx_word' id='word_1_719' title='bbox 1107 1780 1244 1814; x_wconf 72' lang='grc' dir='ltr'>στοιχείων</span> <span class='ocrx_word' id='word_1_720' title='bbox 1269 1789 1299 1807; x_wconf 87' lang='grc' dir='ltr'><strong>τε</strong></span> <span class='ocrx_word' id='word_1_721' title='bbox 1323 1781 1377 1808; x_wconf 83' lang='grc' dir='ltr'>τῶν</span> <span class='ocrx_word' id='word_1_722' title='bbox 1402 1781 1513 1808; x_wconf 76' lang='grc' dir='ltr'>καθόλου</span> <span class='ocrx_word' id='word_1_723' title='bbox 1538 1783 1585 1808; x_wconf 74' lang='grc' dir='ltr'>καὶ</span> <span class='ocrx_word' id='word_1_724' title='bbox 1605 1782 1660 1809; x_wconf 76' lang='grc' dir='ltr'><strong>τῶν</strong></span> <span class='ocrx_word' id='word_1_725' title='bbox 1685 1782 1756 1809; x_wconf 77' lang='grc' dir='ltr'>κατὰ</span> <span class='ocrx_word' id='word_1_726' title='bbox 1788 1783 1895 1818; x_wconf 80' lang='grc' dir='ltr'><strong>μέρος⁹</strong></span> 
     </span>
    </p>
   </div>
   <div class='ocr_carea' id='block_1_93' title="bbox 1105 1825 1892 1862">
    <p class='ocr_par' dir='ltr' id='par_1_93' title="bbox 1105 1825 1892 1862">
     <span class='ocr_line' id='line_1_93' title="bbox 1105 1825 1892 1862; baseline 0.005 -11"><span class='ocrx_word' id='word_1_727' title='bbox 1105 1825 1152 1851; x_wconf 81' lang='grc' dir='ltr'><strong>καὶ</strong></span> <span class='ocrx_word' id='word_1_728' title='bbox 1168 1825 1208 1852; x_wconf 78' lang='grc' dir='ltr'><strong>ἔτι</strong></span> <span class='ocrx_word' id='word_1_729' title='bbox 1223 1826 1330 1860; x_wconf 81' lang='grc' dir='ltr'>φύσεων</span> <span class='ocrx_word' id='word_1_730' title='bbox 1354 1827 1485 1854; x_wconf 74' lang='grc' dir='ltr'>παντοίων</span> <span class='ocrx_word' id='word_1_731' title='bbox 1504 1828 1619 1862; x_wconf 85' lang='grc' dir='ltr'>γενικῶν</span> <span class='ocrx_word' id='word_1_732' title='bbox 1635 1837 1664 1854; x_wconf 82' lang='grc' dir='ltr'><strong>τε</strong></span> <span class='ocrx_word' id='word_1_733' title='bbox 1689 1829 1735 1855; x_wconf 77' lang='grc' dir='ltr'><strong>καὶ</strong></span> <span class='ocrx_word' id='word_1_734' title='bbox 1758 1828 1812 1855; x_wconf 79' lang='grc' dir='ltr'>τῶν</span> <span class='ocrx_word' id='word_1_735' title='bbox 1831 1830 1892 1855; x_wconf 75' lang='grc' dir='ltr'>κατ’</span> 
     </span>
    </p>
   </div>
   <div class='ocr_carea' id='block_1_94' title="bbox 1104 1869 1892 1908">
    <p class='ocr_par' dir='ltr' id='par_1_94' title="bbox 1104 1869 1892 1908">
     <span class='ocr_line' id='line_1_94' title="bbox 1104 1869 1892 1908; baseline 0.003 -11"><span class='ocrx_word' id='word_1_736' title='bbox 1104 1869 1173 1902; x_wconf 74' lang='grc' dir='ltr'>εἶδος</span> <span class='ocrx_word' id='word_1_737' title='bbox 1187 1871 1352 1907; x_wconf 80' lang='grc' dir='ltr'>δημιουργός</span> <span class='ocrx_word' id='word_1_738' title='bbox 1363 1880 1370 1886; x_wconf 83' lang='grc'><strong>·</strong></span> <span class='ocrx_word' id='word_1_739' title='bbox 1390 1872 1436 1898; x_wconf 74' lang='grc' dir='ltr'><strong>καὶ</strong></span> <span class='ocrx_word' id='word_1_740' title='bbox 1451 1872 1500 1899; x_wconf 89' lang='grc' dir='ltr'>οὐκ</span> <span class='ocrx_word' id='word_1_741' title='bbox 1513 1872 1577 1908; x_wconf 76' lang='grc' dir='ltr'>ἄλλη</span> <span class='ocrx_word' id='word_1_742' title='bbox 1595 1873 1644 1907; x_wconf 80' lang='grc' dir='ltr'><strong>μὲν</strong></span> <span class='ocrx_word' id='word_1_743' title='bbox 1660 1873 1754 1908; x_wconf 76' lang='grc' dir='ltr'>πυρὸς.</span> <span class='ocrx_word' id='word_1_744' title='bbox 1770 1873 1851 1908; x_wconf 76' lang='grc' dir='ltr'>ἑτέρα</span> <span class='ocrx_word' id='word_1_745' title='bbox 1863 1873 1892 1899; x_wconf 85' lang='grc' dir='ltr'>δὲ</span> 
     </span>
    </p>
   </div>
   <div class='ocr_carea' id='block_1_95' title="bbox 1105 1916 1892 1954">
    <p class='ocr_par' dir='ltr' id='par_1_95' title="bbox 1105 1916 1892 1954">
     <span class='ocr_line' id='line_1_95' title="bbox 1105 1916 1892 1954; baseline 0.003 -11"><span class='ocrx_word' id='word_1_746' title='bbox 1105 1916 1218 1948; x_wconf 73' lang='grc' dir='ltr'>ὓδατος·</span> <span class='ocrx_word' id='word_1_747' title='bbox 1241 1917 1287 1944; x_wconf 77' lang='grc' dir='ltr'><strong>καὶ</strong></span> <span class='ocrx_word' id='word_1_748' title='bbox 1307 1918 1358 1952; x_wconf 79' lang='grc' dir='ltr'>γῆς</span> <span class='ocrx_word' id='word_1_749' title='bbox 1381 1918 1461 1944; x_wconf 84' lang='grc' dir='ltr'>πάλιν</span> <span class='ocrx_word' id='word_1_750' title='bbox 1483 1918 1549 1954; x_wconf 82' lang='grc' dir='ltr'>ἄλλη</span> <span class='ocrx_word' id='word_1_751' title='bbox 1562 1938 1569 1949; x_wconf 90' lang='lat'><strong>,</strong></span> <span class='ocrx_word' id='word_1_752' title='bbox 1591 1919 1637 1945; x_wconf 75' lang='grc' dir='ltr'><strong>καὶ</strong></span> <span class='ocrx_word' id='word_1_753' title='bbox 1656 1919 1736 1954; x_wconf 82' lang='grc' dir='ltr'>ἀέρος</span> <span class='ocrx_word' id='word_1_754' title='bbox 1760 1918 1892 1954; x_wconf 80' lang='grc' dir='ltr'>ποιητικὴ</span> 
     </span>
    </p>
   </div>
   <div class='ocr_carea' id='block_1_96' title="bbox 1103 1962 1891 1999">
    <p class='ocr_par' dir='ltr' id='par_1_96' title="bbox 1103 1962 1891 1999">
     <span class='ocr_line' id='line_1_96' title="bbox 1103 1962 1891 1999; baseline 0.003 -11"><span class='ocrx_word' id='word_1_755' title='bbox 1103 1962 1234 1998; x_wconf 82' lang='grc' dir='ltr'>δύναμις·</span> <span class='ocrx_word' id='word_1_756' title='bbox 1259 1963 1326 1989; x_wconf 79' lang='grc' dir='ltr'>ἀλλὰ</span> <span class='ocrx_word' id='word_1_757' title='bbox 1352 1963 1400 1998; x_wconf 81' lang='grc' dir='ltr'><strong>μία</strong></span> <span class='ocrx_word' id='word_1_758' title='bbox 1421 1963 1467 1990; x_wconf 78' lang='grc' dir='ltr'>καὶ</span> <span class='ocrx_word' id='word_1_759' title='bbox 1491 1965 1507 1999; x_wconf 80' lang='grc' dir='ltr'>ἡ</span> <span class='ocrx_word' id='word_1_760' title='bbox 1526 1963 1594 1999; x_wconf 79' lang='grc' dir='ltr'>αὑτὴ</span> <span class='ocrx_word' id='word_1_761' title='bbox 1610 1963 1663 1991; x_wconf 85' lang='grc' dir='ltr'>τῶν</span> <span class='ocrx_word' id='word_1_762' title='bbox 1685 1964 1753 1990; x_wconf 76' lang='grc' dir='ltr'>ὅλων</span> <span class='ocrx_word' id='word_1_763' title='bbox 1774 1965 1891 1999; x_wconf 80' lang='grc' dir='ltr'>τεχνῖτις</span> 
     </span>
    </p>
   </div>
   <div class='ocr_carea' id='block_1_97' title="bbox 1104 2006 1889 2045">
    <p class='ocr_par' dir='ltr' id='par_1_97' title="bbox 1104 2006 1889 2045">
     <span class='ocr_line' id='line_1_97' title="bbox 1104 2006 1889 2045; baseline -0.001 -9"><span class='ocrx_word' id='word_1_764' title='bbox 1104 2010 1194 2044; x_wconf 65' lang='grc' dir='ltr'>σοφία,</span> <span class='ocrx_word' id='word_1_765' title='bbox 1211 2010 1258 2036; x_wconf 70' lang='grc' dir='ltr'><strong>καὶ</strong></span> <span class='ocrx_word' id='word_1_766' title='bbox 1274 2010 1437 2045; x_wconf 85' lang='grc' dir='ltr'>κοσμοποιδς</span> <span class='ocrx_word' id='word_1_767' title='bbox 1451 2009 1532 2041; x_wconf 75' lang='grc' dir='ltr'>αὐτὸς</span> <span class='ocrx_word' id='word_1_768' title='bbox 1545 2006 1622 2041; x_wconf 75' lang='grc' dir='ltr'>οὗτος</span> <span class='ocrx_word' id='word_1_769' title='bbox 1639 2010 1703 2045; x_wconf 75' lang='grc' dir='ltr'>ἡμῖν</span> <span class='ocrx_word' id='word_1_770' title='bbox 1717 2011 1731 2036; x_wconf 89' lang='lat'><strong>6</strong></span> <span class='ocrx_word' id='word_1_771' title='bbox 1748 2009 1889 2043; x_wconf 77' lang='grc' dir='ltr'>θεολογού-</span> 
     </span>
    </p>
   </div>
   <div class='ocr_carea' id='block_1_98' title="bbox 1102 2054 1890 2090">
    <p class='ocr_par' dir='ltr' id='par_1_98' title="bbox 1102 2054 1890 2090">
     <span class='ocr_line' id='line_1_98' title="bbox 1102 2054 1890 2090; baseline 0 -10"><span class='ocrx_word' id='word_1_772' title='bbox 1102 2063 1182 2089; x_wconf 81' lang='grc' dir='ltr'>μενος</span> <span class='ocrx_word' id='word_1_773' title='bbox 1197 2055 1250 2081; x_wconf 85' lang='grc' dir='ltr'><strong>τῶν</strong></span> <span class='ocrx_word' id='word_1_774' title='bbox 1267 2055 1334 2082; x_wconf 80' lang='grc' dir='ltr'>ὅλων</span> <span class='ocrx_word' id='word_1_775' title='bbox 1348 2055 1362 2081; x_wconf 86' lang='lat'><strong>6</strong></span> <span class='ocrx_word' id='word_1_776' title='bbox 1377 2055 1540 2090; x_wconf 76' lang='grc' dir='ltr'>δημιουργὸς</span> <span class='ocrx_word' id='word_1_777' title='bbox 1552 2054 1599 2081; x_wconf 84' lang='grc' dir='ltr'><strong>τοῦ</strong></span> <span class='ocrx_word' id='word_1_778' title='bbox 1615 2055 1682 2081; x_wconf 79' lang='grc' dir='ltr'>Θεοῦ</span> <span class='ocrx_word' id='word_1_779' title='bbox 1702 2055 1737 2084; x_wconf 80' lang='grc' dir='ltr'><strong>Λό</strong></span> <span class='ocrx_word' id='word_1_780' title='bbox 1744 2063 1796 2089; x_wconf 66' lang='grc' dir='ltr'>τος.</span> <span class='ocrx_word' id='word_1_781' title='bbox 1811 2056 1890 2089; x_wconf 70' lang='lat' dir='ltr'><strong>Map-</strong></span> 
     </span>
    </p>
   </div>
   <div class='ocr_carea' id='block_1_99' title="bbox 1100 2099 1887 2137">
    <p class='ocr_par' dir='ltr' id='par_1_99' title="bbox 1100 2099 1887 2137">
     <span class='ocr_line' id='line_1_99' title="bbox 1100 2099 1887 2137; baseline -0.003 -9"><span class='ocrx_word' id='word_1_782' title='bbox 1100 2104 1176 2136; x_wconf 84' lang='grc' dir='ltr'>τυρεί</span> <span class='ocrx_word' id='word_1_783' title='bbox 1189 2102 1217 2128; x_wconf 78' lang='grc' dir='ltr'>δὲ</span> <span class='ocrx_word' id='word_1_784' title='bbox 1232 2101 1336 2133; x_wconf 85' lang='grc' dir='ltr'>τούτοις</span> <span class='ocrx_word' id='word_1_785' title='bbox 1351 2102 1367 2137; x_wconf 86' lang='grc' dir='ltr'><strong>ή</strong></span> <span class='ocrx_word' id='word_1_786' title='bbox 1386 2101 1453 2137; x_wconf 82' lang='grc' dir='ltr'>πρὸς</span> <span class='ocrx_word' id='word_1_787' title='bbox 1466 2100 1567 2136; x_wconf 85' lang='grc' dir='ltr'>ἄλληλα</span> <span class='ocrx_word' id='word_1_788' title='bbox 1583 2101 1636 2127; x_wconf 84' lang='grc' dir='ltr'><strong>τῶν</strong></span> <span class='ocrx_word' id='word_1_789' title='bbox 1651 2101 1788 2135; x_wconf 82' lang='grc' dir='ltr'>στοιχείων</span> <span class='ocrx_word' id='word_1_790' title='bbox 1800 2099 1887 2134; x_wconf 77' lang='grc' dir='ltr'>φιλία,</span> 
     </span>
    </p>
   </div>
   <div class='ocr_carea' id='block_1_100' title="bbox 1099 2143 1888 2184">
    <p class='ocr_par' dir='ltr' id='par_1_100' title="bbox 1099 2143 1888 2184">
     <span class='ocr_line' id='line_1_100' title="bbox 1099 2143 1888 2184; baseline -0.004 -9"><span class='ocrx_word' id='word_1_791' title='bbox 1099 2143 1132 2184; x_wconf 60' lang='grc' dir='ltr'>τῇ</span> <span class='ocrx_word' id='word_1_792' title='bbox 1158 2148 1212 2175; x_wconf 83' lang='grc' dir='ltr'><strong>τῶν</strong></span> <span class='ocrx_word' id='word_1_793' title='bbox 1229 2147 1405 2184; x_wconf 83' lang='grc' dir='ltr'>συγκράσεων</span> <span class='ocrx_word' id='word_1_794' title='bbox 1422 2147 1546 2182; x_wconf 71' lang='grc' dir='ltr'>ἐπιμιξίᾳ</span> <span class='ocrx_word' id='word_1_795' title='bbox 1567 2147 1683 2182; x_wconf 83' lang='grc' dir='ltr'>συγγενῆ</span> <span class='ocrx_word' id='word_1_796' title='bbox 1706 2146 1753 2173; x_wconf 79' lang='grc' dir='ltr'>καὶ</span> <span class='ocrx_word' id='word_1_797' title='bbox 1768 2145 1888 2181; x_wconf 61' lang='grc' dir='ltr'>ἀδελφὴν</span> 
     </span>
    </p>
   </div>
   <div class='ocr_carea' id='block_1_101' title="bbox 1099 2191 1886 2230">
    <p class='ocr_par' dir='ltr' id='par_1_101' title="bbox 1099 2191 1886 2230">
     <span class='ocr_line' id='line_1_101' title="bbox 1099 2191 1886 2230; baseline -0.004 -9"><span class='ocrx_word' id='word_1_798' title='bbox 1099 2195 1146 2221; x_wconf 75' lang='grc' dir='ltr'><strong>καὶ</strong></span> <span class='ocrx_word' id='word_1_799' title='bbox 1168 2194 1261 2230; x_wconf 82' lang='grc' dir='ltr'>ὥσπερ</span> <span class='ocrx_word' id='word_1_800' title='bbox 1281 2194 1339 2226; x_wconf 74' lang='grc' dir='ltr'>ἑνὸς</span> <span class='ocrx_word' id='word_1_801' title='bbox 1362 2194 1549 2229; x_wconf 80' lang='grc' dir='ltr'>ἀρχιτέκτονος</span> <span class='ocrx_word' id='word_1_802' title='bbox 1569 2193 1648 2228; x_wconf 80' lang='grc' dir='ltr'>ἔργον</span> <span class='ocrx_word' id='word_1_803' title='bbox 1666 2192 1715 2228; x_wconf 80' lang='grc' dir='ltr'><strong>τὴν</strong></span> <span class='ocrx_word' id='word_1_804' title='bbox 1740 2191 1796 2218; x_wconf 81' lang='grc' dir='ltr'><strong>τῶν</strong></span> <span class='ocrx_word' id='word_1_805' title='bbox 1818 2192 1886 2218; x_wconf 73' lang='grc' dir='ltr'>ὅλων</span> 
     </span>
    </p>
   </div>
   <div class='ocr_carea' id='block_1_102' title="bbox 1099 2238 1886 2276">
    <p class='ocr_par' dir='ltr' id='par_1_102' title="bbox 1099 2238 1886 2276">
     <span class='ocr_line' id='line_1_102' title="bbox 1099 2238 1886 2276; baseline -0.006 -8"><span class='ocrx_word' id='word_1_806' title='bbox 1099 2241 1178 2275; x_wconf 79' lang='grc' dir='ltr'>φύσιν</span> <span class='ocrx_word' id='word_1_807' title='bbox 1189 2241 1386 2276; x_wconf 81' lang='grc' dir='ltr'>ἀπελέγχουσα.</span> <span class='ocrx_word' id='word_1_808' title='bbox 1401 2239 1439 2274; x_wconf 87' lang='grc' dir='ltr'><strong>Γῆ</strong></span> <span class='ocrx_word' id='word_1_809' title='bbox 1454 2247 1482 2266; x_wconf 86' lang='grc' dir='ltr'><strong>τε</strong></span> <span class='ocrx_word' id='word_1_810' title='bbox 1500 2239 1553 2274; x_wconf 88' lang='grc' dir='ltr'>γὰρ</span> <span class='ocrx_word' id='word_1_811' title='bbox 1568 2239 1599 2265; x_wconf 85' lang='grc' dir='ltr'>τὺ</span> <span class='ocrx_word' id='word_1_812' title='bbox 1614 2238 1682 2274; x_wconf 82' lang='grc' dir='ltr'>βαρὺ</span> <span class='ocrx_word' id='word_1_813' title='bbox 1700 2239 1829 2273; x_wconf 81' lang='grc' dir='ltr'>στοιχεῖον</span> <span class='ocrx_word' id='word_1_814' title='bbox 1841 2239 1886 2272; x_wconf 77' lang='grc' dir='ltr'><strong>ἐφ’</strong></span> 
     </span>
    </p>
   </div>
   <div class='ocr_carea' id='block_1_103' title="bbox 1063 2277 1884 2322">
    <p class='ocr_par' dir='ltr' id='par_1_103' title="bbox 1063 2277 1884 2322">
     <span class='ocr_line' id='line_1_103' title="bbox 1063 2277 1884 2322; baseline -0.006 -8"><span class='ocrx_word' id='word_1_815' title='bbox 1063 2277 1084 2304; x_wconf 77' lang='lat' dir='ltr'><strong>D</strong></span> <span class='ocrx_word' id='word_1_816' title='bbox 1099 2287 1203 2314; x_wconf 81' lang='grc' dir='ltr'>ὑδάτων</span> <span class='ocrx_word' id='word_1_817' title='bbox 1227 2286 1360 2322; x_wconf 81' lang='grc' dir='ltr'>ὀχουμένη</span> <span class='ocrx_word' id='word_1_818' title='bbox 1375 2306 1382 2317; x_wconf 93' lang='lat'><strong>,</strong></span> <span class='ocrx_word' id='word_1_819' title='bbox 1395 2286 1443 2312; x_wconf 74' lang='lat' dir='ltr'><strong>xui.</strong></span> <span class='ocrx_word' id='word_1_820' title='bbox 1466 2285 1503 2321; x_wconf 83' lang='grc' dir='ltr'>μὴ</span> <span class='ocrx_word' id='word_1_821' title='bbox 1532 2285 1682 2320; x_wconf 82' lang='grc' dir='ltr'>στερεμνίῳ</span> <span class='ocrx_word' id='word_1_822' title='bbox 1703 2284 1753 2319; x_wconf 82' lang='grc' dir='ltr'>τῆς</span> <span class='ocrx_word' id='word_1_823' title='bbox 1776 2283 1884 2318; x_wconf 74' lang='grc' dir='ltr'>φύσεως</span> 
     </span>
    </p>
   </div>
   <div class='ocr_carea' id='block_1_104' title="bbox 1096 2330 1880 2368">
    <p class='ocr_par' dir='ltr' id='par_1_104' title="bbox 1096 2330 1880 2368">
     <span class='ocr_line' id='line_1_104' title="bbox 1096 2330 1880 2368; baseline -0.006 -8"><span class='ocrx_word' id='word_1_824' title='bbox 1096 2333 1167 2360; x_wconf 75' lang='grc' dir='ltr'>κατὰ</span> <span class='ocrx_word' id='word_1_825' title='bbox 1188 2333 1284 2368; x_wconf 81' lang='grc' dir='ltr'>βάθους</span> <span class='ocrx_word' id='word_1_826' title='bbox 1304 2332 1447 2368; x_wconf 73' lang='grc' dir='ltr'>ἑλκομένη,</span> <span class='ocrx_word' id='word_1_827' title='bbox 1470 2331 1605 2367; x_wconf 84' lang='grc' dir='ltr'>μετέωρος</span> <span class='ocrx_word' id='word_1_828' title='bbox 1627 2331 1649 2357; x_wconf 83' lang='grc' dir='ltr'>δ’</span> <span class='ocrx_word' id='word_1_829' title='bbox 1668 2331 1711 2356; x_wconf 76' lang='grc' dir='ltr'><strong>ἀεὶ</strong></span> <span class='ocrx_word' id='word_1_830' title='bbox 1732 2330 1880 2365; x_wconf 75' lang='grc' dir='ltr'>φερομένη,</span> 
     </span>
    </p>
   </div>
   <div class='ocr_carea' id='block_1_105' title="bbox 1095 2376 1882 2415">
    <p class='ocr_par' dir='ltr' id='par_1_105' title="bbox 1095 2376 1882 2415">
     <span class='ocr_line' id='line_1_105' title="bbox 1095 2376 1882 2415; baseline -0.008 -8"><span class='ocrx_word' id='word_1_831' title='bbox 1095 2381 1142 2407; x_wconf 73' lang='grc' dir='ltr'>καὶ</span> <span class='ocrx_word' id='word_1_832' title='bbox 1156 2379 1191 2415; x_wconf 81' lang='grc' dir='ltr'>μὴ</span> <span class='ocrx_word' id='word_1_833' title='bbox 1208 2379 1404 2413; x_wconf 85' lang='grc' dir='ltr'>καταδυομένη,</span> <span class='ocrx_word' id='word_1_834' title='bbox 1421 2377 1488 2404; x_wconf 80' lang='grc' dir='ltr'>Θεοῦ</span> <span class='ocrx_word' id='word_1_835' title='bbox 1505 2377 1583 2412; x_wconf 83' lang='grc' dir='ltr'><strong>Λόγῳ</strong></span> <span class='ocrx_word' id='word_1_836' title='bbox 1597 2376 1643 2403; x_wconf 76' lang='grc' dir='ltr'><strong>καὶ</strong></span> <span class='ocrx_word' id='word_1_837' title='bbox 1659 2376 1725 2402; x_wconf 82' lang='grc' dir='ltr'><strong>Θεοῦ</strong></span> <span class='ocrx_word' id='word_1_838' title='bbox 1738 2376 1819 2412; x_wconf 74' lang='grc' dir='ltr'>βουλῇ</span> <span class='ocrx_word' id='word_1_839' title='bbox 1834 2377 1882 2402; x_wconf 73' lang='grc' dir='ltr'>καὶ</span> 
     </span>
    </p>
   </div>
   <div class='ocr_carea' id='block_1_106' title="bbox 1093 2421 1879 2461">
    <p class='ocr_par' dir='ltr' id='par_1_106' title="bbox 1093 2421 1879 2461">
     <span class='ocr_line' id='line_1_106' title="bbox 1093 2421 1879 2461; baseline -0.006 -9"><span class='ocrx_word' id='word_1_840' title='bbox 1093 2426 1206 2461; x_wconf 76' lang='grc' dir='ltr'>δυνάμει</span> <span class='ocrx_word' id='word_1_841' title='bbox 1235 2421 1377 2461; x_wconf 82' lang='grc' dir='ltr'>μαρτυρεῖ.</span> <span class='ocrx_word' id='word_1_842' title='bbox 1405 2424 1505 2459; x_wconf 80' lang='grc' dir='ltr'>’Υγρᾶς</span> <span class='ocrx_word' id='word_1_843' title='bbox 1529 2431 1557 2449; x_wconf 89' lang='grc' dir='ltr'><strong>τε</strong></span> <span class='ocrx_word' id='word_1_844' title='bbox 1581 2421 1614 2449; x_wconf 80' lang='grc' dir='ltr'>αὖ</span> <span class='ocrx_word' id='word_1_845' title='bbox 1637 2422 1718 2449; x_wconf 83' lang='grc' dir='ltr'>πάλιν</span> <span class='ocrx_word' id='word_1_846' title='bbox 1743 2422 1837 2453; x_wconf 77' lang='grc' dir='ltr'>οὐσίας</span> <span class='ocrx_word' id='word_1_847' title='bbox 1862 2423 1879 2457; x_wconf 84' lang='grc' dir='ltr'>ἡ</span> 
     </span>
    </p>
   </div>
   <div class='ocr_carea' id='block_1_107' title="bbox 1094 2467 1879 2506">
    <p class='ocr_par' dir='ltr' id='par_1_107' title="bbox 1094 2467 1879 2506">
     <span class='ocr_line' id='line_1_107' title="bbox 1094 2467 1879 2506; baseline -0.008 -8"><span class='ocrx_word' id='word_1_848' title='bbox 1094 2472 1162 2506; x_wconf 82' lang='grc' dir='ltr'>πρὸς</span> <span class='ocrx_word' id='word_1_849' title='bbox 1179 2471 1210 2498; x_wconf 79' lang='grc' dir='ltr'>τὸ</span> <span class='ocrx_word' id='word_1_850' title='bbox 1235 2471 1314 2506; x_wconf 79' lang='grc' dir='ltr'>ξηρὸν</span> <span class='ocrx_word' id='word_1_851' title='bbox 1336 2469 1460 2496; x_wconf 81' lang='grc' dir='ltr'>κοινωνία</span> <span class='ocrx_word' id='word_1_852' title='bbox 1486 2468 1566 2503; x_wconf 83' lang='grc' dir='ltr'>μηδὲν</span> <span class='ocrx_word' id='word_1_853' title='bbox 1593 2468 1705 2503; x_wconf 75' lang='grc' dir='ltr'>στερρὸν</span> <span class='ocrx_word' id='word_1_854' title='bbox 1726 2467 1879 2493; x_wconf 78' lang='grc' dir='ltr'>ἐπιδεικνυ-</span> 
     </span>
    </p>
   </div>
   <div class='ocr_carea' id='block_1_108' title="bbox 1094 2512 1879 2552">
    <p class='ocr_par' dir='ltr' id='par_1_108' title="bbox 1094 2512 1879 2552">
     <span class='ocr_line' id='line_1_108' title="bbox 1094 2512 1879 2552; baseline -0.006 -9"><span class='ocrx_word' id='word_1_855' title='bbox 1094 2517 1172 2552; x_wconf 75' lang='grc' dir='ltr'>μένη,</span> <span class='ocrx_word' id='word_1_856' title='bbox 1191 2517 1257 2552; x_wconf 78' lang='grc' dir='ltr'>μηδὲ</span> <span class='ocrx_word' id='word_1_857' title='bbox 1279 2515 1383 2551; x_wconf 84' lang='grc' dir='ltr'>ἁθρόως</span> <span class='ocrx_word' id='word_1_858' title='bbox 1398 2515 1428 2541; x_wconf 83' lang='grc' dir='ltr'>τὸ</span> <span class='ocrx_word' id='word_1_859' title='bbox 1450 2515 1504 2540; x_wconf 76' lang='grc' dir='ltr'>πᾶν</span> <span class='ocrx_word' id='word_1_860' title='bbox 1525 2513 1746 2548; x_wconf 77' lang='grc' dir='ltr'>ἐπιλιμνάζουσα,</span> <span class='ocrx_word' id='word_1_861' title='bbox 1764 2512 1879 2547; x_wconf 82' lang='grc' dir='ltr'>νεύματι</span> 
     </span>
    </p>
   </div>
   <div class='ocr_carea' id='block_1_109' title="bbox 1090 2558 1878 2598">
    <p class='ocr_par' dir='ltr' id='par_1_109' title="bbox 1090 2558 1878 2598">
     <span class='ocr_line' id='line_1_109' title="bbox 1090 2558 1878 2598; baseline -0.004 -9"><span class='ocrx_word' id='word_1_862' title='bbox 1090 2563 1112 2589; x_wconf 79' lang='grc' dir='ltr'>δ’</span> <span class='ocrx_word' id='word_1_863' title='bbox 1126 2563 1237 2598; x_wconf 75' lang='grc' dir='ltr'>ἀρρήτῳ</span> <span class='ocrx_word' id='word_1_864' title='bbox 1253 2561 1319 2588; x_wconf 84' lang='grc' dir='ltr'>Θεοῦ</span> <span class='ocrx_word' id='word_1_865' title='bbox 1331 2560 1516 2596; x_wconf 79' lang='grc' dir='ltr'>πεπεδημένη,</span> <span class='ocrx_word' id='word_1_866' title='bbox 1526 2560 1572 2586; x_wconf 76' lang='grc' dir='ltr'>ἕνα</span> <span class='ocrx_word' id='word_1_867' title='bbox 1585 2559 1663 2594; x_wconf 74' lang='grc' dir='ltr'>πᾲλιν</span> <span class='ocrx_word' id='word_1_868' title='bbox 1671 2559 1718 2585; x_wconf 75' lang='grc' dir='ltr'><strong>καὶ</strong></span> <span class='ocrx_word' id='word_1_869' title='bbox 1733 2558 1779 2585; x_wconf 80' lang='grc' dir='ltr'><strong>τὸν</strong></span> <span class='ocrx_word' id='word_1_870' title='bbox 1796 2559 1878 2586; x_wconf 77' lang='grc' dir='ltr'>αὑτὸν</span> 
     </span>
    </p>
   </div>
   <div class='ocr_carea' id='block_1_110' title="bbox 1090 2605 1877 2644">
    <p class='ocr_par' dir='ltr' id='par_1_110' title="bbox 1090 2605 1877 2644">
     <span class='ocr_line' id='line_1_110' title="bbox 1090 2605 1877 2644; baseline -0.006 -9"><span class='ocrx_word' id='word_1_871' title='bbox 1090 2608 1226 2644; x_wconf 77' lang='grc' dir='ltr'>Λόγοντοῦ</span> <span class='ocrx_word' id='word_1_872' title='bbox 1232 2607 1298 2634; x_wconf 83' lang='grc' dir='ltr'>Θεοῦ</span> <span class='ocrx_word' id='word_1_873' title='bbox 1306 2606 1497 2642; x_wconf 83' lang='grc' dir='ltr'>παρίστησι.Τί</span> <span class='ocrx_word' id='word_1_874' title='bbox 1504 2606 1532 2632; x_wconf 81' lang='grc' dir='ltr'>δὲ</span> <span class='ocrx_word' id='word_1_875' title='bbox 1539 2606 1568 2632; x_wconf 80' lang='grc' dir='ltr'>τὺ</span> <span class='ocrx_word' id='word_1_876' title='bbox 1576 2605 1640 2640; x_wconf 83' lang='grc' dir='ltr'>πῦρ,</span> <span class='ocrx_word' id='word_1_877' title='bbox 1648 2606 1735 2632; x_wconf 83' lang='grc' dir='ltr'>καίτοι</span> <span class='ocrx_word' id='word_1_878' title='bbox 1743 2605 1877 2639; x_wconf 83' lang='grc' dir='ltr'>καυτικῆς</span> 
     </span>
    </p>
   </div>
   <div class='ocr_carea' id='block_1_111' title="bbox 1090 2651 1876 2689">
    <p class='ocr_par' dir='ltr' id='par_1_111' title="bbox 1090 2651 1876 2689">
     <span class='ocr_line' id='line_1_111' title="bbox 1090 2651 1876 2689; baseline -0.006 -7"><span class='ocrx_word' id='word_1_879' title='bbox 1090 2655 1136 2682; x_wconf 67' lang='grc' dir='ltr'><strong>καὶ</strong></span> <span class='ocrx_word' id='word_1_880' title='bbox 1159 2654 1292 2689; x_wconf 80' lang='grc' dir='ltr'>φθατικῆς</span> <span class='ocrx_word' id='word_1_881' title='bbox 1308 2653 1423 2688; x_wconf 79' lang='grc' dir='ltr'>φύσεως,</span> <span class='ocrx_word' id='word_1_882' title='bbox 1440 2652 1533 2679; x_wconf 79' lang='grc' dir='ltr'>ἔπειτα.</span> <span class='ocrx_word' id='word_1_883' title='bbox 1550 2652 1636 2684; x_wconf 75' lang='grc' dir='ltr'>ξύλοις</span> <span class='ocrx_word' id='word_1_884' title='bbox 1656 2651 1813 2686; x_wconf 74' lang='grc' dir='ltr'>ὲμφωλεῦον</span> <span class='ocrx_word' id='word_1_885' title='bbox 1829 2651 1876 2678; x_wconf 78' lang='grc' dir='ltr'>καὶ</span> 
     </span>
    </p>
   </div>
   <div class='ocr_carea' id='block_1_112' title="bbox 1089 2698 1876 2735">
    <p class='ocr_par' dir='ltr' id='par_1_112' title="bbox 1089 2698 1876 2735">
     <span class='ocr_line' id='line_1_112' title="bbox 1089 2698 1876 2735; baseline -0.005 -7"><span class='ocrx_word' id='word_1_886' title='bbox 1089 2703 1225 2732; x_wconf 82' lang='grc' dir='ltr'>παντοίοις</span> <span class='ocrx_word' id='word_1_887' title='bbox 1242 2700 1319 2732; x_wconf 82' lang='grc' dir='ltr'>ζώων</span> <span class='ocrx_word' id='word_1_888' title='bbox 1339 2699 1460 2735; x_wconf 82' lang='grc' dir='ltr'>σώμασιν</span> <span class='ocrx_word' id='word_1_889' title='bbox 1473 2698 1704 2734; x_wconf 79' lang='grc' dir='ltr'>ἀνακεκραμένον,</span> <span class='ocrx_word' id='word_1_890' title='bbox 1719 2699 1754 2734; x_wconf 84' lang='grc' dir='ltr'>γῇ</span> <span class='ocrx_word' id='word_1_891' title='bbox 1771 2707 1800 2724; x_wconf 82' lang='grc' dir='ltr'><strong>τε</strong></span> <span class='ocrx_word' id='word_1_892' title='bbox 1827 2698 1876 2724; x_wconf 80' lang='grc' dir='ltr'><strong>καὶ</strong></span> 
     </span>
    </p>
   </div>
   <div class='ocr_carea' id='block_1_113' title="bbox 1088 2743 1874 2782">
    <p class='ocr_par' dir='ltr' id='par_1_113' title="bbox 1088 2743 1874 2782">
     <span class='ocr_line' id='line_1_113' title="bbox 1088 2743 1874 2782; baseline -0.006 -8"><span class='ocrx_word' id='word_1_893' title='bbox 1088 2748 1163 2774; x_wconf 75' lang='grc' dir='ltr'>ὕδατι</span> <span class='ocrx_word' id='word_1_894' title='bbox 1177 2747 1223 2773; x_wconf 68' lang='grc' dir='ltr'>καὶ</span> <span class='ocrx_word' id='word_1_895' title='bbox 1235 2747 1296 2782; x_wconf 80' lang='grc' dir='ltr'>ἀέρι</span> <span class='ocrx_word' id='word_1_896' title='bbox 1313 2745 1590 2780; x_wconf 83' lang='grc' dir='ltr'>συνέστοιχειωμενον,</span> <span class='ocrx_word' id='word_1_897' title='bbox 1609 2744 1726 2771; x_wconf 84' lang='grc' dir='ltr'>κᾶπειτα</span> <span class='ocrx_word' id='word_1_898' title='bbox 1739 2744 1810 2779; x_wconf 81' lang='grc' dir='ltr'>λόγῳ</span> <span class='ocrx_word' id='word_1_899' title='bbox 1826 2743 1874 2770; x_wconf 79' lang='grc' dir='ltr'>καὶ</span> 
     </span>
    </p>
   </div>
   <div class='ocr_carea' id='block_1_114' title="bbox 1088 2791 1874 2830">
    <p class='ocr_par' dir='ltr' id='par_1_114' title="bbox 1088 2791 1874 2830">
     <span class='ocr_line' id='line_1_114' title="bbox 1088 2791 1874 2830; baseline -0.005 -10"><span class='ocrx_word' id='word_1_900' title='bbox 1088 2795 1179 2830; x_wconf 82' lang='grc' dir='ltr'>μέτρῳ</span> <span class='ocrx_word' id='word_1_901' title='bbox 1203 2795 1257 2825; x_wconf 83' lang='grc' dir='ltr'>τοῖς</span> <span class='ocrx_word' id='word_1_902' title='bbox 1280 2794 1346 2819; x_wconf 72' lang='grc' dir='ltr'>πᾶσι</span> <span class='ocrx_word' id='word_1_903' title='bbox 1368 2793 1398 2818; x_wconf 82' lang='grc' dir='ltr'><strong>τὸ</strong></span> <span class='ocrx_word' id='word_1_904' title='bbox 1419 2792 1487 2823; x_wconf 76' lang='grc' dir='ltr'>δέον,</span> <span class='ocrx_word' id='word_1_905' title='bbox 1508 2791 1568 2817; x_wconf 82' lang='grc' dir='ltr'>ὅσον</span> <span class='ocrx_word' id='word_1_906' title='bbox 1587 2791 1620 2817; x_wconf 85' lang='grc' dir='ltr'><strong>ἂν</strong></span> <span class='ocrx_word' id='word_1_907' title='bbox 1645 2791 1751 2825; x_wconf 76' lang='grc' dir='ltr'>ἑκάστῳ</span> <span class='ocrx_word' id='word_1_908' title='bbox 1768 2791 1874 2824; x_wconf 86' lang='grc' dir='ltr'>γένοιτο</span> 
     </span>
    </p>
   </div>
   <div class='ocr_carea' id='block_1_115' title="bbox 1086 2836 1873 2876">
    <p class='ocr_par' dir='ltr' id='par_1_115' title="bbox 1086 2836 1873 2876">
     <span class='ocr_line' id='line_1_115' title="bbox 1086 2836 1873 2876; baseline -0.006 -9"><span class='ocrx_word' id='word_1_909' title='bbox 1086 2840 1153 2876; x_wconf 85' lang='grc' dir='ltr'>πρὸς</span> <span class='ocrx_word' id='word_1_910' title='bbox 1177 2840 1319 2875; x_wconf 67' lang='grc' dir='ltr'>ὠφελείας,</span> <span class='ocrx_word' id='word_1_911' title='bbox 1342 2837 1533 2874; x_wconf 80' lang='grc' dir='ltr'>ἐπιχορηγοῦν,</span> <span class='ocrx_word' id='word_1_912' title='bbox 1555 2837 1606 2871; x_wconf 81' lang='grc' dir='ltr'>τῆς</span> <span class='ocrx_word' id='word_1_913' title='bbox 1628 2836 1650 2862; x_wconf 78' lang='grc' dir='ltr'>δ’</span> <span class='ocrx_word' id='word_1_914' title='bbox 1671 2836 1773 2868; x_wconf 75' lang='grc' dir='ltr'>οἰκείας</span> <span class='ocrx_word' id='word_1_915' title='bbox 1794 2836 1873 2863; x_wconf 85' lang='grc' dir='ltr'>δυνά-</span> 
     </span>
    </p>
   </div>
  </div>
