  <div class='ocr_page' id='page_1' title='image "/cluster/home/n/w/nwhite01/storage/ocr_20150623/22/njp.32101077772497/170.png"; bbox 0 0 2071 3219; ppageno 0'>
   <div class='ocr_carea' id='block_1_1' title="bbox 174 222 225 251">
    <p class='ocr_par' dir='ltr' id='par_1_1' title="bbox 174 222 225 251">
     <span class='ocr_line' id='line_1_1' title="bbox 174 222 225 251; baseline 0 -1"><span class='ocrx_word' id='word_1_1' title='bbox 174 222 225 251; x_wconf 73' lang='lat'><strong>26!</strong></span> 
     </span>
    </p>
   </div>
   <div class='ocr_carea' id='block_1_2' title="bbox 620 219 1348 249">
    <p class='ocr_par' dir='ltr' id='par_1_2' title="bbox 620 219 1348 249">
     <span class='ocr_line' id='line_1_2' title="bbox 620 219 1348 249; baseline 0.001 -1"><span class='ocrx_word' id='word_1_2' title='bbox 620 219 949 248; x_wconf 74' lang='lat' dir='ltr'><strong>DEMONSTRATIONIS</strong></span> <span class='ocrx_word' id='word_1_3' title='bbox 965 219 1195 249; x_wconf 70' lang='lat' dir='ltr'><strong>EVANGELICAS</strong></span> <span class='ocrx_word' id='word_1_4' title='bbox 1216 220 1281 249; x_wconf 86' lang='lat' dir='ltr'><strong>LlB.</strong></span> <span class='ocrx_word' id='word_1_5' title='bbox 1301 220 1348 249; x_wconf 83' lang='grc' dir='ltr'>ιν.</span> 
     </span>
    </p>
   </div>
   <div class='ocr_carea' id='block_1_3' title="bbox 1759 221 1813 251">
    <p class='ocr_par' dir='ltr' id='par_1_3' title="bbox 1759 221 1813 251">
     <span class='ocr_line' id='line_1_3' title="bbox 1759 221 1813 251; baseline 0 0"><span class='ocrx_word' id='word_1_6' title='bbox 1759 221 1813 251; x_wconf 69' lang='lat'><strong>26?.</strong></span> 
     </span>
    </p>
   </div>
   <div class='ocr_carea' id='block_1_4' title="bbox 177 262 960 318">
    <p class='ocr_par' dir='ltr' id='par_1_4' title="bbox 177 262 960 318">
     <span class='ocr_line' id='line_1_4' title="bbox 177 262 960 318; baseline -0.004 -11"><span class='ocrx_word' id='word_1_7' title='bbox 177 262 249 318; x_wconf 79' lang='grc' dir='ltr'>μεως</span> <span class='ocrx_word' id='word_1_8' title='bbox 269 279 491 316; x_wconf 71' lang='grc' dir='ltr'><strong>ἐπιλελησμένον,</strong></span> <span class='ocrx_word' id='word_1_9' title='bbox 510 280 541 307; x_wconf 83' lang='grc' dir='ltr'>οὐ</span> <span class='ocrx_word' id='word_1_10' title='bbox 563 279 604 307; x_wconf 82' lang='grc' dir='ltr'>σοὶ</span> <span class='ocrx_word' id='word_1_11' title='bbox 618 280 692 307; x_wconf 87' lang='grc' dir='ltr'>δοκεῖ</span> <span class='ocrx_word' id='word_1_12' title='bbox 708 279 787 307; x_wconf 77' lang='grc' dir='ltr'>πάλιν</span> <span class='ocrx_word' id='word_1_13' title='bbox 802 279 870 306; x_wconf 84' lang='grc' dir='ltr'><strong>Θεοῦ</strong></span> <span class='ocrx_word' id='word_1_14' title='bbox 893 279 960 314; x_wconf 56' lang='lat' dir='ltr'><strong>Myl;</strong></span> 
     </span>
    </p>
   </div>
   <div class='ocr_carea' id='block_1_5' title="bbox 1010 262 1811 318">
    <p class='ocr_par' dir='ltr' id='par_1_5' title="bbox 1024 278 1811 316">
     <span class='ocr_line' id='line_1_5' title="bbox 1024 278 1811 316; baseline 0.005 -11"><span class='ocrx_word' id='word_1_15' title='bbox 1024 278 1087 307; x_wconf 91' lang='lat' dir='ltr'><strong>licet</strong></span> <span class='ocrx_word' id='word_1_16' title='bbox 1100 279 1287 308; x_wconf 86' lang='lat' dir='ltr'><strong>comburentis</strong></span> <span class='ocrx_word' id='word_1_17' title='bbox 1308 279 1568 316; x_wconf 83' lang='lat' dir='ltr'><strong>corrumpentisque</strong></span> <span class='ocrx_word' id='word_1_18' title='bbox 1588 284 1692 308; x_wconf 84' lang='lat' dir='ltr'><strong>naturae</strong></span> <span class='ocrx_word' id='word_1_19' title='bbox 1704 281 1750 313; x_wconf 87' lang='lat' dir='ltr'><strong>sit.</strong></span> <span class='ocrx_word' id='word_1_20' title='bbox 1768 286 1811 309; x_wconf 87' lang='lat' dir='ltr'><strong>ta-</strong></span> 
     </span>
    </p>
   </div>
   <div class='ocr_carea' id='block_1_6' title="bbox 174 326 967 363">
    <p class='ocr_par' dir='ltr' id='par_1_6' title="bbox 174 326 967 363">
     <span class='ocr_line' id='line_1_6' title="bbox 174 326 967 363; baseline -0.001 -9"><span class='ocrx_word' id='word_1_21' title='bbox 174 328 221 355; x_wconf 66' lang='grc' dir='ltr'><strong>καὶ</strong></span> <span class='ocrx_word' id='word_1_22' title='bbox 234 327 349 363; x_wconf 81' lang='grc' dir='ltr'><strong>δυνάμει</strong></span> <span class='ocrx_word' id='word_1_23' title='bbox 369 326 518 360; x_wconf 84' lang='grc' dir='ltr'><strong>δουλεύειν,</strong></span> <span class='ocrx_word' id='word_1_24' title='bbox 539 326 660 363; x_wconf 82' lang='grc' dir='ltr'>Ἡμέρας</span> <span class='ocrx_word' id='word_1_25' title='bbox 672 326 700 353; x_wconf 79' lang='grc' dir='ltr'><strong>δὲ</strong></span> <span class='ocrx_word' id='word_1_26' title='bbox 716 327 765 358; x_wconf 78' lang='grc' dir='ltr'>καὶ,</span> <span class='ocrx_word' id='word_1_27' title='bbox 777 326 873 359; x_wconf 82' lang='grc' dir='ltr'>νυκτὸς</span> <span class='ocrx_word' id='word_1_28' title='bbox 886 327 967 362; x_wconf 82' lang='grc' dir='ltr'>ἀμοι-</span> 
     </span>
    </p>
   </div>
   <div class='ocr_carea' id='block_1_7' title="bbox 173 372 967 408">
    <p class='ocr_par' dir='ltr' id='par_1_7' title="bbox 173 372 967 408">
     <span class='ocr_line' id='line_1_7' title="bbox 173 372 967 408; baseline 0.001 -10"><span class='ocrx_word' id='word_1_29' title='bbox 173 372 251 404; x_wconf 72' lang='grc' dir='ltr'>ϐαίας</span> <span class='ocrx_word' id='word_1_30' title='bbox 265 372 366 408; x_wconf 85' lang='grc' dir='ltr'>ὁρῶντι</span> <span class='ocrx_word' id='word_1_31' title='bbox 383 373 515 408; x_wconf 79' lang='grc' dir='ltr'><strong>κινήσεις,</strong></span> <span class='ocrx_word' id='word_1_32' title='bbox 528 372 607 408; x_wconf 87' lang='grc' dir='ltr'>ὡρῶν</span> <span class='ocrx_word' id='word_1_33' title='bbox 620 381 650 398; x_wconf 89' lang='grc' dir='ltr'><strong>τε</strong></span> <span class='ocrx_word' id='word_1_34' title='bbox 666 372 712 399; x_wconf 76' lang='grc' dir='ltr'><strong>καὶ</strong></span> <span class='ocrx_word' id='word_1_35' title='bbox 726 372 828 408; x_wconf 85' lang='grc' dir='ltr'>καιρῶν</span> <span class='ocrx_word' id='word_1_36' title='bbox 841 372 901 399; x_wconf 81' lang='grc' dir='ltr'>τοτὲ</span> <span class='ocrx_word' id='word_1_37' title='bbox 919 373 967 408; x_wconf 83' lang='grc' dir='ltr'><strong>μὲν</strong></span> 
     </span>
    </p>
   </div>
   <div class='ocr_carea' id='block_1_8' title="bbox 172 417 968 453">
    <p class='ocr_par' dir='ltr' id='par_1_8' title="bbox 172 417 968 453">
     <span class='ocr_line' id='line_1_8' title="bbox 172 417 968 453; baseline 0 -9"><span class='ocrx_word' id='word_1_38' title='bbox 172 418 313 453; x_wconf 75' lang='grc' dir='ltr'><strong>αὐξήσεις,</strong></span> <span class='ocrx_word' id='word_1_39' title='bbox 330 417 391 444; x_wconf 77' lang='grc' dir='ltr'>τοτὲ</span> <span class='ocrx_word' id='word_1_40' title='bbox 406 417 434 444; x_wconf 84' lang='grc' dir='ltr'><strong>δὲ</strong></span> <span class='ocrx_word' id='word_1_41' title='bbox 452 417 588 453; x_wconf 81' lang='grc' dir='ltr'>μειώσεις,</span> <span class='ocrx_word' id='word_1_42' title='bbox 606 418 723 450; x_wconf 81' lang='grc' dir='ltr'>κύκλους</span> <span class='ocrx_word' id='word_1_43' title='bbox 736 426 765 444; x_wconf 88' lang='grc' dir='ltr'><strong>τε</strong></span> <span class='ocrx_word' id='word_1_44' title='bbox 780 417 910 444; x_wconf 76' lang='grc' dir='ltr'><strong>ἐνιαυτῶν</strong></span> <span class='ocrx_word' id='word_1_45' title='bbox 921 419 968 445; x_wconf 82' lang='grc' dir='ltr'><strong>καὶ</strong></span> 
     </span>
    </p>
   </div>
   <div class='ocr_carea' id='block_1_9' title="bbox 174 463 967 500">
    <p class='ocr_par' dir='ltr' id='par_1_9' title="bbox 174 463 967 500">
     <span class='ocr_line' id='line_1_9' title="bbox 174 463 967 500; baseline 0 -10"><span class='ocrx_word' id='word_1_46' title='bbox 174 463 314 499; x_wconf 75' lang='grc' dir='ltr'>περιόδους</span> <span class='ocrx_word' id='word_1_47' title='bbox 337 463 450 499; x_wconf 76' lang='grc' dir='ltr'>χρόνων,</span> <span class='ocrx_word' id='word_1_48' title='bbox 466 463 574 500; x_wconf 77' lang='grc' dir='ltr'>ἄστρων</span> <span class='ocrx_word' id='word_1_49' title='bbox 592 473 621 490; x_wconf 90' lang='grc' dir='ltr'><strong>τε</strong></span> <span class='ocrx_word' id='word_1_50' title='bbox 636 464 829 500; x_wconf 80' lang='grc' dir='ltr'>περιδινήσεις,</span> <span class='ocrx_word' id='word_1_51' title='bbox 845 464 920 500; x_wconf 79' lang='grc' dir='ltr'>ἡλίου</span> <span class='ocrx_word' id='word_1_52' title='bbox 938 472 967 490; x_wconf 86' lang='grc' dir='ltr'><strong>τε</strong></span> 
     </span>
    </p>
   </div>
   <div class='ocr_carea' id='block_1_10' title="bbox 172 509 967 547">
    <p class='ocr_par' dir='ltr' id='par_1_10' title="bbox 172 509 967 547">
     <span class='ocr_line' id='line_1_10' title="bbox 172 509 967 547; baseline -0.003 -9"><span class='ocrx_word' id='word_1_53' title='bbox 172 511 300 547; x_wconf 76' lang='grc' dir='ltr'><strong>δρόμους,</strong></span> <span class='ocrx_word' id='word_1_54' title='bbox 323 511 371 538; x_wconf 77' lang='grc' dir='ltr'>καὶ</span> <span class='ocrx_word' id='word_1_55' title='bbox 394 511 507 546; x_wconf 79' lang='grc' dir='ltr'><strong>σελήνης</strong></span> <span class='ocrx_word' id='word_1_56' title='bbox 528 510 649 546; x_wconf 74' lang='grc' dir='ltr'>τροπὰς,</span> <span class='ocrx_word' id='word_1_57' title='bbox 669 509 841 545; x_wconf 77' lang='grc' dir='ltr'>συμπαθείας</span> <span class='ocrx_word' id='word_1_58' title='bbox 864 519 893 536; x_wconf 90' lang='grc' dir='ltr'><strong>τε</strong></span> <span class='ocrx_word' id='word_1_59' title='bbox 920 509 967 536; x_wconf 76' lang='grc' dir='ltr'><strong>καὶ</strong></span> 
     </span>
    </p>
   </div>
   <div class='ocr_carea' id='block_1_11' title="bbox 171 555 966 591">
    <p class='ocr_par' dir='ltr' id='par_1_11' title="bbox 171 555 966 591">
     <span class='ocr_line' id='line_1_11' title="bbox 171 555 966 591; baseline -0.001 -8"><span class='ocrx_word' id='word_1_60' title='bbox 171 556 350 588; x_wconf 73' lang='grc' dir='ltr'><strong>ἀντιπαθείας</strong></span> <span class='ocrx_word' id='word_1_61' title='bbox 379 557 516 588; x_wconf 83' lang='grc' dir='ltr'>ἁπάντων,</span> <span class='ocrx_word' id='word_1_62' title='bbox 543 557 589 583; x_wconf 73' lang='grc' dir='ltr'><strong>καὶ</strong></span> <span class='ocrx_word' id='word_1_63' title='bbox 618 557 719 591; x_wconf 76' lang='grc' dir='ltr'>κόσμον</span> <span class='ocrx_word' id='word_1_64' title='bbox 746 556 794 583; x_wconf 68' lang='lat' dir='ltr'><strong>Eva</strong></span> <span class='ocrx_word' id='word_1_65' title='bbox 822 556 911 582; x_wconf 73' lang='grc' dir='ltr'>αὐτῶν</span> <span class='ocrx_word' id='word_1_66' title='bbox 938 555 966 589; x_wconf 77' lang='grc' dir='ltr'>ἐξ</span> 
     </span>
    </p>
   </div>
   <div class='ocr_carea' id='block_1_12' title="bbox 171 602 966 640">
    <p class='ocr_par' dir='ltr' id='par_1_12' title="bbox 171 602 966 640">
     <span class='ocr_line' id='line_1_12' title="bbox 171 602 966 640; baseline -0.003 -10"><span class='ocrx_word' id='word_1_67' title='bbox 171 603 312 635; x_wconf 83' lang='grc' dir='ltr'>ἁπάντων,</span> <span class='ocrx_word' id='word_1_68' title='bbox 329 602 383 640; x_wconf 77' lang='grc' dir='ltr'><strong>ἆρά</strong></span> <span class='ocrx_word' id='word_1_69' title='bbox 405 613 446 631; x_wconf 80' lang='grc' dir='ltr'><strong>σοι</strong></span> <span class='ocrx_word' id='word_1_70' title='bbox 466 604 516 639; x_wconf 76' lang='grc' dir='ltr'><strong>τὴν</strong></span> <span class='ocrx_word' id='word_1_71' title='bbox 537 603 648 638; x_wconf 77' lang='grc' dir='ltr'>ἀλογίαν</span> <span class='ocrx_word' id='word_1_72' title='bbox 669 603 716 629; x_wconf 69' lang='grc' dir='ltr'>καὶ</span> <span class='ocrx_word' id='word_1_73' title='bbox 736 604 764 629; x_wconf 76' lang='grc' dir='ltr'><strong>τὸ</strong></span> <span class='ocrx_word' id='word_1_74' title='bbox 784 603 845 638; x_wconf 77' lang='grc' dir='ltr'>εικῆ</span> <span class='ocrx_word' id='word_1_75' title='bbox 869 603 915 629; x_wconf 76' lang='grc' dir='ltr'>καὶ</span> <span class='ocrx_word' id='word_1_76' title='bbox 929 603 966 634; x_wconf 80' lang='grc' dir='ltr'>ὡς</span> 
     </span>
    </p>
   </div>
   <div class='ocr_carea' id='block_1_13' title="bbox 171 648 964 686">
    <p class='ocr_par' dir='ltr' id='par_1_13' title="bbox 171 648 964 686">
     <span class='ocr_line' id='line_1_13' title="bbox 171 648 964 686; baseline -0.003 -10"><span class='ocrx_word' id='word_1_77' title='bbox 171 650 266 686; x_wconf 82' lang='grc' dir='ltr'>ἔτυχεν</span> <span class='ocrx_word' id='word_1_78' title='bbox 281 650 371 677; x_wconf 78' lang='grc' dir='ltr'>αἰτίαν</span> <span class='ocrx_word' id='word_1_79' title='bbox 390 648 459 677; x_wconf 82' lang='grc' dir='ltr'>εἶναι</span> <span class='ocrx_word' id='word_1_80' title='bbox 476 650 530 676; x_wconf 83' lang='grc' dir='ltr'><strong>τῶν</strong></span> <span class='ocrx_word' id='word_1_81' title='bbox 543 650 611 676; x_wconf 77' lang='grc' dir='ltr'>ὅλων</span> <span class='ocrx_word' id='word_1_82' title='bbox 630 649 740 684; x_wconf 68' lang='grc' dir='ltr'>θεμιτὸν</span> <span class='ocrx_word' id='word_1_83' title='bbox 757 648 964 683; x_wconf 73' lang='grc' dir='ltr'>ἁποιραίνεσθαι,</span> 
     </span>
    </p>
   </div>
   <div class='ocr_carea' id='block_1_14' title="bbox 170 695 965 732">
    <p class='ocr_par' dir='ltr' id='par_1_14' title="bbox 170 695 965 732">
     <span class='ocr_line' id='line_1_14' title="bbox 170 695 965 732; baseline -0.001 -9"><span class='ocrx_word' id='word_1_84' title='bbox 170 697 188 732; x_wconf 73' lang='grc' dir='ltr'>ἢ</span> <span class='ocrx_word' id='word_1_85' title='bbox 200 698 286 731; x_wconf 82' lang='grc' dir='ltr'>Λόγον</span> <span class='ocrx_word' id='word_1_86' title='bbox 306 696 344 728; x_wconf 89' lang='grc' dir='ltr'>ὡς</span> <span class='ocrx_word' id='word_1_87' title='bbox 356 695 463 732; x_wconf 85' lang='grc' dir='ltr'>ἀληθῶς</span> <span class='ocrx_word' id='word_1_88' title='bbox 475 696 553 728; x_wconf 81' lang='grc' dir='ltr'>Θεοῦ,</span> <span class='ocrx_word' id='word_1_89' title='bbox 567 696 613 722; x_wconf 75' lang='grc' dir='ltr'><strong>καὶ</strong></span> <span class='ocrx_word' id='word_1_90' title='bbox 625 695 692 722; x_wconf 76' lang='grc' dir='ltr'>Θεοῦ</span> <span class='ocrx_word' id='word_1_91' title='bbox 711 696 816 730; x_wconf 66' lang='grc' dir='ltr'>σοορίαν,</span> <span class='ocrx_word' id='word_1_92' title='bbox 835 696 882 722; x_wconf 64' lang='grc' dir='ltr'><strong>καὶ</strong></span> <span class='ocrx_word' id='word_1_93' title='bbox 898 696 965 722; x_wconf 84' lang='grc' dir='ltr'>Θεοῦ</span> 
     </span>
    </p>
   </div>
   <div class='ocr_carea' id='block_1_15' title="bbox 170 743 964 779">
    <p class='ocr_par' dir='ltr' id='par_1_15' title="bbox 170 743 964 779">
     <span class='ocr_line' id='line_1_15' title="bbox 170 743 964 779; baseline -0.001 -9"><span class='ocrx_word' id='word_1_94' title='bbox 170 744 297 779; x_wconf 76' lang='grc' dir='ltr'>δύναμιν,</span> <span class='ocrx_word' id='word_1_95' title='bbox 315 744 362 770; x_wconf 75' lang='grc' dir='ltr'>καὶ</span> <span class='ocrx_word' id='word_1_96' title='bbox 376 743 478 779; x_wconf 80' lang='grc' dir='ltr'>ταύτην</span> <span class='ocrx_word' id='word_1_97' title='bbox 497 743 572 778; x_wconf 87' lang='grc' dir='ltr'>μίαν,</span> <span class='ocrx_word' id='word_1_98' title='bbox 586 743 643 769; x_wconf 80' lang='grc' dir='ltr'>ἀλλ’</span> <span class='ocrx_word' id='word_1_99' title='bbox 654 744 685 770; x_wconf 74' lang='grc' dir='ltr'><strong>οὐ</strong></span> <span class='ocrx_word' id='word_1_100' title='bbox 703 743 801 774; x_wconf 81' lang='grc' dir='ltr'>πολλὰς</span> <span class='ocrx_word' id='word_1_101' title='bbox 817 743 944 778; x_wconf 84' lang='grc' dir='ltr'>ἀνυμνεῐν</span> <span class='ocrx_word' id='word_1_102' title='bbox 957 751 964 775; x_wconf 90' lang='grc'><strong>;</strong></span> 
     </span>
    </p>
   </div>
   <div class='ocr_carea' id='block_1_16' title="bbox 170 789 965 825">
    <p class='ocr_par' dir='ltr' id='par_1_16' title="bbox 170 789 965 825">
     <span class='ocr_line' id='line_1_16' title="bbox 170 789 965 825; baseline -0.001 -9"><span class='ocrx_word' id='word_1_103' title='bbox 170 790 234 816; x_wconf 79' lang='grc' dir='ltr'>ἐπεὶ</span> <span class='ocrx_word' id='word_1_104' title='bbox 248 790 294 817; x_wconf 66' lang='grc' dir='ltr'><strong>καὶ</strong></span> <span class='ocrx_word' id='word_1_105' title='bbox 311 790 340 816; x_wconf 82' lang='grc' dir='ltr'><strong>ἐν</strong></span> <span class='ocrx_word' id='word_1_106' title='bbox 358 789 494 825; x_wconf 80' lang='grc' dir='ltr'><strong>ἀνθρώπῳ</strong></span> <span class='ocrx_word' id='word_1_107' title='bbox 513 789 559 824; x_wconf 81' lang='grc' dir='ltr'><strong>μία</strong></span> <span class='ocrx_word' id='word_1_108' title='bbox 575 789 659 825; x_wconf 68' lang='grc' dir='ltr'>ψυχὴ.</span> <span class='ocrx_word' id='word_1_109' title='bbox 681 790 728 816; x_wconf 73' lang='grc' dir='ltr'><strong>καὶ</strong></span> <span class='ocrx_word' id='word_1_110' title='bbox 744 790 792 825; x_wconf 88' lang='grc' dir='ltr'><strong>μία</strong></span> <span class='ocrx_word' id='word_1_111' title='bbox 808 789 904 824; x_wconf 86' lang='grc' dir='ltr'>λογικὴ</span> <span class='ocrx_word' id='word_1_112' title='bbox 920 789 965 815; x_wconf 70' lang='grc' dir='ltr'><strong>δύ-</strong></span> 
     </span>
    </p>
   </div>
   <div class='ocr_carea' id='block_1_17' title="bbox 169 835 964 871">
    <p class='ocr_par' dir='ltr' id='par_1_17' title="bbox 169 835 964 871">
     <span class='ocr_line' id='line_1_17' title="bbox 169 835 964 871; baseline 0 -9"><span class='ocrx_word' id='word_1_113' title='bbox 169 845 253 871; x_wconf 78' lang='grc' dir='ltr'>ναμις</span> <span class='ocrx_word' id='word_1_114' title='bbox 279 835 413 862; x_wconf 73' lang='grc' dir='ltr'>πλείστων</span> <span class='ocrx_word' id='word_1_115' title='bbox 437 836 504 871; x_wconf 79' lang='grc' dir='ltr'>ὁμοῦ</span> <span class='ocrx_word' id='word_1_116' title='bbox 520 836 617 870; x_wconf 77' lang='grc' dir='ltr'>γένοιτ’</span> <span class='ocrx_word' id='word_1_117' title='bbox 634 836 666 862; x_wconf 85' lang='grc' dir='ltr'><strong>ἂν</strong></span> <span class='ocrx_word' id='word_1_118' title='bbox 691 836 898 871; x_wconf 76' lang='grc' dir='ltr'>δημιουργὸς,ἣ</span> <span class='ocrx_word' id='word_1_119' title='bbox 918 835 964 862; x_wconf 69' lang='grc' dir='ltr'>καὶ</span> 
     </span>
    </p>
   </div>
   <div class='ocr_carea' id='block_1_18' title="bbox 167 874 979 918">
    <p class='ocr_par' dir='ltr' id='par_1_18' title="bbox 167 881 965 918">
     <span class='ocr_line' id='line_1_18' title="bbox 167 881 965 918; baseline 0 -10"><span class='ocrx_word' id='word_1_120' title='bbox 167 883 324 918; x_wconf 84' lang='grc' dir='ltr'>γεωργείνή</span> <span class='ocrx_word' id='word_1_121' title='bbox 333 881 411 917; x_wconf 73' lang='grc' dir='ltr'>αὑτὴ,</span> <span class='ocrx_word' id='word_1_122' title='bbox 422 883 467 908; x_wconf 75' lang='grc' dir='ltr'><strong>καὶ</strong></span> <span class='ocrx_word' id='word_1_123' title='bbox 474 884 622 917; x_wconf 76' lang='grc' dir='ltr'>ναυπηγεῖν</span> <span class='ocrx_word' id='word_1_124' title='bbox 631 882 678 908; x_wconf 74' lang='grc' dir='ltr'>καὶ</span> <span class='ocrx_word' id='word_1_125' title='bbox 687 882 829 918; x_wconf 75' lang='grc' dir='ltr'>κυϐερνᾷν,</span> <span class='ocrx_word' id='word_1_126' title='bbox 838 882 884 908; x_wconf 67' lang='grc' dir='ltr'>καὶ</span> <span class='ocrx_word' id='word_1_127' title='bbox 893 883 965 908; x_wconf 79' lang='grc' dir='ltr'>οἱκο-</span> 
     </span>
    </p>
   </div>
   <div class='ocr_carea' id='block_1_19' title="bbox 166 920 963 964">
    <p class='ocr_par' dir='ltr' id='par_1_19' title="bbox 166 920 963 964">
     <span class='ocr_line' id='line_1_19' title="bbox 166 920 963 964; baseline 0 -11"><span class='ocrx_word' id='word_1_128' title='bbox 166 927 260 962; x_wconf 81' lang='grc' dir='ltr'>δομεῐν</span> <span class='ocrx_word' id='word_1_129' title='bbox 279 920 364 955; x_wconf 68' lang='grc' dir='ltr'>πολλὰ</span> <span class='ocrx_word' id='word_1_130' title='bbox 388 928 510 964; x_wconf 83' lang='grc' dir='ltr'>μαθοῦσα</span> <span class='ocrx_word' id='word_1_131' title='bbox 533 928 704 955; x_wconf 74' lang='grc' dir='ltr'>ὲπιΰάλλοιτο</span> <span class='ocrx_word' id='word_1_132' title='bbox 716 937 722 943; x_wconf 91' lang='grc'><strong>·</strong></span> <span class='ocrx_word' id='word_1_133' title='bbox 741 928 787 955; x_wconf 74' lang='grc' dir='ltr'>καὶ</span> <span class='ocrx_word' id='word_1_134' title='bbox 802 925 842 959; x_wconf 76' lang='grc' dir='ltr'>εἷς</span> <span class='ocrx_word' id='word_1_135' title='bbox 858 928 919 959; x_wconf 87' lang='grc' dir='ltr'>νοῦς</span> <span class='ocrx_word' id='word_1_136' title='bbox 934 928 963 954; x_wconf 83' lang='grc' dir='ltr'>ὲν</span> 
     </span>
    </p>
   </div>
   <div class='ocr_carea' id='block_1_20' title="bbox 167 973 962 1010">
    <p class='ocr_par' dir='ltr' id='par_1_20' title="bbox 167 973 962 1010">
     <span class='ocr_line' id='line_1_20' title="bbox 167 973 962 1010; baseline 0.001 -11"><span class='ocrx_word' id='word_1_137' title='bbox 167 973 305 1009; x_wconf 75' lang='grc' dir='ltr'><strong>ἀνθρώπῳ</strong></span> <span class='ocrx_word' id='word_1_138' title='bbox 322 974 368 1000; x_wconf 77' lang='grc' dir='ltr'>καὶ</span> <span class='ocrx_word' id='word_1_139' title='bbox 383 974 512 1009; x_wconf 77' lang='grc' dir='ltr'>λογισμὸς</span> <span class='ocrx_word' id='word_1_140' title='bbox 529 974 627 1006; x_wconf 75' lang='grc' dir='ltr'>δέξαιτ’</span> <span class='ocrx_word' id='word_1_141' title='bbox 646 974 678 1001; x_wconf 78' lang='grc' dir='ltr'>ἄν</span> <span class='ocrx_word' id='word_1_142' title='bbox 696 983 759 1000; x_wconf 86' lang='grc' dir='ltr'>ποτε</span> <span class='ocrx_word' id='word_1_143' title='bbox 777 974 881 1010; x_wconf 81' lang='grc' dir='ltr'>μυρίων</span> <span class='ocrx_word' id='word_1_144' title='bbox 902 975 962 1000; x_wconf 57' lang='grc' dir='ltr'>ἐπις</span> 
     </span>
    </p>
   </div>
   <div class='ocr_carea' id='block_1_21' title="bbox 167 1020 960 1056">
    <p class='ocr_par' dir='ltr' id='par_1_21' title="bbox 167 1020 960 1056">
     <span class='ocr_line' id='line_1_21' title="bbox 167 1020 960 1056; baseline -0.001 -9"><span class='ocrx_word' id='word_1_145' title='bbox 167 1020 286 1055; x_wconf 76' lang='grc' dir='ltr'>στήμας,</span> <span class='ocrx_word' id='word_1_146' title='bbox 310 1022 500 1056; x_wconf 80' lang='grc' dir='ltr'>γεωμετρήσει</span> <span class='ocrx_word' id='word_1_147' title='bbox 517 1029 545 1047; x_wconf 86' lang='grc' dir='ltr'><strong>τε</strong></span> <span class='ocrx_word' id='word_1_148' title='bbox 566 1022 579 1047; x_wconf 85' lang='grc' dir='ltr'>ὁ</span> <span class='ocrx_word' id='word_1_149' title='bbox 594 1021 675 1052; x_wconf 70' lang='grc' dir='ltr'>αὐτὸς</span> <span class='ocrx_word' id='word_1_150' title='bbox 690 1020 737 1047; x_wconf 70' lang='grc' dir='ltr'><strong>καὶ</strong></span> <span class='ocrx_word' id='word_1_151' title='bbox 752 1020 960 1056; x_wconf 76' lang='grc' dir='ltr'>ἀστρονομήσει,</span> 
     </span>
    </p>
   </div>
   <div class='ocr_carea' id='block_1_22' title="bbox 166 1066 960 1104">
    <p class='ocr_par' dir='ltr' id='par_1_22' title="bbox 166 1066 960 1104">
     <span class='ocr_line' id='line_1_22' title="bbox 166 1066 960 1104; baseline -0.001 -11"><span class='ocrx_word' id='word_1_152' title='bbox 166 1067 215 1093; x_wconf 81' lang='grc' dir='ltr'><strong>καὶ</strong></span> <span class='ocrx_word' id='word_1_153' title='bbox 236 1066 332 1101; x_wconf 78' lang='grc' dir='ltr'>λόγους</span> <span class='ocrx_word' id='word_1_154' title='bbox 347 1068 543 1103; x_wconf 76' lang='grc' dir='ltr'>γραμματικῆς</span> <span class='ocrx_word' id='word_1_155' title='bbox 568 1067 723 1104; x_wconf 78' lang='grc' dir='ltr'>παραδώσει</span> <span class='ocrx_word' id='word_1_156' title='bbox 750 1068 797 1094; x_wconf 78' lang='grc' dir='ltr'><strong>καὶ</strong></span> <span class='ocrx_word' id='word_1_157' title='bbox 827 1067 960 1103; x_wconf 73' lang='grc' dir='ltr'>ἰατρικῆς,</span> 
     </span>
    </p>
   </div>
   <div class='ocr_carea' id='block_1_23' title="bbox 165 1112 958 1149">
    <p class='ocr_par' dir='ltr' id='par_1_23' title="bbox 165 1112 958 1149">
     <span class='ocr_line' id='line_1_23' title="bbox 165 1112 958 1149; baseline 0 -10"><span class='ocrx_word' id='word_1_158' title='bbox 165 1112 196 1140; x_wconf 72' lang='grc' dir='ltr'>ἐν</span> <span class='ocrx_word' id='word_1_159' title='bbox 217 1121 247 1139; x_wconf 89' lang='grc' dir='ltr'><strong>τε</strong></span> <span class='ocrx_word' id='word_1_160' title='bbox 269 1113 411 1149; x_wconf 78' lang='grc' dir='ltr'>μαθήμασι</span> <span class='ocrx_word' id='word_1_161' title='bbox 431 1114 476 1140; x_wconf 69' lang='grc' dir='ltr'><strong>καὶ</strong></span> <span class='ocrx_word' id='word_1_162' title='bbox 491 1114 547 1145; x_wconf 87' lang='grc' dir='ltr'>τοῖς</span> <span class='ocrx_word' id='word_1_163' title='bbox 564 1113 635 1140; x_wconf 77' lang='grc' dir='ltr'>κατὰ</span> <span class='ocrx_word' id='word_1_164' title='bbox 648 1115 742 1149; x_wconf 78' lang='grc' dir='ltr'>χεῖρας</span> <span class='ocrx_word' id='word_1_165' title='bbox 760 1114 958 1149; x_wconf 75' lang='grc' dir='ltr'>προστήσεται·</span> 
     </span>
    </p>
   </div>
   <div class='ocr_carea' id='block_1_24' title="bbox 166 1158 960 1194">
    <p class='ocr_par' dir='ltr' id='par_1_24' title="bbox 166 1158 960 1194">
     <span class='ocr_line' id='line_1_24' title="bbox 166 1158 960 1194; baseline -0.001 -8"><span class='ocrx_word' id='word_1_166' title='bbox 166 1160 215 1186; x_wconf 81' lang='grc' dir='ltr'>καὶ</span> <span class='ocrx_word' id='word_1_167' title='bbox 239 1159 314 1188; x_wconf 69' lang='grc' dir='ltr'>οὔπω</span> <span class='ocrx_word' id='word_1_168' title='bbox 329 1168 361 1194; x_wconf 82' lang='grc' dir='ltr'><strong>γε</strong></span> <span class='ocrx_word' id='word_1_169' title='bbox 382 1159 469 1191; x_wconf 78' lang='grc' dir='ltr'>οὐδεὶς</span> <span class='ocrx_word' id='word_1_170' title='bbox 495 1159 604 1186; x_wconf 82' lang='grc' dir='ltr'>πώποτε</span> <span class='ocrx_word' id='word_1_171' title='bbox 617 1160 727 1190; x_wconf 82' lang='grc' dir='ltr'>πλείους</span> <span class='ocrx_word' id='word_1_172' title='bbox 751 1160 779 1185; x_wconf 73' lang='grc' dir='ltr'>ἐν</span> <span class='ocrx_word' id='word_1_173' title='bbox 799 1159 838 1185; x_wconf 69' lang='grc' dir='ltr'>ἑνὶ</span> <span class='ocrx_word' id='word_1_174' title='bbox 854 1158 960 1194; x_wconf 79' lang='grc' dir='ltr'>σώματι</span> 
     </span>
    </p>
   </div>
   <div class='ocr_carea' id='block_1_25' title="bbox 166 1203 961 1242">
    <p class='ocr_par' dir='ltr' id='par_1_25' title="bbox 166 1203 961 1242">
     <span class='ocr_line' id='line_1_25' title="bbox 166 1203 961 1242; baseline -0.004 -9"><span class='ocrx_word' id='word_1_175' title='bbox 166 1206 256 1242; x_wconf 70' lang='grc' dir='ltr'>ψυχὰς</span> <span class='ocrx_word' id='word_1_176' title='bbox 269 1207 392 1242; x_wconf 77' lang='grc' dir='ltr'>ἡγήσατο</span> <span class='ocrx_word' id='word_1_177' title='bbox 406 1203 486 1236; x_wconf 76' lang='grc' dir='ltr'>εἶναι,</span> <span class='ocrx_word' id='word_1_178' title='bbox 502 1206 561 1232; x_wconf 68' lang='grc' dir='ltr'>οὐδὲ</span> <span class='ocrx_word' id='word_1_179' title='bbox 575 1205 674 1237; x_wconf 67' lang='grc' dir='ltr'>πολλὰς</span> <span class='ocrx_word' id='word_1_180' title='bbox 689 1205 843 1241; x_wconf 76' lang='grc' dir='ltr'>ἐθαύμασεν</span> <span class='ocrx_word' id='word_1_181' title='bbox 859 1204 961 1240; x_wconf 79' lang='grc' dir='ltr'>ἀνθρώ-</span> 
     </span>
    </p>
   </div>
   <div class='ocr_carea' id='block_1_26' title="bbox 165 1251 959 1287">
    <p class='ocr_par' dir='ltr' id='par_1_26' title="bbox 165 1251 959 1287">
     <span class='ocr_line' id='line_1_26' title="bbox 165 1251 959 1287; baseline -0.001 -9"><span class='ocrx_word' id='word_1_182' title='bbox 165 1261 218 1278; x_wconf 83' lang='grc' dir='ltr'><strong>που</strong></span> <span class='ocrx_word' id='word_1_183' title='bbox 235 1252 364 1287; x_wconf 79' lang='grc' dir='ltr'>δυνάμεις</span> <span class='ocrx_word' id='word_1_184' title='bbox 380 1251 422 1278; x_wconf 74' lang='grc' dir='ltr'><strong>διὰ</strong></span> <span class='ocrx_word' id='word_1_185' title='bbox 447 1251 495 1286; x_wconf 81' lang='grc' dir='ltr'><strong>τὴν</strong></span> <span class='ocrx_word' id='word_1_186' title='bbox 510 1251 565 1278; x_wconf 85' lang='grc' dir='ltr'><strong>τῶν</strong></span> <span class='ocrx_word' id='word_1_187' title='bbox 581 1251 685 1278; x_wconf 83' lang='grc' dir='ltr'>πολλῶν</span> <span class='ocrx_word' id='word_1_188' title='bbox 708 1251 877 1287; x_wconf 77' lang='grc' dir='ltr'>μαθημάτων</span> <span class='ocrx_word' id='word_1_189' title='bbox 893 1251 959 1277; x_wconf 84' lang='grc' dir='ltr'>ὑπο-</span> 
     </span>
    </p>
   </div>
   <div class='ocr_carea' id='block_1_27' title="bbox 165 1296 957 1335">
    <p class='ocr_par' dir='ltr' id='par_1_27' title="bbox 165 1296 957 1335">
     <span class='ocr_line' id='line_1_27' title="bbox 165 1296 957 1335; baseline -0.005 -9"><span class='ocrx_word' id='word_1_190' title='bbox 165 1300 258 1335; x_wconf 83' lang='grc' dir='ltr'>δοχήν.</span> <span class='ocrx_word' id='word_1_191' title='bbox 275 1300 306 1326; x_wconf 88' lang='grc' dir='ltr'><strong>Εἰ</strong></span> <span class='ocrx_word' id='word_1_192' title='bbox 331 1299 359 1326; x_wconf 79' lang='grc' dir='ltr'><strong>δὲ</strong></span> <span class='ocrx_word' id='word_1_193' title='bbox 381 1299 428 1325; x_wconf 68' lang='grc' dir='ltr'><strong>καὶ</strong></span> <span class='ocrx_word' id='word_1_194' title='bbox 453 1298 576 1334; x_wconf 72' lang='grc' dir='ltr'>ἄμορφον</span> <span class='ocrx_word' id='word_1_195' title='bbox 601 1298 666 1333; x_wconf 79' lang='grc' dir='ltr'>ὓλην</span> <span class='ocrx_word' id='word_1_196' title='bbox 690 1297 776 1333; x_wconf 83' lang='grc' dir='ltr'>πηλοῦ</span> <span class='ocrx_word' id='word_1_197' title='bbox 803 1306 843 1328; x_wconf 84' lang='grc' dir='ltr'><strong>τις</strong></span> <span class='ocrx_word' id='word_1_198' title='bbox 860 1296 957 1333; x_wconf 77' lang='grc' dir='ltr'>εὑρὼν,</span> 
     </span>
    </p>
   </div>
   <div class='ocr_carea' id='block_1_28' title="bbox 164 1344 957 1382">
    <p class='ocr_par' dir='ltr' id='par_1_28' title="bbox 164 1344 957 1382">
     <span class='ocr_line' id='line_1_28' title="bbox 164 1344 957 1382; baseline -0.006 -8"><span class='ocrx_word' id='word_1_199' title='bbox 164 1347 285 1374; x_wconf 74' lang='grc' dir='ltr'>κᾶπειτα</span> <span class='ocrx_word' id='word_1_200' title='bbox 308 1347 402 1382; x_wconf 82' lang='grc' dir='ltr'>χερσὶν</span> <span class='ocrx_word' id='word_1_201' title='bbox 423 1345 577 1377; x_wconf 76' lang='grc' dir='ltr'>ἁπολεάνας</span> <span class='ocrx_word' id='word_1_202' title='bbox 600 1345 727 1378; x_wconf 74' lang='grc' dir='ltr'>ἐπιθήσει</span> <span class='ocrx_word' id='word_1_203' title='bbox 748 1344 817 1376; x_wconf 80' lang='grc' dir='ltr'>ζώου</span> <span class='ocrx_word' id='word_1_204' title='bbox 840 1344 957 1380; x_wconf 76' lang='grc' dir='ltr'>μορφὴν,</span> 
     </span>
    </p>
   </div>
   <div class='ocr_carea' id='block_1_29' title="bbox 162 1391 959 1428">
    <p class='ocr_par' dir='ltr' id='par_1_29' title="bbox 162 1391 959 1428">
     <span class='ocr_line' id='line_1_29' title="bbox 162 1391 959 1428; baseline -0.003 -9"><span class='ocrx_word' id='word_1_205' title='bbox 162 1393 239 1428; x_wconf 74' lang='grc' dir='ltr'>ἄλλῳ</span> <span class='ocrx_word' id='word_1_206' title='bbox 262 1393 310 1428; x_wconf 80' lang='grc' dir='ltr'><strong>μὲν</strong></span> <span class='ocrx_word' id='word_1_207' title='bbox 330 1393 450 1428; x_wconf 80' lang='grc' dir='ltr'>σχήματι</span> <span class='ocrx_word' id='word_1_208' title='bbox 471 1392 592 1427; x_wconf 57' lang='grc' dir='ltr'>κεφαλὴν</span> <span class='ocrx_word' id='word_1_209' title='bbox 605 1413 611 1423; x_wconf 82' lang='grc'><strong>,</strong></span> <span class='ocrx_word' id='word_1_210' title='bbox 635 1394 730 1427; x_wconf 78' lang='grc' dir='ltr'>χεῖρας</span> <span class='ocrx_word' id='word_1_211' title='bbox 754 1391 783 1418; x_wconf 74' lang='grc' dir='ltr'><strong>δὲ</strong></span> <span class='ocrx_word' id='word_1_212' title='bbox 809 1391 856 1418; x_wconf 78' lang='grc' dir='ltr'><strong>καὶ</strong></span> <span class='ocrx_word' id='word_1_213' title='bbox 877 1391 959 1422; x_wconf 74' lang='grc' dir='ltr'>πόδας</span> 
     </span>
    </p>
   </div>
   <div class='ocr_carea' id='block_1_30' title="bbox 163 1439 959 1476">
    <p class='ocr_par' dir='ltr' id='par_1_30' title="bbox 163 1439 959 1476">
     <span class='ocr_line' id='line_1_30' title="bbox 163 1439 959 1476; baseline -0.004 -9"><span class='ocrx_word' id='word_1_214' title='bbox 163 1440 278 1476; x_wconf 70' lang='grc' dir='ltr'>ἑτέρως,</span> <span class='ocrx_word' id='word_1_215' title='bbox 302 1441 349 1467; x_wconf 72' lang='grc' dir='ltr'><strong>καὶ</strong></span> <span class='ocrx_word' id='word_1_216' title='bbox 368 1439 523 1475; x_wconf 70' lang='grc' dir='ltr'>ὀφθαλμοὺς</span> <span class='ocrx_word' id='word_1_217' title='bbox 546 1440 627 1466; x_wconf 76' lang='grc' dir='ltr'>πάλιν</span> <span class='ocrx_word' id='word_1_218' title='bbox 650 1439 746 1470; x_wconf 81' lang='grc' dir='ltr'>ἄλλως,</span> <span class='ocrx_word' id='word_1_219' title='bbox 772 1439 819 1465; x_wconf 74' lang='grc' dir='ltr'><strong>καὶ</strong></span> <span class='ocrx_word' id='word_1_220' title='bbox 842 1439 959 1474; x_wconf 72' lang='grc' dir='ltr'>παρειὰς</span> 
     </span>
    </p>
   </div>
   <div class='ocr_carea' id='block_1_31' title="bbox 162 1483 957 1520">
    <p class='ocr_par' dir='ltr' id='par_1_31' title="bbox 162 1483 957 1520">
     <span class='ocr_line' id='line_1_31' title="bbox 162 1483 957 1520; baseline -0.003 -8"><span class='ocrx_word' id='word_1_221' title='bbox 162 1486 307 1518; x_wconf 80' lang='grc' dir='ltr'>ὡσαύτως,</span> <span class='ocrx_word' id='word_1_222' title='bbox 327 1483 385 1512; x_wconf 79' lang='grc' dir='ltr'><strong>ὦτά</strong></span> <span class='ocrx_word' id='word_1_223' title='bbox 404 1494 433 1512; x_wconf 87' lang='grc' dir='ltr'><strong>τε</strong></span> <span class='ocrx_word' id='word_1_224' title='bbox 455 1486 501 1512; x_wconf 68' lang='grc' dir='ltr'>καὶ</span> <span class='ocrx_word' id='word_1_225' title='bbox 523 1485 619 1520; x_wconf 77' lang='grc' dir='ltr'>στόμα,</span> <span class='ocrx_word' id='word_1_226' title='bbox 638 1485 684 1511; x_wconf 77' lang='grc' dir='ltr'><strong>καὶ</strong></span> <span class='ocrx_word' id='word_1_227' title='bbox 709 1486 794 1520; x_wconf 76' lang='grc' dir='ltr'>ῥῖνας,</span> <span class='ocrx_word' id='word_1_228' title='bbox 817 1484 915 1520; x_wconf 80' lang='grc' dir='ltr'>στέρνα</span> <span class='ocrx_word' id='word_1_229' title='bbox 928 1493 957 1510; x_wconf 88' lang='grc' dir='ltr'><strong>τε</strong></span> 
     </span>
    </p>
   </div>
   <div class='ocr_carea' id='block_1_32' title="bbox 162 1529 956 1567">
    <p class='ocr_par' dir='ltr' id='par_1_32' title="bbox 162 1529 956 1567">
     <span class='ocr_line' id='line_1_32' title="bbox 162 1529 956 1567; baseline -0.003 -9"><span class='ocrx_word' id='word_1_230' title='bbox 162 1532 212 1558; x_wconf 73' lang='grc' dir='ltr'><strong>καὶ</strong></span> <span class='ocrx_word' id='word_1_231' title='bbox 225 1531 317 1567; x_wconf 77' lang='grc' dir='ltr'>ὤμους</span> <span class='ocrx_word' id='word_1_232' title='bbox 329 1531 578 1566; x_wconf 78' lang='grc' dir='ltr'>ὑποτυπωσάμενος</span> <span class='ocrx_word' id='word_1_233' title='bbox 589 1531 670 1566; x_wconf 76' lang='grc' dir='ltr'>τέχνῃ</span> <span class='ocrx_word' id='word_1_234' title='bbox 683 1532 715 1566; x_wconf 84' lang='grc' dir='ltr'>τῇ</span> <span class='ocrx_word' id='word_1_235' title='bbox 730 1531 878 1565; x_wconf 81' lang='grc' dir='ltr'>πλαστικῇ·</span> <span class='ocrx_word' id='word_1_236' title='bbox 893 1529 956 1565; x_wconf 81' lang='grc' dir='ltr'>ἆρα,</span> 
     </span>
    </p>
   </div>
   <div class='ocr_carea' id='block_1_33' title="bbox 162 1576 957 1613">
    <p class='ocr_par' dir='ltr' id='par_1_33' title="bbox 162 1576 957 1613">
     <span class='ocr_line' id='line_1_33' title="bbox 162 1576 957 1613; baseline -0.003 -9"><span class='ocrx_word' id='word_1_237' title='bbox 162 1577 227 1604; x_wconf 76' lang='grc' dir='ltr'>ἐπεὶ</span> <span class='ocrx_word' id='word_1_238' title='bbox 245 1577 332 1604; x_wconf 73' lang='grc' dir='ltr'>πολλὰ.</span> <span class='ocrx_word' id='word_1_239' title='bbox 346 1578 473 1613; x_wconf 85' lang='grc' dir='ltr'>σχήματα</span> <span class='ocrx_word' id='word_1_240' title='bbox 499 1578 545 1604; x_wconf 70' lang='grc' dir='ltr'><strong>καὶ</strong></span> <span class='ocrx_word' id='word_1_241' title='bbox 569 1577 637 1613; x_wconf 81' lang='grc' dir='ltr'>μέλη</span> <span class='ocrx_word' id='word_1_242' title='bbox 656 1578 703 1604; x_wconf 81' lang='grc' dir='ltr'>καὶ</span> <span class='ocrx_word' id='word_1_243' title='bbox 720 1577 789 1613; x_wconf 77' lang='grc' dir='ltr'>μέρη</span> <span class='ocrx_word' id='word_1_244' title='bbox 804 1577 828 1603; x_wconf 84' lang='grc' dir='ltr'><strong>ὑ·</strong></span> <span class='ocrx_word' id='word_1_245' title='bbox 851 1577 890 1603; x_wconf 73' lang='grc' dir='ltr'><strong>ἑνὶ</strong></span> <span class='ocrx_word' id='word_1_246' title='bbox 904 1576 957 1602; x_wconf 82' lang='grc' dir='ltr'><strong>σώ-</strong></span> 
     </span>
    </p>
   </div>
   <div class='ocr_carea' id='block_1_34' title="bbox 165 1623 993 1660">
    <p class='ocr_par' dir='ltr' id='par_1_34' title="bbox 165 1623 993 1660">
     <span class='ocr_line' id='line_1_34' title="bbox 165 1623 993 1660; baseline -0.002 -10"><span class='ocrx_word' id='word_1_247' title='bbox 165 1632 232 1659; x_wconf 55' lang='grc' dir='ltr'>μτατι</span> <span class='ocrx_word' id='word_1_248' title='bbox 249 1624 487 1660; x_wconf 79' lang='grc' dir='ltr'>δεδημιούργηται,</span> <span class='ocrx_word' id='word_1_249' title='bbox 509 1624 652 1655; x_wconf 76' lang='grc' dir='ltr'>τοσούτους</span> <span class='ocrx_word' id='word_1_250' title='bbox 668 1623 720 1659; x_wconf 79' lang='grc' dir='ltr'>χρὴ</span> <span class='ocrx_word' id='word_1_251' title='bbox 735 1624 782 1650; x_wconf 77' lang='grc' dir='ltr'>καὶ</span> <span class='ocrx_word' id='word_1_252' title='bbox 803 1623 866 1655; x_wconf 82' lang='grc' dir='ltr'>τοὺς</span> <span class='ocrx_word' id='word_1_253' title='bbox 880 1631 957 1657; x_wconf 83' lang='grc' dir='ltr'>ποιη-</span> <span class='ocrx_word' id='word_1_254' title='bbox 973 1631 993 1660; x_wconf 71' lang='grc' dir='ltr'><strong>ρ</strong></span> 
     </span>
    </p>
   </div>
   <div class='ocr_carea' id='block_1_35' title="bbox 162 1669 959 1706">
    <p class='ocr_par' dir='ltr' id='par_1_35' title="bbox 162 1669 959 1706">
     <span class='ocr_line' id='line_1_35' title="bbox 162 1669 959 1706; baseline 0.001 -11"><span class='ocrx_word' id='word_1_255' title='bbox 162 1669 214 1701; x_wconf 77' lang='grc' dir='ltr'>τὰς</span> <span class='ocrx_word' id='word_1_256' title='bbox 223 1670 349 1706; x_wconf 76' lang='grc' dir='ltr'>ἡγεῖσθαι</span> <span class='ocrx_word' id='word_1_257' title='bbox 361 1679 368 1702; x_wconf 85' lang='grc'>;</span> <span class='ocrx_word' id='word_1_258' title='bbox 379 1671 395 1706; x_wconf 83' lang='grc' dir='ltr'>ἢ</span> <span class='ocrx_word' id='word_1_259' title='bbox 407 1670 453 1697; x_wconf 80' lang='grc' dir='ltr'><strong>τὸν</strong></span> <span class='ocrx_word' id='word_1_260' title='bbox 462 1670 509 1697; x_wconf 84' lang='grc' dir='ltr'><strong>τοῦ</strong></span> <span class='ocrx_word' id='word_1_261' title='bbox 521 1670 621 1702; x_wconf 70' lang='grc' dir='ltr'>παντὸς</span> <span class='ocrx_word' id='word_1_262' title='bbox 631 1670 736 1705; x_wconf 82' lang='grc' dir='ltr'>ἀθρόως</span> <span class='ocrx_word' id='word_1_263' title='bbox 746 1669 870 1705; x_wconf 78' lang='grc' dir='ltr'>τεχνίτην</span> <span class='ocrx_word' id='word_1_264' title='bbox 880 1670 959 1696; x_wconf 79' lang='grc' dir='ltr'>ἐπαι-</span> 
     </span>
    </p>
   </div>
   <div class='ocr_carea' id='block_1_36' title="bbox 163 1715 960 1752">
    <p class='ocr_par' dir='ltr' id='par_1_36' title="bbox 163 1715 960 1752">
     <span class='ocr_line' id='line_1_36' title="bbox 163 1715 960 1752; baseline 0 -11"><span class='ocrx_word' id='word_1_265' title='bbox 163 1715 222 1742; x_wconf 77' lang='grc' dir='ltr'>νεῖν</span> <span class='ocrx_word' id='word_1_266' title='bbox 243 1716 283 1742; x_wconf 81' lang='grc' dir='ltr'>ἐνὶ</span> <span class='ocrx_word' id='word_1_267' title='bbox 300 1716 422 1752; x_wconf 76' lang='grc' dir='ltr'>λογισμῷ</span> <span class='ocrx_word' id='word_1_268' title='bbox 438 1717 484 1743; x_wconf 79' lang='grc' dir='ltr'><strong>καὶ</strong></span> <span class='ocrx_word' id='word_1_269' title='bbox 503 1717 551 1752; x_wconf 74' lang='grc' dir='ltr'>μιᾷ</span> <span class='ocrx_word' id='word_1_270' title='bbox 568 1716 682 1752; x_wconf 75' lang='grc' dir='ltr'>δυνάμει</span> <span class='ocrx_word' id='word_1_271' title='bbox 705 1716 735 1742; x_wconf 81' lang='grc' dir='ltr'><strong>τὸ</strong></span> <span class='ocrx_word' id='word_1_272' title='bbox 757 1717 810 1742; x_wconf 71' lang='grc' dir='ltr'>πᾶν</span> <span class='ocrx_word' id='word_1_273' title='bbox 830 1716 960 1751; x_wconf 79' lang='grc' dir='ltr'>τεκτηνά-</span> 
     </span>
    </p>
   </div>
   <div class='ocr_carea' id='block_1_37' title="bbox 165 1762 958 1798">
    <p class='ocr_par' dir='ltr' id='par_1_37' title="bbox 165 1762 958 1798">
     <span class='ocr_line' id='line_1_37' title="bbox 165 1762 958 1798; baseline -0.003 -9"><span class='ocrx_word' id='word_1_274' title='bbox 165 1770 263 1797; x_wconf 58' lang='lat' dir='ltr'><strong>psunt;</strong></span> <span class='ocrx_word' id='word_1_275' title='bbox 280 1762 312 1788; x_wconf 84' lang='grc' dir='ltr'><strong>Τί</strong></span> <span class='ocrx_word' id='word_1_276' title='bbox 327 1763 395 1798; x_wconf 83' lang='grc' dir='ltr'>δῆτα</span> <span class='ocrx_word' id='word_1_277' title='bbox 418 1763 561 1798; x_wconf 81' lang='grc' dir='ltr'>τοιγαροῦν</span> <span class='ocrx_word' id='word_1_278' title='bbox 579 1763 625 1789; x_wconf 72' lang='grc' dir='ltr'>ἐπὶ</span> <span class='ocrx_word' id='word_1_279' title='bbox 642 1762 688 1788; x_wconf 86' lang='grc' dir='ltr'><strong>τοῦ</strong></span> <span class='ocrx_word' id='word_1_280' title='bbox 704 1762 815 1794; x_wconf 71' lang='grc' dir='ltr'>παντὸς,</span> <span class='ocrx_word' id='word_1_281' title='bbox 836 1762 894 1793; x_wconf 72' lang='grc' dir='ltr'>ἐνὸς</span> <span class='ocrx_word' id='word_1_282' title='bbox 910 1762 958 1797; x_wconf 76' lang='grc' dir='ltr'><strong>μὲν</strong></span> 
     </span>
    </p>
   </div>
   <div class='ocr_carea' id='block_1_38' title="bbox 161 1808 958 1844">
    <p class='ocr_par' dir='ltr' id='par_1_38' title="bbox 161 1808 958 1844">
     <span class='ocr_line' id='line_1_38' title="bbox 161 1808 958 1844; baseline 0 -10"><span class='ocrx_word' id='word_1_283' title='bbox 161 1808 251 1840; x_wconf 72' lang='grc' dir='ltr'>ὄντος,</span> <span class='ocrx_word' id='word_1_284' title='bbox 264 1809 296 1835; x_wconf 70' lang='grc' dir='ltr'>ἐκ</span> <span class='ocrx_word' id='word_1_285' title='bbox 308 1809 399 1844; x_wconf 81' lang='grc' dir='ltr'>μερῶν</span> <span class='ocrx_word' id='word_1_286' title='bbox 410 1809 438 1836; x_wconf 72' lang='grc' dir='ltr'><strong>δὲ</strong></span> <span class='ocrx_word' id='word_1_287' title='bbox 453 1809 586 1836; x_wconf 72' lang='grc' dir='ltr'>πλείστων</span> <span class='ocrx_word' id='word_1_288' title='bbox 600 1808 764 1844; x_wconf 73' lang='grc' dir='ltr'>ὑφεστῶτος,</span> <span class='ocrx_word' id='word_1_289' title='bbox 776 1808 875 1840; x_wconf 77' lang='grc' dir='ltr'>πολλὰς</span> <span class='ocrx_word' id='word_1_290' title='bbox 888 1808 958 1843; x_wconf 79' lang='grc' dir='ltr'>χρῆν</span> 
     </span>
    </p>
   </div>
   <div class='ocr_carea' id='block_1_39' title="bbox 162 1854 957 1891">
    <p class='ocr_par' dir='ltr' id='par_1_39' title="bbox 162 1854 957 1891">
     <span class='ocr_line' id='line_1_39' title="bbox 162 1854 957 1891; baseline -0.004 -9"><span class='ocrx_word' id='word_1_291' title='bbox 162 1854 340 1882; x_wconf 82' lang='grc' dir='ltr'>ὑποτίθεσθαι</span> <span class='ocrx_word' id='word_1_292' title='bbox 351 1855 549 1891; x_wconf 74' lang='grc' dir='ltr'>δημιουργικὰς</span> <span class='ocrx_word' id='word_1_293' title='bbox 563 1855 702 1890; x_wconf 71' lang='grc' dir='ltr'>δυνάμεις,</span> <span class='ocrx_word' id='word_1_294' title='bbox 718 1855 765 1881; x_wconf 69' lang='grc' dir='ltr'>καὶ</span> <span class='ocrx_word' id='word_1_295' title='bbox 777 1854 890 1885; x_wconf 66' lang='grc' dir='ltr'>πολλοὺς</span> <span class='ocrx_word' id='word_1_296' title='bbox 903 1854 957 1880; x_wconf 77' lang='grc' dir='ltr'>ὀνο-</span> 
     </span>
    </p>
   </div>
   <div class='ocr_carea' id='block_1_40' title="bbox 163 1899 957 1937">
    <p class='ocr_par' dir='ltr' id='par_1_40' title="bbox 163 1899 957 1937">
     <span class='ocr_line' id='line_1_40' title="bbox 163 1899 957 1937; baseline -0.003 -10"><span class='ocrx_word' id='word_1_297' title='bbox 163 1901 262 1937; x_wconf 77' lang='grc' dir='ltr'>μάζειν</span> <span class='ocrx_word' id='word_1_298' title='bbox 279 1900 366 1933; x_wconf 80' lang='grc' dir='ltr'>Θεοὺς,</span> <span class='ocrx_word' id='word_1_299' title='bbox 383 1902 444 1936; x_wconf 71' lang='grc' dir='ltr'>οὐχὶ</span> <span class='ocrx_word' id='word_1_300' title='bbox 457 1902 485 1928; x_wconf 82' lang='grc' dir='ltr'><strong>δὲ</strong></span> <span class='ocrx_word' id='word_1_301' title='bbox 506 1901 568 1936; x_wconf 76' lang='grc' dir='ltr'>μίαν</span> <span class='ocrx_word' id='word_1_302' title='bbox 582 1901 722 1936; x_wconf 71' lang='grc' dir='ltr'>ὁμολογεῖν</span> <span class='ocrx_word' id='word_1_303' title='bbox 738 1900 786 1935; x_wconf 83' lang='grc' dir='ltr'><strong>τὴν</strong></span> <span class='ocrx_word' id='word_1_304' title='bbox 797 1900 834 1931; x_wconf 80' lang='grc' dir='ltr'>ὡς</span> <span class='ocrx_word' id='word_1_305' title='bbox 849 1899 957 1935; x_wconf 83' lang='grc' dir='ltr'>ἀληθῶς</span> 
     </span>
    </p>
   </div>
   <div class='ocr_carea' id='block_1_41' title="bbox 161 1946 955 1982">
    <p class='ocr_par' dir='ltr' id='par_1_41' title="bbox 161 1946 955 1982">
     <span class='ocr_line' id='line_1_41' title="bbox 161 1946 955 1982; baseline -0.003 -8"><span class='ocrx_word' id='word_1_306' title='bbox 161 1947 231 1974; x_wconf 73' lang='grc' dir='ltr'>θεοῦ</span> <span class='ocrx_word' id='word_1_307' title='bbox 257 1948 372 1982; x_wconf 78' lang='grc' dir='ltr'>δύναμιν</span> <span class='ocrx_word' id='word_1_308' title='bbox 397 1948 444 1974; x_wconf 75' lang='grc' dir='ltr'><strong>καὶ</strong></span> <span class='ocrx_word' id='word_1_309' title='bbox 473 1948 539 1974; x_wconf 81' lang='grc' dir='ltr'>Θεοῦ</span> <span class='ocrx_word' id='word_1_310' title='bbox 568 1947 673 1982; x_wconf 66' lang='grc' dir='ltr'>σοφίαν,</span> <span class='ocrx_word' id='word_1_311' title='bbox 693 1947 741 1982; x_wconf 82' lang='grc' dir='ltr'>μιᾷ</span> <span class='ocrx_word' id='word_1_312' title='bbox 768 1946 881 1981; x_wconf 76' lang='grc' dir='ltr'>δυνάμει</span> <span class='ocrx_word' id='word_1_313' title='bbox 909 1946 955 1972; x_wconf 72' lang='grc' dir='ltr'><strong>καὶ</strong></span> 
     </span>
    </p>
   </div>
   <div class='ocr_carea' id='block_1_42' title="bbox 159 1990 955 2029">
    <p class='ocr_par' dir='ltr' id='par_1_42' title="bbox 159 1990 955 2029">
     <span class='ocr_line' id='line_1_42' title="bbox 159 1990 955 2029; baseline -0.003 -9"><span class='ocrx_word' id='word_1_314' title='bbox 159 1993 248 2029; x_wconf 77' lang='grc' dir='ltr'>ἀρετῇ</span> <span class='ocrx_word' id='word_1_315' title='bbox 267 1994 316 2029; x_wconf 78' lang='grc' dir='ltr'>μιᾷ</span> <span class='ocrx_word' id='word_1_316' title='bbox 333 1994 401 2029; x_wconf 82' lang='grc' dir='ltr'>ὁμοῦ</span> <span class='ocrx_word' id='word_1_317' title='bbox 417 1993 450 2020; x_wconf 85' lang='grc' dir='ltr'>τὰ</span> <span class='ocrx_word' id='word_1_318' title='bbox 464 1994 551 2020; x_wconf 84' lang='grc' dir='ltr'>πάντα</span> <span class='ocrx_word' id='word_1_319' title='bbox 564 1993 750 2028; x_wconf 66' lang='grc' dir='ltr'>ὑφισταμένην</span> <span class='ocrx_word' id='word_1_320' title='bbox 764 2001 792 2019; x_wconf 87' lang='grc' dir='ltr'><strong>τε</strong></span> <span class='ocrx_word' id='word_1_321' title='bbox 806 1992 853 2019; x_wconf 78' lang='grc' dir='ltr'><strong>καὶ</strong></span> <span class='ocrx_word' id='word_1_322' title='bbox 872 1990 955 2023; x_wconf 79' lang='grc' dir='ltr'>ζωοῦ-</span> 
     </span>
    </p>
   </div>
   <div class='ocr_carea' id='block_1_43' title="bbox 162 2039 953 2075">
    <p class='ocr_par' dir='ltr' id='par_1_43' title="bbox 162 2039 953 2075">
     <span class='ocr_line' id='line_1_43' title="bbox 162 2039 953 2075; baseline -0.005 -8"><span class='ocrx_word' id='word_1_323' title='bbox 162 2048 225 2073; x_wconf 86' lang='grc' dir='ltr'>σαν,</span> <span class='ocrx_word' id='word_1_324' title='bbox 241 2041 289 2067; x_wconf 76' lang='grc' dir='ltr'>καὶ</span> <span class='ocrx_word' id='word_1_325' title='bbox 308 2042 364 2072; x_wconf 83' lang='grc' dir='ltr'>τοῖς</span> <span class='ocrx_word' id='word_1_326' title='bbox 384 2041 449 2067; x_wconf 80' lang='grc' dir='ltr'>πᾶσι</span> <span class='ocrx_word' id='word_1_327' title='bbox 470 2040 594 2075; x_wconf 80' lang='grc' dir='ltr'>ποικίλην</span> <span class='ocrx_word' id='word_1_328' title='bbox 609 2040 657 2075; x_wconf 77' lang='grc' dir='ltr'>τὴν</span> <span class='ocrx_word' id='word_1_329' title='bbox 680 2039 709 2071; x_wconf 79' lang='grc' dir='ltr'><strong>ἐξ</strong></span> <span class='ocrx_word' id='word_1_330' title='bbox 723 2040 807 2074; x_wconf 76' lang='grc' dir='ltr'>αὐτῆς</span> <span class='ocrx_word' id='word_1_331' title='bbox 823 2039 953 2072; x_wconf 75' lang='grc' dir='ltr'>ἐπιχορη-</span> 
     </span>
    </p>
   </div>
   <div class='ocr_carea' id='block_1_44' title="bbox 159 2083 952 2121">
    <p class='ocr_par' dir='ltr' id='par_1_44' title="bbox 159 2083 952 2121">
     <span class='ocr_line' id='line_1_44' title="bbox 159 2083 952 2121; baseline -0.005 -9"><span class='ocrx_word' id='word_1_332' title='bbox 159 2085 226 2120; x_wconf 81' lang='grc' dir='ltr'>γίαν</span> <span class='ocrx_word' id='word_1_333' title='bbox 246 2085 410 2121; x_wconf 76' lang='grc' dir='ltr'>ποιουμένην</span> <span class='ocrx_word' id='word_1_334' title='bbox 422 2094 429 2118; x_wconf 84' lang='grc'>;</span> <span class='ocrx_word' id='word_1_335' title='bbox 443 2085 520 2111; x_wconf 73' lang='grc' dir='ltr'>Οὕτω</span> <span class='ocrx_word' id='word_1_336' title='bbox 542 2086 589 2111; x_wconf 82' lang='grc' dir='ltr'><strong>καὶ</strong></span> <span class='ocrx_word' id='word_1_337' title='bbox 616 2084 703 2119; x_wconf 70' lang='grc' dir='ltr'>φωτὸς</span> <span class='ocrx_word' id='word_1_338' title='bbox 720 2084 793 2119; x_wconf 80' lang='grc' dir='ltr'>ἡλίου</span> <span class='ocrx_word' id='word_1_339' title='bbox 812 2084 861 2119; x_wconf 80' lang='grc' dir='ltr'><strong>μία</strong></span> <span class='ocrx_word' id='word_1_340' title='bbox 876 2083 952 2117; x_wconf 80' lang='grc' dir='ltr'>καὶὴ</span> 
     </span>
    </p>
   </div>
   <div class='ocr_carea' id='block_1_45' title="bbox 159 2128 952 2167">
    <p class='ocr_par' dir='ltr' id='par_1_45' title="bbox 159 2128 952 2167">
     <span class='ocr_line' id='line_1_45' title="bbox 159 2128 952 2167; baseline -0.003 -10"><span class='ocrx_word' id='word_1_341' title='bbox 159 2131 232 2167; x_wconf 82' lang='grc' dir='ltr'>αὐτὴ</span> <span class='ocrx_word' id='word_1_342' title='bbox 255 2131 390 2167; x_wconf 78' lang='grc' dir='ltr'>προσϐολὴ</span> <span class='ocrx_word' id='word_1_343' title='bbox 414 2131 482 2167; x_wconf 74' lang='grc' dir='ltr'>ὁμοῦ</span> <span class='ocrx_word' id='word_1_344' title='bbox 502 2131 549 2157; x_wconf 82' lang='grc' dir='ltr'>καὶ</span> <span class='ocrx_word' id='word_1_345' title='bbox 570 2131 640 2158; x_wconf 75' lang='grc' dir='ltr'>κατὰ</span> <span class='ocrx_word' id='word_1_346' title='bbox 655 2131 685 2157; x_wconf 74' lang='grc' dir='ltr'>τὸ</span> <span class='ocrx_word' id='word_1_347' title='bbox 699 2131 764 2157; x_wconf 71' lang='grc' dir='ltr'>αὐτὸ</span> <span class='ocrx_word' id='word_1_348' title='bbox 786 2128 952 2163; x_wconf 78' lang='grc' dir='ltr'>καταυγάζει</span> 
     </span>
    </p>
   </div>
   <div class='ocr_carea' id='block_1_46' title="bbox 162 2175 950 2213">
    <p class='ocr_par' dir='ltr' id='par_1_46' title="bbox 162 2175 950 2213">
     <span class='ocr_line' id='line_1_46' title="bbox 162 2175 950 2213; baseline -0.004 -10"><span class='ocrx_word' id='word_1_349' title='bbox 162 2177 214 2213; x_wconf 79' lang='grc' dir='ltr'>μὲν</span> <span class='ocrx_word' id='word_1_350' title='bbox 225 2177 306 2213; x_wconf 77' lang='grc' dir='ltr'>ἀέρα,</span> <span class='ocrx_word' id='word_1_351' title='bbox 322 2177 432 2211; x_wconf 64' lang='grc' dir='ltr'>φωτίζει</span> <span class='ocrx_word' id='word_1_352' title='bbox 447 2177 475 2203; x_wconf 79' lang='grc' dir='ltr'><strong>δὲ</strong></span> <span class='ocrx_word' id='word_1_353' title='bbox 489 2177 653 2212; x_wconf 69' lang='grc' dir='ltr'>ὀφθαλμοὺς,</span> <span class='ocrx_word' id='word_1_354' title='bbox 668 2176 738 2211; x_wconf 62' lang='grc' dir='ltr'>ἁφὴν</span> <span class='ocrx_word' id='word_1_355' title='bbox 752 2175 779 2202; x_wconf 78' lang='grc' dir='ltr'><strong>δὲ</strong></span> <span class='ocrx_word' id='word_1_356' title='bbox 801 2175 950 2210; x_wconf 81' lang='grc' dir='ltr'>θερμαίνει,</span> 
     </span>
    </p>
   </div>
   <div class='ocr_carea' id='block_1_47' title="bbox 160 2220 951 2257">
    <p class='ocr_par' dir='ltr' id='par_1_47' title="bbox 160 2220 951 2257">
     <span class='ocr_line' id='line_1_47' title="bbox 160 2220 951 2257; baseline -0.004 -9"><span class='ocrx_word' id='word_1_357' title='bbox 160 2221 265 2248; x_wconf 76' lang='grc' dir='ltr'>πιαίνει</span> <span class='ocrx_word' id='word_1_358' title='bbox 278 2221 307 2248; x_wconf 82' lang='grc' dir='ltr'>δὲ</span> <span class='ocrx_word' id='word_1_359' title='bbox 319 2222 380 2257; x_wconf 79' lang='grc' dir='ltr'>γῆν,</span> <span class='ocrx_word' id='word_1_360' title='bbox 390 2221 465 2255; x_wconf 75' lang='grc' dir='ltr'>αὔξει</span> <span class='ocrx_word' id='word_1_361' title='bbox 481 2222 561 2256; x_wconf 77' lang='grc' dir='ltr'>φυτὰ,</span> <span class='ocrx_word' id='word_1_362' title='bbox 572 2221 666 2257; x_wconf 76' lang='grc' dir='ltr'>χρόνον</span> <span class='ocrx_word' id='word_1_363' title='bbox 680 2221 833 2256; x_wconf 64' lang='grc' dir='ltr'>ὑφίστησιν,</span> <span class='ocrx_word' id='word_1_364' title='bbox 846 2220 951 2255; x_wconf 79' lang='grc' dir='ltr'>ἄστρων</span> 
     </span>
    </p>
   </div>
   <div class='ocr_carea' id='block_1_48' title="bbox 160 2265 949 2303">
    <p class='ocr_par' dir='ltr' id='par_1_48' title="bbox 160 2265 949 2303">
     <span class='ocr_line' id='line_1_48' title="bbox 160 2265 949 2303; baseline -0.004 -9"><span class='ocrx_word' id='word_1_365' title='bbox 160 2267 282 2303; x_wconf 72' lang='grc' dir='ltr'>ἡγεῖται,</span> <span class='ocrx_word' id='word_1_366' title='bbox 296 2267 409 2303; x_wconf 76' lang='grc' dir='ltr'>οὐρανὸν</span> <span class='ocrx_word' id='word_1_367' title='bbox 432 2267 582 2303; x_wconf 83' lang='grc' dir='ltr'>περιπολεῖ,</span> <span class='ocrx_word' id='word_1_368' title='bbox 601 2267 702 2302; x_wconf 78' lang='grc' dir='ltr'>κόσμον</span> <span class='ocrx_word' id='word_1_369' title='bbox 720 2265 868 2301; x_wconf 67' lang='grc' dir='ltr'>φαιδρύνει,</span> <span class='ocrx_word' id='word_1_370' title='bbox 883 2265 949 2292; x_wconf 87' lang='grc' dir='ltr'>Θεοῦ</span> 
     </span>
    </p>
   </div>
   <div class='ocr_carea' id='block_1_49' title="bbox 161 2311 990 2350">
    <p class='ocr_par' dir='ltr' id='par_1_49' title="bbox 161 2311 990 2350">
     <span class='ocr_line' id='line_1_49' title="bbox 161 2311 990 2350; baseline -0.002 -10"><span class='ocrx_word' id='word_1_371' title='bbox 161 2313 277 2349; x_wconf 76' lang='grc' dir='ltr'>δύναμιν</span> <span class='ocrx_word' id='word_1_372' title='bbox 298 2314 398 2350; x_wconf 79' lang='grc' dir='ltr'>ἐναργῆ</span> <span class='ocrx_word' id='word_1_373' title='bbox 415 2314 464 2349; x_wconf 81' lang='grc' dir='ltr'><strong>τὴν</strong></span> <span class='ocrx_word' id='word_1_374' title='bbox 487 2314 515 2339; x_wconf 82' lang='grc' dir='ltr'><strong>ἐν</strong></span> <span class='ocrx_word' id='word_1_375' title='bbox 534 2313 571 2349; x_wconf 77' lang='grc' dir='ltr'><strong>τῷ</strong></span> <span class='ocrx_word' id='word_1_376' title='bbox 589 2313 669 2340; x_wconf 77' lang='grc' dir='ltr'>παντὶ</span> <span class='ocrx_word' id='word_1_377' title='bbox 690 2313 828 2348; x_wconf 79' lang='grc' dir='ltr'>συνίστησι</span> <span class='ocrx_word' id='word_1_378' title='bbox 840 2321 846 2327; x_wconf 88' lang='grc'>·</span> <span class='ocrx_word' id='word_1_379' title='bbox 864 2312 951 2338; x_wconf 79' lang='grc' dir='ltr'>πάντα</span> <span class='ocrx_word' id='word_1_380' title='bbox 967 2311 990 2339; x_wconf 89' lang='lat' dir='ltr'><strong>D</strong></span> 
     </span>
    </p>
   </div>
   <div class='ocr_carea' id='block_1_50' title="bbox 159 2358 954 2396">
    <p class='ocr_par' dir='ltr' id='par_1_50' title="bbox 159 2358 954 2396">
     <span class='ocr_line' id='line_1_50' title="bbox 159 2358 954 2396; baseline -0.004 -9"><span class='ocrx_word' id='word_1_381' title='bbox 159 2369 192 2387; x_wconf 76' lang='grc' dir='ltr'><strong>τι</strong></span> <span class='ocrx_word' id='word_1_382' title='bbox 215 2359 303 2387; x_wconf 84' lang='grc' dir='ltr'>ταῦτα</span> <span class='ocrx_word' id='word_1_383' title='bbox 331 2361 380 2396; x_wconf 84' lang='grc' dir='ltr'>μιᾷ</span> <span class='ocrx_word' id='word_1_384' title='bbox 405 2361 475 2396; x_wconf 76' lang='grc' dir='ltr'>ῥοπῇ</span> <span class='ocrx_word' id='word_1_385' title='bbox 503 2361 608 2395; x_wconf 74' lang='grc' dir='ltr'>φύσεως</span> <span class='ocrx_word' id='word_1_386' title='bbox 636 2359 764 2386; x_wconf 85' lang='grc' dir='ltr'>συντελεῖ.</span> <span class='ocrx_word' id='word_1_387' title='bbox 792 2359 846 2385; x_wconf 79' lang='grc' dir='ltr'><strong>Καὶ</strong></span> <span class='ocrx_word' id='word_1_388' title='bbox 869 2358 954 2393; x_wconf 73' lang='grc' dir='ltr'>πυρὸς</span> 
     </span>
    </p>
   </div>
   <div class='ocr_carea' id='block_1_51' title="bbox 161 2404 955 2443">
    <p class='ocr_par' dir='ltr' id='par_1_51' title="bbox 161 2404 955 2443">
     <span class='ocr_line' id='line_1_51' title="bbox 161 2404 955 2443; baseline -0.005 -10"><span class='ocrx_word' id='word_1_389' title='bbox 161 2406 244 2443; x_wconf 81' lang='grc' dir='ltr'>φύσις</span> <span class='ocrx_word' id='word_1_390' title='bbox 259 2406 360 2442; x_wconf 82' lang='grc' dir='ltr'>χρυσὸν</span> <span class='ocrx_word' id='word_1_391' title='bbox 384 2406 433 2441; x_wconf 80' lang='grc' dir='ltr'><strong>μὲν</strong></span> <span class='ocrx_word' id='word_1_392' title='bbox 449 2405 585 2441; x_wconf 84' lang='grc' dir='ltr'>καθαίρει,</span> <span class='ocrx_word' id='word_1_393' title='bbox 606 2404 733 2440; x_wconf 74' lang='grc' dir='ltr'>μόλυϐδον</span> <span class='ocrx_word' id='word_1_394' title='bbox 750 2404 777 2430; x_wconf 76' lang='grc' dir='ltr'>δὲ</span> <span class='ocrx_word' id='word_1_395' title='bbox 797 2404 875 2439; x_wconf 81' lang='grc' dir='ltr'>τήκει</span> <span class='ocrx_word' id='word_1_396' title='bbox 887 2412 893 2418; x_wconf 92' lang='grc'>·</span> <span class='ocrx_word' id='word_1_397' title='bbox 909 2404 955 2430; x_wconf 73' lang='grc' dir='ltr'><strong>καὶ</strong></span> 
     </span>
    </p>
   </div>
   <div class='ocr_carea' id='block_1_52' title="bbox 163 2449 977 2489">
    <p class='ocr_par' dir='ltr' id='par_1_52' title="bbox 163 2449 977 2489">
     <span class='ocr_line' id='line_1_52' title="bbox 163 2449 977 2489; baseline -0.009 -8"><span class='ocrx_word' id='word_1_398' title='bbox 163 2453 251 2489; x_wconf 80' lang='grc' dir='ltr'>κηρὸν</span> <span class='ocrx_word' id='word_1_399' title='bbox 275 2453 324 2489; x_wconf 77' lang='grc' dir='ltr'><strong>μὲν</strong></span> <span class='ocrx_word' id='word_1_400' title='bbox 340 2452 409 2484; x_wconf 83' lang='grc' dir='ltr'>λύει,</span> <span class='ocrx_word' id='word_1_401' title='bbox 428 2452 513 2487; x_wconf 80' lang='grc' dir='ltr'>πηλὸν</span> <span class='ocrx_word' id='word_1_402' title='bbox 527 2451 554 2478; x_wconf 82' lang='grc' dir='ltr'><strong>δὲ</strong></span> <span class='ocrx_word' id='word_1_403' title='bbox 572 2451 705 2487; x_wconf 78' lang='grc' dir='ltr'>ξηραίνει,</span> <span class='ocrx_word' id='word_1_404' title='bbox 721 2450 786 2485; x_wconf 80' lang='grc' dir='ltr'>ὕλην</span> <span class='ocrx_word' id='word_1_405' title='bbox 800 2449 828 2476; x_wconf 76' lang='grc' dir='ltr'><strong>δὲ</strong></span> <span class='ocrx_word' id='word_1_406' title='bbox 845 2449 954 2485; x_wconf 77' lang='grc' dir='ltr'>φρύγει,</span> <span class='ocrx_word' id='word_1_407' title='bbox 975 2464 977 2468; x_wconf 60' lang='grc' dir='ltr'>ν</span> 
     </span>
    </p>
   </div>
   <div class='ocr_carea' id='block_1_53' title="bbox 163 2495 955 2535">
    <p class='ocr_par' dir='ltr' id='par_1_53' title="bbox 163 2495 955 2535">
     <span class='ocr_line' id='line_1_53' title="bbox 163 2495 955 2535; baseline -0.008 -9"><span class='ocrx_word' id='word_1_408' title='bbox 163 2499 214 2535; x_wconf 75' lang='grc' dir='ltr'>μιᾷ</span> <span class='ocrx_word' id='word_1_409' title='bbox 233 2500 268 2535; x_wconf 78' lang='grc' dir='ltr'>τῇ</span> <span class='ocrx_word' id='word_1_410' title='bbox 291 2500 424 2534; x_wconf 82' lang='grc' dir='ltr'>καυστικῇ</span> <span class='ocrx_word' id='word_1_411' title='bbox 451 2498 564 2533; x_wconf 77' lang='grc' dir='ltr'>δυνάμει</span> <span class='ocrx_word' id='word_1_412' title='bbox 589 2497 622 2523; x_wconf 73' lang='grc' dir='ltr'>τὰ</span> <span class='ocrx_word' id='word_1_413' title='bbox 646 2496 765 2523; x_wconf 79' lang='grc' dir='ltr'>τοσαῦτα</span> <span class='ocrx_word' id='word_1_414' title='bbox 789 2495 955 2531; x_wconf 77' lang='grc' dir='ltr'>κατεργαζο-</span> 
     </span>
    </p>
   </div>
   <div class='ocr_carea' id='block_1_54' title="bbox 162 2540 955 2582">
    <p class='ocr_par' dir='ltr' id='par_1_54' title="bbox 162 2540 955 2582">
     <span class='ocr_line' id='line_1_54' title="bbox 162 2540 955 2582; baseline -0.01 -9"><span class='ocrx_word' id='word_1_415' title='bbox 162 2545 243 2582; x_wconf 65' lang='grc' dir='ltr'>μένη.</span> <span class='ocrx_word' id='word_1_416' title='bbox 258 2545 351 2582; x_wconf 82' lang='grc' dir='ltr'>Ταύτῃ</span> <span class='ocrx_word' id='word_1_417' title='bbox 367 2554 408 2572; x_wconf 88' lang='grc' dir='ltr'><strong>τοι</strong></span> <span class='ocrx_word' id='word_1_418' title='bbox 425 2544 472 2571; x_wconf 70' lang='grc' dir='ltr'>καὶ</span> <span class='ocrx_word' id='word_1_419' title='bbox 488 2543 611 2580; x_wconf 78' lang='grc' dir='ltr'>οὐράνιος</span> <span class='ocrx_word' id='word_1_420' title='bbox 625 2542 670 2569; x_wconf 84' lang='grc' dir='ltr'><strong>τοῦ</strong></span> <span class='ocrx_word' id='word_1_421' title='bbox 688 2541 755 2569; x_wconf 81' lang='grc' dir='ltr'>Θεοῦ</span> <span class='ocrx_word' id='word_1_422' title='bbox 767 2541 863 2575; x_wconf 82' lang='grc' dir='ltr'>Λόγος,</span> <span class='ocrx_word' id='word_1_423' title='bbox 878 2541 891 2566; x_wconf 82' lang='grc' dir='ltr'>ὁ</span> <span class='ocrx_word' id='word_1_424' title='bbox 909 2540 955 2566; x_wconf 80' lang='grc' dir='ltr'><strong>καὶ</strong></span> 
     </span>
    </p>
   </div>
   <div class='ocr_carea' id='block_1_55' title="bbox 160 2585 954 2628">
    <p class='ocr_par' dir='ltr' id='par_1_55' title="bbox 160 2585 954 2628">
     <span class='ocr_line' id='line_1_55' title="bbox 160 2585 954 2628; baseline -0.01 -10"><span class='ocrx_word' id='word_1_425' title='bbox 160 2591 250 2628; x_wconf 77' lang='grc' dir='ltr'>ἡλίου,</span> <span class='ocrx_word' id='word_1_426' title='bbox 262 2591 311 2618; x_wconf 76' lang='grc' dir='ltr'>καὶ</span> <span class='ocrx_word' id='word_1_427' title='bbox 325 2590 453 2626; x_wconf 85' lang='grc' dir='ltr'>οὐρανοῦ,</span> <span class='ocrx_word' id='word_1_428' title='bbox 469 2590 516 2616; x_wconf 74' lang='grc' dir='ltr'><strong>καὶ</strong></span> <span class='ocrx_word' id='word_1_429' title='bbox 532 2590 579 2616; x_wconf 79' lang='grc' dir='ltr'><strong>τοῦ</strong></span> <span class='ocrx_word' id='word_1_430' title='bbox 597 2590 754 2625; x_wconf 76' lang='grc' dir='ltr'>σύμπαντος</span> <span class='ocrx_word' id='word_1_431' title='bbox 778 2587 882 2621; x_wconf 68' lang='grc' dir='ltr'>κόσμου</span> <span class='ocrx_word' id='word_1_432' title='bbox 907 2585 954 2619; x_wconf 83' lang='grc' dir='ltr'><strong>δη-</strong></span> 
     </span>
    </p>
   </div>
   <div class='ocr_carea' id='block_1_56' title="bbox 162 2631 954 2674">
    <p class='ocr_par' dir='ltr' id='par_1_56' title="bbox 162 2631 954 2674">
     <span class='ocr_line' id='line_1_56' title="bbox 162 2631 954 2674; baseline -0.011 -9"><span class='ocrx_word' id='word_1_433' title='bbox 162 2637 332 2674; x_wconf 60' lang='grc' dir='ltr'>ριιιουργικὸς,</span> <span class='ocrx_word' id='word_1_434' title='bbox 345 2637 477 2672; x_wconf 77' lang='grc' dir='ltr'>δραπικῇ</span> <span class='ocrx_word' id='word_1_435' title='bbox 497 2636 610 2671; x_wconf 80' lang='grc' dir='ltr'>δυνάμει</span> <span class='ocrx_word' id='word_1_436' title='bbox 630 2637 685 2666; x_wconf 82' lang='grc' dir='ltr'>τοῖς</span> <span class='ocrx_word' id='word_1_437' title='bbox 706 2635 790 2660; x_wconf 78' lang='grc' dir='ltr'>πᾶσιν</span> <span class='ocrx_word' id='word_1_438' title='bbox 813 2631 954 2666; x_wconf 78' lang='grc' dir='ltr'>ἐπιπαρὼν</span> 
     </span>
    </p>
   </div>
   <div class='ocr_carea' id='block_1_57' title="bbox 160 2677 955 2718">
    <p class='ocr_par' dir='ltr' id='par_1_57' title="bbox 160 2677 955 2718">
     <span class='ocr_line' id='line_1_57' title="bbox 160 2677 955 2718; baseline -0.013 -5"><span class='ocrx_word' id='word_1_439' title='bbox 160 2685 208 2713; x_wconf 73' lang='grc' dir='ltr'>παὶ</span> <span class='ocrx_word' id='word_1_440' title='bbox 225 2685 271 2713; x_wconf 82' lang='grc' dir='ltr'><strong>διὰ</strong></span> <span class='ocrx_word' id='word_1_441' title='bbox 290 2685 401 2712; x_wconf 82' lang='grc' dir='ltr'>πάντων</span> <span class='ocrx_word' id='word_1_442' title='bbox 424 2685 511 2717; x_wconf 79' lang='grc' dir='ltr'>ἥκων,</span> <span class='ocrx_word' id='word_1_443' title='bbox 534 2683 601 2718; x_wconf 81' lang='grc' dir='ltr'>ἡλίῳ</span> <span class='ocrx_word' id='word_1_444' title='bbox 625 2683 684 2717; x_wconf 76' lang='grc' dir='ltr'>μὲν,</span> <span class='ocrx_word' id='word_1_445' title='bbox 708 2681 754 2707; x_wconf 74' lang='grc' dir='ltr'>καὶ</span> <span class='ocrx_word' id='word_1_446' title='bbox 777 2680 886 2715; x_wconf 81' lang='grc' dir='ltr'>σελήνῃ,</span> <span class='ocrx_word' id='word_1_447' title='bbox 909 2677 955 2704; x_wconf 68' lang='grc' dir='ltr'>καὶ</span> 
     </span>
    </p>
   </div>
   <div class='ocr_carea' id='block_1_58' title="bbox 160 2724 956 2768">
    <p class='ocr_par' dir='ltr' id='par_1_58' title="bbox 160 2724 956 2768">
     <span class='ocr_line' id='line_1_58' title="bbox 160 2724 956 2768; baseline -0.014 -9"><span class='ocrx_word' id='word_1_448' title='bbox 160 2731 270 2768; x_wconf 75' lang='grc' dir='ltr'>ἄστροις</span> <span class='ocrx_word' id='word_1_449' title='bbox 282 2731 312 2765; x_wconf 77' lang='grc' dir='ltr'><strong>ἐξ</strong></span> <span class='ocrx_word' id='word_1_450' title='bbox 325 2730 431 2762; x_wconf 70' lang='grc' dir='ltr'>οἰκείας</span> <span class='ocrx_word' id='word_1_451' title='bbox 449 2729 499 2764; x_wconf 83' lang='grc' dir='ltr'>τῆς</span> <span class='ocrx_word' id='word_1_452' title='bbox 514 2728 627 2755; x_wconf 79' lang='grc' dir='ltr'>ἀεννάου</span> <span class='ocrx_word' id='word_1_453' title='bbox 644 2727 785 2761; x_wconf 77' lang='grc' dir='ltr'>δυνάμεως</span> <span class='ocrx_word' id='word_1_454' title='bbox 797 2724 853 2759; x_wconf 83' lang='grc' dir='ltr'><strong>φῶς</strong></span> <span class='ocrx_word' id='word_1_455' title='bbox 870 2724 956 2757; x_wconf 76' lang='grc' dir='ltr'>ἑπομ-</span> 
     </span>
    </p>
   </div>
   <div class='ocr_carea' id='block_1_59' title="bbox 160 2769 954 2815">
    <p class='ocr_par' dir='ltr' id='par_1_59' title="bbox 160 2769 954 2815">
     <span class='ocr_line' id='line_1_59' title="bbox 160 2769 954 2815; baseline -0.014 -10"><span class='ocrx_word' id='word_1_456' title='bbox 160 2777 229 2815; x_wconf 78' lang='grc' dir='ltr'><strong>6ρεῖ,</strong></span> <span class='ocrx_word' id='word_1_457' title='bbox 251 2776 369 2814; x_wconf 76' lang='grc' dir='ltr'>οὐρανὸν</span> <span class='ocrx_word' id='word_1_458' title='bbox 394 2776 423 2802; x_wconf 72' lang='grc' dir='ltr'><strong>δὲ</strong></span> <span class='ocrx_word' id='word_1_459' title='bbox 450 2775 550 2802; x_wconf 81' lang='grc' dir='ltr'>οἰκείου</span> <span class='ocrx_word' id='word_1_460' title='bbox 578 2773 709 2810; x_wconf 76' lang='grc' dir='ltr'>μεγέθους</span> <span class='ocrx_word' id='word_1_461' title='bbox 727 2769 954 2807; x_wconf 70' lang='grc' dir='ltr'>προσφυεστάτην</span> 
     </span>
    </p>
   </div>
   <div class='ocr_carea' id='block_1_60' title="bbox 160 2816 955 2860">
    <p class='ocr_par' dir='ltr' id='par_1_60' title="bbox 160 2816 955 2860">
     <span class='ocr_line' id='line_1_60' title="bbox 160 2816 955 2860; baseline -0.015 -8"><span class='ocrx_word' id='word_1_462' title='bbox 160 2825 250 2852; x_wconf 72' lang='grc' dir='ltr'>εἰκόνα</span> <span class='ocrx_word' id='word_1_463' title='bbox 267 2825 318 2860; x_wconf 82' lang='grc' dir='ltr'>τὴν</span> <span class='ocrx_word' id='word_1_464' title='bbox 338 2822 426 2859; x_wconf 76' lang='grc' dir='ltr'>ἀρχὴν</span> <span class='ocrx_word' id='word_1_465' title='bbox 444 2820 678 2855; x_wconf 72' lang='grc' dir='ltr'>ὑποστησάμενος,</span> <span class='ocrx_word' id='word_1_466' title='bbox 692 2820 731 2849; x_wconf 79' lang='grc' dir='ltr'>εἰς</span> <span class='ocrx_word' id='word_1_467' title='bbox 746 2817 830 2843; x_wconf 84' lang='grc' dir='ltr'>αἰῶνα</span> <span class='ocrx_word' id='word_1_468' title='bbox 842 2816 955 2850; x_wconf 80' lang='grc' dir='ltr'>διακρα-</span> 
     </span>
    </p>
   </div>
   <div class='ocr_carea' id='block_1_61' title="bbox 160 2861 955 2903">
    <p class='ocr_par' dir='ltr' id='par_1_61' title="bbox 160 2861 955 2903">
     <span class='ocr_line' id='line_1_61' title="bbox 160 2861 955 2903; baseline -0.016 -4"><span class='ocrx_word' id='word_1_469' title='bbox 160 2873 213 2899; x_wconf 74' lang='grc' dir='ltr'>τεῖο</span> <span class='ocrx_word' id='word_1_470' title='bbox 237 2871 286 2903; x_wconf 81' lang='grc' dir='ltr'>τὰς</span> <span class='ocrx_word' id='word_1_471' title='bbox 311 2870 342 2897; x_wconf 79' lang='grc' dir='ltr'><strong>δὲ</strong></span> <span class='ocrx_word' id='word_1_472' title='bbox 374 2869 502 2896; x_wconf 65' lang='grc' dir='ltr'>ἐπέκεινα</span> <span class='ocrx_word' id='word_1_473' title='bbox 530 2865 645 2902; x_wconf 75' lang='grc' dir='ltr'>οὐρανοῦ</span> <span class='ocrx_word' id='word_1_474' title='bbox 673 2865 720 2891; x_wconf 71' lang='grc' dir='ltr'>καὶ</span> <span class='ocrx_word' id='word_1_475' title='bbox 749 2863 851 2898; x_wconf 65' lang='grc' dir='ltr'>κύσμου</span> <span class='ocrx_word' id='word_1_476' title='bbox 877 2861 955 2888; x_wconf 80' lang='grc' dir='ltr'>δυνά-</span> 
     </span>
    </p>
   </div>
   <div class='ocr_carea' id='block_1_62' title="bbox 161 2908 954 2954">
    <p class='ocr_par' dir='ltr' id='par_1_62' title="bbox 161 2908 954 2954">
     <span class='ocr_line' id='line_1_62' title="bbox 161 2908 954 2954; baseline -0.019 -7"><span class='ocrx_word' id='word_1_477' title='bbox 161 2928 219 2954; x_wconf 80' lang='grc' dir='ltr'>μεις</span> <span class='ocrx_word' id='word_1_478' title='bbox 239 2918 367 2954; x_wconf 63' lang='grc' dir='ltr'>ἀγγέλων</span> <span class='ocrx_word' id='word_1_479' title='bbox 392 2916 439 2942; x_wconf 74' lang='grc' dir='ltr'>καὶ</span> <span class='ocrx_word' id='word_1_480' title='bbox 461 2913 632 2949; x_wconf 82' lang='grc' dir='ltr'>πνευμάτων,</span> <span class='ocrx_word' id='word_1_481' title='bbox 652 2910 752 2946; x_wconf 80' lang='grc' dir='ltr'>νοερῶν</span> <span class='ocrx_word' id='word_1_482' title='bbox 772 2918 800 2935; x_wconf 81' lang='grc' dir='ltr'><strong>τε</strong></span> <span class='ocrx_word' id='word_1_483' title='bbox 819 2909 865 2935; x_wconf 73' lang='grc' dir='ltr'><strong>καὶ</strong></span> <span class='ocrx_word' id='word_1_484' title='bbox 880 2908 954 2941; x_wconf 80' lang='grc' dir='ltr'>λογι-</span> 
     </span>
    </p>
   </div>
   <div class='ocr_carea' id='block_1_63' title="bbox 159 2955 952 2998">
    <p class='ocr_par' dir='ltr' id='par_1_63' title="bbox 159 2955 952 2998">
     <span class='ocr_line' id='line_1_63' title="bbox 159 2955 952 2998; baseline -0.02 -3"><span class='ocrx_word' id='word_1_485' title='bbox 159 2967 211 2994; x_wconf 73' lang='grc' dir='ltr'>κῶν</span> <span class='ocrx_word' id='word_1_486' title='bbox 238 2965 352 2998; x_wconf 83' lang='grc' dir='ltr'>ουσιῶν,</span> <span class='ocrx_word' id='word_1_487' title='bbox 375 2962 449 2998; x_wconf 76' lang='grc' dir='ltr'>ζωῆς</span> <span class='ocrx_word' id='word_1_488' title='bbox 475 2961 553 2998; x_wconf 72' lang='grc' dir='ltr'>ὁμοῦ,</span> <span class='ocrx_word' id='word_1_489' title='bbox 578 2961 623 2987; x_wconf 74' lang='grc' dir='ltr'><strong>καὶ</strong></span> <span class='ocrx_word' id='word_1_490' title='bbox 652 2958 750 2993; x_wconf 60' lang='grc' dir='ltr'>ςινπὸς,</span> <span class='ocrx_word' id='word_1_491' title='bbox 776 2956 822 2983; x_wconf 63' lang='grc' dir='ltr'>καὶ</span> <span class='ocrx_word' id='word_1_492' title='bbox 848 2955 952 2989; x_wconf 65' lang='grc' dir='ltr'>σοφίας,</span> 
     </span>
    </p>
   </div>
   <div class='ocr_carea' id='block_1_64' title="bbox 979 951 1001 980">
    <p class='ocr_par' dir='ltr' id='par_1_64' title="bbox 979 951 1001 980">
     <span class='ocr_line' id='line_1_64' title="bbox 979 951 1001 980; baseline 0 0"><span class='ocrx_word' id='word_1_493' title='bbox 979 951 1001 980; x_wconf 87' lang='grc' dir='ltr'><strong><em>Β</em></strong></span> 
     </span>
    </p>
   </div>
   <div class='ocr_carea' id='block_1_65' title="bbox 1019 326 1810 363">
    <p class='ocr_par' dir='ltr' id='par_1_65' title="bbox 1019 326 1810 363">
     <span class='ocr_line' id='line_1_65' title="bbox 1019 326 1810 363; baseline 0.005 -12"><span class='ocrx_word' id='word_1_494' title='bbox 1019 332 1081 352; x_wconf 89' lang='lat' dir='ltr'><strong>men</strong></span> <span class='ocrx_word' id='word_1_495' title='bbox 1098 332 1160 352; x_wconf 93' lang='lat' dir='ltr'><strong>cum</strong></span> <span class='ocrx_word' id='word_1_496' title='bbox 1183 326 1210 353; x_wconf 91' lang='lat' dir='ltr'><strong>in</strong></span> <span class='ocrx_word' id='word_1_497' title='bbox 1237 326 1318 362; x_wconf 77' lang='lat' dir='ltr'><strong>lignis</strong></span> <span class='ocrx_word' id='word_1_498' title='bbox 1334 327 1427 360; x_wconf 82' lang='lat' dir='ltr'><strong>lateat,</strong></span> <span class='ocrx_word' id='word_1_499' title='bbox 1443 332 1470 355; x_wconf 88' lang='lat' dir='ltr'><strong>et</strong></span> <span class='ocrx_word' id='word_1_500' title='bbox 1485 328 1574 356; x_wconf 86' lang='lat' dir='ltr'><strong>omnis</strong></span> <span class='ocrx_word' id='word_1_501' title='bbox 1585 327 1694 363; x_wconf 75' lang='lat' dir='ltr'><strong>generis</strong></span> <span class='ocrx_word' id='word_1_502' title='bbox 1706 328 1810 355; x_wconf 84' lang='lat' dir='ltr'><strong>anima-</strong></span> 
     </span>
    </p>
   </div>
   <div class='ocr_carea' id='block_1_66' title="bbox 1019 369 1811 408">
    <p class='ocr_par' dir='ltr' id='par_1_66' title="bbox 1019 369 1811 408">
     <span class='ocr_line' id='line_1_66' title="bbox 1019 369 1811 408; baseline 0.006 -12"><span class='ocrx_word' id='word_1_503' title='bbox 1019 369 1085 397; x_wconf 89' lang='lat' dir='ltr'><strong>lium</strong></span> <span class='ocrx_word' id='word_1_504' title='bbox 1108 371 1271 406; x_wconf 75' lang='lat' dir='ltr'><strong>corporibus</strong></span> <span class='ocrx_word' id='word_1_505' title='bbox 1304 377 1378 400; x_wconf 88' lang='lat' dir='ltr'><strong>certa</strong></span> <span class='ocrx_word' id='word_1_506' title='bbox 1402 376 1587 408; x_wconf 88' lang='lat' dir='ltr'><strong>temperatura</strong></span> <span class='ocrx_word' id='word_1_507' title='bbox 1611 381 1753 401; x_wconf 79' lang='lat' dir='ltr'><strong>connexus</strong></span> <span class='ocrx_word' id='word_1_508' title='bbox 1775 373 1811 402; x_wconf 87' lang='lat' dir='ltr'><strong>sit</strong></span> 
     </span>
    </p>
   </div>
   <div class='ocr_carea' id='block_1_67' title="bbox 1019 418 1811 453">
    <p class='ocr_par' dir='ltr' id='par_1_67' title="bbox 1019 418 1811 453">
     <span class='ocr_line' id='line_1_67' title="bbox 1019 418 1811 453; baseline 0.005 -10"><span class='ocrx_word' id='word_1_509' title='bbox 1019 419 1162 451; x_wconf 51' lang='lat' dir='ltr'><strong>terraeque,</strong></span> <span class='ocrx_word' id='word_1_510' title='bbox 1192 421 1274 452; x_wconf 90' lang='lat' dir='ltr'><strong>atque</strong></span> <span class='ocrx_word' id='word_1_511' title='bbox 1303 425 1396 453; x_wconf 66' lang='lat' dir='ltr'><strong>aquae,</strong></span> <span class='ocrx_word' id='word_1_512' title='bbox 1430 424 1512 453; x_wconf 88' lang='lat' dir='ltr'><strong>atque</strong></span> <span class='ocrx_word' id='word_1_513' title='bbox 1534 419 1590 446; x_wconf 89' lang='lat' dir='ltr'><strong>aeri</strong></span> <span class='ocrx_word' id='word_1_514' title='bbox 1616 418 1811 450; x_wconf 66' lang='lat' dir='ltr'><strong>consociatus.</strong></span> 
     </span>
    </p>
   </div>
   <div class='ocr_carea' id='block_1_68' title="bbox 1019 463 1812 501">
    <p class='ocr_par' dir='ltr' id='par_1_68' title="bbox 1019 463 1812 501">
     <span class='ocr_line' id='line_1_68' title="bbox 1019 463 1812 501; baseline 0.005 -12"><span class='ocrx_word' id='word_1_515' title='bbox 1019 463 1115 490; x_wconf 87' lang='lat' dir='ltr'><strong>deinde</strong></span> <span class='ocrx_word' id='word_1_516' title='bbox 1129 464 1234 491; x_wconf 88' lang='lat' dir='ltr'><strong>ratione</strong></span> <span class='ocrx_word' id='word_1_517' title='bbox 1247 472 1278 490; x_wconf 84' lang='lat' dir='ltr'><strong>ac</strong></span> <span class='ocrx_word' id='word_1_518' title='bbox 1298 472 1426 492; x_wconf 88' lang='lat' dir='ltr'><strong>mensura</strong></span> <span class='ocrx_word' id='word_1_519' title='bbox 1441 470 1574 500; x_wconf 87' lang='lat' dir='ltr'><strong>quantum</strong></span> <span class='ocrx_word' id='word_1_520' title='bbox 1586 466 1733 500; x_wconf 79' lang='lat' dir='ltr'><strong>unicuique</strong></span> <span class='ocrx_word' id='word_1_521' title='bbox 1741 473 1812 501; x_wconf 86' lang='lat' dir='ltr'><strong>opus</strong></span> 
     </span>
    </p>
   </div>
   <div class='ocr_carea' id='block_1_69' title="bbox 1018 509 1810 546">
    <p class='ocr_par' dir='ltr' id='par_1_69' title="bbox 1018 509 1810 546">
     <span class='ocr_line' id='line_1_69' title="bbox 1018 509 1810 546; baseline 0.006 -12"><span class='ocrx_word' id='word_1_522' title='bbox 1018 509 1063 538; x_wconf 84' lang='lat' dir='ltr'><strong>sit.</strong></span> <span class='ocrx_word' id='word_1_523' title='bbox 1072 513 1258 545; x_wconf 89' lang='lat' dir='ltr'><strong>quantumque</strong></span> <span class='ocrx_word' id='word_1_524' title='bbox 1267 511 1370 538; x_wconf 86' lang='lat' dir='ltr'><strong>utilitas</strong></span> <span class='ocrx_word' id='word_1_525' title='bbox 1381 512 1509 546; x_wconf 83' lang='lat' dir='ltr'><strong>postulet,</strong></span> <span class='ocrx_word' id='word_1_526' title='bbox 1520 512 1649 539; x_wconf 90' lang='lat' dir='ltr'><strong>omnibus</strong></span> <span class='ocrx_word' id='word_1_527' title='bbox 1661 511 1810 546; x_wconf 75' lang='lat' dir='ltr'><strong>sufﬁciens,</strong></span> 
     </span>
    </p>
   </div>
   <div class='ocr_carea' id='block_1_70' title="bbox 1018 557 1812 591">
    <p class='ocr_par' dir='ltr' id='par_1_70' title="bbox 1018 557 1812 591">
     <span class='ocr_line' id='line_1_70' title="bbox 1018 557 1812 591; baseline 0.006 -10"><span class='ocrx_word' id='word_1_528' title='bbox 1018 558 1190 591; x_wconf 76' lang='lat' dir='ltr'><strong>pl‘Opl‘lnl‘Ullt</strong></span> <span class='ocrx_word' id='word_1_529' title='bbox 1209 557 1306 583; x_wconf 86' lang='lat' dir='ltr'><strong>virium</strong></span> <span class='ocrx_word' id='word_1_530' title='bbox 1322 557 1501 584; x_wconf 76' lang='lat' dir='ltr'><strong>obliviscatur</strong></span> <span class='ocrx_word' id='word_1_531' title='bbox 1518 567 1525 584; x_wconf 86' lang='lat'><strong>:</strong></span> <span class='ocrx_word' id='word_1_532' title='bbox 1542 565 1634 586; x_wconf 91' lang='lat' dir='ltr'><strong>nonne</strong></span> <span class='ocrx_word' id='word_1_533' title='bbox 1650 559 1697 585; x_wconf 86' lang='lat' dir='ltr'><strong>tibi</strong></span> <span class='ocrx_word' id='word_1_534' title='bbox 1713 566 1812 586; x_wconf 78' lang='lat' dir='ltr'><strong>rursus</strong></span> 
     </span>
    </p>
   </div>
   <div class='ocr_carea' id='block_1_71' title="bbox 1019 601 1810 639">
    <p class='ocr_par' dir='ltr' id='par_1_71' title="bbox 1019 601 1810 639">
     <span class='ocr_line' id='line_1_71' title="bbox 1019 601 1810 639; baseline 0.005 -12"><span class='ocrx_word' id='word_1_535' title='bbox 1019 601 1064 628; x_wconf 88' lang='lat' dir='ltr'><strong>Dei</strong></span> <span class='ocrx_word' id='word_1_536' title='bbox 1081 601 1180 633; x_wconf 87' lang='lat' dir='ltr'><strong>Verbo,</strong></span> <span class='ocrx_word' id='word_1_537' title='bbox 1193 610 1225 628; x_wconf 88' lang='lat' dir='ltr'><strong>ac</strong></span> <span class='ocrx_word' id='word_1_538' title='bbox 1243 603 1372 637; x_wconf 87' lang='lat' dir='ltr'><strong>potestati</strong></span> <span class='ocrx_word' id='word_1_539' title='bbox 1386 603 1518 630; x_wconf 89' lang='lat' dir='ltr'><strong>inservire</strong></span> <span class='ocrx_word' id='word_1_540' title='bbox 1528 604 1655 630; x_wconf 85' lang='lat' dir='ltr'><strong>videtur?</strong></span> <span class='ocrx_word' id='word_1_541' title='bbox 1667 604 1722 631; x_wconf 87' lang='lat' dir='ltr'><strong>Diei</strong></span> <span class='ocrx_word' id='word_1_542' title='bbox 1739 612 1810 639; x_wconf 68' lang='lat' dir='ltr'><strong>pra:-</strong></span> 
     </span>
    </p>
   </div>
   <div class='ocr_carea' id='block_1_72' title="bbox 1018 650 1809 685">
    <p class='ocr_par' dir='ltr' id='par_1_72' title="bbox 1018 650 1809 685">
     <span class='ocr_line' id='line_1_72' title="bbox 1018 650 1809 685; baseline 0.003 -9"><span class='ocrx_word' id='word_1_543' title='bbox 1018 655 1091 677; x_wconf 76' lang='lat' dir='ltr'><strong>terra</strong></span> <span class='ocrx_word' id='word_1_544' title='bbox 1106 650 1249 684; x_wconf 86' lang='lat' dir='ltr'><strong>noctisque</strong></span> <span class='ocrx_word' id='word_1_545' title='bbox 1268 650 1485 682; x_wconf 74' lang='lat' dir='ltr'><strong>vicissitudines,</strong></span> <span class='ocrx_word' id='word_1_546' title='bbox 1502 658 1562 685; x_wconf 76' lang='lat' dir='ltr'><strong>qua:</strong></span> <span class='ocrx_word' id='word_1_547' title='bbox 1579 650 1733 678; x_wconf 83' lang='lat' dir='ltr'><strong>terminatis</strong></span> <span class='ocrx_word' id='word_1_548' title='bbox 1750 658 1809 678; x_wconf 91' lang='lat' dir='ltr'><strong>mo-</strong></span> 
     </span>
    </p>
   </div>
   <div class='ocr_carea' id='block_1_73' title="bbox 1017 695 1809 730">
    <p class='ocr_par' dir='ltr' id='par_1_73' title="bbox 1017 695 1809 730">
     <span class='ocr_line' id='line_1_73' title="bbox 1017 695 1809 730; baseline 0.003 -9"><span class='ocrx_word' id='word_1_549' title='bbox 1017 696 1090 721; x_wconf 76' lang='lat' dir='ltr'><strong>tibus</strong></span> <span class='ocrx_word' id='word_1_550' title='bbox 1104 700 1241 726; x_wconf 84' lang='lat' dir='ltr'><strong>constant,</strong></span> <span class='ocrx_word' id='word_1_551' title='bbox 1261 695 1445 730; x_wconf 83' lang='lat' dir='ltr'><strong>horarumque</strong></span> <span class='ocrx_word' id='word_1_552' title='bbox 1462 703 1492 722; x_wconf 88' lang='lat' dir='ltr'><strong>ac</strong></span> <span class='ocrx_word' id='word_1_553' title='bbox 1507 700 1708 730; x_wconf 79' lang='lat' dir='ltr'><strong>tempestatum,</strong></span> <span class='ocrx_word' id='word_1_554' title='bbox 1736 704 1809 723; x_wconf 92' lang='lat' dir='ltr'><strong>nunc</strong></span> 
     </span>
    </p>
   </div>
   <div class='ocr_carea' id='block_1_74' title="bbox 1016 741 1810 777">
    <p class='ocr_par' dir='ltr' id='par_1_74' title="bbox 1016 741 1810 777">
     <span class='ocr_line' id='line_1_74' title="bbox 1016 741 1810 777; baseline 0.004 -10"><span class='ocrx_word' id='word_1_555' title='bbox 1016 741 1126 775; x_wconf 83' lang='lat' dir='ltr'><strong>quidem</strong></span> <span class='ocrx_word' id='word_1_556' title='bbox 1141 745 1299 777; x_wconf 73' lang='lat' dir='ltr'><strong>augmenta,</strong></span> <span class='ocrx_word' id='word_1_557' title='bbox 1316 750 1389 769; x_wconf 85' lang='lat' dir='ltr'><strong>nunc</strong></span> <span class='ocrx_word' id='word_1_558' title='bbox 1403 747 1491 769; x_wconf 83' lang='lat' dir='ltr'><strong>autem</strong></span> <span class='ocrx_word' id='word_1_559' title='bbox 1510 743 1714 774; x_wconf 86' lang='lat' dir='ltr'><strong>diminutiones,</strong></span> <span class='ocrx_word' id='word_1_560' title='bbox 1727 743 1810 770; x_wconf 83' lang='lat' dir='ltr'><strong>orbes</strong></span> 
     </span>
    </p>
   </div>
   <div class='ocr_carea' id='block_1_75' title="bbox 1016 787 1808 823">
    <p class='ocr_par' dir='ltr' id='par_1_75' title="bbox 1016 787 1808 823">
     <span class='ocr_line' id='line_1_75' title="bbox 1016 787 1808 823; baseline 0.004 -10"><span class='ocrx_word' id='word_1_561' title='bbox 1016 787 1079 814; x_wconf 87' lang='lat' dir='ltr'><strong>item</strong></span> <span class='ocrx_word' id='word_1_562' title='bbox 1089 795 1205 821; x_wconf 84' lang='lat' dir='ltr'><strong>annuos,</strong></span> <span class='ocrx_word' id='word_1_563' title='bbox 1219 795 1250 815; x_wconf 89' lang='lat' dir='ltr'><strong>ac</strong></span> <span class='ocrx_word' id='word_1_564' title='bbox 1259 788 1392 815; x_wconf 90' lang='lat' dir='ltr'><strong>circuitus</strong></span> <span class='ocrx_word' id='word_1_565' title='bbox 1406 793 1767 823; x_wconf 84' lang='lat' dir='ltr'><strong>temporum,astrorumque</strong></span> <span class='ocrx_word' id='word_1_566' title='bbox 1780 789 1808 816; x_wconf 87' lang='lat' dir='ltr'><strong>in</strong></span> 
     </span>
    </p>
   </div>
   <div class='ocr_carea' id='block_1_76' title="bbox 1016 834 1808 870">
    <p class='ocr_par' dir='ltr' id='par_1_76' title="bbox 1016 834 1808 870">
     <span class='ocr_line' id='line_1_76' title="bbox 1016 834 1808 870; baseline 0.003 -10"><span class='ocrx_word' id='word_1_567' title='bbox 1016 834 1109 860; x_wconf 81' lang='lat' dir='ltr'><strong>orbem</strong></span> <span class='ocrx_word' id='word_1_568' title='bbox 1123 839 1222 867; x_wconf 85' lang='lat' dir='ltr'><strong>motus,</strong></span> <span class='ocrx_word' id='word_1_569' title='bbox 1237 839 1293 861; x_wconf 92' lang='lat' dir='ltr'><strong>tum</strong></span> <span class='ocrx_word' id='word_1_570' title='bbox 1307 835 1374 862; x_wconf 88' lang='lat' dir='ltr'><strong>solis</strong></span> <span class='ocrx_word' id='word_1_571' title='bbox 1390 843 1499 868; x_wconf 89' lang='lat' dir='ltr'><strong>cursus,</strong></span> <span class='ocrx_word' id='word_1_572' title='bbox 1512 836 1635 870; x_wconf 68' lang='lat' dir='ltr'><strong>tuumque</strong></span> <span class='ocrx_word' id='word_1_573' title='bbox 1651 836 1808 863; x_wconf 55' lang='lat' dir='ltr'><strong>conversio-</strong></span> 
     </span>
    </p>
   </div>
   <div class='ocr_carea' id='block_1_77' title="bbox 1016 881 1806 915">
    <p class='ocr_par' dir='ltr' id='par_1_77' title="bbox 1016 881 1806 915">
     <span class='ocr_line' id='line_1_77' title="bbox 1016 881 1806 915; baseline 0.003 -9"><span class='ocrx_word' id='word_1_574' title='bbox 1016 887 1075 911; x_wconf 81' lang='lat' dir='ltr'><strong>nes,</strong></span> <span class='ocrx_word' id='word_1_575' title='bbox 1086 884 1141 906; x_wconf 90' lang='lat' dir='ltr'><strong>tum</strong></span> <span class='ocrx_word' id='word_1_576' title='bbox 1149 887 1302 907; x_wconf 84' lang='lat' dir='ltr'><strong>consensus</strong></span> <span class='ocrx_word' id='word_1_577' title='bbox 1311 881 1380 907; x_wconf 91' lang='lat' dir='ltr'><strong>inter</strong></span> <span class='ocrx_word' id='word_1_578' title='bbox 1388 889 1417 907; x_wconf 89' lang='lat' dir='ltr'><strong>se</strong></span> <span class='ocrx_word' id='word_1_579' title='bbox 1425 881 1546 908; x_wconf 91' lang='lat' dir='ltr'><strong>omnium</strong></span> <span class='ocrx_word' id='word_1_580' title='bbox 1559 888 1590 908; x_wconf 87' lang='lat' dir='ltr'><strong>ac</strong></span> <span class='ocrx_word' id='word_1_581' title='bbox 1601 881 1806 915; x_wconf 80' lang='lat' dir='ltr'><strong>repugnantias,</strong></span> 
     </span>
    </p>
   </div>
   <div class='ocr_carea' id='block_1_78' title="bbox 1017 925 1809 960">
    <p class='ocr_par' dir='ltr' id='par_1_78' title="bbox 1017 925 1809 960">
     <span class='ocr_line' id='line_1_78' title="bbox 1017 925 1809 960; baseline 0.003 -9"><span class='ocrx_word' id='word_1_582' title='bbox 1017 933 1155 960; x_wconf 87' lang='lat' dir='ltr'><strong>unumque</strong></span> <span class='ocrx_word' id='word_1_583' title='bbox 1165 933 1197 952; x_wconf 80' lang='lat' dir='ltr'><strong>ex</strong></span> <span class='ocrx_word' id='word_1_584' title='bbox 1209 925 1376 953; x_wconf 63' lang='lat' dir='ltr'><strong>iisomnibus</strong></span> <span class='ocrx_word' id='word_1_585' title='bbox 1385 926 1525 957; x_wconf 86' lang='lat' dir='ltr'><strong>mundum,</strong></span> <span class='ocrx_word' id='word_1_586' title='bbox 1533 934 1595 953; x_wconf 89' lang='lat' dir='ltr'><strong>cum</strong></span> <span class='ocrx_word' id='word_1_587' title='bbox 1605 926 1730 958; x_wconf 89' lang='lat' dir='ltr'><strong>intueris,</strong></span> <span class='ocrx_word' id='word_1_588' title='bbox 1741 935 1809 953; x_wconf 55' lang='lat' dir='ltr'><strong>nunc</strong></span> 
     </span>
    </p>
   </div>
   <div class='ocr_carea' id='block_1_79' title="bbox 1017 971 1807 1008">
    <p class='ocr_par' dir='ltr' id='par_1_79' title="bbox 1017 971 1807 1008">
     <span class='ocr_line' id='line_1_79' title="bbox 1017 971 1807 1008; baseline 0.003 -10"><span class='ocrx_word' id='word_1_589' title='bbox 1017 971 1083 1006; x_wconf 89' lang='lat' dir='ltr'><strong>quid</strong></span> <span class='ocrx_word' id='word_1_590' title='bbox 1101 972 1148 998; x_wconf 85' lang='lat' dir='ltr'><strong>libi</strong></span> <span class='ocrx_word' id='word_1_591' title='bbox 1161 979 1222 999; x_wconf 84' lang='lat' dir='ltr'><strong>esse</strong></span> <span class='ocrx_word' id='word_1_592' title='bbox 1237 972 1278 998; x_wconf 84' lang='lat' dir='ltr'><strong>fas</strong></span> <span class='ocrx_word' id='word_1_593' title='bbox 1289 976 1379 1007; x_wconf 87' lang='lat' dir='ltr'><strong>putas,</strong></span> <span class='ocrx_word' id='word_1_594' title='bbox 1392 972 1611 1008; x_wconf 84' lang='lat' dir='ltr'><strong>imprudentiam,</strong></span> <span class='ocrx_word' id='word_1_595' title='bbox 1625 972 1683 1000; x_wconf 90' lang='lat' dir='ltr'><strong>sive</strong></span> <span class='ocrx_word' id='word_1_596' title='bbox 1696 973 1807 1000; x_wconf 85' lang='lat' dir='ltr'><strong>temeri—</strong></span> 
     </span>
    </p>
   </div>
   <div class='ocr_carea' id='block_1_80' title="bbox 1015 1017 1808 1052">
    <p class='ocr_par' dir='ltr' id='par_1_80' title="bbox 1015 1017 1808 1052">
     <span class='ocr_line' id='line_1_80' title="bbox 1015 1017 1808 1052; baseline 0.003 -9"><span class='ocrx_word' id='word_1_597' title='bbox 1015 1021 1109 1050; x_wconf 87' lang='lat' dir='ltr'><strong>tatem,</strong></span> <span class='ocrx_word' id='word_1_598' title='bbox 1121 1017 1178 1045; x_wconf 92' lang='lat' dir='ltr'><strong>sive</strong></span> <span class='ocrx_word' id='word_1_599' title='bbox 1191 1018 1329 1044; x_wconf 88' lang='lat' dir='ltr'><strong>fortuitam</strong></span> <span class='ocrx_word' id='word_1_600' title='bbox 1339 1018 1458 1052; x_wconf 81' lang='lat' dir='ltr'><strong>aliquam</strong></span> <span class='ocrx_word' id='word_1_601' title='bbox 1467 1025 1590 1049; x_wconf 90' lang='lat' dir='ltr'><strong>causam,</strong></span> <span class='ocrx_word' id='word_1_602' title='bbox 1601 1023 1740 1046; x_wconf 88' lang='lat' dir='ltr'><strong>auctorem</strong></span> <span class='ocrx_word' id='word_1_603' title='bbox 1751 1019 1808 1045; x_wconf 91' lang='lat' dir='ltr'><strong>uni-</strong></span> 
     </span>
    </p>
   </div>
   <div class='ocr_carea' id='block_1_81' title="bbox 1017 1063 1807 1097">
    <p class='ocr_par' dir='ltr' id='par_1_81' title="bbox 1017 1063 1807 1097">
     <span class='ocr_line' id='line_1_81' title="bbox 1017 1063 1807 1097; baseline 0.001 -7"><span class='ocrx_word' id='word_1_604' title='bbox 1017 1064 1087 1091; x_wconf 80' lang='lat' dir='ltr'><strong>versi</strong></span> <span class='ocrx_word' id='word_1_605' title='bbox 1111 1064 1271 1097; x_wconf 78' lang='lat' dir='ltr'><strong>enuntiare;</strong></span> <span class='ocrx_word' id='word_1_606' title='bbox 1285 1071 1319 1091; x_wconf 87' lang='lat' dir='ltr'><strong>an</strong></span> <span class='ocrx_word' id='word_1_607' title='bbox 1334 1063 1380 1091; x_wconf 84' lang='lat' dir='ltr'><strong>Dci</strong></span> <span class='ocrx_word' id='word_1_608' title='bbox 1399 1063 1518 1092; x_wconf 80' lang='lat' dir='ltr'><strong>Verbum</strong></span> <span class='ocrx_word' id='word_1_609' title='bbox 1541 1072 1646 1097; x_wconf 80' lang='lat' dir='ltr'><strong>revera,</strong></span> <span class='ocrx_word' id='word_1_610' title='bbox 1664 1068 1691 1092; x_wconf 89' lang='lat' dir='ltr'><strong>et</strong></span> <span class='ocrx_word' id='word_1_611' title='bbox 1707 1065 1754 1092; x_wconf 92' lang='lat' dir='ltr'><strong>Dei</strong></span> <span class='ocrx_word' id='word_1_612' title='bbox 1766 1073 1807 1093; x_wconf 86' lang='lat' dir='ltr'><strong>sa-</strong></span> 
     </span>
    </p>
   </div>
   <div class='ocr_carea' id='block_1_82' title="bbox 1013 1110 1806 1146">
    <p class='ocr_par' dir='ltr' id='par_1_82' title="bbox 1013 1110 1806 1146">
     <span class='ocr_line' id='line_1_82' title="bbox 1013 1110 1806 1146; baseline 0.001 -9"><span class='ocrx_word' id='word_1_613' title='bbox 1013 1110 1155 1146; x_wconf 88' lang='lat' dir='ltr'><strong>pientiam,</strong></span> <span class='ocrx_word' id='word_1_614' title='bbox 1166 1114 1192 1137; x_wconf 88' lang='lat' dir='ltr'><strong>et</strong></span> <span class='ocrx_word' id='word_1_615' title='bbox 1207 1110 1254 1137; x_wconf 88' lang='lat' dir='ltr'><strong>Dei</strong></span> <span class='ocrx_word' id='word_1_616' title='bbox 1265 1110 1405 1143; x_wconf 87' lang='lat' dir='ltr'><strong>virtutem,</strong></span> <span class='ocrx_word' id='word_1_617' title='bbox 1419 1115 1445 1138; x_wconf 90' lang='lat' dir='ltr'><strong>et</strong></span> <span class='ocrx_word' id='word_1_618' title='bbox 1459 1110 1529 1137; x_wconf 86' lang='lat' dir='ltr'><strong>hanc</strong></span> <span class='ocrx_word' id='word_1_619' title='bbox 1544 1111 1629 1146; x_wconf 87' lang='lat' dir='ltr'><strong>ipsam</strong></span> <span class='ocrx_word' id='word_1_620' title='bbox 1641 1119 1735 1143; x_wconf 91' lang='lat' dir='ltr'><strong>unam,</strong></span> <span class='ocrx_word' id='word_1_621' title='bbox 1751 1119 1806 1138; x_wconf 91' lang='lat' dir='ltr'><strong>non</strong></span> 
     </span>
    </p>
   </div>
   <div class='ocr_carea' id='block_1_83' title="bbox 1013 1155 1809 1192">
    <p class='ocr_par' dir='ltr' id='par_1_83' title="bbox 1013 1155 1809 1192">
     <span class='ocr_line' id='line_1_83' title="bbox 1013 1155 1809 1192; baseline 0.003 -10"><span class='ocrx_word' id='word_1_622' title='bbox 1013 1156 1115 1191; x_wconf 87' lang='lat' dir='ltr'><strong>plures.</strong></span> <span class='ocrx_word' id='word_1_623' title='bbox 1125 1155 1221 1184; x_wconf 71' lang='lat' dir='ltr'><strong>efferre</strong></span> <span class='ocrx_word' id='word_1_624' title='bbox 1229 1156 1355 1184; x_wconf 83' lang='lat' dir='ltr'><strong>laudibus</strong></span> <span class='ocrx_word' id='word_1_625' title='bbox 1364 1156 1484 1192; x_wconf 87' lang='lat' dir='ltr'><strong>?Nempe</strong></span> <span class='ocrx_word' id='word_1_626' title='bbox 1492 1157 1572 1184; x_wconf 91' lang='lat' dir='ltr'><strong>etiam</strong></span> <span class='ocrx_word' id='word_1_627' title='bbox 1582 1157 1610 1184; x_wconf 90' lang='lat' dir='ltr'><strong>in</strong></span> <span class='ocrx_word' id='word_1_628' title='bbox 1620 1157 1738 1189; x_wconf 79' lang='lat' dir='ltr'><strong>homine,</strong></span> <span class='ocrx_word' id='word_1_629' title='bbox 1752 1155 1809 1184; x_wconf 81' lang='lat' dir='ltr'><strong>ani-</strong></span> 
     </span>
    </p>
   </div>
   <div class='ocr_carea' id='block_1_84' title="bbox 1014 1202 1807 1238">
    <p class='ocr_par' dir='ltr' id='par_1_84' title="bbox 1014 1202 1807 1238">
     <span class='ocr_line' id='line_1_84' title="bbox 1014 1202 1807 1238; baseline 0.001 -9"><span class='ocrx_word' id='word_1_630' title='bbox 1014 1210 1056 1229; x_wconf 91' lang='lat' dir='ltr'><strong>ma</strong></span> <span class='ocrx_word' id='word_1_631' title='bbox 1069 1209 1253 1237; x_wconf 86' lang='lat' dir='ltr'><strong>una,unaque</strong></span> <span class='ocrx_word' id='word_1_632' title='bbox 1274 1203 1314 1230; x_wconf 89' lang='lat' dir='ltr'><strong>vis</strong></span> <span class='ocrx_word' id='word_1_633' title='bbox 1331 1202 1482 1234; x_wconf 86' lang='lat' dir='ltr'><strong>rationalis,</strong></span> <span class='ocrx_word' id='word_1_634' title='bbox 1502 1202 1680 1237; x_wconf 89' lang='lat' dir='ltr'><strong>plurimarum</strong></span> <span class='ocrx_word' id='word_1_635' title='bbox 1703 1203 1807 1238; x_wconf 83' lang='lat' dir='ltr'><strong>pariter</strong></span> 
     </span>
    </p>
   </div>
   <div class='ocr_carea' id='block_1_85' title="bbox 1013 1247 1804 1284">
    <p class='ocr_par' dir='ltr' id='par_1_85' title="bbox 1013 1247 1804 1284">
     <span class='ocr_line' id='line_1_85' title="bbox 1013 1247 1804 1284; baseline 0.001 -9"><span class='ocrx_word' id='word_1_636' title='bbox 1013 1257 1104 1276; x_wconf 89' lang='lat' dir='ltr'><strong>rerum</strong></span> <span class='ocrx_word' id='word_1_637' title='bbox 1113 1252 1202 1283; x_wconf 78' lang='lat' dir='ltr'><strong>potest</strong></span> <span class='ocrx_word' id='word_1_638' title='bbox 1213 1257 1274 1276; x_wconf 89' lang='lat' dir='ltr'><strong>esse</strong></span> <span class='ocrx_word' id='word_1_639' title='bbox 1286 1248 1385 1284; x_wconf 79' lang='lat' dir='ltr'><strong>opifex.</strong></span> <span class='ocrx_word' id='word_1_640' title='bbox 1395 1247 1462 1275; x_wconf 85' lang='lat' dir='ltr'><strong>Nam</strong></span> <span class='ocrx_word' id='word_1_641' title='bbox 1470 1253 1595 1284; x_wconf 80' lang='lat' dir='ltr'><strong>etagrum</strong></span> <span class='ocrx_word' id='word_1_642' title='bbox 1605 1249 1804 1282; x_wconf 88' lang='lat' dir='ltr'><strong>colereeadem,</strong></span> 
     </span>
    </p>
   </div>
   <div class='ocr_carea' id='block_1_86' title="bbox 1011 1288 1804 1333">
    <p class='ocr_par' dir='ltr' id='par_1_86' title="bbox 1011 1288 1804 1333">
     <span class='ocr_line' id='line_1_86' title="bbox 1011 1288 1804 1333; baseline 0.001 -12"><span class='ocrx_word' id='word_1_643' title='bbox 1011 1299 1038 1321; x_wconf 91' lang='lat' dir='ltr'><strong>et</strong></span> <span class='ocrx_word' id='word_1_644' title='bbox 1049 1302 1114 1322; x_wconf 89' lang='lat' dir='ltr'><strong>aves</strong></span> <span class='ocrx_word' id='word_1_645' title='bbox 1123 1299 1322 1333; x_wconf 84' lang='lat' dir='ltr'><strong>construere,et</strong></span> <span class='ocrx_word' id='word_1_646' title='bbox 1332 1295 1493 1329; x_wconf 79' lang='lat' dir='ltr'><strong>gubernare,</strong></span> <span class='ocrx_word' id='word_1_647' title='bbox 1503 1298 1529 1321; x_wconf 91' lang='lat' dir='ltr'><strong>et</strong></span> <span class='ocrx_word' id='word_1_648' title='bbox 1541 1294 1675 1322; x_wconf 61' lang='lat' dir='ltr'><strong>aedificare</strong></span> <span class='ocrx_word' id='word_1_649' title='bbox 1684 1288 1804 1327; x_wconf 81' lang='lat' dir='ltr'><strong>audebit,</strong></span> 
     </span>
    </p>
   </div>
   <div class='ocr_carea' id='block_1_87' title="bbox 1012 1340 1805 1376">
    <p class='ocr_par' dir='ltr' id='par_1_87' title="bbox 1012 1340 1805 1376">
     <span class='ocr_line' id='line_1_87' title="bbox 1012 1340 1805 1376; baseline 0 -9"><span class='ocrx_word' id='word_1_650' title='bbox 1012 1344 1157 1376; x_wconf 86' lang='lat' dir='ltr'><strong>postquam</strong></span> <span class='ocrx_word' id='word_1_651' title='bbox 1173 1341 1238 1367; x_wconf 89' lang='lat' dir='ltr'><strong>talia</strong></span> <span class='ocrx_word' id='word_1_652' title='bbox 1255 1341 1340 1367; x_wconf 91' lang='lat' dir='ltr'><strong>multa</strong></span> <span class='ocrx_word' id='word_1_653' title='bbox 1355 1340 1460 1367; x_wconf 82' lang='lat' dir='ltr'><strong>didicit.</strong></span> <span class='ocrx_word' id='word_1_654' title='bbox 1477 1340 1522 1367; x_wconf 91' lang='lat' dir='ltr'><strong>Sic</strong></span> <span class='ocrx_word' id='word_1_655' title='bbox 1539 1349 1594 1367; x_wconf 87' lang='lat' dir='ltr'><strong>una</strong></span> <span class='ocrx_word' id='word_1_656' title='bbox 1612 1348 1688 1368; x_wconf 91' lang='lat' dir='ltr'><strong>mens</strong></span> <span class='ocrx_word' id='word_1_657' title='bbox 1709 1341 1735 1367; x_wconf 94' lang='lat' dir='ltr'><strong>in</strong></span> <span class='ocrx_word' id='word_1_658' title='bbox 1757 1341 1805 1367; x_wconf 92' lang='lat' dir='ltr'><strong>ho-</strong></span> 
     </span>
    </p>
   </div>
   <div class='ocr_carea' id='block_1_88' title="bbox 1011 1386 1804 1420">
    <p class='ocr_par' dir='ltr' id='par_1_88' title="bbox 1011 1386 1804 1420">
     <span class='ocr_line' id='line_1_88' title="bbox 1011 1386 1804 1420; baseline 0.001 -8"><span class='ocrx_word' id='word_1_659' title='bbox 1011 1386 1094 1417; x_wconf 86' lang='lat' dir='ltr'><strong>mine,</strong></span> <span class='ocrx_word' id='word_1_660' title='bbox 1112 1394 1219 1420; x_wconf 88' lang='lat' dir='ltr'><strong>unaque</strong></span> <span class='ocrx_word' id='word_1_661' title='bbox 1237 1386 1354 1413; x_wconf 81' lang='lat' dir='ltr'><strong>rationis</strong></span> <span class='ocrx_word' id='word_1_662' title='bbox 1371 1386 1490 1413; x_wconf 82' lang='lat' dir='ltr'><strong>versatio</strong></span> <span class='ocrx_word' id='word_1_663' title='bbox 1506 1386 1744 1413; x_wconf 86' lang='lat' dir='ltr'><strong>innumerabilium</strong></span> <span class='ocrx_word' id='word_1_664' title='bbox 1760 1394 1804 1413; x_wconf 91' lang='lat' dir='ltr'><strong>re-</strong></span> 
     </span>
    </p>
   </div>
   <div class='ocr_carea' id='block_1_89' title="bbox 1010 1432 1805 1471">
    <p class='ocr_par' dir='ltr' id='par_1_89' title="bbox 1010 1432 1805 1471">
     <span class='ocr_line' id='line_1_89' title="bbox 1010 1432 1805 1471; baseline 0.001 -12"><span class='ocrx_word' id='word_1_665' title='bbox 1010 1440 1071 1459; x_wconf 88' lang='lat' dir='ltr'><strong>rum</strong></span> <span class='ocrx_word' id='word_1_666' title='bbox 1087 1432 1216 1460; x_wconf 87' lang='lat' dir='ltr'><strong>scientias</strong></span> <span class='ocrx_word' id='word_1_667' title='bbox 1233 1433 1376 1467; x_wconf 84' lang='lat' dir='ltr'><strong>percipiet,</strong></span> <span class='ocrx_word' id='word_1_668' title='bbox 1403 1437 1485 1467; x_wconf 82' lang='lat' dir='ltr'><strong>atque</strong></span> <span class='ocrx_word' id='word_1_669' title='bbox 1507 1432 1578 1459; x_wconf 89' lang='lat' dir='ltr'><strong>idem</strong></span> <span class='ocrx_word' id='word_1_670' title='bbox 1596 1432 1678 1459; x_wconf 90' lang='lat' dir='ltr'><strong>homo</strong></span> <span class='ocrx_word' id='word_1_671' title='bbox 1695 1436 1725 1471; x_wconf 84' lang='lat' dir='ltr'><strong>et</strong></span> <span class='ocrx_word' id='word_1_672' title='bbox 1739 1440 1805 1468; x_wconf 78' lang='lat' dir='ltr'><strong>geo-</strong></span> 
     </span>
    </p>
   </div>
   <div class='ocr_carea' id='block_1_90' title="bbox 1010 1478 1803 1514">
    <p class='ocr_par' dir='ltr' id='par_1_90' title="bbox 1010 1478 1803 1514">
     <span class='ocr_line' id='line_1_90' title="bbox 1010 1478 1803 1514; baseline 0.003 -9"><span class='ocrx_word' id='word_1_673' title='bbox 1010 1478 1144 1510; x_wconf 87' lang='lat' dir='ltr'><strong>metriam,</strong></span> <span class='ocrx_word' id='word_1_674' title='bbox 1162 1483 1189 1506; x_wconf 89' lang='lat' dir='ltr'><strong>et</strong></span> <span class='ocrx_word' id='word_1_675' title='bbox 1209 1479 1406 1506; x_wconf 83' lang='lat' dir='ltr'><strong>astronomiam</strong></span> <span class='ocrx_word' id='word_1_676' title='bbox 1422 1479 1570 1510; x_wconf 78' lang='lat' dir='ltr'><strong>exercebit,</strong></span> <span class='ocrx_word' id='word_1_677' title='bbox 1589 1479 1803 1514; x_wconf 79' lang='lat' dir='ltr'><strong>disputationes-</strong></span> 
     </span>
    </p>
   </div>
   <div class='ocr_carea' id='block_1_91' title="bbox 1009 1524 1803 1560">
    <p class='ocr_par' dir='ltr' id='par_1_91' title="bbox 1009 1524 1803 1560">
     <span class='ocr_line' id='line_1_91' title="bbox 1009 1524 1803 1560; baseline -0.001 -8"><span class='ocrx_word' id='word_1_678' title='bbox 1009 1533 1062 1560; x_wconf 90' lang='lat' dir='ltr'><strong>que</strong></span> <span class='ocrx_word' id='word_1_679' title='bbox 1078 1528 1105 1552; x_wconf 91' lang='lat' dir='ltr'><strong>et</strong></span> <span class='ocrx_word' id='word_1_680' title='bbox 1128 1524 1161 1552; x_wconf 89' lang='lat' dir='ltr'><strong>de</strong></span> <span class='ocrx_word' id='word_1_681' title='bbox 1183 1525 1362 1560; x_wconf 69' lang='lat' dir='ltr'><strong>grammatica</strong></span> <span class='ocrx_word' id='word_1_682' title='bbox 1388 1528 1415 1552; x_wconf 91' lang='lat' dir='ltr'><strong>et</strong></span> <span class='ocrx_word' id='word_1_683' title='bbox 1441 1525 1474 1551; x_wconf 91' lang='lat' dir='ltr'><strong>de</strong></span> <span class='ocrx_word' id='word_1_684' title='bbox 1502 1524 1637 1552; x_wconf 83' lang='lat' dir='ltr'><strong>medicina</strong></span> <span class='ocrx_word' id='word_1_685' title='bbox 1672 1524 1803 1560; x_wconf 82' lang='lat' dir='ltr'><strong>proferet,</strong></span> 
     </span>
    </p>
   </div>
   <div class='ocr_carea' id='block_1_92' title="bbox 1011 1571 1804 1606">
    <p class='ocr_par' dir='ltr' id='par_1_92' title="bbox 1011 1571 1804 1606">
     <span class='ocr_line' id='line_1_92' title="bbox 1011 1571 1804 1606; baseline -0.001 -8"><span class='ocrx_word' id='word_1_686' title='bbox 1011 1571 1089 1605; x_wconf 74' lang='lat'><strong>152</strong></span> <span class='ocrx_word' id='word_1_687' title='bbox 1108 1579 1157 1598; x_wconf 88' lang='lat' dir='ltr'><strong>nec</strong></span> <span class='ocrx_word' id='word_1_688' title='bbox 1172 1579 1227 1598; x_wconf 89' lang='lat' dir='ltr'><strong>non</strong></span> <span class='ocrx_word' id='word_1_689' title='bbox 1244 1571 1269 1597; x_wconf 93' lang='lat' dir='ltr'><strong>in</strong></span> <span class='ocrx_word' id='word_1_690' title='bbox 1289 1571 1441 1606; x_wconf 87' lang='lat' dir='ltr'><strong>disciplinis</strong></span> <span class='ocrx_word' id='word_1_691' title='bbox 1457 1575 1484 1598; x_wconf 92' lang='lat' dir='ltr'><strong>et</strong></span> <span class='ocrx_word' id='word_1_692' title='bbox 1499 1571 1526 1598; x_wconf 91' lang='lat' dir='ltr'><strong>in</strong></span> <span class='ocrx_word' id='word_1_693' title='bbox 1541 1571 1574 1599; x_wconf 91' lang='lat' dir='ltr'><strong>iis</strong></span> <span class='ocrx_word' id='word_1_694' title='bbox 1590 1579 1650 1606; x_wconf 78' lang='lat' dir='ltr'><strong>qua:</strong></span> <span class='ocrx_word' id='word_1_695' title='bbox 1674 1578 1804 1598; x_wconf 84' lang='lat' dir='ltr'><strong>manuum</strong></span> 
     </span>
    </p>
   </div>
   <div class='ocr_carea' id='block_1_93' title="bbox 1011 1610 1804 1651">
    <p class='ocr_par' dir='ltr' id='par_1_93' title="bbox 1011 1610 1804 1651">
     <span class='ocr_line' id='line_1_93' title="bbox 1011 1610 1804 1651; baseline 0.001 -10"><span class='ocrx_word' id='word_1_696' title='bbox 1011 1615 1164 1643; x_wconf 90' lang='lat' dir='ltr'><strong>ministerio</strong></span> <span class='ocrx_word' id='word_1_697' title='bbox 1187 1615 1381 1648; x_wconf 84' lang='lat' dir='ltr'><strong>coniiciuntur,</strong></span> <span class='ocrx_word' id='word_1_698' title='bbox 1397 1610 1510 1642; x_wconf 65' lang='lat' dir='ltr'><strong>excellet</strong></span> <span class='ocrx_word' id='word_1_699' title='bbox 1528 1625 1533 1642; x_wconf 90' lang='lat'><strong>:</strong></span> <span class='ocrx_word' id='word_1_700' title='bbox 1550 1623 1600 1642; x_wconf 88' lang='lat' dir='ltr'><strong>nec</strong></span> <span class='ocrx_word' id='word_1_701' title='bbox 1620 1623 1741 1651; x_wconf 91' lang='lat' dir='ltr'><strong>unquam</strong></span> <span class='ocrx_word' id='word_1_702' title='bbox 1764 1621 1804 1642; x_wconf 90' lang='lat' dir='ltr'><strong>ta-</strong></span> 
     </span>
    </p>
   </div>
   <div class='ocr_carea' id='block_1_94' title="bbox 1012 1662 1803 1698">
    <p class='ocr_par' dir='ltr' id='par_1_94' title="bbox 1012 1662 1803 1698">
     <span class='ocr_line' id='line_1_94' title="bbox 1012 1662 1803 1698; baseline 0.003 -10"><span class='ocrx_word' id='word_1_703' title='bbox 1012 1669 1073 1688; x_wconf 82' lang='lat' dir='ltr'><strong>men</strong></span> <span class='ocrx_word' id='word_1_704' title='bbox 1097 1663 1242 1697; x_wconf 86' lang='lat' dir='ltr'><strong>quisquam</strong></span> <span class='ocrx_word' id='word_1_705' title='bbox 1266 1662 1355 1688; x_wconf 87' lang='lat' dir='ltr'><strong>adhuc</strong></span> <span class='ocrx_word' id='word_1_706' title='bbox 1381 1662 1474 1696; x_wconf 87' lang='lat' dir='ltr'><strong>plures</strong></span> <span class='ocrx_word' id='word_1_707' title='bbox 1493 1663 1520 1689; x_wconf 90' lang='lat' dir='ltr'><strong>in</strong></span> <span class='ocrx_word' id='word_1_708' title='bbox 1539 1670 1594 1690; x_wconf 93' lang='lat' dir='ltr'><strong>uno</strong></span> <span class='ocrx_word' id='word_1_709' title='bbox 1609 1670 1725 1698; x_wconf 81' lang='lat' dir='ltr'><strong>corpore</strong></span> <span class='ocrx_word' id='word_1_710' title='bbox 1740 1670 1803 1690; x_wconf 84' lang='lat' dir='ltr'><strong>esse</strong></span> 
     </span>
    </p>
   </div>
   <div class='ocr_carea' id='block_1_95' title="bbox 1011 1707 1799 1743">
    <p class='ocr_par' dir='ltr' id='par_1_95' title="bbox 1011 1707 1799 1743">
     <span class='ocr_line' id='line_1_95' title="bbox 1011 1707 1799 1743; baseline 0.005 -9"><span class='ocrx_word' id='word_1_711' title='bbox 1011 1708 1115 1735; x_wconf 89' lang='lat' dir='ltr'><strong>animas</strong></span> <span class='ocrx_word' id='word_1_712' title='bbox 1130 1707 1246 1739; x_wconf 83' lang='lat' dir='ltr'><strong>censuit,</strong></span> <span class='ocrx_word' id='word_1_713' title='bbox 1263 1716 1352 1743; x_wconf 83' lang='lat' dir='ltr'><strong>neque</strong></span> <span class='ocrx_word' id='word_1_714' title='bbox 1377 1716 1442 1735; x_wconf 84' lang='lat' dir='ltr'><strong>vero</strong></span> <span class='ocrx_word' id='word_1_715' title='bbox 1470 1709 1563 1743; x_wconf 88' lang='lat' dir='ltr'><strong>plures</strong></span> <span class='ocrx_word' id='word_1_716' title='bbox 1588 1709 1739 1737; x_wconf 88' lang='lat' dir='ltr'><strong>admiratus</strong></span> <span class='ocrx_word' id='word_1_717' title='bbox 1754 1714 1799 1738; x_wconf 85' lang='lat' dir='ltr'><strong>est</strong></span> 
     </span>
    </p>
   </div>
   <div class='ocr_carea' id='block_1_96' title="bbox 1009 1754 1800 1789">
    <p class='ocr_par' dir='ltr' id='par_1_96' title="bbox 1009 1754 1800 1789">
     <span class='ocr_line' id='line_1_96' title="bbox 1009 1754 1800 1789; baseline 0.003 -9"><span class='ocrx_word' id='word_1_718' title='bbox 1009 1754 1045 1781; x_wconf 88' lang='lat' dir='ltr'><strong>ob</strong></span> <span class='ocrx_word' id='word_1_719' title='bbox 1059 1754 1205 1781; x_wconf 86' lang='lat' dir='ltr'><strong>multarum</strong></span> <span class='ocrx_word' id='word_1_720' title='bbox 1223 1754 1431 1788; x_wconf 88' lang='lat' dir='ltr'><strong>disciplinarum</strong></span> <span class='ocrx_word' id='word_1_721' title='bbox 1450 1754 1663 1789; x_wconf 86' lang='lat' dir='ltr'><strong>perceptionem,</strong></span> <span class='ocrx_word' id='word_1_722' title='bbox 1680 1754 1800 1782; x_wconf 83' lang='lat' dir='ltr'><strong>hominis</strong></span> 
     </span>
    </p>
   </div>
   <div class='ocr_carea' id='block_1_97' title="bbox 1010 1800 1798 1835">
    <p class='ocr_par' dir='ltr' id='par_1_97' title="bbox 1010 1800 1798 1835">
     <span class='ocr_line' id='line_1_97' title="bbox 1010 1800 1798 1835; baseline 0.003 -9"><span class='ocrx_word' id='word_1_723' title='bbox 1010 1800 1250 1833; x_wconf 84' lang='lat' dir='ltr'><strong>facultates.Quod</strong></span> <span class='ocrx_word' id='word_1_724' title='bbox 1264 1801 1286 1828; x_wconf 91' lang='lat' dir='ltr'><strong>si</strong></span> <span class='ocrx_word' id='word_1_725' title='bbox 1297 1801 1360 1835; x_wconf 85' lang='lat' dir='ltr'><strong>quis</strong></span> <span class='ocrx_word' id='word_1_726' title='bbox 1371 1800 1417 1827; x_wconf 89' lang='lat' dir='ltr'><strong>ubi</strong></span> <span class='ocrx_word' id='word_1_727' title='bbox 1427 1800 1572 1827; x_wconf 82' lang='lat' dir='ltr'><strong>informem</strong></span> <span class='ocrx_word' id='word_1_728' title='bbox 1589 1800 1645 1827; x_wconf 92' lang='lat' dir='ltr'><strong>limi</strong></span> <span class='ocrx_word' id='word_1_729' title='bbox 1655 1801 1798 1828; x_wconf 85' lang='lat' dir='ltr'><strong>materiam</strong></span> 
     </span>
    </p>
   </div>
   <div class='ocr_carea' id='block_1_98' title="bbox 1008 1847 1799 1879">
    <p class='ocr_par' dir='ltr' id='par_1_98' title="bbox 1008 1847 1799 1879">
     <span class='ocr_line' id='line_1_98' title="bbox 1008 1847 1799 1879; baseline 0 -5"><span class='ocrx_word' id='word_1_730' title='bbox 1008 1851 1105 1874; x_wconf 87' lang='lat' dir='ltr'><strong>nactus</strong></span> <span class='ocrx_word' id='word_1_731' title='bbox 1121 1852 1211 1879; x_wconf 83' lang='lat' dir='ltr'><strong>est,ac</strong></span> <span class='ocrx_word' id='word_1_732' title='bbox 1228 1847 1326 1874; x_wconf 86' lang='lat' dir='ltr'><strong>deinde</strong></span> <span class='ocrx_word' id='word_1_733' title='bbox 1344 1847 1471 1874; x_wconf 90' lang='lat' dir='ltr'><strong>manibus</strong></span> <span class='ocrx_word' id='word_1_734' title='bbox 1481 1847 1604 1879; x_wconf 85' lang='lat' dir='ltr'><strong>mollivit,</strong></span> <span class='ocrx_word' id='word_1_735' title='bbox 1621 1851 1678 1874; x_wconf 93' lang='lat' dir='ltr'><strong>tum</strong></span> <span class='ocrx_word' id='word_1_736' title='bbox 1694 1847 1799 1875; x_wconf 85' lang='lat' dir='ltr'><strong>anima-</strong></span> 
     </span>
    </p>
   </div>
   <div class='ocr_carea' id='block_1_99' title="bbox 1007 1893 1800 1929">
    <p class='ocr_par' dir='ltr' id='par_1_99' title="bbox 1007 1893 1800 1929">
     <span class='ocr_line' id='line_1_99' title="bbox 1007 1893 1800 1929; baseline 0.001 -9"><span class='ocrx_word' id='word_1_737' title='bbox 1007 1894 1042 1921; x_wconf 90' lang='lat' dir='ltr'><strong>lis</strong></span> <span class='ocrx_word' id='word_1_738' title='bbox 1060 1893 1173 1921; x_wconf 80' lang='lat' dir='ltr'><strong>fortnam</strong></span> <span class='ocrx_word' id='word_1_739' title='bbox 1191 1893 1330 1929; x_wconf 83' lang='lat' dir='ltr'><strong>adjungat.</strong></span> <span class='ocrx_word' id='word_1_740' title='bbox 1350 1898 1378 1921; x_wconf 89' lang='lat' dir='ltr'><strong>ut</strong></span> <span class='ocrx_word' id='word_1_741' title='bbox 1398 1894 1450 1920; x_wconf 90' lang='lat' dir='ltr'><strong>alio</strong></span> <span class='ocrx_word' id='word_1_742' title='bbox 1465 1893 1574 1928; x_wconf 88' lang='lat' dir='ltr'><strong>quidem</strong></span> <span class='ocrx_word' id='word_1_743' title='bbox 1592 1893 1686 1921; x_wconf 86' lang='lat' dir='ltr'><strong>habitu</strong></span> <span class='ocrx_word' id='word_1_744' title='bbox 1705 1898 1800 1929; x_wconf 89' lang='lat' dir='ltr'><strong>caput,</strong></span> 
     </span>
    </p>
   </div>
   <div class='ocr_carea' id='block_1_100' title="bbox 1007 1940 1801 1976">
    <p class='ocr_par' dir='ltr' id='par_1_100' title="bbox 1007 1940 1801 1976">
     <span class='ocr_line' id='line_1_100' title="bbox 1007 1940 1801 1976; baseline -0.003 -8"><span class='ocrx_word' id='word_1_745' title='bbox 1007 1949 1159 1976; x_wconf 85' lang='lat' dir='ltr'><strong>manusque</strong></span> <span class='ocrx_word' id='word_1_746' title='bbox 1176 1945 1202 1968; x_wconf 88' lang='lat' dir='ltr'><strong>et</strong></span> <span class='ocrx_word' id='word_1_747' title='bbox 1214 1940 1296 1975; x_wconf 87' lang='lat' dir='ltr'><strong>pedes</strong></span> <span class='ocrx_word' id='word_1_748' title='bbox 1311 1940 1373 1972; x_wconf 86' lang='lat' dir='ltr'><strong>alio,</strong></span> <span class='ocrx_word' id='word_1_749' title='bbox 1392 1944 1419 1967; x_wconf 84' lang='lat' dir='ltr'><strong>et</strong></span> <span class='ocrx_word' id='word_1_750' title='bbox 1436 1940 1490 1967; x_wconf 91' lang='lat' dir='ltr'><strong>alio</strong></span> <span class='ocrx_word' id='word_1_751' title='bbox 1510 1947 1608 1967; x_wconf 87' lang='lat' dir='ltr'><strong>rursus</strong></span> <span class='ocrx_word' id='word_1_752' title='bbox 1622 1940 1728 1971; x_wconf 87' lang='lat' dir='ltr'><strong>oculos,</strong></span> <span class='ocrx_word' id='word_1_753' title='bbox 1744 1944 1801 1967; x_wconf 92' lang='lat' dir='ltr'><strong>tum</strong></span> 
     </span>
    </p>
   </div>
   <div class='ocr_carea' id='block_1_101' title="bbox 1006 1987 1802 2022">
    <p class='ocr_par' dir='ltr' id='par_1_101' title="bbox 1006 1987 1802 2022">
     <span class='ocr_line' id='line_1_101' title="bbox 1006 1987 1802 2022; baseline -0.001 -8"><span class='ocrx_word' id='word_1_754' title='bbox 1006 1995 1089 2022; x_wconf 73' lang='lat' dir='ltr'><strong>genas</strong></span> <span class='ocrx_word' id='word_1_755' title='bbox 1113 1987 1216 2019; x_wconf 84' lang='lat' dir='ltr'><strong>itidem,</strong></span> <span class='ocrx_word' id='word_1_756' title='bbox 1232 1994 1367 2021; x_wconf 88' lang='lat' dir='ltr'><strong>auresque</strong></span> <span class='ocrx_word' id='word_1_757' title='bbox 1393 1990 1420 2013; x_wconf 88' lang='lat' dir='ltr'><strong>et</strong></span> <span class='ocrx_word' id='word_1_758' title='bbox 1435 1994 1476 2017; x_wconf 88' lang='lat' dir='ltr'><strong>os,</strong></span> <span class='ocrx_word' id='word_1_759' title='bbox 1494 1990 1521 2013; x_wconf 88' lang='lat' dir='ltr'><strong>et</strong></span> <span class='ocrx_word' id='word_1_760' title='bbox 1545 1993 1637 2018; x_wconf 87' lang='lat' dir='ltr'><strong>nares,</strong></span> <span class='ocrx_word' id='word_1_761' title='bbox 1648 1990 1802 2020; x_wconf 82' lang='lat' dir='ltr'><strong>pectusque</strong></span> 
     </span>
    </p>
   </div>
   <div class='ocr_carea' id='block_1_102' title="bbox 1005 2031 1802 2068">
    <p class='ocr_par' dir='ltr' id='par_1_102' title="bbox 1005 2031 1802 2068">
     <span class='ocr_line' id='line_1_102' title="bbox 1005 2031 1802 2068; baseline -0.004 -8"><span class='ocrx_word' id='word_1_762' title='bbox 1005 2038 1087 2068; x_wconf 88' lang='lat' dir='ltr'><strong>atque</strong></span> <span class='ocrx_word' id='word_1_763' title='bbox 1102 2034 1230 2060; x_wconf 88' lang='lat' dir='ltr'><strong>humeros</strong></span> <span class='ocrx_word' id='word_1_764' title='bbox 1246 2032 1375 2060; x_wconf 80' lang='lat' dir='ltr'><strong>informet</strong></span> <span class='ocrx_word' id='word_1_765' title='bbox 1391 2040 1441 2060; x_wconf 91' lang='lat' dir='ltr'><strong>suo</strong></span> <span class='ocrx_word' id='word_1_766' title='bbox 1461 2032 1507 2058; x_wconf 92' lang='lat' dir='ltr'><strong>illo</strong></span> <span class='ocrx_word' id='word_1_767' title='bbox 1524 2031 1640 2066; x_wconf 77' lang='lat' dir='ltr'><strong>fingendi</strong></span> <span class='ocrx_word' id='word_1_768' title='bbox 1658 2031 1776 2058; x_wconf 87' lang='lat' dir='ltr'><strong>artificio</strong></span> <span class='ocrx_word' id='word_1_769' title='bbox 1795 2039 1802 2056; x_wconf 92' lang='lat'>:</span> 
     </span>
    </p>
   </div>
   <div class='ocr_carea' id='block_1_103' title="bbox 1004 2078 1819 2117">
    <p class='ocr_par' dir='ltr' id='par_1_103' title="bbox 1004 2078 1819 2117">
     <span class='ocr_line' id='line_1_103' title="bbox 1004 2078 1819 2117; baseline -0.005 -9"><span class='ocrx_word' id='word_1_770' title='bbox 1004 2089 1069 2108; x_wconf 92' lang='lat' dir='ltr'><strong>num</strong></span> <span class='ocrx_word' id='word_1_771' title='bbox 1094 2085 1235 2116; x_wconf 80' lang='lat' dir='ltr'><strong>propterea</strong></span> <span class='ocrx_word' id='word_1_772' title='bbox 1256 2079 1453 2115; x_wconf 42' lang='lat' dir='ltr'><strong>quod&#39;multos</strong></span> <span class='ocrx_word' id='word_1_773' title='bbox 1470 2078 1590 2109; x_wconf 85' lang='lat' dir='ltr'><strong>habitus,</strong></span> <span class='ocrx_word' id='word_1_774' title='bbox 1608 2082 1635 2105; x_wconf 90' lang='lat' dir='ltr'><strong>et</strong></span> <span class='ocrx_word' id='word_1_775' title='bbox 1662 2079 1800 2109; x_wconf 86' lang='lat' dir='ltr'><strong>membra,</strong></span> <span class='ocrx_word' id='word_1_776' title='bbox 1816 2115 1819 2117; x_wconf 12' lang='grc' dir='ltr'><strong>γ</strong></span> 
     </span>
    </p>
   </div>
   <div class='ocr_carea' id='block_1_104' title="bbox 1004 2123 1794 2161">
    <p class='ocr_par' dir='ltr' id='par_1_104' title="bbox 1004 2123 1794 2161">
     <span class='ocr_line' id='line_1_104' title="bbox 1004 2123 1794 2161; baseline -0.004 -9"><span class='ocrx_word' id='word_1_777' title='bbox 1004 2131 1030 2153; x_wconf 89' lang='lat' dir='ltr'><strong>et</strong></span> <span class='ocrx_word' id='word_1_778' title='bbox 1044 2131 1134 2161; x_wconf 89' lang='lat' dir='ltr'><strong>partes</strong></span> <span class='ocrx_word' id='word_1_779' title='bbox 1151 2126 1202 2153; x_wconf 83' lang='lat' dir='ltr'><strong>sub</strong></span> <span class='ocrx_word' id='word_1_780' title='bbox 1214 2134 1268 2152; x_wconf 91' lang='lat' dir='ltr'><strong>uno</strong></span> <span class='ocrx_word' id='word_1_781' title='bbox 1284 2133 1399 2160; x_wconf 88' lang='lat' dir='ltr'><strong>corpore</strong></span> <span class='ocrx_word' id='word_1_782' title='bbox 1415 2124 1568 2154; x_wconf 81' lang='lat' dir='ltr'><strong>fabricavit.</strong></span> <span class='ocrx_word' id='word_1_783' title='bbox 1587 2123 1699 2150; x_wconf 88' lang='lat' dir='ltr'><strong>totidem</strong></span> <span class='ocrx_word' id='word_1_784' title='bbox 1712 2131 1794 2159; x_wconf 85' lang='lat' dir='ltr'><strong>opor-</strong></span> 
     </span>
    </p>
   </div>
   <div class='ocr_carea' id='block_1_105' title="bbox 1005 2169 1796 2204">
    <p class='ocr_par' dir='ltr' id='par_1_105' title="bbox 1005 2169 1796 2204">
     <span class='ocr_line' id='line_1_105' title="bbox 1005 2169 1796 2204; baseline -0.005 -4"><span class='ocrx_word' id='word_1_785' title='bbox 1005 2175 1043 2200; x_wconf 84' lang='lat' dir='ltr'><strong>tet</strong></span> <span class='ocrx_word' id='word_1_786' title='bbox 1067 2172 1245 2199; x_wconf 80' lang='lat' dir='ltr'><strong>fabricatores</strong></span> <span class='ocrx_word' id='word_1_787' title='bbox 1261 2171 1413 2198; x_wconf 84' lang='lat' dir='ltr'><strong>arbitrari?</strong></span> <span class='ocrx_word' id='word_1_788' title='bbox 1429 2178 1462 2196; x_wconf 89' lang='lat' dir='ltr'><strong>an</strong></span> <span class='ocrx_word' id='word_1_789' title='bbox 1483 2171 1573 2204; x_wconf 87' lang='lat' dir='ltr'><strong>potius</strong></span> <span class='ocrx_word' id='word_1_790' title='bbox 1589 2169 1710 2197; x_wconf 88' lang='lat' dir='ltr'><strong>universi</strong></span> <span class='ocrx_word' id='word_1_791' title='bbox 1727 2171 1796 2197; x_wconf 85' lang='lat' dir='ltr'><strong>arti-</strong></span> 
     </span>
    </p>
   </div>
   <div class='ocr_carea' id='block_1_106' title="bbox 1004 2216 1797 2251">
    <p class='ocr_par' dir='ltr' id='par_1_106' title="bbox 1004 2216 1797 2251">
     <span class='ocr_line' id='line_1_106' title="bbox 1004 2216 1797 2251; baseline -0.003 -5"><span class='ocrx_word' id='word_1_792' title='bbox 1004 2219 1081 2246; x_wconf 89' lang='lat' dir='ltr'><strong>ficem</strong></span> <span class='ocrx_word' id='word_1_793' title='bbox 1104 2219 1178 2246; x_wconf 88' lang='lat' dir='ltr'><strong>illico</strong></span> <span class='ocrx_word' id='word_1_794' title='bbox 1194 2223 1221 2245; x_wconf 85' lang='lat' dir='ltr'><strong>et</strong></span> <span class='ocrx_word' id='word_1_795' title='bbox 1236 2217 1392 2248; x_wconf 84' lang='lat' dir='ltr'><strong>confertim,</strong></span> <span class='ocrx_word' id='word_1_796' title='bbox 1409 2217 1455 2251; x_wconf 91' lang='lat' dir='ltr'><strong>qui</strong></span> <span class='ocrx_word' id='word_1_797' title='bbox 1479 2224 1533 2243; x_wconf 90' lang='lat' dir='ltr'><strong>uno</strong></span> <span class='ocrx_word' id='word_1_798' title='bbox 1554 2216 1672 2243; x_wconf 92' lang='lat' dir='ltr'><strong>consilio</strong></span> <span class='ocrx_word' id='word_1_799' title='bbox 1688 2224 1797 2251; x_wconf 86' lang='lat' dir='ltr'><strong>unaque</strong></span> 
     </span>
    </p>
   </div>
   <div class='ocr_carea' id='block_1_107' title="bbox 1003 2261 1798 2292">
    <p class='ocr_par' dir='ltr' id='par_1_107' title="bbox 1003 2261 1798 2292">
     <span class='ocr_line' id='line_1_107' title="bbox 1003 2261 1798 2292; baseline -0.003 -2"><span class='ocrx_word' id='word_1_800' title='bbox 1003 2264 1131 2292; x_wconf 87' lang='lat' dir='ltr'><strong>facultate</strong></span> <span class='ocrx_word' id='word_1_801' title='bbox 1157 2269 1243 2290; x_wconf 90' lang='lat' dir='ltr'><strong>totum</strong></span> <span class='ocrx_word' id='word_1_802' title='bbox 1269 2266 1311 2290; x_wconf 81' lang='lat' dir='ltr'><strong>est</strong></span> <span class='ocrx_word' id='word_1_803' title='bbox 1334 2262 1549 2292; x_wconf 87' lang='lat' dir='ltr'><strong>architectatus,</strong></span> <span class='ocrx_word' id='word_1_804' title='bbox 1575 2261 1724 2289; x_wconf 66' lang='lat' dir='ltr'><strong>extollere?</strong></span> <span class='ocrx_word' id='word_1_805' title='bbox 1739 2262 1798 2289; x_wconf 87' lang='lat' dir='ltr'><strong>Cur</strong></span> 
     </span>
    </p>
   </div>
   <div class='ocr_carea' id='block_1_108' title="bbox 1005 2308 1790 2346">
    <p class='ocr_par' dir='ltr' id='par_1_108' title="bbox 1005 2308 1790 2346">
     <span class='ocr_line' id='line_1_108' title="bbox 1005 2308 1790 2346; baseline -0.005 -8"><span class='ocrx_word' id='word_1_806' title='bbox 1005 2311 1088 2346; x_wconf 81' lang='lat' dir='ltr'><strong>igitur</strong></span> <span class='ocrx_word' id='word_1_807' title='bbox 1108 2311 1134 2337; x_wconf 94' lang='lat' dir='ltr'><strong>in</strong></span> <span class='ocrx_word' id='word_1_808' title='bbox 1158 2310 1209 2337; x_wconf 90' lang='lat' dir='ltr'><strong>hoc</strong></span> <span class='ocrx_word' id='word_1_809' title='bbox 1235 2309 1363 2336; x_wconf 88' lang='lat' dir='ltr'><strong>universo</strong></span> <span class='ocrx_word' id='word_1_810' title='bbox 1382 2308 1455 2343; x_wconf 91' lang='lat' dir='ltr'><strong>quod</strong></span> <span class='ocrx_word' id='word_1_811' title='bbox 1476 2315 1560 2334; x_wconf 92' lang='lat' dir='ltr'><strong>unum</strong></span> <span class='ocrx_word' id='word_1_812' title='bbox 1583 2311 1641 2339; x_wconf 83' lang='lat' dir='ltr'><strong>est,</strong></span> <span class='ocrx_word' id='word_1_813' title='bbox 1665 2309 1790 2342; x_wconf 88' lang='lat' dir='ltr'><strong>quamvis</strong></span> 
     </span>
    </p>
   </div>
   <div class='ocr_carea' id='block_1_109' title="bbox 1006 2353 1799 2390">
    <p class='ocr_par' dir='ltr' id='par_1_109' title="bbox 1006 2353 1799 2390">
     <span class='ocr_line' id='line_1_109' title="bbox 1006 2353 1799 2390; baseline -0.001 -8"><span class='ocrx_word' id='word_1_814' title='bbox 1006 2356 1099 2382; x_wconf 90' lang='lat' dir='ltr'><strong>multis</strong></span> <span class='ocrx_word' id='word_1_815' title='bbox 1116 2355 1238 2390; x_wconf 86' lang='lat' dir='ltr'><strong>partibus</strong></span> <span class='ocrx_word' id='word_1_816' title='bbox 1255 2357 1377 2384; x_wconf 84' lang='lat' dir='ltr'><strong>constet,</strong></span> <span class='ocrx_word' id='word_1_817' title='bbox 1397 2353 1498 2380; x_wconf 89' lang='lat' dir='ltr'><strong>multos</strong></span> <span class='ocrx_word' id='word_1_818' title='bbox 1522 2357 1629 2387; x_wconf 88' lang='lat' dir='ltr'><strong>oportet</strong></span> <span class='ocrx_word' id='word_1_819' title='bbox 1644 2353 1799 2388; x_wconf 74' lang='lat' dir='ltr'><strong>confingere</strong></span> 
     </span>
    </p>
   </div>
   <div class='ocr_carea' id='block_1_110' title="bbox 1005 2398 1799 2435">
    <p class='ocr_par' dir='ltr' id='par_1_110' title="bbox 1005 2398 1799 2435">
     <span class='ocr_line' id='line_1_110' title="bbox 1005 2398 1799 2435; baseline -0.001 -8"><span class='ocrx_word' id='word_1_820' title='bbox 1005 2400 1127 2435; x_wconf 82' lang='lat' dir='ltr'><strong>opifices,</strong></span> <span class='ocrx_word' id='word_1_821' title='bbox 1151 2404 1178 2427; x_wconf 90' lang='lat' dir='ltr'><strong>et</strong></span> <span class='ocrx_word' id='word_1_822' title='bbox 1205 2399 1304 2426; x_wconf 92' lang='lat' dir='ltr'><strong>multos</strong></span> <span class='ocrx_word' id='word_1_823' title='bbox 1324 2398 1390 2426; x_wconf 88' lang='lat' dir='ltr'><strong>deos</strong></span> <span class='ocrx_word' id='word_1_824' title='bbox 1412 2398 1566 2430; x_wconf 87' lang='lat' dir='ltr'><strong>nominare,</strong></span> <span class='ocrx_word' id='word_1_825' title='bbox 1589 2405 1620 2424; x_wconf 89' lang='lat' dir='ltr'><strong>ac</strong></span> <span class='ocrx_word' id='word_1_826' title='bbox 1635 2405 1690 2424; x_wconf 91' lang='lat' dir='ltr'><strong>non</strong></span> <span class='ocrx_word' id='word_1_827' title='bbox 1707 2398 1799 2433; x_wconf 77' lang='lat' dir='ltr'><strong>potius</strong></span> 
     </span>
    </p>
   </div>
   <div class='ocr_carea' id='block_1_111' title="bbox 1007 2444 1796 2479">
    <p class='ocr_par' dir='ltr' id='par_1_111' title="bbox 1007 2444 1796 2479">
     <span class='ocr_line' id='line_1_111' title="bbox 1007 2444 1796 2479; baseline -0.004 -6"><span class='ocrx_word' id='word_1_828' title='bbox 1007 2455 1086 2474; x_wconf 87' lang='lat' dir='ltr'><strong>unam</strong></span> <span class='ocrx_word' id='word_1_829' title='bbox 1100 2447 1178 2473; x_wconf 85' lang='lat' dir='ltr'><strong>fateri</strong></span> <span class='ocrx_word' id='word_1_830' title='bbox 1191 2454 1284 2473; x_wconf 74' lang='lat' dir='ltr'><strong>revera</strong></span> <span class='ocrx_word' id='word_1_831' title='bbox 1300 2445 1347 2472; x_wconf 89' lang='lat' dir='ltr'><strong>Dei</strong></span> <span class='ocrx_word' id='word_1_832' title='bbox 1364 2445 1502 2476; x_wconf 84' lang='lat' dir='ltr'><strong>virtutem,</strong></span> <span class='ocrx_word' id='word_1_833' title='bbox 1519 2448 1544 2471; x_wconf 91' lang='lat' dir='ltr'><strong>et</strong></span> <span class='ocrx_word' id='word_1_834' title='bbox 1557 2444 1604 2471; x_wconf 88' lang='lat' dir='ltr'><strong>Dei</strong></span> <span class='ocrx_word' id='word_1_835' title='bbox 1619 2444 1796 2479; x_wconf 84' lang='lat' dir='ltr'><strong>sapientiam,</strong></span> 
     </span>
    </p>
   </div>
   <div class='ocr_carea' id='block_1_112' title="bbox 1006 2488 1792 2527">
    <p class='ocr_par' dir='ltr' id='par_1_112' title="bbox 1006 2488 1792 2527">
     <span class='ocr_line' id='line_1_112' title="bbox 1006 2488 1792 2527; baseline -0.003 -8"><span class='ocrx_word' id='word_1_836' title='bbox 1006 2500 1065 2527; x_wconf 77' lang='lat' dir='ltr'><strong>qtae</strong></span> <span class='ocrx_word' id='word_1_837' title='bbox 1082 2500 1134 2518; x_wconf 72' lang='lat' dir='ltr'><strong>uita</strong></span> <span class='ocrx_word' id='word_1_838' title='bbox 1148 2491 1275 2518; x_wconf 78' lang='lat' dir='ltr'><strong>facultate</strong></span> <span class='ocrx_word' id='word_1_839' title='bbox 1295 2498 1402 2525; x_wconf 84' lang='lat' dir='ltr'><strong>unaque</strong></span> <span class='ocrx_word' id='word_1_840' title='bbox 1418 2489 1530 2517; x_wconf 80' lang='lat' dir='ltr'><strong>solertia</strong></span> <span class='ocrx_word' id='word_1_841' title='bbox 1547 2489 1654 2515; x_wconf 86' lang='lat' dir='ltr'><strong>eunetis</strong></span> <span class='ocrx_word' id='word_1_842' title='bbox 1679 2488 1792 2517; x_wconf 79' lang='lat' dir='ltr'><strong>rebuset</strong></span> 
     </span>
    </p>
   </div>
   <div class='ocr_carea' id='block_1_113' title="bbox 1006 2535 1797 2572">
    <p class='ocr_par' dir='ltr' id='par_1_113' title="bbox 1006 2535 1797 2572">
     <span class='ocr_line' id='line_1_113' title="bbox 1006 2535 1797 2572; baseline -0.004 -7"><span class='ocrx_word' id='word_1_843' title='bbox 1006 2543 1131 2565; x_wconf 82' lang='lat' dir='ltr'><strong>naturam</strong></span> <span class='ocrx_word' id='word_1_844' title='bbox 1149 2544 1200 2572; x_wconf 90' lang='lat' dir='ltr'><strong>qua</strong></span> <span class='ocrx_word' id='word_1_845' title='bbox 1216 2540 1279 2563; x_wconf 89' lang='lat' dir='ltr'><strong>sunt</strong></span> <span class='ocrx_word' id='word_1_846' title='bbox 1301 2541 1327 2564; x_wconf 88' lang='lat' dir='ltr'><strong>et</strong></span> <span class='ocrx_word' id='word_1_847' title='bbox 1347 2535 1428 2562; x_wconf 86' lang='lat' dir='ltr'><strong>vitam</strong></span> <span class='ocrx_word' id='word_1_848' title='bbox 1446 2535 1571 2569; x_wconf 77' lang='lat' dir='ltr'><strong>largitur,</strong></span> <span class='ocrx_word' id='word_1_849' title='bbox 1585 2541 1691 2561; x_wconf 89' lang='lat' dir='ltr'><strong>necnon</strong></span> <span class='ocrx_word' id='word_1_850' title='bbox 1706 2537 1797 2562; x_wconf 64' lang='lat' dir='ltr'><strong>omn‘e-</strong></span> 
     </span>
    </p>
   </div>
   <div class='ocr_carea' id='block_1_114' title="bbox 1007 2580 1796 2617">
    <p class='ocr_par' dir='ltr' id='par_1_114' title="bbox 1007 2580 1796 2617">
     <span class='ocr_line' id='line_1_114' title="bbox 1007 2580 1796 2617; baseline -0.006 -6"><span class='ocrx_word' id='word_1_851' title='bbox 1007 2585 1057 2611; x_wconf 88' lang='lat' dir='ltr'><strong>bus</strong></span> <span class='ocrx_word' id='word_1_852' title='bbox 1080 2584 1183 2610; x_wconf 87' lang='lat' dir='ltr'><strong>varium</strong></span> <span class='ocrx_word' id='word_1_853' title='bbox 1202 2582 1235 2610; x_wconf 89' lang='lat' dir='ltr'><strong>de</strong></span> <span class='ocrx_word' id='word_1_854' title='bbox 1259 2583 1348 2617; x_wconf 87' lang='lat' dir='ltr'><strong>seipsa</strong></span> <span class='ocrx_word' id='word_1_855' title='bbox 1374 2581 1507 2609; x_wconf 88' lang='lat' dir='ltr'><strong>ubertatis</strong></span> <span class='ocrx_word' id='word_1_856' title='bbox 1530 2580 1632 2607; x_wconf 85' lang='lat' dir='ltr'><strong>fontem</strong></span> <span class='ocrx_word' id='word_1_857' title='bbox 1661 2580 1796 2607; x_wconf 83' lang='lat' dir='ltr'><strong>submini-</strong></span> 
     </span>
    </p>
   </div>
   <div class='ocr_carea' id='block_1_115' title="bbox 1007 2626 1796 2658">
    <p class='ocr_par' dir='ltr' id='par_1_115' title="bbox 1007 2626 1796 2658">
     <span class='ocr_line' id='line_1_115' title="bbox 1007 2626 1796 2658; baseline -0.005 -1"><span class='ocrx_word' id='word_1_858' title='bbox 1007 2631 1094 2658; x_wconf 86' lang='lat' dir='ltr'><strong>strat?</strong></span> <span class='ocrx_word' id='word_1_859' title='bbox 1111 2630 1156 2657; x_wconf 90' lang='lat' dir='ltr'><strong>Sic</strong></span> <span class='ocrx_word' id='word_1_860' title='bbox 1171 2630 1252 2657; x_wconf 86' lang='lat' dir='ltr'><strong>etiam</strong></span> <span class='ocrx_word' id='word_1_861' title='bbox 1271 2628 1369 2656; x_wconf 87' lang='lat' dir='ltr'><strong>solaris</strong></span> <span class='ocrx_word' id='word_1_862' title='bbox 1394 2628 1505 2654; x_wconf 86' lang='lat' dir='ltr'><strong>lmninis</strong></span> <span class='ocrx_word' id='word_1_863' title='bbox 1525 2634 1579 2653; x_wconf 90' lang='lat' dir='ltr'><strong>una</strong></span> <span class='ocrx_word' id='word_1_864' title='bbox 1594 2630 1621 2654; x_wconf 88' lang='lat' dir='ltr'><strong>et</strong></span> <span class='ocrx_word' id='word_1_865' title='bbox 1637 2626 1732 2654; x_wconf 90' lang='lat' dir='ltr'><strong>eadem</strong></span> <span class='ocrx_word' id='word_1_866' title='bbox 1749 2633 1796 2653; x_wconf 88' lang='lat' dir='ltr'><strong>ac—</strong></span> 
     </span>
    </p>
   </div>
   <div class='ocr_carea' id='block_1_116' title="bbox 1006 2671 1797 2708">
    <p class='ocr_par' dir='ltr' id='par_1_116' title="bbox 1006 2671 1797 2708">
     <span class='ocr_line' id='line_1_116' title="bbox 1006 2671 1797 2708; baseline -0.006 -5"><span class='ocrx_word' id='word_1_867' title='bbox 1006 2676 1107 2708; x_wconf 85' lang='lat' dir='ltr'><strong>cessio,</strong></span> <span class='ocrx_word' id='word_1_868' title='bbox 1127 2675 1208 2702; x_wconf 92' lang='lat' dir='ltr'><strong>simul</strong></span> <span class='ocrx_word' id='word_1_869' title='bbox 1224 2674 1374 2708; x_wconf 82' lang='lat' dir='ltr'><strong>eodeutque</strong></span> <span class='ocrx_word' id='word_1_870' title='bbox 1391 2677 1511 2708; x_wconf 81' lang='lat' dir='ltr'><strong>tempore</strong></span> <span class='ocrx_word' id='word_1_871' title='bbox 1527 2680 1616 2699; x_wconf 84' lang='lat' dir='ltr'><strong>aerem</strong></span> <span class='ocrx_word' id='word_1_872' title='bbox 1633 2672 1742 2707; x_wconf 91' lang='lat' dir='ltr'><strong>quidem</strong></span> <span class='ocrx_word' id='word_1_873' title='bbox 1758 2671 1797 2698; x_wconf 89' lang='lat' dir='ltr'><strong>ir-</strong></span> 
     </span>
    </p>
   </div>
   <div class='ocr_carea' id='block_1_117' title="bbox 1006 2717 1794 2754">
    <p class='ocr_par' dir='ltr' id='par_1_117' title="bbox 1006 2717 1794 2754">
     <span class='ocr_line' id='line_1_117' title="bbox 1006 2717 1794 2754; baseline -0.008 -4"><span class='ocrx_word' id='word_1_874' title='bbox 1006 2724 1106 2754; x_wconf 86' lang='lat' dir='ltr'><strong>radiat,</strong></span> <span class='ocrx_word' id='word_1_875' title='bbox 1130 2722 1266 2749; x_wconf 83' lang='lat' dir='ltr'><strong>illuminat</strong></span> <span class='ocrx_word' id='word_1_876' title='bbox 1283 2729 1348 2747; x_wconf 90' lang='lat' dir='ltr'><strong>vero</strong></span> <span class='ocrx_word' id='word_1_877' title='bbox 1370 2720 1475 2751; x_wconf 89' lang='lat' dir='ltr'><strong>oculos,</strong></span> <span class='ocrx_word' id='word_1_878' title='bbox 1495 2723 1577 2754; x_wconf 82' lang='lat' dir='ltr'><strong>atque</strong></span> <span class='ocrx_word' id='word_1_879' title='bbox 1596 2717 1677 2745; x_wconf 74' lang='lat' dir='ltr'><strong>afficit</strong></span> <span class='ocrx_word' id='word_1_880' title='bbox 1692 2721 1794 2744; x_wconf 88' lang='lat' dir='ltr'><strong>tactum</strong></span> 
     </span>
    </p>
   </div>
   <div class='ocr_carea' id='block_1_118' title="bbox 1006 2764 1792 2802">
    <p class='ocr_par' dir='ltr' id='par_1_118' title="bbox 1006 2764 1792 2802">
     <span class='ocr_line' id='line_1_118' title="bbox 1006 2764 1792 2802; baseline -0.009 -6"><span class='ocrx_word' id='word_1_881' title='bbox 1006 2769 1106 2800; x_wconf 80' lang='lat' dir='ltr'><strong>calore.</strong></span> <span class='ocrx_word' id='word_1_882' title='bbox 1127 2768 1284 2802; x_wconf 83' lang='lat' dir='ltr'><strong>terramque</strong></span> <span class='ocrx_word' id='word_1_883' title='bbox 1309 2766 1424 2793; x_wconf 88' lang='lat' dir='ltr'><strong>fertilem</strong></span> <span class='ocrx_word' id='word_1_884' title='bbox 1447 2764 1547 2796; x_wconf 86' lang='lat' dir='ltr'><strong>reddit,</strong></span> <span class='ocrx_word' id='word_1_885' title='bbox 1574 2764 1682 2799; x_wconf 87' lang='lat' dir='ltr'><strong>plantas</strong></span> <span class='ocrx_word' id='word_1_886' title='bbox 1703 2767 1792 2798; x_wconf 83' lang='lat' dir='ltr'><strong>auget,</strong></span> 
     </span>
    </p>
   </div>
   <div class='ocr_carea' id='block_1_119' title="bbox 1007 2808 1792 2848">
    <p class='ocr_par' dir='ltr' id='par_1_119' title="bbox 1007 2808 1792 2848">
     <span class='ocr_line' id='line_1_119' title="bbox 1007 2808 1792 2848; baseline -0.009 -7"><span class='ocrx_word' id='word_1_887' title='bbox 1007 2819 1115 2848; x_wconf 85' lang='lat' dir='ltr'><strong>tempus</strong></span> <span class='ocrx_word' id='word_1_888' title='bbox 1130 2812 1267 2848; x_wconf 84' lang='lat' dir='ltr'><strong>producit,</strong></span> <span class='ocrx_word' id='word_1_889' title='bbox 1291 2814 1389 2845; x_wconf 76' lang='lat' dir='ltr'><strong>praeest</strong></span> <span class='ocrx_word' id='word_1_890' title='bbox 1417 2809 1566 2840; x_wconf 84' lang='lat' dir='ltr'><strong>sideribus,</strong></span> <span class='ocrx_word' id='word_1_891' title='bbox 1582 2809 1682 2835; x_wconf 61' lang='lat' dir='ltr'><strong>caelum</strong></span> <span class='ocrx_word' id='word_1_892' title='bbox 1697 2808 1792 2838; x_wconf 88' lang='lat' dir='ltr'><strong>ambit,</strong></span> 
     </span>
    </p>
   </div>
   <div class='ocr_carea' id='block_1_120' title="bbox 1006 2854 1792 2890">
    <p class='ocr_par' dir='ltr' id='par_1_120' title="bbox 1006 2854 1792 2890">
     <span class='ocr_line' id='line_1_120' title="bbox 1006 2854 1792 2890; baseline -0.009 -2"><span class='ocrx_word' id='word_1_893' title='bbox 1006 2860 1137 2888; x_wconf 89' lang='lat' dir='ltr'><strong>mundum</strong></span> <span class='ocrx_word' id='word_1_894' title='bbox 1165 2859 1309 2889; x_wconf 79' lang='lat' dir='ltr'><strong>cxltilurat,</strong></span> <span class='ocrx_word' id='word_1_895' title='bbox 1331 2857 1377 2884; x_wconf 88' lang='lat' dir='ltr'><strong>Dei</strong></span> <span class='ocrx_word' id='word_1_896' title='bbox 1403 2857 1456 2883; x_wconf 88' lang='lat' dir='ltr'><strong>vim</strong></span> <span class='ocrx_word' id='word_1_897' title='bbox 1482 2855 1654 2885; x_wconf 85' lang='lat' dir='ltr'><strong>manifestam</strong></span> <span class='ocrx_word' id='word_1_898' title='bbox 1681 2862 1741 2890; x_wconf 57' lang='lat' dir='ltr'><strong>qua;</strong></span> <span class='ocrx_word' id='word_1_899' title='bbox 1765 2854 1792 2881; x_wconf 90' lang='lat' dir='ltr'><strong>in</strong></span> 
     </span>
    </p>
   </div>
   <div class='ocr_carea' id='block_1_121' title="bbox 1007 2898 1792 2933">
    <p class='ocr_par' dir='ltr' id='par_1_121' title="bbox 1007 2898 1792 2933">
     <span class='ocr_line' id='line_1_121' title="bbox 1007 2898 1792 2933; baseline -0.011 -1"><span class='ocrx_word' id='word_1_900' title='bbox 1007 2905 1134 2932; x_wconf 87' lang='lat' dir='ltr'><strong>universo</strong></span> <span class='ocrx_word' id='word_1_901' title='bbox 1161 2903 1242 2933; x_wconf 86' lang='lat' dir='ltr'><strong>inest,</strong></span> <span class='ocrx_word' id='word_1_902' title='bbox 1270 2900 1465 2927; x_wconf 85' lang='lat' dir='ltr'><strong>commendat:</strong></span> <span class='ocrx_word' id='word_1_903' title='bbox 1490 2904 1515 2926; x_wconf 90' lang='lat' dir='ltr'><strong>et</strong></span> <span class='ocrx_word' id='word_1_904' title='bbox 1540 2899 1631 2926; x_wconf 88' lang='lat' dir='ltr'><strong>omnia</strong></span> <span class='ocrx_word' id='word_1_905' title='bbox 1656 2898 1713 2924; x_wconf 61' lang='lat' dir='ltr'><strong>haec</strong></span> <span class='ocrx_word' id='word_1_906' title='bbox 1738 2904 1792 2923; x_wconf 91' lang='lat' dir='ltr'><strong>uno</strong></span> 
     </span>
    </p>
   </div>
   <div class='ocr_carea' id='block_1_122' title="bbox 1007 2943 1791 2980">
    <p class='ocr_par' dir='ltr' id='par_1_122' title="bbox 1007 2943 1791 2980">
     <span class='ocr_line' id='line_1_122' title="bbox 1007 2943 1791 2980; baseline -0.011 -1"><span class='ocrx_word' id='word_1_907' title='bbox 1007 2954 1143 2979; x_wconf 86' lang='lat' dir='ltr'><strong>momento</strong></span> <span class='ocrx_word' id='word_1_908' title='bbox 1159 2952 1262 2976; x_wconf 76' lang='lat' dir='ltr'><strong>naturae</strong></span> <span class='ocrx_word' id='word_1_909' title='bbox 1277 2946 1449 2973; x_wconf 82' lang='lat' dir='ltr'><strong>administrat</strong></span> <span class='ocrx_word' id='word_1_910' title='bbox 1467 2953 1498 2972; x_wconf 84' lang='lat' dir='ltr'><strong>ac</strong></span> <span class='ocrx_word' id='word_1_911' title='bbox 1513 2945 1628 2980; x_wconf 85' lang='lat' dir='ltr'><strong>perficit.</strong></span> <span class='ocrx_word' id='word_1_912' title='bbox 1645 2943 1717 2979; x_wconf 81' lang='lat' dir='ltr'><strong>Ignis</strong></span> <span class='ocrx_word' id='word_1_913' title='bbox 1727 2950 1791 2979; x_wconf 84' lang='lat' dir='ltr'><strong>quo-</strong></span> 
     </span>
    </p>
   </div>
  </div>
