2071 3219
291 199 346 227 263

607 199 742 228 EUSEBH
760 200 1000 230 CIES-ARIENSIS
1017 188 1091 230 ODP.
1114 203 1206 231 PARS
1225 205 1257 232 ll.
1275 221 1309 226 —
1329 205 1577 235 APOLOGETICA.

1858 213 1912 240 264

291 263 343 292 que
355 259 451 283 natura
466 260 492 283 et
508 263 604 283 aurutn
618 262 717 292 purgat
730 261 758 285 et
769 258 908 293 plumbum
923 258 1069 293 liquefacit,

1124 261 1170 287 καὶ
1186 270 1274 298 πασης
1284 263 1393 299 ἀρετῆς,
1406 265 1454 291 καὶ
1465 265 1547 292 καλοῦ
1561 265 1682 300 κάγαθοῦ
1689 266 1787 300 παντὸς
1805 271 1837 296 ὲκ
1850 271 1906 297 τῶν

289 307 317 330 et
331 308 393 328 cum
410 308 502 328 ceram
515 302 656 334 dissolvat.
678 303 772 329 limum
787 307 877 330 tamen
894 304 1025 335 cxsiecat,
1046 307 1073 331 et

290 347 432 375 materiam
451 347 541 374 adurit
560 358 566 374 ε
584 353 610 374 et
628 348 684 375 haec
699 352 753 375 tam
769 349 864 380 multa,
877 357 931 375 una
943 349 1074 376 duntaxat

291 395 317 422 vi
340 394 516 422 comburendi
533 394 624 422 efﬁcit.
642 395 741 422 Eadem
765 395 871 422 ratione
894 396 1004 424 cmleste
1026 396 1073 424 Dei

291 439 419 472 Verbum,
434 440 507 475 quod
524 445 551 468 et
564 441 648 468 solent
664 442 764 476 ipsum,
780 445 806 468 et
822 442 934 474 etelum,
955 447 981 469 et
995 450 1074 468 mun-

291 487 355 514 dum
369 488 525 515 universum
542 486 692 519 fabricavit,
707 495 768 514 cum
781 486 880 514 efﬁcaci
900 487 924 513 vi
938 487 995 515 suis
1006 495 1073 514 cun-

292 534 343 561 etis
355 535 437 561 rebus
452 533 569 565 intersit,
585 537 612 561 et
628 541 678 568 per
692 534 784 560 omnia
800 538 934 569 penetret,
951 534 1000 561 soli
1012 535 1073 569 qui-

289 579 350 607 dem
373 587 405 607 ac
427 580 497 607 lunae
515 584 597 615 atque
619 580 712 610 astris,
728 579 762 606 de
777 579 886 615 propria
907 587 1013 614 semper
1030 581 1072 608 af-

288 625 381 652 ﬂuenti
392 625 530 656 facultate.
548 626 635 652 instar
650 625 747 660 pluvize
763 625 852 652 lumen
866 625 1000 659 infundit;
1017 634 1073 653 em-

289 671 344 698 lum
359 675 459 704 autem,
477 679 538 698 cum
562 679 618 698 sua:
638 671 833 706 magnitudinis
847 671 880 698 ab
897 672 974 699 initio
989 679 1073 707 appo—

288 716 447 743 sitissimam
472 717 617 752 imaginem
647 716 808 751 protulerit,
830 715 856 742 in
883 723 962 743 omne
986 724 1071 744 aevum

288 761 384 789 suﬁicit
410 762 586 796 conlinctque
611 770 618 795 ;
644 769 705 796 quae
730 765 820 788 autem
852 769 934 796 supra
959 762 1070 794 coelum.

287 815 425 843 supraque
440 808 570 835 mundum
588 809 688 843 degunt
719 812 868 843 potestates
884 828 892 839 ,
915 808 1070 843 angelorum

286 854 383 888 utique
399 861 430 880 ac
455 854 598 888 spirituum
616 854 796 889 intelligentcs
811 854 1010 887 rationalesque
1024 861 1073 880 na-

287 903 371 931 turae,
391 907 438 927 eas
461 903 488 927 et
522 900 575 927 vita
600 900 681 927 simul
700 905 727 927 et
747 899 857 931 lumine.
874 904 902 927 et
917 899 1049 934 sapientia
1063 918 1070 931 ,

288 945 365 980 153
388 950 415 973 et
437 946 570 973 universa:
585 946 730 980 probitatis
749 949 830 981 atque
847 946 998 973 honestatis
1010 945 1071 971 uui-
1088 936 1107 963 Β

284 999 363 1018 versa
379 991 488 1024 virtute,
506 992 539 1019 de
562 992 619 1020 suis
645 992 738 1026 implet
755 992 900 1023 thesauris,
919 991 1000 1026 idque
1016 998 1070 1018 uno

284 1036 433 1072 eodemque
464 1037 531 1065 artis
554 1037 673 1072 opiﬁcio,
701 1037 844 1065 elementis
869 1044 933 1064 vero
957 1040 1069 1064 naturas

283 1082 382 1117 quibus
406 1083 469 1114 sint,
485 1083 604 1118 praebere
625 1091 762 1118 nunquam
791 1082 913 1115 desistit;
937 1082 1068 1110 misturas

283 1133 373 1156 autem
398 1132 424 1156 et
442 1133 666 1164 temperamento,
681 1133 708 1156 et
725 1129 842 1164 species,
868 1132 894 1155 et
915 1128 1026 1159 formas,
1042 1132 1069 1155 et

283 1175 403 1206 habitus,
426 1175 624 1210 qualitatesque
648 1175 870 1205 innumerabiles,
885 1178 940 1200 tant
970 1174 996 1200 in
1012 1174 1073 1200 aui-

282 1222 399 1248 tnalibus
413 1230 493 1256 quam
512 1221 538 1248 in
554 1221 665 1255 plantis,
684 1225 739 1248 tam
766 1221 793 1248 in
819 1221 919 1247 animis
937 1228 1019 1255 qualn
1042 1220 1069 1246 in

282 1267 514 1301 corporibus,tam
529 1266 556 1293 in
572 1266 750 1294 rationalibus
759 1274 839 1302 quam
852 1267 877 1293 in
895 1266 992 1298 brutis,
1002 1266 1070 1293 alias

283 1313 362 1339 aliter
383 1313 501 1344 varians,
517 1316 544 1340 et
556 1313 662 1340 cunctis
678 1313 759 1340 simul
775 1313 866 1339 omnia
884 1320 936 1339 una
954 1313 979 1339 vi
1004 1312 1070 1340 sub-

283 1358 454 1388 ministrans,
479 1363 506 1385 et
529 1365 611 1393 super
635 1358 726 1385 omnia
756 1362 872 1385 mentem
901 1358 1068 1389 hominibus,

283 1413 339 1432 sum
347 1405 432 1440 ipsius
448 1405 623 1440 cognitricem
639 1404 945 1438 contemplatricemque
961 1404 1070 1438 sapien-

283 1451 326 1479 tiae
340 1451 456 1482 donans,
482 1451 678 1485 perspicueque
701 1453 782 1484 atque
797 1449 937 1477 evidenter
962 1451 1070 1477 cunctis

282 1497 424 1528 assistens,
440 1504 523 1524 unum
550 1496 679 1523 mundmn
707 1495 826 1523 ostendit
852 1496 934 1522 unius
956 1495 1070 1524 artiﬁcis

282 1541 362 1570 Verbi
377 1550 454 1577 opus.
471 1541 562 1569 Talem
584 1542 665 1577 igitur
687 1542 796 1568 unicum
813 1541 921 1574 Filium,
938 1542 980 1569 sui
1000 1550 1068 1569 con—

1126 308 1190 344 παρ¹¹
1205 308 1288 335 αὑτοῦ
1302 309 1446 346 θησαυρῶν
1463 312 1648 347 ἐμπίμπλησι,
1669 315 1718 349 μιᾷ
1733 315 1780 341 καὶ
1795 316 1828 350 τῇ
1842 316 1911 352 αὐτῇ

1124 351 1281 388 δημιουργῷ
1297 355 1379 391 τέχνῃ
1391 364 1397 370 ·
1415 356 1461 382 καὶ
1477 358 1616 392 στοιχείων
1631 358 1725 391 οὐσίας
1740 359 1837 387 οὔποτε
1853 362 1912 389 δια-

1124 397 1262 432 λιμπάνει,
1285 400 1412 435 παρέχων
1422 402 1468 428 καὶ
1480 402 1567 437 μίξεις
1583 403 1628 429 καὶ
1642 404 1763 438 κράσεις,
1782 405 1828 432 καὶ
1841 406 1910 441 εἴδη,

1124 442 1172 486 και
1189 443 1304 479 μορφὰς,
1320 444 1366 470 καὶ
1383 446 1519 481 σχήματα,
1547 447 1691 482 ποιότητας
1711 457 1739 475 τε
1759 450 1868 486 μυρίας,
1881 451 1909 477 ἐν

1123 495 1153 512 τε
1164 485 1243 518 ζώοις
1257 488 1304 514 καὶ
1319 490 1421 522 φυτοῖς,
1437 491 1483 517 καὶ
1505 490 1614 525 ψυχαῖς,
1632 493 1679 520 καὶ
1698 493 1816 529 σώμασι,
1834 495 1908 530 λογι-

1124 533 1181 563 κοῖς
1195 541 1225 558 τε
1248 534 1295 560 καὶ
1320 534 1437 568 ἀλόγοις,
1457 535 1551 562 ἄλλοτε
1571 537 1657 570 ἄλλως
1683 541 1908 573 καταποικῦλων,

1123 580 1170 606 καὶ
1188 581 1269 607 πᾶσιν
1284 581 1351 616 ὁμοῦ
1367 582 1455 608 πάντα
1472 583 1521 618 μιᾷ
1532 582 1643 618 δυνάμει
1666 586 1849 621 ἐπιχορηγῶν,
1863 588 1909 615 καὶ

1123 626 1185 652 νοῦν
1198 626 1244 652 ἐπὶ
1256 627 1337 654 πᾶσιν
1363 627 1515 663 ἀνθρώποις
1529 629 1703 665 ὲπιγνώμονα
1719 632 1766 657 καὶ
1778 632 1908 669 θεωρητι-

1124 672 1170 698 κὸν
1184 672 1234 707 τῆς
1247 672 1328 699 αὐτοῦ
1341 673 1437 708 σοφίας
1446 674 1625 709 δωρούμενος,
1642 676 1772 712 ἄντικρύς
1788 687 1816 704 τε
1837 687 1908 714 παρ-

1125 716 1200 748 ιστὰς
1219 719 1275 749 τοῖς
1305 719 1371 744 πᾶσι
1399 718 1446 744 καὶ
1463 716 1628 755 διαρρήδην,
1648 720 1698 746 ἕνα
1721 721 1821 756 κόσμον
1847 723 1907 748 ἐπι-

1122 761 1255 788 δείκνυσιν
1271 762 1328 794 ὲνδς
1343 763 1430 797 Λόγου
1443 764 1606 799 κοσμοποιοῦ
1627 765 1716 800 ἔργον.
1741 766 1865 793 Τοιοῦτον
1874 767 1907 802 δὴ

1123 809 1298 844 καλλιτέχναν
1323 810 1386 836 Υἱὺν
1404 811 1534 846 μονογενῆ
1561 811 1612 846 τῆς
1636 812 1717 838 αὑτοῦ
1744 813 1841 848 βουλῆς
1861 814 1908 840 καὶ

1122 854 1284 890 δημιουργὸν
1302 856 1315 882 ὁ
1340 856 1448 882 πάντων
1463 857 1593 884 ἀνωτάτω
1613 859 1659 884 καὶ
1680 859 1762 884 αὐτοῦ
1777 859 1907 895 δημιουρ-

1123 900 1170 935 γοῦ
1183 901 1248 933 Θεὸς
1259 902 1304 928 καὶ
1318 902 1412 938 Πατὴρ
1421 902 1528 938 πρῶτον
1548 903 1673 930 ἁπάντων
1687 905 1791 937 ἐγέννα,
1806 905 1839 930 δι’
1855 905 1905 932 αὑ-

1122 947 1169 974 τοῦ
1186 949 1233 974 καὶ
1252 949 1280 974 ὲν
1300 947 1374 983 αὺτῷ
1391 949 1453 980 τοὺς
1482 949 1535 975 τῶν
1562 949 1710 984 μελλόντων
1735 950 1844 977 ἔσεσθαι
1858 951 1907 986 δη-

1124 994 1300 1029 μιουργικοὺς
1321 994 1415 1026 λόγους
1439 994 1631 1030 ὑφιστάμενος,
1648 996 1693 1022 καὶ
1710 996 1744 1022 τὰ
1762 996 1909 1031 σπέρματά

1121 1047 1153 1073 γε
1170 1039 1219 1074 τῆς
1238 1039 1292 1066 τῶν
1318 1039 1386 1065 ὅλων
1418 1040 1574 1071 συστάσεως
1589 1049 1618 1066 τε
1642 1039 1689 1066 καὶ
1705 1040 1863 1076 διοικήσεως
1878 1043 1907 1069 ὲν

1121 1084 1194 1119 αὑτῷ
1206 1083 1450 1119 καταϐαλλόμενος.
1467 1085 1522 1120 Οὐχ
1539 1086 1603 1121 ὁρᾷς
1618 1085 1762 1121 ὀφθαλμοῖς
1775 1086 1820 1113 τὸν
1836 1089 1907 1121 σύμ-

1122 1138 1210 1156 παντα
1233 1129 1344 1164 κόσμον,
1358 1129 1387 1155 ὂν
1407 1129 1519 1165 οὐρανὸς
1534 1128 1574 1160 εἷς
1587 1130 1793 1165 περιλαμϐάνει,
1809 1131 1908 1167 μυρίας

1119 1184 1150 1202 τε
1172 1175 1244 1211 ἀμφὶ
1263 1175 1357 1202 τοῦτον
1372 1176 1481 1211 χορείας
1500 1176 1546 1202 καὶ
1560 1176 1665 1211 ἄστρων
1679 1176 1886 1212 περιπολεύσεις
1899 1186 1906 1210 ;

1122 1221 1206 1248 Πάλιν
1214 1219 1253 1253 εἷς
1259 1222 1341 1257 ἥλιος,
1352 1222 1407 1248 ἀλλ’
1416 1223 1445 1248 οὐ
1458 1222 1573 1254 πλείους,
1583 1223 1630 1254 τὰς
1637 1223 1761 1250 ἁπάντων
1770 1224 1820 1249 ὐπε
1825 1223 1906 1260 ρόολῇ

1123 1268 1210 1302 φωτὸς
1227 1267 1360 1295 καλύπτει
1371 1269 1563 1303 μαρμαρυγὰς.
1583 1268 1660 1295 υῦτω
1684 1269 1752 1303 δῆτα
1763 1270 1822 1301 ἑνὸς
1830 1270 1907 1302 ὄντος

1123 1314 1238 1349 Πατρὺς,
1267 1314 1313 1340 ἕνα
1332 1314 1400 1349 χρῆν
1414 1314 1460 1341 καὶ
1475 1314 1519 1340 τὸν
1533 1314 1594 1340 Υἰὸν
1609 1311 1689 1341 εἶναι.
1706 1315 1737 1341 Εἰ
1753 1316 1787 1347 δ’,
1807 1316 1847 1342 ὅτι
1869 1316 1905 1351 μὴ

1122 1359 1168 1384 καὶ
1182 1358 1298 1390 πλείους,
1313 1358 1498 1394 ἐπιμέμψαιτό
1514 1367 1566 1390 τις,
1585 1358 1644 1394 ὥρα
1660 1359 1705 1386 τὸν
1725 1359 1854 1392 τοιοῦτον,
1866 1361 1906 1386 ὅτι

1124 1403 1225 1439 μήκαὶ
1252 1404 1343 1440 ἡλίους
1366 1404 1476 1439 συνίστη
1507 1404 1625 1436 πλείους,
1649 1406 1695 1432 καὶ
1717 1405 1841 1441 σελήνας,
1860 1406 1907 1432 καὶ

1122 1451 1248 1486 κόσμους,
1262 1451 1308 1477 καὶ
1320 1451 1403 1487 μυρία
1416 1451 1493 1481 ἄττα,
1507 1450 1654 1483 αἰτιᾶσθαι,
1674 1453 1834 1486 μαινομένου
1845 1452 1905 1487 τρόο

1122 1505 1172 1523 πον
1187 1496 1221 1522 τὰ
1239 1496 1306 1532 ὀρθὰ
1321 1497 1367 1523 καὶ
1386 1495 1416 1523 εὗ
1430 1496 1525 1532 ἔχοντα
1546 1497 1595 1532 τῆς
1612 1496 1719 1531 φύσεως
1735 1497 1907 1532 διαστρέφειν

1121 1543 1331 1578 ἐπιχειροῦντος.

281 1589 335 1618 silii
353 1589 506 1617 eﬁectorem
521 1597 553 1616 ac
567 1590 738 1624 magistrum,
768 1594 796 1617 et
825 1593 984 1617 cunctarum
1009 1598 1101 1618 rerum
1121 1591 1254 1625 opiﬁcem,
1284 1597 1428 1625 supremus
1454 1594 1535 1625 atque
1561 1590 1646 1625 ipsius
1665 1590 1769 1625 opiﬁcis
1787 1590 1858 1618 Deus
1879 1595 1906 1618 et

281 1645 380 1672 parens
398 1638 514 1672 primum
529 1638 649 1664 omnium
664 1638 766 1673 genuit,
782 1645 828 1672 per
857 1637 932 1664 illum
945 1641 972 1664 et
987 1638 1013 1664 in
1030 1638 1075 1665 illo
1094 1646 1187 1666 eorum
1214 1646 1274 1674 qua:
1292 1638 1382 1665 futura
1398 1643 1475 1665 erant
1502 1638 1613 1673 opiﬁces
1626 1638 1745 1665 rationes
1757 1638 1904 1670 suﬁiciens,

281 1683 440 1718 seminaque
472 1684 675 1712 constitutionis
711 1684 972 1719 gubernationisque
1005 1684 1125 1712 universi
1155 1685 1182 1712 in
1207 1685 1253 1712 illo
1281 1685 1404 1720 conjecta
1437 1685 1549 1712 habens.
1585 1684 1681 1711 Nonne
1713 1685 1906 1712 oculisintue—

282 1731 320 1759 ris
345 1731 475 1759 mundum
507 1732 675 1764 universum,
699 1739 780 1767 quem
811 1732 910 1759 c03lum
939 1740 1023 1759 unum
1044 1733 1243 1767 complectitur,
1273 1733 1534 1767 innumerabiliaque
1561 1732 1662 1758 circum
1688 1731 1760 1758 hunc
1785 1732 1905 1766 tripudia

279 1782 307 1805 et
319 1782 454 1806 astrorum
468 1779 678 1806 conversiones?
695 1778 741 1807 Sol
751 1779 814 1806 item
829 1788 900 1807 unus
931 1779 1074 1812 duntaxat,
1106 1788 1159 1808 non
1180 1781 1281 1815 plures,
1310 1780 1476 1808 abundantia
1497 1780 1608 1807 luminis
1638 1780 1759 1806 omnium
1786 1779 1906 1807 occultat

281 1825 448 1860 splendores.
467 1824 512 1852 Sic
541 1832 608 1852 sane
633 1833 695 1852 cmn
725 1833 796 1853 unus
815 1825 850 1852 sit
872 1825 964 1857 Pater.
982 1835 1066 1854 unum
1085 1827 1167 1854 etiam
1195 1825 1292 1853 Filium
1319 1834 1379 1853 esse
1401 1829 1517 1860 oportet.
1546 1825 1623 1858 Quod
1651 1826 1674 1852 si
1691 1825 1754 1860 quis
1774 1825 1799 1852 id
1815 1833 1906 1860 repre-

281 1872 382 1900 hendat
403 1872 475 1907 quod
498 1873 590 1907 plures
614 1880 668 1900 non
691 1873 825 1908 genuerit,
853 1873 898 1900 hic
921 1873 976 1908 jam
1005 1873 1071 1901 illud
1090 1881 1197 1908 quoque
1217 1881 1347 1901 accusare
1373 1873 1481 1908 poterit,
1515 1872 1587 1907 quod
1624 1879 1678 1899 non
1705 1871 1796 1907 plures
1821 1872 1903 1901 soles,

280 1925 307 1947 et
334 1920 423 1951 lunas,
446 1924 473 1947 et
499 1920 627 1952 mundos,
665 1924 691 1948 et
713 1920 766 1947 alia
792 1921 981 1948 inumerabilia
1013 1921 1175 1953 condiderit,
1200 1924 1226 1949 et
1254 1928 1329 1948 more
1354 1920 1516 1948 insanientis
1554 1919 1717 1954 cujuspiam,
1741 1927 1801 1954 qua:
1830 1923 1904 1946 recta

281 1971 356 1997 sunt.
383 1967 504 2002 beneque
534 1961 570 1994 inv
593 1972 691 1995 natura
720 1975 750 1996 se
780 1967 895 2002 habent,
914 1968 1184 2003 perverteremoliri.

652 2028 696 2056 Vl.

281 2072 356 2106 Quod
373 2081 388 2099 α
402 2073 488 2107 prima
505 2073 689 2100 constitutione
704 2073 829 2104 universi.
840 2073 941 2100 occulta
950 2073 1065 2108 quadam

315 2111 456 2144 ignotoque
477 2109 588 2139 ratione,
612 2108 732 2144 Christus
751 2109 795 2135 Dei
812 2108 942 2144 religiosis
960 2109 1063 2144 Deoque

314 2144 397 2178 gratis
413 2143 508 2170 animis
527 2143 661 2177 prwsidct.

315 2188 371 2216 llae
389 2189 471 2224 igitur
488 2190 603 2229 ratione.
620 2189 847 2224 quemadmodum
863 2189 889 2215 in
905 2188 985 2216 rebus
1005 2195 1065 2223 quae

279 2235 332 2262 sub
352 2239 491 2270 aspectum
509 2234 620 2268 cadunt,
635 2235 676 2262 sol
693 2242 764 2262 unus
778 2235 934 2262 universum
949 2234 1066 2260 illustrat

1486 2029 1532 2061 ιῖι.

1122 2073 1169 2106 Ὠς
1180 2073 1239 2100 ἀπὸ
1259 2072 1377 2107 πρώτης
1400 2072 1576 2105 συστάσεως
1603 2071 1661 2098 τῶν
1676 2071 1762 2107 γόλων
1782 2069 1904 2107 rigat-(Im

1152 2105 1168 2136 ὁ
1181 2105 1308 2149 Χριοξτὸς
1323 2105 1376 2135 τοῦ
1399 2107 1473 2135 Θεοῦ
1489 2108 1547 2134 τῶν
1562 2106 1709 2141 θεοφιλῶν
1720 2105 1828 2140 ψυχῶν
1841 2106 1904 2131 ἐπι-

1152 2153 1263 2171 στατει.

1152 2189 1275 2226 Ταύτῃδ⁹
1291 2187 1336 2216 οὖν
1349 2188 1388 2220 ὡς
1400 2190 1428 2215 ἐν
1443 2189 1549 2223 ὁρατοῖς
1568 2188 1643 2223 ἥλιος
1659 2184 1698 2218 εἷς
1717 2187 1762 2213 τὸν
1777 2185 1903 2220 αἰσθητὸν

1118 2236 1224 2262 ἃπαντα
1239 2234 1410 2269 καταλάμπει
1432 2233 1543 2269 κόσμον,
1561 2232 1632 2259 οὕτω
1647 2232 1715 2267 δῆτα
1734 2232 1781 2258 καὶ
1794 2232 1822 2258 ὲν
1839 2239 1900 2265 νοη-

280 2281 353 2308 hunc
373 2281 529 2308 sensibilem
542 2281 685 2313 mundum,
698 2281 734 2308 ita
752 2281 778 2308 in
791 2281 824 2309 iis
838 2289 898 2316 quae
917 2281 1068 2316 intelligen-

1120 2283 1173 2312 τοῖς
1189 2280 1237 2312 τὰς
1247 2280 1396 2311 ἀθανάτους
1411 2279 1458 2306 καὶ
1475 2279 1635 2313 ἀσωμάτους
1649 2277 1786 2312 δυνάμεις.
1808 2276 1903 2310 νοερᾶς

278 2328 317 2356 tia
338 2328 396 2356 sola
412 2328 568 2362 capiuntur.
585 2327 754 2355 immortales
769 2331 796 2354 et
812 2327 988 2362 incorporeas
1015 2335 1065 2362 po-

276 2378 402 2406 testates,
417 2378 444 2402 et
456 2374 637 2408 intelligentes
649 2382 680 2401 ac
692 2374 838 2401 rationales
851 2379 975 2404 naturas,
988 2374 1065 2408 quasi

278 2420 489 2448 innumerabiles
517 2420 610 2447 stellas
638 2420 762 2454 lucisque
787 2419 884 2452 fontes,
903 2427 987 2446 unum
1019 2419 1065 2448 Dei

277 2466 427 2501 perfectum
444 2466 580 2493 illuminat
595 2465 724 2493 Verbum.
742 2465 822 2500 ι54
833 2464 971 2500 Siquidem
986 2472 1066 2500 opor-

277 2512 329 2539 tuit
343 2520 424 2540 unam
441 2520 550 2547 quoque
565 2520 648 2547 super
663 2512 754 2539 omnia
769 2519 830 2539 esse
844 2511 956 2538 omnino
967 2511 1064 2545 legem,

275 2561 356 2592 atque
376 2558 403 2584 in
418 2558 546 2585 omnibus
561 2562 587 2585 et
603 2564 651 2592 per
669 2557 760 2584 omnia
775 2561 920 2591 penetrans
940 2555 986 2583 Dei
1005 2563 1065 2582 ver-

277 2601 353 2633 bum,
365 2607 394 2629 ut
405 2603 486 2630 etiam
501 2603 528 2630 in
540 2603 591 2630 hoc
609 2602 735 2638 imaginis
747 2602 897 2629 similitudo
911 2609 972 2628 cum
985 2600 1065 2628 Patre

277 2655 471 2682 usquequaque
486 2654 618 2680 servetur,
639 2652 693 2674 tam
707 2647 734 2675 in
746 2655 778 2674 eo
795 2647 866 2681 qtlod
881 2647 914 2673 ad
926 2647 1063 2679 virtutem,

277 2692 402 2727 quodque
427 2692 460 2719 ad
483 2698 641 2727 potestatem
671 2697 751 2728 atque
766 2692 913 2719 essentiam
935 2691 1062 2726 pertinet,

276 2745 357 2771 quam
374 2737 401 2764 in
418 2745 450 2765 eo
470 2739 542 2773 quod
563 2740 596 2766 ad
614 2739 726 2766 unitatis
744 2737 997 2773 singularitatisquc
1015 2745 1065 2763 uu-

276 2790 391 2810 merum.
409 2782 476 2810 Cum
502 2787 590 2810 autem
612 2784 713 2819 alioqui
729 2783 903 2810 multiformis
919 2791 950 2809 ac.
970 2782 1060 2809 multi-

277 2827 356 2856 moda
370 2828 563 2864 gignendarum
578 2837 666 2856 rerum
682 2834 790 2861 natura,
804 2827 1064 2855 innumerabilibus-

276 2882 330 2910 que
353 2881 385 2901 ac
409 2875 492 2902 variis
514 2875 582 2902 alias
608 2876 669 2903 aliis
696 2876 904 2905 mutationibus,
924 2875 959 2901 ob
986 2882 1061 2900 suam

277 2921 363 2956 ipsius
377 2920 588 2949 imbecillitatem
599 2921 715 2949 obnoxia
731 2921 920 2953 futura‘esset,
940 2929 988 2948 nec
1007 2927 1059 2946 non

1116 2335 1146 2353 τε
1159 2327 1206 2353 καὶ
1217 2326 1329 2360 λογικὰς
1349 2325 1440 2356 οὐσίας
1461 2325 1582 2360 μυρίους,
1602 2324 1695 2359 ὥσπερ
1716 2320 1835 2358 ἆστέρας
1856 2321 1904 2348 καὶ

1117 2375 1271 2409 ᾳωστῆρας,
1300 2370 1339 2404 εἷς
1355 2373 1368 2398 ὁ
1382 2371 1429 2398 τοῦ
1446 2370 1512 2398 Θεοῦ
1534 2370 1700 2404 καταυγάζει
1720 2369 1825 2402 Λόγος·
1842 2367 1904 2394 ἐπεὶ

1116 2421 1164 2447 καὶ
1178 2420 1246 2455 χρῆν
1256 2419 1303 2445 ἐνα
1316 2418 1360 2444 τὸν
1375 2418 1420 2444 ἐπὶ
1434 2418 1501 2443 πᾶσι
1516 2417 1577 2443 καθ’
1590 2417 1667 2447 ὅλων,
1683 2416 1729 2442 καὶ
1740 2416 1784 2442 τὸν
1793 2416 1821 2441 ἐν
1835 2416 1902 2441 πᾶσι

1116 2467 1163 2494 καὶ
1173 2466 1218 2494 διὰ
1231 2465 1339 2492 πάντων
1362 2465 1464 2500 ἥκοντα
1478 2463 1525 2490 τοῦ
1544 2462 1611 2489 Θεοῦ
1629 2463 1724 2496 Λόγον,
1746 2462 1783 2493 ὼς
1802 2461 1836 2489 ἂν
1852 2461 1902 2487 κὰν

1115 2513 1201 2547 τούτῳ
1227 2511 1258 2538 τὸ
1281 2512 1329 2546 τῆς
1357 2510 1459 2540 εἰκόνος
1476 2509 1594 2544 ἐμφερὲς
1608 2507 1647 2543 τῷ
1668 2507 1755 2543 Πατρὶ
1770 2507 1817 2533 καὶ
1833 2505 1903 2532 κατὰ

1115 2558 1205 2585 πάντα
1217 2555 1393 2587 ἀποσώζοιτο,
1410 2555 1481 2581 κατά
1497 2563 1526 2580 τε
1537 2555 1585 2590 τὴν
1601 2553 1709 2590 ἀρετὴν,
1727 2553 1798 2579 κατά
1808 2561 1838 2578 τε
1855 2553 1902 2588 τὴν

1115 2603 1238 2638 δύναμιν,
1251 2603 1298 2629 καὶ
1307 2602 1356 2637 τὴν
1373 2601 1478 2633 οὐσίαν,
1492 2601 1562 2628 κατά
1569 2609 1598 2627 τε
1615 2600 1660 2626 τὸν
1671 2599 1720 2634 ’τῆς
1734 2599 1847 2634 μονάδος
1856 2599 1901 2625 καὶ

1115 2647 1207 2678 ὲνὰδος
1220 2647 1346 2683 ἀριθμὸν,
1363 2646 1518 2678 πολ-ἀειδοῦς
1531 2647 1558 2672 δὲ
1573 2646 1659 2677 ἄλλως
1672 2646 1718 2672 καὶ
1732 2645 1901 2680 πολυτρόπου

1115 2693 1162 2719 καὶ
1169 2692 1217 2727 τῆς
1228 2692 1280 2717 τῶν
1289 2691 1424 2727 γεννητῶν
1436 2691 1583 2727 μελλούσης
1591 2690 1790 2725 ὑποστήσεσθαι
1797 2690 1901 2720 οὐσίας,

1117 2737 1226 2772 μυρίαις
1239 2745 1267 2762 τε
1285 2737 1332 2762 καὶ
1356 2736 1490 2767 ποικίλαις
1506 2736 1598 2762 ἄλλοτε
1624 2734 1717 2766 ἄλλαις
1743 2733 1901 2768 μεταϐολαῖς

1114 2783 1146 2809 δι’
1164 2783 1265 2809 οἰκείαν
1277 2782 1416 2809 ἀσθένειαν
1428 2781 1650 2816 ὑποκεισομένης,
1663 2780 1713 2814 τῆς
1726 2788 1755 2805 τε
1771 2780 1902 2806 ἀνωτάτω

1114 2828 1160 2854 τοῦ
1176 2827 1280 2863 11ατρὸς
1291 2827 1430 2862 δυνάμεως
1441 2827 1473 2853 δι’
1484 2827 1534 2852 ὑπε
1540 2825 1635 2862 ριὶολὴν
1650 2825 1698 2860 τῆς
1712 2825 1797 2858 ἀνεκφ
1803 2824 1900 2858 ptimo

1115 2873 1161 2899 καὶ
1179 2873 1229 2907 τῆς
1256 2874 1337 2899 πᾶσιν
1369 2873 1600 2908 ἀπειρομεγέθους
1628 2871 1734 2905 φύσεως
1759 2870 1901 2904 ἀπολειψο-

1117 2919 1209 2953 μένης,
1228 2919 1364 2950 ἀδυνάτως
1380 2927 1408 2945 τε
1419 2919 1530 2954 ἑξούσης
1546 2919 1595 2953 τῆς
1609 2918 1756 2952 ἀγεννήτοιι
1767 2917 1814 2943 καὶ
1826 2917 1898 2951 ἀχω-
