2071 3219
182 187 238 216 265

627 186 954 216 DEMONSTRA‘I'IONIS
973 185 1203 214 EVANGELICE.
1220 187 1284 216 LIB.
1306 187 1350 215 IV.

1756 188 1810 216 266

185 247 267 282 ρήτου
283 246 420 283 θεότητος,
430 247 498 283 αὐτὴ
514 256 545 282 γε
561 248 677 283 γεννητὴ
686 245 754 274 οὖσα
770 248 892 283 μετέχειν
910 248 970 274 ἀντ-

1025 252 1040 272 a
1054 246 1175 281 supremi
1194 246 1285 275 Patris
1298 247 1411 291 gvirtute,
1425 246 1607 280 declinatum,
1622 246 1658 273 ob
1673 246 1746 274 illius
1763 254 1813 274 na-

183 294 268 320 ωπεζν
286 302 316 320 τε
336 294 403 325 ἄνω.
417 294 463 321 καὶ
487 294 657 321 ἀντιϐλέπειν
673 295 732 326 ταῖς
747 293 972 326 ἀποστιλϐούσαις

184 340 231 366 τοῦ
249 340 334 366 ἀῖδίου
350 341 438 375 φωτὸς
450 341 577 377 ἀρρήτοις
588 343 791 377 μαρμαρυγαῖς,
806 341 873 376 χρῆν
886 341 971 376 δήπου

185 386 298 417 εἰκότως
322 387 366 413 τὸν
397 387 552 421 πανάγαθον
572 388 682 423 Πατέρα
708 388 754 414 καὶ
781 388 894 423 Σωτῆρα
919 388 971 415 τῶν

185 431 264 464 ὅλων,
284 432 321 464 ὡς
336 432 369 460 ἂν
390 433 427 468 μὴ
447 433 585 464 παντελῶς
601 434 616 468 ἡ
636 433 689 459 τῶν
705 433 766 468 ἄρτι
784 433 972 469 γενησομένων

186 477 277 511 φύσις,
299 478 400 514 ἔρημος
421 476 488 505 οὖσα
501 479 550 514 τῆς
563 478 644 505 αὑτοῦ
662 479 811 511 κοινωνίας.
825 479 878 505 τῶν
896 480 973 514 μεγί-

187 531 257 550 στων
270 523 379 557 ἀγαθῶν
396 525 526 560 στεροῐτο,
538 525 622 560 μέσην
638 524 698 550 τινὰ
710 524 910 559 παρεμῦἀλλειν
923 525 972 560 τὴν

184 569 232 595 τοῦ
257 569 425 604 Μονογενοῦς
450 570 531 597 αὐτοῦ
564 571 610 596 καὶ
635 570 805 606 πρωτοτόκου
827 570 901 597 Θείαν
923 571 972 598 καὶ

185 615 310 650 παναλκῆ
328 615 375 641 καὶ
394 615 544 651 πανάρετον
569 615 692 651 δύναμιν,
719 616 901 650 ἀκριϐέστατα
922 617 972 651 μὲν

185 661 233 686 καὶ
249 661 290 686 ὅτι
304 660 421 695 μάλιστα
437 661 578 695 ὲγγυτάτω
594 661 633 696 τῷ
653 662 739 697 Ila-.91
754 662 971 698 προσομιλοῦσαν

185 704 251 736 (sui;
265 713 296 730 τε
311 705 393 731 αὑτοῦ
416 705 470 732 τῶν
491 706 652 742 ἀπορρήτων
667 706 870 733 ἀπολαύουσαν’
886 708 971 742 πραό-

183 757 252 776 τατα
267 751 296 777 δὲ
312 751 519 786 συγκατιοῦσαν,
529 753 574 779 καὶ
590 753 762 787 ἀμωσγέπως
774 761 858 789 συσχη
864 754 972 789 ματιζο·

186 796 270 831 μένην
285 799 340 829 τοῖς
350 798 400 832 τῆς
413 798 499 834 ἄκρας
523 798 798 834 ἀπολιμπανομὲνοις,
815 799 858 827 διὰ
875 809 903 826 τε
923 800 972 835 τὴν

186 841 262 876 σφῶν
277 842 417 869 ἀσθένειαν
442 844 491 878 τῆς
507 844 538 870 ἐκ
555 844 601 870 τοῦ
624 844 749 880 δευτέρου
762 844 926 879 βελτιώσεως
941 854 970 872 τε

185 888 233 914 καὶ
244 889 377 923 ὠφελείας
388 889 556 926 ὲνχρῂζουσι,
568 891 616 922 τὰς
627 891 702 926 ἡλίου
712 892 895 928 μαρμαρυγὰς
909 894 971 928 θεᾷν

185 933 278 969 ἡρέμα
291 935 339 961 καὶ
351 935 444 971 πράως
460 936 657 970 συγκατιούσας
669 937 743 972 ἡμῖν,
757 938 807 963 οὐκ
820 937 906 969 ἄλλως
922 937 971 972 τῆς

184 978 233 1005 τοῦ
248 980 336 1014 φωτὸς
354 981 472 1017 ἀκράτου
490 981 630 1018 δυνάμεως
645 983 709 1014 οἵοις
729 992 758 1009 τε
774 982 918 1010 ἀπολαύειν
927 984 971 1010 διὰ

183 1025 234 1062 τὴν
251 1026 375 1062 σώματος
401 1027 549 1055 ἀσθένειαν.
575 1028 606 1055 Et
630 1029 705 1063 γοῦν,
733 1030 770 1060 ὠς
793 1030 822 1055 ὲν
845 1029 970 1055 ὑποθέσει

184 1071 276 1107 λόγου,
299 1074 393 1106 καθεὶς
414 1074 556 1109 οὐρανόθεν
581 1075 661 1106 αὐτὸς
689 1075 784 1101 ἑαυτὸν
800 1076 814 1102 ό
838 1076 971 1111 παμφαὴς

182 1118 259 1153 ἥλιος
289 1120 339 1146 σὺν
362 1119 515 1156 ἀνθρώποις
534 1121 581 1147 ἐπὶ
601 1121 653 1156 γῆς
679 1120 852 1152 πολιτεύοιτο,
878 1121 971 1147 οὐδένα

184 1165 240 1191 τῶν
251 1165 299 1192 ἐπὶ
324 1166 376 1202 γῆς
406 1168 494 1201 μεῖναι
515 1167 548 1193 ἂν
575 1167 719 1202 ἀδιάφορον
732 1187 740 1198 ,
773 1166 881 1193 πάντων
911 1167 972 1194 συλ-

184 1210 286 1247 λήϐδην
317 1211 445 1247 ἐμψύχων
471 1212 539 1247 ὁμοῦ
564 1212 610 1239 καὶ
630 1212 741 1248 ἀψύχων
762 1213 848 1249 ἀθρόα
873 1215 906 1249 τῇ
924 1213 970 1240 τοῦ

184 1257 274 1290 φωτὸς
301 1257 437 1294 προσϐολῇ
468 1258 744 1294 διαφθαρησομὲνων’
776 1259 872 1287 θᾶττον
906 1260 971 1294 γοῦν

182 1302 233 1330 καὶ
259 1303 375 1337 τυφλοὺς
411 1305 592 1340 ἀπεργάσαιτ’
615 1304 648 1331 ἂν
674 1305 737 1337 τοὺς
762 1305 816 1331 τῶν
846 1306 970 1341 ὁρώντων

182 1348 459 1386 ὀφθαλμοὺς,βλά6ης
477 1351 524 1377 καὶ
536 1350 638 1386 φθορᾶς
661 1351 727 1377 πολὺ
753 1351 851 1386 μᾶλλον
868 1352 884 1387 ἢ
904 1352 972 1386 ὠφε-

183 1394 260 1425 λείας
274 1395 393 1429 γεγονὼς
403 1397 458 1428 τοῖς
473 1397 554 1423 πᾶσιν
570 1397 666 1428 αἴτιος,
685 1397 715 1423 οὐ
729 1396 777 1432 τὴν
793 1396 872 1430 φύσιν
891 1397 971 1429 αὐτὸς

183 1439 224 1467 ὢν
251 1441 380 1474 τοιοῦτος,
398 1443 456 1474 τοῖς
478 1443 506 1469 δὲ
533 1443 676 1478 ἀφορήτως
701 1442 791 1478 ἔχουσι
818 1442 851 1468 δι’
869 1442 971 1469 οἰκείαν

182 1484 326 1513 ἀσθένειαν
359 1486 410 1521 τῆς
441 1487 661 1523 ὑπερϐαλλούσης
694 1488 781 1523 αὐγῆς
815 1488 970 1521 ἀπολαύειν,

183 1531 286 1558 τοιόσδε
300 1540 343 1564 τις
355 1527 582 1569 ἀποτελούμενος.
597 1534 629 1560 Τί
645 1533 733 1560 τοίνυν
747 1534 781 1560 τὰ
801 1535 881 1571 ὅμοια
902 1543 971 1570 μαν-

183 1575 273 1603 θάνων
286 1578 351 1613 περὶ
367 1578 434 1605 Θεοῦ
448 1579 614 1615 θαυμάζεις;
630 1576 660 1606 οὗ
674 1580 707 1615 δὴ
722 1580 770 1615 τῆς
787 1580 906 1616 ἀρρήτου
924 1582 970 1607 καὶ

183 1622 374 1658 ἀνεκφράστου
389 1624 529 1660 δυνάμεώς
543 1634 573 1651 τε
591 1626 638 1652 καὶ
651 1625 745 1657 οὐσίας
758 1625 845 1652 οὐδενὶ
861 1627 971 1661 μέτεστι

183 1668 239 1695 τῶν
256 1669 351 1701 όντων,
376 1670 444 1706 πλὴν
466 1671 507 1697 ἐνὶ
531 1671 613 1706 μόνῳ,
630 1671 783 1704 κοινωνίας,
808 1671 836 1699 ὃν
856 1672 934 1703 αὐτὸς
958 1673 972 1699 ό

184 1714 280 1751 Πατὴρ
304 1716 418 1752 προνοίᾳ
438 1717 492 1743 τῶν
509 1718 576 1744 ὅλων
596 1718 648 1754 πρὸ
664 1718 718 1744 τῶν
738 1718 826 1745 ἄλλων
843 1718 971 1745 ἁπάντων

183 1762 379 1797 συνεστήσατο,
399 1763 436 1796 ὡς
458 1764 491 1791 ἂν
512 1764 549 1800 μὴ
568 1764 707 1796 παντελῶς
729 1765 745 1800 ὴ
765 1765 819 1791 τῶν
836 1765 972 1800 γεννητῶν

183 1806 319 1833 (immittat
340 1807 419 1842 φύσις
441 1808 474 1835 δι’
493 1809 596 1835 οἰκείαν
616 1809 724 1835 ἀτονίαν
747 1809 794 1835 καὶ
811 1809 970 1844 ἀδυναμίαν,

182 1852 235 1888 τῆς
253 1853 401 1889 ἀγεννήτου
418 1855 465 1881 καὶ
483 1855 624 1891 ἀχωρήτου
643 1856 784 1891 Πατρικῆς
802 1856 894 1888 οὐσίας
917 1856 971 1883 διε-

185 1897 291 1925 στῶσα·
313 1900 387 1935 μένοι
400 1900 428 1927 δὲ
443 1901 489 1927 καὶ
511 1901 587 1934 αὕξοι
602 1902 648 1928 καὶ
670 1902 798 1937 τρέφοιτο
816 1903 866 1937 τῆς
886 1903 972 1938 μέσης

183 1938 356 1972 ἀπολαύουσα
368 1947 510 1981 χορηγίας,
523 1948 555 1982 ἣν
565 1948 578 1975 ό
591 1947 738 1983 μονογενὴς
749 1947 795 1974 τοῦ
810 1948 876 1974 Θεοῦ
888 1949 973 1983 Λόγος

183 1989 285 2017 οὔποτε
306 1993 362 2023 τοῖς
378 1992 460 2018 πᾶσιν
483 1993 610 2028 ἐπαρκῶν
631 1993 815 2028 διαλιμπάνει,
834 1995 920 2030 πάντη
944 1995 972 2021 δὲ

184 2034 294 2069 χωρῶν,
307 2036 354 2062 καὶ
368 2036 412 2062 διὰ
422 2036 531 2063 πάντων
549 2038 805 2074 περιπορευόμενος,
820 2040 928 2066 πάντων
943 2041 973 2073 ἐξ

186 2079 248 2115 ῐο-ης
257 2080 307 2116 τῆς
318 2082 453 2117 σωτηρίας
462 2084 581 2118 προνοεῖ,
595 2083 710 2118 λογικῶν
721 2084 788 2120 ὁμοῦ
800 2086 846 2111 καὶ
856 2086 970 2120 ἀλόγων,

184 2124 292 2160 θνητῶν
307 2135 337 2153 τε
351 2128 398 2154 καὶ
410 2128 561 2161 ἀθανάτων,
576 2130 707 2165 οὐρανίων
723 2140 752 2157 τε
771 2132 817 2158 καὶ
829 2133 967 2166 ἐπιγείων,

183 2169 265 2197 θείων
278 2179 308 2198 τε
325 2173 372 2199 καὶ
394 2174 517 2209 ἀοράτων
531 2174 681 2210 δυνάμεων,
704 2177 750 2203 καὶ
765 2177 914 2213 συλλήϐδην
932 2179 971 2203 εἰ-

185 2216 258 2248 πεῖν,
274 2216 400 2244 ἁπάντων
418 2218 468 2245 ὅσα
483 2218 515 2254 δὴ
529 2219 576 2245 τοῦ
589 2218 658 2247 εἶναι
669 2220 703 2246 δι’
718 2221 799 2247 αὐτοῦ
812 2222 952 2257 μετείληχε
962 2231 969 2237 ο

1024 295 1094 318 turre
1108 292 1331 327 superlationem,
1343 299 1404 327 quae
1417 300 1468 320 nec
1482 292 1536 320 dici
1553 296 1653 328 potest.
1663 296 1691 319 et
1701 293 1812 320 omnino

1026 336 1137 364 infinitae
1160 338 1356 372 magnitudinis
1382 341 1434 369 est,
1460 346 1548 373 neque
1573 345 1694 372 unquam
1722 338 1756 364 ad
1783 338 1811 365 id

1026 382 1164 409 facultatis
1184 388 1357 417 perventura,
1378 386 1408 409 ut
1433 382 1491 417 ipsa
1516 386 1605 409 ortum
1629 382 1743 414 habens,
1767 387 1813 409 aut

1026 427 1099 456 illius
1118 428 1268 456 divinitatis
1292 430 1430 464 particeps
1455 428 1541 460 ﬁeret,
1563 436 1623 464 quas
1647 436 1698 456 nee
1721 433 1813 456 ortum

1026 473 1116 505 habet.
1130 481 1179 501 nec
1194 475 1254 509 capi
1270 474 1497 509 comprehendive
1514 478 1614 509 potest,
1631 480 1678 502 aut
1693 475 1814 502 intuere-

1026 523 1071 545 tur
1094 527 1214 552 sursum,
1233 521 1438 556 intenderetque
1450 521 1535 548 aciem
1548 521 1714 548 contraillos
1734 521 1813 548 lumi-

1025 565 1069 593 nis
1100 567 1257 600 sempiterni
1283 567 1385 598 radios,
1410 567 1455 601 qui
1479 566 1562 594 nullis
1587 567 1678 594 verbis
1696 566 1812 601 exprimi

1025 617 1151 647 possunt.
1161 613 1289 640 nimirum
1304 621 1416 640 necesse
1432 613 1494 645 fuit,
1508 621 1559 640 nec
1575 613 1687 648 injuria,
1698 616 1728 639 ut
1741 612 1812 647 opti-

1026 666 1086 685 mus
1112 667 1210 694 parcns
1234 663 1261 686 et
1287 659 1407 686 universi
1431 664 1618 690 conservator,
1641 666 1675 685 ne
1700 658 1812 685 omnino

1026 712 1116 731 rerum
1137 705 1262 739 protinus
1285 705 1481 740 gignendarum
1497 709 1610 737 natura.
1632 704 1654 732 si
1670 712 1732 732 cum
1752 704 1811 739 ipso

1026 750 1093 776 nihil
1108 758 1223 785 prorsus
1237 751 1462 782 communicaret,
1479 751 1606 778 maximis
1626 751 1705 778 bonis
1722 750 1812 785 priva-

1025 800 1109 828 retur,
1127 797 1243 824 mediam
1257 798 1402 832 quamdam
1421 798 1501 825 unice
1518 798 1559 825 sui
1573 798 1714 832 primoque
1729 797 1810 832 geniti

1025 841 1085 869 Filii
1101 842 1231 874 divinam,
1248 847 1274 870 et
1289 843 1515 878 omnipotentem,
1530 847 1557 870 et
1580 843 1707 870 omnibus
1725 843 1811 870 virtu-

1026 888 1098 916 tibus
1111 889 1304 916 exuberanlem
1318 890 1372 916 vim
1386 889 1570 924 interponere,
1583 897 1643 923 qua:
1659 888 1812 921 certissime

1023 939 1050 960 et
1069 942 1150 970 quam
1166 936 1289 970 proxime
1306 939 1333 963 et
1350 943 1431 970 quam
1448 935 1660 963 familiarissime
1675 943 1736 962 cum
1753 935 1812 969 ipso

1024 979 1104 1007 Patre
1118 986 1276 1008 versaretur
1289 986 1316 1008 et
1328 982 1539 1016 colloqueretur,
1547 982 1740 1016 aequaliterque
1749 989 1812 1008 cum

1024 1028 1118 1053 eodem
1133 1027 1243 1054 arcanis
1258 1026 1404 1059 frueretur,
1419 1027 1613 1063 benignissime
1629 1036 1695 1055 vero
1710 1028 1811 1056 demit-

1024 1076 1092 1100 teret
1106 1080 1150 1106 se,
1166 1076 1192 1099 et
1206 1073 1398 1108 quoquomodo
1422 1073 1479 1100 ﬁeri
1497 1078 1607 1109 posset,
1625 1073 1812 1101 conformaret

1025 1118 1057 1144 ad
1071 1125 1118 1145 eos
1131 1118 1176 1153 qui
1193 1125 1207 1145 a
1222 1126 1328 1145 summo
1341 1118 1482 1150 deﬁciunt,
1492 1118 1593 1153 quique
1609 1124 1718 1154 propter
1733 1127 1811 1147 suam

1025 1163 1210 1198 impotentiam
1235 1164 1314 1199 quasi
1334 1164 1446 1191 alteram
1469 1172 1579 1191 manum
1602 1164 1767 1196 desiderant,
1784 1168 1813 1192 ct

1025 1209 1148 1244 profectu
1163 1213 1245 1244 atque
1257 1210 1415 1244 adjumcnto
1428 1210 1560 1245 indigent,
1574 1218 1629 1245 quo
1645 1211 1711 1238 solis
1723 1211 1813 1245 splen-

1024 1255 1118 1282 dorem
1146 1256 1248 1283 sensim
1265 1263 1297 1283 ae
1318 1256 1433 1291 benigne
1448 1264 1478 1284 se
1495 1255 1528 1283 ad
1546 1264 1596 1284 nos
1624 1256 1811 1284 demittentem

1026 1300 1125 1328 intueri
1148 1305 1249 1335 queant
1272 1311 1278 1329 :
1298 1302 1400 1337 alioqui
1425 1311 1499 1337 purae
1525 1310 1660 1337 merieque
1685 1303 1809 1342 lucis‘vi,

1025 1351 1133 1383 propter
1147 1348 1330 1375 inﬁrmitath
1347 1351 1469 1383 corporis
1485 1348 1537 1376 frui
1553 1357 1607 1376 non
1620 1349 1735 1383 possint.
1747 1347 1811 1375 Fin-

1025 1401 1121 1428 gamus
1139 1394 1222 1426 enim,
1253 1394 1421 1421 invenienda:
1447 1395 1571 1422 veritatis
1590 1395 1686 1430 gratia.
1701 1394 1811 1421 nitidis-

1025 1439 1123 1466 simum
1142 1439 1217 1466 illum
1237 1440 1322 1467 solem
1343 1440 1431 1474 ipsum
1448 1441 1568 1475 seipsum
1583 1440 1617 1467 de
1631 1441 1702 1467 cmlo
1713 1440 1811 1467 demit-

1025 1490 1091 1517 tere,
1105 1489 1132 1512 et
1147 1493 1209 1512 cum
1225 1486 1380 1514 hominibus
1393 1487 1418 1514 in
1435 1490 1507 1514 terra
1524 1487 1626 1514 versari
1645 1496 1651 1513 :
1667 1494 1731 1513 num
1748 1486 1812 1513 libe-

1025 1538 1084 1558 rum
1111 1531 1147 1558 sit
1170 1534 1250 1566 atque
1278 1532 1436 1560 indilIcrens
1458 1541 1552 1560 earum
1580 1540 1684 1563 rerum,
1701 1540 1761 1567 quae
1777 1532 1811 1559 ad

1024 1581 1124 1604 terram
1151 1578 1296 1612 pertinent,
1314 1578 1432 1613 cuipiam
1458 1578 1635 1613 permanere?
1655 1578 1765 1605 Minime
1785 1578 1812 1605 id

1023 1622 1132 1656 quidem
1146 1632 1154 1648 :
1173 1630 1234 1649 nam
1263 1629 1388 1658 correpta
1409 1623 1501 1650 omnia
1518 1624 1636 1651 anitnata
1651 1623 1734 1650 simul
1748 1631 1811 1651 cum

1023 1667 1171 1700 inanimis,
1197 1668 1306 1695 assidua
1330 1669 1467 1703 nimiaque
1494 1669 1564 1697 lucis
1592 1669 1724 1697 immissio
1750 1676 1813 1696 eor-

1022 1717 1170 1748 rumperet,
1192 1713 1328 1748 citiusque
1363 1715 1457 1742 oculos
1483 1715 1644 1742 intuentium
1677 1718 1809 1747 cacaret,

1023 1761 1155 1795 longeque
1195 1760 1281 1796 magis
1316 1769 1393 1788 noxa:
1429 1767 1457 1789 et
1489 1762 1674 1797 corruptionis
1714 1766 1812 1789 auctor

1022 1806 1150 1833 omnibus
1163 1805 1254 1838 ﬁeret,
1268 1814 1348 1840 quam
1360 1807 1466 1840 juvaret
1491 1810 1657 1844 quempiam,
1681 1810 1728 1844 qui
1752 1810 1812 1845 ipse

1023 1852 1131 1887 quidem
1144 1856 1241 1879 natura
1277 1853 1340 1880 talis
1366 1861 1422 1880 non
1450 1858 1502 1886 est,
1537 1859 1725 1883 verumtamen
1745 1863 1810 1890 erga

1023 1898 1122 1932 eosqui
1134 1901 1243 1933 propter
1267 1899 1479 1926 imbecillitatem
1505 1900 1627 1934 ipsorum
1652 1901 1809 1935 propriam,

1025 1943 1102 1978 155
1117 1944 1207 1972 minus
1223 1944 1313 1972 idonei
1330 1949 1422 1972 essent
1438 1945 1472 1971 ad
1490 1944 1632 1972 ferendum
1649 1966 1656 1979 ,
1676 1951 1760 1981 atque
1774 1947 1810 1974 ob

1024 1990 1049 2016 id
1066 1990 1142 2016 nimii
1156 1992 1365 2027 superantisque
1380 1991 1534 2025 splendoris
1548 1992 1659 2019 minime
1674 2000 1790 2028 capaces
1800 2013 1809 2024 .

1023 2034 1086 2062 talis
1107 2035 1244 2063 evaderet.
1270 2036 1325 2063 Cur
1348 2044 1413 2071 ergo
1433 2036 1534 2064 similia
1559 2036 1593 2063 de
1618 2036 1674 2064 Deo
1695 2037 1810 2066 audiens

1024 2080 1184 2112 admiraris,
1201 2081 1279 2116 cujus
1295 2082 1404 2117 quidem
1420 2086 1446 2109 et
1461 2082 1501 2109 sol
1515 2086 1557 2110 est
1573 2090 1653 2118 opus,
1668 2087 1695 2110 et
1709 2083 1809 2111 coelum

1024 2125 1199 2157 universum,
1220 2130 1247 2153 ct
1268 2126 1413 2154 mundus?
1436 2126 1574 2162 Siquidem
1601 2128 1675 2155 illius
1699 2128 1809 2155 virtutis

1023 2174 1105 2204 atque
1126 2171 1267 2203 essentia,
1286 2179 1347 2205 quae
1361 2172 1444 2199 nullis
1459 2172 1550 2199 verbis
1573 2173 1701 2208 nullaque
1717 2174 1810 2201 elocu-

1023 2220 1097 2243 tione
1115 2217 1230 2252 exprimi
1254 2221 1361 2252 potest,
1389 2218 1457 2245 nihil
1480 2225 1576 2245 eorum
1596 2227 1656 2253 qua:
1676 2223 1756 2250 sunt,
1781 2220 1809 2247 in

184 2261 253 2288 πολύ
266 2269 299 2295 γε
316 2262 368 2297 μὴν
383 2263 474 2290 πλεῖον
491 2264 670 2300 διαφερόντως
683 2265 732 2300 τῆς
750 2267 845 2301 νοερᾶς
869 2268 914 2294 καὶ
928 2268 970 2294 λο-

1025 2268 1130 2298 partem
1147 2267 1194 2290 aut
1211 2264 1487 2292 communicationem
1503 2266 1593 2297 venit,
1610 2270 1707 2301 pra‘ter
1724 2272 1807 2293 unum

183 2306 267 2341 γικῆς
281 2307 398 2342 φύσεως,
421 2308 454 2334 δι’
470 2309 502 2344 ἢν
520 2309 621 2335 οὐδὲτὸ
634 2309 802 2344 ἀνθρώπινον
819 2311 970 2346 ὑπερεφρό-

184 2360 227 2378 νει
251 2352 340 2386 γένος·
365 2353 446 2388 ὲτίμα
469 2354 497 2380 δὲ
521 2352 550 2380 εὖ
567 2354 640 2389 μάλα
664 2354 711 2380 καὶ
725 2354 836 2390 ὲκήδετο
858 2355 908 2391 τῆς
924 2356 970 2382 τοῦ

184 2398 265 2433 λόγου
276 2400 355 2435 χάριν
364 2401 432 2435 πρὸς
442 2401 536 2428 ἑαυτὸν
547 2401 709 2433 οίκειώσεώς
720 2410 750 2428 τε
762 2403 809 2429 καὶ
822 2404 970 2438 συνεχείας,

185 2441 203 2481 ᾗ
220 2445 269 2471 καὶ
285 2446 345 2472 κατ’
359 2447 450 2473 εἰκόνα
465 2447 546 2474 αὐτοῦ
565 2447 759 2483 μεμορφῶσθαι
775 2449 803 2474 ὲν
820 2450 875 2480 τοῖς
889 2450 971 2484 ἱεροῖς

184 2489 286 2524 λογίοις
301 2491 453 2527 ἁνείρηται.
477 2493 545 2518 Ἀλλ’
562 2494 576 2519 ό
592 2493 641 2528 μὲν
658 2493 707 2529 τὴν
722 2493 813 2520 είκόνα
826 2494 875 2529 τὴν
889 2495 970 2521 αὑτοῦ

185 2535 224 2566 ὼς
242 2535 276 2562 ἂν
292 2535 360 2562 Θεοῦ
382 2533 468 2571 Λόγος
489 2537 536 2572 τὴν
551 2537 647 2572 νοερὰν
667 2538 776 2564 ἅπασαν
797 2539 843 2564 καὶ
860 2538 971 2574 λογικὴν

186 2581 315 2616 ὑφίστησι
343 2582 482 2618 καταρχὰς
508 2583 556 2618 τῆς
582 2583 629 2610 τοῦ
658 2584 758 2615 παντὸς
781 2583 969 2620 δημιουργίας,

185 2626 298 2663 ἀρχικόν
319 2635 350 2654 τε
370 2627 415 2654 διά
440 2628 526 2654 ταῦτα
546 2629 592 2655 καὶ
610 2628 747 2664 βασιλικὸν
769 2629 823 2656 τῶν
848 2630 894 2655 ἐπὶ
919 2630 972 2665 γῆς

185 2672 314 2701 ἁπάντων
330 2673 398 2705 ζῶον
416 2673 533 2709 καθίστη
550 2674 596 2700 τον
617 2674 767 2710 ἄνθρωπον,
785 2674 926 2711 ἐλεύθερόν
941 2684 970 2701 τε

185 2720 232 2746 καὶ
252 2718 428 2751 αὐτεξούσιον
448 2720 498 2754 τῆς
515 2721 555 2751 είς
575 2720 605 2746 τὺ
626 2720 707 2746 καλὸν
724 2720 740 2755 ἢ
762 2721 802 2752 εις
817 2721 970 2748 τούναντίον

184 2764 258 2799 ἠφίει
270 2765 354 2792 αὐτον
367 2765 464 2801 ῥοπῆς·
481 2766 496 2791 ὁ
507 2765 545 2796 δὲ,
558 2765 589 2791 οὺ
605 2765 694 2797 καλῶς
706 2767 739 2801 τῇ
756 2765 971 2801 αὒτεξουσιότητι

184 2811 367 2847 χρησάμενος,
378 2811 429 2846 τῆς
440 2811 523 2846 ὀρθῆς
537 2811 708 2846 διεκτραπεὶς
717 2811 788 2844 ὁδοῦ,
795 2811 843 2847 τὴν
851 2813 971 2838 ἐναντίαν

184 2856 307 2893 ὡρμᾶτο,
323 2857 391 2893 μήτε
404 2857 470 2884 Θεὸν
485 2858 553 2892 μήτε
568 2858 679 2893 Κύριον,
695 2858 757 2893 μήτ’
771 2857 810 2884 ἔτι
822 2858 876 2884 τῶν
891 2859 971 2885 ὁσίων

184 2902 229 2929 καὶ
247 2902 371 2929 εὐσεϐῶν
384 2902 613 2937 ἐπιλογιζόμενος,
633 2903 725 2939 θηρῶν
744 2903 771 2930 δὲ
789 2904 887 2939 τρόπον
910 2903 972 2930 ἀλό-

325 2951 460 2982 Ριτιιοιι⁴
480 2950 537 2981 Gn.
553 2950 650 2981 XXII.

1021 2309 1172 2341 duntaxat,
1187 2318 1268 2344 quem
1286 2310 1344 2345 ipse
1364 2310 1457 2343 Pater,
1482 2312 1591 2339 cunctis
1610 2311 1692 2339 rebus
1716 2311 1809 2346 provi-

1022 2355 1089 2383 dens
1101 2375 1108 2387 ,
1121 2359 1183 2382 ante
1200 2356 1253 2383 alia
1265 2361 1363 2384 cuncta
1377 2357 1540 2390 constituit,
1551 2365 1586 2385 ne
1598 2357 1719 2384 omnium
1735 2364 1809 2392 quaa-

1022 2408 1130 2435 cunque
1143 2401 1214 2428 facta
1230 2406 1323 2430 essent
1339 2403 1447 2437 penitus
1464 2407 1561 2430 natura
1576 2407 1729 2435 corruerct,
1747 2410 1808 2437 qua:

1022 2451 1133 2481 propter
1148 2447 1335 2475 infirmitatem
1349 2452 1430 2484 atque
1446 2449 1632 2484 impotentiam
1649 2449 1786 2484 propriam
1798 2469 1806 2481 ,

1023 2493 1102 2528 longe
1121 2493 1225 2520 recedit
1246 2494 1280 2521 ab
1298 2494 1344 2521 illa
1364 2494 1453 2522 Patris
1473 2495 1592 2523 essentia
1605 2514 1612 2526 ,
1634 2503 1694 2529 qua:
1719 2503 1809 2529 neque

1022 2539 1113 2573 genita
1143 2542 1206 2570 est,
1236 2547 1326 2574 neque
1351 2541 1411 2574 capi
1438 2540 1665 2575 comprehendive
1692 2543 1782 2575 potest
1798 2560 1806 2571 ,

1024 2584 1071 2611 sed
1087 2589 1117 2611 ut
1136 2589 1276 2617 maneret,
1297 2589 1454 2618 cresceret,
1475 2586 1627 2613 nutriretur
1648 2587 1736 2614 media
1759 2587 1806 2613 illa

1023 2630 1117 2658 fruens
1135 2631 1296 2666 largitione,
1315 2639 1395 2666 quam
1414 2632 1526 2658 unicum
1543 2632 1662 2667 genitum
1679 2631 1726 2659 Dei
1741 2631 1809 2659 Ver-

1022 2677 1085 2703 bum
1096 2697 1103 2709 ,
1120 2685 1259 2712 nunquam
1275 2678 1412 2706 universis
1428 2677 1550 2706 suilicere
1566 2677 1686 2710 desinit,
1702 2677 1735 2705 ad
1749 2685 1809 2705 om-

1022 2723 1069 2749 nia
1089 2730 1154 2749 vero
1174 2727 1321 2757 penetrans
1344 2727 1371 2750 et
1391 2723 1511 2758 undique
1530 2723 1621 2750 omnia
1639 2730 1806 2758 peragrans,

1023 2769 1137 2796 Salutem
1156 2769 1278 2795 omnium
1288 2769 1430 2804 aequaliter
1445 2769 1616 2803 providet,et
1630 2769 1805 2796 rationalium

1022 2818 1050 2842 et
1074 2815 1217 2842 brutorum
1231 2835 1238 2846 ,
1263 2819 1290 2842 et
1313 2815 1469 2842 mortalium
1492 2820 1520 2843 et
1543 2815 1757 2845 immortalium.
1780 2817 1807 2841 et

1023 2858 1177 2886 t'aalestium
1194 2863 1220 2886 et
1234 2859 1406 2886 terrestrium
1419 2880 1426 2891 ,
1449 2859 1603 2887 divinarum
1626 2868 1735 2895 quoque
1756 2867 1807 2894 po-

1023 2908 1151 2932 testatum
1164 2924 1170 2936 ,
1188 2909 1269 2939 atque
1284 2913 1377 2933 earum
1391 2913 1450 2940 qure
1463 2911 1590 2941 aspectus
1611 2911 1720 2940 nostros
1738 2905 1806 2932 effu-

1650 2954 1668 2982 9
