2071 3219
278 171 330 198 ειη

612 170 747 198 ΕΙΪΞΕΒΙΙ
765 169 1004 197 CESARIENSIS
1024 169 1043 197 Ο

1096 191 1098 196 .
1119 169 1208 196 PARS
1225 169 1244 195 Ι.
1263 185 1296 190 —
1316 170 1563 198 APOLOGETICA.

1850 173 1902 200 268

278 233 371 267 giunt,
396 231 513 265 denique
538 231 659 256 omnium
682 237 854 264 quaecunque
872 237 920 264 per
942 228 1016 256 illttm
1037 229 1043 254 i

1096 237 1171 262 ιγων
1198 229 1298 260 πάσαις
1325 230 1475 266 ἀνημέροις
1510 231 1557 256 καὶ
1582 230 1743 262 ἀκολάστοις
1771 232 1903 267 πράξεσιν

276 278 347 312 quod
371 280 435 305 sunt
458 284 603 311 aet-epere,
627 276 706 311 longe
728 280 818 303 tamen
841 276 959 310 amplius
980 281 1062 310 atque

273 323 453 352 eroellentius
468 322 643 357 intelligentis
656 322 854 356 rationalisque
869 327 983 353 natum,
998 330 1061 357 pro-

274 375 332 404 pter
344 377 424 404 quam
440 377 474 396 nc
487 369 637 394 humanum
654 367 763 402 quidem
778 371 941 402 aspernatus
956 371 998 394 est
1015 375 1062 401 ge-

273 425 340 447 nus.
361 416 407 443 sed
425 417 528 442 honore
543 414 634 449 potius
648 418 674 440 et
689 420 754 440 cura
770 413 870 447 ingenti
885 417 1058 448 prosecutus,

272 464 308 491 ob
325 463 478 498 appositam
497 460 675 496 peculiariter
699 460 733 486 ad
754 460 875 494 seipsum
896 460 1012 486 rationis
1030 464 1058 487 et

242 527 248 533 .
270 509 347 537 verbi
375 507 604 535 necessnudinem
630 509 656 532 et
681 505 922 539 coniunctionem,
948 505 976 531 in
1003 512 1056 539 qua

269 555 352 582 etiam
376 554 410 580 ad
434 553 520 588 ipsius
542 552 705 587 imaginem,
730 550 844 577 formam
867 551 1007 585 accepisse
1028 550 1054 576 in

269 601 357 628 sacris
372 599 492 627 oraculis
510 598 614 625 dictum
629 601 680 625 est.
701 596 754 624 Sed
776 597 821 623 ille
846 595 955 631 quidem
978 604 1055 623 suam

269 647 356 682 ipsius
379 646 543 680 imaginem,
567 648 696 679 tanquam
718 642 764 670 Dei
790 642 907 669 Verbum
929 647 1055 668 cunctam

268 692 455 727 intelligentia:
471 696 498 718 et
512 690 628 717 rationis
644 696 772 723 capacem
788 693 914 715 naturam
926 707 933 720 ,
950 688 985 714 ab
1002 687 1055 714 ini-

267 740 305 765 tio
321 737 510 765 fabricationis
527 735 648 763 universi
664 735 824 766 substituit,
848 738 930 768 atque
951 733 1055 760 idcirco

267 785 416 820 principem
432 790 578 818 regemque
594 781 716 808 omnium
741 788 912 815 qua-cunque
934 780 960 807 in
982 783 1054 807 terra

265 836 329 859 sunt
346 830 505 858 animalium
517 849 523 860 ,
539 829 680 856 constituit
703 827 841 854 hominem
853 847 860 859 ,
881 835 1000 861 cumque
1019 827 1054 854 li-

1117 275 1259 311 ὲγχειρῶν.
1287 276 1387 303 Εἰκότα
1409 276 1474 310 γοῦν
1497 277 1585 312 ἑαυτῷ
1611 277 1694 303 ποιῶν
1709 278 1723 303 ὁ
1746 279 1902 313 πανάγαθος

1117 323 1163 349 καὶ
1184 323 1371 357 παμϐασιλεὺς
1397 323 1477 354 αὐτὸς
1502 324 1516 349 ὁ
1541 323 1670 358 ”1“ψιστος
1692 324 1740 350 καὶ
1759 325 1824 356 Θεὸς
1847 324 1901 352 τῶν

1115 369 1192 401 ὅλων,
1209 369 1247 400 ὡς
1264 369 1296 395 ἂν
1316 369 1352 404 μὴ
1367 369 1479 404 ἄναρχοι
1493 370 1539 396 καὶ
1554 370 1764 405 ἀνεπιστάτητοι
1779 370 1902 406 θρεμμά-

1114 423 1167 440 των
1184 414 1261 449 δίκην
1281 414 1386 448 ἀλόγων
1402 412 1456 440 εἷεν
1480 415 1504 441 οἱ
1519 416 1566 441 ἐπί
1584 416 1635 450 γῆς
1660 415 1807 450 ἄνθρωποι,
1832 424 1899 451 προ-

1113 461 1212 493 στάτας
1229 461 1316 488 αὐτῶν
1333 461 1380 488 καὶ
1397 461 1564 497 ἐπιμελητὰς
1580 461 1673 497 ὥσπερ
1695 462 1770 493 τινὰς
1784 461 1900 497 ἀγελάρ-

1101 517 1160 543 ,χας
1189 508 1236 534 καὶ
1260 508 1404 543 ποιμένας.
1430 508 1519 540 θείους
1544 508 1675 542 ἀγγέλους
1700 509 1898 543 κατεστήσατο,

1110 552 1246 587 προτάξας
1263 553 1389 579 ἁπάντων
1407 553 1454 579 καὶ
1465 555 1520 584 τοῖς
1532 554 1614 580 πᾶσιν
1627 554 1778 589 ἐπιστήσας
1790 554 1836 580 τὸν
1853 562 1900 589 μο-

1109 598 1204 633 νογενῆ
1220 598 1267 624 καὶ
1280 599 1451 634 πρωτότοκον
1472 599 1554 625 αὑτοῦ
1570 600 1665 633 Λόγον.
1684 600 1777 634 Τούτῳ
1790 600 1818 626 δὲ
1834 599 1899 635 κλῆ-

1109 652 1155 678 ρον
1165 643 1315 678 ἐξαίρετον,
1327 644 1425 676 αὐτοὺς
1440 644 1572 678 ἀγγέλους
1584 645 1630 670 καὶ
1641 645 1837 680 ἁρχαγγέλους,
1850 647 1898 672 καὶ

1107 689 1181 721 θείας
1197 689 1335 724 δυνάμεις,
1353 690 1422 717 ἀῦλά
1436 698 1465 716 τε
1485 691 1532 716 καὶ
1545 691 1728 726 ὑπερουράνια
1740 691 1895 726 πνεύματα,

1107 735 1153 761 καὶ
1170 735 1222 770 μὴν
1238 735 1348 761 καὶτῶν
1365 735 1412 761 ἐπὶ
1426 735 1478 770 γῆς
1490 735 1537 767 τὰς
1553 737 1582 763 ἐν
1597 736 1749 772 ἀνθρώποις
1764 736 1896 771 θεοφιλεῖς

1106 781 1195 816 ψυχὰς
1226 781 1394 816 ἁφωρίσατο,
1424 781 1520 808 Ἰακὼϐ
1544 782 1591 809 καὶ
1623 782 1730 818 Ἰσραὴλ
1763 783 1896 818 Ἐϐραίων

1109 827 1278 863 προσηγορίᾳ
1290 829 1302 853 ὲ
1307 829 1421 854 πικαλου
1425 828 1519 863 μένας.

264 879 359 906 herum
377 882 404 904 et
419 885 476 904 suae
493 877 580 912 ipsius
595 875 739 911 potestatis
755 875 874 906 dimisit,
892 883 946 910 qua
967 879 994 902 et
1014 874 1047 901 ad
1065 875 1165 902 bonum
1177 895 1184 906 ,
1206 880 1232 902 et
1246 875 1279 902 ad
1297 875 1362 902 boni
1377 877 1544 903 contrarium
1562 876 1626 903 ferri
1643 881 1744 912 posset.
1767 876 1817 904 Hic
1830 885 1896 905 vero

262 934 318 953 nou
334 926 402 952 bene
419 932 468 952 sua
489 924 577 959 ipsius
597 927 730 958 potestate
752 930 835 956 usus,
856 926 883 950 et
900 930 915 949 a
931 926 1006 949 recto
1021 923 1118 950 itinere
1134 923 1229 950 abiens
1243 923 1369 951 diversus
1380 943 1387 955 ,
1402 924 1430 950 in
1451 924 1621 952 contrarium
1635 925 1742 952 delatus
1761 929 1818 958 est,
1840 933 1894 952 non

263 975 394 1007 reputans
412 970 476 1006 quiti
493 970 565 997 Deus
580 975 606 996 et
623 969 767 1002 Dominus,
785 975 839 995 non
854 969 919 1003 quid
933 968 979 1003 jus
993 972 1020 995 et
1038 968 1095 1000 fas,
1116 977 1170 995 non
1187 969 1251 1004 quid
1268 970 1354 1004 pietas
1368 970 1537 1004 postularet,
1557 970 1604 998 sed
1620 972 1706 998 instar
1723 971 1874 999 belluarum
1886 994 1894 1005 ,

261 1026 322 1053 quae
339 1018 454 1045 rationis
476 1020 602 1051 expertes
623 1019 703 1047 sunt,
720 1023 816 1042 omnes
841 1015 1006 1042 inhumanas
1029 1019 1111 1050 atque
1136 1015 1314 1043 immodestas
1334 1018 1456 1044 actiones
1477 1017 1649 1052 aggrediens.
1665 1017 1792 1054 Optimus
1813 1019 1897 1054 igitur

261 1070 341 1102 atque
362 1066 483 1093 omnium
505 1068 644 1100 regnator,
670 1071 728 1099 ipse
749 1063 927 1095 Altissimus,
953 1063 1025 1090 Deus
1038 1064 1176 1096 universi,
1203 1064 1249 1098 qui
1273 1071 1380 1099 semper
1400 1072 1431 1092 ea
1452 1072 1513 1100 qua:
1532 1065 1654 1100 seipsum
1675 1065 1788 1093 deceant
1809 1065 1894 1097 facit,

260 1122 294 1141 ne
320 1114 422 1148 absque
450 1113 534 1140 certis
560 1112 731 1147 principibus
759 1119 790 1138 ac
810 1111 957 1146 praefectis,
976 1111 1263 1146 instarjumentorum
1280 1113 1480 1140 irrationalium
1498 1118 1601 1146 essent,
1623 1114 1670 1149 qui
1691 1115 1718 1141 in
1739 1118 1811 1142 terra
1834 1122 1895 1142 ver-

259 1161 391 1188 sabantur
411 1160 536 1187 homines
547 1179 555 1192 ,
572 1163 676 1187 tutores
691 1159 745 1186 illis
762 1165 789 1186 et
809 1163 950 1186 curatores
966 1159 1046 1194 quasi
1061 1159 1194 1194 quosdam
1213 1165 1400 1188 armentorum
1416 1161 1502 1189 duces
1522 1165 1603 1196 atque
1623 1166 1764 1197 pastores,
1786 1163 1894 1190 divinos

258 1209 370 1243 angelos
386 1208 478 1240 dedit,
495 1208 618 1243 principe
638 1209 761 1235 omnium
783 1207 938 1239 declarato,
959 1208 1039 1243 156
1053 1209 1235 1244 omnibusque
1256 1209 1385 1244 praafecto
1399 1210 1498 1243 unico,
1513 1211 1656 1245 primoque
1673 1212 1765 1246 genito
1784 1220 1834 1239 suo
1852 1212 1894 1246 ip-

257 1255 316 1282 sius
332 1254 432 1282 Verbo.
449 1253 576 1289 Iluicque
589 1254 641 1289 ipsi
666 1258 767 1281 sortem
793 1255 957 1289 prmeipuam
969 1274 977 1286 ,
994 1255 1104 1289 angelos
1120 1255 1194 1290 ipsos
1209 1260 1291 1291 atque
1311 1257 1506 1292 archangelos,
1528 1257 1690 1293 divinasque
1720 1263 1868 1293 potestates
1883 1279 1891 1291 ,

258 1303 436 1337 materiaeque
456 1303 546 1329 onmis
559 1307 696 1337 expertes,
716 1309 749 1329 ac
771 1302 831 1336 ipso
853 1303 922 1329 caalo
947 1303 1104 1337 superiores
1125 1304 1257 1338 spiritus,
1281 1312 1388 1332 necnon
1412 1313 1446 1333 ex
1470 1306 1503 1332 iis
1526 1314 1586 1341 qua:
1605 1306 1632 1332 in
1647 1312 1717 1333 terra
1733 1313 1891 1341 versantur,

257 1350 400 1384 religiosas
424 1350 565 1376 hominum
586 1349 691 1376 animas
712 1357 836 1377 seorsum
863 1350 1005 1384 attribuit,
1032 1358 1092 1386 quae
1117 1353 1199 1379 etiam
1222 1353 1454 1388 appellationibus
1476 1353 1672 1386 Hebraeorum,
1698 1353 1783 1382 Jacob
1808 1359 1892 1390 atque

257 1395 341 1424 Israel
357 1397 545 1423 nominantur.

619 1454 676 1481 VII.

256 1502 334 1536 Quod
348 1502 413 1529 solis
435 1501 554 1529 flabra-is
570 1502 717 1536 antiquitus
733 1502 848 1536 cognitio
867 1501 913 1528 Dei
929 1503 1043 1530 universi

290 1538 396 1572 prodita
415 1538 450 1564 sit
462 1557 469 1569 ,
486 1545 544 1572 qua:
563 1536 668 1564 Christo
697 1537 811 1571 seipsum
832 1537 969 1564 exltibeute
985 1547 1046 1572 per-

290 1574 428 1607 ciperetur.

290 1629 347 1657 Hoc
363 1637 429 1656 sane
443 1628 636 1664 mysteriorum
650 1628 772 1655 omnium
791 1628 924 1661 maximo,
940 1630 1044 1664 primus

253 1675 444 1711 theologorum
463 1675 569 1710 Moyses
585 1675 610 1701 in
635 1675 762 1706 arcanis,
787 1675 916 1703 Hebraeos
937 1680 1043 1704 veteres

254 1722 389 1752 initiavit,
409 1722 449 1749 sic
467 1721 563 1748 dicens
580 1731 587 1748 :
603 1730 612 1746 ι
630 1720 771 1756 Interroga
791 1726 897 1756 patrem
918 1726 996 1749 tuum
1017 1727 1044 1750 et

253 1768 426 1795 annuntiabit
437 1767 496 1798 tibi,
513 1767 630 1801 majores
646 1771 707 1794 tuos
720 1771 747 1793 et
760 1767 852 1794 dicent
865 1768 912 1795 tibi
927 1778 933 1796 :
949 1768 1043 1801 Quan-

252 1814 287 1840 do
312 1813 451 1841 dividebat
475 1813 634 1840 Altissimus
658 1817 771 1847 gcntes,
800 1819 829 1840 ut
854 1814 1043 1843 disseminavit

254 1860 324 1886 ﬁlios
340 1859 425 1886 Adam
438 1879 444 1890 ,
459 1858 603 1886 constituit
618 1860 750 1886 terminos
763 1860 885 1894 gentium
900 1861 978 1895 juxta
992 1869 1042 1887 nu-

253 1913 358 1932 merum
374 1905 530 1940 angelorum
547 1904 615 1937 Dei,
638 1910 664 1932 et
680 1905 750 1931 facta
769 1911 810 1933 est
828 1906 916 1941 portio
933 1906 1041 1934 Domini

252 1951 370 1986 populus
385 1951 445 1986 ejus
459 1950 543 1978 Iacob
554 1971 561 1982 ,
579 1951 718 1978 funiculus
732 1951 900 1979 lirereditatis
921 1952 982 1986 ejus
1003 1953 1042 1981 Is—

251 1998 308 2025 rael
320 1998 354 2025 ".
371 2007 380 2023 ι
395 1997 443 2025 His
453 1997 561 2032 quidem
575 1998 665 2025 verbis
678 2007 684 2024 :
698 1998 868 2025 Altissimum
882 2006 954 2030 eum,
969 1999 1040 2033 qttod

250 2043 332 2071 Pater
357 2048 416 2076 est,
442 2044 542 2079 quique
564 2051 646 2078 supra
673 2044 785 2075 omnia,
811 2043 896 2070 Deum
921 2043 1039 2071 universi

250 2090 375 2119 nominat
391 2100 397 2117 :
413 2089 558 2117 Dominum
577 2097 641 2117 vero
656 2089 771 2124 hujuSce
786 2089 917 2122 Verbum,
933 2089 959 2116 id
974 2097 1040 2117 sane

1470 1457 1510 1483 Z'.

1103 1501 1149 1534 Ὡς
1165 1502 1270 1536 μόνοις
1305 1501 1445 1535 Ἑϐραίοις
1478 1502 1510 1528 τὸ
1543 1503 1672 1528 πηᾹαιῦι·
1702 1503 1721 1536 ὴ
1752 1503 1805 1530 τοῦ
1830 1503 1889 1531 τῶν

1132 1537 1210 1564 ὅλων
1227 1537 1299 1564 Θεοῦ
1312 1537 1421 1570 γνῶσις
1437 1538 1679 1565 ἀποκεκάλυπω.
1695 1538 1743 1564 διὰ
1755 1538 1809 1572 τῆς
1823 1540 1888 1567 ἑπι-

1131 1573 1258 1607 φανείας
1272 1572 1324 1601 τοῦ
1342 1573 1471 1607 Χριστοῦ
1494 1573 1731 1608 τιγγωσκομὲνη.

1131 1629 1216 1656 Τοῦτο
1237 1630 1394 1665 μυστηρίων
1417 1629 1447 1655 τὸ
1470 1629 1608 1664 μέγιστον,
1630 1630 1737 1665 πρῶτος
1754 1630 1887 1665 Θεολόγων

1095 1676 1213 1711 Μωῦσῆς
1226 1677 1254 1702 ὲν
1266 1677 1430 1712 ἀπορρήτοις
1446 1676 1587 1711 Ἐϐραίους
1599 1676 1660 1707 τοὺς
1671 1676 1752 1703 πάλαι
1765 1678 1887 1712 ὲμυστα-

1093 1721 1178 1756 γὼγει
1205 1722 1301 1756 λέγων’
1329 1732 1338 1747 ‹
1369 1722 1558 1757 Ἐπερώτησον
1578 1722 1623 1748 τὸν
1645 1724 1751 1758 πατέρα
1773 1732 1819 1749 σου
1838 1724 1887 1750 καὶ

1094 1768 1239 1802 ἀναγγελεῖ
1250 1777 1301 1801 σοι,
1314 1769 1375 1799 τοὺς
1387 1768 1590 1804 πρεσϐυτέρους
1606 1777 1652 1795 σου
1664 1770 1710 1795 καὶ
1722 1769 1814 1805 ἐροῦσί
1826 1778 1865 1796 σοι
1876 1778 1884 1784 ·

1092 1814 1137 1839 ὅτε
1150 1813 1301 1849 διεμέριζεν
1315 1814 1329 1839 ὁ
1346 1813 1476 1848 ’Ύψιστος
1491 1813 1566 1848 ἔθνη,
1584 1813 1622 1845 ὡς
1639 1813 1792 1850 διέσπειρεν
1810 1815 1885 1846 υἱοὺς

1099 1859 1193 1894 Ἀδὰμ,
1216 1859 1330 1894 ἔστησεν
1352 1859 1413 1894 ὅρια
1433 1859 1518 1886 ἐθνῶν
1537 1859 1598 1885 κατ’
1626 1859 1742 1895 ἀριθμὸν
1761 1860 1884 1895 ἀγγέλων

1092 1904 1170 1935 Θεοῦ,
1182 1904 1230 1930 καὶ
1243 1904 1359 1939 ἐγενήθη
1380 1903 1458 1939 μερὶς
1479 1903 1581 1938 Κυρίου
1593 1902 1655 1935 λαὸς
1674 1904 1755 1931 αὐτοῦ
1775 1905 1883 1937 Ἰακὼϐ,

1093 1951 1234 1986 σχοίνισμα
1251 1951 1433 1986 κληρονομίας
1444 1950 1525 1976 αὐτοῦ
1550 1951 1667 1986 Ἰσραήλ.
1691 1961 1699 1976 ι
1719 1951 1768 1977 Διὰ
1781 1951 1883 1978 τούτων

1091 1998 1155 2032 γοῦν
1171 1997 1299 2033 Ὕψιστον
1321 1998 1370 2033 μὲν
1384 1997 1428 2023 τὸν
1444 1998 1584 2029 ἀνωτάτω,
1600 1998 1646 2024 καὶ
1660 1998 1705 2024 ἐπὶ
1723 1999 1800 2030 πᾶσι,
1816 1998 1883 2024 Θεὸν

1091 2044 1143 2070 τῶν
1160 2044 1228 2070 ὅλων
1244 2042 1380 2077 ὀνομάζει·
1399 2041 1500 2076 Κύριον
1514 2042 1542 2069 δὲ
1556 2043 1602 2068 τὸν
1618 2042 1711 2068 τούτου
1726 2043 1822 2076 Λόγον,
1836 2042 1883 2069 τὸν

1090 2091 1121 2126 δὴ
1135 2091 1182 2116 καὶ
1199 2090 1332 2125 δευτέρως
1356 2090 1421 2124 ἡμῖν
1441 2089 1509 2124 μετὰ
1524 2089 1570 2116 τὸν
1591 2089 1645 2115 τῶν
1666 2089 1734 2115 ὅλων
1749 2089 1814 2115 Θεὸν
1834 2098 1882 2115 κυ-

249 2136 322 2172 quod
347 2144 398 2164 nos
422 2143 437 2162 a
461 2135 545 2163 Patre
567 2136 703 2171 genitum,
727 2136 907 2171 appellatione
930 2135 1037 2163 Domini

1096 2137 1306 2172 οιολογούμενον.
1329 2136 1408 2162 Ἀλλὰ
1425 2135 1479 2170 γὰρ
1495 2137 1550 2168 τοῖς
1569 2136 1616 2171 μὲν
1631 2135 1685 2162 τῶν
1699 2135 1783 2161 ἐθνῶν
1798 2136 1882 2171 ἀορά-

249 2190 424 2211 vcueramnr.
437 2182 571 2209 Caeterum
585 2181 721 2216 przefectis
734 2182 843 2216 quidem
856 2190 888 2209 ac
901 2182 1037 2210 tutoribus

248 2230 369 2265 gentium
380 2249 387 2261 ,
401 2229 489 2256 visum
501 2232 626 2255 nostrum
641 2227 832 2262 eﬂugietitibus
843 2248 850 2259 ,
865 2227 932 2262 ipsis
945 2228 1038 2262 utique

247 2276 353 2311 angelis
365 2295 372 2306 ,
389 2278 505 2302 cunctas
523 2278 619 2309 gentes
633 2278 661 2300 et
677 2274 747 2300 tilios
762 2274 903 2300 hominum
921 2281 990 2308 quos
1006 2273 1038 2300 {i-

245 2323 298 2350 lios
322 2321 409 2348 Adam
433 2325 531 2352 vocat,
547 2320 635 2355 ipsius
655 2320 784 2347 altissimi
803 2318 850 2346 Dei
871 2319 993 2353 judicio,
1010 2323 1036 2346 et

246 2368 326 2396 nobis
342 2367 542 2395 occultissimis
556 2366 722 2396 rationibus.
735 2366 773 2392 ait
788 2365 956 2392 distributos
972 2364 1038 2392 fuis-

244 2422 274 2443 se
288 2414 441 2442 :-omnium
463 2421 529 2441 vero
551 2412 771 2440 etuinentissimo
791 2413 900 2447 praesidi
923 2420 955 2439 ac
978 2412 1035 2446 regi

245 2462 386 2496 universi,
410 2461 461 2496 ipsi
483 2461 579 2496 utique
599 2460 721 2491 Christo,
743 2464 875 2494 tanquam
893 2459 974 2486 unico
989 2458 1035 2485 Fi-

244 2508 296 2539 lio,
313 2516 346 2535 ex
362 2507 430 2542 ipsis
445 2507 603 2534 hominibus
617 2505 703 2533 Jacob
716 2509 798 2540 atque
813 2504 912 2536 Israel,
926 2505 978 2532 hoc
992 2509 1034 2532 est

245 2561 325 2580 omne
354 2553 538 2588 quodcunque
557 2557 585 2580 et
603 2553 663 2579 visu
685 2552 787 2586 percipi
807 2555 912 2586 potest,
934 2555 960 2577 et
975 2551 1034 2577 cul-

244 2603 302 2626 tum
323 2599 369 2627 Dei
390 2601 544 2634 amplexum
569 2604 626 2632 est,
656 2598 787 2625 traditum
813 2597 899 2625 fuisse
923 2604 1030 2631 genus:

245 2652 308 2671 nam
326 2645 373 2679 qui
391 2645 426 2672 ad
445 2646 572 2673 virtutem
591 2645 734 2679 proposito
751 2643 902 2670 certamine
921 2651 1032 2670 exerce-

244 2693 299 2720 tur,
319 2695 400 2724 atque
418 2690 507 2717 adhuc
527 2693 630 2725 pugnat
650 2694 677 2717 et
692 2690 813 2716 luctatur
832 2689 860 2715 in
880 2689 1031 2724 gymnasiis

245 2734 354 2767 pietatis
365 2754 373 2766 ,
394 2735 439 2762 hic
455 2734 633 2763 Hebraeorum
652 2735 786 2763 vocabulo
805 2734 907 2761 dicitur
923 2733 1008 2761 Jacob
1023 2744 1028 2761 :

242 2779 289 2814 qui
305 2787 369 2806 vero
382 2780 438 2814 jam
452 2781 575 2808 victoriae
592 2789 623 2808 ac
639 2782 812 2817 prtemiorum
845 2780 916 2816 apud
945 2779 1030 2807 Deum

242 2832 355 2860 compos
368 2831 410 2855 est
429 2827 535 2860 factus,
557 2827 638 2856 Israel
659 2828 824 2864 appellatur,
845 2827 937 2863 qualis
955 2826 1030 2854 vide-

280 2908 301 2924 ’⁸
318 2912 395 2941 Deut.
413 2921 498 2946 χχιιι,
515 2913 576 2941 7-9.

1088 2191 1144 2213 τοις
1169 2182 1343 2217 προστάταις,
1364 2181 1456 2212 αὐτοῖς
1478 2181 1506 2207 δὲ
1523 2182 1580 2212 τοῖς
1603 2180 1738 2215 ἀγγέλοις,
1758 2180 1793 2207 τὰ
1815 2180 1880 2216 ἔθνη

1089 2229 1177 2256 πάντα
1198 2230 1245 2255 καὶ
1266 2229 1328 2260 τοὺς
1348 2229 1422 2259 υἱοὺς
1443 2227 1497 2254 τῶν
1521 2227 1671 2262 ἀνθρώπων
1693 2227 1768 2258 υἱοὺς
1792 2227 1880 2262 Ἀδὰμ

1088 2274 1326 2310 ἐπικαλουμένους,
1348 2274 1436 2309 κρίσει
1455 2274 1502 2300 τοῦ
1525 2273 1636 2308 ὑψίστου
1649 2273 1716 2299 Θεοῦ
1730 2273 1777 2299 καὶ
1790 2273 1879 2306 λόγοις

1087 2323 1217 2358 ἀρρήτοις
1243 2321 1307 2356 ἡμῖν
1335 2329 1400 2356 φησι
1420 2319 1625 2355 διανεμηθῆναι·
1651 2319 1691 2354 τῷ
1713 2319 1740 2346 δὲ
1768 2320 1878 2346 πάντων

1088 2367 1257 2402 ἐξοχωτάτῳ,
1278 2366 1392 2401 ἡγεμόνι
1414 2374 1442 2392 τε
1458 2366 1505 2391 καὶ
1525 2365 1629 2400 βασιλεῖ
1641 2365 1694 2391 τῶν
1707 2364 1785 2396 ὅλων,
1802 2364 1877 2399 αὐτῷ

1085 2413 1117 2448 δὴ
1134 2413 1172 2448 τῷ
1185 2412 1305 2448 Χριστῷ,
1320 2412 1357 2444 ὡς
1375 2412 1406 2438 ἂν
1424 2413 1562 2447 μονογενΞῖ
1577 2411 1644 2446 Υἱῷ,
1656 2411 1710 2437 τῶν
1725 2411 1753 2437 ἐν
1770 2410 1877 2446 ἀνθρώ-

1086 2468 1157 2490 ποις,
1174 2459 1219 2485 τὸν
1241 2458 1337 2485 Ἰακὼϐ
1353 2458 1400 2484 καὶ
1428 2457 1546 2492 Ἰσραὴλ,
1562 2457 1685 2483 τουτέστι
1705 2458 1758 2483 πᾶν
1776 2457 1806 2483 τὸ
1819 2457 1876 2483 διο-

1087 2505 1196 2541 ρατικὸν
1221 2505 1267 2531 καὶ
1289 2504 1412 2535 θεοσεϐὲς
1429 2503 1613 2539 παραδοθῆναι
1633 2504 1720 2537 γένος.
1740 2503 1831 2529 Εἰσέτι
1848 2511 1875 2528 τι

1085 2551 1174 2578 ἁθλῶν
1194 2552 1240 2578 καὶ
1261 2550 1383 2577 παλαίων
1402 2551 1430 2576 ὲν
1451 2552 1506 2582 τοῖς
1528 2551 1588 2576 κατ’
1610 2549 1748 2576 εὐσέϐειαν
1766 2558 1872 2584 γυμνα-

1086 2598 1162 2629 σίοις,
1186 2597 1319 2632 Ἐϐραίων
1339 2596 1509 2631 προσηγορίᾳ
1526 2596 1655 2631 κέκληται
1682 2594 1796 2621 Ἰακώϐ·
1812 2596 1826 2621 ὁ
1846 2595 1874 2621 δὲ

1083 2643 1132 2678 ἤδη
1150 2643 1226 2676 νίκης
1249 2642 1295 2668 καὶ
1316 2641 1369 2668 τῶν
1389 2642 1463 2678 παρὰ
1484 2641 1543 2676 Θεῴ
1565 2641 1699 2676 βραὸείων
1722 2640 1874 2676 ἠξιωμένος

1089 2689 1196 2725 Ἰσραὴλ
1212 2688 1415 2724 ἀναγορεύεται·
1433 2685 1488 2719 οἶος
1503 2688 1583 2719 αὐτὸς
1598 2685 1632 2722 ἦν
1651 2688 1754 2718 ἐκεῖνος
1773 2687 1787 2712 ὁ
1804 2686 1872 2721 βοώ-

1085 2743 1162 2770 μενος
1177 2734 1224 2761 τοῦ
1242 2733 1340 2764 παντὸς
1366 2732 1498 2768 Ἐὃραίων
1514 2731 1606 2762 ἔθνους
1625 2730 1785 2766 προπάτωρ,
1802 2729 1829 2755 οἴ
1843 2737 1872 2755 τε

1082 2780 1176 2808 τούτου
1190 2781 1295 2815 γνήσιοι
1311 2779 1404 2810 παῖδες
1418 2777 1544 2812 ἀπόγονοί
1560 2786 1588 2803 τε
1605 2777 1717 2808 τούτων,
1740 2777 1787 2803 καὶ
1805 2784 1870 2810 προ-

1085 2827 1211 2861 πάτορες,
1227 2825 1363 2861 προφῆται
1380 2824 1479 2856 πάντες
1493 2824 1540 2850 καὶ
1555 2823 1687 2858 Θεοφιλεῖς
1704 2823 1810 2858 ἄνδρες,
1826 2821 1872 2857 Μὴ
