2071 3219
201 192 253 219 269
645 192 971 220 ΠΕΜΟΝΞἹἪΑΤΙΟΝΙΞ
991 193 1019 220 E‘

1005 193 1222 222 IVANGELiCAS
1240 194 1303 221 ΗΒ.
1321 194 1365 221 iV.
1771 192 1823 218 9.70

203 253 258 287 γὰρ
281 260 325 287 μοι
351 252 380 279 τὸ
409 252 539 279 Ἰουδαίων
557 252 657 288 πλῆθος
673 252 759 288 ταύτῃ
780 251 874 287 νόμιζε
895 252 1021 288 δηλῶ-Α

1007 256 1029 284 Α
1042 253 1106 280 licet
1123 253 1174 280 fuit
1188 253 1233 280 ille
1249 253 1307 287 ipse
1323 251 1484 279 notissimus
1502 251 1585 278 totius
1605 249 1745 276 Ilebraica:
1760 259 1825 285 gcn-

205 298 276 329 σθαι,
292 299 389 334 μόνους
407 308 436 325 τε
452 300 513 330 τοὺς
533 299 616 325 πάλαι
631 299 761 334 πρότερον
782 299 864 334 ἁρετῇ
879 299 926 325 καὶ
943 298 988 324 εὐ-

1042 299 1078 326 tis
1095 303 1200 328 auctor.
1219 299 1332 334 ejusque
1349 298 1403 325 veri
1420 305 1452 325 ac
1466 297 1577 333 legitimi
1595 297 1660 330 ﬁlii,
1684 301 1765 331 atque
1780 297 1826 323 ho—

206 344 298 380 σεὸείᾳ
317 345 550 380 τετελειωμένους.
576 345 691 376 Τούτους
707 345 739 379 δὴ
756 344 802 372 οὖν
822 343 988 380 παραλαϐὼν

1042 352 1102 370 rum
1116 348 1228 379 nepotes
1242 353 1249 371 :
1265 347 1371 371 Veteres
1383 344 1444 370 item
1461 343 1597 378 prophetae
1612 349 1720 373 omnes,
1739 345 1766 368 et
1779 342 1825 376 qui

204 390 218 416 tl
232 391 397 426 καθηγεμὼν
419 393 464 418 καὶ
480 392 635 427 προστάτης
651 392 777 418 ἁπάντων
791 391 837 418 τοῦ
849 390 916 417 Θεοῦ
937 391 988 416 Λό-

1042 390 1097 418 Dco
1109 390 1178 425 grati
1194 390 1304 417 fuerunt
1318 390 1369 416 viri
1386 401 1391 416 :
1411 390 1489 424 157
1501 389 1556 415 noli
1568 389 1645 420 mihi,
1659 396 1761 423 quaeso.
1775 396 1822 423 pu-

204 444 261 469 γος,
275 436 322 462 ἐπὶ
343 436 391 471 τὴν
406 437 485 471 μόνου
501 437 546 463 τοῦ
562 437 679 472 Πατρὸς,
694 437 775 463 αὑτοῦ
794 436 826 472 δὴ
844 436 889 464 τοῦ
912 436 989 472 Ὑψί-

1042 441 1101 464 tare
1120 436 1275 464 Judaeorum
1295 441 1458 463 conventum
1477 436 1527 462 hac
1542 436 1723 470 appellatione
1739 434 1824 469 signi-

204 490 279 512 στου,
295 482 441 518 θρησκείαν
459 483 615 510 ἀνεκαλεῖτο
632 483 685 509 τῶν
699 483 845 518 ὁρωμένων
862 482 988 509 ἁπάντων

1044 480 1137 511 ﬁcari,
1158 485 1184 508 et
1204 488 1251 508 eos
1271 481 1344 508 solos
1362 481 1408 515 qui
1428 480 1498 515 apud
1520 481 1625 515 priores
1644 481 1708 506 olim
1727 479 1826 506 virtute

203 527 344 560 ἀνωτάτω,
366 529 492 556 ἐπέκεινα
512 538 541 555 τε
560 529 674 565 οὐρανοῦ
695 530 742 556 καὶ
763 529 852 565 πάσης
873 529 989 564 γενητῆς

1043 535 1074 555 ac
1102 528 1200 562 pietate
1228 526 1340 562 perfecti
1360 527 1541 554 exstiterunt:
1561 527 1612 554 hos
1632 527 1722 561 itaque
1748 534 1826 553 assu-

203 573 306 605 οὐσίας,
323 575 386 606 τοὺς
405 575 540 610 ὑπηκόους
555 576 645 610 ἠρέμα
662 575 708 602 καὶ
727 575 821 610 πράως
839 574 988 601 ἀνακαλού-

1042 581 1118 600 meus
1145 574 1243 600 ductor
1274 574 1395 601 omnium
1413 582 1445 601 ac
1464 573 1591 608 princeps
1619 572 1666 599 Dei
1686 572 1803 599 Verbum
1818 591 1825 604 ,

204 627 294 654 μενος,
309 619 389 654 μόνον
406 629 435 646 τε
449 621 539 652 αὐτοῖς
556 622 602 648 τὸν
616 621 774 657 ἀγέννητον,
793 622 840 648 καὶ
852 621 906 647 τῶν
920 621 987 647 ὅλων

1044 620 1077 646 ad
1100 621 1182 647 unius
1203 619 1309 652 Patris,
1335 620 1421 655 ipsius
1440 619 1571 648 Altissimi
1596 620 1701 647 scilicet
1723 619 1825 646 cultum

203 667 318 702 ποιητὴν
331 667 397 694 Θεὺν
409 668 454 694 τδν
470 668 581 703 ὕψιστον
599 668 762 704 παραδιδοὺς
776 669 908 695 εὐσεϐεῖν.

1041 667 1185 694 revocabat
1197 667 1388 700 supra,omuia
1407 674 1466 700 qua;
1483 666 1534 692 sub
1551 665 1638 692 visum
1654 666 1768 695 cadunt,
1785 668 1825 690 at-

201 718 256 745 que
275 712 344 738 ultra
357 710 473 744 coelum,
489 712 614 746 ultraque
630 720 737 740 omnem
755 720 923 748 quaecunque
941 711 1011 738 facta
1029 712 1065 738 sit
1087 715 1229 743 naturam,
1245 718 1292 738 eos
1316 711 1361 746 qui
1383 711 1434 739 sibi
1457 711 1562 746 juhcnti
1585 711 1739 746 paruissent
1764 719 1825 738 scn-

201 758 254 786 sim
277 759 445 794 benigneque
469 759 606 792 inritans,
630 759 773 794 solumque
794 759 856 787 illis
868 767 929 787 eum
941 779 949 790 ,
966 758 1013 793 qui
1029 758 1136 793 genitus
1157 766 1211 784 non
1226 761 1284 789 est.
1300 757 1419 785 universi
1435 758 1603 785 conditorem
1620 757 1704 784 Deum
1725 758 1827 785 altissi-

202 813 277 832 mum
293 804 434 832 colendum
449 805 570 832 tradens.

575 863 615 890 H'.
1402 860 1468 887 Vlll.

205 908 254 942 Ὧς
261 911 374 943 μόνους
388 909 458 942 τοὺς
468 908 531 936 κατ’
542 909 670 942 οἰιοανὸν
679 908 836 944 φωστῆρας
850 909 886 936 τὰ
897 909 988 936 λοιπὰ
1004 941 1021 944 _

1007 941 1021 944 _
1041 908 1118 942 Quod
1141 908 1198 934 sola
1220 907 1276 934 caeli
1306 907 1403 934 sidera‘
1420 913 1444 934 et
1477 908 1577 944 Iumina
1606 907 1711 942 reliqum
1740 913 1825 943 gentes

316 941 411 971 ἐθνῶν
436 941 544 971 ἔσεϐον
565 941 704 979 ἀγγέλοις
733 941 814 972 τισίν
828 941 988 979 ἐγκεχωρι-
1003 941 1023 967 Β

238 988 346 1014 σμ.να.

1008 941 1023 967 Β
1053 941 1202 984 colerent,
1226 951 1283 978 quw
1302 951 1420 970 seorsum
1449 943 1606 978 quibusdam
1633 941 1826 978 angalisvassi-

1073 984 1160 1013 gnatae
1175 984 1238 1005 snit.

237 1027 268 1053 Οί
283 1027 312 1053 δέ
327 1036 359 1061 γε
376 1027 430 1053 τῶν
444 1027 531 1054 ἄλλων
548 1027 632 1054 ἐθνῶν
657 1027 799 1054 ἐπιστάται
814 1026 923 1060 ἄγγελοι
940 1026 987 1052 καὶ

1073 1024 1194 1050 Aliarum
1212 1031 1276 1051 vero
1293 1023 1414 1058 gentium
1435 1023 1554 1058 prrefccti
1573 1023 1659 1058 angeli
1683 1027 1764 1059 atque
1779 1031 1823 1059 pa-

200 1073 329 1107 ποιμένες
335 1074 398 1105 τοὺς
410 1073 446 1108 μὴ
454 1074 526 1105 οἴους
536 1082 565 1100 τε
577 1073 615 1108 νῷ
627 1073 671 1099 τὸν
682 1074 797 1109 ἀόρατον
810 1073 969 1100 ἐποπτεύειν
979 1092 986 1104 ,

1038 1074 1126 1098 stores
1137 1091 1145 1103 ,
1160 1077 1207 1098 eos
1219 1070 1265 1105 qui
1280 1073 1379 1101 mente,
1396 1069 1470 1096 illum
1488 1070 1532 1104 qui
1548 1069 1607 1097 visu
1629 1070 1736 1096 mortali
1751 1070 1825 1096 ccrui

201 1121 268 1156 μηδὲ
282 1120 436 1148 ἀναϐαίνειν
450 1120 575 1147 τοσοῦτον
588 1121 621 1147 δι’
638 1121 740 1147 οἰκείαν
758 1120 898 1147 ἀσθένειαν
911 1141 918 1152 ,
931 1121 988 1150 τοῖς

1038 1117 1141 1150 nequit,
1154 1116 1253 1142 intueri
1266 1123 1321 1142 non
1336 1118 1471 1149 poterant,
1485 1122 1573 1149 neque
1586 1119 1641 1141 tam
1668 1115 1720 1142 alte
1732 1115 1768 1142 ob
1778 1116 1826 1142 do-

198 1166 346 1201 ὁρωμὲνοις
364 1167 423 1193 κατ’
439 1167 550 1202 οὐρανὸν
569 1166 712 1202 προσέχειν
728 1166 836 1200 ἠξίουν,
853 1166 920 1201 ἡλίῳ
941 1165 987 1192 καὶ

1038 1163 1179 1190 mesticam
1194 1162 1407 1189 imbecillitatem
1420 1161 1577 1192 ascendere,
1592 1169 1625 1188 ea
1640 1169 1700 1195 qua:
1717 1162 1744 1188 in
1756 1162 1825 1189 coelo

200 1210 299 1247 σελήνῃ
319 1211 367 1238 καὶ
384 1211 503 1247 ἄστροις·
521 1211 539 1238 ἃ
560 1212 592 1247 δὴ
613 1212 659 1238 καὶ
675 1213 703 1238 ὲν
719 1213 751 1247 τῇ
770 1211 918 1246 φαινομένῃ
934 1210 987 1236 τῶν

1037 1212 1195 1243 spectantur
1208 1208 1386 1243 contemplari
1400 1208 1560 1240 suadebant,
1573 1209 1669 1240 solem,
1683 1211 1710 1235 et
1722 1208 1823 1238 lunam,

198 1257 267 1284 ὅλων
281 1257 360 1291 φύσει
372 1258 554 1294 διαπρέποντα
564 1279 571 1290 ,
589 1258 644 1284 ἄνω
660 1259 706 1284 καὶ
719 1258 759 1284 ὅτι
774 1257 890 1293 μάλιστα
907 1258 987 1291 ἐγγυ-

1037 1257 1064 1281 et
1077 1254 1179 1281 stellas.
1196 1253 1262 1286 Qua:
1278 1254 1387 1288 quidem
1411 1261 1473 1280 cum
1492 1254 1534 1281 vel
1550 1255 1577 1281 in
1595 1254 1708 1282 cadente
1723 1255 1773 1282 sub
1786 1255 1825 1282 vit

199 1302 273 1328 ritu)
289 1301 327 1333 ὡς
342 1301 375 1328 ἃν
388 1303 416 1328 ἐν
438 1302 583 1338 προθύροις
598 1303 645 1330 τοῦ
661 1302 854 1338 παμϐασιλέως
869 1302 918 1333 τὰς
932 1301 986 1327 τῶν

1038 1307 1097 1326 sum
1115 1303 1239 1326 nostrum
1255 1299 1374 1327 universi
1396 1303 1494 1326 natura
1510 1299 1688 1334 prteniteant,
1716 1308 1825 1328 sursum

197 1346 324 1382 ὁρώντων
345 1347 420 1382 ὄψεις
442 1347 613 1380 ἀνεκαλεῖτο,
634 1349 666 1374 ἐκ
693 1347 823 1382 μεγέθους
847 1347 894 1373 καὶ
920 1346 986 1372 καλ-

1037 1349 1118 1380 atque
1135 1345 1234 1380 oppido
1250 1353 1331 1380 quam
1351 1350 1462 1380 propter
1486 1350 1614 1380 tanquam
1636 1347 1663 1373 in
1681 1346 1748 1381 ipsis
1765 1355 1823 1374 ont-

197 1391 278 1428 λονῆς
290 1393 342 1420 τῶν
352 1395 498 1430 ὁρωμένων
510 1395 665 1429 κτισμάτων
675 1393 812 1427 ἀναλόγως
822 1393 868 1419 τοῦ
878 1393 986 1420 πάντων

1036 1390 1111 1417 nium
1125 1391 1196 1425 regis
1212 1391 1364 1422 vestibulis,
1378 1391 1452 1426 ipsos
1468 1391 1630 1418 intuentium
1650 1396 1777 1426 aspectus
1788 1392 1827 1418 al-

197 1438 388 1473 γενεσιουργοὺ
411 1439 460 1473 τὴν
485 1438 600 1473 θεωρίαν
623 1437 814 1473 ἐμφανίζοντα.
836 1447 845 1463 ‹
868 1437 908 1464 Τὰ
932 1437 986 1472 γὰρ

1038 1437 1143 1469 liciunt,
1156 1441 1237 1472 atque
1254 1445 1285 1464 ex
1301 1445 1393 1464 earum
1407 1445 1497 1464 rerqu
1513 1437 1698 1472 magnitudine
1713 1445 1743 1465 ac
1765 1445 1827 1473 spe-

198 1482 303 1517 ἁὸρατα
325 1482 424 1514 αὐτοῦ,
448 1493 456 1508 ι
475 1480 492 1520 ᾖ
510 1491 590 1518 φησιν
603 1484 616 1509 ὁ
630 1483 700 1514 θεῖος
721 1483 889 1514 ἳΑπόστολος,
907 1493 916 1508 ‹
934 1483 987 1510 ἀπὸ

1037 1483 1088 1514 cie,
1108 1491 1168 1517 qum
1181 1491 1242 1510 cum
1259 1483 1336 1510 facta:
1356 1484 1411 1510 sint
1425 1488 1576 1510 cernuntur
1592 1483 1697 1517 oculis,
1713 1492 1826 1520 propor-

197 1529 314 1560 κτίσεως
330 1530 431 1564 κόσμου
448 1531 504 1561 τοῖς
521 1530 653 1565 ποιήμασι
668 1529 799 1565 νοούμενα
819 1530 966 1566 καθορᾶται
978 1550 985 1561 ,

1038 1529 1111 1555 tione
1130 1529 1258 1564 quadam,
1274 1529 1394 1556 auctoris
1408 1530 1583 1564 parentisque
1596 1531 1717 1557 omnium
1736 1532 1826 1566 cogni-

196 1574 213 1607 ἥ
228 1583 256 1600 τε
270 1574 354 1606 ἀΐδιος
370 1575 452 1601 αὐτοῦ
461 1575 573 1610 δύναμις
587 1575 634 1601 καὶ
650 1574 764 1610 θειότης.
782 1585 790 1600 ι
805 1576 859 1601 Καὶ
871 1575 949 1602 τοῦτο
960 1575 987 1602 δὲ

1039 1575 1151 1607 tionem,
1165 1575 1477 1610 contetnplationemque
1495 1583 1550 1610 prae
1569 1584 1598 1603 se
1621 1576 1730 1604 ferunt:
1752 1586 1761 1603 ε
1780 1577 1825 1604 ln-

196 1620 278 1647 πάλιν
289 1623 303 1647 ὁ
324 1621 408 1656 μέγας
422 1621 539 1656 Μωῦσῆς
553 1622 734 1656 μυσταγωγεῖ.
751 1622 802 1648 Τὸν
817 1623 870 1658 γάρ
883 1631 923 1648 τοι
939 1622 984 1649 τοῦ
999 1621 1014 1648 ί

1008 1621 1020 1648 3
1037 1613 1153 1648 visibilis
1166 1621 1237 1648 enim
1252 1622 1354 1656 ipsius,
1377 1625 1406 1647 ut
1419 1622 1455 1647 ait
1471 1621 1580 1649 divinus
1595 1622 1743 1657 Apostolus
1755 1623 1787 1654 “,
1811 1631 1826 1650 ο

197 1666 300 1701 Κυρίου
312 1667 411 1702 κλῆρον
421 1667 459 1702 νῷ
472 1668 577 1700 διαυγεῖ
588 1669 634 1696 καὶ
645 1669 716 1705 ψυχῇ
729 1668 921 1704 κεκαθαρμένη
933 1668 986 1695 τῶν

1040 1671 1164 1694 creatura
1178 1667 1281 1698 mundi,
1300 1675 1348 1702 per
1361 1675 1392 1694 ca
1408 1675 1467 1702 quae
1486 1667 1556 1694 facta
1575 1672 1638 1695 sunt
1669 1669 1805 1696 intellecta
1817 1688 1825 1702 ,

196 1712 299 1747 νοητῶν
313 1714 359 1739 καὶ
375 1714 526 1748 ἀσωμάτων
543 1714 699 1750 ἰριγνᾶσθαι
711 1715 882 1750 προτρέπων,
900 1714 986 1749 εἴργει

1039 1713 1255 1748 conspiciuntur,
1273 1713 1492 1748 sempiternaque
1503 1713 1562 1747 ejus
1577 1714 1674 1745 virtus,
1688 1718 1714 1741 ct
1728 1715 1826 1741 divini-

197 1757 246 1791 τῆς
272 1758 326 1784 τῶν
352 1759 496 1794 ὁρωμένων
523 1759 582 1786 κατ’
610 1760 722 1795 οὐρανὸν
737 1759 904 1795 ἐκπλήξεως,
927 1761 986 1786 ἐπι-

1039 1762 1090 1786 tas.
1114 1769 1123 1784 ›
1141 1758 1198 1785 Hoc
1218 1766 1326 1793 quoque
1341 1766 1453 1793 magnus
1472 1759 1578 1794 Moyses
1595 1767 1691 1787 rursus
1709 1764 1738 1787 ut
1750 1767 1827 1787 arca-

196 1802 297 1836 λὲγων,
313 1804 354 1829 ὅτι
370 1804 401 1839 δὴ
419 1814 428 1828 ι
452 1804 543 1830 Ταῦτα
562 1805 692 1839 ἀπένειμε
708 1805 809 1840 Κύριος
826 1805 840 1830 ὁ
856 1804 921 1836 Θεός
939 1813 985 1830 σου

1039 1811 1104 1830 num
1121 1808 1147 1830 et
1163 1811 1271 1840 sacrum
1287 1803 1401 1835 inducit,
1417 1811 1479 1830 nam
1496 1804 1601 1831 Domini
1618 1808 1718 1832 sortem
1731 1805 1827 1832 adhor-

196 1849 262 1875 πᾶσι
281 1850 336 1881 τοῖς
356 1849 470 1877 ἔθνεσιν.
485 1860 494 1875 ι
509 1850 558 1877 Διὰ
574 1850 601 1877 τί
614 1851 635 1877 δ’
652 1850 869 1886 ἀπονενεμῆςθαι
882 1851 965 1885 ἔφησε
977 1870 984 1881 ,

1039 1855 1110 1882 laus,
1127 1854 1156 1876 ttt
1179 1853 1270 1876 mente
1292 1849 1380 1875 lucida
1394 1849 1539 1884 animoque
1568 1854 1682 1884 purgato
1707 1858 1739 1878 ea
1766 1859 1826 1886 qua:

196 1895 310 1920 συνιδεῖν
331 1895 488 1929 ἀναγκαῖον.
506 1896 695 1928 Πολυπλανοῦς
715 1896 889 1932 ὑπαρχούσης
903 1897 986 1931 ἀορά-

1039 1896 1096 1923 sola
1117 1895 1294 1928 intelligentia
1311 1895 1473 1929 capiuntur,
1503 1899 1529 1922 et
1559 1896 1683 1931 corporis
1705 1898 1826 1931 expertia

195 1949 248 1972 τως
264 1941 329 1975 ἡμῖν
341 1941 411 1976 ἀμφὶ
425 1941 468 1967 τὸν
480 1943 543 1977 περὶ
554 1943 605 1977 γῆν
618 1942 686 1978 ἀέρα
700 1942 867 1977 πωτωμὲνης
880 1942 984 1977 χθονίου

1039 1944 1113 1972 sunt,
1127 1941 1323 1975 concupiscat:
1344 1941 1469 1976 prohibet
1494 1949 1525 1969 ea
1543 1950 1603 1977 qua:
1624 1941 1650 1969 in
1677 1943 1746 1969 cualo
1769 1951 1822 1977 spe

195 1988 242 2013 καὶ
259 1986 419 2021 δαιμονικῆς
434 1988 543 2020 οὐσίας,
560 1988 700 2022 ἀγνώστου
717 1997 747 2014 τε
766 1989 812 2014 καὶ
828 1988 984 2023 ἁδιακρίτου

1037 1991 1147 2014 ctantur
1161 1987 1393 2022 admirari,supra
1409 1995 1424 2014 a
1441 1995 1469 2015 se
1478 1987 1559 2015 dictis
1577 1988 1738 2023 adiungens,
1755 1988 1826 2024 quod

194 2033 363 2067 ἀνθρώποις,
382 2034 431 2068 τῆς
449 2034 503 2060 τῶν
521 2034 631 2068 ἀγαθῶν
653 2035 814 2069 πνευμάτων
837 2035 883 2061 καὶ
905 2034 984 2060 δυνά-

1038 2033 1095 2060 hacc
1115 2033 1253 2060 distribuit
1279 2032 1410 2060 Dominus
1426 2032 1496 2061 Dens
1511 2037 1574 2060 tuus
1591 2043 1601 2058 ‹
1616 2035 1722 2061 cunctis
1740 2035 1827 2070 genti-

195 2087 286 2113 μεων,
308 2080 353 2105 καὶ
372 2079 459 2106 αὐτῶν
481 2080 513 2115 δὴ
537 2081 590 2106 τῶν
611 2080 689 2106 θείων
714 2080 835 2114 ἀγγέλων
859 2079 927 2116 πρὸς
952 2080 984 2106 τὰ

1039 2079 1089 2106 bus
1104 2080 1137 2095 ’θ’
1151 2089 1157 2106 :
1180 2089 1189 2104 ι
1206 2087 1255 2106 cur
1269 2083 1358 2106 autem
1373 2079 1520 2107 distributa
1537 2079 1622 2107 fuisse
1641 2080 1754 2111 dixerit,
1781 2088 1827 2107 co-

193 2123 279 2159 χείρω
294 2124 421 2160 διαφόρου
438 2124 614 2161 καθεστώσης
626 2145 633 2157 ,
651 2126 700 2152 οὐκ
715 2126 801 2157 ἄλλως
815 2123 844 2152 εὖ
862 2124 917 2160 εἶχε
929 2127 984 2156 τοῖς

1037 2135 1167 2162 gnoscere
1182 2134 1272 2162 operte
1285 2128 1400 2162 pretium
1415 2131 1466 2155 est.
1489 2127 1557 2155 Cum
1573 2127 1714 2163 multiplici
1735 2136 1826 2155 errore.

192 2170 242 2204 τῆς
258 2170 388 2196 ἀνωτάτω
399 2170 446 2197 τοῦ
458 2171 652 2206 παμϐασιλέως
662 2172 802 2204 εὐσεϐείας
813 2173 984 2199 ἀποπίπτου-

1037 2176 1166 2207 vagetur,
1184 2177 1210 2199 et
1224 2173 1309 2200 .nobis
1324 2173 1396 2200 haud
1425 2173 1602 2200 cernentibus
1625 2173 1728 2200 circum
1754 2173 1827 2200 hunc.

193 2225 236 2243 σιν
259 2216 275 2251 ἢ
293 2217 347 2243 τῶν
364 2217 510 2253 ὁρωμένων
528 2218 588 2244 κατ’
605 2218 718 2253 οὐρανὸν
737 2218 771 2245 τὰ
791 2218 921 2253 κράτιστα
943 2220 984 2245 αἰ-

1037 2226 1124 2246 aurem
1138 2220 1183 2254 qui
1199 2223 1299 2246 terram
1315 2219 1409 2250 ambit,
1425 2219 1565 2246 terrestris
1593 2218 1716 2253 quasdam
1732 2219 1826 2246 volitet

194 2263 312 2298 ρεῖσθαι.
328 2263 391 2294 Δέος
408 2263 460 2298 γὰρ
476 2264 506 2290 οὐ
520 2264 549 2289 τὸ
567 2264 645 2299 τυχον
660 2262 703 2299 ἦν,
721 2265 824 2300 μήποτε
835 2284 841 2296 ,
855 2264 921 2291 Θεὸν
936 2264 984 2300 ζη-
1003 2299 1007 2300 ν

1037 2274 1069 2292 ac
1094 2266 1241 2293 daemonica
1271 2270 1378 2297 natura,
1405 2265 1485 2300 158
1500 2273 1581 2300 quam
1596 2265 1721 2293 homines
1738 2273 1825 2300 neque

192 2309 303 2341 τοῦντες
322 2311 369 2336 καὶ
390 2310 424 2336 τὰ
439 2310 541 2346 ἀόρατα
559 2311 865 2347 πολυπραγμονοῦντες,
881 2312 983 2348 ἀπορία
1001 2299 1009 2326 1

1007 2299 1021 2326 ί)
1036 2319 1211 2347 cognoscere,
1230 2320 1318 2347 neque
1334 2312 1491 2339 discernere
1512 2311 1602 2339 idonei
1619 2315 1693 2342 sunt,
1707 2319 1825 2346 cumque

191 2355 247 2382 τῶν
270 2356 381 2389 ἀφανῶν
402 2356 448 2382 καὶ
466 2356 570 2392 ἀδήλων
590 2358 630 2388 εἰς
649 2357 770 2388 ἐναντίας
787 2357 914 2392 δυνάμεις
937 2357 983 2384 καὶ

1038 2357 1170 2385 bonorum
1182 2358 1245 2385 item
1262 2358 1408 2393 spirituum
1425 2365 1457 2384 ac
1473 2361 1648 2392 potestatum,
1664 2362 1690 2384 et
1705 2358 1825 2392 ipsorum

191 2401 352 2436 δαιμονικὰς
363 2404 564 2437 περιτραπεῑεν-
573 2402 632 2428 Τῶν
642 2403 787 2438 ὁρωμένων
798 2401 844 2429 οὖν
852 2402 885 2429 τὲι
896 2403 983 2437 πάντη

1037 2404 1154 2439 denique
1170 2404 1324 2431 divinorum
1340 2404 1498 2439 angelorum
1513 2409 1621 2436 natura,
1633 2405 1667 2431 ab
1680 2412 1711 2431 ea
1728 2412 1788 2439 quae
1799 2405 1825 2431 in

190 2448 331 2483 διαπρεπῆ
345 2448 391 2474 τοῦ
401 2448 467 2475 Θεοῦ
478 2449 706 2484 δημιουργήματα
718 2449 772 2480 τοῖς
789 2449 825 2484 μὴ
838 2449 883 2475 τοῦ
897 2449 984 2485 κρείτ-

1037 2449 1157 2477 deterius
1175 2450 1251 2484 lapsa
1266 2453 1318 2482 est,
1330 2450 1502 2477 continenter
1516 2450 1648 2477 dissideat
1661 2458 1668 2475 :
1682 2457 1734 2476 non
1747 2451 1825 2477 aliter

190 2502 268 2525 τονος
287 2494 440 2529 ἐφιεμένοις
457 2494 670 2529 παραδεδόσθαι,
688 2495 862 2530 ἀμωσγέπως
879 2495 982 2521 ἐνθένδε

1037 2496 1070 2523 iis
1087 2495 1132 2530 qui
1148 2503 1162 2522 a
1178 2496 1297 2530 supremi
1310 2496 1430 2522 omnium
1446 2495 1527 2531 llegis
1541 2496 1615 2523 cultu
1631 2496 1823 2528 declinassent,

191 2540 242 2575 τῆς
257 2539 303 2567 τοῦ
320 2540 436 2576 ἀοράτου
450 2540 565 2575 θεωρίας
576 2559 583 2570 ,
596 2541 633 2572 ὡς
647 2540 680 2567 ἂν
696 2541 741 2567 διὰ
752 2550 823 2573 τινος
839 2541 981 2577 ἐσόπτρου,

1036 2549 1080 2568 res
1095 2541 1163 2568 bene
1179 2545 1285 2575 poterat
1305 2542 1402 2569 cedere
1415 2549 1527 2578 “quam
1547 2542 1571 2568 si
1594 2549 1689 2568 eorum
1712 2550 1772 2576 qua:
1797 2542 1823 2569 iu

191 2594 231 2612 πα
235 2595 262 2621 ρε
267 2586 464 2621 μφαινομένης.

1037 2588 1106 2614 ςωὶο
1132 2592 1299 2622 spectantur,
1317 2596 1377 2623 qua:
1395 2588 1619 2623 przestantissinta
1636 2591 1710 2620 sunt,
1725 2589 1823 2623 elegis—

191 2636 274 2659 sent:
293 2632 443 2667 periculum
461 2633 534 2660 enim
558 2641 611 2660 non
636 2633 772 2662 mediocre
792 2637 870 2667 erat,
895 2634 994 2661 necubi
1016 2634 1100 2662 Deum
1121 2640 1272 2670 quaerentes
1285 2654 1291 2666 ,
1312 2639 1340 2662 et
1355 2635 1491 2662 curiasius
1503 2643 1563 2669 qua:
1575 2635 1607 2662 ad
1619 2639 1757 2670 aspectum
1770 2644 1824 2663 non

191 2680 306 2706 veniunt
340 2680 516 2715 indagantes,
536 2680 693 2708 ditlicultate
709 2690 802 2709 earum
832 2690 922 2709 rerum
937 2690 997 2716 quae
1018 2684 1102 2709 latent
1116 2683 1295 2717 obscuraque
1327 2687 1401 2715 sunt,
1427 2682 1459 2709 ad
1476 2683 1627 2709 contrarias
1646 2683 1825 2710 daemonicas-

191 2735 245 2761 quc
259 2731 410 2762 potestates
425 2733 615 2755 verterentur:
631 2736 664 2756 ex
689 2729 723 2757 iis
750 2730 832 2764 igitur
848 2738 908 2765 qua:
937 2734 1087 2757 cernuntur
1113 2731 1200 2758 oculis
1234 2730 1325 2758 omnia
1341 2730 1387 2757 Dei
1413 2738 1514 2765 opera,
1536 2730 1613 2758 valde
1646 2731 1824 2759 conveniebat

190 2774 236 2803 iis.
268 2775 314 2809 qui
342 2775 408 2802 nihil
433 2777 609 2810 prmstautius
630 2778 873 2812 concupiscerent,
900 2779 998 2813 quavis
1019 2779 1125 2805 ratione
1142 2779 1330 2806 commendata
1353 2785 1425 2810 esSe,
1458 2779 1556 2814 quippe
1574 2787 1635 2806 cum
1659 2787 1689 2806 ex
1708 2779 1741 2806 iis
1758 2779 1822 2810 ille,

191 2822 238 2855 qui
251 2822 340 2850 oculis
358 2823 432 2850 cerni
446 2831 499 2851 non
516 2827 617 2858 potest,
630 2824 708 2858 quasi
726 2825 754 2851 in
775 2825 891 2860 quodam
919 2826 1030 2860 speculo
1045 2826 1270 2861 contemplandus
1285 2833 1422 2862 appareat.

261 2911 283 2927 ἐ
301 2910 380 2938 Rom.
396 2919 414 2943 ι,
431 2912 475 2939 εθ.
513 2913 545 2928 ἐ·
564 2912 640 2940 Dcut-
653 2921 687 2947 ιν.
705 2913 745 2940 i9~
