2071 3219
251 194 299 222 971

600 248 644 275 IX.

251 305 288 333 De
311 305 416 332 inimica
447 313 477 331 ac
507 305 557 338 ipsi
578 304 632 331 Deo
661 304 815 331 advertanle
840 309 982 337 potestate,
1009 309 1032 330 et

284 349 313 367 eo
327 340 372 375 qui
396 340 422 366 in
435 339 484 366 hac
508 339 675 375 dominatur.
697 344 722 366 et
747 339 965 374 quemadmodum
989 346 1035 372 per

284 374 351 402 hanc
369 383 443 402 omne
457 375 590 401 hominum
605 374 740 401 seductum
755 379 793 401 est
807 382 898 409 genus.

284 443 317 470 Et
331 443 387 470 haec
401 442 509 478 quidem
523 441 563 469 sic
577 449 606 469 se
618 441 753 468 habebant
767 451 773 468 :
792 440 961 469 adversantis
970 447 1035 468 vero

250 496 281 516 ac
295 489 402 516 rebellis
418 487 559 524 potestatis
579 486 670 519 factio.
686 487 744 514 sive
765 486 917 514 dzemonum
933 494 965 514 ea
981 487 1032 520 sit,

250 534 307 561 sive
320 533 434 561 aliorum
449 533 529 561 etiam
543 533 761 567 depravatiorum
775 533 931 568 spirituum,
942 533 988 568 qui
1006 536 1034 560 et

250 579 311 611 plus
324 583 350 606 et
369 579 458 605 minus
469 578 502 605 de
517 579 619 605 malitia
633 582 784 613 reportant,
799 579 889 614 gravis
903 583 1034 614 praeterea

249 624 390 657 cujusdam
405 625 549 659 magnique
573 624 715 655 daemonis,
733 625 780 659 qui
794 625 916 652 omnium
929 625 1033 660 princi-

249 674 343 704 patum
360 669 429 697 inter
445 677 492 697 eos
515 669 628 702 obtinet,
645 669 690 704 qui
705 670 783 704 primi
806 670 833 696 in
847 670 940 698 divino
957 671 1032 697 cultu

247 718 423 745 nulaverunt.
439 719 519 749 atque
533 714 569 741 ob
582 713 607 741 id
624 715 764 749 proprium
780 715 941 742 vocabulum
963 715 1033 742 ami-

247 768 317 794 sere,
339 760 419 788 saluti
436 760 576 787 hominum
599 760 733 792 invidens,
750 761 775 787 in
789 760 953 787 contrariam
971 768 1034 795 par-

247 810 300 833 tem
322 805 458 838 trahebat,
474 806 616 840 omnisquc
630 806 738 840 generis
753 806 863 833 malitia:
879 806 1012 834 machinis
1024 825 1031 838 ,

246 853 353 879 cunctis
368 852 504 887 gentibus,
519 852 624 887 ipsique
644 852 724 879 etiam
753 852 821 879 sorti
848 852 973 885 Domini,
1000 860 1033 880 ex

247 897 348 924 invidia
371 898 521 929 bonorum,
550 896 742 930 insidiabatur;
765 897 878 932 proinde
904 896 959 925 Deo
985 897 1033 924 ad-

247 950 353 970 versam
372 942 537 977 impiamque
551 943 639 978 magni
657 943 729 970 illius
743 943 874 970 daemonis
889 943 1031 979 cogitatio-

246 995 320 1018 nem,
334 987 508 1022 propheticus
531 987 643 1022 spiritus
659 988 686 1014 in
701 988 770 1015 Isaia
784 989 824 1015 sic
836 989 1030 1023 propemodum

245 1033 430 1069 reprehendit,
451 1033 544 1060 dicens
562 1043 568 1060 :
589 1042 598 1059 ι
621 1033 692 1060 Dixit
707 1034 796 1065 enim,
824 1034 852 1060 in
872 1033 1032 1062 fortitudine

246 1079 354 1111 faciam,
368 1084 394 1106 et
409 1079 436 1106 in
454 1079 586 1114 sapientia
599 1079 753 1106 intellectus
768 1079 890 1106 auferam
900 1080 1030 1108 terminos

245 1126 375 1161 gentium,
387 1129 412 1151 et
419 1125 501 1152 robur
508 1132 601 1152 carum
610 1124 793 1160 deprzedaL-or,
803 1126 954 1160 etqnatiam
963 1125 1031 1154 civi-

245 1175 314 1198 tates
328 1178 388 1206 qua
399 1171 566 1202 habitantur,
575 1175 601 1197 et
610 1171 703 1197 orbem
713 1175 846 1198 terrarum
865 1175 950 1198 totum
960 1179 1032 1199 com-

246 1213 410 1249 prehendam
426 1221 507 1240 manu
519 1215 597 1248 quasi
608 1214 712 1247 nidum,
721 1219 746 1241 et
755 1216 832 1249 quasi
842 1223 894 1243 ova
901 1216 1031 1243 derelicta

245 1260 349 1292 tollam,
358 1263 385 1286 et
395 1267 448 1286 non
455 1259 506 1286 erit
514 1260 560 1294 qui
570 1258 680 1294 effugiat
689 1264 792 1292 me,aut
800 1261 969 1288 contradicat
980 1262 1032 1288 mi-

246 1306 315 1333 hi".
324 1305 419 1341 )159
433 1305 478 1332 Hae
491 1313 556 1333 sane
567 1306 639 1333 illius
653 1306 727 1342 impii
740 1310 767 1334 et
779 1311 874 1334 contra
885 1307 969 1334 Deum
981 1316 1030 1343 pu-

245 1353 354 1387 gnantis
369 1359 461 1383 voces,
477 1352 522 1386 qui
536 1352 562 1378 in
579 1352 677 1379 robore
695 1353 806 1379 malitia:
829 1353 960 1387 gloriatur
972 1373 979 1385 ,
1003 1357 1031 1381 et

246 1399 349 1431 angelis
371 1399 405 1425 ab
429 1398 571 1426 Altissimo
594 1398 710 1426 traditos
735 1399 856 1434 gentium
887 1400 1029 1431 terminos,

246 1446 414 1482 direpturum
429 1455 459 1474 se
471 1450 498 1474 et
513 1446 691 1473 confusurum
709 1448 830 1474 minatur
842 1468 850 1480 ,
882 1447 1031 1482 orbemque

245 1491 477 1526 depraedaturum.
491 1495 518 1518 et
529 1499 609 1519 omne
627 1499 712 1526 genus
730 1492 871 1518 hominum
895 1499 1030 1519 excussu-

246 1545 318 1570 rum,
337 1537 452 1572 ejusque
467 1537 584 1572 priorem
602 1537 725 1564 ordinem
751 1541 919 1564 mutaturum
933 1538 1029 1572 jactat.

248 1583 277 1610 Si
288 1591 352 1611 vero
366 1591 420 1618 quo
436 1584 527 1610 animo
544 1583 607 1610 talia
624 1583 657 1610 de
671 1583 761 1617 seipso
772 1584 943 1615 mentiretur,
960 1584 1030 1611 scire

245 1629 299 1659 vis.
318 1629 382 1656 audi
399 1628 521 1656 eamdem
539 1628 710 1663 prophetiam
736 1628 776 1656 sic
803 1636 900 1656 rursus
923 1628 957 1656 de
983 1629 1030 1656 illo

247 1675 380 1702 dicentem
396 1684 402 1702 :
422 1684 431 1700 ι
451 1673 593 1707 Quomodo
609 1673 707 1701 cecidit
724 1674 758 1702 de
772 1674 842 1701 cmlo
855 1673 972 1707 Lucifer,
985 1675 1031 1709 qui

246 1726 326 1746 mane
342 1719 481 1746 oriebatur
494 1719 505 1745 ?
525 1719 658 1746 contritus
674 1723 716 1746 est
736 1718 765 1745 in
780 1722 893 1752 terram,
907 1719 954 1754 qui
969 1720 1032 1746 uiit-

246 1764 320 1791 tebat
337 1763 371 1791 ad
393 1771 488 1792 omnes
503 1768 607 1799 gentes.
634 1763 675 1791 Tu
699 1772 764 1792 vero
780 1764 874 1792 dixisti
891 1765 918 1792 in
943 1769 1032 1793 mente

247 1814 312 1837 tua:
332 1809 361 1836 lu
379 1810 478 1837 malum
499 1810 656 1843 ascendam,
669 1817 751 1846 super
767 1815 840 1838 astra
856 1811 918 1838 caeli
932 1819 1032 1846 ponam

247 1855 339 1883 sedem
357 1863 454 1883 meam.
476 1855 627 1883 Ascendam
651 1863 734 1891 supra
749 1856 846 1889 nubes,
864 1864 911 1884 ero
935 1857 1033 1885 similis

247 1901 400 1928 Altissimo.
418 1900 496 1928 Nunc
511 1906 601 1929 autem
617 1902 651 1929 ad
673 1901 809 1929 infernum
831 1902 991 1934 descendas,
1006 1906 1033 1930 et

247 1947 281 1973 ad
298 1947 475 1974 fundamenta
492 1951 573 1975 terrae
587 1948 620 1974 ’⁸.
642 1958 651 1973 ι
670 1947 741 1975 Sane
756 1949 873 1983 plurima
890 1950 972 1976 simul
991 1950 1034 1977 his

248 1992 338 2019 verbis
349 1992 469 2019 declarat
484 1993 643 2026 oraculum;
667 2001 729 2020 nam
742 1998 768 2021 et
785 1994 859 2022 illius
875 1995 909 2022 de
924 2003 978 2029 quo
994 1995 1035 2022 lo-

248 2039 341 2074 quitur
355 2039 512 2071 amentiam,
525 2043 550 2066 et
566 2039 688 2074 ejusdem
707 2047 721 2066 a
735 2040 840 2067 meliori
856 2044 929 2067 statu
941 2041 974 2068 ad
987 2041 1034 2068 de-

249 2085 334 2112 terius
350 2084 466 2117 ruinam,
483 2089 510 2112 et
524 2085 609 2120 ipsius
625 2086 710 2112 ruina:
723 2086 837 2113 exitum.
857 2085 910 2118 Qui
923 2086 1033 2118 quidem

249 2138 311 2157 cum
326 2131 418 2166 gravia
437 2135 518 2166 atque
537 2131 631 2159 odiosa
647 2133 755 2159 cunctis
770 2133 896 2167 gentibus
911 2133 1034 2161 minatus

250 2181 333 2209 esset,
360 2177 413 2204 alia
438 2178 544 2205 ratione
567 2178 627 2213 capi
653 2185 733 2213 posse
757 2177 892 2211 homines,
916 2179 943 2206 in
967 2180 1035 2214 ipsis

250 2221 423 2249 machinandi
439 2223 558 2251 exordiis
574 2223 751 2258 deprehendit
766 2233 772 2250 :
791 2224 891 2259 quippe
904 2225 951 2260 qui
968 2224 1036 2251 faci-

249 2271 302 2296 lem
315 2274 396 2304 atque
410 2277 443 2296 ex
455 2277 503 2296 sua
518 2269 640 2304 ipsorum
656 2270 791 2296 sententia
806 2270 913 2305 lapsum
928 2270 961 2298 ad
973 2278 1033 2297 ma-
1050 2283 1073 2312 η

250 2316 318 2346 lum,
335 2319 445 2350 propter
460 2315 613 2342 libertatem
627 2315 744 2347 arbitrii,
760 2315 942 2350 possiderent.
960 2315 1034 2349 Qua-

250 2366 308 2389 tcre
324 2361 409 2396 igitur
423 2368 438 2388 a
458 2361 565 2389 meliori
583 2364 655 2388 statu
671 2361 808 2394 civitates,
833 2362 1035 2398 voluptatisque

251 2408 393 2436 blanditiis
405 2408 554 2435 multorum
570 2408 676 2436 animas
691 2409 800 2436 trahere
814 2409 842 2436 in
858 2416 938 2437 omne
948 2417 1036 2445 genus

251 2454 391 2488 uequitiat,
404 2462 554 2488 omnesque
569 2454 698 2481 adhibere
714 2454 866 2487 machinas,
888 2459 1037 2490 turpesque

253 2500 286 2527 de
299 2500 352 2527 diis
369 2500 475 2528 fabulas
493 2506 575 2535 atque
585 2501 720 2527 obscenas
737 2500 908 2528 narrationes
924 2502 1038 2527 comini-

254 2545 334 2576 nisci,
350 2549 377 2573 et
387 2545 507 2580 jucunda
524 2548 616 2573 omnia
632 2554 664 2572 ac
679 2546 843 2579 voluptatem
856 2545 995 2573 aﬂ'ereutia
1005 2546 1038 2574 iis

255 2598 324 2625 quos
334 2596 453 2626 caperet,
465 2592 570 2619 artibus
591 2599 623 2618 ac
642 2591 757 2618 fallaciis
770 2591 924 2618 daemonum
942 2592 1037 2626 injice-

256 2644 286 2663 re
301 2645 307 2662 :
327 2640 407 2671 atque
419 2637 463 2664 bis
475 2638 638 2670 rationibus,
652 2638 745 2665 orbem
758 2638 915 2665 universum
929 2642 1038 2673 captum

257 2689 290 2708 ac
305 2681 446 2709 subactum
462 2684 612 2716 continere,
630 2687 712 2719 atque
725 2683 764 2710 ita
777 2684 869 2711 delere
883 2689 912 2711 et
923 2684 1040 2711 confun-

257 2728 322 2754 dere
338 2728 469 2755 terminos
483 2729 614 2764 gentium,
639 2730 712 2765 quod
738 2730 820 2758 etiam
847 2737 877 2758 se
903 2729 1040 2757 facturum

258 2774 378 2802 minatus
407 2774 494 2802 fuerat
522 2775 612 2803 verbis
634 2776 712 2804 illis:
738 2786 748 2802 ι
765 2776 893 2804 Auferam
908 2778 1040 2804 terminos

260 2821 390 2855 gentium,
405 2825 431 2848 et
455 2821 538 2849 robur
555 2830 648 2850 earum
667 2823 853 2858 deprmdabor,
870 2827 897 2851 et
918 2822 1040 2858 quatiam

1043 1604 1066 1634 C

296 2910 316 2926 "
333 2909 383 2939 lsa.
399 2919 425 2944 ι,
444 2911 487 2945 15,
501 2911 542 2939 ιι.
579 2911 834 2945 "lsa.xtv,i%.15

590 191 723 219 EUSEBII
742 189 979 218 C/ES.\R|ENEIS
1000 189 1076 217 OPP.

1045 249 1069 277 Δ

1096 189 1185 217 PARS
1204 189 1223 217 1.
1242 205 1275 210 -—
1296 188 1545 218 APOLOGETICA.
1817 185 1870 213 τις

1455 246 1494 274 Θι.

1084 305 1152 338 Περὶ
1171 302 1223 337 τῆς
1236 303 1344 345 ἐχθρᾶς
1361 303 1410 345 καί
1430 302 1635 345 ἀντικειμένης
1648 300 1688 333 τῷ
1707 300 1767 345 Θεῷ
1778 300 1871 345 pyrgi!-

1115 335 1272 374 μεως-’,⁷
1286 335 1341 374 τοῦ
1357 339 1469 374 ταύτης
1491 335 1687 374 ἐξάρχοντος,
1705 337 1753 363 καὶ
1766 337 1807 374 ᾡς
1823 335 1871 362 διὰ

1119 370 1229 408 ταύτης
1239 373 1273 400 τὸ
1288 373 1409 400 πάντων
1422 370 1583 407 ἀνθρώπέιίιὲ
1595 371 1726 406 ὑπήγετο
1740 370 1835 406 γένος.

1118 431 1173 457 Καὶ
1184 430 1218 457 τὰ
1235 431 1283 466 μὲν
1295 427 1346 457 ὧδε
1361 430 1491 457 διέκειτο·
1504 429 1582 457 τὰδὲ
1597 429 1645 465 τῆς
1660 428 1809 457 ἀντιπάλου
1823 429 1871 455 καὶ

1083 477 1268 512 ἀποπατικῆς
1285 477 1439 512 δυνάμεως,
1456 475 1512 503 εἴτε
1528 476 1662 511 δαιμόνων
1677 474 1732 501 εἴτε
1750 475 1798 501 καὶ
1813 483 1871 509 χει-

1085 523 1169 559 ρόνων
1183 523 1269 550 ἄλλων
1286 523 1447 558 πνευμάτων
1456 524 1485 549 ἐν
1498 522 1582 558 κακίᾳ
1597 522 1627 548 τὸ
1639 521 1720 548 πλέον
1731 521 1778 547 καὶ
1790 518 1872 556 ἧττον

1083 568 1303 605 ἀποφερομένων,
1319 568 1359 594 ἔτι
1375 577 1405 595 τε
1421 568 1467 594 καὶ
1479 567 1526 594 τοῦ
1543 567 1650 594 πάντων
1665 567 1693 593 ἐν
1704 566 1808 597 τούτοις
1822 565 1873 601 ἆρ-

1083 623 1175 649 χοντος
1191 614 1277 641 δεινοῦ
1298 622 1369 646 τινος
1387 613 1612 649 μεγαλοδαίμονος
1622 633 1629 645 ,
1647 613 1689 646 οἳ,
1704 612 1807 648 πρῶτοι
1822 611 1873 646 τῆς

1083 664 1123 694 εις
1148 662 1179 688 τὺ
1199 661 1275 688 Θεῖον
1303 660 1443 692 εὐσεϐείας
1471 660 1667 691 σαλεύσαντες,
1695 659 1744 693 τῆς
1769 657 1872 688 οἰκείας

1083 707 1184 743 λήξεως
1203 707 1417 734 ἀποπεπτώκασι
1429 727 1437 739 ,
1453 706 1541 742 φθόνῳ
1558 707 1606 741 τῆς
1623 705 1772 741 ἀνθρώπων
1785 713 1873 738 σωτη-

1084 754 1145 790 ρίας
1163 754 1211 789 τὴν
1234 753 1358 781 ἐναντίαν
1379 751 1453 780 εἷλκε
1470 752 1608 784 παντοίαις
1625 751 1721 783 κακίας
1740 751 1873 786 μηχαναῖς

1083 800 1150 826 πᾶσι
1171 801 1227 830 τοῖς
1245 799 1350 831 ἔθνεσι,
1368 799 1414 825 καὶ
1436 798 1511 833 αὐτῷ
1531 797 1569 833 τῷ
1589 797 1635 824 τοὺ
1656 797 1757 832 Κυρίου
1778 796 1874 831 κλήρῳ

1086 844 1218 880 βασκανίᾳ
1231 844 1284 871 τῶν
1301 845 1410 879 ἀγαθῶν
1423 844 1640 871 ἐπιϐουλεύοντα.
1656 843 1708 870 Τὸν
1721 843 1753 878 δὴ
1766 841 1812 870 οὖν
1826 842 1873 869 τοῦ

1086 891 1312 926 μεγαλοδαίμονος
1324 891 1403 917 ἄθεον
1418 891 1464 917 καὶ
1477 890 1560 924 ἀσεϐῆ
1575 889 1704 924 λογισμὸν
1721 889 1752 915 τὸ
1765 888 1874 923 πνεῦμα

1049 924 1068 950 Β
1082 924 1112 962 τὸ
1128 924 1295 972 προφητικὸν
1308 937 1338 962 ἐν
1355 935 1453 972 Ἡσαΐᾳ
1470 934 1521 962 ὧδέ
1535 944 1593 967 πως
1609 935 1754 970 άπελέγχει
1764 934 1852 968 λέγων
1863 941 1872 948 ·

1085 992 1093 1008 ι
1105 980 1171 1008 Eine
1181 981 1244 1016 γάρ·
1258 982 1302 1008 Ἐν
1311 983 1343 1017 τῇ
1353 981 1424 1017 ἰσχύϊ
1433 982 1548 1017 ποιήσω,
1559 981 1604 1008 καὶ
1610 982 1642 1016 τῇ
1652 981 1732 1016 σοφίᾳ
1739 981 1787 1016 τῆς
1798 979 1875 1006 συνέ-

1082 1036 1150 1060 σεως
1164 1028 1256 1063 ἀφελῶ
1267 1029 1328 1064 ὅρια
1343 1028 1442 1060 ἐθνῶν,
1455 1029 1501 1054 καὶ
1519 1027 1568 1063 τὴν
1584 1028 1660 1063 ἰσχὺν
1674 1027 1763 1054 αὐτῶν
1777 1035 1875 1062 προνο-

1083 1073 1183 1110 μεύσω,
1197 1074 1244 1101 καὶ
1256 1074 1337 1101 σείσω
1353 1074 1444 1106 πόλεις
1463 1073 1675 1108 κατοικουμένας
1686 1080 1694 1088 ο
1713 1073 1759 1099 καὶ
1771 1073 1820 1107 τὴν
1836 1073 1876 1098 οὶ-

1081 1120 1214 1155 κουμένην
1223 1120 1287 1155 ὅλην
1295 1120 1487 1156 καταλήψομαι
1496 1122 1529 1155 τῇ
1542 1119 1614 1155 χειρὶ
1633 1119 1671 1151 ὼς
1691 1118 1810 1150 νοσσιὰν,
1827 1118 1876 1145 καὶ

1080 1166 1118 1198 ὡς
1128 1166 1362 1202 καταλελειμμένα
1373 1166 1414 1192 tbi
1429 1165 1497 1202 ἀρῶ,
1511 1166 1558 1192 καὶ
1574 1165 1623 1192 οὐκ
1637 1164 1715 1191 ἔσται
1725 1164 1754 1196 ὃς
1764 1163 1876 1199 διαφεύ-

1082 1211 1155 1244 ξεταί
1167 1221 1210 1247 με,
1225 1212 1241 1247 ἦ
1258 1212 1371 1248 ἀντείπῃ
1385 1221 1440 1247 μοι.
1452 1221 1461 1237 ι
1479 1208 1564 1238 Δῦται
1576 1212 1603 1237 αί
1616 1209 1663 1237 τοῦ
1672 1210 1804 1245 θεομάχου
1819 1218 1876 1244 φω-

1080 1258 1134 1289 ναὶ,
1150 1258 1196 1284 ἐπὶ
1205 1257 1305 1289 κακίας
1316 1257 1387 1292 ἰσχύϊ
1399 1256 1666 1292 μεγαλαυχουμένου,
1681 1255 1791 1287 καὶτὰς
1806 1254 1876 1290 πρὸς

1079 1302 1126 1329 τοῦ
1142 1302 1269 1336 Ὑψίστου
1290 1304 1347 1334 τοῖς
1368 1302 1494 1336 ἀγγέλοις
1511 1301 1708 1337 παραδοθείσας
1721 1300 1774 1326 τῶν
1790 1300 1876 1327 ἐθνῶν

1080 1349 1219 1383 ὁροθεσίας
1226 1348 1384 1383 διαρπάσαι,
1397 1348 1443 1374 καὶ
1457 1349 1567 1382 συγχεῖν
1578 1347 1764 1378 ἀπειλοῦντος,
1776 1355 1876 1382 προνο-

1082 1395 1191 1430 μεύσειν
1203 1403 1234 1421 τε
1247 1394 1296 1430 τὴν
1307 1394 1478 1429 οἰκουμένην,
1492 1395 1538 1420 καὶ
1552 1395 1605 1420 πᾶν
1615 1394 1646 1420 τὸ
1657 1393 1710 1420 τῶν
1723 1393 1876 1428 ἀνθρώπων

1080 1439 1157 1474 γένος
1166 1439 1336 1471 διεκσείσειν,
1346 1440 1392 1466 καὶ
1405 1440 1582 1475 μεταστήσειν
1593 1440 1641 1475 τῆς
1652 1439 1787 1474 προτέρας
1797 1439 1876 1465 εὐτα-

1081 1486 1139 1519 ξίας
1149 1486 1427 1521 ἁπαυθαδιαζομένου.
1442 1486 1535 1512 Ὀποῖα
1543 1485 1571 1512 δὲ
1580 1485 1686 1521 φρονῶν
1704 1494 1737 1511 πε
1742 1486 1767 1520 pl.
1777 1483 1875 1511 ἑαυτοῦ

1080 1531 1114 1558 τὰ
1127 1531 1238 1559 τοιαῦτα
1245 1532 1432 1567 ἠλαζονεὺετο,
1448 1531 1531 1558 ἄκουε
1547 1532 1597 1566 τῆς
1610 1531 1695 1565 αὐτῆς
1708 1531 1877 1566 προφητείας

1081 1575 1131 1605 ὦδε
1146 1578 1226 1604 πάλιν
1246 1579 1311 1614 περὶ
1336 1578 1418 1605 αὐτοῦ
1444 1577 1615 1613 φραζούσης·
1636 1587 1645 1602 ι
1668 1577 1729 1608 Πῶς
1747 1577 1877 1608 ἐξέπεσεν

1081 1625 1114 1650 ἐκ
1137 1623 1184 1650 τοῦ
1201 1624 1316 1660 οὐρανοῦ
1334 1625 1348 1650 ὁ
1372 1624 1545 1660 Ἑωσφόρος,
1568 1625 1582 1651 ὁ
1606 1623 1679 1660 πρωῒ
1703 1624 1876 1657 άνατέλλων;

1082 1670 1225 1706 συνετρίϐη
1243 1671 1284 1701 εἰς
1298 1670 1348 1704 τὴν
1362 1670 1414 1706 γῆν
1430 1672 1444 1697 ὁ
1460 1670 1633 1697 ἀποστέλλων
1651 1670 1719 1706 πρὸς
1736 1671 1825 1697 πάντα
1841 1670 1877 1697 τὰ

1082 1715 1155 1752 ἔθνη.
1174 1717 1209 1743 Σὺ
1223 1716 1251 1742 δὲ
1263 1715 1341 1748 εἶπας
1354 1717 1382 1743 ἐν
1391 1718 1425 1752 τῇ
1441 1717 1545 1752 διανοίᾳ
1557 1725 1604 1743 σου
1617 1724 1623 1731 '
1646 1717 1693 1748 Εἰς
1705 1716 1751 1743 τὸν
1764 1717 1877 1753 οὐρανὸν

1082 1764 1262 1800 ἀναδήσομαι,
1281 1764 1373 1790 ἐπάνω
1383 1763 1436 1790 τῶν
1448 1764 1556 1799 ἄστρων
1567 1763 1614 1790 τοῦ
1625 1763 1739 1798 οὐρανοῦ
1757 1763 1877 1799 θήσομαι

1082 1810 1127 1836 τὺν
1150 1810 1244 1846 θρόνον
1268 1819 1329 1845 μου.
1353 1809 1537 1844 Ἀναϐήσομαι
1560 1809 1652 1835 ἐπάνω
1670 1809 1724 1835 τῶν
1739 1809 1875 1844 νεφελῶν,

1083 1855 1179 1892 ἔσομαι
1202 1856 1293 1892 ὅμοιος
1309 1856 1347 1892 τῷ
1367 1856 1496 1890 Ὑψίστῳ.
1514 1855 1572 1882 Νῦν
1597 1855 1625 1882 δὲ
1641 1856 1681 1887 είς
1695 1855 1762 1891 ᾅδην
1788 1865 1876 1882 κατα-

1084 1901 1165 1938 ϐήσῃ,
1176 1902 1224 1928 καὶ
1240 1903 1280 1933 είς
1290 1901 1324 1928 τὰ
1339 1901 1451 1936 θεμέλια
1462 1901 1511 1936 τῆς
1521 1901 1581 1937 γῆς.
1594 1911 1603 1928 ι
1620 1901 1703 1936 Ὁμοῦ
1716 1902 1747 1937 δὴ
1765 1903 1877 1930 πλεῖστα

1083 1947 1126 1974 διὰ
1143 1948 1244 1975 τούτων
1266 1950 1279 1975 6
1303 1948 1382 1982 λόγος
1398 1948 1542 1983 ἐμφαίνει,
1567 1948 1617 1984 τὴν
1641 1948 1688 1974 τοῦ
1710 1948 1877 1984 δηλουμένου

1085 1994 1307 2029 φρενοσλάΰειαν,
1318 1995 1368 2032 τῂν
1382 1993 1435 2020 ἀπὸ
1449 1993 1503 2021 τῶν
1518 1993 1682 2030 κρειττόνων
1692 1994 1739 2020 ἐπὶ
1750 1995 1783 2021 τὰ
1793 1995 1878 2031 χείρω

1085 2041 1268 2072 κατάπτωσιν,
1283 2041 1313 2067 τὺ
1328 2041 1376 2076 τῆς
1390 2039 1553 2072 ἐκπτώσεως
1565 2040 1651 2072 τέλος.
1667 2040 1745 2067 Δεινὰ
1760 2040 1788 2067 δὲ
1805 2041 1877 2067 κατὰ

1084 2087 1137 2114 τῶν
1154 2087 1238 2114 ἐθνῶν
1254 2087 1382 2113 ἁπάντων
1397 2086 1557 2122 ἀπειλήσας,
1572 2085 1674 2122 θάτερα
1686 2085 1805 2121 ληπτοὺς
1820 2087 1878 2118 τοῖς

1085 2133 1255 2169 προὸουλίοις
1282 2132 1442 2168 ἀνθρώπους
1457 2131 1566 2168 εὕρατο,
1592 2132 1735 2167 πρόχειρον
1767 2132 1814 2158 καὶ
1846 2131 1877 2164 ἐξ

1086 2179 1189 2210 οἰκείας
1203 2178 1314 2214 γνώμης
1324 2178 1374 2212 τὴν
1388 2179 1435 2204 ἐπὶ
1443 2178 1473 2204 τὸ
1487 2178 1572 2205 κακὸν
1581 2178 1721 2213 ἔμπτωσιν
1737 2178 1771 2204 δι’
1781 2178 1878 2211 αὐτεξ-

1086 2225 1176 2251 ούσιον
1202 2224 1361 2260 προαίρεσιν
1388 2224 1583 2260 κεκτημένους.
1609 2225 1700 2250 Ἐσειε
1731 2224 1798 2260 δῆτα
1827 2224 1879 2259 τῆς

1087 2271 1141 2297 ἀπὸ
1153 2270 1206 2296 τῶν
1223 2270 1384 2306 κρειττόνων
1401 2270 1523 2301 στάσεως
1532 2270 1582 2302 τὰς
1592 2269 1693 2302 πόλεις,
1705 2270 1815 2301 καὶτοῖς
1828 2270 1879 2304 τῆς

1089 2316 1186 2352 ἡδονῆς
1202 2316 1324 2343 δελέασιν
1338 2316 1384 2343 ἐπὶ
1410 2317 1463 2342 πᾶν
1481 2314 1552 2347 εἶδος
1569 2315 1735 2352 φαυλότητος
1760 2317 1809 2347 τὰς
1823 2316 1879 2342 τῶν

1089 2362 1194 2389 πολλῶν
1208 2362 1332 2389 κατέσπα
1347 2362 1452 2397 ψυχὰς,
1471 2362 1566 2388 οὐδένα
1587 2370 1617 2389 τε
1644 2363 1767 2397 μηχανῆς
1792 2370 1879 2388 κατα-

1089 2407 1175 2435 λιπὼν
1190 2408 1301 2443 τρόπον,
1322 2408 1417 2443 μύθοις
1429 2408 1493 2444 περὶ
1501 2408 1570 2435 θεῶν
1580 2409 1704 2444 αίσχροῖς
1721 2409 1767 2434 καὶ
1783 2408 1880 2443 διηγή-

1091 2463 1172 2490 μασιν
1187 2454 1346 2486 ἀκολάστοις
1360 2454 1394 2481 τὰ
1412 2454 1476 2489 φίλα
1492 2455 1539 2481 καὶ
1552 2454 1620 2489 πρὸς
1639 2454 1734 2490 ήδονῆν
1751 2453 1805 2480 τῶν
1821 2453 1880 2479 ἀλι-

1091 2501 1230 2535 σκομένων
1240 2500 1274 2526 δι’
1286 2500 1409 2535 ἐντέχνου
1421 2501 1553 2535 δαιμόνων
1564 2501 1672 2535 ἀπάτης
1683 2499 1878 2535 προὺὅάλλετο’

1092 2545 1181 2582 ταύτῃ
1197 2555 1228 2572 τε
1248 2547 1298 2582 τὴν
1317 2546 1480 2581 οἰκουμένην
1502 2546 1610 2573 ἃπασαν
1633 2546 1701 2572 ἐλὼν
1724 2546 1878 2581 ὑποχείριον

1092 2593 1209 2626 συνεῖχε,
1227 2592 1274 2617 καὶ
1288 2592 1402 2626 ἠφάνιζε
1423 2591 1457 2618 τὰ
1473 2592 1527 2619 τῶν
1548 2592 1631 2619 ἐθνῶν
1649 2593 1728 2628 ὅρια,
1745 2592 1813 2627 ὅπερ
1832 2592 1879 2618 καὶ

1093 2639 1215 2673 ποιήσειν
1231 2638 1338 2673 ἠπείλει
1359 2638 1443 2665 εἰπών
1456 2646 1462 2653 ·
1482 2648 1491 2664 ι
1508 2638 1613 2673 Ἀφελῶ
1629 2639 1690 2674 ὅρια
1713 2638 1814 2670 ἐθνῶν,
1832 2639 1881 2665 καὶ

1091 2684 1141 2719 τὴν
1157 2684 1233 2719 ἰσχὺν
1247 2684 1336 2710 αὐτῶν
1354 2685 1540 2720 προνομεύσω,
1556 2685 1602 2712 καὶ
1612 2685 1694 2711 σείσω
1706 2685 1797 2717 πόλεις
1814 2693 1884 2711 κατ-

1093 2730 1272 2765 οικουμένας,
1296 2731 1344 2757 καὶ
1364 2731 1412 2766 τὴν
1426 2731 1588 2767 οἰκουμένην
1603 2731 1667 2767 ὅλην
1688 2730 1883 2766 καταλήψομαι

1091 2777 1126 2812 τῇ
1140 2777 1210 2812 χειρὶ
1226 2777 1264 2809 ὡς
1281 2777 1416 2804 νοσσιάν.»
1428 2778 1523 2805 Ἔνθεν
1538 2778 1588 2813 ἤδη
1606 2777 1697 2805 λοιπὸν
1713 2777 1821 2804 πάντων
1837 2776 1885 2802 ἁν-

1092 2822 1208 2859 θρὼπων
1220 2823 1383 2859 κατεκράτει
1397 2823 1495 2860 πλάνῃ,
1505 2823 1632 2859 δαίμονές
1644 2832 1673 2850 τε
1687 2822 1800 2858 πονηροὶ
1809 2822 1885 2849 κατὰ
