2071 3219
206 189 261 218 275

668 195 998 225 DEMONSTRATIONIS
1013 197 1245 227 EVANGELICE
1265 198 1330 229 LIB.
1350 198 1393 227 IV.

1778 202 1831 231 ειη

207 249 298 276 πάντα
312 249 411 283 τόπον.
426 252 473 279 καὶ
489 252 576 285 πόλιν,
595 253 642 280 καὶ
662 254 755 290 χώραν
777 255 831 283 ὑπὸ
850 257 889 292 τῷ
903 257 984 292 οἰκείᾳ

1049 258 1173 286 civitates
1185 265 1247 293 qua:
1261 257 1431 291 habitantur,
1451 262 1478 286 et
1492 257 1585 288 orbem
1604 263 1691 288 totum
1707 268 1831 295 compre-

207 295 317 331 ἄρχοντι
334 298 527 325 κατετάττοντο
539 307 545 314 ·
570 300 617 326 καὶ
641 301 707 336 δῆτα
730 303 860 338 δυνάμεσι
877 303 993 338 χθονίαις

206 343 252 369 καὶ
265 346 395 380 πονηροῖς
409 345 559 381 πνεύμασιν
572 347 631 374 ἀντὶ
648 348 701 375 τῶν
713 350 853 385 προτέρων
869 350 916 376 τοῦ
926 350 993 376 Θεοῦ

206 389 371 426 λειτουργῶν
380 392 394 417 ὁ
405 392 457 423 πᾶς
467 392 522 419 τῶν
534 393 683 429 ἀνθρώπων
695 395 751 430 βίος
768 396 991 428 καταδεῶύλωτο,

206 435 316 462 πάντων
330 436 435 472 ἀθρόως
451 439 496 465 καὶ
513 439 671 476 ἐπιῤῥεπῶς
690 444 745 474 τοῖς
760 442 810 477 τῆς
825 443 922 478 ἡδονῆς
937 443 992 469 ὀλί-

206 481 280 513 σθοις
293 483 494 511 ἐπιδεδωκότων
504 493 510 500 ·
525 485 594 512 ὥστε
609 487 658 522 ἤδη
673 488 719 514 καὶ
729 489 778 523 τῆς
789 488 896 523 φύσεως
907 490 992 525 ὑπερ-

205 527 308 554 ϐαίνειν
322 528 419 564 ὄρους,
437 531 483 557 καὶ
497 532 556 558 τοτὲ
574 533 623 567 μὲν
646 533 854 571 ἀλληλοφθορεῖν
864 556 871 568 ,
888 536 948 563 τοτὲ
964 537 992 563 δὲ

203 574 412 609 ἀρῤητοποιεῖν,
428 577 476 603 καὶ
493 576 511 604 ἃ
538 578 604 613 μηδὲ
625 578 747 615 λογισμῷ
771 581 849 616 θέμις
877 583 990 614 ἐννοεῖν,

203 618 290 645 ταῦτα
305 620 335 645 οὐ
358 621 437 656 μόνον
455 623 584 657 πράττειν
595 644 603 656 ,
626 625 692 652 ἀλλὰ
710 628 756 653 καὶ
772 630 832 660 ταῖς
851 630 915 664 περὶ
937 630 992 656 τῶν

202 665 311 691 οἰκείων
327 665 396 692 θεῶν
418 667 507 701 δόξαις
524 670 677 698 ἀνατιθέναι
688 692 695 703 ,
711 674 758 699 καὶ
781 674 820 701 ἔτι
839 675 937 710 μᾶλλον
954 676 991 708 ὡς

202 708 237 736 ἃν
253 709 324 742 θεοῖς
338 712 402 746 φίλα
419 712 453 739 τὰ
469 714 605 742 ἀκόλαστα
622 717 670 743 σὺν
681 719 805 755 ῥᾳστώνῃ
820 708 922 747 πλείονι
934 721 992 749 δια-

202 756 380 790 πράττεσθαι.
399 759 539 786 Ἐντεῦθεν
552 761 613 798 ἤδη,
629 763 698 790 κατά
707 765 753 791 τὸν
770 766 842 801 ἱερὸν
868 767 992 794 Ἀπόστο-

201 801 264 848 λον,
286 803 340 829 οὐδ’
356 805 402 831 ἐπὶ
428 808 484 839 τοῖς
505 809 565 834 κατ’
588 809 702 844 οὐρανὸν
728 811 767 837 ἔτι
784 811 919 848 λαμπροῖς
943 813 989 840 τοῦ

200 847 269 874 Θεοῦ
284 849 521 887 δημιουργήμασιν
535 855 683 890 ἱστάμενοι,
696 866 704 882 ι
724 857 947 894 Ἑματαιώθησαν
962 861 990 886 ὲν

199 895 257 924 τοῖς
273 894 456 932 διαλογισμοῖς
475 899 577 934 αὐτῶν,
596 902 642 928 καὶ
663 903 804 938 ἐσκοτίσθη
828 905 843 939 ἡ
862 905 990 938 ἀσύνετος

199 940 290 967 αὐτῶν
307 943 415 977 καρδία.
429 945 581 977 Φάσκοντες
596 944 664 973 εἶναι
680 948 766 982 σοφοὶ,
782 949 988 986 ἐμωράνθησαν,

199 986 248 1013 καὶ
280 987 429 1022 ἠλλάξαντο
452 992 501 1026 τὴν
527 992 605 1026 δόξαν
629 993 675 1020 τοῦ
704 994 842 1029 ἀφθάρτου
868 996 935 1023 Θεοῦ
961 998 989 1024 ὲν

198 1032 352 1069 ὁμοιώματι
369 1036 473 1068 εἰκόνος
491 1037 612 1073 φθαρτοῦ
627 1039 781 1075 ἀνθρώπου,
795 1042 841 1067 καὶ
858 1042 989 1070 πετεινῶν

197 1079 246 1104 καὶ
262 1081 433 1115 τετραπόδων
449 1084 495 1109 καὶ
511 1084 643 1119 ἑρπετῶν.
661 1094 669 1110 ι
683 1086 742 1112 Ὅτι
759 1087 787 1113 δὲ
804 1087 875 1114 κατὰ
891 1088 920 1114 τὸ
936 1097 989 1115 πα-

197 1124 337 1152 λαιότατον
350 1129 407 1159 τοῖς
420 1129 554 1164 οὐρανίοις
570 1132 713 1168 φωστῆρσι
730 1133 820 1168 μόνοις
836 1127 860 1160 ὁι
878 1135 924 1161 ἐπὶ
937 1135 989 1170 γῆς

197 1173 376 1206 προσανεῖχον
401 1174 476 1201 οὐδὲν
502 1176 609 1203 εἴδωλον
634 1177 827 1213 ἐπιστάμενοι,
845 1178 907 1206 οὗτε
925 1181 989 1216 περὶ

194 1216 247 1252 τὴν
259 1217 313 1243 τῶν
327 1217 461 1253 δαιμόνων
480 1221 583 1257 πλάνην
599 1224 806 1259 καταγινόμενοι
818 1245 825 1257 ,
842 1225 920 1261 ἱκανὴ
942 1226 988 1260 γέ-

195 1271 268 1308 νοιτο
285 1264 319 1290 ἂν
339 1265 476 1299 ἀπόδειξις
496 1269 512 1303 ἡ
531 1268 585 1294 τῶν
609 1269 756 1306 ἀλλοτρίων
770 1271 816 1297 τοῦ
839 1272 898 1298 καθ’
915 1273 988 1308 ἡμᾶς

194 1306 275 1341 λόγου
294 1310 447 1346 μαρτυρία,
462 1312 495 1348 ἢν
511 1313 582 1340 κατά
604 1314 634 1340 τὸ
662 1316 768 1349 πρῶτον
793 1317 843 1352 τῆς
867 1306 986 1352 Προστα-

190 1354 348 1388 ρασκευῆς
369 1357 422 1391 πρὸ
444 1358 492 1393 τῆς
515 1360 655 1396 παρούσης
683 1362 874 1397 πραγματείας
897 1363 987 1396 ἐξεϐέ-

196 1407 266 1435 μην,
283 1401 376 1435 σαφῶς
389 1403 546 1437 ἀποδείξας,
565 1407 605 1433 ὅτι
624 1408 660 1442 μὴ
676 1409 865 1444 χειροκμήτοις
883 1409 986 1443 ξοάνοις

193 1445 224 1479 ἐξ
241 1445 307 1493 ὕλης
324 1447 428 1483 ἀψύχου
443 1450 720 1489 δεδημιουργημένοις
731 1475 737 1486 ,
758 1455 815 1482 ἀλλ’
831 1456 885 1482 οὐδ’
902 1458 984 1493 ἀορά-

192 1499 251 1523 τοις
260 1492 384 1529 δαίμοσιν
394 1498 418 1523 οί
430 1497 590 1525 παλαίτατοι
603 1499 657 1531 τῶν
670 1500 820 1536 ἀνθρώπων
833 1503 968 1530 ἐδούλευον
976 1512 982 1519 ·

194 1536 287 1584 μόνοις
301 1539 330 1566 δὲ
343 1541 456 1574 τούτοις,
469 1543 493 1569 οἳ
508 1544 555 1570 καὶ
570 1545 638 1580 πρὸς
652 1547 701 1582 τῆς
715 1546 788 1579 θείας
805 1548 915 1584 Γραφῆς
928 1551 985 1581 τοῖς

1046 303 1162 330 hendam
1188 312 1271 331 manu
1283 304 1360 339 quasi
1383 304 1488 331 nidum.
1510 314 1519 331 ι
1539 305 1603 334 lndc
1616 307 1672 342 jam
1690 307 1734 334 ille
1755 312 1830 342 post-

1045 350 1096 378 hac
1125 359 1173 385 per
1202 359 1343 383 errorem,
1373 351 1399 378 in
1427 359 1521 379 omnes
1540 351 1663 379 homines
1685 352 1829 387 imperium

1045 396 1180 430 obtinuit;
1197 404 1229 424 ac
1253 397 1318 424 mali
1341 397 1479 425 daemones
1497 399 1523 425 in
1543 399 1616 426 omni
1635 399 1705 431 loco,
1722 399 1829 425 et-civi-

1044 446 1109 474 tate,
1138 447 1164 471 et
1191 443 1311 479 regione.
1335 444 1386 471 sub
1401 448 1475 472 certo
1502 445 1625 480 principe
1645 445 1768 481 dispositi
1787 446 1829 472 in-

1044 489 1199 524 structique
1215 493 1279 517 sunt
1302 498 1309 516 :
1334 489 1426 525 itaque
1444 491 1622 519 terrestribus
1650 492 1829 526 potestatibus

1043 543 1076 563 ac
1106 535 1248 570 spiritibus
1272 535 1363 568 malis,
1384 544 1433 571 pro
1460 537 1598 571 prioribus
1623 536 1670 565 Dei
1696 538 1829 566 ministris

1043 580 1133 607 omnis
1150 581 1205 607 vita
1217 581 1357 609 hominum
1374 583 1481 610 addicta
1493 587 1545 615 est.
1560 583 1689 611 omnibus
1702 584 1827 611 certatim

1043 633 1076 653 ac
1102 627 1215 661 proclivi
1240 628 1381 655 alacritate
1400 629 1427 656 in
1446 629 1551 657 lubrico
1575 630 1724 665 voluptatis
1746 630 1828 665 profi-

1043 671 1187 704 cientibus,
1203 673 1271 700 adeo
1295 673 1415 708 quidem,
1442 679 1471 701 ut
1484 674 1538 709 jam
1558 678 1663 701 natura:
1680 675 1758 710 160
1773 678 1828 702 ter-

1043 717 1131 745 minos
1148 718 1325 752 transilirent,
1344 723 1371 747 et
1392 720 1473 747 modo
1488 728 1517 748 se
1532 724 1626 747 mutuo
1652 721 1750 747 ardore
1771 728 1828 747 cor-

1042 768 1210 798 rumperent,
1225 764 1305 791 modo
1318 773 1378 800 qua:
1388 765 1503 793 dicenda
1517 774 1570 793 non
1586 770 1660 798 sunt,
1675 770 1826 801 patrarent,

1042 812 1068 835 et
1094 817 1154 844 quae
1179 818 1213 837 ne
1234 811 1398 846 cogitatione
1418 812 1527 846 quidem
1550 812 1693 848 concipere
1717 812 1758 840 fas
1774 816 1827 845 est,

1041 861 1073 882 ea
1096 862 1151 882 non
1167 856 1254 883 solum
1271 857 1402 891 facerent,
1430 866 1523 885 verum
1541 858 1623 886 etiam
1651 858 1826 893 opinionibus

1042 909 1110 935 quas
1134 902 1168 929 de
1188 903 1241 930 diis
1263 904 1321 931 suis
1336 904 1484 938 habebant,
1497 909 1703 937 consecrarent,
1722 905 1827 939 hocque

1040 948 1123 975 etiam
1142 950 1259 984 amplius
1279 954 1407 986 tanquam
1425 951 1477 978 diis
1503 956 1578 987 grata
1595 956 1621 979 et
1642 951 1774 986 jucunda,
1789 952 1828 978 la-

1041 993 1116 1019 sciva
1132 994 1223 1020 omnia
1234 1002 1296 1021 cum
1313 995 1420 1023 deliciis
1432 996 1558 1031 plurimis
1574 997 1745 1032 perlicerent.
1762 996 1827 1023 lude

1038 1038 1105 1073 jam,
1125 1040 1352 1074 quemadmodum
1378 1042 1474 1069 scribit
1498 1050 1575 1070 sacer
1598 1042 1754 1077 Apostolus.
1772 1050 1826 1069 nou

1039 1084 1159 1110 contenti
1188 1085 1222 1112 iis
1244 1084 1291 1112 Dei
1318 1086 1447 1121 operibus
1473 1094 1533 1122 qum
1557 1088 1585 1114 in
1611 1087 1682 1114 caelo
1709 1087 1826 1115 illustria

1040 1135 1113 1161 sunt,
1133 1139 1141 1155 ι
1160 1130 1336 1159 Evanuerunt
1362 1133 1389 1160 in
1406 1134 1620 1169 cogitationibus
1639 1134 1708 1168 suis,
1730 1138 1757 1161 et
1776 1134 1825 1161 ob—

1039 1179 1178 1203 scuratum
1193 1182 1235 1204 est
1250 1177 1382 1213 insipiens
1395 1186 1443 1206 cor
1458 1186 1564 1212 eorum,
1587 1179 1707 1206 dicentes
1722 1186 1750 1206 se
1763 1186 1824 1206 esse

1040 1223 1187 1256 sapientes,
1205 1225 1280 1252 stulti
1302 1225 1366 1252 facti
1382 1230 1456 1259 sunt,
1477 1232 1503 1254 et
1518 1230 1692 1254 mutaverunt
1709 1226 1823 1262 gloriam

1038 1268 1254 1304 incorruptibilis
1269 1270 1328 1304 Dei,
1353 1271 1381 1299 in
1408 1273 1585 1300 similitudine
1608 1272 1735 1307 imaginis
1761 1279 1823 1299 cor-

1038 1315 1175 1349 ruptibilis
1191 1316 1319 1349 hominis,
1339 1321 1366 1345 et
1391 1318 1545 1350 volucrum,
1561 1322 1588 1345 et
1604 1318 1822 1353 quadrupedum,

1037 1363 1064 1388 et
1079 1362 1246 1396 serpentium
1261 1364 1294 1390 '9.
1318 1372 1328 1389 ι
1348 1363 1426 1397 Quod
1438 1368 1528 1391 autem
1542 1364 1741 1399 antiquissimis
1754 1369 1824 1391 tem-

1036 1407 1159 1441 poribus,
1173 1409 1230 1436 sola
1243 1410 1364 1438 ctelestia
1379 1411 1482 1438 lmnina
1495 1411 1626 1439 mortales
1640 1410 1822 1442 attenderem,

1036 1460 1125 1488 neque
1140 1454 1195 1481 ulla
1210 1456 1358 1485 simulacra
1383 1458 1491 1493 cognita
1515 1458 1658 1491 haberent,
1683 1465 1771 1492 neque
1792 1457 1822 1484 in

1035 1506 1129 1528 errore
1152 1509 1183 1528 ac
1210 1500 1318 1529 fallacia
1341 1502 1495 1531 daemonum
1510 1507 1695 1536 versarentur,
1714 1503 1822 1530 abunde

1035 1547 1104 1574 satis
1119 1547 1348 1576 demoustraverit
1363 1550 1547 1578 testimonium
1563 1558 1656 1577 eorum
1670 1550 1715 1584 qui
1728 1549 1762 1576 ab
1772 1549 1822 1576 hac

192 1582 298 1632 ἔθνεσιν
321 1586 541 1624 ἀπονενεμῆσθαι
560 1592 792 1628 μεμαρτύρηνται.
812 1582 881 1631 Ὦρα
938 1594 984 1623 οὖν

1036 1592 1141 1619 ratione
1156 1597 1251 1621 nostra
1268 1594 1348 1622 alieni
1364 1599 1428 1622 sunt
1443 1604 1449 1622 :
1469 1595 1541 1630 quod
1559 1596 1585 1622 in
1607 1595 1695 1630 primo
1711 1594 1822 1628 Praepa—

254 1631 345 1664 αὐτοῖς
358 1633 495 1669 Ἕλλησιν,
509 1633 546 1663 ὧν
558 1637 607 1669 τὰς
620 1639 710 1672 φωνὰς
724 1641 751 1666 ὲν
769 1629 882 1673 ἐκείνοις
897 1629 982 1678 παρα-

191 1674 328 1723 τεθειμαι,
340 1679 539 1714 συνομολογεῖν,
552 1683 687 1719 νεωτέραν
699 1686 745 1711 καὶ
762 1685 839 1721 ξένην
853 1687 917 1723 περὶ
931 1674 981 1723 τὴν

190 1720 247 1767 τῶν
258 1722 379 1750 παλαιῶν
393 1724 519 1761 λατρείαν
532 1728 656 1763 είσῆχθαι
672 1731 763 1763 αὐτοῖς
776 1720 824 1767 τὴν
838 1720 896 1759 τῶν·
905 1720 982 1760 εἰδω-

190 1765 246 1793 λων
262 1768 472 1806 δεισιδαιμονίαν
493 1774 540 1800 καὶ
556 1775 605 1810 τὴν
621 1777 675 1803 τῶν
690 1778 800 1811 ἀφανῶν
820 1780 981 1814 πνευμάτων

190 1815 363 1862 περιεργίαν.
381 1818 466 1846 Τοῦτο
483 1820 511 1846 δὲ
527 1821 581 1847 πᾶν
598 1822 779 1850 ἐπιϐουλεύων
796 1827 851 1857 τοῖς
867 1826 913 1852 ἐπὶ
931 1828 981 1862 γῆς

189 1860 274 1906 πᾶσιν
294 1861 448 1897 ὀδηλωθεὶς
467 1864 600 1901 θεομάχος
621 1868 772 1903 εἰργάζετο.
795 1870 927 1906 Συνήργει
953 1860 981 1899 δὲ

189 1905 264 1941 αὐτῷ
280 1907 327 1933 καὶ
346 1909 400 1935 πᾶν
417 1910 448 1936 τὸ
469 1910 524 1937 τῶν
547 1912 710 1949 ἀκαθάρτων
731 1905 873 1949 δαιμόνων
889 1917 979 1951 φῦλον.

188 1951 276 1998 Αὐτός
291 1961 324 1986 γε
347 1953 400 1988 μὴν
415 1955 429 1981 ό
442 1956 493 1991 τῆς
508 1958 606 1990 κακίας
626 1960 748 1995 ἐξάρχων
772 1962 847 1987 ταῦτ’
863 1962 979 1998 ἔπραττε

190 1997 276 2032 μανίᾳ
291 2001 463 2035 φρονήματος
488 2003 620 2036 ὲκτόπου,
638 2006 689 2037 τὰς
712 2007 782 2033 κατὰ
803 1997 911 2035 πάντων
932 2009 979 2035 ἀν-

188 2043 307 2090 θρώπιον
324 2045 396 2082 ἔργῳ
416 2048 527 2084 πληρῶν
548 2051 675 2083 ἀπειλὰς,
699 2053 745 2079 καὶ
762 2054 825 2089 τῆν’
840 2064 849 2080 ‹
864 2056 979 2090 Ἔσομαι

186 2089 282 2136 ὅμοιος
301 2091 340 2126 τῷ
358 2092 486 2129 Ὑψίστῳ,
503 2104 512 2120 ι
535 2096 614 2122 ἄθεον
638 2097 779 2125 ἐπιτείνων
796 2100 902 2136 φωνὴν,
920 2089 979 2133 ταῖς

185 2141 218 2181 τε
231 2132 287 2161 τῶν
309 2135 471 2172 ἀκαθάρτων
495 2139 541 2164 καὶ
565 2141 690 2176 πονηρῶν
714 2132 849 2178 δαιμόνων
864 2132 978 2181 ’ὑπηρε-

187 2177 270 2211 σίαις,
288 2183 429 2216 χρησμοὺς
448 2183 495 2210 καὶ
511 2183 667 2218 θεραπείας,
682 2187 729 2213 καὶ
747 2177 781 2214 τὰ
792 2189 903 2216 τοιαῦτα
919 2177 978 2223 ταῖς

1034 1638 1157 1671 rationis,
1177 1644 1240 1667 ante
1255 1640 1307 1667 hoc
1331 1641 1421 1676 ipsum
1445 1649 1513 1676 opus
1538 1641 1662 1676 exposui,
1680 1640 1726 1667 ubi
1741 1641 1821 1675 plane

1033 1684 1217 1713 demonstravi
1234 1694 1289 1713 non
1314 1694 1396 1714 manu
1422 1687 1569 1726 elaboratis
1584 1687 1681 1722 signis.
1700 1694 1761 1721 qua:
1787 1693 1820 1713 ex

1033 1730 1156 1758 inanima
1179 1732 1271 1767 aliqua
1289 1734 1402 1759 materia
1429 1733 1480 1767 ipsi
1506 1732 1699 1765 fabricassent,
1729 1739 1760 1758 ac
1786 1739 1821 1759 ne

1032 1774 1202 1803 daemonibus
1220 1776 1329 1810 quidem
1360 1777 1449 1804 visum
1475 1781 1600 1804 nostrum
1628 1776 1820 1811 effugientibus

1032 1822 1241 1857 antiquissimos
1256 1822 1380 1850 homines
1396 1823 1498 1851 servire
1516 1824 1623 1855 solitos,
1641 1824 1689 1851 sed
1707 1824 1761 1851 illis
1775 1832 1819 1851 so-
1867 1839 1873 1846 -

1032 1868 1065 1895 lis
1083 1875 1152 1902 quos
1170 1868 1296 1903 gentibus
1312 1868 1475 1896 distributos
1489 1868 1575 1897 fuisse
1599 1869 1697 1896 divinae
1722 1869 1819 1896 littem

1031 1912 1175 1940 afﬁrmant.
1192 1913 1281 1946 Quare
1293 1914 1349 1948 jam
1366 1917 1474 1949 tempus
1495 1918 1548 1947 est,
1562 1919 1590 1941 ut
1606 1914 1692 1942 Graeci
1710 1923 1818 1950 quoquc

1031 1959 1094 1994 ipsi,
1114 1967 1231 1994 quorum
1247 1968 1329 1988 voces
1344 1960 1399 1987 illic
1417 1961 1541 1995 exposui,
1569 1960 1706 1988 fateantur
1722 1968 1818 1988 recen-

1030 2005 1127 2032 tioreln
1146 2013 1178 2032 ac
1196 2006 1382 2041 peregrinam.
1398 2007 1570 2041 alienamque
1585 2014 1599 2033 a
1615 2007 1746 2042 religione
1767 2015 1817 2033 an-

1029 2051 1180 2087 tiquorum,
1197 2052 1381 2079 introductam
1401 2060 1461 2080 esse
1475 2053 1508 2080 ab
1524 2053 1591 2088 ipsis
1605 2052 1815 2080 simulacrorum

1030 2098 1262 2133 superstitionem,
1281 2099 1406 2126 etvisum
1425 2103 1548 2127 nostrum
1561 2099 1748 2135 effugientium
1760 2101 1816 2135 spi-

1028 2145 1130 2171 rituum
1146 2144 1310 2179 superﬂuam
1331 2145 1542 2172 observantiam.
1574 2145 1602 2173 ld
1630 2150 1719 2172 autem
1734 2153 1816 2174 omne

1028 2190 1085 2222 ille,
1101 2190 1135 2218 de
1146 2199 1201 2225 quo
1226 2191 1328 2217 dictum
1352 2196 1404 2222 est,
1428 2190 1475 2218 Dci
1494 2191 1631 2224 inimicus,
1646 2192 1710 2218 dum
1727 2193 1816 2219 omni-

185 2223 241 2272 tdiv
252 2225 404 2261 ἀνθρώπων
418 2229 556 2264 γοητείαις
576 2232 781 2267 προϊσχόμενος.

1036 2245 1092 2270 )us,
1108 2237 1154 2272 qui
1171 2237 1199 2264 in
1216 2242 1288 2264 terra
1307 2240 1381 2268 sunt,
1399 2237 1514 2265 insidias
1537 2237 1612 2270 facit,
1637 2238 1748 2266 molitus
1761 2243 1813 2266 est.

185 2268 341 2304 Adjuvabat
356 2275 446 2300 autem
464 2274 540 2301 illum
566 2283 648 2304 omne
671 2277 841 2312 impurorum
868 2280 1021 2309 daemonum
1035 2268 1131 2318 genus.
1153 2283 1188 2309 At
1214 2290 1278 2309 vero
1300 2282 1359 2317 ipse
1379 2282 1488 2310 malitia:
1522 2283 1649 2319 princeps
1684 2284 1741 2311 hac
1770 2283 1811 2310 fa-

184 2315 286 2348 ciebat,
312 2320 430 2346 amentia
449 2321 577 2350 immensi
594 2322 682 2351 fastus
697 2325 842 2359 adductus,
864 2331 892 2354 ut
906 2337 966 2363 quae
986 2330 1094 2358 cunctis
1110 2329 1267 2357 hominibus
1303 2330 1422 2357 minatus
1452 2330 1541 2357 fuerat
1558 2338 1588 2358 re
1611 2331 1669 2366 ipsa
1697 2331 1814 2365 comple-

183 2366 236 2395 ret,
270 2370 304 2390 ac
335 2364 469 2392 nefariam
496 2367 568 2394 illam
586 2376 690 2401 vocem,
713 2379 723 2396 ι
744 2370 799 2398 Ero
812 2373 909 2401 similis
930 2374 1082 2407 Altissimo,
1101 2385 1111 2401 ι
1131 2376 1319 2402 vehementius
1344 2376 1506 2408 intenderet,
1529 2381 1609 2412 atque
1630 2377 1812 2412 impurorum,

183 2408 536 2452 malorumquedagmouum
551 2414 722 2448 ministeriis,
738 2418 850 2444 oracula
879 2422 906 2446 et
927 2420 1017 2449 cultus
1044 2425 1072 2449 et
1106 2422 1158 2448 alia
1191 2421 1337 2456 ejusmodi,
1359 2422 1504 2458 praestigiis
1528 2430 1560 2449 ac
1583 2422 1700 2451 fallaciis
1725 2423 1814 2450 homi-

181 2462 248 2482 num
262 2455 404 2490 objiceret.

186 2557 234 2591 Ὡς
475 2565 642 2607 μονογενὴς
660 2567 725 2601 Υἱὸς
743 2570 808 2607 τςοῦΔ
823 2570 896 2598 Θεοῦ
916 2572 974 2607 τὴν

285 2595 330 2628 είς
345 2595 521 2632 ἀνθρώπους
538 2595 700 2635 ἐποιήσατο
712 2595 858 2639 idem}:

222 2639 267 2666 Ἑν
282 2641 401 2688 τοσαύτῃ
418 2643 487 2678 δῆτα
506 2646 606 2679 κακίας
624 2649 695 2684 φορᾷ
717 2650 800 2685 μηδὲν
820 2652 971 2688 ἐπαμύνειν

178 2684 233 2732 irth
243 2686 309 2722 πρὶν
321 2688 481 2722 ἐφεστώτων
494 2691 616 2725 ἀγγέλων
630 2695 688 2726 τοῖς
704 2684 869 2732 ὑποχειρίοις
876 2684 968 2726 ἔθνεσι

178 2730 375 2779 δεδυνημένων,
395 2734 464 2762 ἀλλὰ
479 2736 528 2771 τῆς
546 2737 594 2772 μὲν
606 2737 702 2775 λοιπῆς
716 2730 830 2774 κτίσεως
843 2743 969 2779 ἐπιμελο-

181 2775 279 2809 μένων,
302 2780 359 2810 τοῖς
377 2788 407 2806 τε
425 2780 473 2807 τοῦ
496 2782 599 2818 κόσμου
616 2784 726 2821 μέρεσιν
741 2775 967 2823 ἐπιστατούντων,

180 2821 225 2847 καὶ
237 2821 274 2857 τῷ
284 2822 332 2850 τοῦ
343 2825 452 2852 πάντων
464 2826 631 2864 δημιουργοῦ
643 2829 710 2858 Θεοῦ
722 2832 836 2868 νεύματι
847 2835 968 2871 συνήθως

215 2899 238 2914 ’³
251 2898 329 2928 Rom.
350 2911 368 2935 ι,
386 2902 479 2932 ει-εδ.

1352 2526 1428 2561 161
1450 2525 1486 2553 Χ·

1048 2572 1273 2606 Quemadmodum
1300 2573 1446 2607 necessario
1469 2572 1561 2599 unicus
1582 2571 1633 2599 Dei
1655 2571 1742 2600 Filius
1758 2573 1793 2600 ad

1288 2607 1404 2634 homines
1427 2608 1543 2635 transiit.

1059 2653 1127 2681 Cum
1143 2654 1227 2689 igitur
1242 2653 1268 2680 in
1284 2657 1361 2681 tanto
1376 2654 1486 2681 malitiae
1503 2658 1653 2689 proventu,
1671 2655 1717 2690 qui
1733 2655 1810 2691 prius

1024 2699 1112 2735 angeli
1127 2699 1246 2735 praefecti
1260 2700 1388 2735 gentibus
1403 2700 1522 2732 fuerant,
1536 2701 1603 2728 nihil
1619 2703 1678 2731 suis
1693 2702 1811 2737 quisque

1023 2746 1118 2773 auxilii
1131 2746 1202 2774 ferre
1213 2752 1336 2782 possent,
1348 2753 1380 2774 ac
1388 2747 1525 2781 reliquum
1537 2747 1646 2783 quidem
1660 2755 1729 2784 opus
1743 2757 1810 2776 con-

1022 2791 1120 2820 ditoris
1144 2791 1193 2820 Dei
1224 2796 1368 2825 curarent,
1396 2794 1533 2829 certisque
1562 2795 1657 2823 mundi
1686 2796 1809 2831 partibus

1022 2842 1181 2873 praeessent,
1205 2842 1287 2874 atque
1302 2839 1424 2867 omnium
1442 2840 1531 2875 opifici
1547 2840 1613 2875 Deo,
1631 2841 1665 2869 de
1682 2850 1757 2869 more
1775 2843 1808 2869 ad
