2071 3219
260 176 312 206 275

596 177 732 206 EUSEBII
751 178 991 207 CAESARIENSIS
1010 178 1084 207 OPP.
1104 179 1204 208 PARS.
1222 180 1232 207 l
1253 195 1286 200 —
1304 178 1556 208 APOLOGETICA.

1834 178 1888 208 γε

262 241 358 264 nutum
373 239 474 272 pmsto
488 239 590 270 essent,
606 237 762 264 mortalium
777 245 841 264 vero
855 237 962 264 ruinam
978 245 1030 265 neu

1083 261 1084 266 η
1099 237 1326 273 διακονουμένων,
1343 238 1393 274 τῆς
1407 238 1435 265 δὲ
1449 239 1503 265 τῶν
1520 239 1625 274 θνητῶν
1642 238 1773 272 πτώσεως
1790 240 1821 266 ού
1838 249 1888 267 πε-

261 285 365 318 tiquam
382 283 627 319 apprehenderent.
644 287 756 318 propter
772 283 894 318 ipsorum
906 283 1047 310 hominum

263 330 289 356 in
310 330 391 358 malis
407 329 538 366 eligendis
561 330 674 357 liberam
699 333 874 365 potestatem.
901 329 1047 356 diuturnus

262 376 372 410 quidam
391 381 472 410 atque
491 376 698 404 immedicabilis
714 384 821 408 omnes,
834 376 879 411 qui
896 379 996 403 terram
1009 376 1048 402 in-

260 423 382 450 colt-rent
407 417 564 458 possidebat
593 423 715 453 morbus,
750 427 899 458 gentesque
928 423 1046 450 stimulis

260 468 327 495 alias
343 469 415 501 aliis,
439 470 500 496 mali
524 469 637 504 spiritus
658 470 685 497 in
702 469 787 496 furias
804 469 930 505 agebant,
946 470 1046 504 quibus

260 514 313 541 illa;
330 516 437 550 agitata:
456 515 483 542 in
495 515 661 550 profundum
676 515 837 543 insanabilis
860 516 970 542 malitia:
986 515 1046 542 vol-

260 561 401 588 vebantur.
414 561 472 589 Iam
482 563 554 590 enim
566 562 676 598 quidam
691 571 766 590 more
775 563 939 594 belluarum,
951 570 1011 597 quae
1019 566 1046 590 et

257 608 358 635 crudus
377 612 403 635 et
421 608 555 636 humanas
572 617 669 637 carnes
686 609 817 637 devorare
832 614 1044 640 consueverunt,

257 654 329 681 vesci
345 655 570 683 charissimorum
589 657 640 683 sibi
653 657 782 684 carnibus
795 656 939 692 pulchrum
951 657 1046 684 existi-

256 701 377 732 mabant,
399 703 529 736 onmique
550 703 653 737 pudore
675 703 790 737 abiecto,
811 707 839 730 et
856 703 1000 734 matribus,
1018 707 1045 730 et

255 747 404 780 sororibus,
427 753 454 775 et
476 748 582 777 tiliabus
606 750 793 781 commisceri,
817 753 898 784 atque
922 757 969 777 eos
997 751 1043 785 qui

254 794 464 822 consenuissent
495 796 682 831 strangulare,
716 799 742 823 et
777 800 900 823 mortuos
931 796 1044 823 canibus

253 840 464 875 rolucribusque
489 841 632 876 projicere.
659 841 719 869 Jam
737 849 801 869 vero
816 841 882 877 quid
905 842 954 869 tibi
969 850 1044 869 eom-

253 895 415 918 memorem,
447 894 474 915 et
503 888 621 916 maxime
651 888 780 920 deorum,
801 888 922 922 ipsorum
952 890 1044 923 utique

253 933 385 960 malorum
404 934 566 966 daemonum,
587 935 661 961 omni
676 934 835 961 crudelitate
851 937 932 969 atque
948 934 1041 960 imma-

252 979 338 1006 nitate
359 979 473 1008 refertas
493 980 624 1008 humanas
643 981 784 1012 victimas,
808 980 835 1007 in
852 988 920 1015 quas
940 980 1037 1007 buma-

252 1033 316 1051 num
328 1033 414 1060 genus
433 1026 554 1054 insanire
571 1027 731 1062 ccegerant?
757 1027 819 1054 llaec
845 1027 928 1062 igitur
950 1027 977 1054 in
993 1027 1036 1058 iis.

252 1078 312 1106 qua:
327 1080 396 1107 opus
413 1073 463 1100 lioc
475 1077 681 1101 antecesserunt
694 1074 766 1109 quod
781 1081 854 1101 nunc
868 1075 895 1101 in
911 1073 1037 1102 manibus

250 1121 302 1148 est,
323 1117 381 1153 ipse
397 1120 556 1154 prwparavi.
573 1119 679 1146 Etenim
696 1127 758 1147 cum
772 1123 811 1147 tot
827 1120 897 1147 mala
912 1127 927 1146 a
944 1120 1037 1155 perni-

249 1164 333 1192 ciosis
347 1170 374 1191 et
388 1166 480 1200 pravis
496 1166 649 1201 spiritibus,
669 1174 777 1194 necnon
794 1167 828 1194 ab
841 1174 884 1198 eo,
901 1167 948 1202 qui
961 1167 988 1194 in
1003 1167 1036 1194 iis

248 1211 333 1238 totius
346 1211 421 1239 orbis
429 1213 601 1248 tyrannidem
614 1217 773 1248 occuparat,
785 1213 924 1247 proposita
932 1218 1034 1246 essent,

249 1257 394 1291 nullusque
415 1265 508 1284 eorum
532 1258 691 1292 angelorum
709 1258 756 1292 qui
773 1258 893 1292 prmfecti
915 1257 1034 1291 fuerant,

249 1303 326 1330 malis
351 1303 494 1330 subvenire
522 1308 594 1330 esset
620 1304 749 1336 idoneus,
775 1305 872 1332 merito
895 1305 960 1331 illud
988 1304 1035 1332 Dei

251 1349 378 1382 Verbum,
396 1349 441 1376 ille.
455 1349 581 1376 Salvator
593 1351 723 1382 universi,
735 1351 848 1378 salutari
864 1355 931 1378 nutu
944 1350 1034 1380 Patris

248 1396 294 1431 qui
306 1396 417 1423 humani
429 1396 537 1432 generis
551 1401 591 1424 est
602 1397 817 1428 amantissimus,
832 1405 865 1424 ne
881 1397 931 1424 hoc
945 1398 1032 1432 ipsum

249 1443 285 1470 illi
300 1447 354 1470 tam
369 1443 482 1469 charum
499 1451 596 1478 genus,
613 1443 640 1470 in
656 1443 805 1478 impietatis
822 1443 957 1478 profundo
973 1452 1034 1471 ver-

247 1495 365 1521 saretur,
379 1493 457 1516 antea
477 1489 585 1524 quidem
602 1490 716 1524 exiguos
729 1489 872 1525 quosdam,
890 1493 971 1524 atque
985 1490 1033 1517 ob-

244 1543 342 1564 scuros
351 1536 466 1571 propriae
476 1536 545 1563 lucis
555 1535 656 1568 radios,
670 1544 717 1571 per
730 1536 888 1572 prophetam
901 1535 1031 1571 Moysem,

245 1590 348 1618 perque
364 1590 410 1610 eos
426 1581 473 1609 Dei
487 1582 592 1609 amicos
605 1582 689 1614 viros,
707 1582 753 1617 qui
769 1586 796 1610 et
817 1586 879 1610 ante
898 1582 986 1614 illum,
1004 1586 1030 1609 et
1053 1595 1056 1600 -

1100 284 1318 320 ριδρασσομένῳν
1333 284 1376 311 διὰ
1389 285 1437 320 τὴν
1455 285 1509 311 τῶν
1525 285 1616 312 κακῶν
1638 285 1814 313 αὺθεκούσιον
1833 287 1887 314 τῶν

1099 329 1248 365 ἀνθρώπων
1262 330 1378 366 αἵρεσιν,
1393 331 1486 367 μακρὰ
1497 339 1539 362 τις
1549 331 1596 358 καὶ
1606 331 1821 367 δυσθεράπευτος
1832 334 1886 360 τῶν

1098 376 1144 402 ἐπὶ
1155 377 1206 411 γῆς
1217 377 1343 403 ἁπάντων
1357 378 1519 413 κατεκράτει
1533 378 1620 410 νόσος,
1634 378 1721 405 ἄλλων
1734 378 1820 410 ἄλλως
1831 379 1884 404 τῶν

1098 422 1182 448 ἐθνῶν
1199 422 1251 449 ὑπὸ
1262 423 1316 449 τῶν
1328 423 1455 459 πονηρῶν
1468 424 1629 459 πνευμάτων
1641 423 1884 459 ὲξοιστρουμένων,

1097 469 1144 495 καὶ
1157 469 1196 501 εἰς
1213 470 1359 505 ἀνήκεστον
1375 469 1453 504 βυθὸν
1465 470 1563 502 κακίας
1580 470 1798 497 αποπιπτὸντων.
1814 469 1882 504 Ἤδη

1097 514 1161 548 γοῦν
1182 515 1336 550 ὼμοφάγων
1358 515 1405 542 καὶ
1425 515 1641 552 ἁνθρωποὸὀρων
1662 515 1764 551 Θηρίων
1783 515 1884 550 τρόπον

1097 561 1201 596 σάρκας
1214 561 1286 592 τινὲς
1297 561 1350 588 τῶν
1363 561 1498 596 φιλτάτων
1510 561 1648 589 θοινᾶσθαι
1659 562 1741 588 καλὸν
1755 561 1882 597 ἡγοῦντο,

1096 607 1142 632 καὶ
1160 607 1293 643 μητράσιν
1312 607 1434 644 ἀναίδην,
1455 608 1502 634 καὶ
1516 607 1653 642 ἀδελφαῖς,
1670 608 1716 634 καὶ
1732 608 1882 644 θυγατράσι

1097 653 1253 689 μίγνυσθαι,
1267 654 1368 689 ἀγχόνῃ
1386 663 1415 680 τε
1429 654 1599 690 περιϐάλλειν
1609 655 1671 686 τοὺς
1682 655 1881 690 γεγηρακότας,

1095 700 1141 726 καὶ
1153 700 1216 726 κυσὶ
1232 700 1278 726 καὶ
1293 701 1397 732 οἰωνοῖς
1409 701 1472 732 τοὺς
1484 700 1606 736 νεκρούς.
1624 700 1655 726 Τί
1672 700 1702 736 δή
1719 709 1759 726 σοι
1777 709 1882 736 μνημο-

1095 745 1243 781 νευσαίμην
1261 746 1316 772 τῶν
1331 746 1411 781 δῆθεν
1428 746 1507 778 θεῶν,
1531 746 1621 773 αὐτῶν
1642 746 1674 782 δὴ
1696 747 1752 772 τῶν
1771 747 1881 782 φαύλων

1094 791 1236 826 δαιμόνων,
1247 791 1296 823 τὰς
1308 792 1386 827 ὠμὰς
1394 792 1440 818 καὶ
1451 792 1582 823 ὲκτόπους
1591 792 1826 828 ἀνθρωποθυσίας,
1840 794 1880 825 είς

1093 837 1126 870 ἃς
1139 838 1170 864 τὸ
1186 837 1353 874 ἀνθρώπειον
1373 838 1450 872 γένος
1471 838 1619 874 ὲξέμηναν;
1638 839 1692 865 Καὶ
1707 839 1793 866 ταῦτα
1813 839 1882 874 γοῦν

1094 885 1123 911 ὲν
1146 887 1201 916 τοῖς
1219 884 1435 920 προηγουμένοις
1454 885 1504 920 τῆς
1526 886 1594 921 μετὰ
1613 887 1706 921 χεῖρας
1726 885 1880 918 ὑποθέσεως

1058 929 1080 958 Β
1094 930 1407 966 προπαρεσκευασάμην.
1424 930 1502 957 Ἀλλὰ
1512 931 1565 966 γὰρ
1578 930 1710 957 τοσούτων
1721 931 1813 956 κακῶν
1825 931 1880 958 ὑπὸ

1091 977 1145 1003 τῶν
1155 977 1264 1011 φαύλων
1277 977 1324 1003 καὶ
1338 976 1392 1003 τῶν
1408 976 1552 1012 μοχθηρῶν
1565 976 1737 1012 πνευμάτων,
1753 976 1800 1003 τοῦ
1814 976 1838 1002 τ’
1849 977 1878 1003 ἐν

1089 1023 1193 1055 τούτοις
1210 1024 1353 1058 τυράννου,
1373 1023 1433 1049 καθ’
1451 1023 1514 1058 ὅλης
1533 1023 1582 1058 τῆς
1598 1023 1759 1058 οἰκουμένης
1778 1022 1878 1058 προδε-

1089 1068 1243 1116 ῦλημένωνὶ
1260 1069 1305 1095 καὶ
1322 1068 1435 1104 μηδενὸς
1446 1068 1499 1095 τῶν
1511 1068 1670 1103 ἐφεστώτων
1683 1067 1805 1102 ἀγγέλων
1820 1067 1878 1094 οἵου

1088 1124 1116 1142 τε
1133 1115 1208 1147 ὗντος
1227 1115 1283 1146 τοῖς
1308 1116 1401 1146 κακοῖς
1418 1115 1578 1150 ἐπαμύνειν,
1601 1115 1713 1146 εἰκότως
1737 1116 1839 1146 ἐκεῖνος
1862 1115 1878 1141 ὁ

1087 1161 1153 1194 Θεὸς
1169 1162 1264 1196 Λόγος,
1281 1162 1296 1188 ὁ
1313 1161 1366 1188 τῶν
1379 1161 1447 1188 ὅλων
1461 1162 1567 1197 Σωτὴρ,
1588 1161 1682 1196 ἀγαθῷ
1699 1163 1813 1197 νεύματι
1827 1161 1878 1196 τῆς

1086 1207 1133 1234 τοῦ
1155 1208 1261 1244 Πατρὸς
1280 1207 1492 1243 φιλανθρωπίας.
1508 1207 1546 1239 ὡς
1560 1207 1592 1234 ἃν
1613 1208 1649 1243 μὴ
1667 1207 1698 1234 τὸ
1712 1208 1788 1242 φίλον
1801 1207 1878 1242 αὐτῷ

1087 1254 1164 1287 γένος
1175 1254 1203 1280 ἐν
1214 1253 1341 1284 ἀσεϐείας
1354 1252 1426 1288 βυθῷ
1436 1253 1594 1284 καλινδοῖτο,
1607 1253 1674 1285 τέως
1688 1253 1737 1288 μὲν
1746 1253 1876 1289 βραχείας

1085 1300 1162 1332 τινὰς
1177 1301 1224 1326 καὶ
1243 1299 1366 1336 ἀμυδρὰς
1378 1299 1425 1326 τοῦ
1439 1299 1504 1326 ἰδίου
1520 1300 1608 1334 φωτὸς
1619 1300 1740 1332 ἀκτῖνας,
1751 1299 1796 1326 διὰ
1809 1308 1877 1336 προ-

1085 1347 1170 1382 φήτου
1178 1347 1328 1378 Μωῡσέως,
1337 1346 1390 1372 τῶν
1402 1354 1430 1372 τε
1443 1346 1496 1381 πρὸ
1506 1345 1588 1372 αὑτοῦ
1602 1346 1647 1372 καὶ
1658 1345 1711 1372 τῶν
1724 1346 1782 1381 μετ’
1793 1345 1880 1372 αὐτὸν

1085 1392 1216 1427 θεοφιλῶν
1228 1392 1332 1428 ἀνδρῶν
1346 1391 1492 1427 ἐξέλαμπε,
1506 1392 1559 1418 τῶν
1573 1392 1601 1418 ὲν
1615 1391 1770 1427 ἀνθρώποις
1781 1391 1874 1418 κακῶν

1084 1438 1132 1473 τὴν
1149 1438 1220 1464 ἴασιν
1235 1439 1263 1464 ὲν
1282 1439 1343 1469 ταῖς
1357 1439 1443 1472 ἱεραῖς
1459 1438 1630 1474 νομοθεσίαις
1643 1437 1872 1473 προϐαλλόμενος.

1084 1485 1165 1519 Λέγει
1180 1485 1201 1511 δ’
1217 1483 1264 1511 οὖν
1285 1485 1412 1521 ἄντικρυς
1434 1484 1513 1516 αὐτὸς
1533 1485 1547 1510 ό
1566 1484 1651 1518 Λόγος
1672 1483 1710 1519 τῷ
1740 1483 1872 1519 Ἐϐραίων

1083 1531 1154 1558 ἔθνει
1168 1531 1320 1566 νομοθετῶν
1337 1530 1381 1557 διὰ
1397 1530 1545 1562 Μωῡσέωςο
1563 1539 1572 1556 ι
1588 1529 1667 1557 Κατὰ
1681 1529 1714 1556 τὰ
1731 1529 1874 1565 ἐπιτηδεύα

1086 1587 1158 1614 ματα
1169 1578 1217 1613 τῆς
1230 1577 1282 1613 γῆς
1294 1576 1442 1611 Αἰγύπτου,
1459 1577 1487 1603 ἐν
1530 1576 1709 1611 κατῳκήσατε
1721 1576 1764 1601 ἐπ’
1774 1575 1871 1610 αὐτῆς,

244 1634 306 1664 post
327 1629 402 1656 illum
420 1629 582 1660 ﬂoruerunt,
605 1628 706 1659 emisit,
723 1628 763 1656 sic
778 1631 873 1663 utique
888 1628 1028 1655 hominum

1083 1625 1114 1652 οὐ
1131 1625 1269 1660 ποιήσετε·
1285 1623 1411 1651 καὶκατὰ
1430 1623 1463 1649 τὰ
1477 1622 1679 1658 ἐπιτηδεύματα
1696 1622 1748 1657 γῆς
1762 1621 1871 1648 Χαναὰν

243 1676 323 1704 malis
339 1675 500 1708 remedium,
519 1675 547 1701 in
565 1675 747 1702 sacrosanctis
769 1674 875 1709 legibus
900 1673 1028 1702 alierens.

242 1722 361 1749 Proinde
376 1722 416 1749 sic
432 1722 511 1757 plane
529 1721 617 1756 ipsum
643 1720 689 1748 Dei
708 1720 837 1752 Verbum,
859 1720 892 1747 ad
916 1720 1030 1747 Hebrai-

241 1777 300 1796 cam
315 1773 421 1804 gentem
440 1767 516 1800 dicit,
541 1767 586 1794 ubi
614 1775 661 1802 per
684 1766 892 1802 Moysem-leges
912 1767 951 1794 illi
970 1766 1027 1798 dat,

194 1802 201 1811 ’
243 1802 326 1847 162—
346 1821 354 1837 ι
370 1811 520 1839 secundum
547 1811 672 1838 instituta
691 1815 770 1838 terra:
787 1811 897 1847 .‘Egypti
923 1811 950 1838 in
975 1819 1028 1846 qua

242 1858 397 1890 habitastis,
426 1865 480 1884 non
507 1856 612 1884 facietis
639 1866 646 1883 :
670 1859 696 1883 et
726 1856 876 1883 secundum
902 1856 1028 1883 instituta

241 1908 320 1929 terra:
333 1902 482 1933 Chanaan,
500 1902 533 1928 ad
549 1909 629 1936 quam
646 1909 696 1936 ego
714 1901 884 1928 introducam
901 1909 958 1932 vos.
974 1909 1027 1928 non

241 1948 348 1975 facietis
370 1957 377 1974 :
400 1953 426 1974 et
451 1948 477 1973 in
497 1947 600 1982 legibus
625 1946 733 1973 illorum
761 1953 815 1974 non
840 1947 1024 1974 ambulabitis.

239 1993 346 2020 Judicia
363 2000 422 2019 mea
440 1991 556 2025 facietis,
576 1997 603 2019 et
623 1997 757 2027 pnccepta
777 2000 836 2019 mea
856 1993 1002 2020 servabitis
1019 2003 1025 2020 :

239 2047 290 2074 ego
308 2047 368 2066 sum
384 2038 516 2066 Dominus
533 2038 605 2066 Deus
618 2042 709 2066 vester
721 2039 741 2066 ‘.
761 2047 770 2063 ι
790 2037 892 2066 Deinde
911 2039 956 2066 ubi
968 2047 1027 2066 om-

243 2085 287 2111 nia
302 2083 452 2115 interdixit,
469 2087 496 2110 et
512 2083 638 2111 infandas
659 2084 779 2119 nuptias,
802 2088 828 2111 et
842 2091 922 2111 omne
937 2085 1026 2120 impu-

239 2131 332 2158 dicum
354 2130 471 2162 facinus,
489 2137 522 2156 ne
541 2129 647 2156 feminae
677 2137 740 2156 cum
762 2129 881 2162 feminis,
903 2138 1026 2159 maresre

238 2185 300 2204 cum
319 2175 441 2202 maribus
461 2166 651 2207 miscerentur,
671 2175 792 2211 adiungit
811 2185 816 2202 :
836 2185 845 2200 ‹
863 2175 901 2204 Ne
918 2177 1024 2211 pollua-

238 2225 304 2252 mini
324 2225 350 2250 in
366 2220 493 2250 omnibus
510 2223 562 2250 his.
578 2223 645 2250 Nam
665 2224 692 2249 in
709 2223 838 2250 omnibus
854 2223 898 2250 Itis
914 2224 1024 2258 pollutze

238 2274 303 2298 sunt
319 2274 423 2306 gentes,
445 2278 514 2304 quas
537 2278 586 2304 ego
601 2270 733 2304 expellam
751 2277 766 2296 a
782 2269 850 2297 facie
864 2273 955 2297 vestra
972 2279 978 2296 :
996 2274 1024 2297 et

1080 1671 1120 1702 εἰς
1141 1670 1174 1705 ἣν
1190 1668 1244 1703 ἐγὼ
1262 1669 1366 1703 εἰσάγω
1385 1669 1467 1704 ὑμᾶς,
1493 1670 1551 1695 ἐκεῖ
1565 1669 1595 1694 οὐ
1614 1668 1756 1704 ποιήσετε·
1780 1667 1828 1694 καὶ
1842 1668 1871 1694 ἐν

1080 1719 1135 1748 τοῖς
1154 1716 1246 1751 νόμοις
1269 1715 1357 1742 αὐτῶν
1376 1716 1406 1741 οὺ
1426 1714 1601 1750 πορεύσεσθε.
1620 1714 1659 1741 Τὰ
1677 1714 1799 1750 κρίματα
1819 1723 1870 1750 μου

1080 1764 1219 1799 ποιήσετε,
1245 1763 1292 1789 καὶ
1314 1762 1349 1788 τὰ
1372 1761 1571 1798 προστάγματά
1589 1770 1639 1796 μου
1655 1759 1801 1795 φυλάξετε·
1815 1759 1871 1794 ἐγὼ

1080 1811 1102 1836 εἰ
1107 1810 1137 1845 μὶ
1152 1809 1253 1844 Κύριος
1264 1810 1278 1835 ὀ
1291 1809 1357 1840 Θεὸς
1371 1807 1458 1844 ὑμῶν.
1478 1818 1486 1833 ι
1500 1805 1566 1834 Εἶτα
1582 1808 1668 1834 πάντα
1679 1806 1874 1842 ἀπαγορεύσας

1079 1856 1207 1892 ἀθέμιτον
1224 1855 1322 1890 γάμον,
1338 1855 1385 1880 καὶ
1399 1855 1487 1880 πᾶσαν
1501 1854 1642 1888 ἀσχήμονα
1657 1853 1766 1889 πρᾶξιν,
1780 1861 1872 1886 γυναι-

1079 1903 1135 1929 κῶν
1156 1910 1185 1928 τε
1211 1902 1278 1937 πρὸς
1299 1902 1446 1935 γυναῖκας,
1465 1901 1511 1926 καὶ
1528 1899 1649 1935 ἁρρἐων
1666 1899 1734 1934 πρὸς
1751 1899 1868 1934 ἄρρενας

1081 1949 1178 1984 μίξεις,
1193 1948 1323 1982 ἐπιλέγειο
1340 1957 1348 1972 ι
1361 1947 1407 1982 Μὴ
1421 1945 1558 1982 μιαίνεσοε
1570 1947 1599 1972 ὲν
1610 1946 1677 1972 πᾶσι
1690 1944 1804 1976 τούτοις.
1824 1944 1870 1970 Ἐν

1078 1995 1145 2021 πᾶσι
1162 1995 1216 2030 γὰρ
1230 1993 1334 2025 τούτοις
1349 1993 1516 2028 ὲμιάνθησαν
1530 1991 1564 2018 τὰ
1578 1991 1651 2027 ἔθνη,
1665 1991 1683 2018 ἃ
1697 1991 1751 2025 ἐγὼ
1767 1991 1867 2023 ἐξαπο-

1079 2041 1163 2068 στελῶ
1176 2041 1227 2077 πρὸ
1243 2039 1478 2076 πφσὼπουλὺμῶν
1488 2048 1494 2053 ·
1517 2039 1563 2065 καὶ
1574 2037 1720 2072 ὲξεμιάνθη
1733 2037 1749 2072 ἡ
1760 2037 1806 2072 γῆ.
1819 2036 1868 2063 καὶ

1078 2087 1257 2114 ἀνταπέδωκα
1280 2085 1386 2112 ἀδικίαν
1408 2085 1490 2120 αὐτῇ·
1516 2085 1562 2111 καὶ
1580 2083 1767 2120 προσώχθισεν
1789 2084 1806 2118 ή
1830 2083 1866 2119 γῆ

1077 2136 1133 2165 τοῖς
1157 2133 1354 2168 ὲγκαθημένοις
1377 2133 1422 2158 ἐπ’
1443 2131 1538 2166 αὐτῆς.
1561 2141 1570 2156 ι
1590 2131 1645 2158 Καὶ
1669 2130 1750 2157 πάλιν
1772 2130 1865 2165 φησίν·

1079 2191 1088 2205 «
1113 2180 1175 2206 Ἐὰν
1190 2179 1217 2205 δὲ
1235 2179 1266 2205 σὺ
1282 2177 1404 2214 εἰσέλθῃς
1419 2179 1459 2209 εἰς
1473 2178 1522 2213 τὴν
1534 2177 1596 2212 γῆν,
1611 2177 1645 2212 ἣν
1661 2176 1763 2212 Κύριος
1776 2176 1790 2202 6
1800 2175 1868 2207 Θεός

1078 2235 1123 2253 σου
1138 2226 1228 2252 δίδωσί
1246 2234 1297 2257 σοι,
1313 2225 1342 2251 οὺ
1361 2223 1398 2260 μὴ
1413 2224 1522 2260 μαθήσῃ
1537 2225 1624 2250 ποιεῖν
1636 2222 1707 2249 κατὰ
1722 2223 1756 2249 τὰ
1773 2221 1866 2257 βδελύ-

1076 2281 1169 2308 γματα
1187 2271 1241 2297 τῶν
1263 2270 1348 2297 ἐθνῶν
1363 2269 1484 2296 ἐκείνων·
1503 2269 1554 2304 ούχ
1576 2269 1751 2304 εὑρεθήσεται
1774 2268 1803 2308 ἐν
1824 2267 1867 2294 σοὶ

237 2304 338 2353 polluta
364 2320 403 2344 est
429 2320 515 2348 terra,
538 2320 564 2342 et
590 2315 701 2342 retrilmi
726 2315 887 2349 injustitiam
913 2315 976 2343 illi:
997 2320 1023 2342 ct

1083 2318 1214 2353 ιαθαίρων
1231 2317 1276 2343 τὸν
1291 2316 1347 2343 υἱὸν
1363 2314 1456 2346 αὑτοῦ,
1475 2315 1491 2350 ἦ
1513 2315 1562 2350 τὴν
1584 2313 1722 2350 θυγατέρα
1741 2304 1822 2340 αὑτοῦ
1835 2314 1866 2339 ὲν

235 2364 392 2391 abominata
417 2367 459 2390 est
485 2368 556 2390 terra
575 2363 702 2390 sedentes
719 2362 746 2389 in
767 2363 825 2397 ipsa
838 2363 860 2390 ‘.
883 2372 891 2388 I
909 2362 941 2389 Et
959 2363 1023 2389 alibi

236 2419 332 2438 rursus
349 2409 416 2436 dicit
432 2419 439 2437 :
458 2419 467 2435 ι
483 2409 551 2437 Cum
575 2416 639 2436 vero
661 2410 803 2444 ingressus
821 2409 906 2436 fueris
923 2409 950 2435 in
969 2413 1024 2435 ter-

237 2465 293 2483 ram
309 2465 390 2491 quam
413 2456 544 2483 Dominus
562 2455 632 2483 Deus
648 2459 711 2482 tuus
724 2455 770 2481 dat
786 2455 846 2487 tibi,
864 2463 919 2482 non
934 2454 1023 2482 disces

236 2503 325 2530 facere
343 2502 494 2530 secundum
510 2502 727 2529 abominationes
745 2501 866 2536 gentium
884 2500 991 2526 illarum
1014 2510 1020 2526 :

234 2557 288 2575 non
307 2548 465 2575 invenietur
479 2547 506 2574 ili
527 2552 554 2574 te
569 2547 614 2582 qui
641 2548 738 2573 lustret
759 2546 843 2573 lilium
867 2554 947 2573 suum
975 2549 1022 2572 aut

234 2595 316 2621 tiliam
341 2601 417 2621 suam
446 2595 472 2620 in
501 2594 575 2628 igne,
605 2593 732 2620 divinans
757 2593 951 2624 divinationes,
976 2598 1022 2619 aut

234 2640 366 2671 hariolus,
390 2644 436 2666 aut
451 2648 548 2675 augur,
565 2641 711 2672 reuelicns,
729 2639 892 2671 iucantator,
921 2639 1019 2674 pytho-

233 2686 294 2712 nica
319 2686 426 2717 mulier,
455 2685 640 2720 prodigiorum
667 2686 816 2719 in~pcctor,
833 2689 879 2711 aut
893 2686 938 2720 qui
957 2694 1019 2720 per-

232 2735 359 2757 r'mtletttr
384 2735 531 2757 mortuos:
554 2735 596 2757 est
619 2733 691 2758 enim
715 2731 882 2758 abominatio
904 2731 1019 2759 Domino

233 2777 288 2803 Duo
305 2784 361 2803 uno
377 2777 466 2804 omnis
487 2777 532 2810 qui
557 2776 621 2803 facit
645 2777 700 2804 lucc
738 2777 803 2804 Nam
821 2782 932 2812 propter
951 2778 1018 2804 istas

233 2823 462 2853 abominationes,
487 2822 619 2849 Dominus
643 2823 714 2851 lli-us
732 2829 796 2851 tuus
811 2824 912 2851 delebit
931 2824 991 2852 illos
1003 2832 1018 2850 a

270 2901 277 2914 ‘
293 2899 377 2927 Lavit.
401 2908 479 2932 mit,
492 2900 518 2931 5,
539 2901 559 2927 i.
599 2901 746 2933 51bit“,
765 2902 809 2928 '23.

1073 2364 1154 2399 πυρὶ,
1178 2362 1376 2399 μαντευόμενος
1399 2360 1537 2396 μαντείας,
1563 2359 1610 2386 καὶ
1631 2359 1865 2395 κλῃδονιζόμενος,

1072 2409 1324 2444 καὶοίωνιςόμενος,
1335 2407 1489 2443 φαρμακὺς,
1503 2406 1619 2441 ἐπᾴδων,
1634 2403 1864 2440 ἐγγαστρίμυθος,

1072 2455 1119 2481 καὶ
1131 2453 1341 2490 τερατοσκόπος,
1353 2453 1400 2478 καὶ
1413 2450 1558 2486 ἐπερωτῶν
1569 2451 1632 2481 τοὺς
1645 2449 1768 2485 νεκρούς.
1785 2450 1867 2476 Ἔστι·

1072 2501 1126 2537 γὰρ
1144 2501 1280 2536 βδέλυγμα
1297 2499 1390 2535 Κυρίῳ
1405 2498 1443 2534 τῷ
1459 2497 1518 2533 Θεῷ
1536 2506 1581 2523 σου
1598 2497 1650 2528 πᾶς
1667 2496 1750 2522 ποιῶν
1765 2495 1862 2522 ταῦτα.

1075 2548 1175 2574 Ἕνεκα
1191 2547 1244 2581 γὰρ
1258 2546 1312 2572 τῶν
1328 2544 1518 2580 βδελυγμάτων
1533 2543 1634 2569 τούτων
1651 2542 1752 2578 Κύριος
1767 2543 1781 2568 ὁ
1796 2541 1864 2573 Θεός

1074 2603 1119 2620 σου
1138 2592 1321 2627 ὲξολοθρεύσει
1339 2592 1437 2622 αὐτοὺς
1455 2590 1507 2616 ἀπὸ
1521 2589 1666 2625 προσώπου
1682 2597 1738 2615 σου.
1755 2588 1862 2619 Τέλειος

1073 2639 1122 2675 ἔσῃ
1136 2639 1254 2665 ἐναντίον
1267 2637 1366 2672 Κυρίου
1377 2636 1423 2662 τοῦ
1435 2635 1502 2662 Θεοῦ
1521 2643 1578 2661 σου.
1596 2645 1604 2659 ι
1618 2634 1737 2660 Τοιαῦτα
1753 2634 1802 2669 μὲν
1815 2633 1863 2661 καὶ

1074 2687 1157 2722 μυρία
1173 2685 1239 2711 ἄλλα
1251 2683 1363 2718 θεοσεϐῆ
1378 2682 1529 2717 διδάγματά
1540 2690 1568 2707 τε
1584 2682 1630 2708 καὶ
1645 2679 1862 2715 παραγγέλματα

1072 2732 1115 2758 διὰ
1128 2731 1267 2762 Μωῦσέως
1282 2731 1372 2760 αὐτοῖς
1382 2729 1396 2754 ὁ
1405 2728 1471 2759 Θεὸς
1482 2729 1566 2761 Λόγος
1578 2727 1608 2752 τὸ
1619 2727 1683 2763 πρὶν
1695 2725 1860 2761 ἐνομοθέτει.

1072 2779 1109 2809 ὡς
1126 2779 1154 2804 ἐν
1171 2778 1335 2811 εἰσαγωγαῖς
1352 2776 1398 2803 τού
1416 2775 1486 2803 κατὰ
1505 2775 1646 2801 εὐσέϐειαν
1669 2774 1726 2808 βίου
1744 2772 1861 2809 παραδι-

1072 2823 1132 2854 δοὺς
1147 2823 1238 2854 αὐτοῖς
1254 2823 1382 2858 στοιχεῖα,
1406 2821 1450 2848 διὰ
1467 2821 1600 2856 συμϐόλου
1618 2819 1663 2846 καί
1684 2828 1756 2851 τινος
1779 2818 1862 2846 σκιώ-
