2071 3219
211 169 265 196 277

675 166 1002 196 ΒΕΜΟΝΞΤΚΔΤΙΟΧΚΞ
1023 166 1249 194 ΕΥᾹΝΟΕΜΟΑΞ
1266 165 1329 193 LIB.
1350 165 1394 192 IV.

1783 164 1838 192 27.3

210 229 274 260 δους
289 229 336 256 καὶ
349 228 507 264 σωματικῆς
525 227 650 263 λατρείας
670 229 699 254 ὲν
716 227 840 262 σώματος
855 227 986 261 περιτομῇ

1053 226 1121 254 faeie
1144 230 1214 252 tua:
1240 224 1376 260 perfectus
1405 223 1460 250 eris
1492 222 1518 249 in
1552 227 1700 256 conspectu
1732 221 1838 249 Domini

209 276 258 302 καί
275 284 356 302 τινων
373 275 460 302 ἄλλων
481 273 695 309 τοιουτοτρόπων
713 274 758 301 ἐπὶ
778 275 827 308 τῆς
840 274 892 308 γῆς
908 283 1001 300 συντε-

208 321 358 357 λουμένων·
375 321 413 353 ὡς
424 320 462 353 δὲ,
476 319 523 347 τοῦ
539 320 634 356 χρόνου
653 320 803 355 προϊόντος,
821 320 896 347 οὐδὲν
910 319 1001 346 τοσοῦ-

207 376 256 395 τον
271 368 319 394 καὶ¹
333 367 387 394 τῶν
404 367 462 402 μετ’
476 367 557 393 αὐτὸν
570 366 717 403 προφητῶν
733 367 772 398 εἰς
782 366 876 392 ἄκεσιν
887 366 940 392 τῶν
952 366 999 392 τοῦ

209 413 268 448 βίου
288 412 381 439 κακῶν
395 412 428 438 δι’
445 411 596 447 ὑπερϐολὴν
611 411 710 442 κακίας
726 411 844 441 ἔσθενεν,
860 410 957 446 ἤλαυνέ
970 420 998 437 τε

207 459 344 496 ὁσημέραι
357 460 398 490 είς
414 459 524 494 μείζονα
543 458 578 484 τὰ
597 458 648 493 τῆς
668 458 828 493 δαιμονικῆς
849 457 998 492 ἐνεργείας,

208 505 248 538 ὡς
261 506 309 533 καὶ
325 505 390 533 αὐτὸ
403 505 434 531 τὸ
453 504 585 540 Ἑϐραίων
595 503 670 535 ἔθνος
683 505 716 539 τῇ
731 503 785 529 τῶν
794 503 881 530 ἀθέων
894 512 999 530 συναπ-

207 552 326 587 αχθῆναι
346 551 442 587 φθορᾷ·
464 551 546 582 αὐτὸς
564 550 615 586 ἤδη
634 550 726 577 λοιπον
758 551 772 576 ὁ
790 550 885 586 Σωτὴρ
898 551 944 576 καὶ
959 550 999 576 ία-

206 598 273 633 τρὸς
293 597 347 624 τῶν
368 597 435 624 ὅλων
460 597 582 623 κάτεισιν
609 597 648 629 είς
673 596 842 632 ἀνθρώπους,
870 597 916 624 καὶ
943 598 999 629 τοῖς

205 643 319 675 οἰκείοις
339 642 465 678 ἀγγέλοις
490 643 637 678 ὲπαμύνων
659 643 730 678 ὑπὲρ
752 643 802 678 τῆς
821 643 875 670 τῶν
893 643 998 678 ἀνθρώ-

205 698 266 717 πων
284 691 430 726 σωτηρίας,
456 689 529 717 τοῦτ’
541 690 616 726 αὐτῷ
634 689 680 717 τοῦ
700 690 806 725 Πατρὺς
827 690 997 725 δωρήσεσθαι

205 736 466 772 προῦποσχομένου,
506 736 648 772 ώσπεροῦν
691 737 772 768 αὐτὸς
807 738 836 763 ἐν
874 738 998 773 Ψαλμοῖς

203 783 327 810 διδάσκει
348 783 444 817 λέγων·
478 791 487 808 α
504 782 604 818 Κύριος
620 781 680 808 εἷπε
701 783 770 818 πρὸς
789 783 836 818 μὲ-
860 783 923 814 Υίός
946 792 997 818 μου

203 827 230 856 εἶ
251 830 295 862 σὺ,
319 829 374 864 ἐγὼ
394 831 513 866 σήμερον
541 829 695 865 γεγέννηκά
723 838 762 856 σε.
790 829 903 865 Αἴτησαι
933 831 996 865 παρ’

203 875 288 912 ἐμοῦ,
319 877 365 904 καὶ
394 876 472 903 δώσω
503 885 544 903 σοι
570 875 634 912 ἔθνη
656 876 704 912 τὴν
728 876 910 912 κληρονομίαν
932 885 995 909 σου,

203 923 251 950 καὶ
278 923 327 959 τὴν
355 923 520 958 κατάσχεσιν
551 931 597 949 σου
627 923 661 949 τὰ
691 923 797 958 πέρατα
825 924 875 958 τῆς
899 923 961 958 γῆς.
983 933 992 948 ι

203 969 303 996 Οὐκέτι
337 969 403 1004 γοῦν
437 969 516 1005 μόνον
548 969 594 996 τὸν
625 969 728 995 δίκαιον
762 969 808 996 καὶ
841 969 994 1005 διορατικὸν

209 1015 330 1050 Ἰσραὴλ,
351 1014 412 1042 οὐδὲ
434 1023 466 1049 γε
489 1015 570 1050 μόνον
592 1014 637 1041 τὸν
656 1016 754 1042 οἰκεῖον
773 1015 885 1051 κλῆρον,
906 1016 995 1042 πάντα

202 1060 232 1087 δὲ
253 1060 287 1087 τά
303 1062 349 1087 ἐπὶ
367 1061 418 1096 γῆς
435 1061 514 1096 ἔθνη,
529 1061 564 1087 τὰ
579 1062 711 1097 πρότερον
727 1061 847 1088 πλείοσιν
869 1061 994 1095 ἀγγέλοις

202 1106 410 1143 κεκληρωμένα,
432 1108 480 1134 καὶ
500 1107 640 1139 παντοίαις
666 1107 804 1139 ἀσεϐείαις
836 1107 995 1142 κεκαλινδη-

202 1153 285 1188 μένα,
303 1152 355 1178 ὑπὸ
372 1152 422 1188 τὴν
441 1151 546 1179 οῑκείαν
571 1151 713 1178 ὑποϐαλὼν
741 1151 876 1183 ἐξουσίαν,
902 1151 994 1186 παρῆν

199 1200 258 1230 τοῖς
279 1199 346 1226 πᾶσι
368 1199 418 1234 τὴν
442 1199 510 1235 πρὸς
532 1199 577 1225 τὸν
605 1198 688 1225 αὑτοῦ
714 1198 823 1233 Πατέρα
842 1197 942 1232 γνῶσίν
963 1205 992 1223 τε

201 1243 251 1270 καὶ
275 1242 669 1280 φιλίανιέπικηρυκευόμενος,
689 1243 765 1270 λύσιν
784 1252 814 1270 τε
835 1244 882 1270 καὶ
896 1243 993 1278 ἄφεσιν

199 1287 255 1315 τῶν
276 1289 340 1324 πρὶν
359 1289 541 1324 ἀγνοημάτων
558 1291 606 1316 καὶ
623 1289 828 1325 ἁμαρτημάτων
849 1289 993 1324 ὑπισχνού-

201 1342 294 1368 μενος,
311 1334 326 1360 ὃ
342 1335 389 1360 καὶ
416 1335 509 1369 σαφῶς
535 1335 668 1370 ἐκήρυττε
694 1335 796 1369 λέγων·
816 1344 824 1360 ι
841 1335 879 1361 Οὺ
896 1335 992 1370 χρείαν

198 1378 309 1414 ἔχουσιν
331 1381 356 1406 οί
381 1380 518 1416 ἰσχύοντες
542 1380 650 1416 ἰατροῦ,
671 1380 738 1407 ἀλλὰ
761 1381 786 1407 οἱ
809 1380 902 1412 κακῶς
919 1380 992 1415 ἔχον-

198 1431 262 1456 τες”
280 1425 330 1451 οὐκ
345 1423 428 1461 ἦλθον
448 1426 560 1453 καλέσαι
578 1426 716 1458 δικαίους,
742 1426 799 1453 ἀλλ’
814 1427 992 1462 ἁμαρτωλοὺς

198 1470 240 1501 είς
257 1471 413 1505 μετάνοιαν.
431 1481 439 1498 ι
470 1471 525 1498 Καὶ
547 1472 579 1507 δὴ
596 1473 686 1508 παρῆν
703 1473 759 1504 τοῖς
779 1473 889 1505 οἰκείοις
910 1473 992 1507 ἀγγέ-

197 1514 255 1547 λοις
265 1535 272 1548 ,
289 1516 379 1548 αὐτοῖς
395 1517 429 1554 δὴ
446 1518 502 1549 τοῖς
518 1517 581 1552 πρὶν
597 1516 730 1551 ἐφεστῶσι
742 1517 796 1545 τῶν
816 1517 910 1549 ὲονῶν,
930 1518 991 1544 ἐπι-

198 1561 405 1597 θεωρούμενος·
429 1563 454 1589 οί
473 1562 516 1594 δὲ,
541 1562 640 1589 αὐτίκα
660 1562 704 1588 τὸν
727 1564 801 1597 σφῶν
825 1563 919 1598 βοηθὸν
944 1564 991 1589 καὶ

197 1607 301 1644 Κύριον
326 1606 356 1635 εὖ
382 1609 454 1644 μάλα
479 1609 601 1645 ἀκριϐῶς
628 1610 800 1644 ἐπιγνόντες,
830 1611 989 1645 περιχαρεῖς

197 1653 351 1689 προσῆλθον
377 1654 424 1681 καὶ
449 1654 590 1691 διηκόνουν
617 1655 700 1690 αὐτῷ,
723 1655 846 1691 ὥσπερὴ
866 1656 926 1692 ίερὰ
942 1657 988 1683 τοῦ

196 1697 366 1732 Εὑαγγελίου
383 1699 503 1727 διδάσκει
520 1700 625 1736 Γραφὴ,
644 1701 714 1727 «Καὶ
737 1701 889 1737 προσῆλθον
912 1703 990 1736 ἅγγε-

197 1744 250 1777 λοι,
266 1745 314 1772 καὶ
331 1745 470 1780 διηκόνουν
484 1746 569 1781 αὐτῷ,
584 1756 592 1772 ι
616 1748 741 1782 φήσασα·
764 1748 808 1774 ὅτε
825 1749 870 1775 καί
889 1748 989 1784 πλῆθος

196 1791 328 1826 στρατιᾶς
344 1791 469 1827 οὐρανίου
486 1792 633 1820 αἰνούντων
647 1793 692 1819 τὸν
703 1793 767 1819 Θεὸν
784 1793 886 1828 ἔλεγον,
906 1793 988 1825 «Δόξα

195 1836 226 1862 ὲν
241 1835 364 1870 ὑψίστοις
377 1836 446 1871 Θεῷ,
462 1838 508 1863 καὶ
529 1838 575 1864 ἐπὶ
588 1838 640 1873 γῆς
654 1839 765 1874 είρήνη,
786 1839 815 1865 ἐν
834 1839 988 1874 ἀνθρώποις

194 1881 316 1909 εὐδοκία.
339 1892 350 1909 ι
385 1883 502 1915 Τούτους
526 1884 575 1918 μὲν
593 1882 640 1910 οὖν
659 1885 695 1916 ὡς
719 1885 835 1917 οἰκείους
855 1884 987 1919 ἀγγέλους

193 1927 245 1964 τῆς
260 1927 344 1955 αὐτοῦ
367 1928 520 1964 δεομένους·
535 1930 693 1966 συμμαχίας
710 1930 795 1966 ταύτῃ
816 1940 854 1966 πη
870 1931 988 1966 ἀνελάμ-

193 1974 280 2002 ϐανεσ
304 1976 368 2007 τοὺς
386 1975 415 2002 δέ
438 1984 470 2010 γε
492 1976 576 2004 πάλαι
598 1977 669 2013 ἀμφὶ
689 1977 739 2009 τὰς
761 1977 911 2013 ἀνθρώπων
928 1978 987 2005 δια-

192 2021 292 2057 τριϐὰς
316 2022 509 2058 πωτωμένους,
535 2023 646 2058 ἀφανῶς
668 2032 696 2049 τε
720 2024 765 2050 καὶ
788 2024 915 2059 ἐμφανῶς
933 2025 987 2052 τῶν

193 2067 241 2094 ἐπὶ
268 2067 322 2102 γῆς
349 2067 631 2102 κᾳταδυναστεύοντας
661 2069 790 2104 δαίμονας
818 2070 985 2106 ἀλιτηρίους,

192 2112 241 2138 καὶ
256 2111 420 2148 πνευμάτων
436 2112 538 2148 ἀγρίων
559 2113 604 2139 καὶ
620 2113 731 2147 ἀπηνὼν
748 2113 828 2148 γένη,
847 2113 893 2140 τόν
914 2122 943 2139 τε
957 2115 986 2140 εν

190 2157 299 2190 τούτοις
321 2158 372 2193 τῆς
395 2159 494 2190 κακίας
519 2158 681 2194 ἐξάρχοντα,
705 2159 751 2185 τὸν
774 2159 858 2186 δεινὸν
883 2160 985 2186 ἐκεῖνον

191 2203 240 2231 καὶ
262 2204 401 2240 ἀλάστορα
419 2204 524 2241 μεγάλῃ
551 2205 598 2232 καὶ
623 2205 706 2240 ὲνθὲῳ
727 2205 841 2240 δυνάμει
868 2206 985 2241 τροπού-

1051 271 1098 297 Dei
1123 271 1194 297 tui”.
1215 279 1224 295 ι
1257 269 1320 296 Haec
1349 267 1469 302 quidem,
1499 266 1606 301 aliaque
1629 265 1839 292 innumerabilia

1051 315 1189 351 religionis
1225 315 1389 342 documenta
1421 317 1448 340 et
1475 316 1619 347 pracepta,
1648 319 1695 346 per
1719 310 1838 346 Moysem

1050 362 1104 388 illis
1122 361 1193 388 Deus
1208 360 1338 392 Verbum,
1359 363 1438 386 antea
1467 359 1493 386 in
1523 358 1627 392 legibus
1643 357 1735 388 dabat,
1758 362 1840 391 atque

1051 412 1080 435 ut
1107 408 1134 434 in
1164 407 1326 434 rudimentis
1348 406 1406 433 ﬁeri
1437 405 1517 436 solet,
1544 404 1679 438 religiosa:
1703 403 1757 430 illis
1777 402 1840 429 vitae

1049 454 1193 485 elementa,
1219 461 1267 489 per
1287 453 1364 487 signa
1391 455 1418 478 et
1434 450 1604 478 umbratilem
1619 449 1765 484 quamdam
1782 456 1840 475 eor-

1050 500 1225 536 poralemque
1262 498 1447 526 aderationem
1489 497 1516 523 in
1557 496 1681 530 corporis
1720 495 1838 521 circum-

1049 546 1169 579 cisione,
1197 552 1299 580 perque
1332 544 1384 571 alia
1410 542 1534 578 qumdam
1567 541 1702 576 ejusmodi
1724 549 1785 576 quae
1809 541 1838 567 in

1049 596 1122 619 terra
1152 590 1351 621 coniiciuntur,
1381 589 1505 616 tradebat
1531 599 1537 616 :
1560 596 1622 616 cum
1645 595 1710 617 vero
1740 594 1838 622 proce-

1049 637 1130 665 dente
1146 640 1269 670 tempore
1283 635 1375 662 nullus
1390 639 1444 661 tam
1466 638 1573 669 potens.
1592 643 1626 662 ne
1642 634 1837 669 prophetarum

1049 683 1159 719 quidem
1190 684 1236 718 qui
1261 687 1322 718 post
1349 682 1424 709 illum
1453 681 1620 712 exstiterint,
1637 685 1666 707 ut
1686 679 1836 707 remedium

1049 729 1129 757 malis
1156 729 1218 756 vita:
1245 728 1363 760 allerret,
1388 728 1423 755 ob
1449 728 1530 756 nimis
1553 726 1736 754 abundantem
1758 725 1837 751 mali-

1049 776 1131 808 tiam,
1163 779 1235 803 esset
1261 785 1271 805 ε,
1291 783 1322 802 ac
1348 775 1497 802 daemonica
1517 773 1636 801 eﬂicacia
1658 772 1780 808 quotidie
1807 771 1835 798 in

1050 823 1138 857 majus
1151 823 1312 857 impelleret.
1329 829 1416 856 usque
1433 821 1502 848 adeo
1526 824 1556 848 ut
1569 820 1627 856 ipsa
1644 827 1752 855 quoque
1783 818 1837 846 He-

1049 868 1141 895 braica
1165 876 1248 904 gens,
1278 868 1372 895 eadem
1402 875 1465 894 cum
1497 867 1588 902 impiis
1611 865 1762 901 perditione
1791 873 1836 891 ra—

1048 918 1158 949 peretur
1177 924 1184 942 :
1205 919 1261 942 tum
1279 914 1397 949 denique
1418 913 1544 941 Salvator
1571 922 1603 940 ac
1630 913 1753 940 medicus
1773 912 1836 938 uni-

1047 963 1117 989 versi
1140 961 1281 988 descendit
1302 961 1337 987 ad
1363 960 1498 993 homines,
1531 964 1560 988 ut
1586 960 1628 987 vel
1655 959 1759 994 angelis
1777 958 1835 986 suis

1046 1015 1095 1043 pro
1116 1008 1256 1034 hominum
1278 1007 1366 1035 salute
1388 1014 1466 1042 opem
1485 1006 1579 1038 ferret,
1601 1014 1664 1032 cum
1682 1005 1733 1032 hoc
1751 1005 1788 1031 illi
1805 1012 1835 1031 se

1046 1054 1205 1089 largiturum
1218 1053 1298 1080 Pater
1306 1057 1384 1080 antea
1394 1053 1576 1087 promisisset,
1588 1055 1614 1079 et
1622 1052 1730 1086 quidem
1742 1059 1835 1086 quem-

1045 1100 1190 1127 admodum
1205 1100 1262 1134 ipse
1277 1100 1302 1126 in
1317 1099 1432 1126 Psalmis
1443 1099 1533 1131 docet,
1550 1098 1595 1125 ubi
1608 1098 1646 1124 ait
1660 1107 1665 1124 :
1679 1107 1688 1122 ι
1702 1097 1833 1124 Dominus

1044 1146 1112 1173 dixit
1129 1146 1161 1173 ad
1178 1154 1236 1173 me:
1252 1144 1339 1172 Filius
1349 1152 1425 1172 meus
1438 1152 1468 1172 es
1483 1149 1523 1176 tu,
1538 1151 1588 1179 ego
1604 1143 1683 1170 hodie
1697 1143 1779 1178 genui
1795 1147 1831 1170 te.

1044 1192 1155 1219 Postula
1179 1199 1194 1218 a
1218 1199 1272 1224 me,
1299 1197 1325 1219 et
1348 1191 1420 1218 dabo
1447 1190 1497 1218 tibi
1524 1193 1618 1225 gentes
1645 1189 1831 1217 hereditatem

1044 1243 1135 1270 tuom,
1153 1242 1180 1265 et
1201 1237 1402 1273 possessionem
1427 1241 1503 1263 tuam
1524 1237 1655 1264 terminos
1684 1240 1763 1264 terra:
1776 1235 1798 1263 ".
1821 1246 1830 1260 ι

1046 1283 1122 1320 163
1140 1282 1198 1311 Non
1212 1283 1294 1318 igitur
1314 1283 1358 1310 ille
1375 1283 1491 1318 amplius
1516 1287 1543 1310 ut
1564 1290 1626 1310 eum
1645 1283 1733 1310 solum
1748 1282 1832 1310 Israel

1042 1329 1191 1363 quijustus
1211 1328 1321 1363 quidem
1346 1330 1430 1360 esset,
1449 1327 1498 1355 sed
1518 1328 1588 1354 idem
1617 1328 1679 1355 visu
1707 1335 1832 1362 compre-

1042 1374 1123 1401 hendi
1154 1378 1262 1409 posset,
1289 1381 1378 1409 neque
1405 1377 1434 1401 ut
1461 1374 1546 1402 solam
1565 1374 1701 1409 propriam
1717 1377 1830 1406 sortem,

1042 1420 1088 1447 sed
1102 1425 1130 1446 ut
1143 1427 1238 1446 omnes
1254 1419 1280 1446 in
1301 1420 1381 1447 terris
1398 1423 1503 1454 gentes,
1527 1426 1587 1454 quae
1611 1422 1689 1445 antea
1705 1418 1831 1453 pluribus

1042 1466 1145 1500 angelis
1165 1466 1302 1493 attributae
1315 1470 1405 1498 erant,
1420 1467 1483 1494 etin
1500 1465 1591 1493 omnis
1603 1465 1712 1499 generis
1731 1464 1830 1500 impie-

1041 1513 1144 1540 tat:bus
1159 1516 1274 1540 versatae
1302 1515 1384 1547 atque
1414 1512 1563 1546 implicitae,
1589 1512 1641 1538 sub
1658 1519 1735 1539 suam
1753 1515 1830 1546 pote-

1043 1562 1141 1586 statem
1160 1559 1305 1594 redigeret,
1336 1562 1418 1594 atque
1441 1558 1568 1585 omnibus
1585 1558 1710 1586 notitiam
1722 1561 1749 1585 et
1763 1557 1831 1584 ami-

1042 1605 1133 1631 citiam
1152 1612 1213 1632 cum
1232 1613 1283 1632 suo
1308 1604 1387 1632 Patre
1404 1605 1587 1636 denuntiaret,
1613 1604 1831 1638 solutionemque

1042 1659 1073 1679 ac
1092 1651 1281 1679 remissionem
1304 1651 1519 1686 ignorantiarum
1544 1658 1575 1678 ac
1598 1655 1772 1686 peccatorum
1801 1658 1830 1678 se

1041 1697 1226 1724 exhibiturum
1253 1698 1434 1732 promitteret,
1462 1696 1546 1728 venit,
1575 1696 1647 1731 quod
1664 1697 1772 1731 quidem
1787 1696 1829 1724 vel

1041 1744 1156 1778 ipsemet
1169 1744 1312 1778 perspicue
1341 1743 1434 1770 docuit
1449 1743 1544 1770 dicens
1569 1750 1575 1767 :
1599 1751 1608 1768 ‹
1630 1741 1689 1769 Non
1707 1742 1830 1777 indigent

1040 1789 1108 1816 bene
1118 1789 1239 1816 valentes
1251 1788 1367 1820 medico,
1388 1789 1434 1816 sed
1447 1789 1516 1815 male
1531 1788 1681 1815 habentes:
1697 1795 1750 1814 non
1767 1787 1831 1815 veni

1040 1839 1069 1862 ut
1093 1842 1219 1862 vocarem
1239 1835 1341 1870 justos,
1371 1835 1418 1862 sed
1451 1839 1608 1870 peccatores
1635 1834 1668 1861 ad
1692 1834 1828 1870 pmnitena

1039 1881 1104 1907 tiam
1118 1881 1139 1907 '.
1151 1891 1161 1906 ι
1179 1880 1246 1908 Cum
1264 1881 1356 1916 itaque
1376 1888 1496 1916 praesens
1521 1889 1535 1908 a
1563 1881 1682 1916 propriis
1711 1881 1828 1916 angelis,

1038 1927 1092 1954 illis
1105 1927 1227 1962 inquam,
1247 1927 1294 1962 qui
1310 1927 1386 1962 prius
1408 1927 1534 1962 gentibus
1558 1927 1678 1962 praefecti
1708 1927 1827 1959 fuerant,

1038 1972 1113 2000 visus
1130 1978 1213 2006 esset,
1226 1973 1264 2000 illi
1277 1973 1408 2000 continuo
1430 1981 1509 2001 suum
1526 1974 1677 2008 adjutorem
1694 1982 1828 2008 suumque

1038 2018 1184 2046 Dominum
1201 2018 1300 2054 oppido
1314 2027 1395 2054 quam
1407 2023 1483 2047 certe
1498 2024 1580 2054 atque
1594 2021 1733 2055 explorate
1745 2028 1828 2056 agno.

1037 2067 1155 2095 scentes,
1171 2063 1289 2092 maxima
1305 2071 1366 2091 cum
1387 2064 1478 2092 laetitia
1490 2069 1676 2097 accesserunt,
1687 2065 1766 2100 eique
1777 2066 1829 2092 mi-

1037 2110 1156 2137 nistrare
1166 2114 1319 2144 creperum,
1334 2110 1563 2145 quemadmodum
1589 2111 1630 2138 vel
1644 2119 1722 2138 saera
1740 2111 1828 2138 Evan-

1037 2156 1100 2191 gelii
1116 2155 1195 2183 docet
1212 2155 1354 2191 Scriptura
1365 2156 1410 2183 ubi
1428 2156 1466 2183 ait
1481 2156 1647 2192 “:iAngclos
1664 2158 1827 2191 accessisse,

1036 2204 1117 2238 eique
1131 2203 1318 2230 ministrasse:
1334 2213 1343 2229 ι
1356 2203 1418 2230 item
1439 2203 1485 2230 tibi
1498 2209 1693 2230 commemorat
1712 2212 1720 2228 ι
1734 2204 1827 2230 multi-

193 2257 275 2285 μενος
298 2249 451 2285 ἐχειροῦτο,
480 2249 518 2282 ὥς
541 2259 616 2282 τινας
644 2251 871 2286 συναισθομένους
895 2252 985 2279 αὐτῶν

1042 2250 1160 2276 tudinem
1190 2248 1293 2275 militiae
1318 2248 1448 2281 cmlestis,
1482 2249 1652 2276 laudantium
1678 2248 1763 2276 Deum
1794 2257 1828 2277 ac

189 2295 297 2330 λέγειν·
326 2305 336 2322 ι
353 2296 421 2328 Ἔα,
447 2297 473 2323 τί
497 2298 564 2332 ἡμῖν
591 2298 637 2324 καὶ
661 2298 718 2329 σοι,
745 2297 792 2324 Υἱὲ
823 2297 870 2324 τοῦ
895 2297 979 2331 Θεοῦ;

189 2338 273 2377 ἦλθες
288 2341 341 2377 πρὸ
359 2341 456 2377 καιροῦ
474 2341 616 2376 βασανίσαι
631 2344 721 2378 quas;
741 2353 749 2368 ι
775 2343 822 2369 καὶ
845 2344 873 2370 δὲ
888 2343 981 2370 τούσδε

192 2387 254 2422 μὲν,
283 2386 331 2412 καὶ
355 2387 390 2414 δι’
415 2383 451 2413 ὧν
477 2388 595 2424 ἔπραττε
620 2389 667 2415 καὶ
690 2389 839 2422 ἐδίδασκεν,
865 2390 982 2426 ἰσχυρῶς

188 2431 319 2468 ᾐκίζετο·
346 2433 400 2460 πᾶν
428 2433 456 2460 δὲ
481 2434 511 2460 τὺ
536 2434 707 2469 ἀνθρώπινον
734 2435 828 2469 γένος,
856 2438 912 2468 τοῖς
942 2436 985 2462 διὰ

188 2478 279 2513 λόγων
296 2479 410 2515 ἡμέρων
438 2479 486 2506 καὶ
512 2480 659 2516 προσηνέσι
685 2481 850 2516 φαρμάκοις,
873 2483 932 2513 ταῖς
955 2490 985 2508 τε

189 2524 296 2560 πραέσι.
310 2525 358 2551 καὶ
377 2527 590 2561 προτρεπτικαῖς
613 2526 695 2553 αὑτοῦ
711 2527 905 2560 διδασκαλίαις,
923 2529 981 2555 ίᾶτο

188 2571 236 2598 καὶ
256 2570 419 2606 ἐθεράπευε,
443 2573 528 2599 νόσων
547 2581 576 2598 τε
598 2573 731 2599 παντοίων
754 2565 800 2600 καὶ
822 2574 915 2601 παθῶν
931 2576 981 2610 οὐχ

187 2615 270 2654 ἦττον
299 2617 434 2652 σωμάτων
460 2618 476 2654 ἢ
499 2618 592 2653 ψυχῶν
623 2619 791 2654 ἀπήλλαττε,
809 2620 925 2651 παλαιᾶς
950 2629 980 2647 τε

188 2663 401 2700 δεισιδαιμονίας
418 2665 463 2691 καὶ
478 2664 613 2699 δειμάτων
638 2664 767 2692 πολυθέου
794 2665 910 2700 πλάνης,
931 2666 980 2700 τῆς

188 2718 218 2746 τε
247 2711 366 2746 αίσχρᾱς
397 2710 445 2736 καὶ
465 2710 614 2737 ἀκολάστου
640 2710 762 2746 διαίτης,
784 2711 886 2743 πάντας
917 2713 978 2743 τοὺς

188 2755 354 2791 προσιόντας
374 2755 534 2792 ἐλευθέρους
546 2757 640 2791 ἀφεὶς,
663 2756 797 2790 μεθιστῶν
814 2766 843 2783 τε
863 2758 910 2784 καὶ
929 2767 978 2792 με·

188 2801 332 2829 τασάλλων
360 2802 424 2834 τοὺς
446 2802 520 2838 αὐτῷ
545 2802 760 2838 προσανέχοντας
786 2803 818 2829 ὲκ
841 2803 890 2838 μὲν
914 2805 978 2830 άκο-

189 2847 284 2879 λασίας
299 2847 348 2874 ἐπὶ
362 2847 487 2884 σώφρονα
506 2848 572 2883 βίον,
593 2849 624 2874 ὲκ
644 2849 672 2875 δὲ
695 2849 820 2880 ἀσεϐείας
839 2849 884 2875 ἐπὶ
904 2850 980 2876 εὗσέ-

227 2924 237 2939 ⁸
250 2924 329 2952 Deut.
344 2929 501 2957 xvin,9-l3.
538 2926 547 2943 ⁵
564 2925 635 2954 Psal.
655 2935 684 2959 ιι,
702 2927 727 2958 7,
741 2927 765 2954 8.

808 2927 817 2942 ⁸
830 2926 895 2954 Luc.
913 2927 999 2960 v.51,
1017 2928 1050 2955 52

1035 2296 1184 2323 dicentium
1199 2302 1205 2320 :
1220 2294 1311 2322 Gloria
1340 2295 1366 2322 in
1394 2295 1536 2323 altissimis
1553 2295 1618 2326 Deo.
1650 2299 1677 2323 ct
1700 2297 1727 2324 in
1753 2301 1827 2324 terra

1036 2350 1101 2377 pax,
1122 2341 1148 2367 in
1172 2340 1330 2368 hominibus
1356 2340 1427 2369 bona
1457 2341 1584 2369 voluntas
1601 2342 1621 2369 ".
1635 2352 1645 2368 ι
1677 2341 1731 2369 llos
1745 2343 1827 2377 igitur

1037 2392 1166 2422 tanquam
1190 2386 1316 2421 proprios
1336 2387 1457 2421 angelos.
1485 2388 1527 2414 sui
1556 2387 1642 2422 ipsius
1673 2385 1836 2423 indigentes

1034 2433 1128 2460 auxilii
1144 2434 1183 2460 sic
1204 2440 1270 2460 sane
1288 2432 1391 2467 recepit
1405 2439 1410 2458 :
1424 2432 1471 2468 qui
1483 2440 1547 2460 vero
1558 2433 1614 2467 jam
1628 2433 1673 2460 diu
1688 2433 1715 2460 in
1727 2433 1825 2466 mediis

1035 2478 1195 2506 hominibus
1211 2478 1391 2505 versabantur
1407 2482 1434 2505 et
1443 2478 1602 2511 volitabant,
1618 2478 1719 2514 quique
1737 2483 1763 2506 et
1775 2479 1824 2506 ob-

1035 2533 1116 2553 scure
1133 2529 1162 2552 et
1172 2524 1312 2552 evidenter
1323 2525 1349 2551 in
1365 2528 1438 2552 terra
1450 2544 1456 2556 ,
1472 2525 1622 2560 potentiam
1644 2529 1724 2560 atque
1738 2525 1823 2560 impc-

1035 2572 1105 2598 rium
1116 2572 1287 2603 obtinebant,
1310 2579 1357 2599 eos
1387 2572 1490 2606 ingenti
1517 2571 1663 2607 divinaque
1688 2576 1824 2606 potestate

1035 2618 1142 2653 fugatos
1160 2618 1278 2652 subegit,
1305 2618 1442 2646 daemones
1464 2619 1558 2653 utique
1581 2619 1762 2653 perniciosos,
1790 2628 1823 2646 ac

1035 2665 1179 2699 spirituum
1196 2665 1342 2699 agrestium
1363 2669 1444 2700 atque
1472 2665 1617 2691 immitiunt
1634 2673 1745 2699 genera,
1769 2673 1822 2692 una

1034 2719 1094 2737 eum
1115 2718 1147 2738 eo
1163 2711 1208 2746 qui
1222 2712 1293 2738 inter
1308 2711 1358 2738 hos
1369 2710 1478 2737 malitiae
1507 2710 1688 2745 principatum
1705 2710 1820 2740 obtinet.

1033 2757 1210 2786 callidissimo
1232 2758 1357 2785 videlicet
1372 2757 1429 2788 illo,
1457 2761 1538 2792 atque
1566 2756 1752 2791 impurissimo
1767 2757 1823 2783 dae-

1034 2812 1123 2837 mone,
1142 2804 1213 2832 sicut
1230 2812 1323 2832 eorum
1354 2803 1476 2830 nonnulli
1505 2804 1653 2831 sentientes
1670 2803 1798 2830 dixerunt
1813 2813 1818 2829 :

1037 2860 1046 2876 ‹
1060 2849 1128 2882 Quid
1145 2850 1222 2877 nobis
1235 2854 1261 2877 et
1279 2850 1338 2881 tibi,
1356 2849 1406 2876 Fili
1429 2849 1492 2877 Dei?
1509 2850 1607 2877 venisti
1637 2853 1699 2877 ante
1713 2855 1819 2885 tempus

1101 2929 1109 2942 "
1127 2928 1223 2956 Matth.
1243 2936 1277 2961 ιγ,
1291 2928 1331 2956 ll.
1372 2932 1381 2947 τ
1396 2928 1463 2956 Luc.
1479 2937 1509 2961 ll,
1527 2930 1567 2958 1.7.
1597 2929 1638 2956 li.
