2071 3219
265 173 318 201 279

600 173 734 202 ευδεηιι
755 174 996 202 (ΞᾸΞΞΑΒῘΕΝΞΙΞ
1015 172 1048 200 01

1110 172 1209 200 PARS.
1231 173 1252 201 1.
1272 189 1307 194 —-
1325 173 1575 202 APOLOGETICA.

1836 173 1890 200 280

265 235 394 264 torquere
408 239 458 259 nos
468 231 497 258 '?
512 242 520 257 ι
536 235 563 258 et
580 231 628 258 hos
643 231 752 266 quidem
766 239 814 266 per
828 239 860 258 ea
888 239 948 266 qua:
961 235 989 258 et
1011 230 1048 256 fe-

1103 229 1191 261 6ειαν,
1219 231 1264 257 καὶ
1290 230 1318 264 ἐξ
1342 230 1447 263 ἀδικίας
1476 231 1522 258 ἐπὶ
1551 229 1739 266 δικαιοσύνην,
1765 230 1810 256 ναὶ
1835 231 1890 267 μὴν

264 277 302 303 cit
315 280 341 303 et
356 277 448 303 docuit
462 277 630 304 validissime
649 277 748 304 cecidit
765 284 771 303 :
786 284 866 304 omne
888 282 978 304 autem
995 277 1046 303 hu-

263 328 376 348 manum
391 329 478 356 genus
491 322 686 349 allocutionum
713 322 864 350 mansuetis
877 330 908 349 ac
924 321 1049 357 placidis,

263 368 341 402 quasi
357 368 576 399 medicamentis,
594 369 707 403 suisque
723 368 810 403 ipsius
827 369 934 396 blandis
948 368 1050 396 exhor-

263 413 415 441 tationibus
431 421 463 440 ac
477 413 649 441 documentis
664 415 782 446 sanavit,
805 419 832 442 et
855 414 890 441 ab
901 415 990 442 omnis
1006 422 1052 449 ge-

263 461 337 488 neris
362 461 466 488 morbis
481 469 512 488 ac
538 461 800 496 perturbationibus,
814 469 867 488 non
878 462 969 488 minus
987 469 1050 488 cor-

263 515 359 542 porum
373 514 454 541 quam
476 507 628 534 animorum
656 507 781 534 liberavit
795 516 800 532 :
819 515 937 542 cutnque
951 507 985 534 ab
1002 502 1051 534 an-

263 553 338 588 tiqua
355 553 557 588 superstitione,
570 560 602 580 ac
616 552 769 581 terroribus
784 561 854 588 quos
874 561 952 580 error
980 553 1050 580 mul—

263 597 388 624 titudinis
411 597 523 625 deorum
540 597 678 630 aﬂerebat,
700 602 782 632 atque
795 606 812 625 a
830 598 902 633 turpi
924 598 1051 633 petulan-

263 643 337 678 tique
354 644 436 675 victu,
458 652 553 671 outnes
569 652 599 671 se
621 644 754 672 adeuntes
770 645 875 671 solutos
890 645 1048 676 dimitteret,

262 690 472 725 traduceretque
489 698 520 717 ac
536 694 654 717 mutaret
678 698 736 723 eos,
757 691 803 726 qui
821 691 940 725 seipsum
956 691 1050 717 obser-

260 740 365 768 varent,
385 735 480 763 a'luxu
495 735 529 763 ad
545 736 717 768 modestiam,
734 737 768 763 ab
789 737 928 772 impietate
943 736 974 763 ad
992 736 1051 771 pie-

261 785 354 814 tatem,
367 782 401 808 ab
416 782 548 817 injustitia
569 781 648 817 164
658 781 691 808 ad
707 782 854 816 justitiam,
874 790 905 809 ac
921 786 1049 817 praeterea

259 834 275 854 ε
287 827 439 855 crudelium
453 827 607 854 diemonuin
624 831 767 862 potestate,
795 828 828 855 ad
846 829 965 856 divinam
981 837 1050 856 vera:

259 874 369 908 pietatis
384 874 666 908 comprehensionem,
684 879 822 910 postremo
846 875 966 902 cmlestis
976 875 1048 906 vitae,

1106 276 1153 302 καὶ
1171 277 1202 303 ὲκ
1221 276 1271 311 τῆς
1296 276 1350 303 τῶν
1375 276 1481 312 πικρῶν
1506 277 1639 312 δαιμόνων
1663 276 1819 308 δυναστείας
1843 277 1890 303 επὶ

1105 321 1154 356 τὴν
1174 321 1263 348 ἔνθεον
1286 323 1435 357 κατάληψιν
1454 323 1503 358 τῆς
1521 323 1638 358 ἀληθοῦς
1662 322 1818 354 εὐσεϐείας·
1843 324 1889 350 καὶ

1105 367 1216 403 προσέτι
1231 368 1334 400 τούτοις
1353 368 1439 400 πύλας
1454 369 1577 404 οὐρανίου
1597 369 1668 405 ζωῆς
1678 389 1686 402 ,
1703 370 1750 396 καὶ
1765 370 1814 404 τῆς
1829 371 1890 397 κατ’

1105 414 1244 441 εὺσέὁειαν
1259 415 1431 447 διδασκαλίας
1443 417 1499 447 τοῖς
1515 416 1576 442 καθ’
1591 416 1654 452 ὄλης
1667 417 1717 452 τῆς
1730 416 1890 453 οἰκουμένης

1105 459 1192 486 ἔθνεσι
1213 460 1422 497 προϊσχόμενος·
1446 462 1493 489 καὶ
1505 463 1544 494 εἰς
1562 463 1687 489 τοσοῦτόν
1705 471 1738 496 γε
1756 462 1888 495 κάτεισιν,

1104 504 1141 537 ὡς
1159 506 1195 541 μὴ
1214 507 1293 541 μόνον
1311 508 1445 542 κάμνουσι
1463 508 1509 534 καὶ
1526 507 1657 542 χαλεπῶςι
1669 508 1890 543 νοσηλευομένοις

1103 551 1153 584 τὰς
1173 552 1262 587 ψυχὰς
1291 553 1340 588 τὴν
1371 554 1503 589 σωτήριον
1536 553 1628 588 ὀρέξαι
1658 554 1768 587 δεξιὰν,
1791 555 1841 590 ἢδη
1860 555 1889 582 δὲ

1104 597 1151 623 καὶ
1169 597 1199 629 ἐξ
1223 597 1311 624 αὐτῶν
1331 598 1385 625 τῶν
1408 598 1499 625 πυλῶν
1525 598 1572 624 τοῦ
1595 598 1710 626 θανάτου
1735 599 1797 630 τοὺς
1821 601 1888 634 ὴμι-

1104 642 1218 678 θνῆτας,
1240 644 1256 678 ἥ
1278 644 1324 670 καὶ
1347 643 1462 679 πάμπαν
1483 644 1655 677 ἀπολωλότας
1678 646 1710 671 ὲκ
1731 645 1836 680 μακροῦ
1859 653 1889 671 τε

1104 689 1363 724 κατορωρυγμένους
1376 689 1430 716 τῶν
1445 689 1559 716 θανάτου
1576 689 1655 716 λῦσαι
1672 690 1791 725 δεσμῶν
1805 690 1838 716 δι’
1854 690 1888 726 ἢν

1105 734 1221 769 μάλιστα
1243 735 1332 762 αἰτίαν
1347 736 1395 762 καὶ
1412 736 1492 772 μέχρι
1512 736 1566 763 τῶν
1582 736 1675 763 αὐτόθι
1691 737 1798 772 χωρίων
1815 736 1886 772 ἐδέη-

1105 789 1149 806 σεν
1166 780 1240 816 αὑτῷ
1261 781 1410 816 ἐνεργείας,
1429 781 1466 813 ὡς
1483 781 1516 808 ἂν
1533 781 1569 817 μὴ
1588 782 1666 817 μόνον
1685 782 1803 814 ζώντων,
1821 782 1890 809 ἀλλὰ

1103 827 1150 853 καὶ
1175 828 1279 863 νεκρῶν
1306 828 1485 863 κυριεύσειεν.
1509 828 1575 854 ’Ὀτε
1602 828 1649 863 μὲν
1669 826 1716 855 οὖν
1737 828 1777 864 τῷ
1802 829 1898 864 Ηατρὶ.

1105 873 1222 904 σύνεστι,
1245 873 1291 899 καὶ
1309 873 1357 908 τὴν
1380 873 1433 900 τῶν
1450 873 1517 900 ὅλων
1533 875 1659 910 πρόνοιαν
1678 874 1762 910 ἐνθὲῳ
1775 874 1889 910 δυνάμει

259 920 447 956 doctrinmque
463 922 573 957 pietatis
589 925 692 957 portas,
706 922 833 958 gentibus
845 930 892 957 per
905 926 990 949 totum
1005 930 1048 949 or-

1100 918 1279 954 διακυϐερνᾷ,
1301 919 1416 955 οὐρανοῦ
1437 919 1519 946 αὑτοῦ
1545 921 1591 946 καὶ
1612 921 1663 955 γῆς
1685 920 1752 955 ὁμοῦ
1770 921 1817 946 καὶ
1834 920 1890 946 τῶν

259 965 320 993 bern
335 971 444 1001 apertas
459 967 625 1000 ostenderet,
641 975 728 1001 usque
739 967 807 994 adeo
816 968 936 1002 seipsum
953 968 1051 995 demit-

259 1011 345 1044 tebat,
361 1015 390 1038 ut
401 1019 454 1039 non
464 1013 551 1040 solum
563 1013 760 1045 laborantibus,
775 1014 947 1049 graviterque
959 1014 1051 1042 animo

259 1057 457 1091 aegrotantibus
471 1058 619 1085 salutarem
637 1058 762 1086 dextram
778 1059 941 1094 porrigeret,
955 1068 1049 1087 verum

259 1103 340 1130 etiam
360 1103 394 1132 de
409 1105 476 1139 ipsis
489 1105 545 1139 jam
563 1106 652 1141 portis
667 1106 765 1133 mortis
791 1107 993 1139 semimortuos,
1009 1108 1049 1136 vel

258 1155 426 1184 eosqueque
455 1151 501 1185 qui
534 1151 643 1185 penitus
661 1151 847 1184 interiissent,
871 1151 983 1187 jamque
1003 1153 1050 1180 diu

258 1194 358 1229 sepulti
373 1200 476 1228 essent,
493 1203 508 1222 a
524 1197 622 1224 mortis
636 1197 757 1225 vinculis
779 1197 912 1225 solveret:
940 1203 1050 1233 propter

258 1247 340 1274 quain
356 1241 473 1268 maxime
486 1249 608 1274 causam,
635 1243 674 1269 illi
687 1243 739 1270 fuit
758 1251 828 1278 opus
846 1244 879 1270 ad
893 1244 937 1270 illa
963 1252 1051 1279 usque

258 1287 318 1313 loca
337 1287 485 1314 eliicaciam
501 1288 598 1323 agendi
624 1296 785 1324 propagare,
812 1294 841 1316 ut
853 1289 978 1317 videlicet
995 1299 1049 1318 non

259 1333 346 1360 solum
357 1333 384 1360 in
398 1333 477 1366 vivis,
491 1342 584 1362 rerum
595 1335 676 1362 etiam
689 1336 715 1362 in
727 1336 843 1364 mortuis
852 1336 1049 1367 dominaretur.

258 1378 327 1405 Dum
344 1379 425 1414 igitur
439 1387 501 1406 cum
516 1379 595 1408 Patre
608 1385 660 1414 est,
677 1386 758 1416 atque
773 1382 891 1409 universi
905 1382 1050 1416 providen-

259 1424 325 1451 tiam
339 1424 430 1451 divina
453 1425 553 1453 virtute
570 1426 762 1459 administrat,
778 1427 877 1454 caelum
893 1428 981 1463 ipsum
996 1437 1049 1456 una

258 1479 322 1498 eum
340 1475 422 1504 terra,
441 1475 467 1500 et
482 1477 595 1500 naturas
610 1482 670 1508 qua:
685 1474 712 1501 in
735 1472 790 1502 illis
809 1475 993 1507 continentur,
1009 1480 1050 1502 at-

259 1525 312 1552 que
328 1525 374 1545 eas
387 1526 448 1553 qua:
461 1526 545 1553 supra
559 1519 657 1546 cmlum
676 1519 875 1554 intelliguntur,
893 1519 1001 1548 divinas
1023 1524 1050 1547 et

259 1563 436 1598 incorporeas
463 1568 556 1591 tuetur
578 1568 605 1592 et
632 1569 721 1597 curat,
738 1564 785 1592 Dei
802 1565 932 1598 Verbum,
960 1571 986 1594 et
1000 1566 1048 1593 Dei

259 1609 405 1644 sapientia,
427 1615 455 1638 et
479 1610 526 1638 Dei
545 1611 642 1643 virtus,
674 1615 701 1639 et
729 1612 867 1648 princeps.
887 1617 913 1640 et
938 1613 1004 1645 dux,
1021 1616 1049 1640 et

258 1662 317 1682 rex.
328 1655 399 1688 Quin
412 1656 493 1682 etiam
506 1659 533 1684 et
549 1655 620 1684 Deus
631 1661 657 1684 et
673 1655 805 1685 Dominus
821 1658 848 1684 in
872 1657 971 1685 divinis
987 1665 1049 1684 ora.

258 1701 328 1728 culis
343 1708 405 1728 cum
421 1701 501 1729 laude
513 1706 540 1729 et
553 1703 638 1737 gloria
654 1704 823 1735 nominatur,
840 1708 866 1731 et
882 1703 1049 1732 illuminator

257 1746 368 1781 quidem
397 1746 621 1782 incorporearum
651 1748 913 1784 intelligentiumque
936 1755 1047 1777 natura-

257 1800 329 1819 rum.
349 1792 394 1819 Sol
410 1794 598 1829 verojustilia:
613 1801 644 1821 ac
656 1794 746 1822 lumen
758 1795 881 1822 veritatis
892 1799 934 1823 est
945 1795 1046 1828 dictus,

257 1839 305 1874 qui
330 1839 468 1866 subservit
502 1844 583 1874 atque
609 1848 718 1875 operam
737 1847 815 1868 suam
842 1841 977 1869 immiscet
1002 1850 1048 1877 pa-

258 1885 343 1912 ternis
359 1885 594 1919 dispositionibus.
611 1893 644 1912 ex
657 1893 711 1920 qtto
729 1891 756 1914 et
771 1885 862 1915 Patris
877 1887 1002 1914 minister
1021 1892 1048 1915 et

258 1929 348 1965 opifex
366 1935 548 1965 nuncupatur.
574 1930 655 1958 Solus
670 1939 736 1959 vero
763 1935 839 1960 certo
860 1932 957 1959 ordine
973 1933 1048 1960 novit

259 1974 315 2002 Deo
330 1975 528 2010 obtemperare,
558 1976 604 2010 qui
632 1976 714 2003 etiam
744 1976 866 2003 medicus
891 1977 1044 2010 intercedit,

259 2023 332 2049 inter
344 2021 429 2049 Deum
439 2022 601 2057 quigenitus
611 2030 665 2049 non
680 2025 733 2053 cst,
748 2027 774 2049 et
791 2030 837 2050 eas
850 2031 895 2052 res
909 2031 969 2058 quia
985 2029 1047 2059 post

260 2068 348 2104 ipsum
362 2067 458 2103 genita:
470 2073 543 2100 sunt,
566 2068 613 2103 qui
628 2068 922 2097 universicurationem
940 2077 1047 2097 assum-

259 2114 325 2150 psit,
341 2119 366 2141 et
383 2115 459 2141 Patri
476 2123 523 2149 pro
537 2115 664 2142 omnibus
689 2115 736 2150 qui
755 2115 794 2142 illi
811 2119 905 2150 parent
917 2119 959 2143 est
980 2123 1047 2143 con-

260 2163 384 2187 secratus
393 2159 522 2194 solusque
537 2159 612 2186 illum
628 2160 754 2187 omnibus
768 2160 859 2187 mitem
886 2160 1047 2195 propitium-

259 2213 314 2241 que
336 2205 437 2238 reddit,
465 2205 511 2241 qui
543 2205 668 2233 Pontifex
699 2210 827 2238 mternus,
857 2213 889 2233 ac
914 2209 1045 2240 praeterea

1062 1577 1086 1609 ϐ

1101 966 1130 991 ἐν
1150 964 1254 996 τούτοις
1276 965 1477 1000 περιεχομένων
1501 966 1607 1000 φύσεων
1634 965 1688 992 τῶν
1706 973 1736 991 τε
1760 965 1890 992 ἐπέκεινα

1100 1011 1214 1046 οὐρανοῦ
1236 1011 1315 1038 θείων
1333 1013 1379 1038 καὶ
1395 1012 1546 1047 ἀσωμάτων
1564 1011 1662 1038 οὐσιῶν
1684 1013 1829 1039 ἐπισκοπεῖ
1841 1013 1889 1039 καὶ

1101 1057 1260 1092 ἐπιμέλεται
1279 1057 1346 1084 Θεοῦ
1365 1057 1467 1091 Λόγος,
1489 1058 1538 1084 καὶ
1551 1058 1618 1085 Θεοῦ
1639 1059 1735 1093 σοφία,
1759 1060 1806 1086 καί¹
1821 1059 1888 1086 Θεοῦ

1100 1102 1214 1137 δύναμις
1240 1102 1330 1137 ἄρχων
1361 1111 1390 1129 τε
1417 1103 1463 1129 καὶ
1490 1103 1640 1138 ἡγούμενος
1674 1105 1721 1131 καὶ
1751 1104 1887 1139 βασιλεύς.

1103 1147 1170 1182 Ἤδη
1187 1147 1217 1173 δὲ
1230 1148 1276 1174 καὶ
1290 1147 1355 1179 Θεὸς
1371 1148 1417 1174 καὶ
1429 1148 1530 1184 Κύριος
1544 1149 1573 1175 ἐν
1588 1150 1644 1181 τοῖς
1659 1149 1741 1181 θείοις
1755 1152 1889 1186 χρησμοῖς

1100 1194 1297 1229 ἀιιευφημεῖται
1311 1214 1318 1226 ,
1344 1195 1392 1221 καὶ
1419 1195 1543 1229 φωτίζων
1571 1196 1620 1231 μὲν
1649 1196 1698 1228 τὰς
1726 1197 1888 1232 ἀσωμάτους

1100 1239 1146 1264 καὶ
1166 1238 1262 1274 νοεράς
1281 1239 1386 1273 φύσεις.
1409 1239 1503 1271 ’Ίιλιος
1527 1239 1556 1266 δὲ
1575 1240 1746 1276 δικαιοσύνης
1764 1242 1812 1268 καὶ
1830 1242 1888 1276 φῶς

1100 1281 1228 1316 ἀληθινὸν
1261 1282 1420 1318 ἀνείρηται,
1448 1283 1592 1319 ὑπουργῶν
1620 1285 1648 1311 δὲ
1673 1286 1721 1312 καὶ
1750 1287 1889 1322 συνεργῶν

1100 1329 1160 1359 ταῖς
1174 1327 1221 1354 τοῦ
1236 1328 1342 1364 Πατρὸς
1369 1329 1531 1362 διατάξεσιν,
1560 1331 1695 1366 ὑπουργὸς
1718 1332 1764 1358 τοῦ
1782 1332 1888 1368 Πατρὸς

1100 1374 1147 1400 καὶ
1169 1374 1335 1409 δημιουργὸς
1357 1375 1529 1411 χρηματίζει.
1560 1377 1639 1404 Ἀλλὰ
1659 1378 1706 1404 καὶ
1723 1378 1803 1413 μόνος
1818 1378 1888 1405 κατὰ

1100 1419 1176 1453 τάξιν
1197 1420 1275 1452 εἰδὼς
1290 1421 1450 1457 θεραπεύειν
1466 1422 1542 1454 Θεὸν,
1562 1423 1643 1458 μέσος
1663 1432 1692 1450 τε
1713 1424 1798 1456 ἑστὼς
1820 1424 1886 1452 Θεοῦ

1099 1465 1145 1492 τοῦ
1169 1467 1316 1502 ἀγεννήτου
1335 1467 1382 1493 καὶ
1400 1467 1453 1494 τῶν
1469 1469 1527 1503 μετ’
1543 1468 1623 1495 αὑτὸν
1645 1469 1775 1505 γενητῶν,
1790 1471 1840 1506 τὴν
1856 1479 1887 1496 τε

1099 1511 1153 1538 τῶν
1178 1512 1246 1539 ὅλων
1267 1512 1479 1548 ἀναδεδεγμένος
1503 1515 1648 1550 φροντίδα,
1670 1516 1717 1542 καὶ
1742 1515 1812 1551 ὑπὲρ
1832 1515 1888 1543 τῶν

1101 1559 1228 1595 ὑπηκόων
1249 1559 1375 1586 ἁπάντων
1398 1560 1543 1596 ἱερώμενος
1563 1560 1602 1596 τῷ
1619 1562 1721 1597 Πατρὶ,
1738 1563 1785 1589 καὶ
1808 1562 1888 1598 μόνος

1100 1605 1181 1631 αὑτὸν
1195 1607 1252 1637 τοῖς
1268 1607 1350 1633 πᾶσιν
1367 1607 1468 1642 εὐμενῆ
1487 1607 1534 1634 καὶ
1548 1607 1626 1634 ἵλεων
1643 1607 1781 1643 παρέχων,
1794 1608 1888 1644 ἀρχιε-

1101 1653 1164 1688 ρεὺς
1180 1652 1298 1684 αἰώνιος,
1320 1653 1367 1680 καὶ
1385 1653 1416 1690 δὴ
1432 1654 1548 1689 Χριστὸς
1565 1654 1613 1680 τοῦ
1629 1655 1735 1691 [ἰατρὸς
1753 1663 1888 1690 προσαγο-

1101 1698 1218 1734 ρεύεται,
1233 1698 1304 1725 οὕτω
1318 1700 1365 1726 καὶ
1379 1699 1514 1736 Ἑϐραίοις
1526 1699 1651 1735 Χριστῶν
1665 1701 1887 1736 ἐπικαλουμένων

1099 1746 1183 1772 πάλαι
1204 1745 1259 1772 τῶν
1281 1746 1329 1781 τὴν
1349 1746 1441 1773 εἰκόνα
1469 1746 1516 1772 τοῦ
1545 1746 1653 1782 πρώτου
1677 1746 1722 1774 διά
1744 1747 1888 1782 συμϐόλων

1099 1793 1304 1819 ἐπιτελούντων.
1330 1793 1385 1820 Καὶ
1413 1794 1458 1820 ὅτε
1486 1793 1535 1828 μὲν
1571 1793 1697 1828 ἀγγέλοις
1732 1793 1888 1829 ταξιαρχῶν

1099 1839 1247 1870 ἐπιστατεῖ,
1276 1839 1398 1874 μεγάλης
1426 1838 1524 1874 βουλῆς
1544 1839 1658 1873 ἄγγελος
1677 1839 1886 1874 ἀναγορεύεται,

1099 1884 1146 1910 καὶ
1155 1883 1209 1911 τῶν
1223 1885 1284 1910 κατ’
1295 1884 1408 1920 οὐρανὸν
1420 1883 1553 1919 στρατιῶν
1564 1884 1726 1919 ἡγούμενος,
1739 1885 1889 1920 ἀρχιστρά-

1098 1937 1180 1964 τηγος
1194 1929 1334 1964 δυνάμεως
1355 1929 1456 1964 Κυρίου
1472 1927 1554 1956 εἶναι’
1578 1929 1628 1965 ἤδη
1640 1930 1668 1956 δὲ
1682 1930 1782 1956 κατιὼν
1793 1931 1839 1956 ἐπὶ
1853 1931 1887 1957 τὰ

1099 1977 1171 2011 τῇδε,
1192 1976 1270 2012 ἡμῶν
1283 1985 1313 2003 τε
1326 1976 1415 2003 αὐτῶν
1430 1976 1480 2011 τῆς
1497 1976 1609 2011 λογικῆς
1635 1975 1755 2010 φύσεως,
1784 1977 1833 2012 τῆς
1856 1984 1886 2002 τε

1100 2023 1166 2054 ἰδίας
1181 2022 1275 2054 αὐτοῦ,
1290 2023 1369 2059 χάριν
1385 2023 1498 2056 εἰκόνος,
1515 2022 1705 2058 φιλανθρωπίᾳ
1718 2022 1764 2048 τοῦ
1780 2023 1888 2058 Πατρὸς

1098 2068 1373 2104 ἀντιλαμϐανόμενος,
1400 2068 1467 2095 καθὸ
1489 2068 1540 2104 μὲν
1559 2068 1631 2095 ἔοικε
1652 2069 1757 2104 νηπίων
1780 2068 1885 2104 ἄρχειν,

1098 2115 1145 2141 καὶ
1174 2115 1255 2141 οἱονεὶ
1281 2115 1480 2150 βοσκημάτων,
1507 2115 1608 2150 ποιμὴν
1635 2115 1790 2150 ὠνόμασται
1819 2123 1888 2151 προ-

1099 2161 1202 2188 ϐάτων·
1231 2161 1298 2188 καθὸ
1326 2161 1354 2188 δὲ
1383 2161 1476 2197 ψυχῶν
1507 2161 1636 2197 ἐμπαθῶν
1663 2161 1712 2197 τὴν
1737 2161 1887 2196 θεραπείαν

1100 2207 1306 2241 ἐπαγγέλλεται,
1318 2207 1411 2242 Σωτὴρ
1424 2207 1470 2234 καὶ
1487 2207 1578 2243 ἰατρὸς
1595 2207 1707 2238 εἰκότως
1727 2207 1759 2233 ἂν
1770 2207 1884 2241 λέγοιτο.

259 2251 386 2280 Christus
405 2250 494 2278 Patris
522 2255 646 2279 vocatur.
676 2251 721 2279 Sic
748 2252 820 2278 enim
831 2251 902 2286 apud
919 2251 1046 2280 Hebraeos

1100 2253 1184 2279 Τοῦτο
1205 2252 1302 2288 γοῦνή
1324 2253 1388 2288 παρ’
1415 2252 1549 2288 Ἑϐραίοις
1572 2252 1618 2279 τοῦ
1647 2253 1734 2287 Ἰησοῦ
1758 2253 1886 2288 σημαίνει

259 2297 324 2325 olim
344 2297 561 2333 appellabantur,
577 2296 624 2332 qui
640 2296 786 2331 imaginem
807 2297 887 2332 primi
911 2304 958 2332 per
973 2305 1048 2331 quaa-

250 2345 321 2380 .dam
338 2346 415 2380 signa
432 2343 596 2377 referebant,
618 2351 649 2371 ac
673 2345 739 2371 dum
766 2345 923 2379 angelorum
939 2344 1048 2379 quidem

260 2391 403 2419 ordinibus
423 2392 549 2426 imperat,
563 2395 644 2425 atque
665 2391 697 2418 iis
722 2394 830 2426 prmest,
848 2391 938 2426 magni
958 2391 1049 2418 consi-

260 2436 288 2462 lii
317 2436 431 2471 angelus
444 2444 505 2464 esse
519 2436 631 2467 dicitur,
662 2439 689 2462 et
720 2436 824 2462 militia
843 2435 963 2463 ctelestis
980 2436 1046 2467 dux,

259 2489 292 2508 ac
321 2482 458 2510 maximus
483 2482 624 2516 copiarum
653 2481 759 2509 Domini
790 2482 947 2516 imperator.
979 2481 1048 2508 Dum

266 2535 330 2554 vero
346 2529 379 2555 ad
399 2528 457 2556 lucc
474 2532 569 2556 nostra
600 2528 752 2559 descendit,
773 2532 949 2563 nostramque
974 2529 1049 2564 ipso-

261 2581 324 2600 rum
335 2574 495 2601 rationalem
512 2578 648 2605 naturam,
679 2578 704 2601 et
727 2581 783 2601 sua:
811 2574 937 2610 imaginis
952 2582 1046 2606 causa,

260 2623 288 2646 et
304 2618 424 2646 bonitate
443 2618 532 2647 Patris
545 2619 671 2651 assumit,
701 2627 734 2647 ex
752 2627 806 2655 quo
833 2628 899 2648 sane
927 2621 1048 2655 parvulis

232 2662 240 2666 '
261 2667 344 2697 atque
381 2664 596 2698 insipientibus,
639 2672 670 2691 ac
710 2666 905 2700 propemodum
943 2668 1048 2700 pecori-

261 2708 314 2734 bus
339 2708 473 2743 imperare
485 2710 601 2742 videtur,
630 2715 724 2744 pastor
751 2711 844 2738 ovittm
873 2711 964 2740 dictus
993 2717 1045 2741 est.

263 2754 403 2786 Quatenus
431 2762 495 2781 vero
528 2756 680 2783 animarum
701 2757 888 2791 :egrotantium
914 2758 1046 2786 medelam

261 2798 419 2833 pollicetur,
445 2801 542 2828 merito
575 2800 701 2829 Salvator
728 2809 760 2830 ac
794 2803 916 2831 medicus
935 2803 1046 2832 dicitur.

300 2883 415 2912 ‘Matth.
435 2894 493 2920 vnl,
511 2887 556 2914 29.

1101 2298 1279 2334 προσηγορία.
1309 2299 1384 2325 Ἐπεὶ
1406 2299 1434 2325 δὲ
1454 2299 1508 2325 ἔδει
1526 2299 1589 2324 ποτὲ
1615 2299 1662 2326 καὶ
1678 2298 1752 2334 αὐτῷ
1768 2300 1885 2334 ὀργάνου

1100 2344 1279 2380 ἀνθρωπίνου,
1303 2343 1341 2375 ὡς
1362 2343 1395 2369 ἂν
1415 2343 1462 2370 καὶ
1486 2343 1638 2378 ἀνθρώποις
1660 2344 1755 2371 ἑαυτὸν
1780 2347 1884 2380 φήνειε,

1100 2391 1147 2417 καὶ
1164 2391 1213 2426 τῆς
1233 2390 1279 2417 τοῦ
1297 2389 1404 2425 Πατρὸς
1419 2388 1592 2423 ἐπιγνώσεως
1612 2390 1658 2416 καὶ
1675 2391 1815 2422 εὐσεϐείας
1839 2391 1886 2417 τὸν

1098 2437 1185 2473 ἀληθῆ
1200 2437 1277 2472 λόγον
1289 2436 1413 2469 διδάξειε,
1429 2438 1476 2465 καὶ
1493 2437 1586 2463 τοῦτον
1600 2437 1650 2463 οὐκ
1664 2437 1824 2472 ἀπαρνεϊται
1838 2437 1885 2464 τὶν

1098 2483 1212 2519 τρόπον·
1233 2483 1329 2515 ὲπισάς
1344 2483 1372 2509 δὲ
1388 2481 1417 2510 εὖ
1435 2483 1506 2519 μάλα
1521 2485 1552 2519 τῇ
1567 2484 1688 2519 ἡμετέρᾳ
1700 2483 1789 2518 φύσει,
1813 2483 1885 2519 πάρ-

1099 2537 1167 2554 εισιν
1179 2528 1219 2559 εἰς
1236 2528 1406 2564 ἀνθρώπους,
1430 2528 1496 2555 Θεὸν
1507 2529 1539 2556 δι’
1553 2529 1694 2564 ἀνθρώπου
1708 2529 1778 2564 μέγα
1789 2530 1885 2564 θαῦμα.

1098 2575 1153 2605 τοῖς
1168 2575 1249 2600 πᾶσιν
1265 2573 1497 2609 ἐπιδεικνύμενος·
1514 2574 1551 2606 ὡς
1570 2575 1603 2601 ἂν
1622 2575 1752 2610 μὴ.μόνον
1768 2575 1798 2607 ἐξ
1818 2576 1885 2610 ἀφα-

1097 2619 1159 2650 νοῦς
1175 2619 1221 2645 καὶ
1237 2619 1335 2653 ἀδήλου
1358 2619 1476 2653 ἄσαρκος
1491 2619 1529 2651 ὡς
1548 2620 1594 2646 καὶ
1614 2619 1758 2654 ἀσώματος
1773 2620 1885 2647 ἐπιστα-

1098 2665 1166 2700 τοὶη,
1182 2665 1272 2696 αὐτοῖς
1283 2665 1310 2691 δὲ
1324 2664 1425 2700 σαρκὸς
1437 2665 1558 2700 ὀμμασιν
1569 2663 1716 2700 ὁρώμενος,
1731 2664 1884 2701 ἀνθρώπων

1097 2719 1126 2737 τε
1153 2711 1301 2746 ὀφθαλμοῖς
1326 2711 1372 2737 καὶ
1399 2711 1469 2746 ὑπὲρ
1494 2711 1637 2746 ἄνθρωπον
1659 2711 1884 2748 θαυματουργίας

1098 2757 1225 2792 παρέχων
1241 2758 1316 2792 ὁρᾷν,
1333 2757 1380 2784 καὶ
1395 2757 1506 2793 προσέτι
1527 2757 1651 2793 σώματος
1665 2758 1760 2790 ἀκοαῖς
1774 2758 1824 2790 τὰς
1838 2758 1884 2786 διὰ

1098 2802 1219 2838 γλώττης
1235 2803 1282 2829 καὶ
1302 2803 1393 2838 φωνῆς
1416 2803 1546 2838 ἐνάρθρου
1567 2803 1730 2839 παραδιδοὺς
1753 2804 1894 2832 διδασκα-”
