2071 3219
164 165 217 194 εει

626 166 955 196 DEMONSTRATIONIS
974 168 1205 197 EVANGELICE
1221 170 1286 198 LIB.
1303 169 1348 198 IV.

1736 167 1791 195 233

163 224 236 271 λξας,
260 223 333 271 ego;
356 232 385 251 τε
405 223 443 256 ὡς
463 224 570 260 ἀληθῶς
596 226 643 253 καὶ
669 226 820 262 παράδοξον
844 227 941 271 χρῆμα

1007 227 1085 263 165
1105 227 1161 255 Hoc
1180 228 1254 256 enim
1274 228 1346 263 apud
1358 227 1486 255 Hebraeos
1505 225 1571 254 Jesu
1588 227 1734 262 appellatio
1750 228 1790 255 si-

164 267 221 296 οἷον
235 268 291 295 οὐδ’
305 269 371 296 ἄλλο
388 279 431 297 πω
445 271 526 305 φανὲν
543 272 758 307 μνημονεύεται,
774 265 907 308 σωτήριόν
922 282 952 299 τι

164 314 234 349 ὁμοῦ
253 315 302 342 καὶ
325 315 498 351 εὐεργετικὸν
518 318 573 348 τοῖς
595 318 678 344 πᾶσιν
695 319 778 350 αὐτὸς
796 319 891 345 ἑαυτὸν
908 320 951 346 ὲν-

163 362 349 397 δεικνύμιενος.
366 362 443 390 Οὕτω
458 364 524 398 δῆτα
541 365 555 391 ό
571 364 636 396 Θεὸς
650 366 664 391 ὁ
677 365 762 399 Λόγος
778 365 836 398 υἱὸς
849 366 953 401 ἀνθρώ-

164 414 217 432 που
237 406 355 440 ἐλέγετο,
372 407 418 433 καὶ
442 408 545 443 Ἰησοῦς
562 408 726 444 ὠνομάζετο,
742 412 807 446 παρ’
822 412 883 438 ὅσον
902 412 952 446 τῆς

162 451 219 477 τῶν
240 450 416 486 ἀνθρωπίνων
440 453 531 486 ψυχῶν
559 454 655 485 Maso);
680 463 709 480 τε
735 455 781 481 καὶ
805 456 950 490 Θεραπείας

163 497 245 531 χάριν
260 497 308 531 τὴν
325 496 438 530 πάροδον
455 499 494 528 εἰς
509 499 580 532 ἡμᾶς
599 499 724 525 ἐποιεῖτο.
750 501 843 535 Σωτὴρ
868 501 889 527 δ’
906 500 950 527 οὖν

164 541 212 567 καὶ
230 541 292 576 παρ’
314 541 449 576 Ἑϐραίοις
471 543 678 578 ἑρμηνεύεταιή
699 544 744 570 τοῦ
764 545 849 579 Ἰησοῦ
869 554 951 581 προπ-

163 587 274 621 ηγορία.
310 587 364 618 Τάς
387 596 415 613 τε
444 588 536 620 κοινὰς
559 591 622 624 ἡμῖν
649 591 777 624 ὑπέμεινε
802 591 949 626 διατριϐὰς.

161 633 288 667 οὐδαμῶς
307 634 354 668 μὲν
373 634 419 660 τοῦ
442 632 510 661 εἶναι
533 636 562 666 ὃς
580 634 613 671 ἧν
632 637 816 671 ἐξιστάμενος,
832 638 898 672 ὁμοῦ
922 638 950 664 δὲ

161 680 191 705 ἐν
209 679 248 714 τῷ
265 680 397 715 ἀνθρώπῳ
416 681 555 715 φυλάττων
575 683 618 707 τὸν
638 683 712 709 Θεό-ι.
736 683 823 714 Εὐθὺς
841 692 951 718 τοιγαρ-

161 723 209 749 οῦν
233 725 278 750 ἐπὶ
297 725 345 759 τῆς
368 726 479 761 πρώτης
496 727 534 757 εἰς
555 726 712 761 ἀνθρώπους
740 729 891 763 καταϐολῆς
912 728 949 763 τῷ

162 769 223 804 Θεῷ
237 770 286 805 τῆς
298 771 434 806 ἡμετέρας
446 773 576 805 γενέσεως
596 775 643 808 τὴν
658 774 746 799 ἔνθεον
760 775 891 809 ἀνακιρνᾷ
906 784 950 809 με·

159 815 335 851 γαλουργίαν,
349 817 506 852 τικτόμενος
522 819 569 853 μὲν
586 820 649 854 ἡμῖν
664 820 773 854 ὁμοίως,
789 821 834 845 καὶ
852 820 948 854 Ova-.05

159 860 237 896 δίκην
253 861 394 897 ἄνθρωπον
408 864 632 899 ἀμιςιεννύμενος,
647 865 684 896 ὡς
702 865 728 891 δ’
740 866 830 891 οὐκέτι
844 866 948 901 ἄνθρω-

160 915 221 938 ποςν
236 907 301 933 ἀλλά
315 908 388 939 θεὸς.
402 910 429 941 ἐξ
442 911 576 945 ἀχράντου
592 912 637 937 καὶ
651 912 837 946 ἀπειρογάμου
852 912 945 946 κύρης,

159 952 221 986 οἶδκῖ
243 952 270 978 δὲ
290 954 322 979 ἐκ
345 954 443 988 μίξεως
458 957 503 982 καί
526 956 628 991 φθορᾶς
649 957 697 992 τὴν
715 957 760 983 τοῦ
785 958 946 992 φαινομένου

159 997 266 1030 γένεσιν
283 999 474 1035 ὑφιστάμενος.

159 1043 290 1076 Verbum,

1003 275 1123 310 gnilicat.
1136 274 1280 306 Caeterum,
1295 282 1358 303 cum
1369 274 1419 309 ipsi
1432 274 1552 301 humano
1565 281 1674 309 quoque
1684 275 1789 302 instru-

1003 324 1095 347 mento
1110 328 1180 356 opus
1199 325 1281 351 esset.
1299 328 1355 355 quo
1389 320 1471 348 etiam
1489 321 1644 349 hominibus
1668 321 1788 355 seipsum

1002 364 1169 396 ostenderet,
1185 365 1331 400 Patrisque
1345 365 1387 394 sui
1399 366 1563 401 agnoscendi
1580 370 1607 393 et
1621 366 1727 394 colendi
1740 374 1788 393 ve-

1003 417 1060 436 ram
1076 411 1207 438 rationem
1226 410 1350 442 doceret,
1367 418 1401 438 ne
1423 411 1497 438 hunc
1520 410 1629 446 quidem
1652 410 1787 437 recusavit

1003 456 1123 485 modum,
1140 455 1184 482 sed
1204 456 1392 483 strenuissime
1410 461 1533 483 naturam
1547 462 1665 483 nostram
1682 456 1787 490 ingresv

1003 508 1060 531 sus,
1077 501 1109 527 ad
1126 501 1249 528 homines
1263 502 1388 533 accessit,
1405 510 1436 527 ac
1451 501 1533 527 Deum
1556 502 1673 527 hominis
1685 501 1787 534 specie,

1003 546 1098 580 ingens
1121 547 1282 573 miraculum
1303 547 1431 578 ostendit,
1452 551 1480 573 ut
1496 555 1548 573 non
1567 547 1654 573 solum
1671 546 1789 573 obscure

1002 600 1033 618 ac
1046 592 1169 623 latenter,
1186 592 1244 619 sine
1261 600 1341 619 carne
1352 598 1377 619 ct
1394 593 1452 619 sine
1464 599 1577 626 corpore
1589 596 1726 625 prmesset.
1741 599 1788 618 ve-

1002 646 1061 664 rum
1078 638 1144 671 ipsis
1160 646 1267 672 quoque
1286 639 1425 672 corporeis
1451 639 1589 665 obtutibus
1608 643 1711 672 patens,
1740 637 1790 663 ho—

1002 685 1161 717 minumque
1182 685 1269 710 oculis
1298 685 1428 710 miracula
1452 692 1512 719 qua}
1539 691 1621 718 supra
1648 683 1788 709 hominem

1002 733 1065 756 Sunt
1092 730 1223 756 exhibens
1248 730 1391 761 intuenda,
1416 730 1455 756 sic
1477 730 1586 764 quidem
1608 729 1640 755 ad
1662 728 1787 763 corporis

1001 775 1084 801 ctiam
1101 783 1191 806 aures,
1221 776 1329 809 linguae,
1352 776 1479 809 vocisque
1503 775 1653 801 articulatm
1672 774 1787 808 fungens

1002 821 1099 852 ()Hicio,
1123 822 1285 848 documenta
1309 821 1464 848 hominibus
1488 822 1629 855 pruiberet.
1651 821 1789 847 divinum-

1000 875 1052 900 que
1076 874 1170 893 revera
1190 870 1271 900 atque
1298 866 1457 892 admirabile
1483 866 1683 899 spectaculum,
1708 866 1789 899 quale

1001 912 1105 938 mullum
1119 912 1189 938 aliud
1207 912 1295 937 adlmc
1313 911 1399 937 visum
1415 919 1475 938 esse
1497 915 1671 941 mentoralur,
1689 911 1788 944 quippe

1002 958 1072 992 quod
1090 962 1117 985 et
1135 959 1262 989 salutare,
1278 961 1304 984 et
1325 958 1394 984 idem
1410 957 1569 984 beneficium
1582 957 1709 983 omnibus
1725 964 1789 983 seu-

1002 1005 1110 1035 tiretur,
1128 1004 1185 1038 ipse
1202 1004 1320 1038 scipsum
1336 1004 1498 1030 ostenderet.
1514 1002 1612 1037 Sicque
1621 1003 1702 1029 etiam
1717 1002 1788 1028 Deus

329 1047 401 1074 lilius
423 1048 542 1075 hominis
563 1047 714 1083 dici'hatur,
749 1055 775 1077 et
799 1055 934 1084 quatenus
953 1051 985 1077 ad
1004 1051 1127 1077 homines
1151 1055 1270 1079 venerat.
1296 1055 1325 1077 ut
1348 1051 1446 1077 animis
1468 1050 1595 1076 humanis
1614 1049 1787 1080 medicinam,

158 1091 359 1127 sanitatemque
384 1095 506 1128 atl‘erret,
536 1096 615 1123 Jcsus
647 1098 850 1124 nominabatur.
881 1098 947 1124 Nam
968 1099 1053 1133 ipsius
1077 1098 1140 1125 .lcsu
1176 1099 1246 1130 apud
1274 1098 1401 1124 llcbua‘os
1425 1097 1588 1131 appellatio,
1620 1095 1788 1122 Salvatorem

158 1138 244 1171 plane
267 1139 412 1174 signiﬁcat.
446 1141 537 1176 Itaque
557 1144 694 1170 communi
721 1152 795 1171 more
814 1152 847 1171 uc
866 1145 969 1171 versari
988 1145 1096 1179 quidem
1121 1145 1273 1175 nobiscum,
1295 1144 1366 1170 haud
1393 1144 1532 1177 indignum
1569 1150 1618 1170 sua
1645 1142 1790 1174 maiestate

154 1184 300 1217 judicavit,
324 1187 432 1214 interim
458 1193 548 1215 tamen
586 1198 720 1224 nusquam
747 1190 877 1218 desinens
892 1199 953 1217 esse
971 1190 1043 1224 quod
1071 1195 1140 1221 erat,
1156 1191 1201 1217 sed
1228 1190 1254 1216 in
1270 1190 1378 1216 homine
1395 1190 1495 1224 pariter
1507 1188 1589 1214 Deum
1608 1195 1786 1215 conservans.

159 1229 254 1265 Itaque
271 1232 362 1258 statim
381 1232 407 1258 in
430 1234 515 1266 primo
532 1234 564 1260 ad
582 1234 706 1261 homines
720 1235 866 1268 descensu,
900 1243 961 1261 eum
982 1234 1034 1261 Deo
1052 1235 1173 1261 divinam
1209 1235 1369 1261 commiscet
1393 1234 1479 1260 nostri
1498 1238 1574 1260 ortus
1591 1233 1789 1260 admirabilita-

159 1283 213 1305 tem
235 1287 242 1305 :
264 1280 374 1314 quippe,
403 1282 449 1315 qui
475 1289 549 1308 more
568 1287 662 1309 nostro
690 1283 725 1309 sit
763 1282 864 1315 editus,
899 1287 925 1310 et
947 1283 1069 1309 mortalis
1094 1283 1191 1314 instar,
1213 1283 1349 1309 hominem
1369 1282 1491 1312 indutus,
1517 1281 1563 1308 sed
1582 1288 1635 1307 non
1658 1285 1786 1314 tanquam

157 1324 249 1356 homo,
267 1334 361 1353 verum
379 1331 407 1353 ut
428 1327 497 1354 Deus
514 1328 547 1354 de
564 1328 721 1362 purissima,
747 1329 892 1364 nullasque
926 1335 1036 1364 experta
1067 1330 1178 1363 nuptias
1202 1328 1324 1363 Virgine,
1345 1335 1515 1362 nequaquam
1536 1335 1600 1354 vero
1621 1334 1653 1353 ex
1684 1333 1786 1353 concu-

157 1372 215 1399 bitu
244 1377 291 1399 aut
313 1373 487 1407 corruptione
503 1377 591 1400 ortum
609 1375 680 1408 ejus,
697 1375 742 1409 qui
756 1375 813 1409 ipse
828 1375 986 1409 apparebat,
1001 1374 1145 1409 acceperit.

525 1455 575 1482 IA’.

228 1522 329 1555 ὀπως
346 1523 399 1550 τὸν
417 1522 452 1550 ἐν
465 1523 630 1558 ἀνθρώποις
645 1524 785 1559 διεξῆλθε
793 1525 882 1558 βίον.

191 1579 247 1606 Καὶ
262 1579 308 1605 τὸν
324 1579 387 1615 ἑξῆς
406 1579 434 1606 δὲ
454 1580 599 1615 σύμπαντα
615 1580 683 1616 βίον,
699 1581 786 1618 ταύτῃ
803 1591 840 1617 πη
860 1581 945 1609 διετι-

154 1624 205 1655 λει,
219 1625 281 1651 τοτὲ
296 1624 344 1659 μὲν
352 1625 402 1659 τὴν
409 1625 477 1661 πρὸς
488 1626 561 1660 ἡμᾶς
571 1626 775 1660 ὁμοιοπάθειαν,
786 1626 846 1652 τοτὲ
860 1626 888 1652 δὲ
900 1626 946 1652 τὸν

154 1669 222 1695 Θεοῦ
248 1670 335 1703 Λόγον
353 1669 525 1704 ὑποφαίνων,
546 1671 741 1707 μεγαλουργῶν
762 1672 810 1698 καὶ
829 1671 946 1707 παραδο-

156 1715 272 1753 ξοποιῷν
287 1716 325 1747 ὡς
340 1715 416 1747 Θεὸς,
442 1716 489 1743 καὶ
502 1716 556 1743 τῶν
574 1716 722 1751 μελλόντων
741 1716 850 1744 ἔσεσθαι
865 1725 946 1752 προα-

153 1760 286 1796 ναφωνῶν
304 1761 354 1792 τὰς
372 1763 550 1797 προρρήσεις,
574 1762 622 1788 καὶ
641 1761 687 1788 τὸν
707 1762 743 1797 μὴ
761 1763 818 1794 τοῖς
839 1761 945 1794 πολλοῖς

153 1805 293 1841 ὁρώμενον
313 1806 379 1833 Θεδν
398 1807 484 1842 Λόγον
510 1809 567 1839 τοῖς
581 1807 671 1844 ἔργοις
695 1807 822 1843 ἄντικρυς
846 1808 943 1835 ἐπιδει-

154 1851 287 1887 κνύμενος
301 1851 414 1889 [εἰκότα
431 1853 459 1879 δὲ
475 1853 521 1879 καὶ
539 1854 619 1888 ὃμοια
633 1855 693 1884 ταῖς
707 1853 830 1890 ἀρχαῖς].

522 1953 572 1979 IB’.

172 1997 222 2031 Ὧς
236 1998 382 2033 καὶμέχρι
396 1998 454 2025 τῶν
472 1999 564 2026 πάλαι
582 1999 801 2034 κατοιχομένων
814 1999 945 2028 ἐκάλουν

280 2035 373 2060 αὑτὸν
387 2035 413 2060 οι
429 2034 484 2068 τῆς
501 2035 723 2069 φιλανθρωπίας
742 2035 836 2069 νόμοι.

187 2091 244 2117 Καὶ
266 2092 300 2119 τὰ
325 2092 388 2127 τέλη
405 2092 479 2127 αὐτῷ
500 2092 549 2127 τῆς
572 2092 600 2125 ἐξ
617 2092 767 2129 ἀνθρώπων
787 2093 944 2129 ἀπαλλαγῆς

152 2138 325 2173 ὲνεχειρεῑτο.
343 2139 398 2164 Καὶ
414 2138 468 2174 γὰρ
489 2138 568 2173 μέχρι
590 2138 717 2172 θανάτου,
732 2140 779 2166 καὶ
794 2139 884 2166 αὐτῶν
903 2148 943 2166 νε-

152 2184 228 2219 κρῶν
244 2185 268 2211 οξ
284 2184 334 2218 τῆς
351 2184 554 2220 φιλανθρωπίας
568 2184 648 2211 αὐτὸν
665 2185 780 2212 ἐκάλουν
799 2187 886 2222 νόμοι,
905 2185 943 2218 ὡς

153 2229 187 2256 ἂν
208 2231 257 2256 καὶ
278 2231 332 2257 τῶν
358 2231 440 2257 πάλαι
457 2231 610 2258 τεθνεώτων
631 2232 680 2263 τὰς
699 2232 787 2268 ψυχὰς
809 2233 942 2259 ἀνακαλέ-

153 2283 236 2302 σοιτο·
260 2276 300 2302 ὅτι
316 2276 347 2311 δὴ
361 2276 414 2302 τῶν
435 2276 464 2308 ἐξ
477 2277 575 2308 αἰῶνος
594 2277 719 2304 ἁπάντων
735 2277 809 2313 αὐτῷ
824 2278 874 2313 τῆς
891 2287 943 2304 σω-

151 2322 252 2358 τηρίας
264 2322 355 2357 ἔμελε,
377 2322 423 2348 καὶ
436 2323 509 2354 ὅπως
527 2323 571 2350 διὰ
585 2323 631 2350 τοῦ
648 2323 764 2350 θανάτου
781 2325 942 2361 καταργήσῃ

150 2368 197 2395 τὸν
209 2368 239 2394 τὸ
254 2369 353 2404 κράτος
365 2368 460 2403 ἔχοντα
474 2369 520 2395 τοῦ
534 2369 659 2401 θανάτου,
701 2369 734 2396 τὰ
749 2369 807 2396 θεῖα
821 2370 941 2397 παιδεύει

152 2413 242 2447 λόγια.
266 2413 321 2439 Καὶ
339 2413 425 2440 ταῦτα
447 2413 527 2439 πάλιν
544 2413 645 2448 ἀναμὶξ
666 2413 748 2448 ὑπῄει
771 2414 820 2448 τὴν
842 2414 942 2440 οἰκονο-

152 2460 216 2495 μίαν
232 2460 270 2491 ὡς
291 2460 339 2495 μὲν
362 2460 513 2495 ἄνθρωπος,
536 2460 566 2485 τὸ
581 2459 661 2495 σῶμα
677 2461 709 2495 τῇ
729 2459 837 2494 συνήθει
853 2466 942 2495 παρα-

150 2505 250 2542 χωρῶν
267 2507 350 2541 ταφῇ,
366 2506 514 2542 ἀναχωρῶν
532 2506 560 2532 δὲ
575 2504 657 2532 αὑτοῦ
670 2505 708 2537 ὡς
722 2505 798 2536 Θεός.
811 2505 941 2540 Φωνήσας

150 2552 216 2587 γοῦν
255 2552 337 2587 μέγα,
367 2552 414 2579 καὶ
448 2551 487 2587 τῷ
519 2552 617 2587 Πατρὶ,
649 2561 658 2577 ‹
696 2551 884 2587 Παρατίθεμαι
910 2551 941 2577 τὸ

151 2597 272 2633 πνεῦμα,
301 2607 310 2623 ι
332 2597 430 2629 εἰπὼν,
448 2598 548 2633 ἄφετος
572 2597 704 2633 ἀνεχώρει
729 2597 775 2624 τοῦ
796 2596 919 2632 σώματος
932 2605 938 2612 ·

150 2643 278 2679 οὐδαμῶς
303 2644 464 2679 περιμείνας
486 2645 626 2679 προσεῖναι
646 2642 721 2679 αὐτῷ
745 2643 791 2670 τὸν
814 2643 938 2675 Θάνατον,

153 2688 284 2723 μέλλοντα
300 2687 329 2714 δὲ
346 2688 393 2714 καὶ
407 2688 501 2723 ὥσπερ
518 2687 688 2715 ἀποκνοῦντα
698 2709 705 2720 ,
722 2688 820 2723 μᾶλλον
838 2687 867 2714 δὲ
888 2687 940 2714 ὑπὸ

151 2733 221 2761 πόδα
233 2733 376 2769 χωροῦντα
391 2734 438 2760 καὶ
452 2734 652 2769 ἀποφεύγοντα,
666 2733 770 2761 διώκων
789 2734 869 2766 αὐτὸς
883 2734 940 2761 6m-

152 2780 215 2807 σθεν
230 2780 278 2807 καὶ
295 2780 427 2812 ἐλαύνων,
442 2781 492 2812 τάς
511 2789 542 2807 τε
555 2780 585 2814 ἐξ
598 2780 694 2812 αἰῶνος
710 2780 797 2812 πύλας
814 2779 868 2807 τῶν
881 2788 940 2807 σκο-

184 2855 197 2872 ⁶
210 2855 280 2885 Luc.
300 2863 384 2889 mu,
397 2855 440 2884 46.

1370 1453 1413 1482 Xl.

1066 1524 1292 1557 Quemadmodum
1309 1525 1378 1552 inter
1398 1524 1514 1550 homines
1529 1524 1608 1550 vitam
1624 1524 1715 1558 egerit.

1032 1581 1166 1616 Deinceps
1177 1589 1241 1609 vero
1256 1581 1389 1616 reliquam
1404 1581 1488 1607 vitam
1503 1588 1611 1608 omnem
1628 1581 1722 1608 eadem
1741 1588 1787 1607 ra-

996 1627 1071 1655 tione
1086 1628 1199 1662 peregit,
1216 1634 1288 1654 nunc
1303 1627 1412 1661 quidem
1432 1626 1548 1653 similem
1567 1630 1671 1652 natura!
1683 1630 1785 1653 nostra:

996 1672 1193 1703 inﬁrmitatem,
1211 1680 1284 1699 nunc
1300 1679 1365 1698 vero
1381 1672 1469 1706 ipsum
1487 1671 1533 1699 Dei
1550 1671 1668 1699 Verbum
1686 1680 1741 1707 pne
1756 1680 1786 1700 se

995 1717 1098 1752 ferens,
1120 1718 1185 1745 dum
1210 1718 1331 1753 ingentia
1356 1718 1479 1753 quaedam
1506 1722 1588 1753 atque
1613 1718 1786 1745 admirabilia

994 1767 1127 1798 tanquam
1149 1763 1220 1791 Deus
1233 1763 1324 1797 ellicit,
1340 1771 1371 1790 ac
1397 1771 1457 1798 qua:
1478 1763 1568 1790 futura
1594 1767 1686 1791 essent
1708 1768 1786 1790 tanto

994 1813 1058 1835 ante
1077 1808 1213 1843 praedicit,
1234 1812 1261 1835 et
1276 1809 1322 1843 qui
1342 1816 1357 1835 a
1372 1808 1452 1843 166
1469 1809 1563 1836 multis
1581 1817 1635 1836 non
1661 1809 1785 1836 cernitur

995 1853 1067 1881 Deus
1084 1852 1216 1885 Verbum,
1229 1861 1290 1880 eum
1305 1853 1393 1888 ipsum
1409 1853 1486 1880 lactis
1500 1854 1658 1889 planissime
1672 1854 1786 1882 demon-

994 1903 1064 1928 strat
1078 1899 1166 1935 [paria
1177 1904 1203 1926 et
1218 1899 1318 1926 similia
1334 1899 1446 1936 initiis].

1360 1957 1416 1985 ΧΗ.

996 2003 1072 2038 Quod
1088 2011 1170 2037 usque
1185 2002 1272 2030 adeas
1287 2003 1332 2037 qui
1347 2003 1492 2037 antiquitus
1505 2002 1604 2029 mortui
1615 2007 1700 2036 erant,
1716 2003 1783 2038 lege:

1175 2039 1348 2066 humanitatis
1365 2038 1439 2064 illum
1458 2040 1594 2065 vocabant.

1029 2096 1098 2124 Vitaa
1114 2097 1196 2124 etiam
1212 2096 1292 2122 ﬁnem
1309 2100 1472 2126 extremum,
1489 2103 1550 2122 cum
1574 2095 1608 2122 ab
1626 2094 1783 2122 hominibus

994 2140 1132 2173 discessit,
1146 2141 1226 2168 initio
1248 2140 1371 2175 ejusdem
1390 2147 1481 2174 parem
1499 2147 1530 2166 ac
1542 2139 1657 2167 similem
1673 2140 1782 2175 praesti-

996 2187 1037 2214 tit.
1048 2186 1152 2214 Etenim
1169 2194 1255 2220 usque
1274 2185 1306 2212 ad
1322 2189 1448 2216 mortem,
1459 2190 1538 2220 atque
1555 2193 1641 2219 usque
1658 2185 1691 2211 ad
1708 2186 1782 2220 ipsos

993 2236 1128 2264 mortuos,
1150 2232 1224 2267 leges
1246 2238 1309 2265 erga
1337 2231 1461 2258 homines
1477 2231 1720 2265 charitatisipsum
1736 2239 1783 2258 vo-

992 2278 1101 2310 cabant,
1122 2281 1151 2304 ut
1166 2285 1260 2304 eorum
1280 2283 1399 2311 quoque,
1413 2276 1459 2310 qui
1480 2281 1558 2302 antea
1576 2276 1673 2302 mortui
1692 2280 1781 2309 erant,

993 2323 1099 2350 animas
1114 2326 1274 2349 revocaret:
1288 2320 1508 2355 quandoquidem
1526 2321 1647 2347 omnium
1666 2321 1783 2355 quicun-

992 2376 1045 2404 que
1056 2376 1071 2395 a
1086 2368 1195 2396 condito
1212 2375 1269 2394 arvo
1287 2367 1416 2398 fuissent,
1431 2367 1546 2393 salutem
1565 2368 1623 2401 ipsc
1642 2366 1755 2392 curabat
1772 2373 1781 2393 :

992 2422 1109 2446 necnon,
1125 2419 1154 2440 ut
1177 2421 1227 2441 sua
1245 2418 1332 2440 morte
1351 2412 1454 2439 deleret
1471 2420 1544 2444 eum,
1564 2412 1611 2447 qui
1635 2411 1781 2446 imperium

992 2460 1088 2487 mortis
1104 2459 1231 2492 habebat,
1261 2458 1487 2494 quemadmodum
1503 2458 1594 2485 divina
1606 2457 1704 2484 docent
1719 2464 1783 2484 ora-

992 2506 1064 2532 cula.
1080 2505 1168 2540 Atque
1191 2505 1218 2532 in
1235 2505 1287 2531 hoc
1304 2512 1414 2539 quoque
1433 2504 1590 2539 promiscue
1609 2510 1706 2530 rursus
1723 2503 1782 2530 dis-

992 2552 1178 2586 pensationem
1199 2551 1283 2577 obivit
1298 2561 1305 2578 :
1323 2551 1434 2585 quippe,
1457 2550 1503 2585 qui
1545 2554 1674 2584 tanquam
1700 2548 1782 2575 homo

990 2605 1091 2632 corpus
1108 2597 1142 2624 de
1163 2600 1250 2624 morte
1268 2596 1451 2630 sepeliendum
1471 2595 1622 2630 reliquerit,
1634 2595 1669 2621 ab
1683 2594 1780 2621 eodem

990 2650 1055 2670 vero
1070 2651 1185 2677 corpore
1203 2646 1333 2677 tanquam
1352 2642 1424 2669 Deus
1439 2642 1607 2669 discesserit.
1624 2640 1692 2668 Cum
1705 2640 1780 2668 etiim

991 2688 1073 2715 altius
1096 2695 1191 2714 vocem
1215 2688 1362 2718 emisisset,
1381 2691 1408 2714 et
1432 2686 1504 2713 Patri
1528 2686 1653 2718 dixisset,
1676 2695 1685 2712 ι
1703 2693 1779 2712 com-

990 2732 1089 2760 mendo
1106 2732 1261 2767 spiritum',
1277 2741 1286 2758 )
1300 2732 1407 2759 solutus
1421 2739 1436 2758 a
1453 2738 1568 2766 corpore
1581 2731 1648 2757 abiit
1662 2738 1668 2756 :
1687 2729 1778 2757 neuti-

989 2785 1070 2813 quam
1081 2783 1243 2813 exspectans
1253 2778 1317 2806 dum
1333 2785 1406 2805 mors
1420 2777 1453 2805 ad
1466 2778 1554 2814 ipsum
1570 2776 1721 2809 accederet.
1730 2775 1779 2804 sed
