2071 3219
279 158 331 186 285

616 159 751 187 EL'SEBH
767 160 1010 188 (IAZSAlilENSlS
1027 160 1103 189 OPP.
1122 160 1221 189 PARS.
1244 162 1264 188 l.
1284 176 1319 182 —
1335 161 1584 189 APOLOGETICA.

1851 163 1906 190 28$

279 217 353 243 illam
376 220 549 244 cunctantem
574 225 605 243 ac
630 218 712 244 veluti
738 223 902 250 cessantem,
921 226 953 245 ac
975 219 1067 254 potius

1118 219 1182 245 τίων
1197 219 1288 254 μυχῶν
1303 219 1478 255 δῖαρῤηγνὺς,
1490 219 1605 251 καὶτοῖς
1617 220 1710 246 αὐτόθι
1725 222 1832 256 νεκροῖς
1847 230 1906 248 σει-

279 261 470 296 conjicientem
487 269 516 288 se
526 262 552 288 in
567 262 650 297 pedes
661 266 688 290 et
702 262 872 297 fugitantem,
888 263 946 298 ipse
960 271 974 290 a
990 267 1066 299 tergo

278 306 426 340 insequens
441 311 522 341 atque
542 307 693 342 impellens,
709 312 879 343 arternasque
901 309 1066 337 abditiorum

279 352 453 379 tenebrarum
475 358 568 387 portas
580 353 745 388 refringens,
762 360 789 381 et
810 355 926 383 mortuis
943 355 989 390 qui
1012 356 1067 384 illic

279 398 385 425 catenis
399 400 497 426 mortis
521 399 645 434 impliciti
660 404 750 432 erant,
767 402 907 428 remeandi
932 402 966 429 ad
984 403 1066 429 vitam

279 443 331 470 iter
356 448 507 471 retrorsum
529 446 667 480 aperiens.
693 446 749 473 Hac
771 455 838 474 sane
852 448 958 475 ratione
981 449 1067 483 ipsius

278 490 361 517 «tiam
376 498 477 526 corpus
492 496 628 519 mortuutn
641 493 789 520 excitatum
802 498 853 526 est,
867 499 893 521 et
905 495 989 521 multa
1006 503 1068 521 cor-

280 544 347 571 pora
370 546 476 568 eorum.
492 539 537 573 qui
557 539 724 566 dormierant
747 544 916 573 sanctorutn,
942 548 1068 569 surrexe-

279 588 343 609 runt
359 593 366 611 :
388 592 496 619 unaque
512 593 573 611 cum
589 586 648 620 ipso
661 587 687 613 in
711 591 835 614 sanctam
851 595 884 614 ac
903 596 966 615 vere
983 589 1067 616 crete-

280 633 348 655 stem
370 630 507 658 civitatem
524 632 647 666 ingressa
667 637 741 664 sunt,
758 639 786 661 ut
807 636 905 662 merito
919 643 951 662 ex
973 635 1025 662 hoc
1040 635 1068 663 in

279 674 367 701 sacris
385 674 498 703 Litteris
520 676 623 704 dictum
640 678 675 704 sit
690 688 696 705 :
716 688 725 704 ι
743 679 890 714 Absorpsit
911 688 986 708 mors
1008 689 1069 715 qua:

280 714 432 747 invaluerat
445 721 476 747 ιο.
497 732 506 748 ι
522 722 553 749 Et
570 731 687 751 rursus:
709 734 718 750 ι
735 726 855 752 Abstulit
873 725 944 753 Deus
960 734 1067 754 omnem

278 764 425 799 iacrymam
436 766 470 793 ab
485 768 558 794 omni
574 767 642 795 facie
652 769 683 794 “.
700 778 709 794 ι
724 769 783 804 ipse
797 778 861 798 vero
876 771 995 798 universi
1010 772 1069 798 Sal-

277 814 356 836 vator
369 818 401 837 ac
419 810 549 840 Dominus
565 819 676 846 noster,
694 817 741 850 qui
756 816 883 845 Christus
896 822 936 845 est
953 817 1011 851 Dei,
1028 819 1069 845 vi—

278 855 426 890 ctoriaeque
437 863 591 892 reportatur
600 861 710 893 dicitur,
719 862 745 888 in
755 863 922 898 propheticis
931 865 1069 892 vaticiniis

280 905 395 928 mortem
406 903 555 938 objurgans
567 906 715 939 inducitur,
728 913 754 934 et
763 910 868 937 animas
878 911 997 941 solvens,
1009 918 1070 945 qua:

280 947 334 974 illic
346 949 443 976 vincta:
458 951 660 983 detinebantur,
672 954 716 980 ubi
733 955 994 992 victorimhymnum
1005 965 1069 991 pro-

279 995 397 1028 nuntiat,
418 996 475 1031 ipsa
491 998 547 1025 haec
566 999 645 1033 plane
661 1000 754 1028 dicens
769 1009 775 1027 :
790 1011 798 1027 ι
816 1001 854 1029 De
871 1010 954 1029 manu
970 1003 1070 1031 inferni

279 1041 392 1076 eripiam
402 1051 459 1075 eos,
472 1048 499 1070 et
515 1053 529 1070 ιι
548 1050 634 1073 morte
644 1046 765 1075 liberabo
778 1055 872 1075 eorum
886 1049 1002 1077 animas.
1018 1049 1068 1078 Ubi

283 1096 341 1121 tua,
361 1099 445 1124 morS,
463 1093 594 1120 victoria?
609 1095 652 1121 ubi
668 1099 742 1126 tuus,
756 1103 838 1129 mors,
859 1097 985 1125 stimulus
1004 1099 1043 1125 “‘P
1060 1108 1070 1125 ο

284 1134 415 1164 Slitnulus
427 1142 516 1164 autem
530 1139 626 1166 m0rtis
637 1144 678 1166 est
689 1145 838 1174 peceatum,
853 1147 971 1175 potestas
979 1148 1071 1170 autem

282 1182 394 1213 peccati,
404 1182 454 1209 lex.
471 1183 548 1218 167
558 1183 631 1211 Talis
642 1193 706 1213 sane
718 1186 789 1213 illius
802 1187 840 1213 vel
852 1195 938 1221 usque
952 1189 984 1215 ad
999 1196 1072 1216 mor-

285 1231 337 1251 tem
362 1225 412 1253 l'uit
433 1227 611 1261 dispensatio,
628 1229 706 1263 cujus
727 1238 780 1257 non
796 1239 875 1257 unam
897 1239 1006 1259 causam
1025 1233 1072 1267 qui

287 1271 400 1298 voluerit
413 1280 544 1306 quaerere,
557 1275 602 1300 sed
616 1275 706 1308 plures
717 1276 835 1303 inveniet
849 1285 855 1303 :
870 1279 984 1311 primam
998 1286 1072 1304 nam-

284 1323 337 1350 que
351 1316 424 1344 illam
444 1318 531 1352 ipsum
549 1311 667 1346 Verbum
683 1321 773 1354 docet,
797 1327 826 1348 ut
841 1329 894 1349 tam
911 1323 937 1349 in
956 1325 1070 1352 mortuis

283 1369 364 1395 quam
377 1362 405 1388 in
417 1363 485 1389 vivis
498 1363 683 1391 dominaretur
698 1374 704 1391 :
722 1366 833 1394 alteram
849 1373 878 1394 ut
891 1373 996 1396 nostras
1009 1369 1071 1396 abs-

283 1412 400 1441 tergeret
415 1409 534 1436 maculas
550 1415 734 1444 peccatorum,
747 1413 792 1446 qui
805 1420 854 1446 pro
876 1414 954 1441 nobis
966 1415 1070 1442 sacritl-

282 1457 370 1483 catus,
382 1457 409 1479 et
424 1461 471 1486 pro
489 1454 568 1481 nobis
580 1456 732 1483 exsecratio
746 1456 833 1485 factus
849 1459 883 1486 sit
896 1467 902 1484 :
917 1460 1024 1486 tertiam
1039 1466 1069 1487 ut

283 1502 412 1534 tanquam
427 1500 475 1528 Dei
488 1503 597 1530 victima
612 1508 692 1540 atque
707 1506 803 1540 ingens
816 1508 993 1541 sacriﬁcium,
1015 1509 1067 1544 ipsi

1119 266 1180 299 ραῖς
1195 265 1308 291 θανάτου
1325 265 1521 300 πεπεδημένοις
1538 265 1717 301 παλίντροπον
1729 266 1779 301 τῆς
1793 266 1839 293 ἐπὶ
1854 267 1905 302 τὴν

1118 309 1190 345 ζωὴν
1214 311 1309 337 ἀνόδου
1336 312 1386 346 τὴν
1408 311 1520 346 πορείαν
1544 311 1713 346 ποιούμενος.
1744 311 1836 348 Ταύτῃ
1859 321 1905 339 τοι

1119 356 1192 391 αὐτῷ
1211 357 1257 383 καὶ
1273 358 1287 382 ὁ
1304 357 1419 388 τεθνεὼς
1436 357 1606 393 ἀνηγείρετο,
1621 358 1667 384 καὶ
1686 357 1771 384 πολλὰ
1789 358 1906 393 σώματα.

1117 402 1171 428 τῶν
1186 403 1393 438 κεκοιμημένων
1405 404 1489 437 ἁγίων
1501 403 1653 435 ἀνίσταντο,
1668 404 1905 430 συνεισελαύνοντα

1119 447 1191 483 αὑτῴ
1206 449 1245 479 είς
1263 449 1311 482 τὴν
1327 448 1408 482 ἁγίαν
1427 449 1474 474 καὶ
1489 448 1526 479 ὼς
1545 448 1651 483 ἀληθῶς
1665 448 1850 484 οὐρανόπολιν,
1866 448 1905 480 ὡς

1119 494 1230 526 εἰκότως
1255 496 1283 520 ὲν
1303 496 1362 526 ταῖς
1390 494 1474 526 θείαις
1499 495 1656 530 ἀνειρῆσθαι
1680 496 1790 528 φωναῖς·
1808 503 1817 519 ι
1833 495 1906 521 Κατ-

1118 541 1194 567 έπιεν
1216 542 1230 567 ὀ
1250 540 1364 572 θάνατος
1405 540 1527 575 ἰσχύσας.
1554 550 1563 566 ι
1591 541 1643 568 Καὶ
1663 541 1754 567 πάλινθ
1777 550 1785 565 ι
1815 541 1905 575 Ἀφεῖ-

1118 586 1163 613 λεν
1187 588 1200 613 ὁ
1219 587 1285 618 Θεὸς
1305 587 1360 613 πᾶν
1376 587 1493 622 δάκρυον
1516 587 1569 613 ἀπὸ
1591 587 1690 619 παντὸς
1708 586 1864 619 προσώπου.
1893 596 1902 612 »

1119 633 1174 658 Καὶ
1195 632 1276 662 αὐτος
1288 632 1316 658 δὲ
1333 633 1348 657 ὁ
1369 631 1422 658 τῶν
1438 631 1505 658 ὅλων
1522 632 1616 667 Σωτὴρ
1636 632 1684 658 καὶ
1698 631 1800 667 Κύριος
1814 632 1904 666 ἡμῶν,

1119 679 1133 704 ὁ
1163 677 1279 714 Χριστὸς
1311 677 1357 704 τοῦ
1384 677 1471 715 Θεοῦι
1505 677 1650 713 νικηφόρος
1685 677 1846 712 λεγόμενος,
1876 679 1906 704 ὲν

1119 725 1179 755 ταῖς
1202 725 1381 759 προφητικαῖς
1400 724 1582 759 προρρήσεσιν
1595 723 1783 759 ὲπικερτομῶν
1802 724 1907 758 εἰσάγε-

1119 779 1164 796 ται
1192 769 1231 805 τῷ
1256 770 1373 805 θανάτῳ,
1395 770 1442 796 καὶ
1468 770 1517 801 τὰς
1538 769 1631 796 αὐτόθι
1657 769 1728 796 λύων
1752 770 1907 805 πεπεδημέ-

1119 826 1169 849 νας
1189 816 1293 852 ψυχὰς,
1324 817 1358 842 δι’
1380 813 1417 843 ὧν
1439 817 1484 842 τὸν
1505 816 1637 842 ἐπινίκιον
1665 815 1748 851 ὖμνον
1772 816 1908 851 προφέρε-

1120 872 1175 895 ται,
1197 862 1267 890 αὐτὰ
1289 862 1321 898 δὴ
1343 862 1427 889 ταῦτα
1446 862 1548 896 λέγων·
1572 871 1581 887 ι
1608 862 1654 888 Ἐκ
1673 861 1762 896 χειρὸς
1780 861 1842 896 ᾅδου
1863 861 1909 897 ῥύ-

1122 917 1202 944 σομαι
1225 909 1334 940 αὐτοὺς,
1359 908 1406 934 καὶ
1428 908 1461 934 ὲκ
1484 907 1599 934 θανάτου
1621 906 1794 942 λυτρώσομαι
1817 906 1907 934 αὐτῶν

1120 955 1170 986 τὰς
1188 955 1284 990 ψυχάς.
1303 954 1357 980 Ποῦ
1382 962 1438 986 σου,
1462 954 1577 985 θάνατε,
1600 953 1630 979 τὸ
1655 954 1745 985 νῖκος;
1772 952 1824 979 ποῦ
1848 961 1906 984 σου,

1122 1001 1231 1032 Θάνατε,
1247 1001 1277 1027 τὸ
1291 1001 1418 1036 κέντρον;
1429 1000 1460 1026 τὸ
1478 999 1506 1025 δὲ
1523 999 1633 1035 κέντρον
1646 998 1692 1024 τοῦ
1705 998 1821 1024 Θανάτου
1834 998 1908 1024 ἐστὶν

1120 1050 1136 1083 ἡ
1155 1048 1287 1084 ἁμαρτία,
1305 1048 1321 1082 ἡ
1338 1048 1366 1074 δὲ
1388 1047 1502 1082 δύναμις
1524 1047 1572 1082 τῆς
1598 1046 1744 1081 ἁμαρτίας,
1760 1046 1774 1071 ὀ
1788 1045 1880 1079 νόμος,
1896 1054 1905 1069 ι

1122 1094 1237 1130 Τοιαύτη
1254 1102 1295 1125 τις
1314 1093 1387 1128 αὑτῷ
1400 1094 1447 1120 καὶ
1459 1093 1539 1128 μέχρι
1560 1092 1606 1118 τοῦ
1624 1092 1737 1118 θανάτου
1762 1091 1870 1125 ἐγένετο
1891 1091 1907 1125 ἡ

1121 1140 1268 1175 οἰκονομία,
1286 1138 1319 1175 ἧς
1333 1140 1362 1166 οὺ
1379 1139 1442 1174 μίαν
1457 1139 1555 1170 αἰτίαν,
1571 1138 1638 1165 ἀλλὰ
1652 1138 1698 1165 καὶ
1711 1138 1818 1170 πλείους
1833 1137 1911 1174 εὖροι

1121 1189 1152 1215 ἄν
1171 1197 1214 1219 τις
1226 1187 1357 1222 ἐθελήσας
1376 1185 1476 1220 ζητεῖν.
1497 1185 1611 1221 Πρώτην
1639 1185 1686 1220 μὲν
1705 1185 1759 1220 γὰρ
1785 1186 1799 1212 ὀ
1821 1185 1909 1218 Λόγος

1121 1233 1251 1263 διδάσκει,
1271 1232 1313 1258 ἵνα
1328 1231 1374 1258 καὶ
1387 1231 1490 1266 νεκρῶν
1502 1230 1548 1257 καὶ
1563 1229 1670 1262 ζώντων
1685 1230 1825 1266 κυριεύσῃ·
1849 1230 1909 1255 Bau—

1119 1278 1201 1314 τέραν
1215 1278 1252 1309 δὲ,
1270 1277 1344 1308 ὅπως
1358 1276 1406 1308 τὰς
1424 1276 1561 1311 ἡμετέρας
1574 1276 1740 1310 ἀπομάξοιτο
1758 1275 1907 1311 ἁμαρτίας.

1120 1324 1188 1359 ὑπὲρ
1202 1323 1280 1358 ἡμῶν
1297 1322 1419 1357 τρωθεὶς,
1439 1322 1485 1348 καὶ
1499 1322 1643 1356 γενόμενος
1665 1322 1735 1356 ὑπὲρ
1753 1321 1831 1356 ἡμῶν
1841 1330 1910 1348 κατ-

1120 1369 1182 1404 άρα·
1207 1369 1311 1403 τρίτην,
1326 1368 1364 1399 ὡς
1385 1367 1417 1394 ἂν
1433 1368 1528 1403 ἱερεῖον
1544 1367 1611 1394 Θεοῦ
1631 1367 1677 1393 καὶ
1699 1367 1804 1402 μεγάλη
1829 1366 1909 1393 θυσία

1120 1414 1189 1449 ὑπὲρ
1202 1413 1247 1440 τοῦ
1267 1413 1422 1448 σύμπαντος
1438 1413 1540 1447 κόσμου
1555 1412 1720 1447 προσαχθείη
1736 1412 1774 1446 τῷ
1788 1411 1833 1438 ἐπὶ
1845 1412 1909 1438 πάν-

1119 1467 1172 1485 των
1187 1458 1255 1493 Θεῷ·
1268 1458 1412 1493 τετάρτην,
1436 1457 1473 1488 ὡς
1493 1457 1526 1483 ἂν
1547 1455 1627 1487 αὐτὸς
1651 1456 1701 1490 τῆς
1722 1454 1908 1486 πολυπλανοῦς

1119 1505 1166 1531 καὶ
1178 1503 1339 1539 δαιμονιχῆς
1359 1503 1499 1538 ἐνεργείας
1515 1502 1682 1538 ἀπορρήτοις
1710 1501 1798 1535 λόγοις
1816 1500 1908 1527 καθαί-

283 1552 412 1579 supremo
426 1546 481 1574 Deo
498 1548 640 1577 offerretur
656 1559 704 1586 pro
719 1553 846 1581 universo
855 1555 955 1580 mundo
968 1563 1067 1590 :quar-

1121 1558 1194 1585 ρεσιν
1209 1549 1405 1585 ἀπεργάσαιτο’
1421 1548 1549 1583 πέμπτην
1563 1547 1609 1574 ἐπὶ
1628 1546 1722 1583 ταύτῃ,
1743 1547 1780 1578 ὡς
1801 1546 1833 1572 ἂν
1852 1547 1909 1577 τοῖς

283 1593 336 1616 tam
355 1595 383 1617 ut
398 1591 438 1618 sic
456 1592 604 1621 fallattiosaz
615 1603 646 1622 ac
666 1596 820 1624 daemonicae
849 1599 974 1627 elﬁcacia:
990 1607 1067 1627 ever-

281 1635 386 1662 sionem
398 1637 558 1666 moliretur:
580 1641 704 1674 quintam
722 1642 755 1669 ad
784 1643 851 1675 hinc,
866 1649 894 1671 ut
918 1646 975 1672 suis
988 1645 1068 1672 fami-

280 1681 394 1709 liaribus
420 1691 452 1710 ac
467 1685 609 1720 discipulis
621 1688 691 1719 vitro,
709 1696 768 1722 qua:
792 1695 852 1723 post
866 1695 978 1718 mortem
993 1692 1066 1726 apud

281 1727 364 1755 Deum
387 1729 477 1757 futura
495 1736 536 1759 est
553 1740 640 1767 spem,
663 1742 717 1761 non
734 1736 858 1763 oratione
873 1745 962 1772 neque
976 1739 1067 1766 verbis

280 1779 327 1801 aut
345 1776 468 1809 vocibus,
485 1779 532 1805 sed
552 1779 632 1807 factis
648 1788 680 1807 ac
696 1789 725 1808 re
742 1781 800 1816 ipsa
816 1789 1027 1817 reprtesentans,
1040 1789 1067 1812 ct

280 1820 353 1854 quod
363 1823 452 1849 verbis
464 1824 602 1858 pollicitus
617 1826 810 1858 fuerat,oculis
825 1829 892 1863 ipsis
907 1830 1066 1858 intuendutn

280 1867 442 1902 subjiciens,
456 1870 666 1900 conﬁdentiores
680 1881 727 1901 eos
742 1878 824 1909 atque
842 1876 990 1904 alacriores
998 1885 1068 1912 prae-

281 1918 376 1946 staret,
394 1915 496 1942 adeant
511 1925 571 1952 qua:
585 1919 617 1945 ab
635 1919 694 1954 ipso
707 1920 830 1948 instituta
842 1921 940 1953 fuerat,
959 1924 1068 1959 religio—

281 1968 318 1987 sa:
342 1962 404 1988 vita
426 1963 571 1995 rationem,
593 1965 720 1993 omnibus
749 1967 830 1994 simul
852 1972 879 1994 et
901 1966 1014 2002 Graecis,
1041 1974 1068 1997 et

280 2006 406 2034 barbaris
428 2009 606 2037 nuntiandam
625 2018 631 2036 :
663 2013 789 2046 protinus
815 2014 906 2049 itaque.
928 2015 977 2042 hos
993 2016 1067 2050 ipsos

281 2051 430 2081 familiares
460 2062 492 2081 ac
517 2056 635 2088 sodales,
662 2066 731 2092 quos
756 2059 813 2093 ipse
841 2060 892 2087 sibi
908 2060 941 2087 dc
957 2061 1067 2095 optimis

281 2099 521 2132 lectosasciverat,
547 2103 740 2139 apostolosque
765 2112 831 2132 suos
858 2112 890 2132 ac
916 2105 1067 2141 discipulos

282 2146 480 2180 declaraverat,
496 2156 546 2175 sua
562 2149 648 2183 ipsius
670 2150 762 2177 divina
786 2152 887 2179 virtute
910 2154 1066 2188 complevit,

281 2196 402 2227 utquam
417 2193 474 2228 ipse
486 2195 661 2222 nuntiaverat
677 2196 722 2223 Dei
731 2197 924 2232 cognitionem,
935 2198 974 2224 illi
988 2206 1069 2226 omne

1118 1595 1199 1621 αὑτοῦ
1215 1595 1363 1630 γνωρίμοις
1377 1595 1423 1621 καὶ
1439 1593 1571 1629 μαθηταῖς
1588 1592 1636 1627 τῆς
1649 1592 1718 1627 μετὰ
1728 1591 1773 1618 τὸν
1794 1591 1908 1618 θάνατον

1118 1641 1192 1676 παρὰ
1208 1641 1266 1676 Θεῷ
1280 1640 1352 1675 ζωῆς
1364 1641 1412 1676 τὴν
1431 1639 1525 1666 ἐλπίδα
1548 1639 1585 1674 μὴ
1607 1639 1695 1672 λόγοις
1720 1637 1786 1673 μηδὲ
1805 1638 1908 1672 ῥήμασι

1118 1688 1163 1714 καὶ
1179 1689 1289 1722 φωναῖς,
1308 1687 1375 1714 ἀλλὰ
1395 1687 1484 1717 αὐτοῖς
1501 1686 1590 1721 ἔργοις
1605 1686 1792 1720 παραστήσας,
1808 1683 1909 1718 ὀφθαλ-

1120 1735 1180 1769 μοῖς
1196 1742 1224 1760 τε
1239 1733 1376 1768 παραδοὺς
1385 1732 1433 1768 τὴν
1449 1732 1494 1759 διὰ
1510 1732 1562 1758 τῶν
1575 1731 1660 1766 λόγων
1677 1730 1854 1765 ἐπαγγελίαν,
1868 1730 1910 1756 εὑ-

1118 1780 1228 1815 θαρσεῖς
1241 1779 1338 1810 αὐτοὺς
1350 1780 1395 1805 καὶ
1410 1777 1630 1814 προθυμοτέρους
1644 1777 1841 1812 ἀπεργάσαιτο,
1862 1775 1910 1802 καὶ

1118 1826 1200 1851 πᾶσιν
1216 1823 1344 1859 Ἕλλησιν
1360 1823 1426 1859 ὁμοῦ
1441 1824 1488 1850 καὶ
1507 1822 1654 1859 βαρϐάροις
1672 1822 1720 1857 τὴν
1741 1822 1808 1858 πρὸς
1824 1820 1907 1847 αὐτοῦ

1117 1870 1332 1905 καταϐληθεῖεαν
1356 1870 1453 1905 εὐσεῧῆ
1474 1868 1608 1896 πολιτείαν
1627 1868 1754 1903 κηρύξαι·
1773 1867 1872 1894 αὐτίκα
1887 1867 1908 1893 δ’

1117 1915 1163 1943 οὖν
1178 1917 1276 1947 αὐτοὺς
1286 1916 1317 1952 δὴ
1332 1916 1442 1947 τούτους
1458 1916 1520 1947 τοὺς
1532 1914 1686 1950 γνωρίμους
1701 1914 1747 1940 καὶ
1762 1913 1908 1944 θιασώτας,

1118 1962 1163 1995 οὓς
1176 1963 1255 1994 αὐτὸς
1272 1962 1346 1998 αὐτῷ
1369 1961 1523 1998 ἀριστίνδην
1543 1961 1686 1996 ἐπικρίνας
1700 1959 1864 1990 ἀποστόλους
1879 1967 1909 1984 τε

1118 2009 1198 2037 αὑτοῦ
1214 2009 1262 2036 καὶ
1289 2008 1412 2045 μαθητὰς
1435 2007 1588 2040 ἀνελὲξατο,
1612 2007 1660 2040 τῆς
1681 2005 1713 2038 ἐξ
1731 2005 1813 2033 αὐτοῦ
1836 2005 1910 2038 θείας

1117 2056 1258 2091 δυνάμεως
1276 2055 1423 2090 ἐμπλῆσαι,
1441 2055 1494 2080 πᾶν
1508 2053 1584 2088 γένος
1606 2051 1755 2088 ἀνθρώπων
1772 2049 1910 2085 ἐκδιδάξαι

1117 2103 1166 2138 τὴν
1196 2101 1264 2137 πρὸς
1285 2100 1366 2127 αὑτοῦ
1390 2099 1620 2134 καταγγελθεῖεαν
1643 2097 1826 2132 θεογνωσίαν,
1861 2099 1910 2126 ’ἐνα

1117 2150 1173 2179 τοῖς
1190 2148 1272 2174 πᾶσιν
1289 2147 1402 2182 Ἕλλησί
1421 2156 1450 2173 τε
1465 2147 1511 2173 καὶ
1528 2146 1675 2182 βαρϐάροις
1690 2147 1831 2178 Ξύσεὸείας
1842 2147 1905 2172 ὑπο-

1119 2194 1230 2229 Οέμενος
1244 2193 1353 2229 τρόπον.
1369 2192 1501 2227 δαιμόνων
1514 2191 1686 2228 ἁναχώρησίν
1705 2201 1733 2218 τε
1748 2193 1795 2219 καὶ
1810 2193 1908 2228 φυγὴν,

274 2239 422 2270 ,Ιιοιηίηυιη
432 2248 518 2275 genus
532 2241 671 2273 docerent.
691 2251 773 2269 unam
792 2243 900 2270 interim
927 2245 1066 2278 omnibus,

1121 2240 1167 2266 καὶ
1185 2240 1235 2274 τῆς
1257 2239 1387 2265 πολυθέου
1413 2238 1516 2274 πλάνης
1534 2239 1686 2270 ἀνάνευσιν,
1706 2239 1764 2270 ἐνὸς
1783 2239 1811 2266 δὲ
1829 2239 1909 2274 μόνου

280 2290 336 2312 tam
351 2285 454 2314 Graecis
466 2295 546 2322 quatn
564 2289 699 2322 barbaris,
715 2290 855 2325 religionis
866 2290 1014 2319 instituens
1027 2299 1070 2318 ra-

281 2334 381 2361 tionem
395 2345 401 2362 :
416 2343 447 2362 ea
458 2343 539 2370 porro
551 2340 618 2369 erat,
630 2341 658 2363 ut
673 2345 687 2363 a
701 2337 869 2365 dannonibus
882 2339 976 2373 procul
990 2346 1066 2366 rece-

280 2379 386 2411 derent,
403 2389 506 2416 eosque
529 2382 665 2417 fugerent,
696 2383 863 2419 deorumque
881 2384 1066 2412 multitudinis

282 2425 415 2453 fallaciam
429 2427 606 2460 declinarent,
623 2433 704 2463 atque
712 2437 794 2456 unum
809 2430 897 2456 solum
909 2437 1066 2464 supremum

282 2471 365 2500 Deum
374 2480 436 2499 vere
450 2478 647 2507 cognosoerent
663 2481 669 2500 :
687 2477 817 2508 praeterea
835 2473 1020 2501 liberationem
1034 2473 1068 2500 ab

1119 2284 1185 2311 Θεοῦ
1202 2284 1248 2310 τοῦ
1263 2284 1309 2310 ἐπὶ
1322 2284 1429 2311 πάντων
1450 2284 1550 2318 γνῶσιν
1570 2284 1656 2320 ἀληθῆ
1675 2284 1909 2320 προκηρύττοντα,

1117 2332 1164 2358 καὶ
1176 2331 1252 2357 λύσιν
1272 2331 1320 2366 μὲν
1333 2330 1387 2357 τῶν
1403 2330 1644 2365 προηγνοημένων,
1667 2332 1690 2356 εἰ
1707 2330 1744 2366 μὴ
1764 2330 1801 2356 ἔτ’
1818 2331 1910 2362 αὐτοῖς

1119 2377 1282 2412 ἐπιμένοιεν,
1308 2376 1372 2412 μίαν
1390 2376 1418 2402 δὲ
1444 2377 1500 2407 τοῖς
1523 2377 1587 2403 πᾶσι
1607 2377 1744 2411 σωτηρίας
1765 2376 1860 2403 ἐλπίδα
1875 2374 1909 2403 δι’

1117 2422 1151 2460 ἧς
1177 2423 1346 2449 ὑποτέθειται
1376 2422 1512 2456 πανσόφου
1534 2423 1581 2448 καὶ
1600 2422 1750 2458 παναρέτου
1772 2421 1909 2454 πολιτείας

1121 2469 1250 2506 ὑπισχνού
1255 2479 1345 2505 μενον.

282 2521 326 2551 iis,
338 2529 398 2555 qua:
414 2521 490 2555 prius
507 2522 664 2556 ignoranter
687 2522 893 2553 commiserant,
919 2521 1067 2549 dummodo
1084 2529 1116 2547 ne
1132 2520 1159 2547 in
1171 2519 1267 2547 iisdem
1294 2522 1520 2569 perseverarent,
1535 2515 1803 2569 erunatnomnibus
1834 2515 1910 2569 salu-

282 2568 317 2595 tis
328 2576 412 2602 spem,
429 2577 476 2603 per
491 2570 556 2596 illud
580 2570 652 2604 quod
664 2570 721 2604 ipse
735 2574 863 2604 posuerat
883 2569 1094 2604 sapientissime,
1117 2576 1148 2594 ac
1171 2575 1233 2594 cum
1256 2566 1329 2593 omni
1350 2565 1449 2591 virtute
1470 2564 1576 2592 vivendi
1607 2564 1771 2595 institutum,
1799 2562 1910 2598 pollice-

283 2617 371 2643 batur.

641 2664 710 2691 Xlli.

285 2706 362 2738 Quod
374 2707 400 2733 in
420 2716 451 2746 eo
466 2713 572 2742 natura,
585 2719 643 2745 qtae
661 2719 707 2738 nec
722 2712 778 2745 pati
794 2731 801 2742 ,
820 2720 865 2738 nec
881 2712 943 2738 lmdi
969 2717 1065 2746 potest,

319 2750 426 2780 qumque
437 2744 588 2782 incorporea
603 2751 639 2772 est
651 2744 834 2780 permanserit,
848 2748 927 2774 etiam
942 2744 992 2782 quo
1004 2753 1068 2773 tem-

321 2784 384 2809 pore
399 2778 484 2811 [actus
499 2784 536 2805 est
552 2780 638 2808 homo.

323 2822 389 2848 tium
407 2822 491 2856 igitur
514 2823 570 2852 haec
587 2826 622 2852 ita
641 2834 670 2853 sc
685 2827 820 2860 habeant,
843 2835 897 2854 non
921 2832 1028 2861 oportet
1044 2831 1069 2854 te

327 2877 347 2893 ι’
365 2878 415 2906 lsa.
431 2888 493 2913 xxv,
511 2882 542 2915 8;
559 2882 619 2910 Osc.
640 2891 697 2916 xm,
718 2884 757 2912 Μ.
798 2885 816 2900 ¹¹
834 2884 885 2912 lsa.
904 2893 964 2917 xxv,
983 2885 1009 2912 8.

1490 2657 1538 2683 IF'.

1116 2706 1164 2732 ll".
1192 2705 1239 2737 Ὠς
1255 2702 1383 2736 ἀπαθὴς,
1401 2703 1448 2729 καὶ
1461 2702 1604 2735 ἀϐλαϐής,
1617 2702 1665 2737 καὶ
1679 2701 1835 2736 ἀσώματος
1851 2701 1911 2729 διέ-

1211 2747 1293 2774 μεινε
1309 2739 1357 2765 καὶ
1372 2738 1434 2765 καθ’
1449 2738 1484 2764 ὃν
1499 2736 1678 2770 smn-apthas:
1698 2738 1810 2771 καιρόν.

1156 2827 1233 2854 Οὕτω
1249 2826 1281 2861 δὴ
1299 2826 1402 2853 τούτων
1422 2825 1547 2861 ἑχόντων,
1567 2825 1596 2851 οὐ
1617 2824 1657 2851 δεῖ
1672 2823 1909 2861 ταράττεσθαι-τὸν

1051 2886 1069 2900 ’³
1086 2885 1139 2912 Osc
1169 2893 1226 2917 xnt,
1250 2884 1292 2911 Η.
