2071 3219
171 155 226 184 283

637 156 967 185 DEMONSTRATIONIS
987 155 1217 184 EVANCELICE
1238 156 1304 185 LIB.
1325 156 1369 186 iV.

1754 157 1807 184 285

172 215 247 247 νοῦν,
265 215 374 250 γένεσιν
388 215 435 243 καὶ
447 215 534 252 σῶμα,
549 216 596 242 καὶ
608 215 693 250 πάθη,
709 216 756 243 καὶ
772 215 887 243 θάνατον
901 224 952 253 περ

1015 216 1106 243 animo
1112 217 1276 251 perturbari,
1287 217 1395 244 tametsi
1402 221 1429 243 et
1434 222 1535 248 ortum.
1544 221 1573 245 et
1580 224 1690 252 corpus,
1698 220 1724 244 et
1732 216 1806 243 dolo-

171 262 219 290 τὸν
230 261 312 288 ἇῡλον
331 262 381 289 καὶ
401 261 545 297 ἀσώματον
559 261 606 288 τοῦ
621 261 688 288 Θεοῦ
712 261 797 296 Λόγον
822 262 964 289 ἀκούοντα.

179 308 224 339 Ὠς
236 307 292 343 γὰρ
315 308 371 334 οὐδ’
394 307 504 344 ἡλιακοῦ
525 308 614 343 φωτὸς
634 307 744 335 πάθοιέν
765 316 793 334 τι
813 309 919 340 ἀκτῖνες
931 307 966 334 τά
984 316 990 322 ’

173 354 265 381 πάντα
281 354 445 390 πληροῦσαι,
460 355 507 382 καὶ
523 355 656 389 σωμάτων
672 354 787 389 νεκρῶν,
806 355 853 381 καὶ
869 355 899 381 οὺ
916 364 966 382 κα-

176 399 269 435 θαρῶν
295 400 499 436 ὲφαπτόμεναν
516 400 582 428 πολὺ
607 399 687 427 πλέον
707 402 723 435 ἡ
745 400 890 435 ἀσώματος
916 401 963 428 τοῦ

172 445 242 472 Θεοῦ
258 445 372 481 δύναμις
387 445 442 472 οὔτ’
454 446 487 473 ἂν
499 446 579 472 πάθοι
592 446 641 481 τὴν
651 446 754 478 οὐσίαν,
776 445 830 472 οὔτ’
849 446 882 473 ἂν
901 446 963 481 βλα-

157 491 245 526 -ϐείη,
266 490 323 517 οὔτ’
345 491 378 518 ἂν
400 492 497 527 χείρων
515 492 579 519 ποτὲ
597 492 695 527 ἑαυτῆς
706 492 819 526 γένοιτο,
838 492 962 527 σώματος

172 537 327 572 ἀσωμάτως
345 538 523 573 ὲπαφωμένη.
548 538 581 564 Τί
609 537 679 573 γάρ;
700 539 759 573 ούχὶ
781 539 827 564 καὶ
844 539 905 573 δίχα
916 539 961 564 τοῦ

172 582 235 610 καθ’
249 583 263 609 ὃ
277 583 444 620 ἐνηνθρώπει
458 583 592 619 σώματος,
606 584 648 610 ἀεὶ
661 585 707 611 καὶ
721 584 765 610 διὰ
776 585 874 615 παντὸς
888 585 962 619 ἥκων

170 630 206 655 δι’
218 629 283 666 ὅλης
302 629 351 664 τῆς
369 630 423 655 τῶν
440 630 587 665 στοιχείων,
611 631 657 657 καὶ
677 630 765 657 αὐτῶν
786 630 818 666 δὴ
840 630 894 656 τῶν
911 639 962 656 σω-

172 675 267 709 μάτων
279 674 354 710 ὕλης,
369 672 413 702 οἷά
431 683 471 706 τις
492 674 558 701 Θεοῦ
576 675 654 710 λόγος
669 675 706 702 ὢν
725 676 897 711 δημιουργδς,
910 677 960 711 τῆς

169 720 201 754 ἐξ
218 720 301 747 αὐτοῦ
318 721 414 755 σοφίας
434 721 462 746 ὲν
482 720 550 756 αὐτῇ
567 721 630 752 τοὺς
653 721 747 755 λόγους
760 721 961 756 ἀποσφραγίζε-

167 774 226 798 ται,
250 765 288 802 τῷ
307 766 356 802 μὲν
375 766 471 802 ἀψύχῳ
499 766 580 801 ζωὴν,
604 766 643 802 τῷ
665 767 693 793 δὲ
708 768 824 803 ἀμόρφῳ
842 767 898 793 ὄντι
914 768 960 794 καὶ

168 814 257 843 ἀειδεῖ
266 814 314 849 τὴν
329 813 420 848 φύσιν,
438 814 544 849 μορφὴν
560 815 823 849 ἐναποτυπούμενος,
839 815 872 841 τά
886 823 915 840 τε
932 814 960 840 ἐν

166 861 244 896 αὐτῷ
256 855 340 896 κάλλη
361 861 407 887 καὶ
422 860 471 892 τὰς
494 861 656 896 ἀσωμάτους
677 861 747 892 ἰδέας
764 862 822 893 ταῖς
834 861 887 887 τῶν
905 869 958 887 σω-

168 907 265 942 μάτων
283 907 420 942 ποιότησιν
443 908 706 943 ὲναποματτόμενος,
729 907 810 934 κινῶν
828 907 855 933 δὲ
868 907 901 933 τὰ
918 907 956 942 τῷ

165 953 262 988 οἰκείῳ
275 953 346 988 λόγῳ
369 953 460 988 ἄψυχα
479 954 526 980 καὶ
545 953 670 988 ἀκίνητα,
689 953 751 988 γῆν,
774 953 855 988 ὕδωρ,
877 953 954 988 ἀέρα,

166 997 235 1032 πῦρ,
259 996 394 1031 πάνσοφόν
411 1005 470 1023 τινα
498 997 543 1023 καὶ
566 998 749 1033 παναρμόνιον
772 998 888 1032 κίνησιν,
911 999 956 1024 καὶ

164 1043 200 1068 τὰ
217 1042 305 1070 πάντα
321 1042 350 1074 ἐξ
368 1042 503 1077 ἀκοσμίας
521 1043 640 1078 κοσμῶν,
658 1042 746 1075 αΰξων
768 1052 797 1068 τε
817 1043 863 1069 καὶ
882 1043 956 1069 τελε-

163 1089 310 1124 σιουργῶν,
324 1089 392 1124 αὐτῇ
410 1097 440 1114 τε
459 1089 541 1123 ὲνθέῳ
554 1089 600 1115 καὶ
617 1089 712 1124 λογικῇ
728 1089 840 1124 δυνάμει
862 1098 955 1124 μονον-

163 1134 225 1169 ουχὶ
249 1133 333 1160 ἐπιὼν
355 1134 389 1160 τά
403 1134 502 1164 πάντα,
521 1134 568 1160 καὶ
583 1134 626 1160 διὰ
641 1134 748 1160 πάντων
767 1133 862 1169 χωρῶν
889 1134 956 1159 πάν-

162 1188 219 1207 των
235 1188 265 1206 τε
281 1180 479 1215 ἐφαπτόμενος,
503 1179 558 1206 ἀλλ’
575 1179 633 1206 οὔτι
654 1188 685 1214 γε
711 1179 811 1214 βλάϐην
833 1182 864 1206 ὲκ
883 1180 954 1211 τινὸς

162 1226 343 1261 ἑπαγόμενος,
369 1226 428 1252 οὐδὲ
453 1225 501 1261 τὴν
523 1225 603 1260 φύσιν
635 1226 719 1261 αὐτὴν
753 1226 951 1261 μολυνόμενος;

161 1272 235 1299 οὕτω
249 1273 281 1308 δὴ
297 1272 331 1299 τὰ
348 1272 418 1298 κατὰ
432 1271 517 1298 ταῦτα
529 1272 576 1298 καὶ
588 1274 616 1298 ἐν
634 1271 785 1307 ἀνθρώποις
799 1273 951 1307 γενόμενος,

162 1316 248 1343 πάλαι
271 1317 319 1352 μὲν
340 1316 452 1352 βραχέσι
473 1317 520 1343 καὶ
538 1316 645 1352 ἀριθμῷ
664 1316 786 1351 ληπτοῖς,
815 1317 905 1349 μόνοις
925 1318 952 1344 δὲ

160 1363 218 1393 τοῖς
234 1362 419 1397 ἀναγράπτοις
438 1361 590 1396 προφήταις
608 1369 638 1387 τε
658 1362 704 1387 καὶ
717 1361 829 1392 δικαίοις
856 1362 954 1396 ἀνδρά-

162 1416 217 1440 σιν,
232 1407 327 1435 ἄλλοτε
340 1408 426 1439 ἄλλως
439 1407 573 1442 ἐφαίνετο,
594 1408 640 1434 ἐπὶ
656 1408 726 1433 τέλει
749 1408 776 1434 δὲ
792 1410 847 1440 τοῖς
870 1409 952 1434 πᾶσιν

160 1454 225 1490 ἤδη,
238 1454 349 1489 φαύλοις
363 1463 393 1480 τε
405 1454 452 1481 καὶ
465 1454 600 1486 ἀσεϐέσιν,
621 1454 756 1489 Ἑϐραίοις
771 1463 800 1480 τε
818 1454 884 1489 ὁμοῦ
905 1455 952 1481 καὶ

160 1499 276 1535 Ἕλλησι
297 1500 331 1526 δι’
356 1500 577 1535 ὑπερϐάλλουσαν
599 1500 644 1526 τοῦ
667 1499 823 1533 παναγάθου
845 1499 951 1535 Πατρὸς

158 1547 333 1583 χρηστότητα
356 1548 403 1574 καὶ
425 1547 626 1583 φιλανθρωπίαν
656 1547 829 1583 εὐεργετικὸν
856 1547 950 1574 ἑαυτὸν

158 1593 206 1620 καὶ
223 1594 356 1628 σωτήριον
368 1592 523 1628 παρείχετο,
538 1592 685 1628 διαρρήδην
699 1593 779 1619 τοῦτο
795 1593 951 1629 προκηρύτ-

157 1647 212 1666 των
224 1659 232 1666 .
252 1649 261 1664 ι
279 1639 317 1665 Οὐ
335 1639 426 1674 χρείαν
445 1638 551 1673 ἔχουσιν
568 1639 590 1664 οἱ
616 1638 751 1673 ἰσχύοντες
766 1638 868 1673 ἰατροῦ,
884 1638 952 1664 ἀλλά

157 1685 183 1711 οῐ
197 1693 291 1716 κακως
306 1684 425 1719 ἔχοντες·
439 1685 490 1710 οὐκ
512 1683 593 1720 ἦλθον
615 1684 726 1710 καλέσαι
743 1683 872 1715 δικαίους,
893 1683 950 1710 ἀλλ’

156 1730 338 1766 ἁμαρτωλοὺς
354 1730 394 1761 εἰς
409 1730 561 1765 μετάνοιαν.
579 1739 587 1754 ι
608 1729 714 1755 Ἐκάλει
728 1730 795 1764 δῆτα
815 1731 829 1756 ὁ
843 1730 950 1756 πάντων

156 1775 264 1811 Σωτὴρ,
284 1785 294 1801 ‹
310 1775 403 1809 Δεῦτε,
417 1775 512 1809 λέγων,
529 1775 596 1810 πρὸς
612 1775 644 1810 μὲ
656 1775 755 1806 πάντες
767 1775 790 1801 οἱ
803 1775 950 1807 κοπιῶντες

157 1821 204 1848 καὶ
225 1821 449 1857 πεφορτισμένοι,
470 1819 547 1854 κάγὼ
567 1820 717 1847 ἀναπαύσω
730 1822 810 1855 ὑμᾶς’
832 1831 841 1847 ι
859 1821 949 1848 ἐκάλει

155 1867 203 1894 καὶ
224 1867 285 1893 ἰᾶτο
306 1866 430 1901 ἀφθόνως
449 1866 481 1892 δι’
502 1867 629 1902 ὀργάνου,
652 1864 681 1892 οὗ
700 1867 885 1902 προὺϐἐϐλητο
901 1868 950 1894 ἀν-

155 1913 305 1949 θρωπίνου,
322 1911 367 1940 οἷά
387 1921 428 1945 τις
450 1913 578 1948 μουσικὸς
596 1913 665 1949 ἀνὴρ
678 1913 721 1939 διὰ
736 1913 786 1948 τῆς
801 1913 884 1948 λύρας
900 1914 948 1949 τὴν

155 1960 254 1995 σοφίαν
282 1959 521 1993 ἐπιδεικνύμενος,
554 1959 601 1986 καὶ
627 1958 768 1990 νοσούσαις
790 1967 821 1992 γε
849 1959 948 1993 ψυχαῖς

153 2007 214 2038 ταῖς
225 2006 255 2032 ἐν
267 2005 400 2041 σώμασιν,
411 2002 455 2031 οἷά
467 2015 508 2037 τις
523 2005 622 2041 ἰατρῶν
636 2005 755 2041 ἄριστος,
768 2006 893 2039 συγγενεῖ
903 2006 948 2031 καὶ

153 2052 316 2088 καταλλήλῳ
354 2051 506 2086 βοηθήματι
542 2051 587 2077 τὸν
626 2051 769 2086 ἄνθρωπον
804 2051 884 2081 αὑτός
918 2059 947 2076 τε

153 2099 251 2125 ἑαυτὸν
264 2097 417 2132 ὑπόδειγμα
435 2097 516 2131 σοφοῦ
530 2098 575 2124 καὶ
593 2097 742 2132 παναρέτου
761 2097 807 2123 καὶ
820 2097 947 2128 εὐσεϐοῦς

153 2145 303 2181 παρείχετο
326 2143 402 2178 βίου,
430 2143 561 2169 διδάσκων
589 2143 637 2178 μὲν
662 2143 695 2169 τὰ
715 2144 801 2179 ἀληθῆ
826 2144 855 2170 οὐ
881 2143 946 2178 παρ’

152 2191 256 2226 ἑτέρων
287 2190 476 2226 ἡρανισμένα,
505 2190 534 2222 ἐξ
563 2190 647 2216 αὐτοῦ
670 2190 765 2216 δὲκαὶ
793 2190 868 2226 παρά
898 2190 944 2216 τοῦ

151 2236 261 2273 Πατρδς
290 2236 325 2263 τὰ
357 2235 439 2262 πάλαι
466 2235 513 2261 καὶ
542 2236 573 2262 ὲκ
597 2236 702 2270 μακροῦ
716 2236 761 2262 τοῦ
779 2235 874 2268 αἰῶνος
890 2237 945 2266 τοῖς

151 2281 287 2309 ἀνέκαθεν
300 2280 434 2315 θεοφιλέσι
449 2280 495 2307 καὶ
515 2282 570 2312 τοῖς
586 2281 637 2316 πρὸ
656 2281 794 2312 Μωῦσέως
811 2280 944 2315 Ἑϐραίοις

150 2326 398 2362 νενομοθετημένα.
421 2325 560 2360 Σωμάτων
584 2326 611 2351 δὲ
632 2325 680 2360 οὐχ
705 2323 786 2360 ἦττον
811 2325 826 2360 ἢ
850 2325 944 2360 ψυχῶν

150 2373 351 2410 ἐπιμελόμενος
361 2392 368 2403 ,
388 2373 435 2399 καὶ
455 2373 595 2407 σαρκικοῖς
614 2372 661 2407 μὲν
676 2371 828 2407 ἀνθρώπων
843 2371 943 2406 ὀφθαλ-

151 2421 214 2455 μοῖς
223 2418 260 2446 τὰ
271 2418 315 2445 διὰ
327 2418 377 2453 τῆς
389 2418 488 2453 σαρκὸς
501 2418 575 2453 αύτῴ
587 2417 712 2453 δρώμενα
726 2417 941 2452 παρασκευάζων

148 2466 227 2501 ὁρᾷν.
243 2465 339 2496 ἀκοαῖς
358 2463 386 2489 δὲ
407 2463 486 2490 πάλιν
509 2463 610 2498 σαρκὸς
628 2463 676 2494 τὰς
695 2462 738 2489 διὰ
754 2462 877 2497 γλώττης
895 2463 942 2488 καὶ

149 2510 253 2547 σαρκὸς
269 2509 382 2545 ὑπηχῶν
398 2509 581 2540 διδασκαλίας,
599 2510 646 2535 καὶ
663 2509 750 2535 πάντα
764 2517 795 2542 γε
812 2508 942 2534 ἐπιτελῶν

149 2558 183 2583 δι’
202 2553 233 2583 οὗ
247 2556 393 2591 ἀνείληφεν
408 2555 551 2590 ἀνθρώπου
563 2575 570 2587 ,
589 2557 644 2587 τοῖς
660 2556 709 2582 οὐκ
725 2555 839 2590 ἄλλωςῆ
856 2555 944 2590 μόνως

149 2602 237 2634 οὕτως
249 2603 299 2638 τῆς
311 2601 394 2629 αὑτοῦ
411 2601 547 2636 θειότητος
565 2601 754 2628 συναισθέσθαι
771 2601 939 2636 δυναμένοις.

149 2649 243 2676 Ταῦτα
264 2649 297 2683 δὴ
315 2646 363 2675 οὖν
386 2648 494 2675 ἅπαντα
517 2651 557 2678 είς
572 2648 602 2673 τὸ
618 2649 768 2683 χρήσιμον,
790 2650 836 2674 καί
859 2649 941 2674 πᾶσιν

149 2698 215 2732 ἡμῖν
228 2695 366 2730 ὠφέλιμον
378 2696 391 2721 ὁ
406 2695 495 2721 πάντα
508 2694 697 2729 φιλάνθρωπος
711 2694 756 2721 τοῦ
772 2695 838 2721 Θεοῦ
856 2695 941 2728 Λόγος

150 2744 208 2775 ταῖς
225 2742 375 2778 πατρικαῖς
390 2740 496 2776 βουλαῖς
511 2740 676 2775 διηκονεῖτο,
694 2741 782 2775 μένων
798 2741 877 2768 πάλιν
893 2742 941 2767 αυ-

150 2788 194 2820 τδς
209 2788 289 2820 ἄῦλος
311 2786 361 2828 καὶ.
378 2785 523 2820 ἀσώματος
533 2806 541 2818 ,
563 2784 617 2816 οἷος
640 2786 686 2811 καὶ
701 2785 799 2821 προτοῦ
815 2787 889 2822 παρὰ
904 2786 941 2821 τῷ

184 2879 204 2895 ³³
221 2878 289 2906 Luc.
310 2887 337 2910 τ,
353 2877 398 2912 51,
415 2877 459 2904 52.
500 2877 521 2893 ¹³
538 2876 631 2905 Matth.
648 2885 686 2908 at,
701 2876 746 2904 28.

1016 269 1071 292 res,
1084 265 1112 289 et
1121 267 1246 294 mortem,
1262 262 1296 289 de
1307 262 1427 289 materiae
1434 263 1538 296 experti
1548 268 1628 297 atque
1643 263 1804 297 incorporeo

1018 307 1097 342 168
1106 306 1153 334 Dei
1163 306 1346 335 Verboaudis.
1359 306 1394 334 Ut
1409 307 1482 334 enim
1494 308 1593 335 solaris
1602 307 1712 335 luminis
1723 307 1803 339 radii,

1015 354 1079 381 licet
1090 354 1182 380 omnia
1193 354 1359 389 compleant,
1372 359 1397 381 et
1409 361 1522 389 corpora
1532 358 1639 381 mortua
1652 353 1805 381 sordentia-

1014 407 1067 434 que
1082 400 1227 435 attingant,
1245 399 1295 434 ipsi
1310 404 1401 427 tamen
1418 399 1486 427 nihil
1504 400 1654 434 patiuntur,
1669 400 1709 426 sic
1720 399 1802 426 etiam

1014 445 1156 479 [uultuque
1181 445 1268 480 magis
1296 444 1342 471 Dei
1369 445 1410 472 vis
1430 445 1593 479 incorporea
1620 449 1724 471 natura:
1746 452 1803 470 sua:

1014 490 1118 516 utilium
1150 498 1237 524 neque
1264 490 1468 517 incommodum
1494 498 1581 525 neque
1607 495 1801 517 uocumentum

1014 537 1139 571 accipiet,
1154 545 1241 571 neque
1259 544 1377 571 unquam
1394 537 1483 571 scipsa
1501 536 1621 563 deterior
1637 536 1692 567 lict,
1704 543 1799 570 quam-

1013 582 1054 609 vis
1073 582 1234 617 incorporea
1263 583 1381 617 quadam
1407 584 1512 609 ratione
1545 590 1646 616 corpus
1671 583 1798 617 attingat.

1013 627 1082 660 Quid
1098 628 1171 655 enim
1184 629 1196 654 ?
1207 628 1247 655 An
1263 636 1318 655 non
1334 629 1436 663 absque
1456 636 1489 655 eo
1503 629 1529 655 in
1545 636 1600 663 quo
1612 629 1694 655 homo
1710 629 1800 656 iactus

1012 677 1053 700 est
1068 681 1193 708 corpore,
1212 682 1318 709 semper
1336 678 1417 709 atque
1432 683 1626 710 usquequaque
1649 683 1697 709 per
1714 679 1800 701 totam

1011 720 1208 746 elementorqu
1222 720 1397 755 ipsorumque
1404 721 1483 755 plane
1494 729 1639 756 corporum
1657 721 1799 747 materiam

1011 770 1167 800 penetrans.
1179 772 1307 800 tanquam
1324 767 1347 794 is
1362 767 1407 801 qui
1418 766 1462 794 Dei
1475 767 1510 793 sit
1522 767 1591 793 ratio
1607 767 1728 801 qua-dam
1741 767 1800 801 opi-

1012 810 1053 838 fex
1070 811 1210 846 sapientia:
1226 819 1286 846 quae
1302 811 1337 838 ab
1360 812 1420 846 ipso
1436 812 1632 846 proficiscitur,
1648 812 1675 838 in
1693 819 1724 838 ea
1739 811 1797 845 ipsa

1010 857 1129 884 rationes
1145 861 1171 884 et
1183 857 1285 883 claudit
1310 861 1336 884 et
1358 858 1466 892 signat?
1482 858 1545 884 dum
1566 858 1691 885 videlicet
1707 858 1798 884 inani-

1010 904 1062 930 mis
1074 904 1168 936 vitam,
1184 904 1347 931 informibus
1363 912 1427 931 vero
1443 909 1470 932 et
1482 905 1584 931 nullam
1615 909 1720 931 natura:
1736 912 1798 939 spe-

1009 950 1077 977 ciem
1107 951 1290 983 habentibus,
1311 952 1426 977 i'ormam
1448 951 1617 985 figuramque
1646 951 1796 985 imprimit;

1008 1006 1132 1033 quasque
1146 999 1173 1025 iu
1189 1006 1218 1026 se
1232 999 1313 1026 habet
1330 999 1552 1033 pulchritudines
1565 999 1797 1033 incorpot'easque

1007 1045 1122 1079 species,
1138 1051 1281 1079 corporum
1295 1045 1472 1079 qualitatibus
1490 1045 1635 1073 immiscet.
1652 1050 1797 1079 movetque

1006 1097 1037 1116 ea
1053 1097 1113 1125 qua:
1140 1098 1189 1117 sua
1206 1090 1327 1124 ipsorum
1347 1090 1454 1117 ratione
1481 1090 1600 1116 inanima
1630 1089 1796 1124 immotaque

1007 1141 1079 1168 sunt,
1101 1140 1212 1167 terram,
1231 1144 1339 1171 aquam,
1355 1145 1457 1169 aerem,
1474 1136 1575 1170 ignem,
1592 1136 1796 1170 sapientissimo

1005 1183 1122 1216 quodam
1137 1183 1265 1217 omnique
1282 1183 1465 1209 concinnitate
1482 1182 1582 1209 referto
1599 1186 1674 1209 motu
1690 1191 1697 1215 ;
1712 1187 1795 1217 atque

1005 1228 1113 1254 ordinat
1128 1229 1219 1255 omnia
1236 1236 1405 1263 quaecunque
1430 1228 1583 1255 inordinata
1596 1232 1671 1260 sunt,
1684 1228 1795 1255 eadem-

1004 1283 1056 1308 que
1068 1278 1147 1308 auch
1163 1282 1193 1300 ac
1211 1274 1316 1309 perﬁcit
1335 1283 1342 1306 ;
1362 1282 1394 1301 ac
1410 1282 1460 1307 sua
1473 1274 1559 1309 ipsius
1571 1274 1662 1300 divina
1676 1274 1795 1300 rationa-

1005 1321 1077 1354 iique
1095 1321 1195 1347 virtute
1209 1321 1314 1347 accedit
1332 1320 1365 1347 ad
1382 1321 1472 1347 omnia
1492 1327 1523 1346 ac
1539 1328 1586 1354 per
1603 1320 1694 1347 omnia
1712 1328 1794 1354 pene-

1003 1370 1068 1396 trat.
1100 1366 1247 1400 omniaque
1273 1366 1492 1400 attingil,neque
1518 1369 1608 1392 tamen
1636 1365 1793 1392 nocumenti

1004 1412 1152 1447 quidquam
1168 1420 1200 1438 ex
1218 1420 1312 1439 earum
1339 1419 1428 1438 rerum
1453 1411 1543 1445 aliqua
1570 1411 1674 1441 trahit.
1705 1419 1793 1446 neque

1003 1465 1079 1484 suam
1094 1457 1180 1492 ipsius
1197 1461 1322 1484 naturam
1340 1457 1517 1491 coinquinat?
1534 1457 1633 1483 Eadem
1647 1458 1737 1491 itaque
1750 1461 1792 1483 est

1003 1503 1083 1534 ratio,
1101 1503 1165 1529 dum
1181 1493 1262 1529 etiam
1278 1502 1348 1528 inter
1365 1502 1490 1528 homines
1507 1502 1591 1536 degit.
1606 1501 1668 1528 illos
1680 1501 1791 1536 quidem

1002 1550 1081 1573 antea
1100 1554 1202 1581 paucos
1218 1551 1244 1573 et
1262 1547 1457 1577 numerabiles.
1482 1546 1555 1573 solos
1574 1547 1668 1581 utique
1685 1555 1743 1578 eos,
1758 1547 1792 1574 de

1003 1593 1102 1627 quibus
1117 1592 1249 1627 scriptum
1266 1598 1317 1623 est,
1330 1593 1474 1626 prophetas
1487 1593 1632 1627 justosquc
1646 1594 1731 1624 viros,
1743 1593 1790 1621 iis-

1002 1647 1054 1673 que
1070 1639 1138 1666 alias
1164 1639 1243 1665 aliter
1258 1647 1287 1666 se
1304 1639 1424 1665 ostendit
1439 1649 1446 1665 :
1476 1634 1625 1666 novissime
1643 1647 1707 1667 vero
1732 1639 1790 1674 jam

1001 1685 1129 1712 omnibus
1145 1685 1223 1711 malis
1239 1685 1384 1719 impiisque
1400 1688 1427 1711 et
1443 1683 1562 1711 Hebraeis
1577 1685 1657 1711 simul
1673 1689 1699 1711 et
1716 1685 1791 1713 Grae-

1001 1731 1051 1762 cis,
1064 1739 1097 1757 ex
1115 1731 1264 1757 abundanti
1279 1730 1375 1764 optimi
1396 1730 1485 1757 Patris
1504 1730 1625 1757 bonitate
1642 1738 1790 1765 amoreque

1000 1784 1063 1811 erga
1085 1776 1221 1808 homines,
1248 1776 1411 1803 beneficium
1434 1776 1555 1810 seipsum
1585 1776 1790 1811 saiutaremque

1002 1822 1131 1854 exhibet,
1157 1822 1237 1856 plane
1254 1822 1306 1849 hoc
1325 1822 1413 1856 ipsum
1428 1829 1460 1848 ac
1478 1822 1586 1857 publice
1610 1822 1787 1850 denuntians.

1003 1876 1012 1892 ε
1034 1866 1092 1893 Non
1108 1867 1239 1901 indigent,
1256 1866 1357 1901 inquit,
1384 1867 1452 1894 bene
1467 1868 1589 1894 valentes
1606 1867 1722 1898 medico,
1739 1869 1787 1894 sed

999 1914 1069 1940 male
1085 1914 1215 1940 habentes
1233 1922 1240 1940 :
1260 1922 1314 1940 non
1330 1915 1393 1941 veni
1409 1918 1437 1941 ut
1461 1921 1586 1941 vocarent
1613 1914 1704 1948 juslos
1716 1934 1723 1946 ,
1740 1915 1789 1942 sed

1000 1963 1157 1993 peccatores
1173 1959 1205 1986 ad
1222 1959 1412 1994 pomitentiam
1429 1960 1462 1987 ¹³.
1480 1970 1488 1985 ι
1504 1959 1624 1987 Vocabat
1639 1968 1704 1995 ergo
1726 1960 1787 1987 Sal-

998 2009 1075 2031 valor
1091 2005 1210 2031 omnium
1225 2004 1319 2031 dicens
1339 2012 1345 2030 :
1363 2013 1371 2028 ι
1388 2003 1484 2030 Venite
1505 2005 1536 2030 ad
1559 2012 1612 2035 me,
1629 2012 1724 2031 omnes
1740 2004 1787 2038 qui

998 2051 1128 2078 laboratis
1144 2055 1170 2077 et
1190 2051 1295 2077 onerati
1315 2051 1393 2083 estis,
1414 2055 1440 2077 et
1455 2058 1504 2085 ego
1518 2050 1636 2076 relictam
1655 2057 1702 2077 vos
1721 2049 1753 2076 "‘.
1775 2059 1784 2075 ι

1000 2095 1121 2122 Vocabat
1135 2103 1165 2122 ac
1181 2095 1295 2122 sanabat
1316 2096 1480 2126 liberaliter,
1495 2103 1542 2129 per
1557 2095 1622 2121 illud
1637 2095 1786 2121 humanum

999 2143 1210 2168 instrumentum
1228 2142 1300 2175 quod
1317 2150 1372 2176 pra:
1391 2150 1420 2169 se
1431 2142 1544 2173 ferebat,
1563 2141 1646 2167 veluti
1670 2141 1783 2176 quidam

998 2189 1120 2215 nmsicus
1134 2189 1186 2219 vir,
1204 2189 1250 2223 qui
1266 2196 1314 2222 per
1326 2189 1410 2223 lyram
1421 2194 1501 2222 quam
1520 2188 1556 2215 sit
1569 2188 1666 2216 doctus
1690 2193 1786 2216 osteus

962 2237 982 2262 Ι)
997 2235 1045 2265 dit.
1065 2243 1115 2262 nee
1129 2243 1182 2262 nou
1194 2235 1496 2270 mgrotautibusanimis
1508 2236 1551 2264 iis.
1570 2243 1630 2269 qua:
1646 2235 1672 2261 in
1688 2242 1786 2269 corpo-

996 2281 1072 2308 ribus
1080 2281 1213 2316 degebant
1228 2281 1312 2308 veluti
1325 2282 1445 2316 optimus
1460 2280 1784 2315 quidarmnedicus,dum

993 2332 1106 2361 cognata
1114 2328 1329 2362 congruentique
1337 2335 1387 2361 ope
1396 2328 1484 2362 ipsum
1493 2327 1628 2353 hominem
1637 2327 1786 2361 curat,ipse

995 2374 1116 2408 scipsum
1137 2374 1275 2408 exemplar
1287 2373 1361 2400 omni
1389 2373 1523 2407 sapientia
1538 2373 1666 2406 omnique
1684 2372 1785 2398 virtute

994 2420 1101 2446 referta:
1111 2420 1170 2446 vitm
1179 2419 1498 2454 praebebat,doccbatqne
1511 2418 1618 2445 interim
1629 2418 1782 2449 veritatem,

999 2465 1140 2500 169nm
1158 2473 1239 2499 quam
1256 2465 1289 2491 ab
1311 2465 1372 2491 aliis
1385 2465 1570 2498 compilassct,
1588 2463 1634 2490 sed
1649 2470 1708 2490 eam
1724 2470 1785 2497 quae

996 2516 1022 2537 et
1039 2520 1051 2537 a
1070 2512 1161 2545 scipso
1185 2515 1211 2537 et
1227 2519 1241 2537 a
1258 2512 1347 2543 Patre,
1371 2511 1470 2545 priscis
1493 2511 1557 2542 illis,
1575 2512 1622 2544 qui
1640 2514 1693 2535 tam
1713 2510 1784 2536 inul-

998 2559 1032 2586 tis
1061 2563 1125 2586 ante
1147 2559 1254 2585 szeculis
1283 2566 1297 2584 a
1319 2562 1413 2585 nostra
1436 2561 1513 2584 actate.
1530 2557 1624 2591 procul
1647 2557 1782 2588 vixerant,

996 2604 1041 2631 Dei
1054 2605 1160 2635 amicis,
1174 2605 1220 2639 qui
1236 2609 1297 2630 ante
1313 2604 1413 2630 Mosen:
1428 2603 1579 2629 [inruerunt
1593 2601 1723 2633 Hebraeis,
1737 2610 1784 2628 vc-

996 2648 1044 2674 luti
1068 2649 1109 2675 lex
1133 2648 1256 2683 quzcdam
1276 2649 1399 2683 exposita
1424 2652 1516 2674 esset:
1540 2651 1566 2674 et
1586 2655 1700 2682 corpora
1723 2647 1782 2681 ipsa

995 2703 1049 2721 non
1067 2695 1158 2722 minus
1178 2695 1290 2722 curabat
1313 2702 1393 2729 quam
1418 2694 1524 2721 animas
1540 2704 1546 2720 :
1562 2701 1623 2720 nam
1641 2694 1782 2728 corporeis

995 2741 1104 2774 quidem
1125 2741 1267 2768 hominum
1290 2742 1388 2773 oculis,
1410 2749 1469 2775 qua:
1483 2748 1530 2775 per
1550 2747 1650 2778 corpus
1673 2740 1708 2766 ab
1724 2739 1782 2773 ipso

995 2787 1105 2819 ﬁebant,
1125 2787 1253 2814 intuenda
1270 2787 1456 2821 comparabat,
1471 2793 1621 2820 rursusque
1643 2787 1782 2820 corporeis
