2084 3216
285 154 338 181 287

621 153 757 182 EUSEBll
777 153 1020 182 CESARIENSIS
1038 153 1114 181 OPP.
1134 151 1236 180 PARS.
1257 152 1278 179 !.
1298 168 1332 173 —
1351 152 1603 181 APOLOGETICA.

1854 152 1908 180 9.8.

286 212 399 240 nuribus
413 212 575 245 doctrinam,
588 219 637 247 per
652 220 813 248 corpoream
838 214 930 241 itidem
950 213 1070 248 linguam

1124 211 1212 247 Πατρὶ
1224 210 1269 247 ἦν,
1281 210 1344 238 οὔτε
1367 209 1527 247 μεταϐαλὼν
1545 210 1595 246 τὴν
1612 210 1720 241 οὐσίαν,
1739 209 1794 236 οὺδ*
1809 210 1909 244 ἀφανι-

285 257 442 288 insonabat,
472 264 523 284 nec
552 265 607 284 non
632 258 723 285 omnia
755 258 914 293 perﬁciebat
938 266 987 293 per
1010 266 1072 285 eum

284 310 365 337 quem
389 307 576 337 assumpserat
607 303 764 336 hominem,
791 303 826 331 iis
840 304 888 338 qui
915 311 970 330 non
994 303 1073 330 aliter

284 355 366 382 quam
386 347 426 374 sic
441 347 574 374 duntaxat
589 348 676 382 ipsius
690 348 859 376 divinitatem
875 349 978 376 sentire
997 352 1073 383 pote-

286 397 356 419 rant.
381 392 442 420 llaec
460 401 578 428 namque
593 394 684 420 omnia
709 393 741 420 ad
767 402 845 421 usum
870 398 952 429 atque
969 395 1073 421 utilita-

285 447 339 466 tem
351 440 473 467 omnium
487 445 622 472 nostrum,
636 441 784 468 humanum
795 449 881 476 genus
892 441 965 468 omni
979 448 1073 475 prose-

286 494 373 520 quens
387 493 479 513 atuore
496 485 541 513 Dei
561 485 692 518 Verbum,
716 487 836 522 paternis
851 487 975 514 consiliis
987 484 1073 513 admi-

286 531 432 564 nislrabat,
454 531 511 566 ipse
528 532 636 558 interim
660 540 756 559 rursus
780 537 807 559 et
827 532 947 559 materiae
963 539 1071 566 expers,

288 580 315 604 et
338 577 515 610 incorporeus
538 584 663 610 manens,
686 577 840 611 cuiusmodi
862 577 944 604 etiam
968 577 1072 612 pridem

290 622 361 656 apud
378 620 487 648 Patrem
501 624 569 652 erat,
583 629 670 655 neque
687 625 796 649 mutans
810 623 967 656 essentiam,
984 630 1073 657 neque

290 668 417 703 perdens,
439 666 511 702 quod
532 675 589 694 suae
612 667 699 701 ipsius
717 670 822 694 naturae
839 668 979 702 proprium
1002 672 1071 701 erat,

289 721 377 748 neque
394 721 458 740 vero
483 717 530 739 aut
551 713 676 747 corporis
699 713 815 740 vinculis
841 713 1005 748 impeditus,
1027 719 1074 742 aut

287 767 302 786 a
322 767 372 787 sua
389 759 531 786 divinitate
553 758 685 793 dejectus,
707 766 738 785 ac
757 767 792 786 ne
812 759 991 787 domesticam
1010 761 1073 796 qui-

285 807 347 835 dem
364 806 444 834 Verbi
462 810 623 841 potestatem
641 807 780 838 amittens,
796 806 844 835 sed
862 815 951 842 neque
967 808 1011 840 iis,
1026 808 1073 843 qui

285 853 343 879 illic
356 852 465 887 quidem
479 852 525 878 ubi
540 852 591 886 ipsi
610 852 758 878 humanum
777 859 825 879 vas
843 853 948 885 aderat,
964 852 1074 888 degeret

1123 257 1196 290 σϐεὶς
1215 257 1264 292 τῆς
1281 257 1377 284 ἑαυτοῦ
1404 256 1485 288 αὐτὸς
1504 255 1627 291 φύσεως,
1651 255 1711 282 οὐδέ
1733 263 1766 290 γε
1788 256 1845 286 τοῖς
1860 255 1910 291 τῆς

1123 303 1223 338 σαρκὸς
1236 303 1345 338 δεσμοῖς
1361 302 1488 338 πεδηθεὶς
1498 321 1506 334 ,
1519 302 1579 328 οὐδὲ
1595 300 1740 328 ἀποπεσὼν
1753 301 1802 336 τῆς
1816 300 1909 336 θεότη-

1121 357 1184 380 τος,
1201 348 1258 375 ἀλλ’
1274 348 1334 375 οὐδὲ
1353 347 1401 383 τὴν
1424 347 1528 374 οἰκείαν
1551 346 1599 373 τοῦ
1615 346 1701 380 Λόγου
1719 346 1910 382 παραπολέσας

1122 393 1235 429 δύναμιν
1246 413 1253 425 ,
1276 393 1330 420 οὐδ’
1347 390 1398 420 ὦδε
1424 393 1473 428 μὲν
1489 393 1553 419 ἔνθα
1566 390 1599 428 ἦν
1618 391 1691 428 αὐτῷ
1712 392 1742 418 τὺ
1757 391 1909 428 ἀνθρώπιον

1124 439 1220 471 σκεῦος
1233 439 1283 470 τὰς
1298 438 1439 474 διατριϐὰς
1456 438 1626 473 ποιούμενος,
1639 438 1667 463 ἐν
1682 437 1786 473 ἑτέροις
1801 437 1828 463 δὲ
1840 434 1909 463 εἶναι

1122 484 1169 511 τοῦ
1186 484 1285 516 παντὸς
1301 483 1499 519 κεκωλυμένος.
1525 483 1604 510 Ἀλλὰ
1617 483 1671 518 γὰρ
1685 483 1732 509 καὶ
1749 484 1778 509 ὲν
1799 482 1837 518 τῷ
1849 482 1924 527 τότε.

1123 529 1174 557 καθ
1185 531 1190 541 ‘
1201 530 1215 556 ὃ
1226 531 1254 557 ἐν
1269 529 1421 566 ἀνθρώποις
1436 530 1614 562 ὲπολιτεύοτο,
1626 529 1661 556 τὰ
1676 530 1764 556 πάντα
1780 529 1908 564 ἐπλήρου,

1124 576 1169 602 καὶ
1189 575 1228 611 τῷ
1244 576 1332 611 Πατρὶ
1354 576 1454 610 συνῆν,
1473 576 1521 602 καὶ
1543 577 1571 602 ὲν
1587 575 1660 611 αὑτῷ
1678 583 1711 610 γε
1725 573 1774 611 ἦν,
1792 575 1840 602 καὶ
1856 575 1909 601 τῶν

1123 622 1232 649 πάντων
1246 621 1351 657 ἁθρόως
1370 622 1417 648 καὶ
1433 623 1463 649 ἐν
1478 621 1516 656 τῷ
1529 622 1588 648 τότε
1604 622 1658 648 τῶν
1670 631 1700 648 τε
1718 623 1778 649 κατ’
1797 621 1910 657 οὐρανὸν

1122 668 1169 695 καὶ
1183 668 1229 694 ἐπὶ
1245 668 1297 702 γῆς
1311 668 1467 703 ἐπεμέλετο,
1476 668 1600 703 οὐδαμῶς
1611 668 1660 703 τῆς
1674 668 1827 703 πανταχόσε
1841 676 1911 703 παρ-

1124 715 1217 746 ουσίας
1245 714 1344 750 ὁμοίως
1363 715 1429 750 ἡμῖν
1446 714 1706 750 ἀποκεκλεισμένος,
1729 714 1788 741 οὐδὲ
1804 713 1840 740 τὰ
1855 713 1912 741 θεῖα

1123 761 1252 796 πράττειν
1279 760 1401 796 συνήθως
1423 759 1688 796 παραποδιζόμενος’
1710 760 1779 787 ἀλλὰ
1801 760 1836 787 τὰ
1864 760 1912 796 μὲν

1123 806 1153 838 ὲξ
1167 805 1249 833 αὑτοῦ
1268 806 1424 841 μεταδιδοὺς
1438 805 1477 841 τῷ
1489 805 1641 841 ἀνθρώπῳ,
1656 805 1690 832 τὰ.
1704 805 1726 832 δ’
1743 807 1774 832 ὲκ
1788 805 1834 832 τοῦ
1850 805 1913 840 θνη-

1125 850 1171 876 τοῦ
1187 851 1224 886 μὴ
1243 850 1465 885 ἀντιλαμϐάνωψ
1481 850 1526 876 καὶ
1540 850 1588 885 τῆς
1605 850 1653 885 μὲν
1667 850 1759 877 ἐνθέου
1774 850 1913 885 δυνάμεως

285 902 405 930 tantum,
426 898 452 924 in
475 898 536 926 aliis
553 906 618 925 vero
635 898 756 926 universi
779 899 904 934 partibus
926 907 986 926 esse
1006 907 1071 933 pro-

1123 895 1162 930 τῷ
1176 895 1265 931 θνητῴ
1282 895 1407 931 χορηγῶν
1419 916 1425 928 ,
1443 896 1492 931 τῆς
1505 896 1534 922 δὲ
1549 897 1582 922 ὲκ
1596 896 1642 922 τοῦ
1657 895 1754 931 θνητοῦ
1770 896 1913 931 μετουσίας

286 943 434 971 hiberelur.
455 943 560 972 Etenim
574 949 639 972 tutte
658 953 767 980 quoque
787 953 848 972 cuttt
862 946 934 972 inter
948 945 1073 973 homines

286 990 456 1022 versabatur,
475 991 654 1019 nihilominus
680 991 771 1018 omnia
784 992 948 1026 complebat,
963 992 1072 1019 interim

285 1039 387 1062 et-cum
401 1035 481 1064 Patre
493 1041 520 1064 et
535 1037 561 1063 in
579 1036 658 1064 Patre
671 1037 740 1064 idetu
758 1041 827 1069 erat,
846 1042 872 1065 et
887 1038 1009 1065 omnium
1029 1046 1074 1065 re-

286 1089 346 1108 rum
372 1083 474 1116 pariter
499 1083 526 1110 in
551 1083 646 1111 eodem
678 1089 810 1119 tempore,
840 1088 895 1111 tam
919 1084 1071 1111 ctelestium

284 1136 366 1163 quam
380 1129 552 1156 terrestrium
572 1136 667 1156 curam
680 1130 808 1164 gerebat;
825 1137 962 1164 nusquam
979 1129 1013 1156 ab
1025 1130 1072 1156 illa

286 1174 442 1209 praesentia,
468 1182 523 1208 qua
548 1175 657 1202 cunctis
675 1175 756 1202 rebus
778 1175 855 1202 adest
879 1179 975 1202 nostro
997 1182 1073 1203 more

284 1220 424 1248 exclusus.
440 1226 528 1253 neque
544 1219 647 1250 divina,
665 1227 699 1246 ne
715 1224 806 1255 ageret
821 1228 896 1247 more
907 1228 968 1251 suo,
987 1220 1073 1258 impe-

285 1263 370 1295 ditus,
396 1263 443 1290 sed
464 1264 509 1290 illa
528 1264 637 1299 quidem
654 1272 669 1291 a
690 1265 781 1299 seipso
797 1265 1004 1294 communicatis
1023 1267 1073 1294 ho-

285 1309 363 1340 mini,
382 1309 438 1337 haec
450 1317 514 1336 vero
529 1317 544 1336 a
564 1311 673 1338 mortali
691 1311 748 1345 ipse
767 1319 822 1338 non
840 1311 987 1346 accipiens.
1005 1312 1071 1340 ltem

285 1354 394 1381 mortali
406 1355 516 1389 quidem
529 1355 584 1382 vim
596 1355 716 1382 divinant
730 1357 919 1391 suppeditans,
936 1365 950 1384 a
964 1359 1072 1386 mortali

286 1406 351 1426 vero
367 1400 426 1434 ipse
442 1407 496 1426 non
511 1404 607 1427 contra
623 1401 651 1427 in
663 1405 767 1435 partem
785 1406 832 1428 aut
847 1403 1071 1433 communitatem

286 1445 432 1473 adductus.
447 1445 539 1481 Neque
554 1446 637 1481 igitur
653 1447 679 1474 in
693 1453 771 1481 partu
788 1455 802 1475 a
825 1457 939 1484 corpore
953 1449 1012 1484 ipse
1032 1450 1073 1477 in-

285 1500 437 1527 corporeus
458 1493 664 1529 inquinabatutg,
686 1501 774 1528 neque
797 1495 860 1522 item
882 1495 927 1530 qui
952 1495 1072 1530 paﬁhilis

285 1542 390 1565 natura;
409 1546 507 1574 expers
526 1542 595 1570 erat,
618 1539 721 1574 aliquid
747 1547 762 1566 a
790 1541 897 1567 mortali
920 1542 1070 1568 secundum

285 1584 432 1611 essentiam
458 1584 622 1619 patiebatur.
647 1585 715 1612 Nam
743 1593 849 1621 neque,
872 1587 947 1614 verbi
973 1587 1071 1622 gratia,

285 1631 352 1658 dum
368 1631 424 1666 lyra
452 1632 586 1666 pulsatur,
616 1638 663 1660 aut
687 1633 764 1660 nervi
789 1634 990 1666 convelluntur,
1017 1635 1071 1670 pati

284 1677 433 1705 verisimile
458 1682 500 1705 est
519 1686 580 1705 eutn
602 1679 649 1713 qui
674 1679 711 1706 ita
732 1679 874 1714 praeludit;
898 1688 986 1716 neque
1008 1681 1072 1709 dum

285 1724 438 1759 cujuspiam
454 1725 504 1751 viri
517 1726 649 1761 sapientis
665 1733 764 1761 corpus
779 1731 931 1762 torquetur,
944 1728 1017 1755 illius
1029 1736 1073 1755 sa-

285 1770 426 1804 pientiam,
439 1776 486 1798 aut
501 1780 582 1807 quam
597 1772 623 1799 in
640 1779 755 1807 corpore
766 1774 836 1808 gerit
853 1774 984 1806 animam,
1004 1774 1073 1802 caedi

285 1820 332 1843 aut
347 1817 437 1851 puniri
457 1818 554 1845 merito
569 1818 661 1845 dicere
678 1826 824 1853 possumus
838 1829 845 1847 :
858 1821 952 1847 eadem
968 1820 1073 1848 ratione

285 1863 454 1898 neutiquam,
470 1856 609 1899 multoque
626 1865 708 1892 etiam
727 1865 829 1897 minus,
844 1866 918 1900 quod
931 1866 1011 1894 Verbi
1026 1871 1073 1894 aut

286 1912 394 1941 natura,
414 1913 460 1936 aut
474 1910 526 1941 vis,
547 1911 702 1938 detrimenti
717 1911 855 1946 quidpiam
872 1920 906 1939 ex
921 1913 1000 1948 170
1011 1921 1074 1940 cor-

286 1956 361 1990 poris
382 1955 572 1984 aﬂ‘ectionibus
596 1957 697 1988 trahat.
712 1957 847 1984 allirmare
867 1965 915 1992 par
939 1964 990 1986 est.
1005 1958 1072 1986 Nam

286 2009 369 2035 supra
391 2010 424 2029 ne
443 2002 552 2030 luminis
578 2003 687 2038 quidem
713 2004 779 2031 illud
801 2004 955 2039 appositum
979 2013 1072 2033 exent-

286 2047 372 2082 plum,
387 2048 470 2082 pollui
485 2049 590 2076 solares
611 2049 711 2081 radios,
729 2051 794 2076 (οιιιι
806 2050 915 2077 caelitus
932 2050 959 2076 in
972 2055 1071 2077 terram

285 2092 477 2125 demittuntur,
492 2098 519 2121 et
537 2095 623 2122 lutum
642 2103 674 2122 ac
690 2103 810 2127 cmnum,
824 2100 907 2131 atque
921 2096 1012 2124 omnis
1024 2104 1071 2131 ge-

285 2138 360 2165 neris
377 2140 472 2166 sordes
487 2140 633 2175 attingunt,
647 2142 824 2170 concedebat.
842 2143 992 2170 [llutninari
1011 2142 1072 2178 qui-

285 2184 345 2211 dem
360 2185 441 2211 etiam
458 2185 515 2212 haec
532 2186 566 2212 ab
583 2186 668 2220 ipsius
684 2188 795 2215 luminis
811 2188 905 2219 radiis,
924 2189 991 2215 nihil
1006 2196 1072 2216 sane

1125 942 1175 968 οὐκ
1194 942 1422 977 ἀντεπαγόμενος.
1440 941 1502 968 (ὥτ’
1522 940 1569 969 οὖν
1591 942 1736 978 ὲμολύνετο
1754 943 1913 977 τικτόμενος

1125 987 1178 1014 ὑπὸ
1193 987 1240 1014 τοῦ
1258 988 1383 1022 σώματος
1398 989 1412 1014 ὁ
1426 988 1570 1023 ἀσώματος
1580 1009 1586 1021 ,
1604 989 1663 1015 οὐδὲ
1677 990 1725 1025 τὴν
1740 989 1834 1016 οὐσίαν
1848 989 1914 1015 ἐπι-

1125 1042 1188 1070 σχεν
1201 1035 1214 1060 ὁ
1229 1034 1336 1070 ἀπαθὴς
1357 1035 1409 1061 ὑπὸ
1427 1035 1472 1061 τοῦ
1496 1034 1592 1070 θνητοῦ
1604 1044 1611 1050 ·
1629 1036 1690 1062 ἐπεὶ
1719 1035 1785 1071 μηδὲ
1801 1036 1852 1072 τῆς
1867 1034 1914 1061 λύ-

1126 1087 1185 1113 ρας,
1199 1079 1223 1105 εί
1238 1078 1325 1111 οὕτως
1337 1079 1424 1114 τύχοι,
1439 1080 1621 1116 κοπτομένης,
1635 1080 1650 1116 ἢ
1667 1080 1720 1107 τῶν
1735 1080 1837 1116 χορδῶν
1857 1080 1914 1107 διας

1126 1124 1292 1160 σπωμένων,
1314 1125 1430 1160 πάσχειν
1444 1126 1518 1158 εἰκὸς
1531 1126 1576 1152 τὸν
1599 1126 1819 1162 ἀνακρουόμενον
1830 1135 1837 1142 ·
1853 1127 1913 1154 οὐδέ

1124 1179 1156 1205 γε
1181 1171 1263 1205 σοφοῦ
1283 1180 1356 1203 τινος
1380 1171 1475 1207 ἀνδρὸς
1489 1173 1693 1208 τιμωρουμένου
1710 1173 1756 1199 τοῦ
1771 1173 1913 1208 σώματος,

1124 1217 1174 1252 τὴν
1190 1217 1219 1243 ὲν
1237 1217 1312 1253 αὐτῷ
1327 1218 1440 1252 σοφίαν,
1456 1218 1472 1253 ἦ
1486 1219 1535 1254 τήν
1552 1227 1584 1253 γε
1604 1219 1633 1245 ὲν
1649 1218 1688 1253 τῷ
1703 1218 1808 1253 σώματι
1825 1219 1914 1254 ψυχὴν

1124 1262 1290 1296 κόπτεσθαι,
1311 1263 1328 1299 ἢ
1352 1263 1477 1290 καίεσθαι
1491 1263 1611 1299 φαίημεν
1627 1264 1661 1292 ἂν
1682 1265 1805 1297 εἰκότως.
1822 1265 1915 1302 Ταύτῃ

1124 1316 1165 1334 τοι
1193 1308 1260 1335 πολὺ
1297 1309 1378 1335 πλέον
1406 1309 1467 1335 οὐδὲ
1496 1310 1546 1345 τὴν
1574 1310 1621 1337 τοῦ
1649 1309 1736 1345 Λόγου
1784 1311 1865 1345 φύσιν
1897 1312 1914 1346 ἢ

1124 1354 1237 1391 δύναμιν
1267 1355 1366 1391 βλάὸος
1391 1365 1418 1382 τι
1447 1356 1480 1383 ἐκ
1504 1357 1557 1383 τῶν
1587 1358 1633 1383 τοῦ
1661 1357 1787 1392 σώματος
1820 1357 1914 1384 παθῶν

1124 1401 1322 1437 ἀποφέρεσθαι,
1338 1402 1420 1436 φάναι
1435 1401 1545 1436 εὔλογον
1555 1411 1562 1417 ο
1579 1402 1620 1429 ὅτι
1636 1402 1703 1438 μηδὲ
1716 1403 1746 1429 τὸ
1762 1402 1809 1429 τοῦ
1826 1403 1914 1437 φωτὸς

1125 1448 1190 1484 ἡμῖν
1206 1448 1358 1484 ὑπόδειγμα
1381 1448 1538 1485 χραίνεσθαί
1558 1457 1584 1475 τι
1604 1449 1654 1480 τὰς
1671 1448 1787 1484 ἡλιακὰς
1802 1449 1915 1480 ἀκτῖνας

1124 1494 1170 1520 ἐπὶ
1185 1494 1236 1530 γῆς
1249 1494 1393 1530 οὐρανόθεν
1409 1494 1632 1530 ὲκπεμπομένας,
1649 1494 1734 1530 πηλού
1749 1503 1780 1521 τε
1795 1495 1841 1520 καὶ
1856 1494 1915 1530 βορ-

1125 1539 1206 1575 6ὁρου
1224 1540 1270 1566 καὶ
1286 1539 1407 1575 μιασμοῦ
1422 1540 1521 1571 παντὸς
1543 1541 1734 1575 ἐφαπτομένας
1755 1539 1913 1575 συνεχώρει.

1124 1585 1291 1618 Φωτιζεσθαι
1309 1586 1359 1622 μὲν
1373 1587 1419 1612 καὶ
1436 1585 1523 1612 ταῦτα
1544 1587 1576 1613 ὲκ
1591 1586 1645 1613 τῶν
1657 1585 1703 1612 τοῦ
1724 1586 1811 1620 φωτὸς
1823 1585 1913 1620 αὐτῶν

1124 1632 1199 1659 οὐδὲν
1215 1631 1247 1659 ἂν
1265 1632 1365 1659 κωλύοι
1384 1632 1488 1667 λέγειν·
1506 1633 1537 1659 τὺ
1558 1633 1586 1659 δέ
1601 1641 1632 1668 γε
1646 1632 1691 1659 τὸν
1706 1633 1782 1668 ἥλιον
1801 1632 1913 1668 μολύνε-

1126 1678 1187 1705 σθαι
1203 1679 1235 1705 ἐκ
1249 1679 1299 1714 τῆς
1318 1678 1373 1705 τῶν
1391 1679 1524 1714 σωμάτων
1537 1679 1677 1714 ἐπιμιξίας
1688 1700 1695 1712 ,
1713 1679 1729 1713 ἢ
1746 1679 1913 1714 πηλοῦσθαι,

1123 1724 1225 1751 οὐκέτι.
1236 1725 1291 1751 Καὶ
1309 1725 1361 1760 μὴν
1376 1725 1461 1752 ταῦτά
1474 1734 1505 1759 γε
1518 1725 1568 1760 τῆς
1582 1725 1688 1759 φύσεως
1700 1725 1750 1752 οὐκ
1762 1725 1795 1751 ἂν
1805 1725 1849 1760 εἴη
1860 1725 1914 1751 τῶν

1126 1769 1259 1805 σωμάτων
1273 1770 1409 1806 ἀλλότρια.
1429 1771 1458 1797 '0
1471 1771 1500 1797 δέ
1517 1779 1549 1805 γε
1562 1770 1640 1802 ᾶῦλος
1653 1771 1700 1797 καὶ
1712 1769 1855 1805 ἀσώματος
1863 1771 1913 1798 ,τοῦ

1123 1815 1190 1842 Θεοῦ
1208 1816 1295 1850 Λόγος
1306 1835 1313 1848 ,
1330 1816 1453 1852 αὑτοζωὴ
1467 1817 1607 1851 τυγχάνων
1623 1817 1669 1843 καὶ
1680 1816 1805 1850 αὑτοφῶς
1821 1817 1914 1852 νοερὸν

1124 1861 1171 1888 καὶ
1182 1861 1232 1888 ὅσα
1248 1861 1314 1888 ἄλλα
1329 1862 1565 1898 προκατείλεκται,
1578 1863 1679 1894 παντὸς
1690 1860 1720 1890 οὗ
1736 1862 1769 1890 ἂν
1784 1862 1915 1897 ὲφάψοιτο

1124 1907 1209 1943 ἐνθέῳ
1225 1908 1272 1934 καὶ
1286 1908 1424 1943 ἀσωμάτῳ
1437 1908 1567 1944 δυνάμει,
1583 1908 1632 1944 ζῇν
1647 1909 1726 1935 τοῦτο
1744 1909 1851 1944 ἀνάγκη
1866 1909 1915 1935 καὶ

1125 1953 1172 1979 σὺν
1185 1953 1287 1989 λογικῷ
1304 1953 1408 1988 διάγειν
1421 1955 1501 1988 φωτί.
1518 1955 1610 1989 Ταύτῃ
1626 1963 1667 1981 τοι
1686 1955 1732 1981 καὶ
1746 1954 1870 1990 σώματος
1883 1951 1914 1981 οὗ

1124 1999 1156 2026 ἂν
1171 2000 1311 2034 ὲφάψοιτο,
1324 2001 1452 2036 ἡγίασται
1468 2000 1547 2027 τοῦτο
1561 2001 1609 2028 καὶ
1621 2000 1789 2034 πεφώτισται
1803 2001 1913 2033 αὐτίκα,

1123 2046 1197 2072 πᾶσά
1221 2055 1250 2072 τε
1274 2047 1352 2078 νόσος
1373 2046 1447 2082 αὐτῷ
1469 2047 1516 2073 καὶ
1539 2047 1680 2082 ἀρρωστία
1701 2048 1747 2074 καὶ
1764 2047 1843 2074 πάνθ’
1864 2048 1914 2074 ὅσα

1123 2090 1317 2122 ὑπεξίσταται·
1334 2091 1528 2127 ἀντιλαμϐάνει
1544 2091 1571 2117 δὲ
1587 2092 1637 2126 τῆς
1660 2091 1689 2125 ἐξ
1709 2092 1790 2118 αὑτοῦ
1808 2091 1916 2128 πληρώ-

1123 2143 1192 2166 σεως
1213 2135 1350 2171 στέρησις.
1377 2136 1454 2163 Οὕτω
1479 2136 1546 2171 δῆτα
1570 2137 1617 2162 καὶ
1635 2136 1665 2162 τὸ
1686 2136 1781 2172 νεκρὸν
1795 2136 1845 2171 τῆς
1866 2136 1914 2163 τοῦ

1123 2181 1210 2214 Λόγου
1224 2181 1365 2216 δυνάμεως
1374 2202 1380 2213 ,
1399 2182 1495 2218 μικρόν
1508 2191 1534 2208 τι
1546 2181 1629 2208 αὐτοῦ
1641 2182 1816 2217 ἐφαψάμενον
1827 2203 1834 2214 ,
1847 2182 1914 2217 ἀνη-

284 2239 336 2258 nos
362 2232 496 2260 allirmare
520 2233 681 2268 prohibeat;
705 2234 790 2262 solem
820 2243 885 2263 vero
908 2235 997 2270 ipsutn
1019 2236 1069 2263 fte-

1123 2226 1228 2262 γείρετο
1244 2228 1408 2263 ζωούμενον,
1431 2228 1477 2255 καὶ
1494 2228 1508 2254 ό
1526 2227 1639 2259 Θάνατος
1654 2228 1702 2262 τὴν
1716 2227 1788 2262 ζωὴν
1803 2226 1913 2262 ἔφευγε,

283 2276 353 2307 dari,
372 2282 419 2304 aut
435 2278 552 2306 lutosum
565 2279 634 2311 ﬁeri,
646 2280 710 2308 dunt
725 2281 785 2315 ejus
801 2281 891 2308 lttmett
905 2282 1067 2316 corporibus

283 2321 475 2351 immiseetur;
493 2332 675 2359 nequaquam.
696 2326 731 2352 At
747 2326 798 2353 ista
817 2331 907 2353 tamen
928 2334 982 2354 non
1003 2331 1068 2354 sunt

1120 2274 1167 2300 καὶ
1177 2273 1215 2309 τῷ
1225 2282 1256 2308 γε
1269 2275 1338 2308 φωτὶ
1351 2275 1381 2300 τὸ
1394 2274 1488 2305 σκότος
1497 2273 1630 2305 ἐξελύετο,
1640 2274 1669 2299 τό
1683 2281 1713 2299 τε
1730 2272 1849 2308 φθαρτὸν
1863 2273 1913 2308 τὴν

1120 2319 1273 2355 ἀφθαρσίαν
1282 2320 1473 2353 ἐνεδιδύσκετο,
1482 2320 1527 2347 καὶ
1540 2320 1571 2346 τὸ
1582 2319 1679 2354 Θνητδν
1689 2319 1737 2355 τὴν
1750 2319 1913 2346 ἀθανασίαν.

283 2377 298 2395 a
320 2375 418 2397 natura
435 2379 580 2407 corporum
592 2373 691 2401 aliena.
708 2373 776 2401 Illud
794 2381 857 2400 vero
871 2374 961 2402 omnis
973 2382 1069 2409 expers
1090 2377 1210 2405 materia:
1233 2378 1480 2413 incol-parcumque
1508 2378 1553 2405 Dei
1569 2377 1701 2410 Verbum,
1723 2377 1796 2412 quod
1820 2377 1881 2412 ipsa

282 2415 337 2442 vita
357 2421 409 2448 est,
428 2422 454 2445 et
477 2419 565 2454 ipsum
581 2420 672 2447 lumen
690 2420 871 2456 intelligibile,
886 2425 912 2448 et
928 2422 981 2448 alia
994 2430 1165 2458 quaecunque
1198 2425 1275 2459 prius
1305 2430 1465 2453 enumerata
1485 2430 1560 2457 sunt,
1579 2424 1712 2460 quidquid
1730 2424 1821 2452 divina
1837 2428 1881 2455 θι-

283 2471 335 2497 qtte
352 2464 515 2500 incorporea
547 2475 597 2494 sua
613 2469 639 2494 vi
657 2468 788 2503 attigerit,
811 2469 904 2496 vivere
924 2469 951 2496 id
983 2469 1135 2506 degereque
1154 2479 1217 2500 cum
1240 2473 1342 2501 lumine
1369 2473 1507 2505 rationali,
1533 2480 1645 2500 necesse
1662 2476 1715 2500 est.
1736 2471 1794 2499 [lac
1811 2479 1878 2499 sane

283 2512 342 2546 ipsa
358 2514 475 2545 ratione.
502 2514 791 2550 quodcunqueeliam
813 2524 914 2551 corpus
934 2517 1066 2552 attigerit,
1087 2520 1287 2547 sanctiﬁcatum
1311 2521 1437 2555 protinus
1462 2520 1489 2547 id
1508 2520 1747 2555 illuminatumque
1770 2523 1823 2550 est,
1843 2519 1879 2546 ab

282 2559 431 2594 eodemque
459 2561 592 2596 tegritudo
619 2562 708 2589 omnis
733 2563 878 2597 omnisque
908 2562 1069 2595 inﬁrmi:as,
1088 2565 1195 2600 aliaque
1205 2566 1328 2600 ejusdem
1349 2567 1457 2602 generis
1472 2567 1600 2594 universa
1617 2565 1768 2601 refugiunt.
1785 2565 1877 2592 Priva-

285 2605 323 2631 tio
335 2610 424 2633 autem
440 2608 515 2636 illius
528 2609 726 2643 plenitudinem
743 2609 916 2644 adipiscitur.
936 2609 982 2637 Sic
998 2619 1065 2638 sane
1083 2612 1167 2639 etiam
1190 2618 1329 2641 mortuum
1351 2614 1418 2641 illud
1434 2613 1517 2642 Verbi
1537 2622 1648 2650 corpus,
1673 2614 1719 2641 ubi
1749 2614 1879 2649 exiguum

284 2651 424 2685 quiddam,
437 2654 564 2682 virtutem
579 2657 652 2684 illam
669 2656 750 2684 Verbi
770 2657 870 2692 attigit,
889 2661 947 2685 tum
977 2659 1128 2686 excitatum
1159 2665 1201 2688 est
1225 2662 1299 2689 illico
1316 2669 1347 2689 ac
1366 2662 1474 2696 revixit,
1489 2666 1516 2689 et
1534 2669 1609 2690 mors
1625 2663 1709 2689 vitam
1724 2661 1828 2696 effugit,
1848 2663 1877 2688 et

285 2696 346 2746 ipso
361 2697 463 2746 lumine
481 2701 639 2732 obscuritas
653 2704 787 2733 dissoluta
802 2709 861 2740 est;
892 2710 919 2734 et
943 2705 1017 2742 quod
1030 2709 1216 2744 Vcorruptibile
1236 2714 1306 2743 erat,
1327 2710 1416 2738 induit
1435 2710 1686 2746 incorruptionem;
1711 2709 1785 2746 quod
1806 2715 1877 2736 Inoa-

286 2744 350 2777 tale,
367 2745 607 2778 immortalitatem.
