2084 3216
130 185 184 214 εις
592 185 923 214 DEMONSTRATIONIS
943 185 1172 214 EVANGELiC/E
1194 186 1256 213 LIB.
1275 187 1320 214 IV.

511 246 556 273 [ΔΩ
941 249 964 277 Α
1336 245 1407 272 XIV.

131 304 182 330 υ.
211 302 276 335 Ὡς,
297 301 352 328 τὸν
373 295 535 335 ἄνθρωπον(
550 301 808 336 ἀνανεωσάμενος,
831 301 926 329 πᾶσιν

978 302 1045 330 XIV.
1069 302 1308 336 Quemadmodum,
1325 308 1448 330 renovato
1460 303 1573 332 homine.
1585 304 1707 332 omnibus
1718 313 1768 332 no-

1710 189 1764 216 290

166 337 240 399 ἠιιέν
256 337 316 371 τὴν
338 336 398 364 τῶν
412 338 538 364 αἰωνίων
552 337 672 371 ἀγαθῶν
689 337 857 372 παρέσχετο
872 338 924 365 ἐλ-

169 381 202 398 :u
224 380 253 399 α.

169 380 253 399 mea.

168 428 224 454 Καὶ
245 428 271 454 τί
288 428 342 463 γὰρ
361 428 440 460 ἄλλο,
461 429 530 464 πλὴν
547 430 561 456 ὁ
576 430 630 461 πᾶς
649 430 791 466 ἄνθρωπος
808 430 860 456 ὑπὸ
874 430 925 464 τῆς

135 473 262 509 θεότητος
285 473 461 506 κατεπίνετο,
480 474 527 501 καὶ
542 475 623 501 πάλιν
638 475 703 506 Θεὸς
716 474 749 511 ἦν
764 476 778 501 ὁ
794 476 860 507 Θεὸς
875 476 925 502 Λό-

134 528 198 554 γος,
221 516 277 551 οἷος
289 520 336 546 καὶ
351 521 416 555 πρὶν
432 520 559 554 γενέσθαι
574 521 726 557 ἄνθρωπος,
744 521 791 548 καὶ
808 531 925 549 συναπε-

131 565 195 592 θέου
216 574 248 599 γε
265 565 309 591 τὸν
332 565 474 601 ἄνθρωπον
494 567 620 602 ἀπαρχὴν
635 567 684 602 τῆς
702 568 781 603 ἡμῶν
800 568 923 600 ἐλπίδος·

131 611 228 638 τοῦτον
242 612 324 638 αὑτὸν
337 612 396 638 ἐκεῖ
409 612 459 647 τῆς
475 621 505 639 τε
520 614 583 649 παρ’
600 613 673 648 αὐτῷ
686 614 758 649 ζωῆς
769 614 866 646 ἀϊδίου,
879 614 925 641 καὶ

132 657 184 692 τῆς
200 659 230 684 ἐν
244 659 276 693 τῇ
294 658 400 694 θεότητι
415 659 461 685 καὶ
478 660 658 695 μακαριότητι
670 660 812 692 κοινωνίας
825 661 923 693 ἀξιῶν,

133 704 202 738 ἡμῖν
215 712 245 730 τε
257 704 358 739 ὁμοίως
381 704 466 731 ἅπασι
481 705 532 740 τῆς
548 705 612 741 παρ’
627 706 701 741 αὺτῷ
720 707 767 732 καὶ
784 707 832 733 σὺν
851 707 926 742 αὐτῷ

132 749 285 782 ἀθανασίας
306 759 335 777 τε
352 751 400 777 καὶ
422 751 561 786 βασιλείας
575 752 655 779 τοῦτο
675 753 803 788 μέγιστον
826 753 925 789 δεῖγμα

132 797 272 832 παρέχων.

505 900 555 926 lE'.

493 957 512 990 ἡ
535 956 588 983 τοῦ
613 955 742 990 Χριστοῦ
763 957 923 990 παρουσία,

171 991 221 1017 καὶ
236 991 275 1024 ὼς
289 991 361 1024 Θεὸς
374 992 422 1018 καὶ
436 993 553 1026 Κύριος.
569 992 617 1018 καὶ
632 991 786 1025 ἀρχιερεὺς
797 992 850 1018 τοῦ
867 992 926 1018 τῶν

169 1026 250 1053 ὅλων
270 1027 343 1053 Θεοῦ
362 1026 411 1053 διὰ
428 1026 489 1053 τῶν
511 1028 578 1061 παρ’
602 1027 743 1061 Ἑϐραίοις
766 1026 926 1062 προφητῶν

171 1063 188 1088 ό
204 1061 333 1095 Χριστὸς
347 1062 554 1096 ἀνηγορεύετο.

169 1115 256 1143 Τοῦτο
274 1116 325 1152 τῆς
343 1117 383 1148 εὶς
399 1115 558 1152 ἀνθρώπους
581 1116 699 1150 ἀφίξεως
723 1116 798 1149 τέλος
814 1114 858 1152 ἦν,
879 1116 925 1143 τὺν

133 1161 218 1188 πάλαι
229 1161 279 1196 τῆς
289 1161 337 1188 τοῦ
353 1162 458 1197 Πατρὸς
468 1161 596 1196 γνώσεως
608 1161 787 1197 ἀποπεπλανη
793 1162 871 1197 μένον
885 1163 925 1195 εἰς

132 1206 183 1243 τὴν
200 1207 289 1234 οἰκίαν
302 1209 497 1242 ἐπαναγαγεῖν,
516 1207 564 1234 καὶ
578 1208 624 1234 τὸν
641 1208 758 1243 συγγενῆ
774 1208 821 1234 καὶ
837 1208 924 1243 φίλον,

132 1254 184 1289 τῆς
197 1262 228 1280 τε
242 1254 324 1281 αὐτοῦ
338 1254 541 1290 κατηξιωμένον
556 1254 670 1287 εἰκόνος,
684 1255 734 1290 τῆς
748 1255 850 1287 οἰκείας
861 1256 927 1282 ἁπο-

133 1299 232 1327 λαῧσαι
249 1299 321 1336 ζωῆς
331 1308 338 1315 ·
361 1300 437 1335 φίλον
450 1309 479 1327 τε
496 1301 544 1327 καὶ
563 1302 661 1327 οἰκεῖον
676 1301 723 1327 τοῦ
737 1301 843 1337 Πατρὺς
856 1302 926 1328 ἀπο-

132 1345 219 1380 φῆναι
233 1345 338 1380 τοῦτον,
352 1346 386 1372 δι’
399 1346 429 1373 ὃν
445 1346 526 1379 αὐτὸς
543 1347 557 1373 ὁ
569 1346 616 1373 τοῦ
633 1346 701 1373 Θεοῦ
717 1347 804 1381 Λόγος
821 1346 926 1383 ὑπέστη

132 1391 260 1426 γενέσθαι
277 1391 428 1428 ἄνθρωπος.
445 1392 522 1419 Οὕτω
535 1392 613 1428 δῆτα,
630 1392 668 1424 ὡς
681 1394 710 1419 ὲν
725 1392 821 1429 βραχεῖ
832 1393 925 1428 φάναι,

133 1438 151 1473 ὴ
167 1437 240 1464 κατὰ
254 1437 301 1464 τὸν
329 1438 442 1474 Σωτῆρα
463 1439 509 1465 καὶ
532 1438 634 1474 Κύριον
657 1438 736 1474 ἡμῶν
761 1439 864 1475 Ἰησοῦν
881 1438 926 1466 τὸν

133 1484 251 1519 Χριστὸν
268 1484 405 1517 ὑπόθεσις,
420 1485 547 1522 διάφορον
570 1485 668 1521 ἔχουσα
690 1486 740 1522 τὴν
759 1485 925 1522 οἰκονομίαν,

133 1531 167 1556 ὲκ
189 1530 245 1557 τῶν
270 1530 336 1566 παρ’
362 1530 498 1566 Ἑθραίοις
520 1532 726 1567 παραστήσεται
749 1531 926 1568 προφητικῶν

133 955 168 983 τι
188 956 333 988 ,βούλεται
354 956 470 990 δηλοῦν

132 1575 238 1610 λόγων·
259 1576 400 1612 ὡσπεροῦν
424 1577 521 1613 μικρὸν
537 1577 650 1613 ὕστερον
671 1579 698 1604 αἱ
716 1578 745 1611 ἐξ
765 1578 855 1605 αὐτῶν
873 1578 927 1605 δεί-
940 1597 963 1627 c

134 1621 210 1653 ξουσι
234 1622 394 1658 μαρτυρίαι,
417 1624 605 1659 πιστουμένων
624 1624 658 1651 τὰ
672 1624 773 1652 παλαιὰ
788 1624 842 1651 τῶν
858 1624 926 1652 νέων

133 1668 317 1703 γραμμάτων,
339 1669 386 1696 καὶ
404 1668 458 1697 τῶν
480 1669 665 1705 εὐαγγελικῶν
689 1670 738 1702 τὰς
754 1669 808 1697 τῶν
822 1679 928 1706 προφη-

133 1715 217 1741 τικῶν
238 1715 392 1751 μαρτυρίας
409 1716 691 1752 ὲπισφραγιζομένων.
711 1716 790 1744 Ἀλλά
801 1717 855 1753 γὰρ
867 1717 929 1744 τού-

133 1769 187 1787 των
202 1757 253 1787 ὦδε
267 1762 394 1797 ἐχόντων,
409 1762 468 1798 ὥρα
481 1763 573 1789 λοιπὸν
588 1763 634 1790 καὶ
649 1761 714 1798 περὶ
730 1762 779 1798 τῆς
792 1772 929 1800 προσηγο-

135 1805 196 1841 ρίας
209 1806 291 1832 αὑτοῦ
304 1806 428 1839 διελθεῖν,
443 1806 505 1834 καθ’
518 1807 532 1833 ὅ
549 1808 652 1843 Ἰησοῦς
667 1806 714 1833 καὶ
729 1809 847 1844 Χριστὸς
861 1809 928 1845 ἀνη-

133 1853 274 1888 γορεύετο,
286 1853 321 1880 δι’
337 1853 408 1881 ὅσων
426 1862 456 1880 τε
479 1855 652 1890 προφητειῶν
667 1855 797 1891 ὀνομαστὶ
810 1863 929 1891 προεκη-

135 1898 258 1934 ρύττετο.
277 1899 377 1935 Πρῶτα
390 1899 418 1926 δὲ
435 1901 599 1936 σκεψώμεθα
610 1902 636 1928 τί
654 1901 778 1937 βούλεται
798 1901 895 1938 δηλοῦν
911 1902 929 1937 ἡ

133 1946 182 1972 τοῦ
200 1945 320 1981 Χριστοῦ
341 1947 521 1983 προσηγορία,
548 1948 613 1983 πρὶν
636 1947 769 1984 ἄρξασθαι
788 1949 838 1984 τῆς
858 1948 930 1975 κατὰ

136 1991 220 2026 μέρος
238 1992 399 2026 συναγωγῆς
412 1991 466 2019 τῶν
486 1993 663 2029 προφητικῶν
679 1994 741 2030 περὶ
754 1994 800 2020 τοῦ
816 2003 929 2030 προκει-

136 2038 220 2071 μένου
232 2038 391 2073 σκέμματος
402 2038 510 2072 λογίων.
524 2040 678 2074 Προσήκειν
689 2040 716 2066 δὲ
734 2040 853 2075 ἠγοῦμαι
866 2041 929 2077 περὶ

134 2084 221 2118 αὐτῆς
242 2083 351 2118 πρῶτον
371 2084 420 2119 τῆς
440 2084 557 2121 Χριστοῦ
577 2085 711 2112 διαλαϐεῖν
734 2087 928 2122 προσηγορίας,

134 2130 305 2166 διαρθρῶσαί
318 2139 347 2157 τε
364 2131 412 2167 τὴν
428 2131 491 2167 περὶ
508 2131 592 2167 αὐτῆς
608 2131 722 2165 ἔννοιαν,
737 2133 775 2164 ὼς
794 2133 827 2160 ἂν
847 2133 929 2168 μηδὲν

135 2177 209 2212 ἡμᾶς
221 2177 298 2204 λάθοι
313 2177 368 2204 τῶν
385 2178 444 2204 κατ’
461 2177 546 2213 αὐτὴν
560 2177 744 2214 ζητουμένων.
762 2179 857 2212 Ἄλλος
879 2179 929 2215 μὲν

134 2220 193 2255 οὖν,
217 2223 334 2257 ἐγγύθεν
351 2223 398 2250 καὶ
417 2225 448 2250 ἐκ
462 2223 517 2251 τῶν
537 2224 598 2250 καθ’
616 2225 689 2260 ἡμᾶς
711 2224 873 2260 ἀρξάμενος,
892 2226 930 2252 εἴ-

1064 338 1102 364 bis
1121 343 1278 365 aeternorum
1293 339 1421 365 bonarum
1436 346 1507 373 spent
1518 339 1672 373 praebuerit.

1010 426 1157 460 Caeterum,
1176 426 1306 462 quidnam
1338 428 1411 455 aliud
1440 428 1561 462 tandem,
1586 437 1668 463 quam
1693 431 1765 465 quod

976 477 1049 500 totus
1065 473 1146 499 homo
1163 473 1198 500 ab
1213 473 1299 507 ipsius
1316 473 1361 500 Dei
1386 479 1484 501 natura
1501 475 1648 509 absorptus
1670 479 1723 506 est,
1739 480 1768 503 et.

976 526 1073 546 rursus
1091 517 1163 546 Deus
1178 518 1240 550 fuit,
1263 518 1334 546 Deus
1352 518 1484 552 Verbum,
1500 520 1654 554 cujusmodi
1679 521 1768 548 luerat

976 564 1057 591 etiam
1080 570 1226 599 antequam
1249 565 1330 592 homo
1349 565 1433 599 ﬁeret,
1456 570 1483 593 et
1505 572 1597 593 secum
1614 566 1698 594 Deum
1721 568 1768 594 ho-

976 611 1077 637 minem
1100 610 1174 644 i'ecit,
1196 611 1254 646 spei
1279 616 1380 639 nostra:
1404 612 1554 646 primitias;
1581 614 1654 641 hunc
1676 615 1766 649 ipsum

976 656 1085 684 interim
1107 656 1140 683 ad
1159 657 1232 684 illius
1247 657 1310 684 vitm
1325 662 1445 690 internae,
1464 667 1546 693 quam
1564 667 1648 694 penes
1669 668 1698 687 se
1717 660 1767 687 ha-

976 702 1031 733 bet,
1050 706 1131 737 atque
1143 702 1168 729 id
1184 703 1325 738 dignitatis
1339 704 1365 730 in
1382 703 1536 736 divinitate,
1550 713 1581 732 ac
1598 705 1767 733 beatitudine

976 748 1199 775 communitatem
1225 755 1385 782 assumens,
1409 749 1542 784 nobisque
1564 751 1656 777 itidem
1677 751 1767 777 omni-

976 793 1038 825 bus,
1055 792 1152 820 futura:
1163 794 1234 828 apud
1253 794 1341 828 ipsum
1357 799 1384 821 et
1399 802 1460 822 cum
1476 795 1536 830 ipso
1551 796 1766 823 immortalitatis

976 847 1009 866 ac
1022 839 1110 875 regni,
1128 840 1278 868 maximum
1299 841 1351 868 hoc
1365 842 1490 876 praebens
1503 843 1647 870 indicium.

1298 897 1375 933 171
1394 898 1446 926 XV-

977 953 1048 987 Quid
1063 954 1114 980 sibi
1133 954 1204 986 velit,
1220 955 1313 990 quidve
1328 956 1457 990 signiﬁcet
1480 957 1534 990 ipse
1552 955 1650 984 Christi
1671 956 1767 983 udum-

1012 994 1065 1019 tus.
1082 994 1106 1016 et
1121 990 1192 1026 quod
1220 990 1299 1020 Deus,
1318 996 1342 1017 et
1365 990 1506 1020 Dominus.
1520 997 1544 1018 et
1569 992 1694 1026 Pontifex
1718 991 1767 1019 Dei

1011 1025 1134 1061 uniuersi.
1149 1033 1195 1059 per
1203 1025 1343 1060 prop/tetas
1357 1026 1530 1053 Hebrazorum
1542 1026 1663 1054 Christus
1678 1027 1768 1061 appel-

1013 1059 1083 1086 latus
1097 1065 1147 1088 est.

1011 1115 1069 1143 Hoc
1084 1124 1150 1144 sane
1166 1116 1216 1144 fuit
1233 1117 1306 1145 illius
1321 1117 1354 1144 ad
1378 1117 1503 1145 homines
1530 1117 1698 1146 accessionis
1719 1125 1769 1145 ex-

976 1165 1104 1194 tremum,
1123 1165 1152 1189 ut
1168 1164 1207 1190 sic
1221 1170 1283 1190 eum
1300 1163 1346 1198 qui
1362 1162 1396 1190 ab
1415 1163 1502 1197 ipsius
1512 1161 1602 1190 Patris
1612 1163 1768 1198 cognitione

977 1207 1163 1239 aberraverat,
1179 1208 1213 1235 ad
1231 1216 1291 1235 eam
1313 1209 1398 1244 ipsam
1416 1209 1568 1239 reduceret,
1581 1213 1607 1236 et
1619 1213 1766 1243 cognatum

977 1256 1058 1287 atque
1072 1253 1190 1280 amicum
1215 1262 1319 1288 suaque
1330 1254 1417 1289 ipsius
1433 1254 1564 1282 d0natum
1583 1259 1766 1290 ornatumque

977 1300 1104 1336 imagine,
1115 1301 1232 1335 propria:
1251 1301 1314 1329 vita:
1325 1301 1432 1336 gaudiis
1448 1308 1478 1328 ac
1491 1302 1665 1336 possessione
1680 1302 1766 1329 donat

977 1351 1029 1378 ret,
1044 1346 1218 1381 amicumque
1243 1347 1319 1375 illum
1345 1347 1434 1382 ipsum
1451 1346 1541 1374 Patris
1556 1355 1589 1375 ac
1603 1347 1767 1375 familiarem

976 1392 1104 1426 ediceret,
1121 1394 1201 1428 cujus
1215 1401 1299 1421 causa
1315 1393 1386 1422 idem
1405 1393 1453 1421 Dei
1467 1393 1584 1422 Verbum
1600 1402 1630 1422 se
1647 1394 1704 1422 fieri
1720 1394 1769 1421 ho-

977 1440 1078 1467 minem
1094 1447 1206 1474 passum
1220 1444 1273 1467 est.
1291 1439 1337 1467 Sic
1357 1447 1440 1471 sane,
1454 1444 1482 1466 ut
1499 1440 1594 1474 paucis
1614 1440 1766 1472 absolvam,

978 1486 1035 1514 haec
1051 1485 1202 1513 Salvatoris
1216 1493 1248 1513 ac
1266 1486 1372 1513 Domini
1391 1487 1479 1513 nostri
1495 1485 1559 1514 .lesu
1579 1486 1681 1513 Christi
1701 1494 1769 1513 eon-

978 1531 1111 1559 sideratio
1125 1534 1151 1558 et
1163 1532 1287 1564 materia,
1304 1532 1407 1558 variam
1425 1531 1529 1559 habens
1546 1531 1767 1567 dispositionem,

978 1584 1010 1604 ex
1026 1577 1194 1612 propheticis
1211 1576 1387 1604 llebrworum
1406 1577 1526 1605 oraculis
1547 1577 1768 1609 contirmabitur,

979 1631 1046 1650 sane
1071 1623 1300 1658 quemadmodum
1329 1624 1411 1658 paulo
1428 1627 1490 1658 post
1517 1627 1629 1658 accopta
1659 1623 1693 1650 ab
1714 1623 1770 1650 illis

978 1670 1135 1697 testimonia
1165 1670 1410 1700 demonstrabunt,
1439 1670 1640 1697 recentioribus
1668 1669 1769 1697 litteris

978 1720 1071 1744 vetera
1095 1716 1361 1751 comprobantibus,
1387 1720 1414 1743 et.
1444 1716 1574 1751 angelicis
1604 1715 1770 1742 testimoniis

979 1761 1137 1796 prophetica
1150 1762 1229 1796 quasi
1244 1765 1319 1789 certa
1337 1762 1470 1796 impressa
1491 1765 1555 1788 nota
1573 1761 1770 1788 commendan-

978 1807 1061 1834 tibus.
1074 1807 1220 1838 Caeterum,
1237 1807 1346 1842 quando
1363 1807 1421 1834 haec
1437 1807 1473 1834 ita
1486 1815 1515 1834 se
1532 1806 1642 1836 habent.
1661 1810 1770 1842 tempus

978 1857 1021 1881 est
1040 1853 1169 1888 deinceps
1199 1853 1233 1880 de
1258 1852 1441 1887 appellatione
1464 1852 1588 1886 ejusdem
1618 1852 1768 1884 disserere.

978 1903 1115 1935 quatenus
1132 1903 1160 1927 et
1183 1899 1264 1927 Jesus
1291 1903 1319 1927 et
1341 1899 1468 1927 Christus
1484 1899 1574 1926 dictus
1591 1903 1645 1931 est,
1661 1907 1769 1927 necnon

980 1953 1027 1981 per
1043 1952 1112 1980 quas
1128 1944 1286 1980 prophetias
1310 1943 1473 1971 nominatim
1492 1949 1555 1971 ante
1569 1944 1604 1971 sit
1624 1944 1771 1972 denuntia-

979 1995 1034 2018 tus.
1063 1990 1241 2025 Primumque
1275 1989 1341 2017 illud
1372 1990 1610 2025 contemplemur,
1637 1989 1770 2024 quidnam

979 2039 1069 2073 ipsum
1085 2037 1187 2065 Christi
1204 2044 1301 2063 nomen
1323 2036 1469 2071 signiticet,
1490 2040 1635 2071 antequam
1653 2035 1770 2070 prophe-

978 2085 1032 2111 tica
1045 2084 1080 2111 de
1095 2083 1234 2119 proposita
1253 2082 1424 2117 inspectione
1437 2082 1549 2109 oracula
1563 2082 1690 2117 colligere
1705 2081 1772 2109 inci-

979 2131 1097 2166 piamus.
1112 2129 1165 2156 Par
1180 2132 1270 2156 autem
1295 2136 1358 2156 esse
1382 2128 1501 2155 arbitror
1515 2128 1550 2156 de
1576 2128 1634 2163 ipsa
1651 2128 1771 2163 primum

979 2176 1083 2204 Christi
1108 2175 1292 2210 appellatione
1307 2177 1436 2206 tractare,
1456 2175 1586 2210 illiusque
1602 2174 1769 2202 intellectum

979 2222 1159 2257 distinguere,
1177 2225 1206 2248 ut
1220 2220 1288 2247 nihil
1306 2227 1421 2255 prorsus
1437 2228 1487 2247 nos
1502 2221 1584 2247 lateat
1598 2228 1693 2248 eorum
1709 2228 1771 2255 quae

135 2277 182 2295 ποι
195 2268 230 2295 ἂν
254 2268 374 2296 Μωῡσέα
393 2269 570 2305 νομοθετῆσαι
595 2270 702 2306 πρῶτον
724 2270 852 2297 ἁπάντων
866 2270 928 2302 τοὺς

980 2269 1032 2296 hoc
1050 2268 1111 2294 loco
1123 2266 1208 2302 quaeri
1224 2266 1322 2294 solent.
1341 2266 1418 2294 Alius
1432 2267 1516 2302 igitur
1530 2267 1565 2294 ab
1581 2267 1616 2306 iis
1632 2275 1692 2303 quae
1707 2276 1772 2303 pro-

135 2313 175 2348 τῷ
191 2313 251 2349 Θεῷ
269 2314 432 2349 ῑερωμένους
451 2314 527 2350 μύρῳ
542 2314 684 2350 σκευαστῴ
708 2315 843 2351 χρίεσθαι,
861 2316 929 2342 εὐω-

135 2359 196 2392 δίας
208 2359 264 2387 δεῖν
278 2360 314 2387 τὰ
327 2360 441 2396 σώματα
455 2362 502 2388 καὶ
513 2361 615 2395 ἀγαθοῦ
628 2370 699 2393 τινος
715 2363 846 2389 ἀποπνεῖν
860 2363 929 2399 ἡγη-

137 2407 255 2442 σάμενον
266 2415 273 2421 ·
292 2407 354 2433 ἐπεὶ
375 2408 429 2434 πᾶν
443 2407 473 2433 τὸ
487 2406 604 2439 δυσῶδες
621 2409 732 2443 μιαραῖς
749 2409 795 2435 καὶ
808 2409 930 2445 ἀκαθάρ-

136 2460 194 2483 τοις
205 2451 352 2486 δυνάμεσιν
365 2449 433 2478 εἶναι
452 2451 538 2486 φίλον,
551 2451 589 2483 ὡς
604 2451 721 2487 ἔμπαλιν
738 2453 797 2484 ταῖς
815 2452 931 2487 φιλαγά-

137 2497 207 2530 θοις,
231 2497 262 2524 τὺ
272 2497 371 2529 εὑῶδες
381 2506 388 2512 ·
402 2497 463 2524 ὅθεν
477 2497 524 2525 καὶ
539 2497 689 2533 θυμιάματι
703 2498 874 2534 συγκειμένῳ
890 2499 930 2531 εἰς

138 2542 294 2578 ὑπερϐολὴν
305 2543 420 2575 εὐωδίας
434 2543 493 2570 καθ’
509 2543 626 2579 ἑκάστην
641 2543 747 2580 ἡμέραν
760 2545 816 2576 τοῖς
828 2544 930 2580 ίερεῦσι

137 2589 258 2624 χρῆσθαι
275 2590 305 2615 ὲν
321 2588 359 2624 τῷ
379 2588 444 2624 ἱερῷ
457 2588 646 2624 νομοθετῆσαι,
663 2589 747 2622 ὅπως,
763 2598 930 2626 κατακιρνα-

140 2634 222 2670 μένου
239 2634 286 2661 τοῦ
306 2635 397 2670 ἀέρος,
419 2634 510 2661 καὶτὸ
531 2634 648 2666 δυσῶδες
670 2635 854 2668 ὰφανίζοντος,
872 2634 931 2661 θεία

138 2689 181 2714 τις
206 2680 330 2716 ἀπορροὴ
355 2681 410 2712 τοῖς
435 2680 593 2716 εὐχομένοις
623 2681 859 2716 καταμιγνύηται·
887 2681 932 2708 διὰ

139 2727 195 2763 γὰρ
212 2726 292 2753 τοῦτο
304 2725 371 2753 αὐτὸ
383 2725 431 2752 καὶ
443 2726 548 2761 χρίσμα
563 2725 719 2752 ἀλειπτικὸν
749 2725 930 2753 εὐωδέστατον

139 2772 182 2799 διὰ
201 2771 356 2808 μυρεψικῆς
367 2771 464 2806 τέχνης
477 2771 611 2798 συνθεῖναι
623 2772 660 2804 ὡς
673 2773 706 2799 ἂν
717 2773 834 2809 χρίοιντο
845 2774 931 2809 τούτῳ

140 2819 165 2845 οἱ
176 2818 229 2845 τῶν
247 2817 345 2844 κοινῶν
362 2817 479 2853 δημοσίᾳ
495 2817 694 2853 προστήσεσθαι
716 2819 867 2854 μέλλοντες,
884 2821 932 2847 καὶ¹

142 2865 172 2891 τὸ
183 2864 230 2892 τοῦ
248 2863 368 2900 Χριστοῦ
388 2863 473 2898 ὖνομα
489 2862 596 2898 πρῶτον
610 2863 727 2890 Μωῡσέα
751 2864 806 2895 τοῖς
821 2864 931 2900 χριομέ-

142 2920 195 2943 νοις
213 2910 358 2938 ίπιθεῖναι.
377 2908 462 2935 Τοῦτο
482 2908 509 2934 δὲ
527 2907 556 2934 τὸ
568 2908 669 2944 χρίσμα
688 2908 725 2944 μὴ
740 2908 817 2944 μόνον
839 2910 930 2946 ἀρχιε-

982 2314 1059 2349 piora
1074 2318 1149 2346 sunt,
1165 2317 1192 2341 et
1209 2321 1270 2348 quae
1295 2313 1329 2340 ad
1352 2321 1404 2340 nos
1428 2313 1517 2348 magis
1538 2318 1676 2348 spectant,
1692 2315 1770 2343 initio

981 2362 1100 2393 sumpto,
1111 2358 1225 2386 dixisset
1236 2357 1355 2394 Moysem
1367 2358 1483 2393 primum
1493 2359 1614 2385 omnium
1626 2359 1653 2385 in
1665 2360 1770 2394 legibus

980 2406 1117 2442 posuisse.
1138 2413 1186 2433 eos
1205 2406 1253 2441 qui
1275 2405 1330 2433 Deo
1344 2406 1498 2434 consecrati
1521 2410 1616 2434 essent
1630 2412 1771 2442 unguento

981 2455 1142 2487 comparato
1163 2452 1227 2486 ungi
1244 2452 1350 2484 solitos,
1364 2452 1512 2487 fragrantia
1527 2452 1631 2479 scilicet
1651 2453 1769 2488 quadam

981 2506 1050 2533 opus
1068 2505 1129 2526 esse
1145 2497 1317 2532 corporibus,
1337 2505 1424 2533 eaque
1452 2498 1521 2525 bene
1546 2499 1620 2525 olere
1642 2504 1770 2533 oportere

981 2547 1058 2572 ratus
1086 2553 1093 2571 :
1123 2544 1344 2579 quandoquidem
1383 2551 1463 2571 omne
1489 2544 1671 2579 quodcunque
1699 2545 1770 2572 male

981 2590 1063 2621 oleat,
1080 2590 1222 2617 sceleratis
1242 2594 1324 2624 atque
1353 2590 1502 2617 immundis
1529 2591 1710 2624 potestatibus
1727 2593 1771 2618 est

982 2636 1112 2669 amicum,
1134 2636 1206 2663 sicut
1231 2641 1328 2664 contra
1358 2636 1489 2664 studiosis
1512 2636 1660 2667 bonitatis,
1682 2637 1770 2672 quod-

981 2690 1090 2717 cunque
1104 2682 1279 2718 fragrantiam
1296 2686 1367 2710 amet
1382 2693 1388 2710 :
1407 2691 1439 2711 ex
1455 2690 1509 2717 qno
1520 2684 1614 2715 etiam,
1633 2688 1663 2710 ut
1675 2684 1771 2711 incen-

982 2729 1020 2757 sis
1034 2733 1060 2756 et
1074 2728 1299 2764 iumigationibus
1311 2729 1461 2764 composite
1471 2729 1504 2756 ad
1516 2729 1701 2757 abundantem
1715 2729 1769 2757 ira»

982 2775 1127 2810 grantiam,
1138 2775 1253 2810 singulis
1263 2775 1342 2810 172
1353 2775 1449 2803 diebus
1460 2779 1602 2803 uterentur
1612 2776 1770 2804 sacerdotes

982 2819 1009 2846 in
1022 2814 1244 2854 templo'lcgibus
1261 2820 1396 2852 sanxisse,
1414 2824 1443 2847 ut
1458 2820 1522 2848 dum
1543 2820 1584 2847 sic
1608 2827 1655 2848 aer
1671 2821 1770 2849 misce-

983 2868 1038 2896 tur,
1050 2869 1077 2892 et
1088 2864 1220 2900 quidquid
1236 2866 1306 2893 male
1320 2866 1385 2897 olet,
1399 2866 1515 2901 repellit,
1526 2865 1672 2894 deﬂuentia
1692 2873 1769 2902 qna-

982 2909 1044 2937 dam
1061 2909 1152 2938 divina
1173 2911 1350 2946 precantibus
1360 2911 1548 2947 immisceatur
1561 2921 1567 2940 :
1581 2918 1644 2939 nam
1658 2918 1767 2948 propter
