2084 3216
310 182 358 209 ’ΞΜ

647 182 781 210 EUSEBII
801 181 1044 210 CAESARIENSlS
1063 181 1139 209 OPP.
1156 180 1256 207 PARS.
1278 179 1298 207 1.
1319 196 1353 200 -
1373 177 1623 206 APOLCGETICA.

1887 177 1939 204 9:22

312 239 480 273 hancipsam
502 247 612 266 causam
636 240 718 266 etiam
734 244 903 273 unguentum
933 238 1095 266 odoratissi-

1149 238 1222 274 ρεῦσι
1239 236 1434 273 παραδοθῆναι,
1449 235 1518 262 ἀλλὰ
1538 235 1585 262 καὶ
1601 236 1656 266 τοῖς
1675 234 1743 270 μετὰ
1763 233 1849 260 ’ταῦτα
1873 242 1935 270 προ-

312 293 396 316 mum,
407 284 438 310 ad
455 285 585 319 unguenti
604 292 683 311 usum
702 284 880 319 unguentaria
900 287 959 310 arte
972 281 1098 317 componi

312 332 434 363 solitum,
452 335 481 358 ut
495 339 528 358 eo
547 336 715 365 ungerentnr
730 332 776 366 qui
800 330 992 357 communibus
1017 329 1099 356 rebus

312 377 421 412 publice
437 377 599 412 prmﬁciendi
615 378 748 404 fuissent:
770 382 797 404 et
810 377 913 404 Christi
930 384 1028 404 nomen
1045 376 1099 410 pri—

298 431 386 458 ;qum
401 422 518 458 Moysem
535 423 567 450 iis
579 423 667 458 quiita
682 427 857 458 ungerentur,
870 423 1033 458 imposuisse
1049 432 1055 449 :
1073 422 1099 448 id

312 473 403 495 autem
429 470 565 495 unctionis
590 477 698 503 genus,
725 477 779 496 non
810 470 897 496 solum
924 469 1099 503 pontilicibus

313 514 398 542 fuisse
415 515 553 548 traditum,
579 515 626 542 sed
653 519 679 542 et
703 516 843 550 prophetis
870 521 897 542 et
922 515 1030 549 regibus
1052 515 1098 549 qui

313 567 405 595 postea
427 561 536 592 fuerint,
555 562 656 596 quibus
683 563 766 589 etiam
784 563 852 597 ipsis
877 563 945 589 solis
971 563 1022 589 hoc
1048 570 1100 588 un-

312 611 412 641 guento
426 607 491 642 ungi
519 607 559 634 fas
583 613 664 635 esset.
691 608 753 635 Haec
778 610 859 644 igitur
888 609 962 636 dictu
990 608 1099 643 quidem

313 653 435 680 faciliora
456 653 582 685 fuissent,
601 655 680 690 longe
695 659 786 681 tamen
807 660 911 682 remota
929 663 942 681 a
961 655 1053 682 divina
1073 657 1100 680 et

313 699 422 725 sublimi
444 700 581 734 prophecs
596 701 683 736 ipsius
699 701 888 735 intelligentia.
905 701 1043 735 Siquidem
1057 699 1102 726 ad-

312 745 445 772 mirabilis
462 745 516 776 ille,
532 750 613 780 atque
632 746 727 781 ingens
746 754 841 773 revera
858 753 998 773 sacrorum
1013 747 1100 773 admi-

313 789 455 821 nistrator,
472 791 517 824 qui
529 799 636 818 omnem
658 797 791 818 terrenam
808 796 835 818 et
850 799 1009 826 corpoream
1022 797 1100 818 natu-

312 842 382 865 ram.
401 835 427 862 in
445 837 511 863 solis
531 841 644 863 noverat
659 837 837 872 qualitatibus
848 838 1007 868 discretam,
1024 838 1100 865 nullo

313 881 394 907 modo
411 882 490 907 aliam
506 882 558 908 alia
576 882 680 909 honore
694 887 740 909 aut
755 883 841 917 pretio
857 883 1009 917 digniorem
1026 883 1099 917 judi-

313 926 397 960 cavit,
417 931 509 961 utpote
525 935 586 954 cum
602 929 693 955 omnia
708 933 801 956 nosset
814 937 846 956 ex
861 929 955 956 eadem
971 933 1030 956 orta
1041 937 1100 956 ma-
1118 920 1137 949 Β

314 971 394 1002 teria,
421 980 481 1006 quae
501 981 589 1007 neque
617 982 736 1008 unquam
769 975 860 1006 sistit,
885 982 973 1009 neque
1002 975 1100 1001 stabile

312 1018 460 1053 quidquam
482 1020 508 1046 in
531 1024 629 1047 natura
646 1021 736 1052 habet,
756 1029 864 1056 semper
879 1026 970 1048 autem
991 1020 1060 1053 ﬂuit,
1074 1026 1100 1049 et

312 1064 346 1090 ad
378 1066 513 1099 propriam
539 1066 740 1101 corruptionem
769 1066 889 1094 festinat.
922 1067 980 1094 Non
1018 1067 1101 1101 igitur

312 1111 385 1145 quod
398 1119 479 1138 suave
493 1116 565 1139 esset
580 1113 607 1139 iu
622 1113 783 1148 corporibus
798 1114 889 1148 elegit,
907 1120 995 1148 neque
1010 1113 1099 1148 ipsum

313 1163 362 1190 per
375 1164 404 1183 se
418 1157 490 1191 quod
509 1165 606 1185 sensus
623 1158 697 1192 ipsos
712 1158 888 1190 demulceret,
902 1159 1036 1193 praetulit;
1049 1159 1099 1185 hoc

313 1209 430 1237 namque
445 1203 542 1230 animze
554 1204 648 1239 vitium
664 1204 760 1231 fuisset
775 1212 835 1239 qua!
854 1205 880 1231 in
896 1205 1008 1231 humum
1026 1208 1052 1231 et
1065 1204 1099 1231 ad

312 1255 459 1282 corporum
477 1249 643 1283 voluptatem
666 1250 827 1278 declinaret.
844 1251 950 1278 Etenim
975 1251 1100 1277 inmune-

314 1293 415 1320 rabiles
428 1293 583 1320 effeminata
605 1301 720 1329 corpora
745 1296 886 1328 habentes,
900 1299 926 1322 et
942 1296 1044 1331 alioqui
1059 1296 1099 1323 vi-

311 1338 358 1365 tiis
373 1339 494 1371 obnoxii,
523 1345 550 1367 et
575 1339 797 1375 intemperantes,
826 1342 873 1376 qui
900 1347 1098 1377 unguentorum

312 1393 427 1420 operosa
449 1385 579 1412 varietate
597 1386 636 1412 uti
659 1387 757 1419 solent,
770 1387 875 1414 animas
898 1388 1006 1415 interim
1025 1390 1099 1416 omni

313 1431 435 1458 foeditate
445 1432 627 1466 omnibusque
641 1432 768 1460 50rdibus
784 1434 854 1460 male
868 1434 972 1461 olentes
982 1435 1100 1462 circum-

312 1477 422 1503 ferunt:
442 1477 513 1504 sicut
530 1485 545 1504 e
558 1478 697 1504 contrario
712 1479 758 1512 qui
775 1478 821 1505 Dei
837 1479 916 1506 amici
929 1483 1002 1512 Sunt,
1014 1481 1098 1515 ipsam

312 1522 442 1549 virtutem
469 1523 584 1552 olentes.
607 1527 633 1550 et
651 1524 736 1551 nmlto
757 1525 975 1559 prmstantiorem
999 1533 1014 1552 a
1039 1534 1099 1554 mo-

311 1568 399 1595 destia
413 1574 496 1603 atque
515 1577 529 1595 a
540 1570 648 1604 justitia
665 1575 692 1597 et
708 1570 742 1597 ab
752 1571 826 1597 onmi
841 1571 941 1605 pietate
960 1572 1098 1600 balantem

312 1614 499 1649 fragrantiam,
511 1624 592 1650 quam
608 1617 641 1643 de
657 1621 736 1644 terrae
748 1617 932 1645 odoramentis
948 1618 1098 1651 trahentes,

311 1661 423 1688 odorem
455 1669 602 1696 corporum
633 1670 694 1697 qua:
718 1663 833 1690 materia
859 1668 996 1697 constant,
1023 1666 1099 1692 nihili

312 1714 424 1740 prorsus
437 1707 551 1734 faciunt.
568 1707 630 1735 Hmc
645 1709 727 1744 igitur
744 1717 806 1736 cum
821 1710 930 1745 egregie
950 1711 1099 1739 admodum

310 1757 437 1788 percepta
453 1757 479 1780 et
493 1754 600 1789 cognita
621 1755 731 1782 haberet
748 1756 888 1790 propheta,
900 1762 1099 1791 unguentorum

309 1803 391 1833 atque
411 1800 588 1826 incensorum
616 1800 718 1826 nullam
740 1801 904 1836 praecipuam
921 1803 1031 1837 gerebat
1050 1811 1100 1830 cu-

309 1853 367 1871 ram
379 1854 385 1871 :
396 1846 540 1873 meliorum
555 1854 620 1873 vero
635 1855 666 1873 ac
680 1847 834 1874 divinarum
851 1855 942 1875 rerum
954 1849 1096 1883 imagines,

309 1896 441 1926 quantum
456 1896 563 1927 poterat
582 1901 630 1927 per
645 1900 760 1928 Corpora
780 1894 814 1922 iis
835 1894 933 1929 quisic
954 1896 1096 1928 duntaxat,

309 1945 397 1972 neque
412 1945 526 1973 usquam
544 1939 622 1966 aliter
639 1939 746 1967 divinas
774 1948 818 1968 res
845 1941 937 1969 doceri
962 1946 1096 1976 poterant,

308 1983 464 2010 exhibebat.
479 1982 546 2010 Nam
563 1984 636 2018 quod
657 1985 746 2019 ipsum
770 1986 822 2013 hoc
846 1986 968 2014 divinum
990 1995 1098 2023 quoque

309 2030 449 2056 oraculum
458 2030 638 2064 responderit,
647 2031 735 2065 palam
745 2031 912 2067 descriptum
922 2033 1047 2066 habetur,
1055 2034 1097 2062 his

309 2075 414 2102 verbis:
429 2084 438 2100 ι
451 2074 518 2102 Vide
530 2079 559 2101 ut
571 2074 655 2103 facias
664 2076 756 2103 omnia
767 2077 800 2104 ad
810 2078 948 2113 exemplar
962 2080 1033 2114 quod
1048 2081 1096 2107 tibi

309 2124 492 2147 monstratum
504 2125 546 2148 est
557 2122 584 2148 in
601 2122 733 2149 monte”.
746 2132 756 2148 ι
777 2123 863 2157 Igitur
877 2124 991 2151 aliarum
1005 2133 1096 2153 rerum

308 2174 369 2192 cum
380 2166 522 2201 perﬁceret
529 2167 586 2194 haec
592 2176 652 2202 qtae
658 2168 824 2202 exemplaria
835 2169 975 2197 nominare
984 2179 1097 2198 consue-

308 2213 433 2243 vit,illum
442 2215 571 2248 unguenti
580 2222 659 2241 usum
669 2215 796 2249 illamque
803 2216 958 2243 unctionem
969 2218 1093 2245 sancivit.

1149 284 1246 319 φήταις
1260 283 1308 309 καὶ
1323 282 1488 317 βασιλεῦσιν,
1499 279 1539 313 οἷς
1554 282 1601 308 καὶ
1612 282 1703 312 αὐτοῖς
1714 280 1800 315 τούτῳ
1814 279 1939 316 χρίεσθαι

1151 329 1240 364 μόνοις
1262 329 1321 360 ἐξὸν
1335 326 1369 364 ἦν
1395 328 1432 362 τῷ
1447 328 1533 363 μύρῳ.
1550 327 1643 353 Ταῦτα
1660 327 1708 362 μὲν
1723 325 1770 353 οὖν
1794 326 1939 362 προχειρό-

1148 384 1215 410 τερα
1235 375 1267 402 ἂν
1290 375 1343 410 εἴη,
1362 374 1455 409 πόρρω
1474 382 1506 407 γε
1525 373 1576 408 μὴν
1594 371 1752 399 καθεστῶτα
1776 372 1826 407 τῆς
1848 371 1939 398 ἐνθέου

1149 422 1196 449 καὶ
1212 420 1398 457 μεγαλοερυοῦς
1412 420 1457 446 τοῦ
1474 421 1614 455 προψήτου
1635 419 1763 450 διανοίας.
1785 419 1813 444 ’0
1829 418 1884 453 γάρ
1899 426 1938 444 τοι

1150 468 1300 503 θαυμάσιος
1314 468 1426 498 ἐκεῖνος,
1442 466 1488 492 καὶ
1502 465 1589 500 μέγας
1600 465 1636 497 ὡς
1649 464 1755 500 ἀληθῶς
1768 464 1938 500 ἰεροξάντης,

1151 515 1240 540 πᾶσαν
1253 513 1340 547 γεώδη
1358 512 1405 538 καὶ
1418 510 1576 545 σωματικὴν
1593 510 1685 536 οὐσίαν
1703 511 1732 536 ἐν
1751 509 1845 544 μόναις
1863 508 1940 541 εἰδὼς

1149 562 1209 592 ταῖς
1221 559 1343 594 ποιότησι
1358 556 1577 591 διακεκριμένην,
1596 557 1655 582 κατ’
1667 555 1761 582 οὐδένα
1773 554 1873 589 τρόπον
1886 554 1940 580 ὲτέ-

1151 615 1200 641 ραν
1226 606 1275 640 τῆς
1298 605 1394 640 ἑτέρας
1418 602 1604 638 προὺτὶμησεν
1630 602 1672 633 ἂν,
1698 602 1733 628 τὰ
1755 601 1835 627 πάντ’
1861 600 1938 632 εἰδὼς

1151 653 1216 688 μιᾶς
1233 651 1297 677 ὄντα
1311 650 1408 683 ἔγγονα
1426 649 1491 684 ὕλης
1503 647 1533 674 οὗ
1549 656 1613 673 ποτε
1629 646 1760 682 ἑστώσης,
1777 646 1838 672 οὐδὲ
1854 655 1880 672 τι
1895 646 1938 681 βέ-

1150 698 1225 725 ϐαιον
1239 698 1266 724 ἐν
1287 698 1320 732 τῇ
1343 696 1421 730 φύσει
1438 695 1562 730 ἐχούσης,
1586 694 1629 720 ἀεὶ
1644 693 1672 719 δὲ
1691 692 1816 727 ῥεούσης,
1831 692 1877 718 καὶ
1893 691 1938 717 ἐπὶ

1150 744 1199 778 τὴν
1212 742 1315 769 οἰκείαν
1330 741 1432 777 φθορὰν
1445 740 1637 774 ἐπειγομένης.
1652 738 1757 765 Οὔκουν
1778 738 1809 765 τὸ
1821 737 1870 773 ἡδὺ
1886 737 1939 763 τῶν

1151 790 1284 825 σωμάτων
1300 789 1396 820 εἵλετο,
1418 788 1471 814 οὐδ’
1492 787 1557 813 αὐτὸ
1576 786 1636 812 καθ’
1649 786 1715 811 αὐτὸ
1730 784 1894 820 προῦκρινεν
1908 783 1939 810 ἂν

1150 836 1180 862 τὸ
1191 836 1245 862 ἀπὸ
1257 835 1311 862 τῶν
1323 834 1476 869 αἰσθήσεων
1493 832 1628 868 προσηνές
1637 840 1644 846 ·
1661 832 1748 867 χαμαὶ
1762 831 1816 867 γὰρ
1833 832 1880 857 καὶ
1894 831 1940 857 ἐπὶ

1151 883 1284 918 σωμάτων
1299 881 1394 917 ἡδονὴν
1413 880 1547 915 πεσούσης
1562 879 1633 906 τοῦτ’
1645 879 1679 906 ἂν
1692 880 1733 914 εἴη
1747 879 1777 905 τδ
1793 878 1878 909 πάθος
1889 878 1939 912 ψυ-

1152 929 1211 963 χῆς.
1230 928 1327 963 Μυρίοι
1346 927 1410 962 γοῦν
1426 926 1479 952 τῶν
1495 926 1529 952 τὰ
1548 925 1661 961 σώματα
1677 924 1878 960 τεθηλυμένων,
1889 926 1938 959 ἐμ.-

1151 975 1246 1007 παθεῖς
1269 975 1355 1006 ἄλλως
1378 974 1424 1001 καὶ
1449 973 1602 1004 ἀκόλαστοι,
1627 972 1720 1007 μύρων
1743 972 1789 998 καὶ
1810 971 1939 998 ποικίλων

1151 1021 1321 1057 περιεργίαις
1345 1021 1490 1056 χρώμενοι.
1509 1019 1600 1055 πάσης
1614 1019 1727 1054 αἰσχρᾶς
1746 1019 1793 1045 καὶ
1811 1017 1940 1054 ρυπώσης

1150 1067 1279 1099 δυσωδίας
1292 1067 1340 1098 τὰς
1352 1067 1440 1102 ψυχὰς
1454 1065 1628 1100 ἐπιφέρονται
1640 1073 1646 1079 ”
1661 1065 1698 1097 ὡς
1711 1064 1829 1100 ἔμπαλιν
1843 1064 1868 1090 οἱ
1884 1063 1941 1090 θεο-

1152 1113 1247 1148 φιλεῖς,
1262 1113 1363 1149 ἀρετῆς
1379 1112 1552 1147 ἐμπνέοντες,
1570 1112 1618 1146 τὴν
1636 1111 1702 1137 πολὺ
1724 1110 1868 1146 κρείττονα
1887 1109 1940 1136 τῶν

1151 1159 1204 1186 ἀπὸ
1223 1160 1274 1194 γῆς
1289 1158 1442 1194 ἀρωμάτων
1456 1158 1505 1193 τὴν
1516 1157 1570 1185 ἀπὸ
1583 1156 1768 1191 σωφροσύνης,
1784 1156 1832 1183 καὶ
1843 1156 1941 1182 δικαιο-

1152 1207 1244 1242 σύνης,
1269 1206 1316 1232 καὶ
1339 1205 1428 1239 πάσης
1450 1204 1588 1236 εὐσεϐείας
1609 1203 1802 1239 ἀναδιδομένην
1827 1202 1940 1229 εὐωδίαν

1150 1252 1324 1287 ἐπαγόμενοι,
1342 1251 1390 1287 τὴν
1405 1250 1459 1277 τῶν
1473 1250 1573 1276 ὑλικῶν
1594 1249 1728 1285 σωμάτων
1746 1248 1830 1284 ὀδμὴν
1848 1249 1877 1274 ὲν
1896 1249 1941 1274 οὺ-

1149 1298 1205 1324 δενὶ
1219 1297 1350 1323 τέθεινται
1368 1295 1448 1331 λόγῳ.
1470 1296 1561 1322 Ταῦτα
1573 1293 1662 1322 οὗνέὗ
1683 1294 1754 1330 μάλα
1769 1293 1914 1328 διειληφὼς
1927 1295 1941 1320 ὁ

1151 1345 1303 1380 προφήτης,
1327 1343 1419 1378 μύρων
1443 1343 1490 1378 μὲν
1509 1342 1524 1377 ἣ
1546 1343 1592 1368 καὶ
1610 1341 1790 1377 θυμιαμάτων
1811 1340 1941 1375 οὐδεμίαν

1151 1390 1358 1426 προηγουμένην
1376 1390 1493 1415 ἐποιεῖτο
1508 1388 1634 1424 φροντίδα
1648 1397 1654 1402 ·
1670 1387 1832 1424 κρειττόνων
1849 1386 1878 1413 δὲ
1895 1387 1942 1413 καὶ

1151 1437 1231 1464 θείων
1254 1436 1369 1468 εἰκόνας,
1393 1435 1430 1466 ὡς
1445 1435 1507 1470 ἐνῆν
1530 1435 1652 1466 δυνατὸν,
1669 1434 1713 1460 διὰ
1735 1433 1870 1468 σωμάτων
1885 1433 1942 1463 τοῖς

1153 1484 1240 1520 μόνως
1254 1482 1350 1514 οὕτως,
1369 1483 1416 1509 καὶ
1434 1482 1488 1508 οὐδ’
1506 1481 1593 1513 ἄλλως
1611 1481 1645 1507 τὰ
1668 1481 1727 1507 θεῖα
1742 1479 1808 1510 οἵοις
1825 1488 1855 1505 τε
1872 1487 1941 1513 μαν-

1152 1531 1241 1557 θάνειν
1256 1528 1407 1564 παρεδίδου.
1423 1528 1484 1554 ’Ότι
1495 1527 1526 1562 δὴ
1538 1527 1610 1553 τοῦτ’
1624 1526 1689 1553 αὐτὸ
1708 1526 1754 1552 καὶ
1766 1526 1780 1551 ὁ
1794 1524 1865 1555 θεῖος
1881 1524 1943 1550 ἀνα-

1151 1575 1304 1612 γέγραπται
1322 1573 1440 1610 εἰρηκὼς
1457 1573 1580 1608 χρησμὸς
1593 1573 1690 1608 φήσας,
1706 1581 1714 1597 ι
1731 1572 1801 1606 Ὅρα
1824 1570 1942 1605 ποιήσῃς

1152 1622 1240 1649 πάντα
1253 1621 1323 1648 κατὰ
1335 1621 1380 1647 τὸν
1390 1620 1474 1647 τύπον
1487 1621 1532 1647 τὴν
1545 1619 1685 1655 δειχθέντα
1702 1627 1742 1644 σοι
1758 1619 1787 1644 ἐν
1801 1616 1839 1651 τῷ
1855 1616 1922 1651 Sper.
1931 1625 1939 1640 ι

1150 1668 1274 1704 Σύμϐολα
1288 1667 1432 1703 τοιγαροῦν
1446 1667 1556 1703 ἐτέρων,
1571 1667 1642 1700 ἆπερ
1654 1664 1754 1695 τύπους
1774 1663 1869 1689 εἴωθεν
1882 1663 1941 1688 ὀνο-

1151 1714 1256 1750 μάζειν,
1266 1712 1461 1747 ὲπιτελῶν,τὴν
1469 1712 1511 1738 διὰ
1522 1711 1568 1737 τοῦ
1580 1710 1666 1745 μύρου
1675 1709 1765 1744 κρίσιν
1775 1707 1940 1742 ἐνομοθέτει.

1151 1762 1184 1787 ’⁷0
1194 1768 1225 1794 γε
1235 1760 1288 1796 μὴν
1298 1759 1397 1794 ὑψηλὸς
1409 1759 1455 1784 καὶ
1464 1759 1492 1784 ἐν
1500 1758 1666 1792 ἀπορρήτοις
1677 1754 1756 1789 δηλού
1761 1762 1841 1789 μενος
1852 1753 1942 1779 αὐτῶν

1148 1806 1236 1840 λόγος,
1252 1806 1289 1838 ὼς
1305 1804 1414 1831 δυνατὸν
1427 1805 1526 1834 εἰπεῖν,
1546 1802 1674 1837 τοιαύτην
1695 1801 1750 1835 εἶχε
1764 1801 1894 1830 διάνοιαν,
1912 1800 1942 1826 τὺ

1151 1853 1229 1888 μόνον
1255 1851 1356 1886 ἀγαθὸν
1378 1851 1425 1877 καὶ
1443 1850 1521 1885 μόνον
1540 1849 1578 1881 ὡς
1592 1847 1700 1884 ἀληθῶς
1725 1847 1824 1877 εὑῶδες
1839 1846 1887 1872 καὶ
1903 1846 1943 1871 τί·

1150 1907 1220 1934 μιον,
1234 1898 1280 1925 καὶ
1295 1899 1386 1933 πάσης
1403 1897 1451 1931 μὲν
1465 1895 1537 1930 ζωῆς
1551 1894 1646 1927 αἴτιον,
1663 1894 1729 1920 πᾶσι
1746 1893 1775 1919 δὲ
1787 1893 1835 1919 σὺν
1850 1891 1889 1927 τῷ
1903 1889 1942 1917 εἷ-

1148 1953 1191 1970 ναι
1213 1943 1258 1970 καὶ
1270 1943 1300 1969 τὸ
1313 1940 1342 1969 εὖ
1357 1939 1425 1967 εἶναι
1442 1940 1639 1976 δεδωρημένον.
1653 1939 1682 1964 ἓν
1695 1937 1768 1965 τοῦθ’
1786 1939 1799 1964 ὁ
1815 1938 1880 1973 παρ’
1897 1937 1942 1963 Ἐ-

1148 1989 1252 2025 ἥραίοις
1269 1988 1346 2022 λόγος
1359 1987 1492 2021 ἠπίστατο
1512 1985 1619 2022 πρῶτον
1636 1984 1690 2010 τῶν
1706 1983 1773 2010 ὅλων
1783 1983 1880 2015 αἴτιον,
1896 1983 1943 2009 αὐ-

1148 2037 1191 2062 τὸν
1214 2035 1246 2071 δὴ
1267 2035 1313 2061 τὸν
1335 2033 1465 2068 ’Ὕψιστον
1486 2033 1533 2058 καὶ
1553 2030 1727 2067 παμῦασιλέα
1745 2030 1798 2056 τῶν
1814 2030 1942 2056 ἁπάντων

1146 2081 1311 2118 δημιουργὸν
1336 2079 1412 2115 Θερν.
1436 2078 1537 2104 Τούτου
1567 2077 1598 2113 δὴ
1623 2075 1669 2103 οὖν
1688 2075 1737 2111 τὴν
1753 2075 1878 2110 παναλκῆ
1896 2075 1943 2101 καὶ

1148 2127 1303 2162 πανάγαθον
1331 2126 1378 2152 καὶ
1396 2125 1494 2156 παντὸς
1511 2123 1592 2150 καλοῦ
1605 2121 1721 2158 χορηγὸν
1740 2121 1790 2156 τῆς
1811 2121 1943 2147 ἀνωτάτω

1147 2174 1194 2201 καὶ
1217 2173 1362 2208 ἀγεννήτου
1390 2171 1515 2205 θεότητος
1542 2169 1655 2204 δύναμιν
1682 2168 1711 2194 τὸ
1731 2167 1801 2194 θεῖον
1829 2167 1942 2202 Πνεῦμα

1148 2218 1352 2255 προσαγορεύει.
1379 2217 1478 2252 Διόπερ
1500 2216 1617 2252 Χριστὸν
1641 2215 1686 2241 καὶ
1707 2214 1873 2249 ὴλειμμένον
1897 2213 1942 2240 τὸν

309 2261 387 2297 173
403 2260 551 2287 Sublimior
577 2264 668 2287 tamen
695 2268 789 2288 earum
811 2270 913 2292 rerum.
939 2267 966 2290 et
989 2272 1048 2299 quae
1062 2265 1096 2292 de

1149 2266 1230 2300 αὐτῆς
1259 2264 1371 2300 μέτοχον
1399 2261 1540 2289 ἀποκαλεῖ.
1566 2261 1675 2287 Ἔλαιον
1692 2260 1720 2286 δὲ
1736 2260 1782 2286 τὸν
1802 2257 1893 2286 οἶκτον
1913 2260 1942 2285 ἐν

307 2307 415 2334 arcanis
434 2306 548 2341 proferri
565 2307 635 2334 solet
647 2308 727 2339 ratio,
745 2315 793 2342 pro
809 2316 868 2336 mea
882 2309 990 2337 dicendi
1010 2311 1095 2338 facul-

306 2357 371 2385 tate,
384 2353 464 2380 talem
481 2353 597 2380 habebat
611 2360 732 2385 sensum,
748 2354 820 2389 quod
831 2355 920 2382 solum
939 2361 981 2383 est
994 2357 1094 2385 bonum

305 2400 449 2433 solumque
485 2407 580 2426 revera
609 2398 733 2434 fragrans
764 2405 790 2428 et
819 2401 985 2436 pretiosum,
1014 2408 1095 2439 atque

304 2446 394 2473 omnis
421 2445 532 2480 quidem
552 2445 614 2472 vita:
631 2445 794 2480 principium
815 2451 842 2473 et
871 2446 942 2478 fons,
967 2450 1094 2478 omnibus

305 2495 394 2518 autem
410 2499 463 2518 una
478 2498 540 2518 cum
556 2498 587 2517 eo
605 2496 634 2518 ut
652 2491 717 2521 sint.
732 2492 814 2518 etiam
834 2491 859 2518 id
875 2512 882 2522 ,
898 2497 926 2518 ut
944 2493 1012 2520 bene
1026 2496 1091 2526 sint,

305 2537 432 2571 largiens,
450 2545 532 2564 unum
546 2544 611 2564 sane
625 2536 690 2563 illud
710 2536 884 2564 Hebraeorum
898 2538 966 2565 ratio
980 2545 1092 2567 noverat

304 2581 349 2614 qui
363 2582 470 2616 quidem
488 2583 606 2608 universi
624 2582 728 2616 primus
747 2588 789 2610 est
811 2589 918 2617 auctor,
934 2586 1022 2620 ipsum
1039 2586 1094 2612 uti-

305 2635 358 2661 que
371 2627 532 2654 altissimum
549 2635 581 2654 ac
593 2628 678 2655 totius
695 2635 800 2663 regem,
812 2631 989 2666 omniumque
1001 2639 1090 2658 rerum

306 2672 429 2706 opiﬁcem
443 2672 537 2700 Deum.
566 2673 653 2708 Hujus
679 2674 770 2709 itaque
800 2683 934 2710 supreme
952 2681 1033 2713 atque
1051 2678 1093 2705 in-

307 2718 403 2752 genita:
419 2718 518 2746 divina:
531 2720 657 2747 essentize
672 2721 800 2748 virtutem
813 2721 899 2754 illam,
915 2731 975 2757 quae
1000 2724 1089 2750 omnia

305 2764 389 2795 valet,
403 2771 483 2792 omne
495 2765 595 2792 bonum
607 2758 727 2800 praestat,
737 2774 846 2794 omnem
862 2768 1093 2802 pulchritudinem

307 2809 506 2842 subministrat,
526 2810 637 2839 divinus
665 2811 795 2847 Spiritus,
823 2815 934 2849 proprio
949 2819 976 2842 et
994 2822 1093 2842 convc-

309 2857 392 2883 nienll
406 2858 529 2892 exemplo
548 2858 692 2888 conferens
707 2865 788 2896 atque
805 2863 1029 2897 accommodans,
1046 2863 1092 2891 Dei

345 2916 365 2931 ”
383 2915 467 2944 Exod.
487 2925 560 2948 nn,
582 2918 625 2945 50,

1144 2311 1248 2342 τούτοις
1263 2310 1355 2341 ἄκουε,
1370 2308 1436 2344 μηδὲ
1447 2308 1496 2344 τὴν
1509 2308 1555 2334 ὲπὶ
1569 2307 1625 2338 τοῖς
1642 2305 1829 2342 δυσπραγοῦσι
1841 2307 1940 2342 λύπην,

1145 2359 1201 2385 ἀλλ’
1218 2359 1232 2384 ὃ
1249 2358 1354 2392 καρπὸς
1378 2355 1425 2382 τοῦ
1439 2355 1521 2390 φυτοῦ
1540 2355 1698 2391 παρίστησι,
1719 2354 1750 2380 τὸ
1764 2354 1856 2390 πάσης
1874 2356 1941 2390 ἀμι-

1145 2405 1191 2438 γὲς
1206 2405 1292 2440 ὑγρᾶς
1310 2403 1386 2438 ὕλης,
1405 2402 1492 2437 φωτὸς
1509 2400 1664 2436 αὐξητικὸν,
1678 2401 1768 2427 πόνων
1785 2400 1942 2436 θεραπευτιη

1146 2451 1202 2482 κὸν,
1218 2450 1348 2485 καμάτων
1362 2448 1575 2478 ἀπαλλακτικὺν,
1595 2447 1625 2473 τὸ
1643 2447 1697 2473 τῶν
1714 2447 1940 2482 ἐπαλειψαμένων

1146 2495 1329 2531 φαιδροποιὸν,
1345 2494 1432 2529 φωτὸς
1451 2494 1529 2528 δίκην
1545 2492 1706 2520 ἀποστίλϐον
1718 2494 1778 2525 ταῖς
1795 2502 1942 2529 μαρμαρυ-

1146 2542 1217 2575 γαῖς,
1240 2540 1338 2575 διαυγῆ
1362 2547 1393 2565 τε
1419 2538 1466 2565 καὶ
1483 2537 1613 2574 λαμπρὰν
1630 2537 1684 2564 τῶν
1703 2537 1777 2573 αὐτῷ
1791 2539 1941 2573 χρωμένων

1146 2586 1293 2614 ἀποτελοῦν
1308 2586 1358 2621 τὴν
1372 2585 1443 2620 ὄψιν,
1461 2585 1475 2611 ὂ
1499 2592 1580 2620 φησιν
1608 2584 1624 2619 ή
1643 2583 1704 2610 θεία
1725 2584 1832 2618 Γραφή·
1856 2593 1866 2608 ι
1887 2583 1940 2609 Τοῦ

1147 2631 1269 2667 ἰλαρῦναι
1286 2631 1431 2666 πρόσωπον
1454 2630 1483 2655 ὲν
1506 2629 1598 2664 ἐλαίῳ.
1621 2639 1630 2654 ι
1651 2628 1745 2663 Τούτῳ
1765 2629 1911 2664 τοιγαροῦν
1927 2629 1941 2654 ό

1147 2679 1234 2713 λόγος,
1250 2677 1300 2713 τὴν
1314 2677 1445 2703 ἀνωτάτω
1463 2675 1511 2702 τοῦ
1528 2675 1716 2710 πανηγεμόνος
1739 2676 1786 2702 καὶ
1802 2675 1940 2710 παμϐασι-

1145 2725 1212 2756 λέως
1229 2723 1297 2751 Θεοῦ
1318 2723 1431 2758 δύναμιν
1452 2721 1598 2757 συμϐαλὼν
1608 2721 1646 2756 τῷ
1661 2721 1872 2757 παραδείγματι,
1894 2719 1940 2747 τὸν

1146 2770 1253 2805 πρῶτον
1269 2769 1314 2796 καὶ
1330 2768 1409 2804 μόνον
1420 2768 1473 2803 ὅλῳ
1485 2767 1572 2802 τούτῳ
1587 2766 1742 2803 χρισθέντα,
1757 2767 1803 2793 καὶ
1819 2767 1868 2802 τῆς
1886 2766 1940 2792 θεῖ-

1145 2817 1194 2852 κῆς
1215 2817 1261 2843 καὶ
1277 2817 1358 2842 πᾶσιν
1368 2815 1550 2848 ἁκοινωνήτου
1567 2813 1706 2848 πατρικῆς
1721 2813 1833 2845 εὐωδίας
1848 2821 1940 2848 μετει-

1145 2863 1259 2899 ληφότα,
1276 2862 1322 2890 καὶ
1339 2862 1418 2898 μόνον
1434 2861 1463 2893 ἐξ
1479 2859 1560 2887 αὐτοῦ
1580 2859 1743 2894 γενντθέντα
1759 2859 1826 2886 Θεὸν
1841 2860 1939 2893 Λόγον,
