2084 3216
157 187 212 215 293

621 186 953 215 DEMONSTRATIONlS
973 184 1204 213 ΕνΑΝίιιειιοΑε
1225 185 1280 212 LIB
1301 185 1344 212 IV.

1735 186 1789 213 294

159 245 261 280 μετοκῇ
284 252 316 271 τε
336 243 383 270 τοῦ
402 243 582 278 γεννήσαντος
606 243 754 278 ἀγεννήτω
774 244 821 271 καὶ
841 243 945 279 πρώτου

1000 241 1091 270 oleum
1105 242 1232 277 appellat.
1249 242 1339 275 Quare
1355 247 1382 269 et
1397 241 1535 269 Christum
1548 247 1575 269 et
1588 245 1699 269 unctum
1714 250 1788 275 euut,

158 290 206 318 mi.
220 290 344 325 μείζονος
361 289 427 316 Θεὸν
441 290 473 316 ὲκ
486 289 554 315 Θεοῦ
567 289 766 323 ἀποφανθέντα,
778 290 893 325 Χριστὸν
904 290 951 316 καὶ

156 336 324 372 ἠλειμμένον
340 335 503 362 ἀπεκάλεσε.
520 335 565 362 Διὸ
577 336 624 362 καὶ
638 336 666 362 ἐν
678 335 803 371 Ψαλμοῖς
816 336 884 371 πρὸς
900 336 950 362 αὺ-

157 383 204 409 τὸν
219 382 251 418 δὴ
269 381 363 408 τοῦτον
385 382 430 409 τὸν
447 381 498 408 ὑπὸ
511 382 558 407 τοῦ
573 382 679 417 Harp-’4;
700 382 861 417 ὴλειμμένον
883 384 949 409 ἀνα-

158 429 243 461 τξωνεί
272 427 303 454 τὸ
326 427 429 461 φάσκον
451 424 501 453 ὦδε
521 427 625 462 λόγιον·
654 437 662 452 ι
689 428 717 454 Ὁ
737 428 831 463 θρόνος
853 436 910 459 σου,
936 429 949 454 ὁ

157 475 235 506 Θεὸς,
249 476 290 507 εἰς
306 475 351 501 τὸν
368 474 453 501 αἰῶνα
469 474 516 501 τοῦ
529 475 638 506 αὶῶνος’
647 474 751 512 ῥάϐδος
769 475 914 510 εὐθύτητος
931 476 947 510 ή

158 521 257 556 ρἀδος
279 520 328 556 τῆς
346 520 483 555 βασιλείας
498 528 556 546 σου.
582 521 741 555 Ἠγάπησας
765 520 947 555 δικαιοσύνην,

157 568 205 594 καὶ
231 567 366 602 ἐμίσησας
385 565 506 592 ἀδικίαν·
533 565 577 592 διὰ
596 566 672 592 τοῦτο
696 565 787 602 ἔχρισέ
804 575 833 592 σε
855 567 921 598 Θεὸς
935 567 949 593 ὁ

156 613 226 646 Θεός
255 622 302 640 σου
327 613 415 639 ἔλαιον
436 612 622 646 ἀγαλλιάσεως
648 612 723 648 παρὰ
742 613 805 644 τοὺς
821 613 948 648 μετόχους

157 669 216 687 σου.
239 670 248 686 ι
270 660 349 687 Ἀλλὰ
362 659 418 695 γὰρ
434 660 484 695 μία
501 659 550 694 μὲν
567 660 583 694 ή
600 659 646 685 τοῦ
665 659 754 686 ἐλαίου
775 660 870 693 φύσις·
888 661 904 694 ἡ
920 659 949 685 δὲ

154 708 203 734 τοῦ
216 707 303 744 μύρου
315 706 418 733 πολλῶν
430 707 478 732 ἐπὶ
488 706 520 732 τὸ
528 706 593 732 αὑτὸ
606 706 714 733 σύνοδον
726 706 861 741 σημαίνει.
880 706 949 732 Ταύ-

154 763 191 791 τῃ
204 763 246 782 τοι
261 755 308 781 καὶ
326 755 342 790 ὴ
361 754 456 790 πρώτη
472 755 519 781 καὶ
534 754 680 789 ἀγέννητος
694 754 740 780 τοῦ
755 753 948 788 παμϐασιλέως

154 800 226 827 Θεοῦ
237 800 360 836 δύναμις,
374 800 433 827 καθ’
445 800 459 827 ὃ
474 801 522 836 μὲν
535 800 607 835 ἀπλῆ
624 809 665 832 τις
682 800 728 826 καὶ
741 799 885 829 ἀσύνθετος
902 800 948 826 καὶ

154 847 241 883 ἄλλης
255 848 345 883 πάσης
361 848 453 879 οὐσίας
464 847 566 883 ἀμιγὴς
581 848 739 880 ἐπινοεῖται,
754 847 831 881 ἁπλῷ
849 846 888 881 τῷ
900 845 946 872 τοῦ

154 893 247 919 ἐλαίου
264 894 440 929 προρρήματι
458 893 677 928 παραϐέϐληται·
694 893 760 919 καθὸ
775 893 802 919 δὲ
814 893 946 920 πλείστων

154 941 285 969 ἐπινοιῶν
302 943 331 968 ὲν
346 942 438 977 ταυτῷ
454 941 636 978 περιληπτικὴ
649 942 786 976 τυγχάνει,
799 938 853 967 οἷον
871 949 948 975 ποιη-

153 989 236 1023 τικῆς
248 989 263 1024 ἢ
276 988 427 1024 βασιλικῆς,
441 988 618 1024 προνοητικόν
630 997 659 1014 τε
677 989 722 1015 καὶ
735 987 868 1023 κριτικὸν,
886 987 946 1022 φιλ-

158 1034 306 1070 άνθρωπόν
325 1043 355 1061 τε
375 1035 422 1061 καὶ
436 1035 580 1070 σωτήριον,
603 1034 691 1061 ἄλλων
705 1043 734 1060 τε
753 1035 822 1061 ὅσων
841 1034 946 1069 μυρίων

153 1081 265 1118 ἐπινοίᾳ
283 1081 486 1117 θεωρουμένων,
515 1081 628 1112 εἰκότως
656 1081 734 1116 μύρῳ
759 1081 839 1107 πάλιν
860 1081 876 1115 ἡ
894 1080 947 1106 τῶν

153 1128 262 1155 πολλῶν
271 1128 318 1155 καὶ
328 1128 437 1163 ἀγαθῶν
449 1128 632 1164 περιληπτικὴ
645 1128 759 1163 δύναμις
771 1128 945 1158 ἀπείκασται,

154 1172 178 1208 ᾧ
191 1175 335 1211 κεχρῖσθαι
355 1175 401 1202 τὸν
418 1174 506 1210 ἀληθῆ
521 1175 567 1201 καὶ
582 1174 660 1210 μόνον
674 1174 803 1210 ἀρχιερέα
820 1174 867 1200 τοῦ
880 1174 946 1200 Θεοῦ

154 1222 223 1249 Θεῖοι
239 1222 313 1256 λόγοι
333 1222 499 1248 παιδεύουσι.
515 1221 626 1257 Πρῶτος
638 1221 670 1255 γέ
685 1230 724 1248 τοι
742 1221 822 1252 αὐτὸς
836 1222 850 1247 ό
866 1222 947 1247 Mm?)-

154 1269 217 1303 σῆς,
242 1270 272 1295 ὲν
284 1269 458 1306 ξάποῤῥήτοις
477 1268 511 1295 τὰ
528 1268 588 1294 θεῖα
604 1267 770 1295 ἐποπτεῦσαι
785 1267 945 1302 ἠξιωμένος,

153 1317 202 1342 καὶ
225 1316 275 1348 τὰς
299 1316 363 1352 περὶ
382 1316 428 1342 τοῦ
443 1315 550 1351 πρώτου
564 1316 610 1342 καὶ
624 1315 703 1350 μόνου
721 1314 884 1349 ὴλειμμὲνου
900 1313 947 1340 καὶ

153 1363 307 1399 ἀρχιερέως
319 1361 366 1389 τοῦ
378 1362 444 1389 Θεοῦ
453 1361 562 1393 τελετὰς
576 1363 603 1388 ὲν
612 1362 672 1393 ταῖς
684 1358 764 1387 αὖτοῦ
777 1359 947 1394 θεοφανείαις

153 1410 226 1445 πρὸς
238 1409 320 1436 αἰ)τοῦ
334 1408 539 1444 τετελεσμένας,
560 1407 667 1439 εἰκόνας
689 1407 885 1443 προστάττεται
901 1407 947 1432 ἐπὶ

153 1456 208 1491 γῆς
223 1456 271 1482 καὶ
287 1455 409 1491 σύμϐολα
433 1454 654 1489 καταστήσασθαι
682 1454 736 1480 τῶν
758 1455 786 1480 ἐν
807 1455 867 1485 ταῖς
890 1454 947 1480 θεο-

154 1502 263 1533 πτείαις
278 1510 354 1536 νενοη
358 1501 457 1537 μένων,
473 1502 510 1533 ὡς
528 1501 560 1528 ἂν
572 1501 658 1537 ἔχοιεν
671 1500 877 1536 προεμμελετᾷν
891 1502 946 1532 τοῖς

154 1548 302 1584 συμϐόλοις
321 1547 345 1574 οἱ
362 1547 438 1574 τῶνδ’
450 1547 594 1582 ἠξιωμένοι
613 1547 692 1582 μέχρι
708 1547 756 1581 τῆς
770 1546 825 1573 τῶν
840 1546 946 1581 ἀληθῶν

153 1595 313 1627 ἐποπτείας.
327 1594 413 1626 Αὐτὸς
423 1594 490 1630 δῆτα
505 1594 704 1630 ἀφορισάμενος
716 1593 784 1625 τέως
797 1592 843 1619 τοῦ
859 1592 888 1625 ἐξ
898 1594 946 1620 ἁν-

1000 287 1048 322 qui
1063 288 1136 316 illius
1153 289 1288 323 particeps
1315 288 1360 319 sit,
1390 292 1479 315 vocat.
1497 287 1592 315 Oleum
1613 296 1678 315 vero
1695 288 1723 315 in
1747 288 1790 315 his

1001 334 1057 361 noli
1072 334 1277 362 miserationem
1299 335 1434 370 accipere.
1449 343 1537 370 neque
1560 335 1587 362 in
1600 335 1683 362 rebus
1693 335 1785 362 adver-

1001 380 1040 407 sis
1074 388 1231 412 mtnrorem,
1260 381 1306 409 sed
1324 382 1350 408 id
1365 381 1439 416 quod
1462 386 1544 408 certae
1561 382 1659 416 planta:
1684 381 1790 408 fructus

1000 426 1111 458 emittit,
1122 427 1235 461 quodex
1246 427 1358 454 humida
1379 428 1493 455 materia
1512 427 1580 454 nihil
1595 427 1677 454 habet
1703 428 1791 455 admi-
1807 420 1809 425 ’

1001 477 1084 504 stum,
1104 474 1176 507 quod
1203 474 1293 500 lumen
1321 478 1411 508 auget.
1435 473 1508 509 quod
1540 473 1626 501 fessos
1653 473 1788 505 sublevat,

1000 519 1072 553 quod
1090 519 1197 546 labores
1227 520 1326 552 aufert,
1354 520 1426 555 quod
1441 528 1489 547 eos
1508 520 1554 555 qui
1573 521 1632 554 ipso
1651 523 1790 554 unguntur

1001 565 1100 592 hilares
1116 564 1191 597 facit,
1217 565 1290 600 quod
1315 566 1402 592 instar
1418 560 1528 592 luminis
1540 566 1573 593 de
1592 566 1683 600 seipso
1701 565 1789 592 vibrat

1000 607 1169 646 splendores,
1198 612 1368 647 nitidumque
1394 620 1425 639 ac
1454 613 1598 639 micantem
1629 620 1723 639 eorum
1742 612 1788 647 qui

1000 660 1059 693 ipso
1073 662 1187 685 utuntur
1205 663 1345 693 comparat
1367 660 1489 693 vultum;
1504 659 1576 694 quod
1593 659 1686 694 utique
1698 660 1787 695 ipsum

999 706 1083 731 etiam
1101 706 1200 732 divina:
1213 705 1310 732 litterae
1330 706 1448 740 produnt
1465 707 1518 733 illis
1534 706 1626 733 verbis
1640 715 1646 732 :
1665 716 1674 731 ι
1689 705 1723 733 Ut
1740 715 1790 734 ex-

999 752 1097 779 hilaret
1126 752 1224 779 faciem
1255 752 1283 779 in
1313 754 1373 780 oleo
1391 753 1444 779 “.n
1465 752 1534 779 Huic
1548 754 1630 788 igitur
1663 754 1788 789 exemplo

999 806 1156 833 supremam
1173 799 1234 833 ejus
1249 798 1307 830 Dei,
1324 799 1370 834 qui
1384 800 1506 826 omnium
1519 804 1560 827 est.
1589 800 1714 834 princeps
1726 808 1787 826 om-

998 844 1129 878 niumque
1143 851 1201 876 rex,
1217 844 1344 871 virtutem
1359 852 1522 879 comparans
1540 845 1637 875 oratio,
1652 852 1713 871 eum
1740 845 1787 880 qui

999 890 1074 917 solus
1086 890 1137 917 hoc
1153 894 1210 917 toto
1221 894 1321 917 unctus
1335 894 1387 922 est,
1397 891 1498 925 quique
1513 892 1611 918 divina:
1630 896 1712 926 atque
1727 893 1786 926 ejus

999 945 1059 972 qua:
1081 945 1143 964 cum
1169 937 1252 964 nullis
1267 937 1329 964 aliis
1354 938 1574 964 communicatur
1597 942 1717 972 paternae
1734 939 1788 965 fra-

998 985 1112 1019 grantize
1128 985 1264 1018 particeps
1290 983 1389 1015 factus,
1407 987 1434 1010 et
1449 984 1495 1018 qui
1516 984 1592 1010 solus
1619 992 1651 1011 ex
1678 985 1725 1012 illo
1742 992 1788 1020 ge-

999 1031 1072 1057 nitus
1093 1030 1164 1057 Deus
1180 1030 1309 1061 Verbum,
1326 1030 1574 1056 communicatione
1596 1030 1732 1064 gignentis
1747 1031 1789 1057 in-

997 1078 1092 1113 geniti,
1107 1076 1177 1104 Deus
1193 1076 1226 1103 de
1240 1075 1296 1103 Deo
1309 1079 1351 1102 est
1364 1075 1531 1107 declaratus,
1545 1075 1684 1103 Christum
1707 1081 1788 1111 atque

998 1128 1111 1150 unctum
1139 1122 1257 1149 vocavit.
1291 1120 1425 1154 Quocirca
1454 1122 1482 1148 in
1515 1121 1632 1149 Psalmis
1658 1122 1692 1149 ad
1714 1123 1788 1149 hunc

998 1170 1099 1204 ipsum,
1119 1170 1166 1204 qui
1185 1177 1200 1195 a
1218 1168 1297 1195 Patre
1313 1172 1413 1195 unctus
1431 1171 1484 1200 est,
1512 1168 1551 1196 sic
1564 1169 1700 1204 quoddam
1726 1177 1788 1196 ora-

998 1217 1089 1243 culum
1111 1216 1177 1242 dicit
1191 1225 1196 1242 :
1213 1226 1221 1240 ι
1236 1215 1319 1243 Sedes
1331 1220 1388 1247 tua,
1404 1215 1486 1247 Deus,
1501 1216 1528 1242 in
1542 1216 1671 1243 szeculum
1682 1217 1786 1248 saeculi,

998 1263 1073 1297 virga
1094 1262 1264 1294 directionis,
1291 1262 1366 1296 virga
1386 1261 1461 1296 regni
1478 1261 1529 1288 tui.
1558 1261 1683 1289 Dilexisti
1705 1262 1788 1296 justi-

998 1309 1075 1340 tiam,
1102 1312 1128 1334 et
1158 1308 1241 1335 odisti
1271 1308 1454 1342 iniquitatem,
1489 1311 1635 1342 propterea
1661 1309 1740 1334 unxit
1761 1311 1788 1335 te

999 1353 1070 1380 Deus
1080 1353 1221 1380 Deustuus
1233 1353 1293 1379 oleo
1307 1352 1406 1379 laetitia:
1419 1359 1474 1386 prae
1486 1353 1660 1380 consortibus
1675 1353 1785 1380 tuis”.»

998 1401 1033 1427 At
1049 1408 1112 1427 vero
1128 1407 1181 1426 una
1198 1399 1305 1432 quidem
1322 1404 1363 1426 est
1377 1400 1431 1427 olei
1459 1404 1568 1431 natura,
1587 1399 1634 1426 sed
1656 1400 1788 1434 unguenti

998 1454 1058 1481 quae
1086 1450 1137 1476 est,
1154 1453 1185 1472 ea
1202 1445 1349 1471 multarum
1366 1445 1393 1471 in
1408 1445 1477 1472 idem
1494 1453 1660 1472 concursum
1682 1445 1788 1480 signiﬁ—

998 1496 1052 1519 cat.
1067 1491 1186 1519 Proinde
1201 1492 1281 1518 etiam
1307 1492 1394 1526 prima
1423 1492 1468 1518 illa
1483 1495 1510 1518 et
1526 1492 1645 1527 ingenita
1663 1492 1786 1518 omnium

998 1539 1070 1574 regis
1087 1538 1132 1565 Dei
1161 1538 1257 1571 virtus,
1278 1541 1414 1572 quatenus
1439 1538 1548 1572 quidem
1571 1538 1684 1572 simplex
1706 1541 1788 1572 atque

999 1585 1179 1620 incomposita
1191 1604 1198 1616 ,
1221 1584 1343 1618 nullique
1366 1585 1411 1611 alii
1428 1590 1531 1610 natura:
1549 1585 1693 1611 commista
1708 1584 1788 1610 intel-

153 1640 273 1677 θρώπων
290 1641 336 1667 ἐπὶ
352 1640 403 1676 γῆς
412 1639 451 1675 τῷ
466 1639 526 1674 Θεῷ
537 1639 726 1675 ,ἱερατεύεσθαι
741 1638 892 1674 ἐπιτήδειον
901 1637 945 1665 ἄν-

999 1631 1101 1666 ligitur,
1116 1630 1233 1665 simplici
1248 1630 1300 1656 olei
1315 1630 1444 1657 locutioni
1458 1631 1555 1657 collata
1573 1634 1632 1663 est;
1651 1634 1786 1664 quatenus

152 1688 216 1724 δρα,
234 1687 343 1724 πρῶτος
365 1686 458 1713 τοῦτον
475 1686 591 1721 Χριστὸν
608 1685 777 1720 ἐπωνόμασε,
802 1684 861 1710 κατ’
878 1685 944 1710 ἀνα-

152 1734 242 1771 φορὰν
265 1734 316 1770 τῆς
337 1735 366 1761 ὲν
381 1735 437 1764 τοῖς
448 1733 552 1768 νοητοῖς
571 1731 695 1766 Θεωρίας,
717 1731 764 1757 καὶ
780 1729 885 1762 τοῦτον,
901 1729 945 1756 διά

151 1789 227 1813 τινος
242 1781 357 1816 ωοιφῆς
370 1779 486 1811 εὐώδους
499 1779 640 1814 κρείττονα
656 1778 710 1804 τῶν
726 1777 827 1804 λοιπῶν
841 1775 945 1812 ἀνθρώ-

152 1837 213 1855 πων
225 1828 378 1863 ἀποφήνας,
395 1827 523 1862 ἄντικρυς
542 1825 588 1852 καὶ
603 1824 750 1860 διαρρήδην
767 1823 943 1859 ἀνεκήρυξεν,

152 1874 195 1900 ὅτι
211 1873 243 1909 δὴ
259 1873 319 1899 κατ’
334 1872 419 1907 αὐτὴν
435 1872 451 1906 ἡ
465 1870 512 1897 τοῦ
532 1869 661 1905 γεννητοῦ
682 1869 762 1903 φύσις
779 1868 881 1900 ἅπασα,
897 1869 945 1895 καὶ

153 1919 223 1946 πολὺ
243 1918 324 1946 πλέον
345 1920 361 1954 ἡ
384 1917 541 1953 ἀνθρωπεία
565 1917 614 1952 τῆς
631 1916 779 1950 ἀγεννήτου
804 1915 944 1950 δυνάμεως

151 1965 368 2001 ἀπολειπομένη,
386 1966 469 1992 δεῖται
495 1964 543 2000 τῆς
570 1963 623 1990 ἀπὸ
646 1962 693 1988 τοῦ
710 1962 863 1998 κρείττονος
878 1962 945 1987 εὐω-

151 2013 222 2045 δίας.
241 2011 324 2038 Ἀλλὰ
337 2011 384 2038 τοῦ
400 2011 448 2046 μὲν
459 2010 595 2036 ἀνωτάτου
610 2009 655 2035 καὶ
671 2008 779 2044 πρώτου
792 2007 821 2034 οὗ
839 2016 891 2034 τινι
906 2007 945 2034 θε-

154 2059 231 2096 μιτὸν
259 2057 414 2093 ἐφικέσθαι.
437 2057 493 2084 Ἑνὶ
511 2056 565 2092 γὰρ
587 2056 659 2091 μόνῳ
680 2054 718 2089 τῷ
731 2055 879 2088 Μονογενεῖ
896 2053 943 2080 καὶ

151 2105 323 2142 Πρωτοτόκῳ
336 2104 408 2131 τοῦτ’
421 2103 545 2130 ἀνέκειτο
558 2103 588 2129 τὸ
602 2102 686 2137 γέρας
695 2110 701 2116 ·
713 2103 770 2133 τοῖς
783 2101 811 2127 δὲ
824 2101 882 2136 μετ’
897 2101 945 2127 αὺ-

150 2153 198 2180 τὸν
210 2152 261 2180 οὐκ
276 2151 364 2183 ἄλλως
383 2151 400 2186 ἢ
420 2150 463 2176 διὰ
480 2150 563 2185 μόνης
577 2149 627 2184 τῆς
644 2147 689 2174 τοῦ
706 2147 832 2183 δευτέρου
850 2156 945 2182 μετου-

153 2201 215 2232 σίας
229 2199 284 2225 τῶν
298 2196 407 2232 ἀγαθῶν
424 2194 479 2224 οἷόν
494 2205 523 2223 τε
543 2194 576 2232 ἦν
590 2194 770 2230 ἐπαύρασθαι.
787 2194 944 2230 Πνεύματος

153 2247 207 2283 ἄρα
215 2245 307 2273 ἐνθέου
316 2245 345 2271 τὺ
357 2244 432 2279 παρὰ
443 2243 555 2270 Μωῦσεῖ
566 2242 697 2277 σύμῦολον
707 2239 749 2277 ἦν.
759 2241 909 2277 Διαιρέσεις
917 2240 944 2266 δὲ

152 2293 332 2329 χαρισμάτων
340 2291 404 2323 εἰσὶ,
414 2290 444 2317 τὸ
456 2290 477 2316 δ’
490 2289 554 2316 αὐτὸ
569 2288 686 2324 πνεῦμα,
699 2286 728 2315 οὗ
745 2289 860 2323 μάλιστα
880 2297 944 2323 μετ-

153 2327 226 2376 έχειν
239 2327 242 2328 ν
256 2337 456 2374 φιλοτιμεῖσθαι
475 2338 565 2372 ἱερέας
583 2336 628 2363 καὶ
644 2336 786 2370 προφήτας
805 2336 851 2361 καὶ
868 2335 944 2370 βασι·
962 2327 982 2354 ἶ)
993 2327 1105 2376 ill-Peli"

153 2386 216 2418 λέας
226 2385 296 2420 ῷετο
311 2385 378 2416 δεῖν,
391 2384 429 2416 ὡς
443 2383 475 2410 ἂν
492 2383 541 2418 οὺχ
553 2382 623 2417 ὑπὲρ
643 2381 745 2408 ἑαυτῶν
759 2381 848 2416 μόνον,
875 2380 943 2406 ἀλλὰ

154 2433 255 2464 παντὸς
278 2431 326 2458 τοῦ
346 2431 439 2462 ἔθνους
458 2429 496 2464 τῷ
514 2428 572 2464 Θεῷ
591 2428 828 2462 καθωσιωμένους.
842 2427 902 2454 ’Ότι
916 2427 944 2453 δὲ

154 2481 183 2517 δὴ
195 2479 342 2515 θειοτέρων
350 2476 384 2513 ἦν
394 2477 428 2504 τὰ
442 2476 517 2512 παρά
527 2477 593 2503 Μωῡ
598 2477 639 2502 σεῖ
650 2475 680 2501 σύ
686 2474 781 2510 μσολα,
791 2474 837 2501 καὶ
851 2474 888 2505 ὼς
898 2474 944 2500 δυ-

155 2527 230 2555 νατὸν
258 2524 294 2562 ἦν
321 2525 368 2551 καὶ
391 2524 455 2551 ἄνευ
480 2521 596 2556 γεώδους
621 2521 706 2557 μύρου
734 2521 796 2552 τοὺς
819 2520 857 2555 τῷ
880 2520 943 2555 θείῳ

155 2573 294 2608 Πνεύματι
318 2570 447 2604 κατόχους
466 2569 592 2604 χριστοὺς
615 2567 805 2602 ὀνομάζεσθαι,
830 2567 896 2602 φέρε
919 2575 944 2593 τι

155 2619 256 2654 μᾶλλον
280 2617 476 2652 ἀκριόέστερον
502 2614 722 2649 διασκεψώμεθα.
751 2613 833 2640 Δαϐὶδ
852 2614 881 2639 ἐν
908 2612 943 2648 pi?

152 2664 265 2701 ψαλμῷ,
285 2663 336 2694 τὰς
353 2662 416 2697 περὶ
431 2661 476 2688 τδν
499 2660 633 2696 Ἀϐραὰμ,
656 2659 761 2686 καὶτὸν
783 2658 885 2689 Ἰσαὰκ,
900 2659 946 2685 καὶ

153 2712 198 2739 τὸν
216 2702 317 2737 "lanam
327 2707 468 2737 ἀναλαϐὼν
485 2707 615 2742 ἱστορίας,
632 2706 730 2737 αὐτοὺς
745 2706 866 2735 ἐκείνους
881 2705 943 2736 τοὺς

154 2756 287 2792 θεοφιλεῖς
297 2754 485 2791 προπάτορας,
498 2752 544 2778 καὶ
556 2752 609 2787 πρὸ
618 2751 673 2777 τῶν
684 2750 823 2781 Μωῡσέως
841 2750 944 2785 χρόνων

153 2801 328 2838 γενομένους,
356 2799 483 2835 χριστοὺς
505 2796 647 2827 ἀποκαλεῖ,
675 2795 705 2821 οὺ
729 2794 763 2821 δι’
776 2794 840 2821 ἄλλο
861 2794 878 2828 ἢ
901 2793 944 2820 διὰ

153 2848 200 2884 τὴν
226 2847 275 2875 τοῦ
302 2845 375 2872 θείου
401 2844 569 2879 Πνεύματος,
590 2839 620 2868 οὗ
645 2841 777 2876 μετεῖχον,
803 2839 942 2874 ἐπιρροήν.

158 2883 316 2930 Ἱστορήσας
326 2891 392 2927 γοῦν
403 2892 478 2922 ὅπως
490 2887 695 2922 ἐπεξενώθησαν
706 2888 761 2917 τοῖς
775 2883 943 2918 ἀλλοφύλοις,

187 2956 208 2971 ⁸·
225 2953 299 2983 Ρειί.
318 2960 378 2984 cui,
396 2950 438 2978 13.
480 2951 499 2965 ¹⁷
515 2948 587 2976 Psal.
609 2955 681 2977 λιιι,
697 2946 753 2976 7-8,

1000 1682 1089 1704 autem
1107 1677 1238 1712 plurimas
1255 1676 1280 1702 in
1292 1676 1387 1703 eodem
1407 1676 1644 1703 considerationes
1662 1684 1788 1711 compre-

1000 1723 1135 1750 hendendi
1152 1723 1205 1749 vim
1221 1722 1311 1754 habet,
1335 1727 1364 1749 ut
1386 1723 1457 1756 quod
1485 1723 1573 1749 facere
1597 1726 1696 1757 petest,
1713 1723 1785 1757 quod

999 1776 1123 1804 regnare,
1139 1768 1210 1803 quod
1225 1768 1375 1802 providere,
1386 1767 1601 1803 quodjudicare,
1619 1766 1698 1803 174
1715 1768 1787 1802 quod

999 1823 1092 1842 amore
1115 1814 1243 1849 prosequi
1273 1814 1415 1845 homines,
1434 1814 1506 1848 quod
1534 1814 1650 1841 Salutem
1679 1813 1786 1847 afferre,

1000 1862 1105 1896 aliaque
1132 1860 1340 1887 innumerabilia
1375 1868 1435 1895 qua:
1461 1859 1638 1895 intelligentia
1660 1859 1787 1886 conside-

999 1912 1096 1934 rantur
1111 1915 1117 1932 :
1133 1910 1272 1941 unguento
1287 1913 1384 1933 rursus
1397 1905 1528 1940 [uec-ipsa
1541 1911 1602 1939 qua
1617 1908 1644 1931 et
1659 1905 1744 1931 multa
1760 1908 1787 1931 et

1000 1956 1070 1982 bona
1086 1954 1316 1990 comprehendere
1340 1957 1429 1987 potest
1444 1952 1498 1984 vis,
1514 1952 1613 1979 merito
1629 1956 1786 1987 comparata

999 2005 1050 2032 est,
1067 2009 1121 2035 quo
1137 2004 1275 2035 unguento
1290 1999 1407 2033 eumqui
1422 1998 1468 2025 Dei
1478 2002 1504 2025 et
1521 2005 1602 2025 verus
1619 2003 1644 2024 et
1656 1998 1732 2025 solus
1745 2002 1788 2025 est

998 2048 1130 2083 pontifex,
1149 2050 1262 2074 unctum
1275 2053 1336 2073 esse
1346 2045 1438 2072 divina
1461 2052 1511 2071 nos
1535 2045 1634 2071 docent
1663 2045 1786 2071 oracula.

1000 2097 1032 2121 Et
1047 2095 1151 2129 primus
1169 2093 1277 2129 quidem
1297 2093 1355 2127 ipse
1376 2091 1492 2127 Moyses,
1508 2099 1554 2126 qui
1579 2090 1605 2117 iu
1623 2091 1730 2119 arcanis
1746 2091 1788 2118 di-

1000 2142 1123 2168 vinarum
1143 2146 1233 2167 rerum
1252 2138 1422 2173 inspectione
1447 2146 1478 2165 ac
1501 2138 1704 2173 mysteriorum.
1726 2145 1787 2172 qua:

999 2188 1033 2214 al)
1050 2188 1109 2222 ipso
1132 2186 1160 2213 in
1181 2185 1214 2212 iis
1237 2185 1390 2212 visionibus
1402 2185 1501 2219 quibus
1516 2183 1599 2210 Deum
1625 2187 1787 2218 prmsentem

999 2233 1166 2269 agnoscebat
1179 2252 1186 2264 ,
1205 2232 1238 2258 de
1253 2231 1341 2266 primo
1356 2235 1382 2258 et
1407 2231 1466 2259 solo
1499 2234 1592 2261 uncto,
1616 2234 1643 2256 et
1660 2228 1788 2263 pontifice

1001 2280 1046 2307 Dei
1061 2269 1179 2314 perfecta
1200 2283 1275 2310 sunt,
1306 2278 1406 2312 dignus
1432 2277 1542 2304 habitus
1573 2280 1624 2308 est,
1656 2275 1787 2310 imagines

1121 2327 1233 2353 interra
1250 2329 1277 2351 et
1303 2330 1382 2352 notas
1408 2325 1542 2351 conficere
1568 2327 1663 2350 eorum
1683 2330 1744 2357 quae
1758 2324 1786 2349 in

998 2373 1051 2401 illis
1067 2373 1113 2400 Dei
1131 2372 1282 2400 visionibus
1295 2372 1475 2401 intellexerat,
1489 2374 1517 2397 ut
1539 2373 1585 2404 qui
1604 2370 1703 2396 talibus
1715 2369 1786 2395 nolis

998 2429 1030 2448 ac
1050 2419 1136 2454 signis
1157 2418 1231 2453 digni
1257 2417 1341 2444 habiti
1357 2422 1443 2450 erant,
1458 2424 1489 2443 ea
1518 2419 1629 2450 possent
1655 2415 1788 2449 tantisper

999 2466 1124 2494 meditari
1141 2465 1228 2499 iisque
1240 2472 1269 2491 se
1286 2471 1424 2494 exercere,
1454 2463 1517 2489 dum
1531 2469 1591 2496 qua
1608 2469 1671 2488 vera
1695 2464 1787 2488 essent

998 2513 1133 2548 inspicere
1149 2520 1203 2538 non
1220 2511 1346 2538 dabatur.
1371 2510 1396 2536 ls
1411 2510 1493 2544 igitur
1518 2510 1648 2535 selectum
1677 2507 1786 2534 interim

997 2568 1030 2587 ex
1042 2560 1085 2587 his
1102 2558 1268 2590 hominibus,
1286 2557 1332 2592 qui
1355 2557 1381 2583 in
1398 2562 1469 2583 terra
1483 2560 1636 2587 versantur,
1648 2554 1736 2580 virum
1753 2553 1787 2579 ad

998 2613 1076 2633 sacra
1102 2605 1156 2632 Deo
1186 2604 1311 2630 facienda
1337 2603 1475 2631 idoneum.
1506 2600 1612 2635 primus
1647 2599 1786 2627 Christum

1000 2652 1159 2682 nominavit.
1179 2650 1388 2686 appellationem
1405 2648 1436 2674 ad
1456 2655 1488 2674 ea
1512 2646 1635 2674 referens
1652 2653 1710 2681 qua:
1730 2646 1787 2672 sola

997 2697 1173 2732 intelligentia
1186 2695 1413 2726 considerantur;
1426 2693 1473 2728 qui
1485 2701 1551 2720 sane
1561 2699 1621 2719 cum
1635 2692 1706 2718 hunc
1720 2699 1788 2725 qua-

997 2743 1059 2771 dam
1070 2742 1201 2778 fragranti
1216 2741 1344 2768 unctione
1370 2739 1587 2775 praestantiorem
1605 2737 1711 2765 czeteris
1738 2736 1787 2763 ho-

998 2789 1118 2816 minibus
1142 2789 1320 2820 declarasset,
1336 2786 1479 2814 verissime
1502 2791 1528 2812 et
1550 2784 1710 2820 planissime
1737 2782 1783 2809 de-

998 2836 1144 2866 nuntiavit,
1173 2841 1281 2861 onmem
1309 2836 1435 2859 nzturam
1454 2839 1514 2866 quae
1546 2833 1636 2857 creata
1652 2833 1703 2860 est,
1720 2828 1787 2855 inul-

1000 2887 1081 2917 teque
1090 2882 1170 2909 etiam
1187 2880 1273 2916 magis
1288 2879 1434 2906 humanam
1458 2886 1505 2914 per
1520 2885 1559 2909 se,
1581 2878 1645 2904 dum
1659 2883 1674 2903 λ
1687 2876 1786 2902 virtute
