2084 3216
317 174 372 201 295

655 174 789 201 EL'SEBII
806 174 1049 202 CJ’ESARIENSIS
1067 174 1143 202 CPP.
1165 174 1265 202 PARS.
1286 174 1307 202 I.
1328 188 1364 196 --
1381 176 1632 205 APOLOGETICA.

1887 180 1942 208 296

318 231 439 258 increata
469 231 640 266 relinquitur.
654 232 851 266 praestantioris
879 231 1032 266 cujuspiam
1050 232 1097 258 fra-

1155 233 1201 258 καὶ
1216 233 1254 264 ὡς
1271 233 1505 266 ἐπιϐουλευθέντες
1530 234 1651 270 σωτῆρος
1674 235 1767 270 ἔτυχον
1788 235 1834 262 τοῦ
1860 236 1941 268 Θεοῦ,

316 277 431 311 grantize
445 276 578 311 indigere,
595 277 642 304 sed
669 285 729 312 qua:
743 277 833 305 Patris
853 279 962 313 quidem
987 278 1060 305 illius
1075 282 1102 305 et

319 321 430 356 ingeniti
446 325 497 355 est,
514 330 572 348 eam
585 323 719 357 attingere
733 323 833 349 nemini
845 323 886 350 fas
897 328 948 351 est.
967 323 1017 351 Uni
1030 325 1101 351 enim

317 367 449 394 duntaxat
467 367 548 394 unico
565 368 706 402 primoque
735 368 836 402 genito,
863 369 915 396 hoc
932 375 1101 396 reservatum

316 419 359 441 est
374 413 486 440 donum.
503 413 553 446 Qui
570 417 658 440 autem
680 418 741 448 post
764 414 838 440 illum
854 415 1000 446 exsistunt,
1018 415 1034 441 ii
1047 423 1100 442 non

317 460 396 487 aliter
408 468 487 494 quam
514 467 561 495 per
580 459 701 494 ejusdem
724 459 860 495 Unigeniti
876 461 1102 488 communicatio-

317 514 390 539 nem,
419 507 549 533 botmrmn
570 510 709 540 compotes
737 506 793 533 ﬁeri
818 511 963 541 poterant:
982 507 1101 542 Spiritus

316 560 380 587 ergo
394 552 477 579 divini
496 552 522 579 id
538 552 608 586 quod
625 552 695 586 apud
709 551 826 588 Moysem
840 553 934 584 fertur.
949 559 1012 580 nota
1027 561 1101 588 qua:—

317 598 379 624 dam
406 603 475 626 erat.
505 597 658 625 Divisioncs
685 606 767 633 porro
798 599 932 625 donorum
948 602 1023 630 sunt,
1053 598 1100 626 sed

316 645 387 671 idem
402 648 444 671 est
458 643 585 678 Spiritus,
611 646 689 679 cujus
708 645 824 672 maxime
841 649 869 671 ut
883 644 939 672 heri
955 645 1100 680 participes

316 692 466 720 studerent.
483 696 510 718 et
522 691 678 718 sacerdotes
688 695 715 717 et
730 691 866 725 prophetae
881 694 908 717 et
927 699 1003 726 rcges
1013 712 1019 724 ,
1031 699 1100 722 opus

314 744 375 764 esse
387 737 579 768 arbitrabatur,
597 741 688 771 utpote
703 737 748 772 qui
761 745 815 763 non
831 744 879 771 pro
887 736 985 771 seipsis
999 737 1098 768 solum,

315 791 409 810 verum
440 783 522 809 etiam
553 790 601 817 pro
626 787 682 809 tota
701 787 779 817 gente
802 782 854 809 Deo
882 783 982 809 sacrati
997 788 1098 811 essent.

315 829 392 862 Quod
408 833 498 856 autem
523 835 613 855 rerum
637 828 722 862 magis
735 828 888 855 divinarum
915 827 1031 855 Mosaica
1054 829 1098 855 illa

314 879 385 902 nota:
396 874 518 908 quaedam
535 878 636 904 essent,
650 877 677 900 ct
690 873 761 907 quod
780 873 837 899 ﬁeri
860 877 952 907 posset
972 877 1001 899 ut
1016 873 1097 900 etiam

314 921 374 948 sine
389 919 510 947 terrestri
522 924 659 954 unguento
673 918 765 946 divino
783 917 886 953 Spiritu
899 918 978 945 aﬂlati
994 923 1097 951 essent,

313 965 409 993 christi
424 965 639 997 nominarentur,
655 964 768 999 agedum
786 965 926 999 aliquanto
942 964 1098 999 diligentius

313 1011 518 1038 consideremus
536 1010 592 1044 jam
610 1018 692 1038 nunc.
719 1009 802 1036 David
829 1010 911 1045 igitur
933 1010 960 1036 in
993 1010 1098 1044 psalmo

311 1065 356 1084 CIV
373 1057 403 1089 ¹⁸,
418 1057 481 1084 dum
495 1064 555 1091 qua:
569 1056 603 1083 ad
616 1056 764 1087 Abraham,
774 1059 800 1082 ct
810 1056 894 1087 Isaac,
907 1060 933 1082 et
944 1055 1030 1083 Jacob
1043 1063 1100 1090 per-

313 1104 409 1135 tinent,
436 1103 564 1131 historias
588 1103 693 1137 repetit,
725 1103 798 1137 ipsos
818 1103 896 1137 plane
908 1102 968 1129 illos
992 1106 1097 1129 veteres

311 1149 417 1181 Pal-res,
431 1153 458 1176 et
472 1149 517 1184 qui
533 1153 595 1176 ante
613 1148 713 1183 Moysis
727 1152 833 1175 aetatem
844 1148 964 1179 fuerunt,
979 1148 1097 1175 christos

313 1200 402 1227 vocat,
421 1196 523 1223 nullam
542 1196 578 1222 ob
594 1195 673 1221 aliam
691 1201 800 1221 causam
822 1202 901 1228 quam
925 1197 1035 1228 propter
1056 1193 1099 1220 di-

312 1243 366 1269 vini
385 1241 516 1277 Spiritus,
538 1241 620 1275 cujus
643 1240 789 1275 participes
810 1244 900 1270 erant.
918 1239 1095 1266 iuﬂuentiam.

313 1287 391 1323 175
409 1287 435 1314 In
455 1287 624 1322 expositione
647 1287 729 1321 igitur
753 1285 938 1317 historiarum,
963 1284 1097 1320 quemad-

312 1334 422 1360 modum
438 1332 557 1368 hospitio
572 1332 606 1358 ab
632 1332 753 1359 externis
766 1331 895 1365 suscepti,
920 1335 948 1358 et
966 1331 1096 1366 quemad-

310 1380 423 1406 modum
436 1379 544 1406 insidiis
555 1378 744 1409 circumventi,
762 1377 876 1405 salutem
893 1384 907 1403 a
925 1376 978 1403 Deo
998 1384 1096 1404 conse-

310 1425 367 1452 euti
383 1428 459 1455 sunt,
473 1425 547 1452 sicut
567 1423 685 1451 Mosaica
709 1423 867 1450 narratione
890 1422 1026 1457 proditum
1041 1426 1094 1453 est.

310 1471 458 1507 prophetas
479 1471 541 1498 illos
556 1470 637 1498 simul
653 1475 680 1497 et
696 1469 816 1496 christos
838 1468 971 1500 nominat,
988 1468 1095 1495 tametsi

311 1517 433 1545 nondum
453 1517 561 1553 Moyses
574 1517 601 1543 in
623 1515 779 1543 hominibus
790 1514 916 1550 degebat.
935 1521 1022 1549 neque
1045 1522 1096 1540 un-

1117 902 1136 928 Β

310 1569 439 1599 guentum
453 1571 484 1591 ex
504 1564 561 1598 lege
577 1562 699 1598 ejusdem
721 1564 907 1596 comparatum
926 1559 1014 1587 adlmc
1035 1560 1094 1586 l‘ue-
1108 1573 1129 1601 ο

310 1614 363 1638 rat.
388 1610 458 1637 Audi
481 1610 565 1645 igitur
586 1609 651 1644 quid
673 1608 746 1635 dicat
765 1607 888 1642 psalmus
905 1615 912 1633 :
930 1615 939 1631 ι
957 1607 1095 1633 Memento

311 1655 476 1682 mirabilium
493 1656 553 1689 ejus
569 1662 630 1690 quae
642 1653 722 1681 fecit:
738 1653 860 1688 prodigia
877 1651 1095 1688 ejus,etjudicia

308 1700 367 1729 oris
383 1700 452 1735 ejus.
470 1700 568 1728 Semen
585 1700 734 1731 Abraham,
751 1699 822 1726 servi
847 1699 916 1732 ejus,
949 1697 997 1724 ﬁlii
1010 1697 1095 1724 Jacob

307 1745 387 1772 electi
404 1745 472 1779 ejus.
490 1743 549 1779 Ipse
571 1744 704 1772 Dominus
717 1743 788 1770 Deus
803 1747 907 1776 noster,
924 1743 952 1769 in
968 1742 1095 1770 universa

308 1794 382 1818 terra
402 1790 504 1825 judicia
529 1790 599 1825 ejus.
622 1789 725 1817 Memor
748 1789 799 1816 luit
822 1789 849 1815 in
868 1789 997 1816 saeculum
1012 1793 1092 1816 testa-

309 1837 393 1864 menti
409 1837 462 1868 sui.
480 1837 554 1864 verbi
575 1836 646 1872 quod
669 1836 806 1863 mandavit
818 1836 846 1863 in
859 1836 932 1862 mille
943 1835 1095 1870 generatio-

309 1889 368 1916 nes,
385 1882 458 1917 quod
471 1883 608 1917 disposuit
623 1882 656 1909 ad
672 1882 808 1909 Abraham
828 1891 834 1909 :
851 1886 877 1908 et
891 1881 1040 1917 juramenti
1052 1880 1094 1908 sui

309 1928 343 1955 ad
359 1928 444 1960 Isaac,
461 1932 487 1955 et
501 1929 595 1956 statuit
609 1927 675 1955 illud
689 1927 722 1955 ad
735 1927 821 1954 Jacob
838 1927 865 1954 in
882 1933 1056 1962 przeceptum,
1069 1931 1096 1954 et

310 1974 343 2002 ad
359 1973 441 2002 Israel
465 1973 492 2001 in
512 1977 705 2002 testamentum
728 1977 876 2005 aeternum,
900 1973 994 2000 dicens
1010 1981 1016 1998 :
1034 1972 1094 2000 Tibi

310 2019 380 2047 dabo
399 2023 500 2047 terram
519 2019 660 2052 Chanaan,
694 2018 846 2046 funiculum
865 2018 1032 2046 hmredilatis
1050 2026 1094 2045 ve—

311 2070 374 2092 stra:
386 2074 392 2091 :
408 2070 435 2092 et
446 2065 657 2093 transicruutde
671 2065 786 2100 gentein
796 2069 915 2099 gentem,
925 2069 951 2092 et
963 2064 997 2092 de
1012 2073 1095 2100 regno

310 2111 343 2138 ad
361 2111 488 2146 populum
513 2111 649 2138 alterum:
666 2118 721 2138 non
747 2110 872 2145 permisit
894 2109 1030 2138 hominem
1045 2119 1095 2139 no-

309 2163 373 2183 cere
388 2156 438 2187 eis,
454 2159 482 2182 et
499 2155 633 2190 corripuit
648 2163 697 2190 pro
717 2155 757 2182 eis
773 2163 869 2190 rcges:
885 2155 968 2182 nolite
984 2158 1094 2190 tangere

309 2203 428 2230 christos
449 2210 541 2235 uicos,
565 2206 592 2229 ct
617 2204 644 2229 in
666 2202 806 2237 prophetis
825 2202 893 2230 meis
912 2202 994 2230 nolite
1017 2203 1094 2229 mali-

1153 278 1223 304 κατὰ
1235 278 1269 304 τὰ
1289 279 1365 314 παρὰ
1378 280 1490 306 Μωῦσεῖ
1505 279 1665 315 δηλούμενα,
1683 282 1823 315 προφήτας
1840 283 1941 314 αὑτοίρς

1151 324 1217 359 ὁμοῦ
1232 325 1279 351 καὶ
1300 326 1425 360 χριστοὺς
1441 326 1578 361 ὀνομάζει,
1594 326 1669 353 οὕπω
1682 327 1742 353 τότε
1757 328 1897 360 Μωῦσέως
1912 329 1942 355 ὲν

1151 369 1313 405 ἀνθρώποις,
1331 370 1390 397 οὐδὲ
1414 371 1460 397 τοῦ
1483 372 1544 398 κατ’
1567 371 1647 398 αὑτὸν
1673 373 1823 399 σκευαστοῦ
1850 373 1939 408 μύρου

1152 415 1406 451 νενομοθετημένου.
1434 417 1531 443 Ἄκουε
1553 417 1581 443 δὲ
1605 414 1649 443 οἷά
1675 426 1756 452 φησιν
1777 419 1792 444 ὁ
1813 419 1938 453 ψαλμόςο

1155 471 1164 487 ι
1183 462 1324 497 Μνήσθητι
1346 462 1400 489 τῶν
1424 462 1582 498 Θαυμασίων
1599 463 1692 494 αὑτοῦ.
1704 461 1741 490 ὧν
1763 465 1887 500 ἐποίησε·
1903 465 1939 492 τὰ

1151 507 1251 543 τέρατα
1274 508 1355 534 αὑτοῦ
1376 508 1422 535 καὶ
1438 509 1472 535 τὰ
1489 509 1610 544 κρίματα
1624 509 1670 536 τοῦ
1695 509 1827 545 στόματος
1842 511 1936 538 αὑτοῦ.

1152 554 1265 589 Σπέρμα
1299 553 1437 589 Ἀϐραὰμ,
1462 553 1550 580 δοῦλοι
1574 554 1675 580 αὑτοῦ·
1704 555 1727 580 οἱ
1757 555 1809 580 om
1839 555 1938 583 Ἰακὼϐ

1151 599 1273 626 ἐκλεκτοὶ
1288 599 1380 626 αὑτοῦ.
1394 599 1480 631 Αὐτὸς
1494 600 1595 635 Κύριος
1610 601 1624 626 ὁ
1641 600 1705 631 Θεὸς
1717 600 1806 635 ήμῶν,
1821 602 1850 627 ὲν
1862 602 1936 637 πάσῃ

1149 645 1182 679 τῇ
1198 646 1232 680 γῇ
1252 644 1285 670 τὰ
1305 645 1426 680 κρίματα
1441 645 1533 671 αὑτοῦ.
1564 645 1699 680 Ἐμνήσθη
1723 646 1762 677 εἰς
1784 646 1831 672 τὸν
1850 647 1937 674 αἰῶνα

1150 689 1286 726 Διαοήκης
1306 690 1397 722 αὑτοῦ,
1414 690 1492 724 λόγου
1509 688 1539 717 οὗ
1556 690 1706 717 ἐνετείλατο
1720 692 1759 722 εἰς
1780 691 1869 726 χιλίας
1889 700 1936 726 γε·

1151 736 1223 767 νεὰς,
1239 736 1267 762 ὃν
1284 736 1386 763 διέθετο
1401 736 1438 771 τῷ
1465 735 1597 771 Ἀϐραὰμ,
1620 736 1667 763 καὶ
1686 736 1733 762 τοῦ
1748 737 1831 772 ὅρκου
1852 738 1935 764 αὑτοῦ

1149 782 1188 817 τῷ
1207 783 1313 809 Ἰσαάκ·
1332 782 1378 808 καὶ
1389 782 1500 817 ἔστησεν
1518 782 1601 818 αὐτὴν
1616 782 1655 817 τῷ
1676 782 1773 809 laxi-)6
1793 785 1834 814 si;
1847 785 1935 819 πρόσ-

1150 836 1252 863 ταγμα,
1275 827 1376 862 καὶτῷ
1406 828 1513 863 Ἰσραὴλ
1533 829 1572 859 εἰς
1593 827 1729 864 Διαθήκην
1752 829 1872 861 αἰώνιον,
1892 830 1936 856 λέ-

1150 883 1221 910 γων’
1240 875 1284 901 Σοὶ
1297 874 1374 901 δώσω
1386 875 1434 910 τὴν
1451 875 1502 909 γῆν
1519 875 1634 910 Χαναὰμ
1651 875 1792 910 σχοίνισμα
1807 878 1936 912 κληρονο-

1151 921 1214 956 μίας
1228 920 1314 956 ὑμῶν.
1333 921 1387 946 Kal.
1407 920 1511 954 διῆλθον
1527 921 1556 953 ἐξ
1572 921 1663 952 ἔθνους
1683 922 1724 953 εἰς
1738 922 1822 954 ἔθνος,
1839 924 1886 951 καὶ
1902 925 1934 950 ἐκ

1150 966 1285 1001 βασιλείας
1309 967 1349 997 εἰς
1371 966 1433 992 λαὸν
1461 966 1561 1002 ἕτερον.
1579 967 1635 994 Οὐκ
1660 969 1764 1004 ἀφῆκεν
1790 969 1932 1005 ἄνθρωπον

1148 1012 1273 1047 ἀδικῆσαι
1285 1013 1392 1044 αὐτοὺς,
1410 1013 1456 1039 καὶ
1476 1012 1587 1048 ἤλεγξεν
1604 1013 1672 1049 ὑπὲρ
1689 1014 1776 1040 αὐτῶν
1794 1014 1912 1050 βασιλεῖς
1923 1024 1932 1032 ο

1149 1059 1187 1094 μὴ
1209 1059 1326 1086 ἅπτεσθε
1341 1059 1394 1085 τῶν
1405 1059 1522 1094 χριστῶν
1536 1068 1596 1093 μου,
1617 1060 1662 1086 καὶ
1674 1061 1702 1086 ἐν
1714 1063 1769 1093 τοῖς
1780 1062 1933 1097 προᾳήταις

1150 1114 1199 1140 μου
1225 1105 1262 1140 μὴ
1285 1104 1476 1140 πονηρεύεσθε.
1498 1114 1507 1130 ›
1533 1105 1625 1132 Ταῦτα
1651 1106 1699 1140 μὲν
1720 1107 1734 1132 ὁ
1753 1107 1847 1132 Δαῦίδ·
1871 1108 1886 1133 ὀ
1904 1107 1933 1134 δὲ

1147 1152 1248 1186 Μωσῆς
1271 1151 1317 1178 καὶ
1340 1151 1412 1182 οἴους
1439 1150 1555 1185 βασιλεῖς
1571 1151 1681 1186 ἤλεγξεν
1703 1152 1804 1187 ἱστορεῖ
1825 1151 1931 1186 λέγων·

1150 1207 1160 1224 ι
1173 1198 1226 1224 Καὶ
1235 1198 1316 1233 ῆτασε
1326 1197 1426 1232 Κύριος
1432 1196 1476 1223 τὸν
1487 1196 1585 1232 Φαραὼ
1597 1198 1722 1232 ἐτασμοῖς
1737 1197 1873 1232 μεγάλοις,
1886 1198 1934 1225 καὶ

1147 1243 1192 1270 τὸν
1202 1241 1274 1270 οἷκον
1289 1243 1368 1270 αὑτοῦ
1378 1243 1441 1278 περὶ
1453 1243 1559 1279 Σάρρας
1572 1243 1620 1277 τῆς
1631 1243 1759 1277 γυναικὸς
1773 1243 1908 1279 Ἀϐραάμ.
1921 1253 1930 1269 ι

1146 1289 1201 1315 Καὶ
1227 1288 1307 1314 πάλιν
1335 1288 1398 1323 περὶ
1424 1287 1470 1314 τοῦ
1500 1288 1632 1322 βασιλέως
1658 1288 1786 1323 Γεράρων
1810 1289 1930 1324 γράφει·

1151 1341 1159 1358 ι
1180 1333 1233 1358 Καὶ
1253 1330 1333 1367 ἦλθεν
1348 1333 1361 1358 ὁ
1377 1331 1441 1362 Θεὺς
1465 1332 1532 1368 πρὸς
1563 1332 1705 1367 Ἀϐιμέλεχ
1729 1333 1757 1358 ἐν
1783 1332 1859 1368 ὕπνῳ
1883 1333 1932 1369 τὴν

1147 1376 1241 1408 νύκτα,
1264 1378 1309 1403 καὶ
1329 1375 1403 1404 εἶπεν
1418 1385 1425 1393 ν
1448 1377 1512 1404 Ἰδοὺ
1536 1378 1567 1404 σὺ
1591 1378 1771 1414 ἀποθνήσκεις
1796 1379 1860 1413 περὶ
1882 1380 1933 1414 τῆς

1146 1423 1282 1457 γυναικὸς,
1297 1420 1330 1458 ἧς
1345 1423 1454 1454 ἕλαῦες·
1477 1433 1487 1449 ι
1505 1422 1583 1460 (αὕτη
1607 1423 1635 1449 δὲ
1655 1421 1689 1459 ἦν
1705 1423 1751 1450 τοῦ
1775 1423 1931 1460 Ἀδραάμ

1146 1468 1213 1503 Περὶ
1234 1465 1263 1495 οὗ
1287 1468 1349 1503 ἑξῆς
1373 1467 1474 1501 προϊών
1499 1476 1584 1503 φησι·
1611 1477 1621 1494 ι
1641 1468 1698 1495 Νῦν
1720 1468 1748 1495 δὲ
1769 1469 1866 1501 ἀπόδος
1882 1470 1934 1504 τὴν

1146 1515 1261 1547 γυναῖκα
1272 1513 1310 1548 τῷ
1324 1512 1468 1549 ἀνθρώπῳ,
1485 1514 1526 1540 ὅτι
1542 1514 1683 1549 προφήτης
1696 1514 1763 1544 ἐστὶ,
1782 1515 1828 1541 καὶ
1844 1523 1932 1551 προσ-

1146 1559 1252 1592 εύξεται
1277 1559 1341 1594 περὶ
1362 1558 1418 1585 σοῦ.
1449 1559 1529 1595 Ὁρᾷς
1543 1560 1615 1592 ὅπως
1630 1559 1673 1586 διὰ
1690 1560 1791 1586 τούτων
1803 1561 1865 1592 τοὺς
1881 1562 1932 1588 πά-

1145 1605 1187 1631 λαι
1205 1604 1337 1639 θεοφιλεῖς
1353 1605 1399 1631 καὶ
1417 1606 1558 1641 προφήτας
1583 1606 1709 1640 χριστοὺς
1724 1606 1738 1632 ὁ
1752 1606 1843 1635 Δαεὶδ,
1862 1606 1932 1641 μᾶλ-

1145 1651 1189 1677 λον
1214 1650 1242 1676 δὲ
1259 1650 1288 1676 τὸ
1314 1650 1384 1677 θεῖον
1405 1650 1437 1676 δι’
1461 1651 1543 1677 αὑτοῦ
1559 1652 1690 1686 προσεῖπε
1706 1651 1828 1686 Πνεῦμα,
1844 1652 1874 1678 οὐ
1893 1652 1932 1687 τῷ

1145 1695 1239 1730 γεώδει
1270 1696 1347 1731 μύρῳ
1377 1696 1590 1731 κεχρισμένουςς
1617 1695 1674 1727 πῶς
1702 1696 1766 1732 γὰρ,
1793 1697 1932 1729 Μωῡσέως

1146 1742 1267 1777 ὑστέροις
1283 1742 1386 1777 χρόνοις
1403 1741 1474 1768 οὕτω
1493 1741 1704 1777 διαταξαμένου;
1723 1742 1821 1769 ’Λκουε
1841 1743 1869 1770 δὲ
1885 1744 1932 1770 καὶ

1150 1788 1260 1814 Ἡσαΐου
1277 1787 1347 1814 οὓτω
1371 1788 1524 1822 σαφέστατα
1547 1788 1611 1824 περὶ
1630 1787 1677 1814 τοῦ
1701 1788 1819 1824 Χριστοῦ
1838 1789 1933 1815 θεσπὶ-

1145 1834 1246 1866 ζοντος,
1267 1834 1304 1866 ὡς
1320 1834 1572 1869 ἀποσταλησομένου
1591 1833 1642 1860 ὑπὸ
1664 1833 1711 1859 τοῦ
1729 1834 1796 1860 Θεοῦ
1813 1836 1870 1866 τοῖς
1885 1835 1932 1861 ἀν-

1146 1881 1264 1916 θρώποις
1285 1880 1420 1916 λυτρωτοῦ
1439 1881 1486 1906 καὶ
1499 1880 1630 1915 σωτῆρος,
1646 1879 1755 1914 ἦξοντός
1766 1888 1796 1905 τε
1812 1880 1931 1915 κηρύξαι

1144 1927 1200 1956 τοῖς
1222 1924 1270 1957 τὰς
1293 1924 1381 1959 ψυχὰς
1402 1923 1583 1959 αἰχμαλώτοις
1607 1923 1713 1958 ἄφεσιν,
1732 1924 1779 1950 καὶ
1799 1926 1855 1956 τοῖς
1881 1925 1932 1957 τὰς

1145 1971 1264 2002 διανοίας
1275 1970 1384 2004 τυφλοῖς
1396 1969 1549 2004 ἀνάϐλεψιν.
1561 1969 1660 1995 Τοῦτον
1672 1969 1726 2005 γὰρ
1744 1969 1824 1996 πάλιν
1839 1971 1852 1997 ό
1867 1979 1932 2006 τιρο-

1145 2017 1231 2052 φήτης
1255 2016 1285 2042 οὐ
1308 2015 1447 2050 σκευαστῷ
1470 2014 1557 2050 μύρῳ,
1575 2014 1642 2041 ἀλλὰ
1664 2015 1701 2049 τῷ
1723 2015 1773 2050 τῆς
1789 2016 1931 2051 ΙΙατρικῆς

1145 2061 1270 2096 θεότητος
1292 2059 1378 2095 νοητῷ
1402 2062 1448 2086 καὶ
1473 2059 1618 2095 θεοπρεπεῖ
1634 2060 1749 2094 Χριστὸν
1766 2061 1930 2095 γεγενῆσθαι

1145 2107 1274 2138 διδάσκει,
1289 2107 1338 2142 οὺχ
1363 2106 1409 2132 ὑπ’
1433 2105 1592 2141 ἀνθρώπων,
1611 2105 1676 2132 ἀλλὰ
1699 2106 1731 2132 ἐκ
1750 2105 1797 2132 τοῦ
1823 2106 1930 2141 Πατρὸς

1145 2154 1332 2189 κεχρισμένον.
1361 2153 1443 2187 Λέγει
1470 2152 1492 2178 δ’
1519 2150 1564 2178 οὖν
1594 2151 1623 2184 ἐξ
1652 2151 1734 2178 αὐτοῦ
1761 2153 1927 2186 προσώπου’

1148 2210 1157 2226 ι
1186 2199 1298 2234 Πνεῦμα
1318 2199 1420 2235 Κυρίου
1445 2199 1486 2224 ἐπ’
1512 2198 1572 2232 ἐμὲ,
1595 2194 1625 2224 οὗ
1651 2197 1754 2224 εἵνεκεν
1772 2198 1865 2234 ἐχρισέ
1884 2207 1927 2233 με.

308 2248 426 2283 gnari".
447 2258 456 2274 ι
476 2248 613 2275 Hactenus
634 2248 742 2282 quidem
758 2247 853 2274 David.
887 2246 994 2282 Moyses
1017 2255 1091 2279 vero,

1147 2245 1379 2280 Εὑαγγελίσασθαι
1407 2245 1524 2280 πτωχοῖς
1549 2244 1701 2270 ἀπέσταλκε
1735 2253 1787 2278 με,
1811 2245 1928 2280 κηρύξαι

309 2295 390 2322 etiam
406 2302 475 2329 quos
491 2302 568 2329 rcges
583 2294 756 2328 corripuerit.
777 2298 880 2326 narrat,
899 2293 994 2321 dicens
1010 2303 1016 2320 2
1033 2302 1042 2318 ι
1062 2293 1094 2320 Et

308 2341 452 2376 castigavit
472 2339 602 2367 Dominus
622 2338 792 2366 Pharaonem
809 2339 896 2374 plagis
916 2339 1052 2370 maximis,
1066 2343 1094 2366 ct

308 2387 418 2414 domum
432 2387 516 2418 illius,
528 2391 638 2422 propter
651 2386 745 2413 Saram
763 2393 874 2412 uxorem
893 2385 1030 2412 Abraham
1038 2386 1088 2412 ὀ.)

309 2433 342 2461 Et
354 2441 449 2461 rursus
462 2434 495 2461 de
508 2441 540 2460 eo
554 2441 615 2468 rege
632 2433 677 2467 qui
694 2432 824 2467 regnabat
838 2432 866 2459 in
883 2430 1004 2464 Geraris,
1023 2433 1093 2460 scri-

309 2480 370 2507 bit:
390 2488 400 2506 ι
419 2479 450 2506 Et
463 2480 536 2506 venit
553 2479 623 2506 Deus
646 2479 678 2506 ad
698 2479 852 2506 Abimelech
879 2478 907 2505 in
926 2479 1029 2506 somnis
1045 2487 1094 2506 no-

309 2530 366 2558 ctu,
385 2531 412 2553 et
427 2526 517 2553 dixit:
537 2525 577 2552 En
603 2524 729 2552 morieris
754 2529 794 2556 tu,
817 2528 928 2559 propter
949 2524 1089 2552 mulierem

309 2579 389 2605 quam
407 2572 520 2598 tulisti“
541 2581 549 2597 ι
571 2571 639 2606 (haec
661 2574 751 2597 autem
773 2574 832 2597 erat
845 2577 912 2596 uxor
928 2570 1089 2605 Abraham).

310 2615 396 2643 Porro
416 2617 558 2652 deinceps,
579 2623 706 2645 sermone
738 2623 913 2650 progressus,
938 2615 971 2642 de
997 2615 1091 2642 eodem

312 2663 350 2689 ait
362 2672 368 2689 :
383 2671 391 2687 ι
407 2662 484 2690 Nunc
492 2669 581 2692 autem
593 2663 676 2691 redde
689 2662 748 2690 viro
761 2670 811 2690 suo
825 2669 948 2693 uxorem,
961 2661 1090 2696 quoniam

313 2709 441 2742 propheta
456 2713 508 2740 est.
524 2712 551 2736 et
565 2709 652 2736 orabit
667 2717 716 2744 pro
727 2712 753 2736 te
761 2708 794 2735 ".
809 2717 819 2735 ι
835 2707 917 2735 Vides
930 2712 956 2734 ul
970 2707 1020 2734 hoc
1032 2707 1091 2733 loco

313 2757 416 2782 veteres
429 2754 476 2782 Dei
493 2755 595 2782 amicos
611 2759 638 2782 et
664 2755 812 2791 prophetas
832 2753 927 2786 David,
945 2761 977 2780 ac
999 2753 1089 2788 potius

314 2808 361 2835 per
385 2801 460 2828 illum
484 2801 592 2829 divinus
617 2801 747 2836 Spiritus,
775 2800 893 2828 ehristos
915 2798 1089 2835 appellaverit

1145 2291 1325 2327 αἰχμαλώτοις
1338 2291 1443 2325 ἄφεσιν,
1461 2290 1506 2316 καὶ
1519 2290 1627 2323 τυιρλοῖς
1639 2289 1794 2324 ἀνάϐλεψιν.
1816 2300 1825 2316 ι
1844 2291 1930 2318 Τοῦτο

1145 2337 1194 2372 μὲν
1219 2334 1264 2363 οὖν
1292 2336 1398 2371 πρῶτον
1427 2333 1593 2370 τετηρήσοω,
1620 2333 1657 2365 ὼς
1682 2335 1727 2360 καὶ
1757 2334 1871 2366 Ἡσαΐας
1890 2335 1929 2370 τῷ

1145 2383 1227 2410 sum
1243 2381 1439 2417 παραπλησίως
1455 2380 1483 2406 ὃν
1500 2379 1574 2413 ἥξειν
1591 2379 1689 2414 ἔφησεν
1706 2381 1744 2411 εἰς
1757 2380 1927 2415 ἀνθρώπους,

1146 2430 1192 2456 καὶ
1213 2428 1328 2464 κηρύξαι
1352 2425 1533 2462 αἰχμαλώτοις
1555 2425 1650 2459 ἄφεσιν
1675 2427 1720 2452 καὶ
1736 2426 1845 2460 τυφλοῖς
1862 2426 1928 2453 ἀνά-

1144 2476 1246 2511 6).εψιν,
1262 2475 1292 2501 οὐ
1309 2472 1447 2507 σκευαστῷ
1472 2471 1558 2508 μύρῳ,
1577 2471 1644 2498 ἀλλὰ
1658 2471 1696 2507 τῷ
1710 2472 1759 2507 τῆς
1779 2472 1928 2508 ἁγεννήτου

1144 2521 1283 2558 Πατρικῆς
1298 2529 1326 2546 τε
1343 2519 1390 2546 καὶ
1414 2516 1568 2551 παναγάθου
1590 2517 1729 2551 δυνάμεως
1752 2517 1869 2551 Χριστὸν
1883 2525 1930 2551 γε-

1144 2569 1249 2604 γονέναι
1268 2563 1400 2596 θεσπεζει.
1421 2562 1499 2590 Κατά
1518 2570 1579 2589 τινα
1594 2561 1622 2588 δὲ
1637 2561 1778 2596 συνήθειαν
1795 2569 1929 2597 προφητι-

1144 2615 1204 2650 κὴν,
1215 2613 1246 2639 τὺ
1263 2610 1356 2647 μέλλον
1369 2611 1384 2636 ὁ
1399 2608 1540 2644 προφήτης
1554 2607 1591 2638 ὡς
1607 2607 1768 2642 παρῳχηκὸς
1781 2607 1927 2640 ἀναφωνεῖ,

1144 2660 1191 2687 καὶ
1206 2658 1244 2688 ὡς
1259 2657 1323 2692 περὶ
1339 2654 1435 2683 ἑαυτοῦ
1455 2653 1502 2680 τοῦ
1517 2653 1731 2688 προφητεύοντος
1754 2652 1836 2688 δηλοῖ.
1853 2653 1928 2683 Τέως

1146 2705 1195 2740 μὲν
1210 2701 1255 2730 οὖν
1268 2701 1320 2728 ὑπὸ
1332 2700 1409 2732 Θεοῦ,
1422 2699 1479 2726 ἀλλ’
1492 2699 1540 2734 οὐχ
1553 2699 1598 2724 ὑπ’
1609 2698 1770 2734 ἀνθρώπων,
1784 2697 1832 2724 καὶ
1846 2697 1927 2724 Ilvati-

1145 2758 1207 2786 ματι
1218 2748 1293 2784 θείῳ,
1309 2747 1365 2774 ἀλλ’
1381 2747 1411 2773 οὐ
1428 2745 1570 2780 σκευαστῷ
1585 2744 1668 2780 ἐλαίῳ
1678 2745 1849 2781 χριομένους,
1862 2744 1927 2775 τοὺς

1142 2795 1214 2823 κατὰ
1243 2795 1287 2821 τὸν
1322 2793 1408 2828 ἀληθῆ
1437 2792 1516 2826 λόγον
1555 2790 1682 2826 χριστοὺς
1711 2789 1926 2826 ὀνομαζομένους

350 2880 370 2895 ι⁸
386 2879 462 2910 Vera.
482 2880 524 2907 15.
547 2879 568 2895 ¹⁹
585 2878 655 2906 Pssl.
673 2886 726 2913 civ,
744 2878 816 2906 5-15.
856 2879 877 2894 ὀ
894 2877 962 2905 Gen.
980 2884 1028 2910 xu,
1044 2875 1086 2903 t7.

1160 2872 1228 2901 Gen.
1243 2880 1290 2906 Ἀ,
1305 2872 1332 2900 δ.
1353 2871 1393 2910 λη
1410 2869 1475 2898 i‘bid.
1489 2870 1517 2896 τ.
