2084 3216
188 191 244 218 £97

655 193 983 222 DEMONSTBATIONIS
1003 192 1232 222 EVANGELICA'I
1250 192 1313 220 LIB.
1330 192 1374 220 IV.

1767 195 1820 223 998

188 248 325 283 ἔγνωμεν.
343 249 447 284 Καιρδς
466 249 494 276 δὲ
514 249 640 282 συνιδεῖν,
655 251 696 277 ὅτι
713 251 759 277 καὶ
773 251 846 278 θείαν
856 251 921 278 τινὰ
936 251 966 277 δύ

1035 251 1111 278 nullo
1132 250 1257 278 terrestri
1286 252 1426 285 unguento
1445 250 1561 277 unctos?
1580 249 1631 283 Qui
1649 250 1733 281 enim.
1759 258 1821 278 cum

188 302 273 329 ναμιν
283 295 427 329 κρείττονα
442 295 457 330 ἦ
471 296 529 321 κατ’
543 295 686 330 ἄνθρωπον
698 296 736 330 (l)
750 297 830 331 φύσιν
842 297 885 323 τὸν
894 297 981 333 ἁληθῆ

187 339 307 376 Χριστὸν
331 340 378 366 τοῦ
400 340 467 366 Θεοῦ
486 341 630 376 τυγχάνειν
650 343 664 368 ὁ
685 343 749 378 παρ’
773 343 906 378 Ἑϐραίοις
922 344 981 369 ἐπί-

187 394 285 412 σταται
300 384 389 419 λόγος.
407 386 505 413 Ἄκουε
522 387 543 413 δ’
558 385 605 413 οῦν
621 385 699 419 αὖθις
713 387 759 414 τοῦ
776 389 857 415 Δαὸἱδ
873 389 980 416 αἰώνιόν

186 440 250 458 τινα
274 432 352 467 ἱερέα
372 432 419 458 τοῦ
442 432 510 458 Θεοῦ
534 433 685 468 φάσκοντος
710 435 817 467 εἰδέναι,
834 435 934 470 Κύριον
950 445 979 462 τε

186 478 272 504 αὑτοῦ
282 478 377 505 τοῦτον
391 479 613 514 ἀναγορεύοντος,
629 481 675 507 καὶ
691 480 833 517 σύνθρονον
850 479 920 509 εἶναι
931 482 978 509 τοῦ

185 523 326 551 ἁνωτάτου
335 524 402 550 Θεοῦ
414 525 607 559 ὁμολογοῦντος
621 528 649 553 ὲν
666 527 803 563 ἑκατοστῷ
819 528 866 555 καὶ
878 528 979 564 ἐννάτῳ

185 570 298 607 ψαλμῷ,
314 570 375 598 καθ’
387 572 416 598 ὃν
434 569 484 599 ὧδὲ
501 572 560 604 πώς
583 582 680 609 φησιν’
699 584 707 600 ι
731 574 815 601 Εἶπεν
839 576 853 601 ὁ
878 575 979 611 Κύριος

186 616 227 652 τῷ
245 617 340 653 Κυρίῳ
363 626 430 653 μαψ
452 618 545 645 Κάθου
569 619 600 645 ἐκ
624 619 719 652 δεξιῶν
736 629 786 655 μου
811 620 862 652 ἓως
883 620 917 647 ἂν
940 621 978 647 θῶ

185 663 251 694 τοὺς
263 662 379 698 ἐχθρούς
396 672 442 690 σου
458 664 602 691 ὑποπόδιον
616 665 669 691 τῶν
688 664 775 691 ποδῶν
792 674 847 692 σου.
868 666 977 692 Ῥάόδον

183 708 327 744 δυνάμεως
338 709 512 742 ὲξαποστελεῖ
526 719 566 737 σοι
578 711 680 747 Κύριος
693 713 725 738 ὲκ
738 711 817 742 Σιὼν,
836 712 881 738 καί
896 721 978 739 κατα-

183 755 340 791 κυριεύσεις
360 756 388 782 ὲν
413 756 488 792 μέσῳ
511 756 565 784 τῶν
588 757 694 793 ἐχθρῶν
718 766 779 784 σου·
803 758 872 793 μετὰ
896 758 942 785 σοῦ
960 760 976 793 ἡ

182 800 256 837 ἀρχὴ
273 802 301 828 ὲν
316 802 407 837 ἡμέρα
419 802 470 837 τῆς
486 801 627 838 δυνάμεώς
642 812 698 835 σου,
715 805 743 830 ὲν
758 804 790 839 τῇ
806 804 976 839 λαμπρότητι

181 847 238 874 τῶν
254 847 338 882 ἁγίων
353 856 400 875 σου
410 857 417 863 ·
428 850 459 875 ἐκ
474 849 592 885 γαστρὸς
606 849 659 885 πρὸ
675 850 830 885 Ἑωσφόρου
844 850 976 885 ἑγέννησά

182 901 226 920 σε.
252 894 353 929 Ὠμοσε
376 894 497 930 Κύριος,¹
518 895 565 922 καὶ
588 895 619 922 οὐ
643 895 913 932 μεταμεληθήσεται,
939 897 974 923 Σὺ

1038 297 1126 324 Μοςρε
1148 295 1347 331 posterioribus
1362 296 1530 330 temporibus
1544 296 1569 322 id
1588 296 1823 324 instituerit?C;t-

1035 348 1133 374 terum,
1160 342 1223 369 audi
1244 349 1318 369 nunc
1346 341 1444 368 lsaiam
1465 350 1575 377 quoque
1599 343 1634 369 ita
1658 343 1692 370 de
1712 342 1823 370 Christo

1033 389 1258 417 manifestissime
1279 393 1433 420 canentem,
1458 392 1587 424 tanquam
1612 389 1647 417 de
1672 397 1705 416 eo
1726 390 1773 424 qui
1795 394 1822 417 et

1033 435 1198 470 Redemptor
1215 440 1243 462 et
1265 435 1391 463 Salvator
1407 443 1422 462 a
1435 435 1490 462 Deo
1510 435 1546 462 sit
1561 436 1709 464 mittendus
1725 436 1758 463 ad
1774 437 1823 464 ho-

1033 482 1132 514 mines,
1150 482 1252 516 quique
1264 485 1397 509 veuturus
1412 486 1443 509 ut
1453 482 1575 517 captivas
1587 482 1692 509 animas
1704 486 1823 518 gerent."-

1031 528 1094 559 bus,
1121 528 1327 559 liberationem,
1350 532 1456 555 mentes
1479 535 1545 554 vero
1560 528 1723 559 obcazcatas,
1745 530 1821 557 visus

1031 573 1266 608 recuperationem
1276 573 1391 600 nuntiet.
1401 572 1479 599 Hunc
1494 573 1567 600 enim
1579 580 1675 600 rursus
1690 574 1821 609 propheta

1030 627 1085 647 non
1102 623 1261 654 comparato
1277 623 1428 654 unguento,
1444 617 1491 646 sed
1506 625 1538 645 eo
1556 619 1631 653 quod
1643 622 1764 653 paternae
1779 621 1821 647 di-

1029 666 1151 694 vinitatis
1166 666 1202 693 sit
1214 665 1363 701 proprium,
1377 669 1403 693 et
1417 666 1475 693 sola
1493 665 1669 700 intelligentia
1684 666 1820 701 capiatur.

1029 711 1169 747 Deumque
1184 713 1272 746 ipsum
1287 711 1403 738 maxime
1413 711 1518 744 deccat,
1531 711 1669 739 Christum
1682 713 1820 740 exstitisse

1029 758 1120 788 docet,
1140 758 1187 793 qui
1211 765 1265 785 non
1286 757 1320 784 ab
1343 757 1510 788 hominibus,
1534 757 1581 784 sed
1604 757 1638 784 ab
1659 757 1718 792 ipso
1740 758 1818 786 Patre

1029 809 1129 832 unctus
1145 805 1190 832 sit.
1206 804 1286 840 176
1301 803 1371 831 Dicit
1384 811 1449 839 ergo
1465 812 1496 831 ex
1511 804 1585 831 illius
1599 812 1730 839 persona:
1741 812 1750 828 ‹
1760 804 1817 841 δρί-

1028 852 1099 879 ritus
1122 851 1231 878 Domini
1257 859 1339 885 super
1359 858 1414 883 me,
1438 854 1550 886 propter
1569 851 1642 886 quod
1665 852 1743 879 unxit
1766 861 1817 885 me.

1027 900 1216 934 evangelitare
1231 898 1398 933 pauperibus
1413 898 1488 925 misit
1505 906 1558 930 me,
1577 905 1674 926 sanare
1685 900 1817 927 contritos

180 939 274 975 ἱερεὺς
295 941 335 971 είς
350 940 395 967 τὸν
419 941 504 968 αἰῶνα
521 941 590 967 κατὰ
602 941 651 977 τὴν
672 941 748 973 τάξιν
768 942 944 977 Μελχισεδέκ.
963 952 969 967 ι

1025 945 1119 978 corde,
1136 945 1287 980 praedicare
1298 945 1414 979 captivis
1433 945 1635 977 remissionem,
1646 949 1671 974 et
1688 947 1768 973 caecis
1781 947 1818 973 vi-

181 984 239 1011 Καὶ
257 983 305 1011 θέα
324 993 366 1020 γε,
382 986 420 1017 ὼς
437 987 465 1012 ἐν
489 987 594 1017 τούτοις
614 986 707 1018 Δαϐὶδ,
727 986 851 1021 βασιλεὺς
872 987 909 1013 ὢν
924 987 970 1013 τοῦ

181 1031 283 1063 παντὸς
302 1031 436 1067 Ἑϐραίων
454 1031 557 1064 ἔθνους,
577 1033 624 1058 καὶ
641 1032 709 1067 πρὸς
725 1033 757 1067 τῇ
778 1031 901 1067 βασιλείᾳ
914 1032 978 1067 θείῳ

178 1077 320 1113 Πνεῦματι
334 1078 550 1114 κεκοσμημένος,
560 1077 677 1104 τοιοῦτον
684 1086 743 1104 τινα
750 1077 835 1112 μέγαν
844 1078 890 1103 καὶ
898 1077 978 1113 ὑπερ-

179 1125 256 1159 φυῶς
271 1125 423 1160 θαυμάσιον
437 1126 483 1152 τὸν
498 1125 567 1160 πρὸς
582 1125 665 1151 αὐτοῦ
681 1123 857 1160 δηλούμενον,
879 1124 925 1150 καὶ
938 1125 977 1159 τῷ

178 1169 314 1204 πνεύματι
343 1169 529 1205 θεωρούμενον
558 1169 687 1201 συνεῖδεν,
705 1169 743 1201 ὡς
769 1169 871 1205 Κύριον
895 1170 975 1196 αὑτὸν

176 1214 277 1241 ἑαυτοῦ
287 1217 457 1251 προσειπεῖν.
466 1225 475 1241 ‹
488 1214 554 1244 Εἷπε
575 1225 584 1241 ι
594 1216 659 1251 γὰρ,
669 1215 747 1250 φησὶ,
762 1225 771 1241 ‹
785 1216 880 1251 Κυρίῳ
888 1224 949 1250 μου.
963 1225 971 1241 ι

184 1261 266 1288 Ἀλλὰ
277 1262 324 1288 καὶ
338 1261 446 1288 αἰώνιον
458 1262 538 1288 αὐτὸν
559 1262 689 1298 ἀρχιερέα
699 1260 764 1293 οἶδε,
781 1262 827 1288 καὶ
841 1262 915 1297 ἱερέα
926 1261 974 1287 τοῦ

175 1307 246 1334 Θεοῦ
259 1307 306 1334 τοῦ
317 1308 440 1342 ὑψίστου,
450 1308 496 1335 καὶ
506 1308 650 1343 σύνθρονον
660 1308 707 1334 τοῦ
718 1309 764 1334 ἐπὶ
773 1308 880 1335 πάντων
894 1308 972 1337 Θεοῦ.

175 1353 225 1380 καὶ
235 1353 359 1389 γέννημα
371 1354 464 1381 αὑτοῦ.
477 1354 544 1389 Δίχα
554 1354 582 1380 δὲ
591 1354 707 1390 χρίσεως
720 1354 850 1381 ἀδύνατον
863 1352 896 1389 ἦν
907 1354 972 1389 παρ’

182 1399 320 1435 Ἑϐραίοις
340 1400 464 1436 ἱερᾶσθαι
488 1400 528 1435 τῷ
552 1400 627 1435 Θεῷ·
657 1401 752 1437 διόπερ
775 1401 823 1428 καὶ
846 1402 973 1437 χριστοὺς

174 1445 318 1480 ὀνομάζειν
336 1446 435 1478 αὐτοὺς
460 1446 564 1478 πάντας
583 1444 616 1481 ἢν
641 1447 732 1478 αὐτοῖς
752 1447 838 1482 φίλον.
855 1447 972 1482 Χριστὸς

174 1492 230 1526 ἆρα
246 1491 294 1518 καὶ
312 1492 327 1518 ὁ
346 1492 375 1518 ὲν
394 1492 433 1528 τῷ
456 1492 556 1528 ψαλμῷ
575 1492 740 1528 δηλούμενος
757 1494 845 1528 ἱερεὺς
862 1493 904 1528 εἴη
926 1493 968 1519 ἄν.

175 1535 239 1568 Πῶς
252 1536 307 1572 γὰρ
322 1537 498 1573 ἐμαρτυρήθη
515 1538 604 1573 ἱερεὺς
612 1536 692 1569 εἶναι,
710 1537 746 1574 μὴ
761 1539 821 1573 οὐχὶ
838 1538 970 1573 πρότερον

174 1582 294 1618 Χριστὸς
306 1583 441 1617 γεγονώς;
468 1583 548 1610 Ἀλλὰ
573 1585 618 1611 καὶ
634 1585 673 1616 εἰς
690 1585 735 1611 τὸν
757 1585 841 1611 αἰῶνα
862 1586 969 1620 λέγεται

174 1629 312 1678 ἱερᾶσθαι.
339 1629 431 1678 Τοῦτο.
445 1629 573 1678 δ’ᾼοῦχέτ
599 1630 756 1678 ἀνθρωπεία
780 1632 858 1666 φύσει
881 1633 968 1668 ὲφαρ-
984 1650 1004 1678 C

176 1674 269 1710 μόττοι
286 1674 330 1702 ἄν.
348 1675 385 1701 υὺ
402 1675 456 1711 γὰρ
469 1675 612 1712 ἀνθρώπου
631 1677 660 1703 τὸ
676 1678 836 1710 διαιωνίζειν
848 1699 855 1709 ,
877 1679 969 1715 ἐπειδὴ

172 1721 272 1757 θνητὸν
284 1722 332 1749 καὶ
352 1722 483 1758 ἐπίκηρον
505 1723 535 1750 τδ
552 1724 611 1751 καθ’
633 1726 707 1759 ἡμᾶς
728 1725 814 1759 γένος.
831 1727 968 1762 Κρείττων

173 1768 229 1804 ἄρα
242 1777 284 1801 τις
297 1768 313 1803 ἢ
328 1769 390 1795 κατ’
403 1769 544 1805 ἄνθρωπον
562 1771 576 1796 ὁ
594 1770 756 1806 δηλούμενος
770 1769 803 1807 ἦν
817 1773 845 1798 ἐν
863 1772 968 1804 τούτοις

173 1814 265 1849 ἱερεὺς
282 1814 329 1841 τοῦ
349 1814 417 1841 Θεοῦ
440 1815 508 1850 μετὰ
531 1816 612 1851 ὅρκου
634 1816 850 1850 διαϐεϐαιώσεως
867 1819 967 1854 διαρκῆ

171 1860 222 1886 καὶ
235 1860 350 1896 ἄπειρον
368 1861 417 1896 τὴν
438 1861 586 1897 ἱερωσύνην
603 1863 678 1898 παρὰ
691 1863 737 1889 τοῦ
757 1863 824 1889 Θεοῦ
841 1864 967 1900 δεδεγμέ-

171 1915 233 1938 νος·
246 1916 256 1932 ‹
270 1907 373 1943 Ὠμοσε
383 1917 392 1933 ι
401 1908 467 1942 γὰρ,
480 1908 556 1943 φησι,
570 1918 578 1933 ι
594 1909 705 1944 Κύριος,
716 1910 760 1936 καὶ
771 1910 800 1935 οὑ
811 1911 966 1946 μεταμεληνι

170 1953 304 1988 θήσεται,
320 1954 356 1980 Σὺ
384 1952 537 1990 ἱερεὺς“εἰς
558 1955 604 1981 τὸν
622 1955 707 1982 αἰῶνα
727 1956 797 1982 κατὰ
818 1956 866 1991 τὴν
890 1957 966 1989 τάξιν

171 1999 354 2034 Μελχισεδέκ.
369 2009 378 2025 ι
398 2000 506 2036 Ἐπειδὴ
518 2000 571 2036 γὰρ
586 2000 631 2027 τὸν
655 2001 824 2037 Μελχισεδὲκ
835 2002 848 2027 ὁ
862 2003 965 2038 Μωσῆς

171 2045 250 2080 ἱερέα
265 2045 314 2072 τοῦ
329 2045 396 2072 Θεοῦ
430 2046 541 2080 ὑψίστου
557 2047 693 2081 γεγονέναι
711 2048 820 2083 ἱστορεῖ,
839 2049 869 2074 οὺ
886 2048 965 2084 μύρῳ

170 2091 316 2127 muas-rip
335 2093 530 2128 κεχρισμένον,
549 2092 615 2120 πολὺ
634 2093 765 2129 πρότερον
781 2102 810 2120 τε
829 2095 878 2129 τῆς
903 2096 963 2121 κατ’

169 2137 256 2165 αὑτὸν
270 2139 429 2174 νομοθεσίας
453 2139 597 2174 γενόμενον
609 2139 683 2175 ἱερέα
693 2140 739 2166 τοῦ
755 2140 822 2167 Θεοῦ
837 2141 961 2175 ὑψίστου,

169 2184 219 2210 καὶ
231 2184 303 2210 κατὰ
321 2184 387 2211 πολὺ
405 2185 547 2220 κρείττονα
560 2185 609 2220 τὴν
623 2185 722 2221 ἀρετὴν
734 2186 780 2212 τοῦ
796 2186 875 2222 βεϐοη
881 2186 961 2222 μένου

174 2227 320 2264 ’Δόραάμ-
341 2228 413 2263 λέγει
428 2230 449 2256 δ’
468 2228 531 2256 οὖν·
553 2240 562 2255 ‹
577 2230 631 2256 Καὶ
651 2231 816 2266 Μελχισεδὲκ
836 2231 961 2267 βασιλεὺς

168 2273 286 2310 Σαλὴμ,
312 2275 400 2311 ἱερεὺς
429 2275 475 2302 τοῦ
500 2276 566 2302 Θεοῦ
601 2276 730 2311 ὑψίστου,
759 2277 888 2313 εὐλόγησε
915 2279 959 2305 τὸν

1030 999 1090 1019 sum
1101 992 1133 1018 “.
1148 1001 1157 1017 ι
1169 990 1289 1018 Primum
1306 990 1387 1025 igitur
1399 990 1451 1017 hoc
1462 995 1602 1018 teneatur:
1619 991 1727 1024 Isaiam,
1744 993 1817 1020 sicut

1029 1036 1127 1069 David,
1144 1043 1224 1072 quem
1243 1039 1387 1063 venturum
1402 1036 1502 1063 dixerit
1514 1037 1547 1064 ad
1563 1037 1697 1071 homines,
1709 1043 1736 1065 et
1750 1047 1813 1074 prte-

1033 1082 1188 1110 dicaturum
1208 1083 1325 1118 captivis
1345 1082 1546 1114 remissionem,
1567 1090 1599 1110 ac
1617 1084 1696 1111 cmcis
1716 1085 1816 1116 visum,

1028 1128 1102 1155 hunc
1119 1135 1174 1154 non
1194 1131 1354 1162 comparato
1374 1132 1523 1161 unguento,
1539 1128 1585 1155 sed
1602 1135 1635 1155 eo
1649 1129 1722 1163 quod
1739 1130 1816 1165 iugc-

1027 1173 1091 1201 nitaa
1103 1178 1277 1208 paternaeque
1291 1177 1374 1207 atque
1388 1173 1461 1200 omni
1476 1172 1597 1200 bonitate
1613 1172 1720 1203 referta!
1729 1174 1817 1201 virtu-

1027 1220 1061 1246 tis
1073 1220 1109 1247 sit
1123 1220 1274 1254 proprium,
1287 1219 1425 1246 Christum
1441 1218 1589 1250 exstitisse,
1602 1219 1758 1246 vaticinari.
1777 1219 1816 1247 Ex

1026 1265 1145 1300 quadam
1162 1274 1227 1293 vero
1241 1265 1401 1300 prophetica
1423 1265 1634 1296 consuetudine,
1654 1266 1726 1300 quod
1743 1266 1815 1292 futu-

1025 1319 1086 1337 rum
1101 1315 1154 1343 est,
1180 1311 1313 1346 propheta
1334 1310 1414 1345 quasi
1436 1311 1603 1344 praeteritum
1627 1311 1763 1343 enuntiat,
1788 1317 1815 1339 et

1025 1362 1154 1392 tanquam
1171 1358 1204 1385 de
1218 1358 1308 1392 seipso
1322 1358 1488 1385 vaticinante
1505 1358 1652 1393 significat.
1676 1358 1814 1387 Hactenus

1024 1403 1117 1438 igitur,
1131 1411 1179 1430 eos
1199 1403 1246 1437 qui
1266 1402 1301 1430 ab
1320 1402 1380 1437 ipso
1401 1403 1456 1430 Deo
1472 1408 1499 1430 et
1516 1411 1570 1430 non
1587 1403 1621 1431 ab
1643 1403 1811 1436 hominibus,

1023 1453 1049 1475 et
1069 1449 1166 1484 spiritu
1183 1448 1287 1481 divino,
1305 1457 1359 1476 non
1370 1449 1496 1477 conlecto
1517 1450 1577 1476 oleo
1593 1454 1772 1485 ungerentur,
1785 1459 1814 1478 re

1023 1504 1086 1523 vera
1103 1495 1223 1524 christos
1238 1496 1372 1523 nominari
1390 1496 1549 1525 didicimus.
1566 1496 1618 1523 Sed
1632 1497 1688 1531 jam
1706 1501 1814 1532 tempus

1022 1546 1061 1569 est
1089 1547 1118 1569 ut
1139 1542 1300 1573 videamus,
1323 1542 1555 1576 quemadmodum
1583 1542 1675 1570 divina
1696 1544 1813 1578 quadam

1022 1589 1132 1621 virtute,
1150 1593 1177 1616 et
1197 1589 1387 1623 przestantiore
1403 1596 1484 1623 quam
1499 1593 1597 1616 natura
1612 1589 1732 1616 hominis
1750 1589 1812 1621 fert.

1021 1642 1115 1662 verum
1131 1633 1177 1661 Dei
1196 1634 1336 1662 Christum
1358 1635 1502 1667 exsistere,
1520 1634 1655 1662 llebraica
1674 1636 1744 1661 ratio
1764 1636 1813 1662 do-

1021 1685 1090 1708 ceat.
1108 1680 1179 1707 Audi
1194 1688 1260 1714 ergo
1272 1687 1371 1707 rursus
1386 1679 1483 1711 David,
1497 1679 1544 1714 qui
1563 1685 1696 1707 aeternum
1714 1688 1811 1716 quem-

1020 1727 1081 1753 dam
1100 1726 1272 1754 sacerdotem
1297 1726 1400 1754 vidisse
1422 1733 1451 1754 se
1472 1726 1523 1759 ait,
1544 1731 1626 1761 atque
1635 1727 1707 1754 hunc
1719 1727 1811 1754 Domi-

1019 1780 1083 1799 num
1112 1780 1190 1800 suum
1216 1773 1345 1807 appellat,
1363 1777 1390 1799 et
1405 1772 1503 1800 sedere
1527 1773 1652 1800 eumdem
1675 1781 1737 1800 cum
1756 1773 1811 1800 Deo

1018 1817 1099 1844 Patre
1112 1817 1268 1848 conﬁtetur,
1281 1818 1308 1844 in
1328 1818 1434 1852 psalmo
1446 1826 1502 1850 (ης,
1519 1818 1565 1845 ubi
1587 1818 1626 1846 sic
1643 1819 1711 1845 ait"
1725 1828 1731 1845 :
1743 1829 1753 1845 t
1766 1818 1810 1845 Di-

1019 1864 1059 1890 xit
1081 1863 1214 1890 Dominus
1238 1863 1354 1890 Domino
1369 1871 1430 1891 meo
1448 1873 1454 1890 :
1476 1863 1545 1891 Sede
1568 1871 1583 1890 a
1606 1864 1709 1892 dextris
1730 1866 1809 1895 meis,

1017 1909 1105 1937 donec
1126 1917 1225 1944 ponam
1241 1910 1369 1939 inimicos
1387 1913 1450 1937 tuos
1471 1910 1622 1937 scabellum
1632 1911 1733 1946 pedum
1748 1915 1809 1939 tuo-

1018 1963 1088 1982 rum.
1107 1955 1216 1990 Virgaui
1235 1955 1344 1982 virtutis
1358 1955 1465 1982 emittet
1478 1955 1526 1983 tibi
1541 1955 1673 1983 Dominus
1682 1964 1713 1983 ex
1730 1956 1807 1989 Sion.

1016 2006 1042 2030 et
1052 2002 1236 2029 dominaberis
1247 2003 1274 2029 in
1284 2002 1373 2029 medio
1390 2002 1564 2029 inimicorum
1577 2007 1700 2036 tuorum;
1718 2008 1807 2031 tecum

1016 2048 1180 2082 principium
1196 2048 1224 2075 in
1241 2048 1285 2076 die
1295 2048 1404 2075 virtutis
1422 2051 1484 2080 tum,
1499 2048 1524 2074 in
1538 2048 1731 2083 splendoribus
1743 2058 1806 2077 san-

1015 2097 1122 2121 ctorum
1133 2098 1254 2126 tuorum,
1273 2102 1306 2121 ex
1325 2099 1402 2121 utero
1415 2098 1479 2121 aute
1494 2094 1651 2122 Luciferum
1665 2096 1745 2130 genui
1760 2101 1785 2124 te
1799 2105 1807 2124 :

1011 2139 1115 2174 juravit
1128 2140 1270 2171 Dominus,
1283 2145 1310 2167 et
1326 2148 1380 2167 non
1398 2140 1542 2174 pmnitebit
1558 2150 1564 2167 :
1584 2143 1614 2167 tu
1629 2149 1659 2169 es
1677 2142 1808 2170 sacerdos

1014 2186 1041 2213 in
1063 2192 1196 2214 aeternum
1216 2187 1367 2214 secundutn
1387 2186 1510 2214 ordinem
1532 2186 1723 2215 Melchisedec.
1748 2199 1757 2214 ι
1774 2188 1807 2216 Et

1013 2240 1079 2260 sane
1101 2233 1206 2267 inspice
1229 2232 1460 2268 quemadmodum
1481 2233 1508 2259 in
1530 2233 1573 2261 his
1590 2234 1683 2262 verbis
1705 2234 1803 2262 David.

1012 2278 1060 2313 qui
1082 2278 1167 2306 totius
1186 2278 1330 2305 Hebraicte
1345 2278 1434 2313 gentis
1450 2285 1497 2305 rex
1516 2283 1586 2311 erat,
1604 2283 1631 2306 et
1646 2284 1745 2314 prater
1761 2288 1804 2307 re—

174 2319 322 2356 ‘Aﬁpadp.’
338 2331 348 2346 ›
373 2321 457 2357 χωρὶς
480 2322 508 2348 δὲ
536 2323 625 2358 πάσης
654 2323 821 2358 ἀντιλογίας,
846 2326 927 2360 φησὶν
949 2327 963 2352 ὁ

1021 2324 1102 2358 galem
1128 2323 1288 2359 dignitatem
1321 2325 1403 2351 etiam
1433 2325 1525 2352 divino
1549 2325 1654 2361 Spiritu
1678 2331 1802 2357 ornatus.

172 2365 346 2399 ’Δπύστολος,
364 2367 395 2394 τὸ
406 2367 515 2394 ἔλαττον
528 2367 580 2394 ὑπὸ
600 2367 646 2394 τοῦ
668 2368 820 2404 κρείττονος
840 2369 959 2404 εὐλογεῖ-

165 2420 230 2438 ται·
245 2411 309 2438 ἐπεὶ
327 2412 415 2438 τοίνυν
439 2413 485 2438 καὶ
504 2413 519 2438 ὁ
541 2413 725 2449 Μελχισεδὲκ,
749 2414 824 2447 ὅστις
845 2416 909 2442 ποτε
925 2414 959 2451 ἦν

164 2460 283 2492 ἐκεῖνος,
293 2458 414 2490 τοιοῦτος
425 2460 559 2495 εἰσῆκται,
571 2461 601 2487 οὑ
618 2462 757 2497 σκευαστῴ
774 2463 852 2498 μύρῳ
867 2472 959 2500 κεχρι-

165 2505 279 2541 σμένος,
296 2505 442 2541 ἱερωμένος
455 2506 483 2533 δὲ
493 2507 534 2542 τῷ
551 2507 656 2542 ὑψίστῳ
670 2507 739 2544 Θεῷ,
755 2509 866 2540 εἰκότως
882 2511 928 2536 καὶ
944 2512 958 2537 ὁ

163 2551 212 2578 διὰ
223 2549 272 2577 τοῦ
288 2551 369 2577 Δασὶδ
380 2551 618 2587 προφητευόμενος
630 2552 699 2579 κατὰ
712 2553 760 2588 τὴν
770 2553 845 2586 τάξιν
860 2555 958 2590 Μελχι-

165 2597 247 2624 σεδὲκ
259 2597 400 2634 ἀνείρηται
415 2598 501 2633 μέγας
515 2607 558 2630 τις
570 2597 607 2625 ὢν
623 2599 670 2625 καὶ
684 2600 788 2631 πάντας
802 2601 956 2636 ὑπερ6ε6η‹

166 2643 224 2676 κὼς
239 2644 289 2680 τὴν
313 2645 409 2679 φύσιν,
425 2645 464 2677 ὡς
486 2645 518 2672 ἂν
544 2645 632 2680 ῑερεὺς
655 2645 692 2672 ὦν
707 2646 754 2673 τοῦ
778 2647 823 2673 ἐπὶ
849 2648 957 2674 πάντων

164 2690 246 2723 Θεοῦ,
260 2691 307 2718 καὶ
323 2692 372 2726 τῆς
386 2692 534 2727 ἀγεννήτου
547 2691 687 2727 δυνάμεως
704 2693 857 2729 σύνθρονος,
869 2694 915 2720 τοῦ
927 2703 955 2720 τε

165 2737 305 2774 προφήτου
335 2738 382 2764 καὶ
414 2738 545 2773 βασιλέως
566 2738 685 2773 Κύριος·
712 2739 758 2765 καὶ
789 2740 879 2774 ἱερεὺς
907 2740 956 2775 οὐχ

163 2783 272 2816 ἁπλῶς,
291 2783 351 2810 ἀλλ’
372 2785 486 2816 αἰωνίως
510 2785 556 2811 τοῦ
583 2784 699 2820 Πατρός.
718 2784 799 2819 Λέγει
820 2786 848 2812 δὲ
872 2787 918 2813 καὶ
943 2788 957 2813 ὁ

164 2829 234 2862 θεῖος
247 2829 548 2862 ἀπόστολος,ὲξετάζων
562 2830 595 2857 τὰ
608 2831 677 2857 κατὰ
685 2831 747 2863 τοὺς
760 2832 858 2864 τόπους
867 2841 874 2848 ι
891 2843 899 2858 ι
911 2833 957 2859 Ἐν

197 2878 221 2893 ³³
245 2878 299 2906 lsa.
316 2886 372 2909 LXI.
388 2879 413 2905 l.
452 2879 475 2894 η
490 2879 566 2906 Vers.
581 2880 633 2906 i-t.

199 2924 253 2959 (η’
267 2925 439 2957 Αγθρωπον.
454 2922 534 2950 Forte
551 2924 758 2959 ἀνθρώπων,γοι
771 2924 948 2960 ἀνθρώπειον,
962 2931 969 2950 t

1021 2925 1087 2950 aulo
1102 2923 1185 2951 infra.
1204 2923 1282 2951 Eutr.

324 2970 461 3001 Ρηιιοι.
484 2970 542 3001 Gn.
565 2971 667 3002 XXII.

1014 2371 1154 2406 agnoverit
1177 2370 1321 2405 quemdam
1348 2371 1384 2397 ita
1408 2379 1548 2407 magnum,
1570 2375 1652 2406 atque
1670 2372 1708 2399 ita
1721 2380 1804 2408 supra

1013 2418 1124 2444 modum
1141 2417 1411 2450 admirabilem,eum
1422 2418 1514 2452 utique
1525 2417 1558 2444 de
1572 2425 1627 2452 quo
1642 2417 1699 2452 ipse
1714 2417 1803 2453 loqui-

1014 2467 1069 2495 tur,
1086 2467 1112 2490 et
1124 2470 1204 2498 quem
1224 2463 1251 2490 iu
1266 2463 1364 2497 spiritu
1380 2462 1496 2495 viderat,
1512 2467 1542 2490 ut
1560 2462 1704 2489 Dominum
1727 2463 1802 2490 illum

1012 2516 1091 2536 suum
1114 2509 1240 2543 appellet.
1256 2518 1265 2533 ί
1289 2508 1363 2535 Dixit
1388 2518 1398 2533 ι
1423 2509 1513 2541 enim,
1535 2509 1641 2544 inquit,
1658 2518 1667 2534 ε
1686 2509 1804 2537 Domino

1011 2562 1081 2582 meo.
1097 2564 1107 2580 ι
1119 2555 1190 2587 Quin
1201 2555 1281 2582 etiam
1293 2555 1449 2589 pontiﬁcem
1469 2560 1598 2582 aeternum
1617 2555 1742 2583 eumdem
1760 2556 1787 2583 in
1802 2574 1803 2577 η

1011 2602 1116 2637 telligit,
1133 2605 1160 2628 et
1174 2602 1343 2629 sacerdotem
1358 2601 1405 2629 Dei
1423 2601 1560 2633 altissimi,
1573 2605 1599 2628 et
1610 2609 1805 2630 consessorem

1012 2647 1058 2674 Dei
1076 2647 1165 2674 Patris
1181 2652 1208 2675 et
1222 2648 1326 2682 prolem
1345 2648 1478 2683 ejusdem.
1496 2647 1579 2683 Atqui
1596 2648 1656 2675 sine
1672 2648 1802 2676 unctione

1012 2693 1070 2720 ﬁeri
1085 2694 1215 2721 sacerdos
1237 2694 1282 2721 Dei
1300 2694 1371 2729 apud
1386 2694 1518 2722 llebrzeos
1530 2702 1611 2721 nemo
1624 2702 1739 2729 prorsus
1754 2703 1801 2729 pm

1010 2743 1096 2772 terat;
1113 2740 1242 2774 quocirca
1256 2740 1318 2767 illos
1329 2748 1424 2768 omnes
1432 2740 1573 2767 nominare
1584 2740 1704 2768 cliristos
1719 2740 1795 2767 iideu:

1011 2787 1127 2814 libenter
1158 2791 1362 2814 consueverunt
1387 2795 1392 2812 :
1417 2786 1544 2814 Christus
1575 2794 1640 2822 ergo
1669 2785 1750 2813 etiam
1777 2786 1801 2812 is

1010 2833 1104 2867 utique
1137 2833 1171 2860 de
1198 2841 1252 2868 quo
1276 2833 1397 2868 loquitur
1426 2833 1549 2868 psalmus
1582 2831 1712 2860 sacerdos
1735 2831 1798 2857 erit.

1602 2970 1640 3001 10
