2084 3216
290 179 344 206 299
562 159 566 165 ι
630 178 765 205 EUSEBII
784 177 1026 205 CAESARIENSS
1048 177 1122 204 OPP.
1141 177 1242 205 PARS.
1259 177 1333 204 ll.-—
1354 177 1605 207 APOLOGETHIA.
1872 182 1920 209 300

293 234 374 272 177
390 237 532 270 Quomodo
550 237 622 263 cnim
642 237 801 264 testimonio
823 236 964 271 propheta:
990 244 1082 263 sacer-
1097 248 1116 275 Α

1097 233 1155 275 Αῷ
1180 237 1371 273 περισσότερον
1402 237 1562 273 βουλόμενος
1578 238 1593 264 ὁ
1613 237 1679 269 Θεὸς
1707 238 1839 270 ἐπιδεῖξαι
1867 241 1919 272 τοῖς

291 282 343 311 dus
360 290 420 310 esse
437 283 585 314 diceretur,
603 282 655 309 nisi
673 283 743 309 idem
765 282 842 318 prius
859 282 987 310 Christus
999 282 1082 309 exsti-

1133 283 1311 320 κληρονόμοις
1326 284 1357 311 τὸ
1369 284 1535 320 ἀμετάθετον
1552 285 1601 320 τῆς
1617 284 1712 319 βουλῆς
1722 285 1816 316 αὐτοῦ,
1832 285 1919 320 ἐμεσί-

290 328 392 357 lisset?
410 328 462 356 Sed
477 329 558 356 etiam
573 328 600 354 in
615 332 747 355 aeternum
773 328 902 355 sacerdos
926 335 989 355 esse
1012 328 1082 355 diei-

1133 338 1228 356 τευσεν
1240 330 1324 365 ὅρκῳ,
1336 330 1378 356 ἵνα
1394 330 1438 357 διὰ
1447 330 1494 357 δύο
1510 327 1681 366 πραγμάτων
1695 330 1880 365 ἀμεταθέτων,
1892 331 1918 357 ἐν

293 380 349 404 tur.
363 375 449 403 Porro
464 375 517 402 hoc
531 375 649 410 amplius
662 378 767 401 natura:
784 374 911 401 humanae
927 381 1082 402 accommo-

1132 373 1172 408 οἷς
1191 375 1319 403 ἀδύνατον
1345 376 1495 411 ψεύσασθαι
1515 377 1597 408 Θεὸν,
1622 376 1734 412 ἰσχυρὰν
1751 376 1918 412 παράκλησιν

292 421 352 449 dari
375 428 428 448 non
451 423 541 456 potest
565 429 572 447 :
603 427 692 454 neque
713 419 786 447 enim
809 419 928 447 hominis
948 423 1080 446 aeternum

1132 423 1255 459 ἔχωμεν·
1278 434 1287 450 ›
1305 425 1352 450 καὶ
1371 424 1451 450 πάλιν
1463 433 1469 439 ·
1486 434 1494 449 ι
1507 425 1538 451 Οἱ
1564 424 1613 459 μὲν
1638 424 1723 459 χωρὶς
1751 423 1919 459 ὁρκωμοσίας

292 467 404 499 durare,
420 466 550 501 quoniam
566 465 683 492 mortale
696 469 724 493 et
747 464 843 500 fragile
861 465 941 500 plane
956 468 1080 493 nostrum

1133 470 1201 497 εἰσὶν
1220 471 1303 506 ἱερεῖς
1323 470 1482 505 γεγονότες,
1498 471 1512 496 ὁ
1535 469 1563 496 δὲ
1581 471 1627 496 καὶ
1645 469 1714 505 μετὰ
1731 469 1916 505 ὁρκωμοσίας,

291 518 334 542 est
349 519 446 548 gemis.
464 512 648 539 Excellentior
664 519 731 546 ergo
744 511 879 546 quispiam
897 519 979 546 quam
995 515 1026 538 ut
1043 511 1082 538 in-

1132 516 1177 543 διὰ
1208 516 1255 543 τοῦ
1276 516 1401 550 λέγοντος
1420 516 1488 552 πρὸς
1510 516 1607 543 αὐτόν·
1623 516 1724 551 Ὤμοσε
1748 515 1860 551 Κύριος,
1876 515 1918 542 καὶ

291 564 334 586 tra
352 558 471 586 hominis
487 562 613 584 naturam
629 558 766 584 consistat
780 557 815 589 is,
829 556 874 591 qui
889 557 915 583 iu
930 556 973 584 his
988 556 1081 584 verbis

1131 561 1161 588 οὐ
1180 561 1446 597 μεταμεληθήσεται,
1467 562 1503 589 Σὺ
1525 561 1613 597 ἱερεὺς
1629 562 1669 593 εἰς
1684 561 1730 587 τὸν
1750 561 1836 587 αἰῶνα
1853 559 1919 587 κατὰ

291 605 474 640 signiﬁcatur,
501 604 548 631 Dei
574 603 705 631 sacerdos
729 605 792 635 erit,
813 603 860 638 qui
877 610 940 630 cum
966 603 1081 637 jurisju-

1131 607 1180 644 τὴν
1192 607 1268 641 τάξιν
1285 609 1463 644 Μελχισεδέκ.
1478 609 1535 636 Καὶ
1553 609 1578 635 οἱ
1596 608 1645 644 μὲν
1661 607 1782 639 πλείονές
1803 608 1857 634 εἰσι
1874 615 1918 641 γε-

290 652 369 679 raudi
385 651 576 681 affirmatione,
598 654 731 685 perpetuo
745 649 909 677 duraturum
924 654 1006 684 atque
1019 649 1081 676 iulio

1131 654 1240 688 γονότες
1265 656 1346 690 ἱερεῖς
1365 655 1409 682 διὰ
1435 655 1466 681 τὸ
1491 654 1597 690 Θανάτῳ
1621 653 1773 681 κωλύεσθαι
1795 652 1918 688 παραμέ-

289 697 376 723 nitum
387 695 568 722 sacerdotium
578 702 593 721 a
606 694 660 721 Deo
672 694 816 729 acceperit.
829 703 838 720 ι
853 694 958 721 Iuravit
973 705 981 720 ο
995 694 1079 726 enim,

1132 708 1201 726 νειν·
1215 701 1229 727 ὀ
1245 700 1284 732 δὲ,
1302 700 1346 727 διὰ
1362 700 1392 727 τὸ
1413 701 1503 736 μένειν
1520 700 1602 727 αὑτὸν
1623 701 1662 732 εἰς
1682 700 1727 726 τὸν
1744 699 1840 731 αίῶνα,
1853 699 1919 725 ἁπα-

289 743 390 778 inquit,
403 751 411 767 ι
427 742 570 774 Dominus,
587 745 615 768 et
631 748 686 767 non
702 741 845 775 pmnitebit
857 749 918 768 eum
929 745 975 768 :"tu
991 749 1022 768 es
1037 749 1081 768 sa-

1133 746 1248 781 ράϐατον
1261 746 1317 782 ἔχει
1334 747 1383 782 τὴν
1403 746 1568 783 ἱερωσύνην·
1584 746 1645 772 ὅθεν
1661 746 1707 772 καὶ
1722 744 1818 777 σώζειν
1840 744 1879 776 είς
1892 744 1918 771 τὸ

288 789 388 817 cerdos
404 789 431 816 in
457 792 589 815 atternum
612 787 763 814 secundum
791 787 914 814 ordinem
937 788 1081 815 Melchise-

1131 791 1262 823 παντελὲς
1278 792 1388 819 δύναται
1402 793 1465 824 τοὺς
1489 792 1724 829 προσερχομένους
1740 792 1773 819 δι’
1788 791 1869 818 αὐτοῦ
1882 791 1918 826 τῷ

287 835 364 863 dec.:
384 845 393 861 ι
412 834 543 870 quoniam
561 834 633 861 enim
650 832 832 861 Melchisedec
846 834 936 862 Moses
951 834 1080 862 sacerdo-

1131 836 1200 872 Θεῷ,
1217 838 1331 864 πάντοτε
1351 837 1405 870 ζῶν
1422 839 1461 870 εἰς
1480 838 1510 865 τὸ
1524 839 1697 873 ἐντυγχάνειν
1714 839 1784 874 ὑπὲρ
1797 837 1916 865 αὐτῶν.ι

287 886 342 908 tem
363 880 411 908 Dei
433 880 559 907 altissimi
584 879 669 908 fuisse
686 880 838 909 conscribit
850 880 885 913 ",
903 881 978 908 nullo
995 880 1081 908 artifi-

1131 882 1180 908 Διὰ
1196 883 1297 910 τούτων
1315 885 1428 920 συνέστη
1448 884 1496 920 μὲν
1508 882 1579 911 οὖσά
1600 892 1642 916 τις
1662 886 1691 911 ἐν
1713 886 1768 916 τοῖς
1781 882 1851 916 οὖσι,
1875 883 1921 911 καὶ

286 927 365 955 cioso
385 931 525 961 unguento
547 927 701 958 inunetum,
725 931 752 954 et
766 927 850 954 multo
869 929 932 954 ante
954 927 1028 962 leges
1045 926 1080 954 ab
1096 929 1109 956 Ε

1096 929 1117 956 Β
1130 929 1275 963 ὐςρεστῶσα
1290 930 1318 956 ἐν
1345 932 1450 966 νοητοῖς
1473 930 1533 958 θεία
1550 931 1681 966 δύναμις,
1699 932 1715 966 ή
1739 930 1778 966 τῷ
1792 929 1852 966 Θεῷ
1868 930 1919 958 τῶν

287 973 348 1008 ipso
369 973 487 1008 scriptas
499 981 532 1000 eo
548 980 662 1000 munere
679 972 816 1005 functum,
835 980 868 1000 ac
880 973 983 1000 virtute
999 973 1078 1008 longe

1129 974 1196 1001 ὅλων
1222 975 1369 1012 ἱερωμένη,
1385 976 1456 1003 κατὰ
1471 977 1505 1004 τὰ
1525 977 1657 1013 Ἐϐραίων
1676 977 1763 1012 λόγια,
1780 978 1809 1004 οὐ
1826 977 1920 1012 γεώδει

286 1020 507 1055 praestantiorem
537 1019 584 1046 illo
611 1023 666 1046 tam
693 1019 840 1047 decantata
864 1019 1002 1046 Abraham
1027 1020 1078 1053 (sic

1129 1021 1176 1048 καὶ
1191 1021 1355 1058 ἀνθρωπίνῳ
1376 1023 1469 1059 μύρῳ,
1487 1022 1635 1058 θεοπρεπεῖ
1651 1024 1679 1049 δέ
1703 1032 1756 1050 τινι
1776 1024 1823 1050 καὶ¹
1838 1023 1919 1058 ὲνθέῳ

286 1066 358 1093 enim
375 1066 422 1096 ait.
439 1075 448 1091 ι
466 1070 493 1093 et
506 1065 687 1093 Melehisedec
703 1074 750 1093 rex
767 1064 869 1098 Salem,
883 1067 1015 1094 sacerdos
1031 1066 1079 1094 Dei

1129 1067 1214 1104 ἀρετῇ
1230 1077 1258 1094 τε
1281 1069 1329 1095 καὶ
1344 1069 1457 1104 δυνάμει
1477 1069 1601 1105 ἱερᾶσθαι
1616 1069 1804 1105 καθεσταμένη
1821 1069 1861 1105 τῷ
1875 1069 1921 1096 ἐπὶ

287 1111 415 1140 altissimi
439 1111 580 1139 benedixit
596 1111 734 1138 Abraham
757 1112 805 1140 ’δε
834 1121 844 1138 ι
868 1112 1002 1147 planeque
1019 1112 1079 1140 sine

1129 1114 1237 1142 πάντων
1254 1114 1322 1150 Θεῷ.
1351 1115 1378 1141 '0
1401 1115 1466 1150 γοῦν
1482 1115 1526 1142 διὰ
1549 1115 1597 1142 τοῦ
1621 1115 1728 1151 ψαλμοῦ
1754 1116 1921 1152 προφητευό-

286 1159 361 1186 omni
378 1159 578 1190 controversia,
594 1159 745 1194 Apostolus
760 1159 798 1185 ait
814 1159 846 1191 "’,
870 1159 941 1193 quod
962 1158 1079 1187 inferius

1132 1169 1211 1195 μενος
1226 1161 1349 1197 παρέστη
1374 1161 1504 1198 ἄντικρυς
1519 1161 1611 1197 ίερεύς
1624 1170 1666 1194 τις
1686 1161 1723 1188 ὢν
1744 1161 1851 1194 αἰώνιος
1875 1162 1920 1188 καὶ

287 1205 324 1233 sit
338 1213 353 1232 a
368 1205 511 1240 superiore
527 1204 663 1241 benedici)
681 1214 687 1231 :
707 1205 835 1240 quoniam
852 1204 936 1240 igitur
950 1204 995 1232 hic
1016 1205 1079 1232 Mel-

1129 1207 1186 1238 υίδς
1204 1206 1315 1242 ὑψίστου
1337 1207 1422 1240 Θεοῦ,
1440 1208 1478 1240 ὡς
1502 1208 1535 1234 ἂν
1558 1207 1603 1234 ὑπ’
1627 1207 1709 1234 αὑτοῦ
1733 1207 1780 1234 τοῦ
1809 1208 1919 1242 ὑψίστου

287 1251 424 1282 chisedec.
441 1251 599 1286 quicunque
615 1251 660 1278 ille
679 1250 771 1283 fuerit,
785 1251 822 1278 ita
840 1250 970 1278 inductus
981 1255 1032 1282 est,
1049 1255 1078 1278 ut

1129 1252 1196 1279 Θεοῦ
1213 1253 1406 1289 γεγενημένος,
1424 1254 1471 1280 καὶ
1489 1253 1632 1291 σύνθρονος
1649 1254 1698 1289 τῆς
1721 1253 1859 1289 βασιλείας
1872 1254 1920 1280 αύ-

286 1298 364 1325 nullo
384 1297 535 1325 artiﬁcioso
549 1301 689 1332 unguento
711 1301 811 1325 unctus
832 1297 1012 1332 intelligatur,
1029 1297 1076 1325 sed

1128 1297 1186 1323 τοῦ.
1200 1298 1338 1325 Δέδεικται
1353 1298 1381 1324 δὲ
1396 1299 1444 1325 καὶ
1460 1299 1474 1325 ὁ
1489 1298 1534 1326 διὰ
1550 1298 1597 1325 τοῦ
1613 1298 1725 1325 Ἡσαΐου
1741 1299 1858 1335 Χριστὸς
1872 1298 1920 1334 οὐχ

287 1344 423 1372 altissimo
437 1344 493 1372 Deo
506 1348 698 1375 consecratus,
711 1344 810 1371 merito
825 1344 907 1370 etiam
924 1343 946 1370 is
971 1343 1004 1370 de
1024 1350 1078 1378 quo

1129 1343 1175 1369 ὑπ’
1192 1343 1342 1379 ἀνθρώπων
1364 1344 1494 1378 γεγονὼς,
1507 1344 1564 1371 ἀλλ’
1586 1345 1633 1371 ὑπ’
1647 1344 1729 1371 αὐτοῦ
1749 1344 1856 1381 Πατρδς
1874 1344 1920 1372 καὶ

284 1391 453 1420 vaticinatur
468 1390 564 1421 David,
584 1399 593 1414 ι
611 1389 763 1416 secundum
786 1389 911 1416 ordinem
934 1388 1078 1416 Melchise-

1128 1389 1173 1417 διὰ
1189 1389 1235 1416 τοῦ
1251 1389 1343 1416 ἐνθέου
1360 1390 1521 1425 ΙΙνεύματος
1532 1391 1723 1426 κεχρισμένος,
1734 1390 1879 1427 λυτρωτής
1891 1398 1919 1417 τε

286 1437 346 1468 dec,
366 1446 375 1462 ι
395 1444 511 1472 magnus
526 1436 637 1471 quidam
652 1443 724 1467 esse,
740 1439 767 1462 et
782 1439 879 1462 natura
893 1434 1022 1462 omnibus
1035 1443 1078 1462 su-

1128 1436 1334 1471 ἀπεσταλμένος
1347 1436 1396 1470 τῆς
1410 1436 1464 1463 τῶν
1475 1436 1627 1472 ἀνθρώπων
1641 1437 1837 1472 αἰχμαλωσίας.
1855 1437 1919 1464 Τοῦ-

285 1485 379 1520 perior
393 1484 505 1514 dicitur.
519 1486 612 1518 utpote
634 1483 680 1517 qui
701 1486 728 1510 et
752 1482 873 1517 supremi
890 1481 937 1509 Dei
949 1481 1077 1510 sacerdos

1128 1491 1174 1509 τον
1198 1482 1229 1518 δὴ
1253 1480 1300 1509 οὖν
1319 1482 1456 1517 πνεύματι
1491 1481 1557 1518 θείῳ
1582 1483 1746 1518 τεθεαμένος
1770 1484 1784 1509 ὁ
1808 1484 1918 1519 Μωσῆς,

286 1530 415 1557 increatae
435 1529 581 1565 potestatis
594 1536 753 1560 cousessor,
779 1532 807 1556 et
830 1528 918 1563 ipsius
940 1528 1078 1564 propheta:

1128 1529 1236 1560 εἰκόνας
1257 1529 1305 1555 καὶ
1325 1528 1446 1564 σύμϐολα
1470 1528 1507 1560 ὡς
1528 1529 1557 1555 ὲν
1581 1528 1735 1565 ἀνθρώποις
1752 1529 1835 1555 αὐτοῦ
1852 1529 1918 1556 καθ-

285 1583 318 1604 ac
337 1577 410 1612 regis
423 1575 557 1603 Dominus
574 1578 601 1602 et
620 1575 760 1606 sacerdos,
774 1581 828 1601 non
843 1575 1016 1610 simpliciter,
1029 1575 1075 1603 sed
1093 1603 1108 1612 Α

1097 1603 1112 1612 η
1131 1575 1202 1611 ίστη,
1219 1574 1361 1610 σκευαστῷ
1376 1574 1453 1610 μύρῳ
1469 1574 1539 1606 τέως
1550 1574 1611 1601 ἀντὶ
1621 1573 1668 1601 τοῦ
1679 1574 1751 1601 θείου
1764 1574 1920 1609 Πνεύματος

286 1623 316 1652 in
331 1603 465 1650 πήξει-παπ)
483 1622 519 1649 sit
528 1621 631 1649 Patris.
645 1619 716 1648 Dicit
731 1624 823 1648 autem
846 1619 956 1648 divinus
968 1629 1076 1656 quoque
1091 1603 1109 1634 Ε

1097 1603 1113 1634 Ε
1129 1621 1173 1648 τὸν
1185 1603 1216 1647 έν
1234 1603 1387 1656 ἀνθρώποις
1409 1603 1583 1656 ίτροηγμένον
1613 1621 1687 1657 ἱερέα
1711 1620 1795 1657 χρίων
1817 1603 1848 1647 τὲ

286 1670 440 1705 apostolus.
466 1668 613 1704 explorans
630 1675 661 1695 ea
685 1675 745 1702 quae
768 1668 802 1695 ad
824 1667 874 1695 hos
897 1668 972 1696 locos
993 1668 1077 1703 perti-

1127 1667 1257 1702 ἀλείφων,
1274 1666 1392 1702 Χριστόν
1404 1675 1433 1693 τε
1449 1667 1530 1693 αὐτὸν
1550 1667 1598 1694 καὶ
1614 1667 1779 1703 ἠλειμμένον
1794 1669 1835 1699 είς
1854 1668 1919 1694 ἀνα-

287 1718 364 1743 nent.
376 1724 385 1740 ι
397 1715 426 1741 ln
442 1722 507 1749 quo,
520 1714 620 1749 inquit,
635 1713 822 1741 abundantius
840 1713 934 1741 volens
946 1713 1017 1742 Deus
1030 1721 1076 1742 os<

1128 1713 1213 1749 φορὰν
1228 1713 1274 1739 τοῦ
1295 1713 1413 1749 ἀληθοῦς
1429 1714 1584 1740 ἀποκαλῶν.
1603 1715 1665 1741 Ὅτι
1685 1715 1713 1741 δὲ
1728 1714 1815 1741 ταῦτα
1834 1714 1920 1746 οὕτως

283 1761 396 1789 tendere
409 1760 566 1788 hmrcdibus
587 1760 805 1787 inunobililatem
830 1760 940 1788 consilii
961 1760 1015 1793 sui,
1034 1760 1077 1787 iu-

1127 1759 1200 1795 ἔχει,
1221 1759 1263 1792 τίς
1281 1760 1314 1786 ἂν
1328 1759 1433 1794 γένοιτο
1451 1759 1556 1796 μάρτυς
1570 1760 1653 1787 αὑτοῦ
1682 1760 1804 1792 Μωσέως
1820 1760 1920 1796 μᾶλλον

283 1808 418 1844 tcrposuit
431 1807 636 1843 jusjurandum,
655 1812 686 1834 ut
702 1815 750 1842 per
763 1807 832 1834 duas
849 1815 892 1834 res
910 1807 1074 1839 immobiles,

1127 1805 1292 1840 ὰξιόχρεως;
1316 1806 1359 1832 Ἐν
1374 1805 1429 1842 γὰρ
1442 1807 1476 1841 τῇ
1502 1805 1586 1833 αὐτοῦ
1609 1808 1701 1842 γραφῇ
1717 1806 1762 1833 τὸν
1787 1806 1921 1842 χρηματί-

285 1855 386 1890 quibus
404 1854 575 1890 impossibile
591 1860 632 1881 est
649 1853 761 1882 mentiri
777 1853 873 1886 Deum,
894 1853 1075 1881 fortissimum

1127 1850 1207 1883 ζοντα
1222 1850 1296 1887 αύτῷ
1312 1851 1378 1878 Θεὸν
1397 1852 1445 1878 καὶ
1461 1851 1563 1887 Κύριον
1583 1852 1732 1888 διαρρήδην
1747 1852 1919 1888 παρεκελεύ-

284 1900 412 1927 Solatium
428 1899 577 1926 habeamus
590 1899 612 1915 "
622 1907 629 1932 ;
639 1903 666 1926 et
677 1907 774 1927 rursus
786 1908 792 1926 :
806 1908 815 1924 ι
831 1899 884 1926 Alii
897 1899 1005 1934 quidem
1017 1899 1076 1927 sine

1128 1896 1225 1923 σασθαι
1241 1896 1315 1932 αὐτῷ
1326 1896 1457 1928 διδάσκει,
1473 1896 1544 1923 κατὰ
1560 1897 1609 1933 τὴν
1625 1897 1829 1933 ὑποδειχθεῖσαν
1844 1897 1920 1933 αὐτῷ

282 1945 464 1980 jurejurando
481 1944 638 1972 sacerdotes
663 1945 727 1972 facti
742 1946 817 1977 sunt,
838 1945 882 1972 hic
907 1948 997 1972 autem
1012 1953 1074 1972 cum

1127 1943 1226 1978 νοητὴν
1252 1943 1299 1970 καὶ
1327 1943 1452 1978 οὐράνιον
1476 1943 1560 1970 αὐτοῦ
1586 1939 1664 1975 σέαν,
1688 1944 1920 1980 σωματικωτέραν

281 1991 473 2026 jurejurando,
490 1998 538 2025 per
563 1999 625 2018 eum
642 1992 687 2027 qui
704 1991 772 2018 dixit
794 1990 827 2018 ad
855 1991 931 2017 illum
948 1989 1075 2018 :Juravit

1127 1989 1175 2016 ἐπὶ
1194 1989 1247 2024 γῆς
1269 1988 1455 2024 συστήσασθαι
1477 1988 1614 2024 λατρείαν,
1633 1989 1724 2016 εἰκόνα
1745 1989 1799 2016 τῶν
1815 1990 1920 2026 νοητῶν

284 2038 415 2066 Dominus
431 2041 457 2065 et
475 2045 530 2064 non
551 2038 694 2073 pcenilebit
711 2046 784 2068 eum.
801 2041 831 2064 tu
854 2045 884 2065 es
901 2037 1032 2065 sacerdos
1047 2039 1074 2065 in

1127 2036 1175 2063 καὶ
1191 2035 1344 2071 ἀσωμάτων
1361 2035 1549 2071 περιέχουσαν.
1559 2034 1676 2068 Λέγεται
1689 2034 1754 2069 γοῦν
1768 2034 1822 2061 τῶν
1837 2036 1866 2062 ἐν
1880 2034 1920 2071 τῷ

282 2089 426 2116 aeternum,
441 2083 592 2112 secundum
608 2084 732 2111 ordinem
759 2083 957 2116 Melchisedec;
984 2088 1012 2110 et
1028 2084 1074 2111 alii

1127 2079 1235 2115 οὐρανῷ
1250 2079 1373 2114 ἀγγέλων
1386 2079 1433 2105 καί
1449 2079 1527 2106 θείων
1537 2079 1678 2115 δυνάμεων
1688 2079 1819 2113 διάταξιν,
1833 2080 1919 2107 τύπον

282 2130 393 2165 quidem
410 2130 501 2165 plures
519 2129 583 2157 facti
600 2133 664 2157 sunt
679 2129 846 2161 sacerdotes,
873 2128 976 2156 idcirco
999 2129 1074 2164 quod

1126 2126 1187 2152 τινὰ
1206 2124 1423 2160 σκιογραφῆσαι,
1452 2125 1587 2160 φήσαντος
1610 2124 1684 2160 αὐτῷ
1706 2125 1754 2152 τοῦ
1773 2125 1917 2162 χρησμοῦ·

282 2180 370 2203 morte
398 2175 610 2211 prohiberentur
639 2181 799 2208 permanere
823 2182 829 2199 :
853 2172 898 2199 hic
930 2178 1020 2199 autem
1041 2180 1074 2200 eo

1129 2182 1138 2198 ι
1150 2173 1277 2207 Ποιήσεις
1294 2171 1382 2198 πάντα
1399 2170 1470 2197 κατὰ
1486 2171 1531 2197 τὸν
1549 2171 1634 2197 τύπον
1650 2172 1696 2197 τὸν
1712 2171 1851 2206 δειχθέντα
1876 2181 1919 2199 σοι

281 2221 355 2256 quod
378 2225 487 2248 maneat
502 2220 530 2247 in
558 2224 701 2251 aeternum,
718 2219 913 2253 sempiternum
930 2218 1013 2246 habet
1029 2226 1074 2246 sa-

1125 2220 1155 2245 ὲν
1170 2218 1209 2253 τῷ
1228 2217 1295 2254 ὄρει.
1312 2227 1321 2243 ι
1339 2217 1411 2252 "Aput
1426 2214 1473 2243 οὖν
1494 2217 1532 2248 ὡς
1547 2216 1582 2243 τὰ
1597 2216 1665 2243 ἄλλα
1677 2237 1684 2248 ,
1705 2217 1778 2244 οὕτω
1802 2219 1849 2245 καὶ
1871 2219 1919 2245 τὸν

281 2267 434 2296 cerdotium
452 2277 458 2295 :
475 2267 548 2294 unde.
570 2270 597 2294 et
623 2266 730 2293 salvare
747 2266 774 2292 in
793 2270 955 2300 perpetuum
982 2268 1073 2300 potest
1088 2282 1104 2309 Ε

1095 2282 1110 2309 D
1127 2263 1257 2300 ἀρχιερέα
1282 2263 1408 2298 παρῆγε,
1427 2261 1506 2298 μύρῳ
1522 2261 1616 2309 γεωδει
1639 2263 1724 2309 χρίων
1748 2263 1844 2309 αὑτὸν,
1870 2264 1918 2290 καί

280 2314 443 2342 accedentes
459 2321 507 2348 per
522 2313 612 2347 ipsum
635 2312 670 2339 ad
692 2311 787 2343 Deum,
804 2319 911 2344 semper
927 2311 1022 2338 vivens
1038 2311 1072 2338 ad
1088 2307 1103 2309 “

1096 2307 1106 2309 “
1124 2319 1184 2338 τινα
1200 2309 1306 2344 σκιώδη
1322 2309 1370 2335 καὶ
1385 2309 1528 2341 εἰκονικὸν,
1549 2307 1606 2334 ἀλλ’
1622 2308 1672 2335 οὐκ
1691 2308 1779 2344 ἀληθῆ
1799 2309 1919 2344 Χριστὸν

280 2359 507 2395 interpellandum
523 2365 571 2393 pro
583 2358 662 2385 nobis
677 2358 718 2390 ¹⁴⁸;
741 2367 750 2382 ι
770 2364 836 2384 sane
856 2365 903 2391 per
924 2356 981 2383 haec
996 2363 1074 2383 com-

1124 2355 1265 2392 ἀρχιερέα,
1289 2354 1336 2380 τοῦ
1354 2354 1414 2380 κατ’
1433 2353 1546 2389 οὐρανὸν
1566 2353 1684 2389 Χριστοῦ
1702 2361 1731 2380 τε
1754 2353 1801 2380 κα)⁸
1822 2354 1914 2389 ἀρχιε-

279 2405 425 2433 mendatur
439 2405 562 2440 quzedam
576 2412 637 2440 qum
648 2407 690 2431 est
703 2403 730 2430 in
743 2403 786 2435 iis,
800 2411 860 2438 qum
880 2406 954 2434 sunt,
971 2405 997 2429 et
1013 2409 1073 2437 quae

771 2412 786 2435 ἱ,
800 2411 860 2438 quae
880 2406 954 2434 sunt,
971 2405 997 2429 et
1013 2409 1073 2437 quae
1126 2402 1192 2438 ρέως
1206 2400 1352 2436 ἀντίμιμον
1364 2399 1594 2434 ἀπεργαζόμενος.

279 2446 408 2481 consistit
432 2454 460 2480 in
484 2453 517 2480 iis
541 2460 602 2488 qua:
626 2452 684 2480 sola
708 2451 886 2486 intelligentia
908 2451 1065 2485 capiuntur,
1089 2450 1171 2485 178
1183 2449 1275 2476 divina
1302 2448 1404 2480 virtus,
1421 2455 1482 2482 qua:
1503 2446 1559 2474 Deo
1572 2447 1705 2479 universi,
1731 2451 1761 2474 ut
1776 2447 1803 2474 in
1819 2454 1919 2474 oracu-

279 2500 313 2527 lis
326 2499 502 2528 Hebraeorum
528 2499 656 2534 legimus,
673 2501 835 2525 consecrata
848 2500 911 2524 est:
927 2504 1015 2530 neque
1036 2503 1101 2523 varo
1118 2499 1228 2522 terreno
1245 2498 1327 2528 atque
1348 2493 1469 2520 humano
1495 2497 1644 2528 unguento,
1667 2493 1715 2521 sed
1738 2492 1851 2520 alterius
1868 2500 1919 2527 ge—

279 2547 354 2575 neris
383 2546 456 2581 quod
483 2545 567 2572 Deum
587 2544 693 2576 deceat,
724 2543 871 2577 divinaque
898 2542 1000 2569 virtute
1027 2549 1059 2568 ac
1093 2543 1227 2576 potestate
1254 2539 1287 2566 ad
1314 2547 1415 2566 munus
1440 2538 1592 2566 sacerdotis
1614 2539 1782 2571 obeundum,
1806 2538 1919 2574 Deoque

277 2591 352 2620 Patri
363 2591 558 2626 pnes-tandum,
569 2591 731 2618 conﬁrmata
746 2589 884 2616 consistit.
901 2587 968 2614 Eum
991 2587 1075 2622 igitur
1095 2587 1129 2614 de
1145 2593 1200 2621 quo
1227 2585 1353 2612 Psalmus
1387 2584 1563 2616 vaticinatur,
1586 2588 1699 2619 apparet
1726 2591 1839 2618 prorsus
1869 2590 1919 2610 sa-

277 2639 418 2666 cerdotem
434 2639 579 2673 quemdam
594 2645 656 2665 esse
671 2636 866 2671 sempiternum
887 2635 1069 2670 altissimique
1089 2634 1135 2662 Dei
1164 2633 1275 2664 Filium.
1308 2636 1438 2668 tanquam
1466 2632 1501 2659 ab
1518 2632 1578 2666 ipso
1593 2631 1728 2659 altissimo
1755 2631 1811 2659 Deo
1837 2631 1919 2666 geni-

277 2689 347 2717 tum,
361 2689 388 2712 et
403 2684 476 2711 illius
501 2685 577 2720 regni
609 2690 798 2710 consessorem
817 2691 824 2709 :
842 2685 883 2709 est
905 2681 987 2708 etiam
1017 2684 1169 2711 ostensum,
1197 2683 1227 2705 ut
1251 2679 1297 2714 qui
1319 2686 1367 2713 per
1393 2677 1490 2706 Isaiam
1514 2676 1685 2711 signiﬁcatur
1704 2677 1843 2709 Christus,
1857 2683 1918 2704 non

278 2731 314 2758 ab
340 2731 497 2758 hominibus
524 2731 612 2757 factus
641 2730 687 2761 sit,
713 2728 762 2756 sed
786 2728 821 2755 ab
844 2727 903 2762 ipso
920 2726 1001 2754 Patre
1030 2734 1079 2761 per
1114 2725 1245 2760 Spiritum
1277 2725 1399 2752 divinum
1419 2724 1454 2751 sit
1472 2728 1581 2755 unctus,
1607 2727 1634 2750 et
1658 2723 1691 2750 ad
1718 2723 1843 2749 homines
1865 2721 1916 2757 qui

278 2779 379 2814 captivi
393 2782 550 2805 tenerentur
562 2777 744 2810 redimendos,
762 2776 872 2804 missus.
889 2775 965 2802 ilunc
987 2775 1068 2810 igitur
1086 2774 1180 2802 divino
1196 2773 1301 2808 Spiritu
1324 2773 1439 2800 intuitus
1454 2772 1554 2803 Moses,
1586 2771 1651 2799 dum
1674 2772 1808 2807 imagines
1819 2779 1851 2798 ac
1861 2778 1918 2798 no-

315 2900 336 2915 "
352 2898 419 2926 Gen.
455 2905 510 2931 xtv,
531 2898 589 2927 18.;
628 2898 650 2913 ’“
674 2897 739 2924 ibid.
759 2897 800 2925 l9.
850 2897 871 2912 ’τ
890 2895 972 2922 llebr.
990 2902 1038 2928 vn,
1055 2894 1080 2921 7.
1137 2898 1138 2902 ‘

959 2902 972 2921 ·.
990 2902 1038 2928 vn,
1055 2894 1080 2921 7.
1137 2894 1158 2909 ’⁸
1175 2893 1257 2921 Hebr.
1277 2900 1312 2926 \‘l,
1333 2893 1374 2926 l7,
1395 2893 1437 2919 18.
1487 2893 1508 2907 ’⁰
1525 2890 1608 2921 Hebr.
1623 2899 1670 2925 vu,
1690 2891 1782 2920 ‘20-‘25.
