2084 3216
175 183 225 212 501
632 181 821 210 'DEMONSTvR
826 179 964 209 ATIONlS
978 179 1207 209 EVANGELICE
1222 179 1286 207 LIB.
1299 178 1343 206 IV.
1754 178 1806 203 302

176 244 222 269 tas
254 240 354 275 ipsius,
372 239 444 267 utin
460 238 628 269 hominibus,
662 238 824 267 constituit:
841 241 998 272 comparato
1028 240 1167 272 unguento
1189 235 1298 263 interim
1317 234 1402 262 divini
1429 233 1550 270 Spiritus
1576 233 1646 265 loco,
1673 242 1754 269 quem
1780 243 1808 262 ιιι

177 286 337 314 hominibus
365 286 521 322 praetulerat
544 285 713 314 sacerdotem
740 285 857 316 inunxit.
891 284 1086 318 Christumque
1119 290 1182 310 eum
1212 286 1238 310 et
1267 286 1389 319 unctum,
1415 281 1547 308 relatione
1563 281 1597 308 ad
1612 289 1674 309 eum
1693 282 1738 316 qui
1762 290 1808 309 ve-

175 341 226 361 rus
250 338 304 366 est,
329 333 484 368 appellavit.
511 332 589 366 Quod
614 337 704 360 autem
738 332 796 359 haec
823 332 861 359 ita
889 338 919 358 se
948 330 1083 363 habeam,
1110 330 1182 365 quis,
1205 329 1248 356 cui
1276 328 1342 356 ﬁdes
1365 328 1510 360 habeatur,
1536 329 1614 356 testis
1642 329 1702 364 ipso
1733 328 1809 356 Mosa

168 381 306 417 dignior?
334 381 364 408 In
382 381 417 409 iis
435 381 509 410 enim
524 388 585 416 qua:
599 381 634 408 ab
659 380 720 415 ipso
735 380 839 413 scripta
871 381 936 407 sunt
968 378 1178 413 respondentem
1209 376 1261 404 sibi
1289 376 1374 404 Deum
1400 383 1433 404 ac
1455 375 1613 410 Dominum,
1640 377 1728 412 palam
1756 377 1810 405 sibi

179 428 331 463 imperasse
356 427 447 460 docet,
474 431 505 455 ut
530 427 682 456 secundum
708 427 858 455 exhibitam
895 425 948 453 sibi
980 423 1179 459 intelligibilem
1195 431 1227 450 ac
1253 422 1392 450 caelestem
1416 421 1489 450 illius
1518 422 1662 455 risiOnem,
1681 431 1812 458 corporea

179 474 274 509 specie
303 470 490 502 adorationem
524 473 551 500 in
571 477 648 500 terra
670 473 861 503 constitueret,
893 478 954 506 qua:
976 477 1068 497 rerum
1084 469 1297 505 intelligibilium
1323 472 1406 504 atque
1428 468 1651 504 incorporearum
1666 470 1811 505 imaginem

171 521 419 556 complecteretur.
454 521 549 556 Itaque
580 520 734 548 ccelestium
772 518 931 554 angelorum
966 516 1178 551 divinarumque
1203 519 1369 551 potestatum
1394 515 1516 547 ordines,
1544 515 1753 544 adumbratione
1775 525 1812 544 ac

177 567 269 603 ﬁgura
297 566 414 601 quadam
445 567 546 594 dicitur
573 566 767 602 descripsisse,
796 573 858 593 cum
888 564 943 600 ipsi
967 563 1064 598 utique
1093 563 1234 590 oraculum
1256 562 1370 590 dixisset
1389 571 1395 589 :
1417 571 1427 586 ι
1447 561 1542 589 Facies
1556 563 1647 590 omnia
1670 564 1704 590 ad
1720 571 1812 591 exem-

181 615 243 650 plar
266 613 338 649 quod
362 613 412 643 [ibi
435 613 654 641 demonstratum
683 617 725 641 est
750 613 779 640 in
797 616 889 640 monte
907 612 929 627 3°
947 621 954 639 ι
976 620 985 636 ι
1008 610 1080 646 Ergo
1106 609 1336 645 quemadmodum
1362 609 1478 644 reliqua,
1493 609 1530 636 ita
1547 613 1574 636 et
1595 609 1752 637 Pontiﬁcem
1770 611 1810 637 in-

172 662 271 694 duxit,
298 669 378 697 quem
405 662 525 689 terrestri
553 667 692 697 unguento
727 663 841 696 ungeret
862 669 868 687 :
893 659 986 694 itaque
1022 658 1194 685 umbratilem
1218 657 1364 693 quemdam
1389 663 1422 683 ac
1445 656 1617 691 simulatum,
1641 666 1695 686 non
1722 663 1814 686 autem

178 718 277 738 verum
290 709 428 737 Christum
440 713 468 738 et
479 710 648 746 pontiﬁcem,
660 711 735 738 illius
746 716 837 738 tamen
849 709 971 738 caelestis

223 755 292 782 Ἀλλ’
306 757 345 782 ὅτι
361 756 410 791 μὲν
425 757 439 783 ὁ
452 757 555 792 κυρίως
572 758 689 794 Χριστὸς
705 758 755 785 οὐκ
774 757 915 793 ἄνθρωπος
926 755 971 792 ἦν,

173 802 239 835 ὐἱὺς
255 802 283 828 δέ
298 811 340 834 τις
353 802 432 835 Θεοῦ,
445 802 541 836 δεξιοῖς
555 804 605 839 τῆς
617 805 752 841 πατρικῆς
766 804 891 840 θεότητος
905 813 975 831 τετι-

180 849 327 883 μημένος,
349 849 396 875 καὶ
420 849 485 876 πολὺ
510 849 641 885 κρείττων
656 851 686 877 οὐ
710 851 788 886 μόνον
810 851 860 886 τῆς
876 850 975 886 θνητῆς

181 895 232 921 καὶ
253 894 427 930 ἀνθρωπείας
443 895 569 930 φύσεως,
596 895 664 922 ἀλλά
690 897 738 923 καὶ
759 897 850 932 πάσης
872 897 920 931 τῆς
946 897 975 923 ὲν

180 942 306 976 γενητοῖς
321 942 417 977 νοερᾶς
432 941 536 973 οὐσίας,
553 941 647 976 σαφῶς
663 941 738 978 οἶμαι
756 943 956 978 ἀποδεδειχέναι
967 951 973 957 ”

179 987 254 1023 πλὴν
271 987 328 1014 ἀλλ’
349 987 390 1014 ὅτι
407 987 478 1014 κατὰ
496 987 530 1014 τὰ
549 988 681 1023 πρότερον
697 989 830 1024 εἰρημένα
854 990 868 1015 ὁ
895 988 976 1019 αὐτὸς

179 1033 266 1069 ,Δαϐὶδ
290 1034 319 1060 ὲν
348 1033 389 1069 μδ¹
424 1033 524 1069 ψαλμῷ
559 1036 706 1070 προγραφῇ
744 1035 917 1071 χρησάμενος
942 1036 975 1070 τῇ

184 1088 196 1105 ‹
213 1079 300 1115 ’Υπὲρ
319 1079 366 1106 τοῦ
383 1080 525 1116 ἀγαπητοῦ
543 1082 590 1108 καὶ
611 1081 666 1107 τῶν
682 1081 949 1117 ἀλλοιωθησομένων,
966 1092 974 1106 ι

180 1124 252 1160 ῠμοῦ
271 1125 338 1152 Θεὸν
354 1127 401 1152 καὶ
425 1126 537 1161 βασιλέα
565 1127 612 1154 κα¹ι
636 1127 754 1162 Χριστὸν
777 1127 825 1155 ἕνα
845 1127 905 1154 τινὰ
930 1128 978 1154 καὶ

184 1171 231 1197 τὺν
253 1170 335 1198 αὐτὸν
347 1171 519 1208 ἀναγορεύει,
541 1172 654 1208 γράφων
687 1172 790 1205 οὕτως·
814 1182 824 1198 ‹
848 1172 977 1209 Ἐξηρεύ-

184 1215 249 1248 ξατο
272 1217 290 1252 ἡ
317 1218 416 1254 καρδία
443 1226 492 1253 μου
518 1218 596 1253 λόγον
621 1219 734 1253 ἀγαθὸν,
755 1219 826 1254 λέγω
860 1219 916 1254 ἐγὼ
943 1219 979 1246 τὰ

184 1263 254 1298 ἔργα
280 1272 331 1299 μου
359 1263 397 1298 τῷ
427 1264 540 1299 βασιλεῖ.
564 1265 595 1291 'H
627 1265 738 1299 γλῶσσά
773 1274 823 1301 μου
855 1265 979 1301 κάλαμος

190 1310 373 1346 γραμματέως
395 1309 559 1346 ὀξυγράφου·
573 1311 672 1347 ὡραῖος
698 1311 791 1338 κάλλει
818 1311 893 1347 παρά
916 1312 980 1343 τοὺς

182 1356 261 1388 υἱοὺς
277 1355 332 1382 τῶν
344 1355 510 1392 ἀνθρώπων
531 1365 540 1382 ι
559 1354 599 1388 οἷς
616 1356 679 1392 ὲξῆς
696 1356 829 1390 ἐπιλέγει·
846 1365 854 1381 ι
876 1356 905 1382 '0
919 1355 980 1391 θρό-

186 1411 231 1434 νος
255 1410 314 1436 σου,
332 1403 347 1429 ὁ
365 1401 441 1434 Θεὸς,
460 1403 499 1434 εἰς
515 1403 560 1429 τὸν
577 1403 664 1430 αἰῶνα
682 1402 730 1430 τοῦ
748 1402 845 1434 αἰῶνος
856 1411 863 1417 '
882 1402 979 1438 ῥάϐδος

187 1447 334 1484 εὐθύτητος
350 1450 367 1484 ἡ
393 1448 490 1484 ῥάϐδος
508 1449 558 1485 τῆς
580 1448 718 1484 βασιλείας
741 1457 807 1475 σου·
830 1449 977 1484 ἠγάπησας

182 1493 370 1529 ὒικαιοσύνην,
385 1495 432 1521 καὶ
446 1494 580 1530 ἐμίσησας
597 1494 704 1521 ἀδικίαν
715 1502 721 1509 ’
739 1494 783 1521 διὰ
799 1494 878 1521 τοῦτο
887 1494 979 1530 ἐχρισέ

182 1547 219 1566 σε
234 1539 249 1566 ὀ
264 1539 332 1571 Θεὸς
347 1541 361 1567 ὁ
377 1539 443 1572 Θεός
461 1549 507 1567 σου
523 1541 612 1568 ἔλαιον
627 1540 814 1575 ἀγαλλιάσεως
829 1540 906 1576 παρά
917 1541 980 1572 τοὺς

184 1585 321 1621 μετόχους
336 1594 394 1613 σου.
415 1595 424 1612 ι
442 1587 542 1614 Σκόπει
557 1587 579 1614 δ’
601 1585 648 1614 οὖν
668 1587 889 1623 ἐπιμελέστερον,
907 1588 981 1619 ὅπως

185 1631 261 1659 κατά
278 1631 328 1668 τὴν
343 1631 389 1658 τοῦ
406 1632 514 1668 ψαλμοῦ
532 1633 696 1669 προγραφὴν
716 1634 787 1668 ὑπὲρ
806 1633 854 1660 τοῦ
870 1633 981 1668 ἀγαπη-

188 1679 237 1706 τοῦ
254 1679 300 1706 τὸν
312 1679 391 1714 λόγον
407 1678 476 1707 εἶναι
493 1681 712 1717 προοιμιάζεται,
731 1682 799 1717 μετά
816 1681 863 1708 τοῦ
879 1681 926 1708 καὶ
941 1681 981 1712 εἰς

189 1725 300 1753 σύνεσιν
313 1726 368 1752 τῶν
381 1726 588 1762 λεχθησομένων
604 1727 650 1754 τὸν
666 1727 804 1763 ἀκροατὴν
825 1730 980 1765 παρορμᾷνσ

189 1772 403 1807 ἐπισημαίνεται
423 1773 452 1799 δὲ
476 1773 523 1799 καὶ
539 1773 569 1799 τὸ
589 1773 675 1800 αἴτιον
690 1774 741 1809 τῆς
762 1775 918 1810 οἰκονομίας
934 1776 982 1802 τοῦ

189 1818 282 1852 λόγου,
299 1818 422 1853 φάσκων·
446 1828 454 1844 ι
479 1819 526 1850 Εἰς
537 1819 568 1846 τὸ
583 1819 660 1851 τέλος
680 1820 750 1856 ὑπὲρ
766 1821 820 1847 τῶν
837 1821 984 1857 ἁλλοιωθη-

191 1864 314 1899 σομένων
328 1865 369 1896 είς
383 1863 490 1891 σύνεσιν
503 1865 574 1902 ὑπὲρ
589 1865 636 1892 τοῦ
658 1865 814 1902 ἀγαπητοῦ.
831 1875 840 1892 ι
857 1866 938 1898 Τίνας
954 1867 983 1893 δὲ

191 1910 290 1942 ἅῖλους
303 1910 391 1942 εἴποις
409 1909 478 1938 εἶναι
492 1912 555 1944 τοὺς
574 1911 843 1948 ἀλλοιωθησομένους
860 1913 930 1949 ὑπὲρ
947 1910 984 1940 ὧν

185 1956 207 1983 -ὸ
226 1956 336 1993 ψαλμδς
357 1957 474 1993 εἴρηται,
492 1957 509 1994 ἢ
524 1959 587 1991 τοὺς
607 1958 754 1994 μέλλοντας
773 1959 984 1994 μεταϐαλεῖσθαι

191 2004 226 2029 ὲκ
241 2002 375 2039 προτέρου
395 2002 452 2038 βίου
463 2004 510 2031 καὶ
520 2005 633 2040 τρόπου,
647 2005 879 2042 μετατεθήσεσθαί
893 2014 922 2032 τε
938 2006 985 2032 καὶ

186 2048 426 2084 ἁλλοιωθήσεσθαι
448 2049 492 2076 διὰ
512 2049 558 2076 τοῦ
584 2052 841 2087 προφητευομένου;
858 2049 941 2084 Οὗτος
956 2052 985 2078 δὲ

188 2092 228 2121 ἦν
248 2095 269 2129 ὸ,
283 2095 426 2130 ἀγαπητὸς
446 2094 492 2121 τοῦ
509 2095 587 2128 Θεοῦ,
611 2097 682 2132 ὑπὲρ
701 2094 732 2124 οὗ
748 2098 794 2124 ἐπὶ
811 2098 860 2133 τῆς
878 2107 986 2134 προφη-

191 2140 271 2173 τείις
286 2141 421 2173 συνέσεως
436 2141 490 2168 δεῖν
500 2143 514 2169 ὁ
528 2142 708 2179 ψαλμὺςήμῖν
721 2144 941 2180 προοιμιάζεται.
955 2146 986 2172 Εἰ

192 2187 217 2214 δ’
233 2185 282 2215 οὖν
303 2189 493 2224 ὲπαπορήσας,
510 2189 552 2221 τίς
572 2190 626 2225 ἄρα
644 2188 678 2226 ἦν
699 2191 713 2217 ὁ
734 2191 876 2226 ἀγαπητὸς
900 2189 986 2224 οὗτος,

193 2234 262 2270 περὶ
286 2230 318 2260 οὖ
341 2234 371 2261 ὲν
390 2234 429 2270 τῷ
444 2235 545 2271 ψαλμῷ
560 2236 771 2272 προεφητεύετο,
788 2237 864 2272 ποιρά
877 2237 959 2268 πόδας
974 2239 988 2264 ὁ

193 2279 276 2314 λόγος
283 2281 453 2316 παραστήσει
462 2281 610 2317 ἀρχόμενος
621 2282 702 2313 εὐθὺς
713 2283 760 2309 καὶ
771 2282 867 2317 λέγων·
885 2293 894 2309 ι
916 2283 990 2318 Ἐξη-

196 2325 314 2362 ρεύξατο
326 2327 343 2362 ἡ
358 2327 457 2362 καρδία
485 2336 537 2363 μου
555 2327 633 2362 λόγον
652 2328 764 2362 ἀγαθόν.
784 2339 793 2355 ι
811 2329 891 2356 Εἴποι
913 2329 942 2356 δὲ
956 2330 988 2356 ἄν

194 2379 240 2402 τις
253 2371 335 2398 αὑτὸν
349 2372 454 2399 ἐκεῖνον
471 2373 660 2408 σημαίνεσθαι,
681 2373 727 2401 τὸν
738 2375 766 2400 ὲν
776 2374 846 2410 ἀρχῇ
859 2375 927 2410 πρὸς
944 2375 989 2402 τὸν

190 2417 264 2443 Θεὸν
276 2417 372 2452 Λόγον,
384 2418 413 2445 ὂν
431 2418 563 2453 Θεολογῶν
574 2420 588 2446 ὁ
597 2419 683 2455 μέγας
691 2420 886 2456 εὐαγγελιστὴς
903 2421 991 2448 Ἰωάν-

193 2471 248 2498 νης
262 2463 381 2500 παρίστη
395 2464 492 2499 λέγων·
512 2474 521 2491 t
542 2466 589 2492 Ἐν
605 2466 675 2501 ἀρχῇ
685 2464 719 2502 ἦν
730 2467 847 2501 ὁΛόγος,
857 2468 927 2494 καὶὸ
939 2468 990 2494 Λό-

195 2518 246 2544 γος
256 2507 292 2546 ἦν
307 2510 376 2546 πρὸς
390 2511 436 2537 τὸν
449 2511 526 2544 Θεὸν,
542 2513 589 2539 καὶ
605 2512 670 2544 Θεὸς
686 2511 719 2549 ἦν
732 2514 746 2540 ὁ
762 2513 857 2548 Λόγος.
882 2524 890 2539 ι
908 2514 944 2540 Τὸ
956 2514 989 2546 δ’,

199 2567 210 2583 ι
235 2558 419 2594 Ἐξηρεύξατο
433 2561 450 2595 ἡ
467 2561 565 2595 καρδία
590 2570 639 2596 μου
652 2561 731 2596 λόγον
748 2561 860 2596 ἀγαθὸν,
883 2571 891 2587 ι
911 2561 991 2597 εἴπερ

195 2607 231 2633 ὲκ
246 2604 394 2643 προσώπου
409 2606 455 2633 τοῦ
467 2607 573 2642 Πατρὺς
583 2607 630 2633 καὶ
639 2607 707 2634 Θεοῦ
723 2607 777 2634 τῶν
791 2607 859 2634 ὅλων
874 2607 990 2643 λέγοιτο,

195 2651 244 2679 τὸν
265 2653 398 2688 μονογενῆ
420 2652 467 2679 τοῦ
491 2653 559 2679 Θεοῦ
575 2653 659 2687 Λόγον
676 2653 820 2688 ὑποφαίνοι
841 2654 884 2686 ἂν,
906 2654 944 2686 ὼς
959 2654 992 2681 ἂν

198 2697 264 2725 Υἱὺν
282 2699 315 2726 ὲκ
335 2699 382 2726 τοῦ
406 2699 512 2735 Πατρδς
535 2699 693 2734 ὑφεστῶτα·
717 2700 773 2726 ἀλλ’
790 2700 822 2727 οὺ
837 2699 908 2726 κατὰ
925 2709 993 2736 προ-

196 2743 291 2780 εολὴν,
301 2745 318 2780 ἢ
335 2745 406 2772 κατὰ
421 2746 562 2781 διαίρεσιν,
575 2746 592 2781 ἢ
607 2745 703 2781 τομὴν,
718 2745 734 2780 ἢ
753 2746 875 2781 μείωσιν,
890 2746 906 2781 ἢ
923 2747 993 2773 κατά

197 2798 225 2817 τι
238 2791 291 2818 τῶν
304 2793 333 2818 ἐν
347 2791 471 2828 σώμασιν
487 2792 704 2827 ὑπονοουμένων·
725 2792 810 2828 ἀσεϐῆ
824 2792 878 2827 γὰρ
893 2792 989 2824 ταῦτα,

197 2837 246 2863 καὶ
260 2838 379 2874 πάμπαν
393 2839 573 2874 ἀπῳκισμένα
583 2839 634 2874 τῆς
644 2839 763 2875 ἀρῤήτου
776 2839 990 2875 γενεσιουργίας.

252 2926 274 2942 ⁸ο
293 2925 382 2955 Exod.
399 2934 462 2960 xxv,
478 2927 522 2954 40.
546 2927 566 2943 ³⁸
583 2927 655 2955 Psal.
679 2935 751 2960 xuv,
769 2927 796 2961 2,
814 2927 840 2954 5.
880 2928 900 2943 ’ί
916 2927 984 2955 ibid.

988 708 1091 736 Christi
1108 712 1136 737 et
1147 709 1285 744 pontiﬁcis
1299 709 1387 736 instar
1403 707 1549 743 expressit.

988 758 1010 786 A
1058 756 1206 788 Caeterum,
1220 759 1250 782 ut
1267 756 1377 791 proprie
1389 754 1500 790 quidem
1517 754 1645 782 Christus
1661 761 1718 782 non
1731 754 1815 781 homo

1027 801 1119 834 fuerit,
1133 809 1228 830 verum
1246 801 1293 829 Dei
1309 801 1406 833 Filius,
1431 801 1478 836 qui
1502 800 1597 829 dextra
1612 804 1732 836 paterna:
1749 801 1817 828 divi-

1026 847 1123 875 nitatis
1135 848 1171 875 sit
1189 847 1348 881 decoratus,
1365 851 1392 875 et
1406 848 1492 883 multo
1508 847 1692 883 praestantior,
1709 855 1763 874 non
1774 855 1817 875 so-

1027 894 1082 922 lum
1099 894 1207 921 mortali
1232 894 1406 930 humanaque
1429 899 1538 926 natura,
1564 894 1611 922 sed
1632 893 1715 921 etiam
1738 894 1814 921 omni

1027 941 1192 975 intelligibili
1219 941 1247 968 in
1274 941 1356 968 rebus
1374 941 1473 969 creatis
1497 941 1618 968 essentia
1638 940 1816 975 intelligatur,

1027 987 1106 1021 plane
1122 994 1164 1014 me
1180 987 1300 1014 arbitror
1317 987 1534 1018 demonstrasse,
1555 990 1654 1021 przcter
1678 994 1764 1014 unum
1784 987 1817 1012 iJ-

1028 1032 1086 1065 lud,
1097 1032 1171 1067 quod
1187 1032 1221 1060 ad
1235 1040 1268 1060 ea
1278 1040 1339 1068 qua:
1352 1032 1470 1060 antehac
1482 1032 1554 1059 dicta
1571 1036 1647 1065 sunt,
1662 1032 1818 1059 addendum

1027 1086 1090 1106 esse
1114 1079 1244 1111 arbitror,
1273 1080 1308 1107 ab
1335 1079 1430 1107 eodem
1457 1079 1550 1114 utique
1578 1079 1663 1106 David
1693 1079 1721 1106 in
1751 1087 1820 1113 qua-

1028 1125 1184 1161 dragesimo
1209 1129 1308 1161 quarto
1333 1126 1438 1160 psalmo
1462 1125 1641 1160 inscriptione
1662 1125 1818 1160 praeposita.

1029 1170 1075 1197 illa
1083 1179 1143 1205 quae
1151 1175 1204 1202 est,
1221 1181 1229 1196 ι
1246 1179 1296 1206 pro
1306 1171 1406 1198 dilecto
1414 1175 1441 1199 et
1453 1171 1488 1198 iis
1499 1171 1545 1206 qui
1558 1171 1788 1203 immutabnntur,
1805 1181 1815 1197 ι

1028 1216 1114 1244 Deum
1128 1217 1210 1244 simul
1222 1220 1249 1244 et
1262 1213 1352 1252 regem
1363 1222 1389 1243 cl.
1398 1216 1536 1245 Christum
1552 1225 1636 1244 unum
1648 1222 1673 1244 et
1694 1217 1819 1245 eumdem

1029 1262 1174 1298 quemdam
1183 1263 1323 1298 appellari,
1333 1262 1375 1290 his
1391 1263 1501 1297 quidem
1510 1264 1599 1292 verbis
1613 1273 1620 1291 :
1635 1263 1715 1299 179
1726 1273 1734 1289 ι
1752 1263 1821 1291 Eru-

1029 1308 1114 1336 ctavit
1121 1316 1169 1336 eor
1177 1316 1267 1336 meum
1276 1309 1389 1336 verbum
1402 1309 1515 1342 bonum,
1524 1309 1586 1337 dico
1597 1317 1647 1345 ego
1664 1317 1747 1344 opera
1763 1317 1822 1337 mea

1030 1355 1087 1390 regi
1106 1364 1112 1382 :
1130 1354 1221 1390 lingua
1231 1362 1292 1382 mea
1304 1355 1426 1383 calamus
1449 1355 1545 1383 scriba
1560 1356 1690 1383 velociter
1704 1355 1824 1383 scriben-

1029 1402 1066 1429 tis
1083 1411 1089 1428 :
1108 1401 1249 1436 speciosus
1263 1401 1348 1429 forma
1365 1411 1420 1438 pra:
1438 1402 1500 1430 ﬁliis
1517 1402 1656 1430 hominum
1677 1402 1709 1429 ³¹.
1730 1412 1739 1428 ι
1757 1402 1824 1435 Qui-

994 1432 1016 1459 Β
1032 1449 1084 1476 bus
1097 1432 1225 1485 deinceps
1241 1432 1374 1484 adiungit...
1393 1459 1402 1475 ι
1418 1448 1501 1477 Sedes
1516 1452 1572 1481 tua,
1585 1448 1656 1476 Deus
1666 1468 1673 1480 ,
1689 1448 1717 1475 in
1735 1432 1825 1475 saecu-

1032 1495 1089 1522 lum
1111 1496 1204 1523 saeculi
1220 1505 1226 1523 :
1243 1495 1320 1531 virga
1339 1495 1501 1523 directionis
1522 1495 1596 1531 virga
1614 1495 1692 1530 regni
1709 1495 1768 1522 tui:
1782 1494 1824 1521 di-

1033 1541 1124 1570 lexisti
1138 1541 1284 1577 justitiam,
1311 1545 1339 1569 et
1361 1541 1442 1569 odisti
1462 1541 1630 1577 iniquitatem
1655 1552 1662 1569 :
1680 1546 1825 1577 propterea

1038 1589 1117 1616 unxit
1148 1593 1174 1616 te
1191 1589 1263 1617 Deus
1287 1588 1360 1617 Deus
1377 1593 1441 1616 tuus
1459 1589 1518 1616 oleo
1541 1589 1743 1620 exsultationis,
1768 1597 1826 1624 prae

1036 1637 1215 1672 participibus
1244 1637 1299 1665 tuis
1321 1637 1354 1664 ³³.
1380 1647 1389 1664 ι
1410 1637 1561 1664 Considera
1586 1644 1651 1672 ergo
1668 1636 1826 1672 diligentius

1035 1683 1265 1719 quemadmodum
1295 1683 1444 1711 secundum
1472 1683 1570 1718 psalmi
1600 1683 1824 1717 inscriptionem.

1035 1732 1093 1754 tum
1111 1735 1160 1763 pro
1174 1728 1274 1755 dilecto
1289 1735 1319 1756 se
1330 1728 1413 1755 verba
1431 1727 1521 1755 facere
1535 1727 1615 1755 initio
1627 1727 1719 1754 statim
1733 1731 1828 1754 osten-

1036 1774 1094 1806 dat,
1113 1778 1169 1801 tum
1187 1775 1269 1802 etiam
1290 1778 1321 1801 ut
1332 1774 1365 1802 ad
1380 1774 1585 1809 intelligentiam
1599 1781 1693 1801 eorum
1706 1781 1767 1808 quae
1784 1773 1828 1800 di~-

1037 1821 1124 1848 cenda
1137 1820 1202 1851 sint,
1214 1820 1366 1848 auditorem
1387 1825 1572 1851 commoveat,
1600 1819 1736 1855 signiﬁcat
1759 1828 1829 1854 pne-

1039 1870 1110 1893 terea
1130 1873 1254 1901 quaenam
1272 1866 1306 1893 sit
1332 1866 1414 1900 hujus
1437 1865 1569 1893 orationis
1593 1865 1629 1892 ita
1652 1865 1828 1900 disponendae

1038 1920 1131 1944 causa,
1148 1921 1209 1939 cum
1227 1913 1264 1939 ait
1282 1921 1288 1939 :
1309 1921 1320 1938 ι
1340 1912 1367 1939 in
1385 1911 1463 1939 ﬁnem
1491 1919 1539 1946 pro
1565 1911 1598 1939 iis
1626 1911 1672 1946 qui
1699 1911 1830 1939 immuta-

1038 1960 1151 1993 buntur,
1164 1959 1199 1986 ad
1223 1959 1440 1994 intelligentiam,
1454 1966 1504 1993 pro
1521 1958 1622 1985 dilecto
1644 1958 1686 1984 "2
1710 1967 1720 1984 ι
1746 1965 1829 1993 porro

1037 2013 1172 2042 quosnam
1188 2005 1255 2033 alios
1269 2004 1371 2033 dixeris
1396 2004 1591 2037 immutandos,
1606 2011 1656 2039 pro
1671 2004 1770 2039 quibus
1784 2005 1830 2031 hic

1038 2053 1161 2088 psalmus
1174 2051 1210 2080 sit
1220 2051 1383 2083 dictus,nisi
1392 2058 1439 2078 eos
1450 2050 1495 2086 qui
1509 2050 1634 2077 mutandi
1646 2050 1701 2078 sint
1712 2058 1726 2076 a
1738 2050 1830 2084 priore

1001 2111 1024 2142 ο
1042 2099 1096 2127 vita
1105 2106 1137 2126 ac
1150 2098 1273 2126 moribus
1284 2097 1533 2132 transferendique,
1543 2100 1570 2124 et
1576 2104 1608 2124 ex
1615 2097 1677 2124 aliis
1689 2097 1734 2124 alii
1745 2096 1830 2124 futuri

1039 2154 1088 2182 per
1100 2153 1162 2173 eum
1179 2145 1212 2172 de
1225 2153 1279 2180 quo
1295 2144 1365 2172 idem
1380 2143 1506 2171 Psalmus
1517 2143 1703 2172 vaticinatur?
1721 2142 1770 2171 ilic
1781 2151 1828 2170 au-

1035 2195 1093 2219 tem
1105 2196 1148 2219 est
1165 2191 1282 2219 dilectus
1293 2190 1351 2222 Dei,
1366 2197 1415 2225 pro
1432 2197 1487 2225 quo
1503 2190 1530 2217 in
1555 2189 1614 2225 ipsa
1629 2189 1773 2224 prophetia
1788 2189 1830 2217 in—

1039 2238 1188 2274 telligentia
1203 2245 1264 2265 esse
1277 2244 1346 2272 opus
1358 2237 1481 2272 psalmus
1497 2236 1555 2271 ipse
1569 2236 1648 2263 initio
1664 2236 1743 2264 nobis
1760 2244 1830 2271 prae-

1041 2285 1145 2312 scribit.
1158 2284 1237 2317 Quod
1249 2284 1272 2311 si
1286 2283 1395 2311 dubites
1405 2283 1467 2318 quis
1481 2283 1523 2310 hic
1535 2282 1643 2310 tandem
1661 2283 1696 2309 sit
1712 2282 1831 2310 dilectus

1039 2331 1074 2358 de
1087 2338 1141 2365 quo
1163 2331 1191 2357 in
1209 2330 1261 2358 hoc
1276 2329 1381 2364 psalmo
1401 2329 1456 2356 tale
1471 2328 1604 2356 habeatur
1623 2328 1798 2358 vaticinium.
1816 2336 1832 2355 e

1040 2376 1154 2410 vestigio
1167 2375 1216 2402 tibi
1227 2374 1287 2409 ipsa
1302 2374 1390 2401 oratio
1404 2373 1565 2405 declarabit,
1577 2380 1638 2408 qua:
1649 2373 1726 2400 initio
1738 2373 1832 2412 statim

1042 2422 1079 2449 ita
1094 2422 1132 2448 ait
1145 2431 1151 2449 :
1171 2431 1180 2447 ι
1195 2421 1335 2448 Eructavit
1347 2428 1394 2447 cor
1406 2428 1496 2447 meum
1509 2419 1747 2455 verbnmibonum.
1759 2428 1769 2444 ›
1785 2418 1832 2445 Di-

1042 2469 1114 2496 xerit
1125 2473 1215 2496 autem
1226 2468 1362 2503 quispiam
1372 2468 1462 2502 ipsum
1473 2466 1540 2494 illud
1550 2466 1699 2502 signiﬁcari
1712 2467 1739 2493 in
1755 2467 1832 2501 prin-

1043 2515 1114 2550 cipio
1131 2514 1203 2550 apud
1219 2514 1305 2541 Deum
1320 2513 1450 2546 Verbum,
1467 2514 1500 2540 de
1520 2521 1574 2548 quo
1595 2512 1745 2547 theologice
1764 2514 1833 2540 scri-

1042 2561 1110 2589 bens
1132 2568 1247 2596 magnus
1270 2560 1436 2594 evangelista
1455 2559 1592 2590 Joannes.
1617 2559 1658 2586 sic
1687 2559 1830 2594 loquitur:

1046 2617 1055 2632 ‹
1071 2607 1100 2634 In
1115 2606 1250 2642 principio
1266 2610 1326 2633 erat
1341 2605 1476 2635 Verbum.
1501 2609 1528 2632 et
1547 2604 1664 2632 Verbum
1681 2608 1741 2632 erat
1761 2605 1832 2640 apud

1043 2654 1144 2686 Deum,
1174 2657 1201 2681 et
1231 2653 1303 2680 Deus
1324 2657 1382 2680 erat
1400 2652 1519 2680 Verbum
1545 2651 1583 2685 ‘l';
1609 2662 1618 2678 ι
1647 2652 1713 2679 illud
1742 2659 1831 2679 vero:

1046 2710 1055 2726 ι
1078 2700 1218 2727 Eruetavit
1243 2707 1292 2726 cor
1314 2707 1404 2727 meum
1420 2700 1533 2727 verbum
1556 2699 1668 2730 bonum.
1692 2709 1701 2724 ι
1724 2699 1747 2726 si
1772 2698 1834 2734 qui-

1044 2747 1105 2774 dem
1119 2755 1152 2774 ex
1168 2754 1287 2781 persona
1307 2745 1396 2774 Patris
1408 2750 1435 2773 et
1451 2745 1498 2773 Dei
1514 2746 1633 2773 universi
1647 2745 1835 2777 dicatur.uni—

1009 2785 1030 2812 ι)
1046 2801 1107 2820 cum
1123 2794 1243 2828 genitum
1257 2792 1304 2819 Dei
1325 2792 1442 2820 Verbum
1463 2792 1656 2828 signiﬁcaverit
1669 2813 1676 2825 ,
1704 2796 1834 2826 tanquam

1046 2839 1143 2867 Filium
1168 2839 1214 2874 qui
1241 2839 1275 2866 dc
1303 2838 1384 2866 Patre
1411 2839 1562 2870 exstiterit,
1592 2847 1645 2866 non
1668 2838 1835 2874 projectionc

1005 2927 1030 2962 7,
1046 2927 1072 2955 8.
1113 2928 1134 2943 ³³
1148 2926 1217 2955 ibid.
1235 2926 1259 2953 1.
1300 2927 1323 2943 ⁸⁵
1341 2926 1419 2954 Joan.
1435 2935 1455 2959 ι,
1473 2928 1497 2956 1.
