2084 3216
323 214 376 242 505

660 213 794 242 EUSEBII
813 214 1055 242 CESARIENSIS
1072 214 1148 242 ΟΡΡ.
1171 214 1271 242 PARS.
1293 214 1326 242 ΙΙ.
1338 231 1371 235 -
1386 215 1644 244 APOLOGETICA.‘

1899 218 1951 246 504

323 274 432 308 aliqua,
457 277 504 300 aut
519 272 668 304 divisione,
691 277 738 300 aut
769 273 900 306 sectione,
930 278 978 300 aut
993 273 1093 300 diminu

1144 293 1147 305 λ
1165 275 1243 302 Κατὰ
1260 275 1288 301 δὲ
1307 275 1340 301 τὰ
1357 275 1474 311 πρόσθεν
1491 276 1554 310 ἡμῖν
1575 275 1724 311 νενοημένα
1745 278 1790 303 καὶ
1811 277 1876 304 τάδε
1897 279 1951 314 χρὴ

324 322 408 352 tione,
423 324 471 348 aut
490 321 542 347 alia
560 320 687 356 quapiam
706 319 842 355 ejusmodi
866 320 989 352 ratione,
1015 320 1110 355 cujus-

322 367 394 395 tnodi
413 368 439 395 in
458 367 620 402 corporibus
637 374 786 402 agnoscere
804 366 1007 394 consuevimus.
1024 366 1110 401 Impia

321 416 393 443 enim
409 415 453 442 illa
469 419 495 442 et
509 414 620 441 omnino
636 413 731 448 procul
752 413 870 440 abducta
882 433 890 445 ,
919 413 1052 448 longeque
1067 421 1111 442 se-

320 467 394 490 mota
410 461 445 489 ab
468 461 513 488 illa
529 459 704 496 generatione
721 459 860 486 incﬂ‘abili.
888 458 1021 486 Cmterum
1032 479 1040 491 ,
1066 467 1110 487 se-

319 508 439 536 cundum
469 515 500 534 ea
523 513 582 541 quae
602 505 678 540 prius
704 512 720 532 ιι
747 505 828 532 nobis
843 505 997 540 excogitata
1021 510 1107 538 sunt,

320 555 402 583 etiam
418 554 475 582 hare
495 556 602 589 oportet
616 559 765 582 assumere,
782 551 855 586 quod
879 551 1107 584 quemadmodum

318 601 440 637 quidem,
454 600 500 627 ubi
515 600 548 628 de
560 604 637 627 utero
653 598 699 626 Dei
713 602 741 626 et
758 602 820 625 ante
831 597 985 625 Luciferum
999 598 1107 634 genitus

317 648 430 678 dicitur,
448 646 562 681 ﬁgurate
581 653 632 673 nos
647 645 711 672 talia
727 644 878 680 intelligere
891 649 1008 679 oportet,
1022 649 1048 672 et
1061 653 1106 673 se-

317 694 436 721 cundum
449 691 697 721 eonsiderationem
716 691 789 718 illam
807 691 940 717 duntaxat
951 698 1012 725 quae
1024 690 1058 718 de
1072 691 1106 719 iis

315 739 399 767 rebus
417 739 543 770 habetur,
558 745 619 773 qua:
633 738 691 764 sola
706 735 884 772 intelligentia
900 736 1057 771 capiuntur,
1069 737 1105 764 ita

315 785 397 813 etiam
427 783 495 811 illud
529 783 652 817 accipere
683 782 833 810 debemus:
859 790 870 808 ι
895 782 1035 810 Eructavit
1057 789 1106 809 cor

310 835 405 859 meum
426 831 539 858 verbum
559 829 683 857 bonum:
703 839 712 856 ι
743 829 824 864 180
846 829 919 864 quod
937 829 1046 865 quidem
1063 829 1106 858 di-

312 878 395 906 vinus
403 877 522 913 Spiritus
538 877 688 905 secundum
705 876 792 903 solam
807 876 1012 912 intelligentiam
1027 883 1105 903 enar-

313 928 366 952 rat.
379 923 484 957 Quibus
501 931 566 951 sane
587 930 638 951 nos
661 922 774 950 verbum
798 921 865 949 illud
877 942 884 955 ,
915 929 966 957 pro
980 922 1102 950 clausula

1164 320 1394 356 μεταλαμὸἀνειν,
1421 320 1516 357 ὥσπερ
1535 329 1566 355 γε
1587 321 1642 348 ἀπὸ
1667 322 1786 358 γαστρὸς
1800 324 1847 349 τοῦ
1871 324 1950 355 Θεοῦ,

1162 367 1208 393 καὶ
1228 367 1281 402 πρὸ
1304 367 1459 402 Ἑωσφόρου
1475 367 1584 402 ἐλέγετο
1599 367 1778 403 γεγεννῆσθαι
1789 389 1796 399 ,
1813 370 1952 404 τροπικῶς

1161 414 1314 441 ἀκουόντων
1330 414 1409 449 ἡμῶν
1422 414 1456 441 τὰ
1468 413 1591 446 τοιαῦτα,
1611 415 1659 442 καὶ
1673 415 1743 441 κατὰ
1759 416 1842 450 μόνην
1856 415 1905 451 τὴν
1920 417 1949 444 ὲν

1160 461 1265 495 νοητοῖς
1288 459 1407 496 θεωρίαν
1423 460 1453 486 τὸ
1471 459 1662 496 παραπλήσιον
1685 461 1865 496 ἀποδέχεσθαι
1886 462 1949 498 χρή.

1159 506 1214 532 Καὶ
1227 508 1255 533 ὲν
1270 506 1318 542 τῷ,
1337 515 1346 532 ι
1370 505 1548 542 Ἐεηρεύξατο
1569 507 1586 541 ἡ
1609 507 1708 542 καρδία
1723 515 1774 542 μου
1786 506 1865 541 λόγον
1882 508 1951 542 ἀγα-

1159 552 1215 584 θὸν,
1228 562 1238 579 ι
1255 552 1326 579 κατὰ
1343 552 1427 588 μόνην
1442 552 1562 579 διάνοιαν
1577 552 1624 580 τοῦ
1641 552 1714 580 θείου
1730 553 1889 589 Πνεύματος
1901 553 1948 582 κα)⁸

1157 597 1244 624 ταῦτα
1257 597 1411 631 διεξιόντος,
1428 597 1470 632 ἐφ’
1493 595 1535 630 οἷς
1549 597 1595 624 καλ⁸
1609 597 1657 624 νῦν
1675 599 1741 634 ἡμῖν
1758 598 1847 633 λέγειν
1863 607 1948 634 προσ-

1158 644 1219 680 ήκει
1233 643 1265 670 τὸ
1284 643 1397 680 σύνηθες
1412 644 1455 679 ἐφ’
1470 644 1586 671 ἑκάστου
1600 644 1655 671 τῶν
1676 644 1741 680 περὶ
1758 645 1840 671 αὐτοῦ
1856 645 1946 672 θεολοο

1156 690 1309 725 γουμένων,
1332 691 1379 717 καὶ
1396 690 1506 722 εὐσεϐὲς
1526 691 1614 718 ὲκεῖνο
1631 690 1724 726 ῥῆμαι
1748 700 1758 717 ι
1781 691 1836 726 Τὴν
1851 691 1945 725 γενεὰν

1155 735 1239 762 αὑτοῦ
1257 736 1298 768 τίς
1316 736 1494 771 διηγήσεται;
1511 745 1522 763 ι
1544 735 1597 763 κᾶν
1618 736 1730 772 θνηταῖς
1743 737 1791 764 καὶ
1806 737 1945 772 ἀνθρωπί-

1155 789 1216 813 ναις
1239 782 1343 816 φωναῖς
1360 781 1482 817 συνήθως
1505 782 1570 817 ήμῐν
1593 782 1621 808 αἱ
1639 781 1708 808 θεῖαι
1725 782 1833 818 Γραφαὶ
1853 782 1901 808 καὶ
1915 781 1946 808 τὸ

1154 825 1298 861 γεννᾶσθαι
1316 826 1473 861 ὲπιλέγωσι,
1495 827 1542 854 καὶ
1566 826 1598 853 τὸ
1612 826 1730 862 γαστρὸς
1747 827 1831 862 ὄνομα
1857 835 1945 861 παρα-

1153 872 1323 908 λαμϐάνωσι.
1346 872 1439 900 Ταῦτα
1453 873 1507 910 γὰρ
1532 873 1617 909 μόνης
1630 872 1722 908 ἔχεται
1739 873 1788 909 τῆς
1803 873 1874 900 κατὰ
1887 873 1944 900 διά-

1154 928 1229 946 νοιαν
1247 919 1374 956 θεωρίας,
1386 919 1440 946 οὐδ’
1453 919 1540 951 ἄλλως
1556 919 1572 955 ἢ
1588 919 1681 955 νόμοις
1695 919 1859 955 ἀλληγορίας
1876 920 1943 946 ὑπο-

312 970 413 1000 addere
440 977 585 1006 possumus
600 969 668 997 satis
691 967 844 1001 commode,
858 967 932 1003 quod
949 972 976 996 et
988 975 1092 998 consue

1156 965 1327 1001 ϐεὸλημένα·
1344 965 1487 1002 ὼσπεροῦν
1502 966 1549 993 καὶ
1560 966 1604 992 τό·
1622 976 1631 991 ι
1653 965 1832 1002 Ἐξηρεύξατο
1844 967 1860 1000 ὴ
1876 975 1944 1002 καρ-

311 1017 401 1045 vimus
414 1017 441 1044 in
457 1016 584 1044 omnibus
604 1015 695 1043 dicere
707 1022 768 1050 quae
779 1013 813 1042 de
834 1014 881 1042 illo
896 1014 1049 1050 theologice
1061 1014 1101 1044 fe-

310 1069 420 1097 runtur,
436 1069 464 1092 et
481 1063 556 1091 omni
577 1063 675 1098 pietate
695 1061 826 1090 refertum
838 1066 890 1090 est.
911 1071 922 1088 ι
940 1062 1096 1090 Generatio-

309 1118 372 1138 nem
392 1110 451 1146 ejus
467 1111 530 1146 quis
544 1109 684 1137 enarrahit
703 1109 746 1136 "‘?
762 1119 772 1136 ι
789 1108 921 1143 Quamvis
936 1110 1099 1138 mortalibus

309 1156 492 1191 humanisque
505 1155 618 1183 vocibus
636 1155 829 1183 consueverint
848 1155 928 1183 nobis
944 1155 1041 1183 littera:
1057 1156 1095 1183 di-

308 1204 378 1231 vina:
391 1203 473 1230 etiam
495 1202 567 1230 illius
579 1205 669 1229 ortum
690 1208 837 1236 exponere,
851 1204 878 1228 et
892 1201 961 1228 uteri
979 1201 1099 1229 voeabu-

309 1249 365 1276 lum
382 1249 410 1276 in
429 1256 462 1276 eo
477 1254 613 1283 usurpare
626 1257 633 1275 :
655 1247 713 1275 haec
725 1247 798 1275 enim
814 1247 872 1275 sola
886 1248 1097 1283 contemplatio-

308 1303 343 1323 ne
355 1295 506 1323 secundum
520 1293 725 1329 intelligentiam
746 1294 912 1328 capiuntur,
939 1301 990 1321 nec
1018 1294 1098 1322 aliter

307 1341 416 1377 quidem
431 1347 512 1375 quam
526 1339 550 1367 si
565 1338 670 1374 legibus
687 1338 832 1374 allegoriae,
850 1346 911 1374 quae
932 1338 1097 1374 permutatio

305 1387 418 1420 dicitur,
430 1386 553 1421 subjecta
569 1385 669 1413 fuerint
681 1394 688 1418 ;
703 1392 758 1420 qua
773 1385 883 1420 quidem
897 1385 1003 1413 ratione
1014 1385 1096 1413 etiam

305 1435 372 1463 illud
388 1444 394 1462 :
418 1443 427 1459 ι
443 1432 584 1460 Eructavit
603 1439 650 1459 eor
666 1439 756 1462 meum
771 1431 884 1458 verbum
901 1431 1014 1462 bonum,
1036 1441 1046 1457 ι
1062 1431 1097 1458 de

305 1481 386 1517 primi
401 1479 483 1507 Verbi
494 1478 689 1506 constitutione
703 1477 832 1512 illiusque
845 1477 1041 1512 propagatione
1054 1477 1096 1504 di-

305 1530 379 1554 ctum
393 1533 471 1559 esse,
492 1524 627 1560 quispiam
643 1523 828 1556 alﬁrmaverit,
842 1523 954 1558 quando
973 1530 1028 1550 non
1044 1522 1095 1550 ali-

303 1576 347 1599 ter
360 1579 418 1603 eor,
434 1569 583 1598 secundum
609 1568 675 1596 illud
704 1576 752 1596 cor
776 1569 909 1596 duntaxat
933 1569 1007 1604 quod
1023 1569 1095 1604 apud

305 1628 357 1648 nos
375 1618 545 1653 intelligitur,
562 1617 588 1644 in
602 1616 656 1643 Deo
671 1615 751 1643 Patre
767 1615 892 1650 accipere
914 1615 954 1642 fas
971 1619 1014 1642 est
1031 1625 1037 1642 :
1059 1614 1090 1642 Et

303 1666 344 1695 sic
361 1665 470 1701 quidem
495 1663 565 1690 alius
588 1662 743 1698 quispiam:
764 1671 773 1687 ε
795 1660 912 1688 Verbum
937 1661 1010 1696 quod
1033 1667 1092 1689 erat

302 1713 330 1741 in
342 1711 476 1748 principio
493 1709 565 1746 apud
576 1709 670 1741 Deum,
684 1718 694 1734 ι
717 1708 743 1736 id
762 1707 863 1735 dixerit
878 1707 1033 1735 habendum
1058 1707 1092 1734 de

301 1766 355 1794 quo
375 1757 496 1793 psalmus
513 1755 643 1791 loquitur,
659 1754 732 1790 quod
746 1754 828 1782 etiam
843 1754 916 1781 bono
932 1753 1030 1781 merito
1049 1752 1092 1780 di-

301 1809 375 1833 ctum
391 1805 436 1836 sit.
453 1809 582 1839 tanquam
600 1803 634 1830 de
650 1801 731 1828 Patre
747 1801 850 1836 optimo
873 1801 994 1836 genitum
1011 1810 1018 1827 :
1039 1807 1090 1827 nos

300 1856 391 1878 autem
410 1851 438 1877 in
455 1850 560 1885 psalmo
584 1849 607 1876 si
633 1848 741 1882 longius
765 1847 846 1882 paulo
871 1847 1088 1882 progrediemur,

300 1897 374 1924 hunc
388 1897 422 1924 de
434 1904 489 1931 quo
506 1896 559 1923 tale
574 1895 733 1922 vaticinium
751 1894 848 1925 fertur,
868 1893 952 1924 hunc.
965 1893 1088 1928 inquam,

300 1943 390 1977 ipsum
406 1942 534 1969 dilectum
555 1940 619 1972 Dei,
649 1944 762 1967 unctum
785 1939 869 1966 fuisse
889 1946 987 1967 rursus
1001 1958 1008 1971 ,
1034 1945 1088 1966 non

299 1989 381 2018 sicuti
397 1996 413 2016 a
430 1987 504 2016 Mose
519 1992 565 2014 aut
577 1987 610 2014 ab
623 1987 676 2014 alio
689 1985 819 2022 quopiam
844 1985 954 2013 homine
966 2005 973 2017 ,
992 1985 1039 2013 sed
1054 1985 1088 2012 ab

299 2037 359 2072 ipso
371 2035 491 2070 ingenito
506 2040 530 2062 el
546 2033 637 2061 omnia
651 2032 721 2059 intra
735 2032 856 2066 seipsum
877 2031 993 2058 habente
1015 2030 1085 2063 Deo,

298 2086 380 2115 atque
395 2080 454 2114 ejus
478 2079 564 2114 ipsius
587 2077 685 2110 Patre,
713 2075 893 2104 inveniemus.
921 2075 1086 2111 Progressus

297 2128 381 2163 igitur
395 2127 523 2160 deinceps
540 2125 580 2153 sic
595 2125 633 2152 ait
648 2132 654 2150 :
670 2133 679 2149 ι
707 2123 852 2158 Propterea
869 2122 948 2149 unxit
973 2126 999 2150 te
1013 2121 1086 2150 Deus

297 2173 370 2200 Deus
402 2175 466 2199 tuus
502 2171 562 2198 oleo
600 2169 790 2198 exsultationis
823 2177 878 2204 pra:
906 2170 1085 2204 participibus

296 2221 351 2246 tuis
364 2219 387 2234 “
401 2227 408 2246 :
434 2227 443 2244 ι
459 2224 521 2245 eum
545 2216 629 2252 igitur
644 2216 690 2251 qui
707 2215 789 2250 hujus
806 2223 915 2251 quoque
931 2216 1027 2250 psalmi
1045 2221 1085 2243 te-

295 2263 424 2292 stimonio
438 2266 538 2288 unctus
550 2269 611 2288 esse
624 2260 725 2288 dicitur
734 2281 741 2293 ,
763 2269 882 2295 quonam
895 2261 949 2288 alio
974 2261 1084 2288 nomine

293 2308 357 2345 quis
371 2306 546 2343 appellaverit
559 2313 641 2341 quam
666 2305 822 2333 Christum?
836 2305 974 2334 Habemus
1000 2306 1083 2342 igitur
1098 2318 1121 2344 ι)

291 2355 348 2390 jam
367 2363 439 2382 nunc
455 2355 483 2380 in
495 2353 537 2381 his
560 2353 661 2384 verbis,
679 2352 749 2380 duas
762 2352 846 2387 hujus
857 2373 865 2383 ,
885 2353 932 2388 qui
949 2353 997 2380 tali
1013 2353 1083 2380 vati-

292 2401 366 2430 cinio
380 2400 552 2436 praedicatur,
569 2398 819 2432 denominationes,
837 2399 941 2426 Christi
953 2403 988 2427 ,et
1014 2399 1083 2427 dile-

293 2448 340 2480 cti,
353 2455 415 2475 cum
432 2447 491 2482 ipse
506 2445 645 2473 unctionis
664 2449 760 2472 auctor
775 2453 847 2472 unus
862 2449 889 2472 et
904 2445 975 2472 idem
987 2445 1023 2473 sit
1036 2445 1080 2472 di-

291 2498 352 2521 ctus
365 2502 372 2520 :
387 2492 518 2527 quocirca
532 2495 632 2519 unctus
641 2499 702 2519 esse
715 2491 815 2518 dicitur
827 2491 861 2523 is,
873 2491 907 2519 de
922 2499 976 2526 quo
991 2499 1082 2519 sermo

290 2544 343 2572 est,
355 2539 415 2567 oleo
431 2538 634 2569 exsultationis,
651 2543 679 2564 ut
692 2545 723 2565 ea
737 2545 820 2564 causa
832 2538 1009 2573 intelligatur,
1020 2545 1081 2573 quae

290 2586 460 2621 percurrenti
474 2585 522 2613 tibi
539 2593 636 2620 pauca,
649 2584 690 2613 vel
712 2584 820 2619 potius,
846 2592 954 2612 omnem
983 2585 1077 2611 talium

290 2633 435 2661 verborum
456 2640 566 2661 sensum
593 2631 766 2667 dispicienti,
798 2631 946 2658 constabit.
972 2630 1080 2658 Profert

290 2678 373 2713 igitur
389 2679 510 2713 psalmus
526 2678 614 2712 ipsum
638 2676 719 2712 plane
739 2676 772 2702 de
791 2683 846 2710 quo
860 2676 968 2703 interim
984 2675 1079 2702 vatici-

290 2729 382 2757 natur,
398 2726 498 2760 ipsum,
519 2725 641 2759 inquam,
660 2725 707 2752 Dei
724 2724 864 2756 dilectum,
883 2723 1036 2757 alloquens,
1047 2729 1078 2747 ea

288 2770 371 2797 verba
386 2778 447 2805 qua:
460 2770 540 2805 paulo
551 2774 614 2798 ante
631 2770 755 2805 exposita
776 2773 851 2801 sunt,
865 2769 892 2796 in
907 2767 1008 2802 quibus
1020 2766 1078 2793 dic-

290 2821 348 2843 tum
363 2821 423 2843 est:
441 2825 450 2842 ι
467 2815 553 2843 Sedes
567 2820 613 2842 tua
626 2835 634 2847 ,
656 2816 726 2843 Deus
737 2836 744 2847 ,
767 2816 793 2842 in
818 2814 948 2843 saeculum
974 2812 1077 2843 saeculi,

287 2863 363 2898 virga
382 2862 553 2894 directionis,
569 2863 643 2897 virga
672 2862 748 2897 regni
775 2862 832 2894 tui;
861 2860 979 2888 dilexisti
993 2859 1077 2895 justi-

324 2954 344 2968 '°
359 2953 409 2980 lsa.
427 2959 485 2985 xui,
500 2952 526 2978 3.
565 2952 587 2968 "
602 2950 675 2978 l’sal.
696 2959 767 2983 sur,
783 2951 808 2978 8.

1151 1011 1195 1038 δία
1207 1020 1257 1047 μου
1269 1010 1349 1045 λόγον
1367 1011 1481 1046 ἀγαθὸν,
1503 1021 1512 1037 ›
1528 1011 1591 1047 περὶ
1608 1012 1657 1047 τῆς
1671 1011 1717 1038 τοῦ
1734 1011 1841 1048 πρώτου
1855 1012 1942 1046 Λόγου

1152 1057 1306 1089 συστάσεώς
1322 1066 1351 1084 τε
1367 1057 1414 1084 καὶ
1430 1057 1584 1089 οὺσιώσεως
1598 1057 1632 1084 ἂν
1648 1058 1713 1094 ςςαίη
1726 1067 1768 1090 τις
1783 1059 1940 1094 εἰρημένον·

1152 1102 1214 1129 ἐπεὶ
1228 1101 1289 1137 μηδ’
1307 1101 1395 1133 ἄλλως
1410 1102 1524 1138 καρδίαν
1536 1102 1584 1129 καὶ
1596 1102 1645 1138 τὴν
1662 1103 1728 1138 παρ’
1745 1104 1812 1138 ἡμῖν
1829 1104 1942 1139 νοουμέ-

1150 1157 1209 1183 νην,
1221 1148 1269 1174 καὶ
1279 1148 1327 1174 ἐπὶ
1340 1148 1387 1175 τοῦ
1402 1148 1456 1176 τῶν
1465 1148 1534 1176 ὅλων
1544 1148 1612 1175 Θεοῦ
1625 1148 1734 1184 θεμιτὸν
1747 1149 1940 1184 ἐκλαμϐάνειν.

1157 1194 1236 1221 Ἀλλὰ
1249 1195 1304 1230 γὰρ
1321 1195 1336 1220 6
1356 1194 1406 1230 μέν
1424 1203 1466 1227 τις
1479 1195 1574 1222 τοῦτον
1587 1193 1656 1223 εἶναι
1675 1195 1719 1222 τὸν
1736 1197 1764 1222 ὲν
1783 1197 1855 1232 ἀρχῇ
1872 1196 1940 1232 πρὸς

1149 1241 1194 1268 τὸν
1203 1240 1270 1268 Θεὸν
1282 1241 1367 1275 Λόγον
1380 1241 1465 1276 φήσαι
1481 1241 1514 1268 ἂν
1527 1241 1572 1269 τὸν
1585 1241 1686 1279 ψαλμῷ
1697 1242 1872 1278 δηλούμενον,
1888 1243 1940 1270 Λό-

1148 1295 1196 1321 γον
1219 1287 1331 1319 εἰκότως
1350 1287 1544 1323 ὠνομασμένον
1566 1288 1678 1323 ἀγαθὸν,
1691 1288 1729 1320 ὡς
1750 1289 1783 1315 ἂν
1796 1288 1843 1316 τοῦ
1872 1297 1939 1316 παν⁴

1148 1331 1251 1366 αγάθου
1261 1332 1368 1368 [ἰατρὸς
1380 1332 1445 1360 ὄντα
1457 1334 1579 1368 γέννημα
1588 1342 1594 1348 ·
1609 1335 1689 1370 ἡμεῖς
1697 1333 1735 1366 δὲ,
1751 1334 1842 1369 μικρῷ
1857 1335 1885 1361 ἐν
1899 1334 1938 1369 τῷ

1147 1375 1248 1412 ψαλμῷ
1269 1378 1456 1414 προελθόντες,
1471 1379 1518 1406 τὸν
1535 1382 1785 1416 προφητευόμενον,
1802 1380 1885 1407 αὐτὸν
1904 1380 1936 1416 δὴ

1147 1423 1240 1450 τοῦτον
1254 1424 1299 1450 τὸν
1315 1425 1456 1460 ἀγαπητὸν
1472 1424 1520 1452 τοῦ
1536 1425 1614 1457 Θεοῦ,
1631 1424 1775 1462 κεκρίσθαι
1790 1425 1871 1453 πάλιν
1885 1426 1936 1462 οὺχ

1147 1465 1198 1496 ὦδε
1217 1469 1311 1506 ὥσπερ
1328 1471 1381 1497 ὑπὸ
1401 1471 1532 1505 Μωσέως,
1550 1471 1604 1499 οὐδ’
1620 1471 1658 1503 ὡς
1678 1471 1730 1498 ὑπό
1745 1480 1817 1504 τινος
1837 1472 1891 1499 τῶν
1906 1473 1935 1499 ὲν

1146 1515 1310 1552 ἀνθρώποις,
1335 1517 1393 1544 ἀλλ’
1417 1517 1463 1544 ὑπ’
1488 1517 1570 1545 αὑτοῦ
1593 1517 1640 1544 τοῦ
1659 1517 1796 1545 ἀνωτάτου
1820 1519 1868 1545 καὶ
1889 1518 1935 1545 ὲπὶ

1146 1562 1255 1588 πάντων
1269 1562 1337 1590 Θεοῦ
1356 1571 1387 1590 τε
1401 1563 1448 1590 καὶ
1461 1563 1568 1599 Πατρὸς
1581 1563 1664 1591 αὐτοῦ
1676 1565 1839 1600 εὑρήσομεν.
1853 1565 1933 1598 Λέγει

1145 1608 1168 1635 δ’
1180 1607 1227 1635 οὖν
1241 1608 1305 1644 ἑξῆς
1324 1609 1440 1645 προϊών·
1459 1618 1469 1636 ι
1486 1609 1537 1637 Διὰ
1552 1609 1632 1636 τοῦτο
1653 1609 1745 1646 ἔχρισέ
1762 1619 1792 1637 σε
1813 1611 1828 1637 6
1841 1610 1907 1641 Θεὸς
1918 1610 1934 1636 ό

1106 1646 1127 1675 C
1143 1655 1210 1687 Θεός
1234 1663 1280 1682 σου
1307 1655 1396 1683 ἔλαιον
1417 1655 1603 1690 ἀγαλλιάσεως
1622 1656 1697 1692 παρὰ
1717 1657 1781 1687 τοὺς
1802 1656 1932 1691 μετόχους

1145 1709 1202 1728 σου.
1211 1711 1220 1727 ι
1231 1702 1285 1728 Καὶ
1295 1701 1326 1737 δὴ
1332 1699 1381 1729 οὖν
1389 1701 1527 1729 κάνταῦθα
1536 1702 1581 1729 ὑπ’
1594 1702 1676 1729 αὑτοῦ
1686 1703 1732 1729 ἐπὶ
1743 1702 1852 1729 πάντων
1862 1702 1929 1729 θεοῦ

1143 1748 1282 1784 κεχρίσθαι
1306 1749 1565 1786 μεμαρτυρημένον,
1581 1749 1640 1782 πῶς
1655 1749 1688 1777 ἂν
1703 1749 1791 1781 ἄλλως
1814 1759 1856 1782 τις
1874 1751 1932 1777 ὀνο·

1143 1798 1254 1832 μὰσειεν
1268 1797 1284 1833 ἢ
1307 1798 1442 1833 Χριστόν;
1466 1798 1584 1833 Ἔχομεν
1602 1797 1745 1833 τοιγαροῦν
1760 1798 1810 1834 ἥδη
1826 1799 1873 1825 καὶ
1888 1798 1931 1825 διὰ

1140 1843 1244 1870 τούτων
1258 1843 1304 1870 δύο
1319 1844 1366 1870 τοῦ
1383 1843 1579 1880 θεσπιζομένου
1598 1843 1794 1880 προσηγορίας,
1810 1844 1929 1880 Χριστοῦ

1140 1890 1188 1916 καὶ
1206 1889 1359 1925 ἀγαπητοῦ,
1375 1890 1434 1921 ἑνὸς
1453 1891 1499 1917 καὶ
1515 1890 1562 1917 τοῦ
1581 1890 1664 1918 αὐτοῦ
1685 1890 1866 1926 κεκλημένου.
1882 1890 1928 1917 τοῦ

1139 1936 1188 1971 τῆς
1209 1936 1326 1972 χρίσεως
1341 1935 1438 1963 αἰτίου.
1452 1935 1498 1963 Διὸ
1512 1936 1620 1971 λέγεται
1639 1936 1783 1972 κεχρίσθαι
1799 1937 1814 1963 6
1833 1936 1929 1972 δηλού-

1141 1990 1220 2017 μενος
1231 1982 1270 2017 τῷ
1283 1983 1332 2017 τῆς
1344 1982 1531 2017 ἀγαλλιάσεως
1547 1983 1640 2019 ἐλαίῳ,
1653 1983 1702 2019 τὴν
1717 1983 1808 2010 αἰτίαν
1822 1983 1928 2010 ἐκδιδά-

1139 2038 1210 2062 σκει,
1234 2029 1295 2065 ἣτις
1313 2030 1495 2066 ἀναδραμόντι
1515 2039 1556 2058 σοι
1579 2031 1687 2067 μικρὸν,
1709 2031 1810 2067 μᾶλλον
1832 2032 1860 2058 δὲ
1879 2031 1928 2066 τὴν

1139 2076 1228 2102 πᾶσαν
1257 2075 1377 2102 διάνοιαν
1401 2075 1451 2112 τῆς
1481 2076 1581 2110 λέξεως
1603 2077 1831 2114 ὲπιθεωρήσαντι,
1858 2079 1925 2114 δήλη

1137 2121 1223 2149 ἔσται.
1238 2123 1306 2157 Φησὶ
1315 2122 1405 2150 τοίνυν
1417 2123 1431 2150 ὁ
1449 2123 1556 2159 ψαλμὸς
1570 2123 1644 2160 αὒτῷ
1657 2123 1689 2160 δὴ
1702 2124 1742 2160 τῷ
1754 2133 1925 2160 προφητευο-

1138 2167 1211 2202 μένῳ
1222 2166 1332 2203 Χριστῷ
1353 2168 1399 2194 καὶ
1413 2168 1548 2204 ἀγαπητῷ
1560 2169 1607 2196 τοῦ
1616 2169 1696 2201 Θεοῦ,
1705 2170 1875 2206 προσφωνῶν
1890 2171 1925 2198 τὰ

1137 2212 1227 2248 μικρῷ
1241 2212 1358 2249 πρόσθεν
1369 2213 1554 2250 ὲκτεθειμένα,
1566 2215 1595 2242 ὲν
1608 2212 1649 2246 οἷς
1657 2215 1759 2252 είρητο-
1774 2225 1784 2242 ‹
1796 2216 1825 2242 '0
1832 2215 1925 2251 θρόνος

1137 2268 1194 2291 σου,
1206 2261 1220 2286 6
1233 2259 1309 2292 Θεὸς,
1321 2261 1360 2292 είς
1367 2260 1414 2287 τὸν
1427 2260 1512 2287 αίῶνα
1522 2261 1570 2287 τοῦ
1579 2261 1686 2294 αἰῶνος·
1701 2262 1798 2298 ῥάϐδος
1807 2262 1923 2297 εὐθύτη-

1135 2314 1180 2338 τος
1190 2307 1206 2341 ἡ
1215 2306 1312 2342 ῥάϐδος
1318 2307 1366 2342 τῆς
1373 2306 1511 2342 βασιλείας
1520 2316 1576 2334 σου·
1586 2308 1732 2344 ⁴Ιιιγάπησας
1739 2308 1923 2344 δικαιοσύνην,

1134 2354 1180 2380 καὶ
1194 2354 1327 2389 ἐμίσησας
1344 2353 1466 2381 ἀδικίαν·
1486 2355 1529 2382 διὰ
1547 2356 1627 2382 τοῦτο
1640 2355 1731 2392 ἐχρισέ
1748 2365 1777 2383 σε
1799 2358 1813 2384 6
1829 2357 1896 2389 Θεὸς
1909 2358 1923 2384 6

1133 2399 1200 2431 Θεός
1209 2408 1254 2426 σου
1262 2399 1350 2426 ἔλαιον
1357 2399 1544 2434 ἀγαλλιάσεως
1554 2401 1630 2437 παρὰ
1640 2402 1702 2434 τοὺς
1711 2402 1840 2437 μετόχοκ
1847 2411 1903 2430 σου.
1909 2411 1919 2429 ι

1133 2446 1235 2481 Σκὲψαι
1258 2446 1412 2482 τοιγαροῦν,
1432 2448 1456 2474 εί
1473 2447 1510 2483 μὴ
1533 2447 1592 2483 Θεῷ
1608 2448 1695 2475 ταῦτα
1720 2450 1921 2484 προσφωνεῖ-ται

1131 2491 1271 2527 ἇντικρυς’
1293 2502 1301 2518 ι
1322 2493 1357 2518 Σὺ
1380 2502 1388 2519 ι
1408 2492 1474 2529 γὰρ,
1492 2494 1584 2528 φησὶν,
1602 2503 1611 2519 ι
1629 2494 1644 2520 6
1661 2494 1740 2527 Θεὸς,
1761 2504 1770 2520 ο
1787 2495 1848 2522 ἀντὶ
1862 2494 1920 2527 τοῦ,

1131 2534 1153 2564 ὦ
1168 2537 1229 2570 Θεὲ,
1241 2538 1254 2563 ό
1270 2537 1363 2574 θρόνος
1379 2546 1425 2565 σου
1443 2540 1482 2570 εις
1496 2539 1542 2566 τὸν
1557 2539 1642 2566 αίῶνα
1658 2539 1704 2566 τοῦ
1719 2539 1817 2572 αἰῶνος
1829 2541 1919 2576 ὑπάρ-

1131 2590 1183 2617 χει,
1201 2581 1247 2608 καὶ
1268 2582 1365 2617 ῥάϐδος
1391 2582 1538 2618 εὐθύτητος
1560 2585 1578 2619 ὴ
1604 2583 1701 2619 ῥάϐδος
1718 2585 1766 2620 τῆς
1783 2584 1919 2619 βασιλείας

1131 2637 1189 2655 σου.
1208 2629 1263 2655 Καὶ
1279 2629 1340 2655 ἐπεὶ
1359 2629 1390 2656 σὺ
1406 2629 1487 2661 αὐτὸς
1501 2631 1515 2656 6
1535 2630 1602 2662 Θεὸς
1620 2631 1766 2665 ἠγάπησας
1782 2631 1918 2658 δικαιοσὺ-

1130 2683 1189 2709 νην,
1212 2675 1259 2700 καὶ
1275 2674 1410 2710 ἐμίσησας
1434 2674 1550 2707 ἀδικίαν,
1572 2674 1616 2701 διὰ
1639 2675 1719 2702 τοῦτο
1743 2676 1835 2712 ἐχρισέ
1857 2685 1886 2703 σε
1904 2677 1919 2703 6

1129 2720 1195 2751 Θεὸς
1215 2721 1228 2746 6
1243 2720 1308 2752 Θεός
1325 2729 1383 2753 σου,
1403 2721 1450 2747 καὶ
1468 2721 1583 2756 Χριστόν
1600 2729 1628 2747 σε
1650 2723 1726 2756 παρά
1743 2722 1847 2753 πάντας
1866 2731 1916 2749 κα-

1129 2766 1287 2801 τεστήσατο.
1309 2776 1319 2792 ›
1334 2766 1502 2802 Λευκάτερον
1517 2766 1546 2792 δὲ
1562 2767 1664 2794 τούτων
1679 2767 1696 2802 ή
1715 2767 1848 2803 Ἐϐραίων
1865 2777 1916 2795 πα-

1131 2810 1237 2845 ρίστησι
1262 2811 1366 2846 γραφὴ,
1393 2812 1427 2846 ἠν
1455 2811 1524 2846 πρὸς
1552 2811 1696 2846 ἀκρίϐειαν
1724 2813 1882 2848 ἑρμηνεύων
1901 2813 1916 2839 ό

1135 2855 1259 2888 Ἀκύλας,
1273 2853 1324 2890 ᾧδέ
1340 2865 1397 2888 πως
1408 2856 1649 2888 ὲξέδωηνιείπών·
1669 2867 1678 2882 ι
1702 2857 1731 2883 '0
1745 2857 1839 2893 θρόνος
1856 2866 1914 2893 σου,
