2084 3216
209 160 263 189 505

671 159 1000 189 DEHONSTIIATIONIS
1016 159 1245 189 EVANGELICIE
1264 158 1333 188 LIB.
1353 159 1398 186 IV.

1788 144 1841 190 {os

208 219 268 251 Θτὲ,
287 219 327 249 εἷς
352 218 439 246 αἰῶνα
456 218 504 246 καὶ
527 218 581 245 ἔτι·
601 219 739 255 σκῆπτρον
764 219 908 254 εὐθύτητος
933 220 986 255 σκῆ

1051 220 1127 253 tiam,
1144 223 1172 247 et
1187 218 1273 248 odisti
1289 218 1477 254 iniquitatem:
1491 221 1635 255 propterea
1643 220 1721 246 unxit
1731 223 1757 246 te
1768 219 1841 249 Deus

208 273 293 301 πτρον
310 265 449 300 βασιλείας
464 274 520 292 σου.
541 265 699 303 Ἦγάπησας
714 266 828 294 δίκαιον.
843 266 890 292 καὶ
904 266 1000 302 ἐμίση-

208 320 258 344 σας
284 312 423 348 ἀσέϐημα·
446 312 492 338 ἐπὶ
520 311 606 347 τούτῳ
633 312 726 347 ἤλειφέ
758 321 786 338 σε
803 313 818 338 ὁ
834 312 871 348 (I)
891 312 955 344 Θεὸς
984 314 998 339 ὸ

206 358 273 390 Θεός
293 367 340 385 σου
368 358 457 385 ἔλαιον
480 359 567 394 χαρᾶς
592 358 646 385 ἀπὸ
667 359 782 394 ἑταίρων
808 367 864 385 σου.
890 369 899 384 ›
927 359 998 385 ’Λντὶ

206 404 273 439 γοῦν
287 405 335 431 τοῦ
353 415 362 430 ι
380 405 393 430 ὀ
406 404 471 436 Θεὸς
486 406 500 431 ὁ
516 404 583 436 Θεός
599 413 656 437 σου,
670 414 679 430 ι
695 405 764 440 αὑτὴ
780 406 796 440 ἠ
809 405 939 440 Ἐὃραῖκὴ
953 405 997 431 λέ-

206 451 258 483 ξις,
278 460 287 476 ι
308 450 370 482 Θεὲ,
393 452 406 477 ὁ
422 450 488 482 Θεὸς
504 459 562 482 σου,
590 461 599 476 ι
619 451 751 486 περιέχει,
771 452 815 477 ἵνα
871 452 900 478 τὸ
921 452 994 478 ὀλον-

211 497 382 533 Ἦγάπησας,
397 494 419 524 ὦ
434 496 493 528 Θεὲ,
506 496 536 523 τὸ
548 496 660 528 δίκαιον,
676 497 723 523 καὶ
737 497 873 533 ἐμίσησας
885 497 916 523 τὸ
933 498 997 524 ἀσέ-

203 543 298 579 ϐημα·
314 544 408 580 διόπερ
423 544 470 570 ἐπὶ
490 543 577 578 τούτῳ
603 542 694 579 ἔχρισέ
716 552 756 574 σε,
775 540 797 570 ὦ
818 544 878 575 Θεὲ,
896 545 910 570 ὁ
925 544 995 570 ἀνω-

202 589 279 616 τάτω
293 590 340 616 καὶ
357 589 455 625 μείζων
470 590 551 621 αὐτὸς
565 590 579 615 ὸ
596 589 643 615 καὶ
661 588 707 615 σοῦ
723 589 798 621 Θεὸς,
811 589 849 621 ὡς
863 587 932 615 εἷναι
949 591 996 616 καὶ

201 634 248 661 τὸν
264 634 406 670 χριόμενον
422 635 468 661 καὶ
484 634 528 662 τὸν
546 635 655 670 χρίοντα
672 634 739 661 πολὺ
762 635 892 670 πρότερον
903 654 911 666 ,
929 635 996 661 πάν-

200 689 256 707 των
275 681 324 716 μὲν
345 680 410 708 ὄντα
429 681 510 713 Θεὸν,
532 681 579 707 καὶ
599 681 682 707 αὐτοῦ
698 681 726 707 δὲ
748 681 928 716 διαφερόντως
947 680 994 707 τοῦ

200 726 358 761 χριομένου.
371 726 454 753 Τοῦτο
463 726 491 752 δὲ
501 726 548 753 καὶ
561 726 628 762 αὐτῇ
640 726 818 761 ὲπιστήσαντι
829 727 861 762 τῇ
879 726 993 761 Ἐὅραίξι

200 769 309 807 γλώττῃ
325 771 440 806 φανερὸν
458 771 490 798 ἂν
510 771 626 805 γένοιτο.
652 771 714 798 Ἐπὶ
736 771 790 807 γὰρ
810 772 859 807 τῆς
882 771 993 807 πρώτης

200 817 368 852 ἐπωνυμίας,
386 817 446 844 καθ’
461 818 494 853 ἦν
509 819 522 844 ὁ
543 817 668 850 Ἀκύλας,
689 827 697 843 ι
717 817 810 853 θρόνος
824 826 882 849 σου,
899 817 958 849 Θεὲ,
981 827 989 842 ι

200 862 358 898 ἡρμήνευσε
380 863 473 896 σαφῶς
496 864 557 890 ἀντὶ
575 864 621 890 τοῦ
639 865 655 890 ὁ
674 863 745 896 Θεὸς
768 862 821 890 Θεὲ
848 862 942 895 είπὼν,
961 862 991 888 τὸ

1051 266 1122 294 Deus
1133 271 1197 294 tuus
1214 265 1277 293 oleo
1288 265 1480 293 exsultationis
1490 273 1545 301 prae
1556 265 1735 301 participibus
1746 266 1811 295 tuis.
1826 276 1838 294 ι

1052 312 1129 347 181
1163 312 1273 347 Inspice
1298 311 1381 346 igitur
1404 311 1526 339 Deumne
1561 312 1589 339 in
1616 312 1658 339 his
1685 313 1840 348 alloquatur

1049 358 1217 393 planissime,
1231 365 1266 384 an
1282 365 1336 384 non
1350 367 1355 384 :
1372 366 1469 393 nempe
1482 367 1491 383 ‹
1507 362 1546 391 tu,
1560 368 1570 384 ι
1580 358 1672 394 inquit
1682 380 1689 391 ,
1704 367 1713 384 ι
1730 358 1812 389 Deus,
1826 368 1836 385 ι

1048 411 1098 438 pro
1114 411 1147 431 eo
1162 404 1235 439 quod
1251 408 1293 430 est
1305 423 1311 435 ,
1328 413 1337 429 ‹
1352 411 1368 430 o
1381 403 1469 435 Deus,
1485 405 1564 432 sedes
1587 408 1633 431 tua
1657 404 1683 431 in
1705 404 1837 432 saeculum

1048 449 1142 477 saeculi
1163 454 1273 482 exstat,
1299 452 1326 476 et
1354 450 1428 485 virga
1455 450 1633 482 directionis,
1660 450 1738 485 virga
1759 450 1836 486 regni

1047 496 1108 524 tui:
1127 500 1154 524 et
1170 498 1298 531 quoniam
1315 500 1343 523 tu
1356 496 1423 530 ipse,
1447 496 1532 530 Deus,
1553 497 1834 532 dilexistijustitiam,

1046 547 1074 570 et
1101 543 1184 570 odisti
1213 543 1402 579 iniquitatem,
1431 547 1575 578 propterea
1602 543 1681 570 unxit
1710 547 1736 570 te
1763 542 1836 570 Deus

1046 589 1118 617 Deus
1141 593 1223 622 tuus,
1245 594 1272 617 et
1296 590 1437 617 Christum
1460 595 1487 618 te
1508 597 1564 624 prae
1585 590 1714 617 omnibus
1729 588 1835 617 consti—

1046 636 1107 662 tuit.
1126 645 1134 661 ι
1151 635 1203 663 Sed
1227 636 1305 671 longe
1321 636 1364 664 his
1381 636 1483 663 clarius
1500 635 1642 671 Scriptura
1657 635 1834 663 Hebraeorum

1046 681 1116 708 idem
1133 682 1319 714 demonstrat,
1342 689 1424 717 quam
1442 682 1538 717 Aquila
1561 681 1767 709 accuratissime
1790 680 1833 708 in-

1046 731 1216 762 terpretans,
1232 727 1273 754 his
1289 728 1379 754 verbis
1393 728 1497 755 edidit:
1513 736 1522 752 ι
1536 726 1620 754 Sedes
1637 730 1682 753 tua
1693 747 1699 758 ,
1715 734 1731 754 θ
1748 725 1830 758 Deus,

1045 773 1072 799 in
1090 773 1221 800 saeculum
1258 777 1285 801 et
1303 774 1393 801 ultra:
1412 779 1550 808 sceptrum
1572 773 1747 804 directionis,
1770 779 1831 800 scab

1044 822 1136 852 ptrum
1156 818 1231 853 regni
1250 818 1290 845 tui
1305 828 1312 846 :
1330 818 1529 854 dilexistiquod
1543 819 1646 853 justum
1663 823 1714 849 est.
1730 822 1757 846 et
1771 818 1831 845 odi-

1044 864 1077 891 sti
1104 865 1293 899 impietatem;
1318 873 1401 900 super
1427 865 1497 898 hoc,
1525 866 1602 893 unxit
1628 870 1671 897 te,
1694 873 1712 893 o
1735 865 1828 898 Deus,

206 897 351 945 Ἐϐραῖκὸν
379 910 484 945 Ἐλωτμ
511 911 643 946 περιέχει.
670 910 816 937 Κάνταῦθα
838 910 867 935 δὲ
890 909 988 945 ὁμοίως

1044 909 1115 937 Deus
1130 914 1194 938 tuus
1208 911 1269 938 oleo
1285 897 1385 938 laetitiae
1400 912 1434 938 ab
1452 912 1549 939 amicis
1563 917 1627 939 [ωε.
1643 921 1652 938 ι
1668 911 1720 938 Pro
1734 919 1766 939 eo
1778 897 1830 946 igi-

198 955 246 981 ἐπὶ
256 954 314 988 τοῦ,
331 965 340 981 ι
356 955 406 982 Διὰ
419 956 498 983 τοῦτο
511 956 603 992 ἔχρισε
618 966 659 989 σε,
676 957 735 988 Θεὲ,
756 966 764 982 ι
779 956 810 982 τὸ
825 955 925 991 Ἐλωῒμ
939 964 991 982 πα-

199 1001 353 1036 ρείληπται.
367 1002 436 1037 ὅπερ
446 1002 505 1038 τὴν,
516 1001 538 1029 ὦ
550 1003 613 1036 Θεὲ,
626 1002 756 1038 κλητικὴν
770 1003 863 1038 ἐδήλου
877 1002 988 1028 πτῶσιν·

196 1046 258 1072 ἀντὶ
272 1045 299 1072 δὲ
317 1046 367 1081 τῆς
381 1047 463 1082 ὀρθῆς
480 1048 526 1074 καὶ
543 1047 650 1079 εὐθείας
668 1047 716 1073 τοῦ
738 1047 877 1082 ὀνόματος,
894 1047 955 1073 καθ’
976 1047 990 1072 ὃ

194 1091 319 1127 εἴρηταιο
337 1102 345 1118 ι
364 1093 413 1120 Διὰ
429 1092 506 1120 τοῦτο
526 1093 617 1129 ἔχρισέ
635 1102 675 1126 σε,
690 1093 703 1119 ὁ
717 1093 784 1124 Θεὸς
801 1094 815 1119 ὁ
836 1093 911 1125 Θεὸς,
934 1102 943 1118 ι
960 1093 989 1119 τὸ

200 1135 345 1172 Ἐϐραῖκὸν
369 1138 479 1171 Ἐλωὰχ
507 1138 640 1173 περιέχει,
666 1137 768 1173 σφόδρα
789 1137 988 1173 ἀπηκριϐωμέ-

193 1190 265 1214 νως.
287 1183 320 1210 ἶν’
377 1183 407 1216 -ςδ
429 1183 478 1218 μὲν
504 1183 615 1219 Ἐλωῖμ,
637 1183 707 1210 κατὰ
729 1183 860 1218 κλητικὴν
886 1183 988 1210 πτῶσιν

193 1229 414 1266 ὲξενηνεγμένον,
433 1231 530 1267 δηλοῦν
552 1232 593 1264 τὸ,
613 1229 636 1258 ὧ
657 1231 720 1263 ess,
735 1231 766 1257 τὸ
789 1232 816 1258 δὲ
841 1232 954 1267 Ἐλωὰχ,
972 1234 988 1258 0'

193 1275 268 1308 Θεός
290 1283 359 1308 σου,
382 1276 453 1303 κατὰ
468 1276 518 1311 τὴν
537 1276 662 1303 εὐθεῖαψ
687 1276 757 1303 ὥστε
772 1277 893 1312 ἀκριϐῶς
916 1277 987 1312 ἔχειν

191 1320 243 1356 τὴν
264 1321 389 1356 φήσασαν
411 1322 575 1358 ἑρμηνείαν·
593 1332 601 1348 ι
630 1322 681 1348 Διὰ
697 1322 775 1348 τοῦτο
798 1322 889 1358 ἔχρισε
909 1332 948 1356 σε,
973 1325 987 1350 ὁ

190 1366 258 1398 Θεὸς
271 1367 284 1393 ὁ
297 1367 364 1399 Θεός
379 1376 437 1395 σου.
459 1378 468 1394 ι
489 1368 646 1395 Λευκότατα
662 1368 727 1403 γοῦν
745 1370 759 1395 ὸ
772 1369 850 1402 λόγος
863 1369 907 1395 διὰ
926 1370 987 1396 τού-

189 1422 245 1441 των
269 1413 328 1450 Θεῷ
353 1416 533 1451 προσφωνῶν,
561 1416 644 1451 φησὶν
669 1416 749 1443 αὑτὸν
771 1416 913 1452 κεκρίσθαι
935 1417 986 1443 ὑπὸ

190 1459 238 1486 τοῦ
252 1460 321 1487 Θεοῦ
338 1460 420 1496 ἐλαίῳ
436 1461 623 1496 ἀγαλλιάσεως
640 1463 717 1498 παρὰ
731 1463 835 1495 πάντας
851 1463 914 1494 τοὺς
928 1463 986 1490 πώ-

189 1514 258 1532 ποτε
282 1507 331 1542 τῆς
359 1508 444 1543 αὐτῆς
467 1508 542 1544 αὐτῷ
568 1509 771 1545 μετεσχηκότας
789 1510 983 1545 προσηγορίας.

1043 961 1087 983 tur
1112 957 1185 992 quod
1210 962 1274 989 est,
1303 958 1375 985 Deus
1403 958 1474 986 Deus
1490 963 1569 991 tuus,
1596 958 1747 986 Hebraicus
1770 959 1830 993 ipse

1041 1006 1186 1029 ('onlexlus
1203 1002 1299 1035 habet,
1316 1012 1324 1027 I
1345 1011 1360 1029 ο
1376 1002 1446 1030 Deus
1457 1024 1463 1035 ,
1484 1002 1555 1030 Deus
1574 1007 1637 1031 tuus
1649 1025 1656 1035 ,
1673 1013 1681 1029 ι
1696 1006 1725 1030 ut
1739 1006 1827 1030 totum

1041 1048 1077 1075 sit
1091 1058 1097 1075 :
1116 1048 1240 1076 Dilexisti
1253 1069 1259 1081 ,
1278 1056 1294 1075 0
1310 1048 1398 1080 Deus,
1415 1049 1486 1083 quod
1502 1049 1608 1083 justum
1623 1053 1681 1081 est,
1699 1052 1726 1076 et
1743 1047 1826 1075 odisti

1041 1094 1228 1129 impietatem:
1254 1099 1397 1129 propterea
1420 1095 1454 1122 ob
1483 1096 1553 1122 hanc
1581 1102 1668 1130 ipsam
1693 1101 1824 1125 causam.

1041 1141 1119 1168 unxit
1134 1147 1176 1173 te,
1193 1149 1209 1168 ο
1225 1141 1313 1174 Deus,
1334 1142 1395 1173 ille,
1412 1142 1458 1176 qui
1475 1145 1539 1169 tuus
1555 1149 1664 1177 quoque
1679 1144 1720 1169 est
1738 1140 1823 1171 Deus,

1040 1191 1069 1214 ut
1086 1187 1122 1215 sit
1136 1191 1162 1214 et
1180 1187 1226 1222 qui
1244 1188 1354 1223 ungitur
1371 1187 1458 1219 Deus,
1476 1191 1503 1214 et
1518 1187 1565 1222 qui
1583 1187 1675 1221 ungit,
1695 1186 1741 1221 qui
1765 1186 1826 1220 qui-

1039 1233 1100 1260 dem
1122 1234 1158 1261 sit
1173 1234 1294 1261 omnium
1311 1233 1392 1260 Deus.
1418 1231 1476 1259 Hoc
1498 1236 1590 1259 autem
1606 1232 1630 1258 ei
1647 1231 1694 1266 qui
1710 1231 1825 1258 Hebrai-

1038 1287 1098 1306 cam
1122 1280 1241 1315 linguam
1265 1279 1423 1314 diligentius
1444 1277 1608 1309 attenderit,
1632 1276 1711 1311 plane
1731 1276 1826 1303 admo-

1038 1326 1103 1352 dum
1119 1326 1268 1353 constabit.
1287 1326 1354 1352 Nam
1371 1325 1398 1351 in
1415 1325 1503 1360 prima
1520 1323 1742 1350 denominatione
1753 1342 1760 1354 ,
1776 1321 1824 1349 ubi

1038 1372 1153 1407 Aquila,
1169 1382 1177 1397 ι
1194 1372 1274 1400 sedes
1291 1376 1336 1398 tua
1349 1392 1355 1404 ,
1376 1380 1393 1399 ο
1414 1371 1502 1402 Deus,
1521 1380 1530 1396 )
1546 1369 1741 1404 interpretatus
1760 1371 1822 1402 est;

1038 1419 1085 1454 qui
1102 1418 1182 1453 plane
1197 1426 1247 1453 pro
1262 1425 1294 1444 eo
1307 1416 1380 1452 quod
1398 1420 1439 1444 est
1456 1416 1526 1443 Deus
1537 1435 1544 1447 ,
1563 1425 1577 1442 ο
1594 1414 1682 1446 Deus,
1698 1413 1824 1441 enuntia-

1037 1466 1091 1497 vit,
1110 1465 1198 1499 ipsum
1215 1463 1378 1491 Ilehraieum
1394 1462 1476 1489 habet
1491 1461 1590 1488 Eloim.
1612 1460 1699 1487 Porro
1715 1460 1760 1487 hic
1776 1459 1822 1486 iti-

1037 1512 1098 1541 dem
1115 1513 1142 1539 in
1160 1511 1222 1543 illo,
1237 1520 1247 1536 ι
1264 1514 1406 1546 propterea
1421 1509 1500 1536 unxit
1513 1513 1554 1541 te,
1570 1516 1586 1535 ο
1600 1507 1671 1534 Deus
1683 1527 1690 1540 ,
1707 1516 1716 1533 ι
1733 1506 1822 1542 ipsum

190 1554 286 1589 Ἔχεις
306 1555 451 1590 τοιγαροῦν
472 1556 501 1582 ὲν
518 1554 625 1587 τούτοις
646 1554 739 1589 σαφῶς
762 1555 828 1581 Θεὸν
842 1556 985 1591 χριόμενον

1040 1557 1126 1585 Eloim
1141 1558 1315 1593 intelligitur,
1332 1556 1402 1591 quod
1419 1556 1573 1583 vocativum
1587 1561 1681 1581 casum
1691 1574 1698 1586 ,
1713 1561 1727 1579 ο
1739 1553 1821 1584 Deus.

189 1600 238 1626 καὶ
252 1600 371 1636 Χριστὸν
386 1601 539 1636 γινόμενον,
559 1602 588 1627 οὐ
606 1601 684 1637 μύρῳ
698 1601 850 1637 σχευαστῷ,
872 1602 926 1627 οὐδ’
938 1602 984 1627 ὑπ’

187 1645 342 1682 ἀνθρώπων
356 1648 397 1679 εἰς
409 1647 488 1674 τοῦτο
501 1648 644 1684 παριόντα,
660 1647 717 1675 ἀλλ’
738 1648 799 1674 οὐδὲ
816 1649 871 1679 τοῖς
884 1647 985 1680 λοιποῖς

188 1692 346 1728 ἀνθρώποις
363 1692 563 1729 παραπλήσιον.
591 1693 620 1719 '0
642 1693 669 1719 δὲ
690 1694 771 1724 αὐτὸς
795 1690 871 1725 οὗτος
889 1691 923 1728 ἧν
939 1694 986 1720 καὶ

188 1738 333 1775 ἀγαπητὸς
349 1738 395 1765 τοῦ
414 1739 492 1771 Θεοῦ,
510 1739 557 1765 καὶ
571 1739 694 1775 γέννημα
717 1739 799 1765 αὑτοῦ
822 1739 870 1766 καὶ
896 1739 985 1775 ἱερεὺς

191 1784 304 1816 αἰώνιος
320 1786 368 1812 καὶ
394 1785 537 1821 σύνθρονος
560 1786 779 1821 ἀνηγορευμένος
800 1785 846 1812 τοῦ
868 1786 983 1822 Πατρός.

187 1831 237 1862 Τίς
252 1831 273 1858 δ’
290 1831 324 1858 ἂν
338 1829 414 1864 οὗτος
431 1832 472 1867 εἴη
488 1833 504 1867 ἢ
522 1832 536 1857 ὁ
552 1831 724 1867 πρωτότοκος
738 1831 785 1858 τοῦ
807 1831 874 1858 Θεοῦ
889 1831 983 1865 Λόγος,

184 1878 201 1904 ὁ
216 1878 247 1904 ὲν
264 1878 336 1913 ἀρχῇ
354 1878 422 1914 πρὸς
438 1878 483 1904 τὸν
500 1879 565 1904 Θεὸν
584 1878 651 1910 Θεὸς
667 1878 715 1909 ὼν,
736 1879 750 1904 ὁ
766 1878 811 1904 διὰ
831 1877 922 1913 πάσης
936 1879 985 1913 τῆς

185 1923 280 1950 ἐνθέου
305 1924 324 1950 Γ
328 1924 416 1960 ραφῆς
439 1924 665 1960 θεολογούμενος;
685 1924 722 1956 ὡς
739 1924 786 1950 καὶ
801 1925 829 1951 ὲν
851 1926 906 1955 τοῖς
922 1923 984 1959 ἑξῆς

183 1970 230 1998 διὰ
241 1971 373 1998 πλειόνων
388 1971 401 1997 ὁ
418 1971 495 2006 λόγος
513 1971 615 2007 προῖὼν
631 1970 769 2002 ἐπιδείξει.
788 1970 897 1997 Τούτων
916 1970 983 2006 δῆτα

185 2017 457 2053 προτεθεωρημένων
472 2019 536 2053 ἡμῖν
556 2018 619 2053 περὶ
632 2018 682 2053 τῆς
694 2016 741 2043 τοῦ
757 2016 874 2052 Χριστοῦ
887 2016 984 2043 οὐσιῶ-

185 2061 257 2094 σεώς
271 2071 303 2089 τε
318 2063 365 2090 καὶ
380 2063 574 2098 προσηγορίας,
595 2063 660 2099 φέρε
681 2063 783 2095 λοιπὸν,
802 2062 982 2094 ἀναλαϐόντες

183 2109 235 2144 τὴν
263 2109 446 2144 πρπαθείσαν
475 2109 614 2141 ὑπόθεσιν,
646 2109 680 2135 δι’
709 2109 779 2135 ὅσων
805 2108 982 2144 προφητικῶν

184 2156 367 2192 προρρήσεων
398 2157 412 2183 ὁ
439 2156 556 2191 Χριστὸς
585 2156 717 2190 ὀνομαστὶ
744 2155 980 2191 ποοεκηρύττετο,

183 2200 360 2236 θεασώμεθα.

1037 1605 1183 1640 significat.
1205 1603 1258 1630 Pro
1282 1607 1356 1630 recto
1376 1610 1439 1629 vero
1462 1601 1581 1628 nominis
1604 1607 1686 1631 casu.
1708 1599 1756 1626 ubi
1780 1598 1822 1625 di-

1036 1656 1110 1678 ctum
1126 1654 1167 1677 est
1183 1659 1190 1678 :
1206 1659 1215 1675 ‹
1232 1654 1376 1684 propterea
1402 1649 1479 1675 unxit
1496 1651 1522 1674 te
1541 1646 1612 1674 Deus
1626 1646 1698 1673 Deus
1711 1649 1792 1677 tuus,
1809 1655 1820 1671 ι

1037 1697 1125 1731 ipsum
1143 1695 1307 1722 llebraicum
1328 1694 1409 1721 habet
1429 1692 1547 1724 Eloach,
1570 1691 1714 1719 admodum
1739 1698 1822 1718 accu-

1036 1748 1093 1770 rate
1107 1747 1187 1776 atque
1201 1741 1336 1776 exquisite
1350 1750 1356 1767 :
1372 1744 1401 1767 ut
1416 1740 1467 1772 sit,
1484 1739 1572 1774 ipsum
1588 1738 1697 1773 quidem
1713 1737 1800 1764 Eloim
1810 1755 1819 1768 ,

1037 1787 1160 1814 vocativo
1185 1794 1272 1817 casu,
1297 1785 1472 1820 signiﬁcans,
1494 1793 1509 1811 ο
1531 1783 1622 1814 Deus;
1643 1783 1732 1817 ipsum
1755 1789 1820 1809 vero

1036 1833 1136 1859 Eloach
1147 1853 1154 1864 ,
1171 1832 1240 1859 Deus
1258 1837 1335 1862 tuus,
1355 1835 1429 1858 recto
1445 1838 1510 1857 casu
1526 1839 1532 1857 :
1555 1833 1584 1856 ut
1602 1830 1659 1856 hec
1673 1828 1708 1856 sit
1723 1829 1820 1863 exqui-

1036 1877 1167 1904 sitissima
1196 1876 1403 1911 interpretatio,
1432 1883 1492 1911 qua:
1521 1875 1625 1901 habet:
1646 1883 1655 1899 ι
1673 1877 1818 1908 propterea

1037 1923 1113 1950 unxit
1129 1927 1173 1954 te,
1203 1930 1219 1950 ο
1242 1921 1330 1953 Deus,
1355 1921 1427 1949 Deus
1444 1925 1518 1948 tuus.
1537 1931 1546 1946 ι
1560 1920 1719 1947 Clarissime
1737 1920 1820 1954 igitur

1035 1971 1063 1997 in
1084 1970 1127 1997 his
1147 1969 1231 1997 Deum
1253 1969 1395 2004 alloquens
1408 1988 1415 2000 ,
1435 1968 1579 1995 oraculum
1600 1968 1638 1994 ait
1657 1967 1746 2002 ipsum
1766 1974 1818 1993 un—

1034 2020 1107 2043 ctum
1124 2024 1185 2043 esse
1202 2023 1217 2042 a
1234 2015 1304 2046 Deo,
1321 2015 1381 2041 oleo
1403 2014 1594 2042 exsultatiouis
1617 2021 1672 2048 pne
1691 2012 1819 2039 omnibus

1033 2063 1079 2098 qui
1101 2070 1220 2097 unquam
1241 2062 1363 2096 ejusdem
1381 2068 1443 2087 cum
1464 2060 1524 2095 ipso
1544 2060 1692 2095 participes
1713 2059 1817 2086 fuerint

1034 2108 1234 2143 appellationis.
1249 2107 1337 2134 IIabes
1352 2106 1433 2142 igitur
1446 2106 1472 2133 in
1488 2106 1529 2132 his
1545 2105 1714 2141 planissime,
1731 2104 1816 2132 Deum

1033 2155 1078 2188 qui
1105 2154 1227 2188 ungitur,
1253 2157 1280 2179 et
1302 2152 1430 2180 Christus
1453 2152 1578 2183 ellicitnr,
1600 2159 1655 2179 non
1680 2156 1818 2187 unguento

1033 2200 1203 2235 composito,
1225 2207 1313 2233 neque
1333 2199 1366 2224 ab
1385 2198 1542 2225 hominibus
1567 2198 1599 2224 ad
1626 2197 1652 2224 id
1677 2196 1818 2231 dignitatis

184 2254 363 2284 provectum,
380 2257 411 2276 ac
427 2258 461 2277 ne
477 2250 570 2278 cadent
587 2249 696 2284 quidem
714 2258 775 2277 cum
794 2250 900 2278 caeteris
916 2249 1070 2275 hominibus
1088 2248 1202 2274 ratione.
1220 2246 1304 2273 Porro
1323 2245 1365 2271 hic
1383 2245 1452 2271 idem
1471 2250 1513 2271 est
1529 2248 1555 2271 et
1574 2243 1692 2270 dilectus
1711 2243 1774 2275 Dei,
1791 2244 1817 2267 et

182 2294 308 2331 ejusdem
323 2295 427 2329 proles,
443 2300 469 2323 et
485 2295 613 2323 sacerdos
628 2301 746 2323 aeternus
757 2317 763 2328 ,
779 2301 806 2323 et
819 2303 964 2323 consessor
981 2294 1065 2330 patris
1079 2294 1180 2320 dictus.
1206 2292 1259 2319 Sed
1276 2293 1337 2327 quis
1352 2292 1395 2319 hic
1410 2292 1517 2318 tandem
1536 2291 1606 2322 erit,
1626 2289 1678 2317 nisi
1697 2289 1817 2323 primum

182 2343 307 2378 genitum
329 2343 375 2371 Dei
394 2343 528 2375 Verbum,
551 2343 597 2379 qui
616 2344 643 2371 in
659 2344 793 2379 principio
809 2344 879 2378 apud
896 2343 995 2373 Deum.
1013 2341 1084 2369 Deus
1099 2341 1179 2368 erat?
1195 2341 1273 2375 182
1290 2340 1335 2375 qui
1353 2347 1400 2374 per
1417 2343 1500 2366 totam
1511 2338 1631 2365 divinant
1649 2336 1817 2370 Scripturam

184 2389 351 2424 praedicatur
366 2393 395 2416 ut
420 2389 509 2422 Deus,
534 2389 762 2424 quemadmodum
779 2389 907 2424 deinceps
924 2389 1047 2415 oratione
1063 2387 1171 2422 longius
1196 2394 1374 2421 progressus,
1400 2386 1523 2420 pluribus
1549 2385 1637 2411 verbis
1663 2381 1817 2410 ostendam.

183 2434 254 2462 Cum
272 2435 330 2462 haec
346 2435 428 2470 igitur
444 2443 459 2461 a
475 2435 555 2462 nobis
571 2435 703 2462 hactenus
717 2434 889 2461 considerata
911 2434 965 2461 sint
985 2433 1018 2460 de
1031 2432 1134 2459 Christi
1149 2431 1360 2466 propagatione,
1376 2430 1463 2464 deque
1478 2429 1600 2463 ejuSdem
1618 2427 1810 2462 appellatione.

182 2484 312 2520 agedum,
329 2483 499 2518 propositum
513 2486 702 2517 argumentum
721 2486 885 2516 repetamuS,
904 2485 930 2508 et
945 2489 1025 2516 quam
1041 2480 1134 2508 multis
1149 2479 1315 2514 propheticis
1334 2478 1555 2514 praedictionibus
1575 2477 1700 2504 Christus
1719 2476 1812 2503 nomi—

182 2529 269 2558 natim
285 2529 322 2557 sit
338 2533 418 2557 antea
437 2527 597 2560 nuntiatus,
610 2527 838 2562 contemplemur.

554 2589 612 2621 ICI".

189 2645 259 2673 Ἀπὸ
288 2644 342 2672 τοῦ
367 2645 490 2679 ψαλμοῦ
518 2644 557 2671 B’.
573 2659 609 2665 —
626 2644 666 2671 Δι’
700 2644 782 2672 ὅσων
809 2646 826 2671 ό
850 2644 975 2678 Χριστὸς

219 2680 366 2715 ὀνομαστὶ
395 2680 454 2708 ὑπὸ
482 2679 638 2712 ,βασιλέων
665 2679 715 2706 καὶ
741 2680 895 2714 ἀρχόντων
926 2680 974 2706 καί

219 2715 316 2743 ἐθνῶν
329 2715 377 2742 καὶ
393 2715 477 2743 λαῶν
490 2715 757 2749 ἐπιϐουλευόμενος
767 2734 774 2746 ,
787 2714 821 2747 ἐξ
836 2715 928 2741 αὑτοῦ
946 2723 977 2741 τε

219 2750 275 2778 τοῦ
309 2750 383 2778 Θεοῦ
415 2747 616 2785 γεννώμενος,
647 2747 697 2776 καὶ
721 2750 787 2783 Υἱὸς
818 2750 975 2784 ἀνθρώ-που

222 2848 261 2884 (I)
280 2848 331 2876 Hic
349 2854 378 2876 ut
400 2858 472 2884 saepe
489 2850 624 2878 Eusebius
642 2849 785 2877 arianizat.
808 2849 875 2877 Nam
896 2850 971 2877 hunc

186 2885 278 2913 locum
294 2892 349 2912 non
364 2884 397 2912 de
414 2885 522 2915 homine
538 2889 678 2922 assumpto
691 2885 738 2914 sed
754 2884 809 2913 Deo
822 2886 971 2914 exsistente

1390 2581 1461 2610 XVI.

1029 2643 1050 2670 A
1072 2642 1175 2677 psalmo
1203 2650 1234 2669 Il.
1254 2656 1289 2661 —
1308 2640 1395 2677 Quam
1423 2638 1521 2677 multis_
1533 2638 1674 2677 scripturis
1692 2636 1816 2677 Chrisqu

1066 2672 1234 2708 nominatim,
1246 2672 1427 2712 qttiaﬁregibus
1441 2680 1464 2702 et
1480 2673 1641 2712 prineipfbus
1659 2680 1683 2712 ει
1695 2672 1817 2712 gentibus

1065 2718 1089 2740 et
1121 2713 1225 2746 populis
1252 2708 1464 2740 'rirrumoenitur.
1483 2714 1510 2746 et
1528 2709 1560 2735 ab
1580 2709 1637 2743 ipso
1657 2708 1711 2746 Deo
1730 2708 1817 2743 gigni-

1067 2744 1127 2780 tur,
1140 2744 1164 2774 et
1184 2747 1272 2774 Filius
1292 2747 1405 2774 hominis
1424 2745 1585 2780 appellatur,
1606 2744 1774 2779 gentiumque
1790 2749 1816 2769 ot

1027 2850 1234 2884 interpretatur,
1249 2854 1274 2877 et
1289 2847 1328 2876 sic
1345 2846 1477 2882 majorem
1492 2850 1519 2874 et
1533 2844 1666 2873 minorem
1681 2842 1815 2871 Deitatem

1026 2886 1133 2913 statuit.
