2084 3216
217 157 271 186 509

218 217 260 248 ζει
275 214 483 251 προαγορεύσας
496 215 510 241 ό
524 215 612 249 λόγος,
626 216 663 248 ὡς
675 216 708 244 ἂν
722 217 752 249 ἐξ
764 217 847 244 αὑτοῦ
861 217 1007 254 προσώπου

216 261 351 287 διδάσκων
377 260 457 287 αὐτὸν
481 257 550 286 εἶναι
575 260 621 286 τὸν
638 261 701 288 Υἰὺν
720 262 767 288 τοῦ
786 262 864 296 Θεοῦ,
885 262 928 289 διὰ
949 262 1007 295 τοῦ,

219 316 228 332 ι
245 305 348 341 Κύριος
366 305 427 332 εἷπε
445 305 511 341 πρὸς
528 305 562 341 μέ
573 314 580 321 ·
597 306 661 338 Υἱός
679 315 729 342 μου
745 305 770 334 ei
785 308 828 339 σὺ,
846 307 901 342 ἐγὼ
924 308 1010 343 σήμε-

216 360 263 388 ρον
279 351 434 386 γεγέννηκά
453 360 483 378 σε
502 360 508 367 ·
530 361 540 377 ›
564 348 586 386 ᾧ
608 352 778 388 παραθήσεις
797 353 889 380 καὶτὸ
903 354 932 379 ὲν
949 354 1007 380 Πα-

216 398 338 435 ροιμίαις
355 397 435 424 πάλιν
451 397 481 429 ἐξ
493 397 575 425 αὑτοῦ
594 398 740 433 προσώπου
752 395 803 425 ὧδέ
822 408 879 431 πως
894 400 1006 435 εἰρημέ-

215 453 276 472 νοψ
299 453 310 469 ι
325 443 382 480 Πρὸ
394 442 440 470 τοῦ
457 443 507 478 ὄρη
525 443 699 478 ἐδρασϐἦναιζ
716 444 769 480 πρὸ
783 444 811 471 δὲ
822 445 930 471 πάντων
945 445 1006 480 βου-

214 489 268 517 νῶν
282 489 366 525 γεννᾷ
382 496 426 524 με,
440 498 450 515 ι
466 488 497 515 τό
511 497 540 515 τε
557 490 585 515 ὲν
601 488 641 525 ρθ¹
650 489 749 525 ψαλμῷ
760 491 828 526 πρὸς
843 490 888 516 τοῦ
901 491 1007 527 Πατρὸς

215 536 289 572 αὐτῷ
305 535 572 571 προσπεφωνημένον
587 536 658 562 κατὰ
672 536 712 570 τὸ,
725 546 734 562 ι
758 537 803 563 Ἐκ
819 537 937 573 γαστρὸς
953 537 1006 573 πρὸ

219 582 374 618 Ἑωσφόρου
386 582 538 617 γεγέννηκά
550 590 589 608 σε.
604 592 613 607 ι
624 582 785 618 Ἐπίστησον
798 583 836 615 δὲ,
850 584 887 615 ὡς
899 584 946 610 ἕνα
958 584 1005 610 καὶ

213 629 260 656 τὸν
274 629 354 656 αὑτὸν
366 629 495 664 ὀνομαστὶ
511 628 627 664 Χριστὸν
643 627 711 664 ὁμοῦ
734 629 782 655 καὶ
795 629 858 656 Υἱὺν
875 629 943 656 Θεοῦ
959 630 1004 656 ὑπ’

212 674 364 712 ἀνθρώπων
380 674 629 710 ἐπιὸουλευόμενον,
647 674 693 700 καὶ
710 674 810 710 κλῆρον
824 674 858 701 τὰ
877 675 942 710 ἔθνη
955 675 1003 710 λη-

210 721 340 757 ψόμενον,
356 722 481 757 περάτων
495 729 526 747 τε
537 721 590 756 γῆς
604 721 776 757 κρατεήσοντα
792 721 963 754 θεσπίζουσιν
976 723 1003 749 αἱ

211 767 286 804 tegat
313 768 429 804 Γραφαὶ,
448 767 508 794 δυσὶ
524 766 684 803 τεκμηρίοις
707 767 756 802 τὴν
781 767 820 798 εἰς
844 766 1004 803 ἀνθρώπους

209 814 368 850 οἰκονομίαν
389 813 472 841 αὑτοῦ
490 814 682 849 σημαίνουσαι,
699 813 745 840 διά
762 822 791 839 τε
806 813 856 848 τῆς
872 813 931 839 κατ’
951 813 1002 839 αὺ-

210 860 258 886 τοῦ
279 860 414 895 συσκευῆς
430 860 478 887 καὶ
494 859 539 886 διὰ
553 860 603 895 τῆς
617 860 662 886 ὑπ’
675 859 755 886 αὑτὸν
771 859 825 886 τῶν
837 858 921 886 ἐθνῶν
935 859 1002 885 ὑπομ

209 913 308 940 ταγης.

680 158 1008 189 DEMONSTRATIONIS
1027 161 1256 190 EVANGELICE
1272 161 1337 190 LIB.
1355 161 1400 190 iV.

1794 163 1849 190 3H)

1060 223 1117 246 tum
1132 219 1281 254 prophetiae
1295 224 1375 247 nacta
1396 223 1470 251 sunt,
1486 220 1596 255 quando
1612 220 1686 247 illius
1700 221 1848 257 discipulo-

1062 271 1123 291 rum
1142 274 1151 289 ι
1170 265 1198 291 in
1215 272 1322 292 onmem
1346 268 1446 291 terram
1471 264 1554 291 exivit
1578 271 1674 296 sonus,
1690 268 1717 292 et
1734 266 1761 292 in
1781 265 1848 294 ﬁnes

1061 308 1136 336 orbis
1148 312 1228 336 terra;
1242 309 1322 336 verba
1337 316 1432 336 eorum
1441 308 1474 336 ³³.
1488 318 1497 335 ι
1514 308 1596 336 Planc
1605 313 1694 337 autem
1708 309 1848 338 Christum

1061 354 1184 381 nominat
1206 361 1265 389 quae
1285 354 1423 381 antecedit
1448 354 1545 386 oratio,
1563 359 1694 389 tanquam
1711 363 1745 382 ex
1762 355 1849 390 ipsius

1060 407 1177 434 persona
1204 399 1316 431 docens,
1335 400 1410 427 illum
1437 408 1498 428 esse
1522 400 1621 427 Filium
1642 400 1700 432 Dei,
1719 400 1765 428 ubi
1785 401 1845 428 ait'.

1063 454 1072 471 ι
1091 444 1222 472 Dominus
1239 445 1307 472 dixit
1320 445 1353 472 ad
1373 453 1431 472 me:
1448 445 1534 473 Filius
1548 453 1624 474 meus
1636 453 1665 473 es
1681 450 1720 478 tu,
1734 453 1783 481 ego
1798 446 1847 474 ho-

1060 491 1102 518 die
1126 491 1206 526 genui
1222 494 1263 524 te;
1287 501 1297 516 ι
1322 492 1366 518 cui
1389 492 1521 526 adjunges
1544 492 1626 519 etiam
1644 492 1711 519 illud
1730 492 1802 527 quod
1819 493 1846 520 in

1058 537 1243 565 Proverbiis“
1258 546 1291 565 ex
1315 545 1431 573 persona
1449 537 1571 572 ejusdem
1599 538 1732 573 prolatum
1749 543 1791 566 est
1811 538 1845 566 ad

1057 584 1132 611 hunc
1155 584 1264 611 modum
1282 592 1311 611 se
1331 584 1457 611 habens:
1477 593 1486 610 ‹
1505 584 1657 619 Antequam
1672 589 1779 612 montes
1800 587 1846 611 llr-

1057 636 1207 662 marentur,
1215 635 1242 658 et
1259 635 1321 658 ante
1337 638 1434 659 omnes
1447 631 1532 658 colles
1547 631 1632 666 gignit
1646 639 1700 665 me,
1714 642 1722 657 ν
1736 637 1762 658 et
1772 631 1845 666 quod

1057 676 1084 702 in
1094 683 1138 703 cu
1148 675 1169 692 δι
1193 676 1298 710 psalmo
1313 683 1329 702 a
1348 675 1428 703 Patre
1443 676 1477 703 ad
1494 676 1569 703 illum
1585 677 1687 704 dictum
1717 680 1770 708 est,
1794 677 1846 704 hoc

1057 721 1140 748 modo
1153 729 1159 746 :
1174 730 1184 746 ι
1197 721 1236 748 Ex
1253 725 1332 748 utero
1346 725 1408 748 ante
1420 720 1575 748 Luciferum
1589 721 1668 756 genui
1682 725 1716 748 te.
1736 731 1745 747 ι
1764 720 1846 757 184

1058 766 1112 794 Sed
1132 766 1252 800 attende,
1270 766 1499 802 quemadmodum
1515 775 1598 794 unum
1616 772 1642 794 et
1655 767 1780 795 eumdem
1796 775 1846 794 no-

1055 813 1180 840 minatim
1198 813 1338 840 Christum
1353 812 1435 840 simul
1450 817 1476 840 et
1491 812 1590 840 Filium
1609 813 1665 845 Dei,
1679 813 1724 848 qui
1744 812 1779 840 ab
1796 812 1845 839 bo-

1055 859 1176 887 minibus
1191 859 1226 887 sit
1236 859 1504 891 eireumveniendus,
1512 863 1539 886 et
1549 863 1650 887 sortem
1662 862 1755 894 gentes
1767 865 1844 885 acce-

1056 907 1163 939 pturus,
1178 908 1205 931 et
1230 903 1297 931 ﬁnes
1324 908 1404 930 terrae
1426 911 1617 938 possessurus,
1644 910 1728 930 saera:
1748 903 1844 930 littera:

210 952 334 980 futurum
352 955 462 984 canant,
477 952 582 980 duobus
599 951 684 988 signis
699 952 772 980 illius
802 953 874 980 inter
890 951 1014 979 homines
1046 950 1279 986 dispensationem
1301 950 1497 985 signiﬁcantes,
1527 955 1555 977 et
1575 949 1777 986 conspiratione
1796 948 1844 976 ad-

208 1006 307 1026 versus
338 998 414 1026 illum
439 998 530 1025 futura
543 1001 569 1025 et
582 998 703 1032 gentium
723 999 774 1027 sub
790 998 914 1026 eumdem
932 998 1112 1033 subiectione.

211 1057 339 1092 Ψαλμοῦ
356 1058 400 1084 [θ’.
413 1072 448 1093 -έ
461 1057 587 1093 Χριστὸς
600 1058 743 1092 ὀνομαστὶ
756 1058 816 1085 τῶν
831 1057 999 1093 αἰτημάτων

1054 1057 1070 1084 Α
1090 1057 1192 1091 psalmo
1208 1063 1264 1083 nx.
1289 1073 1323 1093 έ
1346 1056 1468 1093 Christus
1493 1056 1650 1093 nominatim
1679 1063 1841 1091 quaecunque

377 1091 456 1126 παρὰ
472 1092 524 1119 τοῦ
539 1091 657 1127 Πατρός(
666 1093 832 1128 τυγχάνων.

248 1147 256 1162 ι
272 1136 418 1173 Πληρώσαι
435 1137 537 1173 Κύριος
554 1138 642 1165 πάντα
661 1138 695 1165 τὰ
709 1138 848 1174 αἰτήματά
863 1147 908 1165 σου
928 1147 934 1154 ·
953 1138 1000 1166 νῦν

207 1183 306 1217 ἔγνων,
323 1183 363 1209 ὃτι
389 1183 474 1210 ἔσωσε
493 1183 594 1220 Κύριος
614 1184 660 1211 τὸν
684 1185 801 1220 Χριστὸν
817 1184 910 1217 αὐτοῦ,
931 1186 999 1211 ἑπα-

207 1229 339 1256 κούσεται
357 1228 439 1256 αὐτοῦ
455 1229 484 1262 ἐξ
501 1229 615 1265 οὐρανοῦ
627 1230 704 1264 ἁγίου
721 1230 832 1258 αὐτοῦ.»
843 1230 920 1256 Ἐπεὶ
936 1230 1002 1265 πρό-

207 1284 301 1303 κειται
319 1276 367 1302 νῦν
383 1276 559 1312 παραστῆσαι
572 1276 606 1303 δι’
618 1277 688 1304 ὅσων
705 1277 833 1313 ὀνομαστὶ
850 1277 864 1303 ὁ
885 1276 1002 1312 Χριστὸς

206 1324 239 1350 ἐν
256 1324 315 1355 ταῖς
329 1323 507 1359 προφητείαις
525 1323 715 1359 ἀνηγόρευται,
733 1324 845 1356 εἰκότως
861 1323 1002 1350 καὶταῦτα

206 1368 395 1405 παρατίθεμαι
407 1368 529 1405 ἐναργῶς
543 1370 713 1406 κηρύττοντα
732 1370 778 1396 τὸν
790 1370 1003 1405 Χριστόν.”ολος

206 1416 237 1442 δὲ
255 1418 269 1443 ὁ
284 1416 391 1452 ψαλμὸς
412 1418 443 1444 ἐκ
467 1416 614 1453 προσώπου
635 1416 689 1444 τῶν
703 1417 788 1451 ἁγίων
804 1417 909 1453 ἀνδρῶν
921 1418 1003 1453 εὐχὴν

206 1463 368 1499 ἀναπέμπει
381 1464 421 1495 εἰς
431 1463 462 1490 τὸ
470 1463 517 1490 τοῦ
529 1464 647 1500 Χριστοῦ
662 1464 816 1500 πρόσωπον.
826 1464 936 1500 Ἐπειδὴ
948 1464 1002 1500 γὰρ

206 1508 243 1534 δι’
255 1509 329 1544 ἡμᾶς
339 1508 387 1535 καὶ
402 1509 472 1544 ὑπὲρ
486 1508 565 1544 ἡμῶν
576 1510 667 1536 πᾶσαν
677 1509 819 1542 ἀνεδέξατο
835 1509 914 1546 ὓϐριν
926 1511 1004 1537 ἐναν-

206 1553 369 1588 Θρωπήσας,
385 1553 524 1589 εὐχομένω
545 1553 620 1589 αὑτῷ
634 1554 681 1581 καὶ
702 1554 821 1590 δεομένῳ
832 1555 882 1582 τοῦ
897 1556 1004 1591 Πατρὸς

206 1599 282 1636 ὑπὲρ
291 1599 369 1635 ἡμῶν
380 1600 560 1636 διδασκόμεθα
575 1593 760 1636 συνεύχεσθαι,
772 1599 815 1628 οἷα
826 1602 858 1637 δὴ
868 1602 932 1634 τοὺς
943 1597 1004 1629 καθ’

207 1646 290 1681 ἡμῶν
317 1646 461 1682 πολέμους,
479 1646 534 1673 εἴτε
562 1647 677 1683 ὁρατοὺς
704 1647 759 1674 εἴτε
782 1648 830 1674 καὶ
859 1648 1003 1684 ἀοράτους,

206 1692 384 1728 ἀμυνομένῳ.
409 1692 453 1719 Διὸ
480 1692 527 1719 καί
550 1700 639 1728 φαμεν
661 1694 741 1729 ἡμεῖς
760 1694 828 1729 πρὸς
850 1694 930 1721 αὐτὸν
951 1693 1006 1721 ἀπὸ

1231 1092 1345 1124 postulet
1361 1101 1377 1119 α
1397 1092 1480 1119 Patre
1499 1092 1651 1126 impetratis.

1089 1146 1099 1162 ε
1114 1137 1227 1172 impleat
1246 1136 1378 1165 Dominus
1391 1145 1486 1165 omnes
1503 1137 1648 1172 petitiones
1664 1140 1725 1164 tuas
1743 1146 1750 1164 :
1768 1144 1844 1164 nunc

1051 1183 1166 1217 cognovi
1180 1183 1252 1218 quod
1264 1183 1369 1211 salvum
1382 1183 1445 1211 fecit
1456 1182 1587 1210 Dominus
1598 1182 1738 1211 Christum
1749 1190 1841 1214 suum,

1051 1228 1177 1256 exaudiet
1197 1229 1273 1255 illum
1300 1229 1334 1257 de
1358 1230 1428 1256 ccelo
1449 1232 1545 1256 saneto
1575 1229 1662 1255 suo".
1680 1238 1689 1254 ι
1707 1228 1843 1261 Quoniam

1052 1282 1125 1301 nunc
1148 1275 1320 1310 propositum
1336 1279 1378 1302 est
1399 1275 1588 1302 demonstrare
1602 1274 1629 1301 in
1652 1282 1733 1309 quam
1749 1273 1842 1302 multis

1052 1321 1121 1348 locis
1132 1321 1293 1348 nominatim
1305 1320 1432 1348 Christus
1443 1321 1515 1356 apud
1533 1320 1680 1356 prophetas
1694 1321 1729 1347 sit
1740 1320 1842 1353 dictus,

1053 1366 1152 1394 merito
1172 1367 1318 1402 adiungant
1329 1367 1387 1394 haec
1404 1374 1512 1402 quoque
1529 1367 1556 1394 in
1569 1366 1668 1402 quibus
1683 1366 1844 1402 planissime

1053 1410 1180 1439 Christus
1201 1412 1354 1441 nuntiatur.
1364 1411 1497 1439 Caeterum
1510 1415 1585 1439 totus
1602 1412 1723 1446 psalmus
1734 1419 1767 1439 ex
1781 1418 1843 1446 per-

1055 1465 1124 1485 sona
1145 1461 1303 1486 sanctorum
1325 1457 1448 1485 virorum
1464 1465 1559 1493 preces
1575 1459 1675 1486 emittit
1702 1458 1729 1485 in
1756 1458 1842 1493 ipsius

1054 1504 1158 1533 Christi
1188 1512 1343 1540 personam.
1371 1504 1440 1531 Cum
1462 1505 1535 1532 enim
1554 1509 1663 1539 propter
1678 1512 1728 1532 nos
1747 1508 1773 1531 et
1793 1511 1842 1538 pro

1055 1551 1134 1578 nobis
1157 1550 1246 1578 factus
1275 1550 1367 1580 homo,
1382 1557 1477 1577 omnes
1494 1550 1630 1585 acceperit
1650 1549 1841 1582 contumelias,

1056 1605 1110 1624 una
1126 1605 1188 1624 cum
1200 1597 1246 1624 illo
1256 1597 1428 1632 supplicante
1437 1601 1463 1623 et
1471 1595 1578 1623 Patrem
1591 1603 1640 1630 pro
1655 1595 1734 1624 nobis
1746 1595 1843 1630 depre-

1056 1645 1146 1675 eante,
1165 1643 1218 1678 ipsi
1243 1650 1352 1678 quoque
1369 1642 1500 1669 docemur
1520 1649 1610 1673 orare,
1633 1645 1761 1676 tanquam
1780 1648 1842 1668 eum

1056 1697 1089 1717 eo
1113 1689 1160 1724 qui
1186 1689 1257 1716 bella
1280 1688 1426 1715 adversum
1443 1695 1504 1719 nos,
1521 1688 1578 1715 sive
1594 1686 1710 1714 visibilia
1726 1686 1771 1713 illa
1787 1686 1843 1713 sint

209 1739 260 1765 τοῦ
270 1738 378 1774 ψαλμοῦ
393 1738 478 1770 οὕτως
485 1739 590 1774 ἔχοντα·
602 1749 610 1764 ι
628 1739 793 1766 Ἐπακούσαι
807 1748 852 1766 σου
866 1739 966 1775 Κύριος
976 1740 1002 1766 ἐν

1057 1735 1115 1763 sive
1139 1735 1220 1762 etiam
1243 1735 1403 1768 invisibilia,
1422 1735 1572 1770 propulset.
1591 1733 1681 1767 Quare
1698 1741 1713 1760 a
1736 1734 1842 1768 psalmo

207 1785 304 1820 ἡμέρᾳ
321 1784 449 1819 θλίψεωςθ
467 1785 654 1820 ὑπερασπίσαι
667 1794 712 1811 σου
726 1785 756 1812 τὸ
770 1785 854 1821 ὄνομα
870 1785 916 1812 τοῦ
933 1784 1000 1812 Θεοῦ

214 1830 328 1857 Ἰακώϐ·
348 1830 537 1863 ὲξαποστείλαι
554 1840 595 1858 σοι
613 1831 737 1868 βοήθειαν
753 1831 782 1864 ἐξ
805 1831 893 1867 ἁγίου,
909 1831 955 1858 καὶ
970 1832 1001 1857 ἐκ

207 1876 281 1903 Σιὼν
292 1876 460 1904 ἀντιλάϐοιτό
476 1886 532 1904 σου.
546 1887 555 1903 ι
581 1875 637 1904 Εἶτ’
651 1877 801 1913 ἐπειδήπερ
819 1877 891 1903 ἐστὶν
904 1878 1001 1904 οἰκεῖον

206 1923 295 1958 αὐτῷ,
315 1923 361 1950 ἅτε
379 1923 489 1959 μεγάλῳ
505 1924 561 1952 ὄντι
574 1925 706 1959 ἀρχιερεῖ,
723 1924 774 1955 τὰς
791 1925 820 1950 ὲν
839 1924 1001 1958 δοξολογίαις

208 1969 256 1996 καὶ
281 1969 429 2004 θεολογίαις
446 1971 631 2006 πνευματικὰς
650 1970 805 2006 ἱερουργίας
830 1970 899 2006 ὑπὲρ
923 1970 1001 2005 ἡμῶν

206 2017 341 2049 ἐκτελεῖν,
357 2017 404 2044 καὶ
421 2018 570 2053 ἐπειδήπερ
586 2014 631 2044 οἷά
644 2026 674 2043 τε
693 2018 780 2053 ἱερεὺς
795 2017 876 2049 αὑτός
889 2025 919 2043 τε
935 2017 1000 2043 ἐαυ-

206 2061 256 2088 τδν
271 2062 317 2088 καὶ
331 2062 360 2088 δν
375 2062 517 2098 ἀνείληφεν
531 2062 584 2089 ἀπὸ
598 2063 650 2098 γῆς
666 2063 818 2098 ἄνθρωπον,
838 2063 906 2098 ὑπὲρ
922 2061 1002 2097 ἡμῶν

206 2106 390 2142 ὁλοκαύτωμα
407 2108 613 2143 προσανήνεγκε
635 2107 675 2143 τῷ
698 2107 757 2144 Θεῷ
775 2107 821 2134 καὶ
839 2107 940 2143 Πατρί·
957 2107 1000 2134 διὰ

206 2152 289 2180 τοῦτό
305 2161 395 2188 φαμεν
414 2153 503 2188 αὐτῷ’
520 2163 528 2179 ι
547 2154 686 2190 Μνησθείη
712 2150 801 2190 πᾶσης
824 2154 919 2186 θυσίας
942 2163 999 2187 σου,

207 2198 258 2225 καὶ
271 2198 302 2224 τὸ
318 2198 498 2235 ὀλοκαύτωμά
519 2209 566 2226 σου
588 2201 720 2227 πιανὰτω.
738 2211 747 2226 ι
765 2201 820 2228 Καὶ
835 2201 895 2228 ἐπεὶ
911 2200 1000 2227 πάντα

205 2245 260 2271 ὅσα
278 2244 444 2279 βουλεύεται,
463 2246 584 2282 σωτήρια
611 2247 668 2273 ἐστι
694 2247 742 2274 καὶ
768 2247 894 2282 ὠφέλιμα
917 2248 945 2274 ὲν
962 2246 1000 2282 τῷ

208 2289 316 2324 κόσμῳ,
334 2289 446 2321 εἰκότως
462 2289 653 2326 ὲπιιρωνοῦμεν
676 2291 759 2326 αὐτῷ,
777 2301 786 2317 ι
800 2291 860 2327 Δῴη
884 2301 924 2318 σοι
945 2292 1001 2318 Κύ-

210 2344 268 2370 ριος
284 2335 356 2362 κατά
368 2335 417 2371 τὴν
433 2336 547 2371 καρδίαν
563 2345 621 2369 σου,
639 2347 648 2362 ›
667 2337 801 2371 λέγοντες,
822 2348 831 2364 ‹
847 2339 894 2365 καὶ
911 2340 1000 2366 πᾶσαν

208 2381 260 2416 τὴν
278 2380 375 2416 βουλήν
391 2390 437 2407 σου
454 2381 608 2417 πληρώσαι.
624 2392 632 2407 ι
649 2380 696 2415 Οἷς
709 2383 772 2418 ἑξῆς
786 2384 835 2419 τὴν
852 2385 883 2411 ἐκ
897 2384 1000 2420 νεκρῶν

1050 1781 1134 1810 verba
1150 1781 1197 1808 illa
1212 1781 1376 1816 accipientes
1390 1781 1423 1808 ad
1439 1781 1515 1808 illum
1537 1780 1629 1808 dicere
1643 1780 1773 1811 solemus,
1783 1787 1843 1814 quas

1052 1828 1092 1856 sic
1111 1827 1211 1855 habent
1229 1836 1236 1854 :
1255 1836 1265 1852 ι
1287 1825 1422 1853 Exaudiat
1440 1829 1467 1853 te
1490 1825 1620 1853 Dominus
1632 1825 1660 1852 in
1673 1824 1717 1852 die
1729 1824 1843 1851 tribula-

1051 1875 1136 1902 tionis
1153 1879 1216 1902 tuze.
1232 1873 1362 1909 Protegat
1391 1877 1418 1900 te
1439 1879 1538 1899 nomen
1565 1871 1613 1898 Dei
1634 1870 1739 1898 Iacob:
1753 1869 1843 1897 mittat

1052 1921 1102 1949 tibi
1118 1920 1250 1947 auxilium
1266 1919 1300 1947 de
1315 1923 1421 1951 sancto,
1436 1923 1463 1946 et
1479 1918 1512 1945 de
1521 1917 1588 1945 Sion
1601 1917 1733 1952 suscipiat
1746 1920 1773 1944 te
1781 1916 1815 1942 ⁵³.
1829 1925 1839 1942 i

1051 1966 1153 1994 Deinde
1174 1966 1302 2002 quoniam
1320 1965 1359 1993 illi
1374 1965 1516 2001 proprium
1538 1969 1591 1996 est,
1607 1968 1736 1999 tanquam
1750 1963 1776 1991 ei
1793 1963 1841 1999 qui

1051 2020 1166 2048 magnus
1180 2013 1215 2041 sit
1229 2011 1362 2048 pontifex,
1381 2012 1535 2047 spiritualiu
1555 2011 1583 2038 in
1599 2010 1842 2046 gloriﬁcationibus

1051 2067 1083 2086 ac
1094 2058 1335 2094 praedicationibus
1347 2058 1380 2085 de
1395 2057 1461 2090 Deo,
1472 2058 1606 2085 sacriﬁcia
1620 2065 1671 2092 pro
1686 2057 1766 2085 nobis
1776 2064 1842 2084 conp

1051 2105 1143 2138 ﬁcere,
1157 2105 1342 2140 quoniamque
1358 2109 1387 2132 ut
1401 2104 1532 2132 sacerdos
1542 2107 1569 2132 et
1582 2104 1758 2138 semetipsum
1771 2103 1841 2138 ipse,

1050 2154 1078 2178 et
1093 2158 1174 2186 quem
1205 2151 1355 2185 assumpsit
1381 2150 1415 2178 de
1441 2153 1515 2177 terra
1531 2150 1680 2182 hominem,
1697 2157 1747 2185 pro
1762 2150 1843 2178 nobis

1051 2197 1201 2232 perfectum
1216 2201 1298 2232 atque
1314 2197 1449 2232 integrum
1472 2196 1636 2224 sacriﬁcium
1651 2195 1706 2224 Deo
1722 2199 1750 2223 et
1767 2195 1842 2223 Patri

1051 2243 1159 2278 obtulit,
1189 2244 1293 2271 idcirco
1323 2244 1357 2271 ad
1384 2244 1460 2271 illum
1492 2243 1609 2271 dicimus
1630 2253 1637 2270 :
1661 2252 1670 2268 ι
1690 2243 1793 2270 Memor
1807 2243 1843 2270 sit

1051 2290 1140 2318 omnis
1159 2289 1287 2317 sacriﬁcii
1313 2290 1364 2323 tui,
1379 2294 1405 2317 et
1428 2290 1618 2317 holocaustum
1638 2293 1714 2316 tuum
1742 2289 1842 2324 pingue

1052 2335 1175 2363 faciat“.
1200 2346 1209 2362 ›
1234 2335 1267 2362 Ει
1296 2336 1361 2371 quia
1384 2336 1477 2363 omnia
1500 2343 1670 2371 quaecunque
1698 2334 1841 2365 deliberat,

1053 2382 1184 2411 salutaria
1205 2385 1268 2410 sunt
1285 2385 1367 2416 atque
1385 2381 1463 2408 utilia
1485 2381 1597 2412 mundo,
1613 2381 1677 2415 jure
1697 2383 1724 2407 et
1744 2380 1842 2407 merito

208 2424 359 2452 ἀνάστασιν
374 2425 456 2452 αὑτοῦ
469 2427 672 2462 ὁμολογοῦντες,
690 2428 779 2464 φαμέν
788 2437 794 2443 ·
806 2438 814 2454 ι
827 2418 999 2464 Ἀγαλλιασό-

1054 2429 1094 2457 sic
1108 2428 1183 2454 illum
1209 2427 1374 2462 alloquimur
1391 2437 1397 2454 :
1415 2436 1424 2453 ι
1448 2427 1564 2454 Tribuat
1585 2427 1633 2454 tibi
1652 2426 1785 2454 Dominus
1799 2434 1842 2454 se-

210 2471 283 2507 μεθα
299 2472 329 2498 ἐν
346 2471 383 2507 τῷ
407 2473 533 2509 σωτηρίῳ
550 2482 606 2500 σου.
625 2484 633 2499 ι
649 2475 785 2510 Σωτήριον
799 2474 852 2511 γὰρ
868 2474 914 2502 τοῦ
931 2476 999 2511 Χρι-

209 2516 276 2543 στοῦ
289 2517 315 2543 τί
333 2517 365 2543 ἂν
379 2517 472 2553 ἕτερον
487 2519 572 2545 νοοῖτο
586 2520 610 2545 εί
629 2519 665 2554 μὴ
678 2521 694 2554 ἡ
713 2520 745 2545 ὲκ
763 2519 868 2555 νεκρῶν
883 2520 1001 2547 ἀνάστα-

210 2571 253 2598 σις
270 2563 365 2597 αὑτοῦ,
380 2563 413 2590 δι’
427 2562 461 2600 ἧς
484 2565 531 2591 καὶ
554 2565 658 2597 πάντας
671 2566 734 2597 τοὺς
747 2566 811 2601 πρὶν
824 2567 1000 2594 ἐκπεπτωκό-

208 2616 261 2639 τας
274 2607 432 2643 ἀνίστησινς
445 2607 526 2636 Ὅθεν
541 2610 629 2645 φαμέν
640 2619 646 2625 ·
668 2620 677 2636 ι
691 2611 746 2637 Καὶ
768 2612 797 2637 ὲν
808 2612 919 2647 ὀνόματι
933 2612 1000 2639 Θεοῦ

209 2653 290 2689 ἡμῶν
306 2654 582 2691 μεγαλυνθησόμεθα·
600 2657 647 2684 καὶ
662 2657 802 2693 πληρώσαι
817 2658 918 2693 Κύριος
933 2659 1001 2685 πάν-

209 2708 245 2726 τα
260 2700 294 2726 τὰ
309 2700 448 2735 αἰτήματά
464 2710 521 2729 σου.
539 2712 548 2727 ι
559 2702 619 2729 Ἐπὶ
630 2704 695 2730 πᾶσι
705 2704 809 2736 τούτοις
823 2704 1002 2740 διδασκόμεθα

210 2746 302 2780 λέγειν
327 2746 369 2778 τὸ,
391 2756 400 2772 ι
415 2747 472 2774 Νῦν
494 2748 588 2783 ἔγνων,
603 2750 644 2776 ὅτι
659 2750 743 2777 ἔσωσε
761 2751 862 2786 Κύριος
875 2751 919 2777 τὸν
935 2752 1001 2786 Χρι-

248 2837 354 2877 ξξῇεοί.
385 2848 460 2873 xvm,
483 2840 507 2867 5.
548 2839 729 2874 “Promvm,
757 2840 801 2868 25.

212 2871 236 2888 “
250 2872 315 2900 ibid.
335 2873 362 2900 ὑ.

1053 2474 1173 2502 cundum
1203 2481 1252 2500 eor
1278 2478 1366 2507 tuum,
1386 2477 1414 2501 et
1440 2481 1521 2501 omne
1532 2473 1678 2501 consilium
1700 2476 1776 2500 tuum
1791 2472 1843 2500 im-

1053 2520 1166 2556 pleat”.
1189 2530 1198 2546 )
1220 2520 1260 2547 Ad
1280 2520 1337 2547 haec
1360 2520 1490 2555 deinceps
1504 2520 1563 2555 ejus
1579 2527 1600 2546 a-
1612 2522 1700 2546 morte
1725 2518 1842 2546 reditum

1055 2566 1088 2592 ad
1110 2567 1194 2594 vitam
1210 2566 1382 2598 conlltentes,
1399 2565 1517 2593 dicimus
1534 2575 1540 2592 :
1559 2574 1568 2590 ι
1588 2564 1793 2592 Exsultabimus
1815 2564 1843 2591 in

1055 2615 1169 2642 salutari
1183 2620 1230 2642 tuo
1239 2615 1271 2642 ιθ.
1290 2624 1298 2640 ι
1315 2614 1420 2642 Etenim
1443 2612 1550 2641 Christi
1562 2612 1682 2640 salutare
1702 2611 1842 2646 quodnam

1055 2659 1129 2687 aliud
1154 2660 1321 2695 intelligatur
1350 2660 1469 2692 tandem,
1489 2658 1541 2687 nisi
1559 2658 1633 2686 illius
1646 2665 1662 2685 a
1679 2657 1796 2685 mortuis
1809 2657 1843 2684 ad

1054 2705 1132 2733 vivos
1155 2706 1263 2738 reditio,
1280 2705 1358 2741 185
1373 2713 1420 2740 per
1437 2712 1520 2740 quam
1544 2712 1640 2732 omnes
1662 2704 1708 2740 qui
1740 2702 1843 2731 cecide-

1056 2755 1118 2779 rant
1133 2751 1159 2778 in
1180 2751 1327 2787 pristinum
1353 2754 1454 2779 statum
1474 2750 1612 2778 restituit?
1625 2757 1657 2777 ex
1682 2756 1738 2785 quo
1760 2749 1842 2776 etiam

843 2841 860 2856 "'
876 2849 946 2869 vers.
969 2842 996 2869 '5.
1036 2842 1058 2858 ⁵³
1068 2841 1143 2870 Psal.
1156 2841 1250 2874 115,7.
1287 2839 1387 2868 “ibid.
1405 2839 1433 2873 2,
1447 2839 1472 2866 5.
1511 2838 1536 2855 ⁴⁸
1546 2839 1611 2867 ibid.
1630 2838 1655 2866 4.
1696 2838 1718 2854 ⁸⁵
1732 2837 1796 2865 ibid.
1814 2836 1841 2864 ὕ.
