2084 3216
271 168 323 197 3H

593 167 728 196 EUSEBII
744 166 987 195 (ΞΔΕΞΑΒιΕΝδΙδ
1005 166 1054 194 0P]

1105 166 1199 194 PARS.
1220 166 1242 194 ll
1274 182 1307 186 ——
1320 166 1572 196 APOLOGETICA.

1859 168 1910 195 ΞΗ

273 229 342 257 illud
362 228 491 260 dicimus,
512 237 521 253 ι
541 231 568 254 et
593 227 620 254 in
647 227 757 254 nomine
771 225 818 254 Dei
837 227 924 254 nostri
938 226 1054 261 magniﬁ‘

1118 225 1180 252 στὸν
1196 225 1280 252 αὑτοῦ
1291 245 1298 256 ,
1313 235 1322 250 ι
1337 225 1373 260 μὴ
1385 225 1470 252 πάλαι
1481 225 1559 252 τοῦτο
1573 225 1684 257 εἰδότες,
1700 225 1724 250 εἰ
1739 225 1776 260 μὴ
1791 225 1835 251 ὅτε
1849 226 1912 261 ripa"

270 275 418 303 cabimur:
437 279 464 301 et
494 273 605 308 impleat
635 272 768 300 Dominus
795 280 891 300 omnes
919 273 1064 307 petitiones

270 324 333 348 tuas
341 320 374 348 ".
391 329 400 346 ι
423 319 488 346 Post
518 319 576 346 haec
603 318 707 351 omnia,
720 318 852 345 docemur
871 318 938 345 illud
955 325 1064 353 quoque

1117 280 1195 307 τερον
1209 271 1240 298 τὸ
1255 271 1387 307 σωτήριον
1398 271 1480 298 αὑτοῦ
1492 271 1660 306 συνήκαμεν,
1673 271 1723 306 τῆς
1736 271 1910 303 ἀναστάσεως

1118 317 1200 344 αὺτοῦ
1217 317 1266 352 τὴν
1284 316 1398 352 δύναμιν
1412 317 1637 353 κατανοήσαντες.

270 368 383 395 direre:
403 375 413 392 ι
432 366 511 393 Nunc
533 366 649 402 cognovi
666 365 740 401 quod
755 366 860 394 salvum
882 365 948 393 fecit
973 364 1104 392 Dominus
1137 365 1278 393 Christum
1299 373 1379 393 suum
1406 365 1443 397 ⁸³;
1465 374 1475 390 ι
1492 364 1593 400 quippe
1625 364 1670 399 qui
1690 371 1744 391 non
1760 364 1836 399 prius
1856 363 1909 391 hoc

271 412 496 446 intellexerimus,
523 419 605 447 quam
630 411 677 439 ubi
705 411 827 439 salutare
860 411 920 446 ejus
943 411 1148 446 agnoverimus,
1182 416 1210 440 et
1237 411 1448 440 resurrectionis
1474 411 1550 439 illius
1573 411 1702 439 virtutem
1736 410 1909 446 perspexeri-

270 466 343 486 Inus.

271 517 292 544 Α
313 517 417 551 psalmo
438 523 524 542 xxle.
539 530 574 534 —
590 514 712 542 Christus
739 515 894 542 norninatim
919 514 1062 542 Dominum

426 551 534 578 Patrem
553 555 578 577 et
598 555 769 586 protectorem
786 550 906 584 adeptus.

309 606 318 623 ι
333 597 466 625 Dominus
487 597 662 624 conﬁrmatio
682 596 775 632 populi
799 597 853 628 sui,
877 601 905 624 et
923 599 1063 631 protector

270 643 452 671 salvationum
467 642 570 670 Christi
595 642 639 670 sui
661 646 704 670 est
716 642 749 670 ".
766 652 776 668 ι
796 641 846 669 Hic
859 649 969 677 quoque
989 641 1063 676 psal~

271 696 345 721 mus,
358 689 405 724 qui
417 697 491 716 nunc
504 693 546 716 est
562 688 590 715 in
603 688 741 720 manibus,
761 688 795 716 ad
810 688 950 716 Christum
962 687 1060 715 referri

269 735 350 767 solet,
365 735 466 770 quippe
481 734 527 769 qui
539 741 598 761 eam
615 741 723 768 precem
737 734 876 761 contineat
887 741 969 769 quam
980 733 1059 760 Chri-

269 784 340 813 stus,
368 788 423 816 quo
449 785 571 815 tempore
596 787 729 815 passurus
755 783 826 812 erat,
852 784 981 815 precatus
1007 784 1058 807 est.

268 825 386 854 Proinde
414 826 493 853 initio
519 826 641 860 psalmus
661 826 718 853 hac
737 825 840 852 habet:
856 834 866 850 ι
882 824 921 852 Ad
945 829 981 857 te,
1007 824 1060 851 Do-

268 873 352 903 mine.
372 872 489 899 clamavi
505 881 511 898 :
529 871 599 900 Deus
609 880 697 903 meus,
721 879 755 899 ne
778 871 861 899 sileas
883 878 897 896 a
911 878 965 902 me,
980 874 1007 897 et
1022 869 1061 897 si-

268 919 343 946 milis
359 917 420 944 ﬁam
435 917 667 945 descendentibus
682 916 710 944 in
724 917 825 943 laeum.
842 926 850 942 ι
872 915 902 943 In
917 916 970 942 line
980 922 1057 947 vero,
1075 930 1096 958 Β

268 963 342 990 illius
357 962 586 990 resurrectionem
602 971 616 990 a
628 962 745 990 mortuis
759 962 843 995 canit,
856 962 952 988 dicens
965 970 971 988 :
987 970 996 986 (
1008 960 1058 988 Be-

267 1008 393 1037 nedictus
414 1008 557 1039 Dominus.
583 1009 714 1044 quoniam
735 1009 876 1036 exaudivit
893 1015 988 1035 vocem
1010 1007 1058 1034 de-

266 1054 434 1088 precationis
447 1061 523 1082 meze.
539 1053 672 1082 Dominus
692 1053 803 1089 adjutor
822 1061 900 1081 meus
919 1057 947 1080 et
966 1056 1057 1088 prote-

265 1104 326 1127 ctor
342 1108 434 1133 meus;
455 1100 482 1127 in
499 1101 546 1127 illo
562 1105 679 1136 speravit
707 1108 756 1128 cor
778 1107 880 1133 meum,
902 1103 929 1127 et
946 1099 1056 1134 adjutus

265 1154 338 1177 sum.
358 1150 385 1174 et
408 1146 533 1174 refloruit
553 1155 618 1174 caro
634 1154 714 1174 mea:
731 1150 758 1174 et
779 1154 811 1173 ex
837 1146 977 1172 voluntate
996 1152 1057 1172 mea

264 1191 416 1219 conﬁtebor
433 1193 456 1219 ei
470 1193 504 1218 '°.
520 1202 530 1219 ι
557 1192 664 1226 Quibus
689 1193 800 1220 divinus
828 1195 856 1220 et
878 1190 1056 1227 propheticus

266 1236 385 1271 Spiritus
405 1237 552 1273 adjungit;
572 1247 581 1263 ι
600 1237 733 1266 Dominus
760 1237 934 1265 conﬁrmatio
962 1237 1056 1272 populi

265 1284 319 1315 sui.
342 1288 481 1318 protector
507 1284 690 1312 salvationum
716 1283 818 1312 Christi
842 1284 885 1311 sui
902 1286 955 1316 est,
972 1293 981 1309 ι
1008 1284 1055 1318 qui

265 1337 315 1356 nos
334 1330 446 1356 instruit
467 1330 700 1365 quemadmodum
717 1330 809 1357 omnia
827 1338 889 1365 quae
911 1330 939 1357 in
955 1329 1055 1357 divinis

263 1375 362 1404 litteris
377 1375 477 1403 habent
492 1376 710 1408 admirationem.
727 1380 755 1403 et
769 1376 870 1404 Christi
885 1376 996 1404 nomine
1012 1376 1055 1403 in-

263 1423 367 1457 scripta
391 1426 467 1454 sunt,
484 1426 512 1450 et
531 1423 565 1450 ad
590 1423 706 1450 salutem
724 1423 866 1450 hominum
883 1426 972 1458 gesta,
997 1422 1055 1451 sive

264 1473 410 1504 pracepta,
433 1469 490 1496 sive
514 1469 634 1505 negotia,
651 1470 708 1497 sive
726 1470 760 1496 ad
782 1469 1011 1497 resurrectionem
1027 1469 1056 1496 il-

263 1515 317 1542 lius
334 1522 348 1541 a
369 1515 485 1543 mortuis
505 1515 670 1550 pertinentia
692 1516 833 1551 mysteria,
849 1515 1005 1550 eujusmodi
1022 1523 1056 1544 ea

263 1565 338 1593 sunt,
353 1561 387 1589 de
402 1562 501 1597 quibus
512 1570 586 1590 nunc
601 1563 704 1598 agitur.
717 1567 785 1590 nutu
802 1570 834 1590 ac
847 1563 949 1590 virtute
963 1562 1054 1590 Patris

1120 513 1246 548 Ψαλμοῦ
1273 512 1322 545 κζ’.
1336 528 1371 533 —
1389 511 1515 546 Χριστὸς
1534 512 1678 548 ὀνομαστὶ
1699 513 1749 539 καὶ
1770 514 1824 540 τὸν
1845 516 1907 543 Πα-

1219 548 1288 582 τέρα
1300 549 1349 575 καὶ
1361 547 1591 582 ὑπερασπιστὴν
1614 547 1804 582 κεκτημένος.

1154 605 1163 620 ι
1185 594 1287 630 Κύριος
1299 595 1462 630 κραταὲωμα
1476 593 1522 620 τοῦ
1537 593 1603 620 λαοῦ
1620 594 1688 625 ἐστι,
1701 595 1747 620 καὶ
1757 595 1911 631 ὑπερασπιι

1117 641 1182 676 στὴς
1195 640 1250 667 τῶν
1265 640 1406 676 σωτηρίων
1422 639 1469 666 τοῦ
1482 639 1600 675 Χριστοῦ
1615 639 1696 666 αὐτοῦ
1709 640 1776 667 ἐπι.
1797 651 1807 667 ι
1823 642 1877 669 Καὶ
1890 643 1907 669 ὁ

1115 687 1184 722 μετὰ
1210 688 1304 722 χεῖρας
1320 686 1426 721 ψαλμὸς
1456 687 1496 717 εἰς
1518 686 1564 712 τὸν
1588 686 1705 722 Χριστὸν
1727 687 1903 724 ἀναφέρεται,

1113 733 1196 760 αὑτοῦ
1225 734 1257 769 δὴ
1282 733 1328 759 τοῦ
1358 732 1476 769 Χριστοῦ
1505 732 1638 769 περιέχων
1653 733 1745 769 εὐχὴν,
1763 734 1796 769 ἣν
1828 735 1904 770 παρὰ

1112 779 1158 805 τὸν
1173 777 1220 804 τοῦ
1237 777 1342 810 πάθους
1365 777 1540 813 προσηύξατο
1565 778 1670 813 καιρόν.
1692 779 1736 805 Διὸ
1759 780 1788 805 ἐν
1804 779 1853 814 μὲν
1871 782 1903 815 τῇ

1113 826 1234 860 καταρχῇ
1252 824 1298 850 τοῦ
1310 824 1418 860 ψαλμοῦ
1441 833 1523 859 φησι·
1541 833 1549 849 ι
1568 824 1640 860 Πρὸς
1662 824 1702 857 σὲ,
1729 825 1824 861 Κύριε,
1842 827 1904 852 ἐκέ-

1113 870 1217 906 κραξα·
1244 871 1259 896 ὁ
1281 869 1346 901 Θεός
1371 878 1433 905 μου,
1451 870 1487 905 μὴ
1515 871 1733 906 παρασιωπήσῃς
1756 871 1802 897 ἀπ’
1823 871 1904 907 ἐμοῦ,

1112 916 1159 943 καὶ
1174 916 1380 951 ὁμοιωθήσομαι
1403 917 1458 948 τοῖς
1476 915 1685 943 καταϐαίνουσιν
1707 918 1746 949 εἰς
1759 917 1869 944 λάκκον.
1889 928 1900 945 ›

1110 962 1181 998 Πρὸς
1196 962 1224 988 δὲ
1238 961 1277 997 τῷ
1304 962 1389 994 τέλει,
1401 962 1450 997 τὴν
1474 963 1506 989 ἐκ
1529 963 1634 998 νεκρῶν
1655 963 1802 990 ἀνάστασιν
1820 964 1902 991 αὑτοῦ

1110 1007 1232 1040 θεσπίζει
1247 1007 1334 1042 λέγων
1347 1017 1353 1023 ·
1369 1017 1378 1033 ι
1399 1007 1553 1043 Εὐλογητὸς
1567 1008 1681 1044 Κύριος,
1697 1009 1738 1036 ὅτι
1758 1011 1902 1046 εἱσὴκουσε

1109 1055 1157 1090 τῆς
1173 1055 1264 1090 φωνῆς
1279 1055 1329 1090 τῆς
1349 1054 1468 1091 ὃεήσεώς
1483 1064 1544 1090 μου.
1560 1055 1664 1091 Κύριος
1677 1055 1773 1092 βοηθός
1789 1065 1840 1092 μου
1854 1057 1902 1084 καὶ

1109 1101 1317 1137 ὑπερασπιστὴς
1336 1109 1401 1136 μουι
1418 1102 1462 1128 ἐπ’
1474 1100 1549 1136 αὐτῷ
1565 1101 1705 1138 ἤλπισενὴ
1724 1102 1821 1137 καρδία
1838 1111 1907 1138 μου,

1108 1147 1154 1173 καὶ
1167 1146 1330 1182 ἐϐοηθήθην,
1354 1147 1401 1173 καὶ
1429 1147 1559 1174 ὰνέϐαλεν
1577 1149 1593 1183 ἡ
1620 1148 1688 1184 σάρξ
1709 1157 1776 1184 μου·
1801 1150 1848 1176 καὶ
1869 1150 1902 1176 ἐκ

1108 1192 1260 1228 θελήματός
1279 1201 1330 1228 μου
1354 1192 1588 1229 ἐξομολογήσομαι
1606 1193 1690 1229 αὐτῷ.
1709 1203 1718 1220 ν
1741 1194 1798 1228 Ἐφ’
1815 1191 1856 1226 οἷς
1870 1195 1902 1221 τὸ

1107 1238 1177 1265 θεῖον
1206 1238 1253 1265 καὶ¹
1281 1239 1449 1275 προφητικὸν
1473 1239 1586 1276 Πνεῦμα
1606 1239 1744 1274 ἐπιλέγει·
1769 1249 1778 1266 ‹
1799 1240 1901 1276 Κύριος

1107 1284 1270 1320 κραταίωμα
1291 1285 1338 1312 τοῦ
1357 1285 1424 1312 λαοῦ
1440 1285 1533 1317 αὐτοῦ,
1551 1287 1597 1313 καὶ
1621 1286 1826 1322 ὑπερασπιστὴς
1847 1287 1901 1313 τῶν

1107 1331 1249 1366 σωτηρίων
1263 1331 1310 1357 τοῦ
1322 1331 1440 1368 Χριστοῦ
1455 1332 1537 1359 αὑτοῦ
1553 1333 1610 1359 ἐστι
1621 1341 1628 1348 ο
1649 1342 1658 1358 ι
1676 1332 1803 1359 παιδεῦον
1816 1333 1901 1368 ἡμᾶς,

1105 1377 1190 1413 ὁτιδὴ
1205 1377 1293 1404 πάντα
1304 1379 1333 1404 ἐν
1349 1380 1412 1410 ’ταῖς
1430 1378 1516 1410 eam;
1537 1379 1660 1414 Γραφαῖς
1675 1379 1838 1415 ἀνάγραπτα
1853 1378 1899 1405 τοῦ

1105 1423 1224 1458 Χριστοῦ
1245 1423 1395 1459 θαυμάσια,
1411 1424 1457 1451 ἐπὶ
1466 1425 1586 1460 σωτηρίᾳ
1599 1424 1651 1451 τῶν
1663 1423 1814 1460 ἀνθρώπων
1824 1425 1900 1459 γενό-

1107 1477 1187 1503 μενα,
1203 1468 1260 1495 εἴτε
1280 1467 1326 1496 οὖν
1345 1468 1504 1505 μαθήματα,
1517 1469 1572 1496 εἴτε
1587 1469 1749 1505 γράμματα,
1761 1469 1815 1496 εἴτε
1829 1469 1899 1496 κατὰ

1105 1514 1154 1550 τὴν
1170 1515 1203 1541 ἐκ
1218 1514 1324 1550 νεκρῶν
1354 1515 1503 1542 ἀνάστασιν
1525 1515 1609 1542 αὐτοῦ
1626 1516 1763 1551 μυστήρια
1776 1515 1824 1542 νῦν
1838 1516 1898 1542 ὀνο-

1106 1560 1257 1596 μαζόμενα.
1268 1560 1382 1596 νεύματι
1394 1561 1441 1587 καὶ
1455 1561 1567 1596 δυνάμει
1576 1562 1720 1597 γεγένηται
1733 1561 1777 1588 τοῦ
1791 1561 1898 1596 Πατρὶς

262 1612 338 1643 gesta
352 1614 425 1640 sunt.
438 1609 484 1644 qui
500 1609 526 1636 in
549 1609 657 1637 cunctis
677 1609 885 1638 admirabilibus
901 1617 933 1637 ac
949 1610 1054 1637 saluta-

1106 1605 1134 1631 ἐν
1152 1605 1237 1632 ἅπασι
1260 1607 1316 1637 τοῖς
1335 1605 1497 1641 παραδόξοις
1520 1606 1567 1632 καὶ
1594 1606 1737 1641 σωτηρίοις
1759 1606 1849 1641 λόγοις
1867 1615 1897 1634 τε

262 1655 339 1683 ribus
355 1659 381 1683 et
398 1656 490 1683 verbis
502 1659 529 1684 et
544 1656 624 1684 laetis
637 1664 718 1684 suum
735 1655 876 1685 Christum
889 1657 1017 1692 protegit.

260 1712 281 1738 Α
295 1711 399 1746 psalmo
425 1720 538 1740 LXXXIII.
557 1728 593 1733 ——
607 1712 728 1740 Christus
757 1714 915 1741 nominatim
941 1718 1053 1741 tutorem

296 1747 347 1773 sibi
366 1747 448 1774 Deum
462 1747 606 1775 ascribens.
623 1747 746 1783 Unusque
762 1750 964 1777 resurrectionis
979 1749 1053 1776 illius

296 1782 352 1810 dies
365 1791 376 1810 :
389 1788 413 1810 et
425 1791 479 1810 una
490 1783 585 1810 domus
602 1784 664 1816 Dei,
681 1783 799 1812 Ecclesia
815 1785 910 1819 ipsius.

299 1880 308 1896 ι
322 1870 463 1899 Protector
478 1876 572 1900 nosler
589 1873 692 1908 aspice,
711 1873 792 1905 Deus.
808 1877 835 1902 et
850 1875 957 1910 respice
968 1875 995 1902 in
1012 1875 1053 1902 fa-

259 1916 330 1944 ciem
347 1917 450 1945 Christi
477 1918 526 1946 tui.
550 1918 619 1952 Quia
644 1920 742 1947 melior
761 1925 803 1947 est
822 1921 903 1957 186
919 1921 978 1950 dies
998 1929 1052 1949 una

260 1961 290 1989 in
306 1963 384 1990 atriis
399 1964 454 1991 tuis
475 1972 558 2000 super
569 1966 654 1993 millia
669 1976 676 1994 :
699 1967 768 2002 elegi
784 1967 921 2001 abjectum
944 1976 1006 1995 esse
1022 1969 1050 1995 in

261 2009 343 2036 domo
353 2008 400 2036 Dei
413 2010 465 2038 mei
479 2011 576 2046 magis,
588 2019 670 2047 quam
683 2012 807 2040 habitare
822 2021 865 2040 me
880 2014 906 2040 in
923 2014 1050 2041 taberna-

260 2056 330 2084 culis
352 2059 591 2090 peccalorum“.i
623 2059 673 2092 Qui
699 2065 802 2087 norunt
831 2060 970 2088 Christum
1002 2050 1049 2089 Dei

260 2109 322 2130 esse
340 2102 470 2133 Verbum,
488 2109 515 2132 et
540 2105 715 2140 sapientiam.
745 2110 772 2133 et
786 2106 874 2134 lucem
896 2114 998 2140 veram,
1022 2112 1051 2135 et

260 2148 355 2181 vitam,
378 2149 476 2177 deinde
492 2151 617 2178 eumdem
637 2151 738 2179 factum
762 2160 824 2180 esse
846 2153 983 2181 hominem
1007 2154 1049 2181 in-

259 2193 397 2228 telligunt,
418 2194 588 2223 admirantur
616 2197 668 2224 hoc
695 2198 768 2233 quod
783 2206 892 2227 omnem
909 2199 988 2228 ﬁdem
1002 2208 1049 2228 suc

260 2243 338 2275 perat
359 2241 540 2275 propositum,
564 2242 632 2270 adeo
648 2244 771 2278 quidem,
795 2245 868 2272 utin
892 2245 973 2273 verba
1000 2246 1047 2274 illa

1106 1651 1153 1678 καὶ
1170 1651 1260 1687 ἔργοις
1274 1651 1508 1687 ὑπερασπίζοντας
1524 1651 1571 1678 τοῦ
1593 1652 1658 1678 ἰδίου
1673 1652 1802 1689 Χριστοῦ.

1108 1708 1137 1733 Ψ
1139 1706 1237 1741 (ιυῖμοῦ
1250 1711 1306 1741 πγ’.
1318 1723 1353 1727 -
1362 1706 1491 1741 Χριστὸς
1505 1708 1648 1742 ὀνομαστὶ
1670 1708 1723 1734 τὸν
1740 1708 1814 1734 Θεῦν
1843 1708 1896 1734 ἐπ-

1140 1743 1236 1775 όπτην
1242 1743 1486 1777 ὲπιπψαφόμενος,
1492 1743 1548 1777 μία
1558 1751 1590 1770 τε
1602 1743 1620 1776 ἡ
1636 1743 1690 1776 τῆς
1701 1743 1895 1776 ἀναστάσεως

1139 1778 1233 1821 aiam}
1247 1776 1354 1813 ἡμέρα,
1374 1776 1423 1805 καὶ
1444 1776 1588 1812 εῖς⁷οἷκος
1602 1778 1676 1805 Θεοῦ
1692 1779 1710 1812 ὴ
1732 1779 1897 1812 Ἐκκλησία

1140 1821 1244 1839 αυτου.

1141 1879 1150 1895 ι
1175 1870 1380 1906 ’Υπερασπιστᾶ
1391 1870 1480 1906 ήμῶν,
1499 1870 1546 1903 ῑδέ,
1561 1871 1575 1898 ὁ
1591 1870 1666 1903 Θεὸς,
1683 1871 1728 1897 καὶ
1751 1870 1896 1905 ἐπίδλεψον

1103 1915 1149 1942 ἐπὶ
1172 1916 1202 1941 τὸ
1213 1915 1358 1951 πρόσωπον
1387 1915 1434 1942 τοῦ
1456 1915 1576 1951 Χριστοῦ
1601 1925 1658 1944 σου.
1679 1916 1739 1942 Ὅτι
1761 1915 1896 1952 κρείσσων

1102 1961 1193 1997 ἡμέρα
1211 1961 1261 1996 μία
1276 1962 1305 1987 ἐν
1319 1962 1378 1993 ταῖς
1391 1962 1487 1993 αὐλαῖς
1502 1970 1550 1988 σου
1561 1962 1630 1998 ὑπὲρ
1640 1961 1772 1997 χιλιάδας.
1788 1962 1894 1995 Ἐξελε-

1102 2005 1191 2042 ξέιμην
1220 2007 1470 2043 παραρριπτεῖσθαι
1493 2007 1521 2033 ἐν
1543 2007 1582 2043 τῷ
1603 2007 1669 2042 οἴκῳ
1688 2007 1736 2033 τοῦ
1759 2006 1826 2033 Θεοῦ
1843 2015 1894 2042 μου

1102 2052 1213 2087 μᾶλλον,
1231 2053 1248 2088 ἢ
1268 2054 1350 2079 οἰκεῖν
1368 2061 1402 2088 με
1419 2053 1448 2079 ἐν
1470 2053 1647 2089 σκηνώμασιν
1669 2053 1851 2089 ἁμαρτωλῶν.
1881 2062 1890 2079 ι

1101 2099 1133 2125 Οἱ
1152 2099 1329 2134 ἐπιστάμενοι
1356 2099 1403 2126 τὸν
1424 2099 1541 2136 Χριστὸν
1557 2100 1604 2126 τοῦ
1629 2100 1696 2127 Θεοῦ
1710 2101 1775 2127 ὂντα
1794 2100 1893 2135 Λόγον.

1100 2143 1147 2171 καὶ
1167 2144 1279 2178 σοφίαν,
1308 2145 1355 2170 καὶ
1372 2143 1430 2178 φῶς
1455 2144 1592 2180 ἀληθινὸν,
1611 2146 1659 2172 καὶ
1680 2146 1770 2181 ζωὴν,
1797 2146 1893 2173 ἔπειτα

1099 2189 1148 2225 τὴν
1161 2189 1368 2225 ἐνανθρώπησιν
1387 2191 1470 2217 αὑτοῦ
1493 2192 1697 2226 συννοήσαντες,
1717 2192 1893 2227 κατεπλάγη-

1101 2245 1150 2262 σαν
1164 2236 1194 2263 τὸ
1206 2236 1354 2272 παράδοξον
1365 2236 1412 2263 τοῦ
1421 2236 1582 2272 θελήματος,
1595 2237 1665 2264 ὥστε
1674 2238 1802 2264 ἀνειπεῖν.
1815 2248 1823 2264 ι
1836 2239 1892 2267 Καὶ

259 2290 448 2322 prorumpam.
479 2297 488 2313 ι
504 2287 538 2315 Et
560 2289 678 2317 vidimus
706 2288 798 2322 illum.
824 2295 851 2318 et
874 2299 929 2319 non
952 2291 1049 2320 habuit

1105 2282 1209 2318 εἴδομεν
1225 2283 1316 2313 αὑτὸν,
1335 2283 1382 2310 καὶ
1395 2283 1447 2310 οὐκ
1461 2280 1534 2319 εἶχεν
1546 2281 1614 2315 εἶδος
1631 2284 1692 2310 οὐδὲ
1707 2284 1802 2316 κάλλος
1813 2293 1819 2300 ·
1832 2285 1891 2311 ἀλλ’

258 2333 387 2367 speciem.
410 2341 498 2368 neque
524 2335 774 2369 pulchritudinem;
800 2337 846 2364 sed
872 2336 923 2364 fuit
943 2338 1050 2372 species

257 2378 319 2410 ejus
334 2379 394 2407 sine
407 2380 523 2413 honore,
545 2385 573 2408 et
589 2381 721 2409 deﬁciens
735 2390 791 2417 pne
807 2382 870 2411 ﬁliis
885 2383 1026 2411 hominum
1039 2393 1047 2412 :

258 2425 340 2452 homo
353 2434 415 2454 cum
433 2426 459 2454 in
473 2428 550 2463 plaga
568 2432 641 2456 esset
656 2433 683 2456 et
695 2429 779 2457 sciret
792 2429 863 2458 ferre
877 2430 1047 2466 languorem,

257 2472 387 2505 quoniam
405 2473 504 2500 avertit
518 2472 616 2501 faciem
633 2481 722 2507 suam,
739 2479 914 2511 contemptus
928 2479 970 2504 est
981 2476 1020 2504 "z
1035 2485 1045 2502 ι

257 2519 349 2551 itaque
366 2519 463 2546 merito
483 2519 568 2547 Deum
590 2525 748 2555 precantur,
767 2525 797 2549 ut
813 2522 944 2557 respiciat
960 2523 988 2550 in
1006 2523 1048 2550 l'a—

215 2584 219 2592 .
257 2561 325 2589 ciem
350 2562 465 2596 Christi,
489 2573 550 2600 quze
575 2571 685 2601 propter
712 2574 762 2594 nos
790 2571 817 2595 et
831 2568 995 2603 ignominias
1017 2573 1046 2596 et

257 2608 440 2636 contumelias
458 2617 539 2645 passa
560 2615 612 2644 est,
634 2616 662 2640 et
678 2616 790 2648 propter
804 2613 880 2640 illum
902 2614 981 2642 nobis
999 2614 1046 2642 ﬁat

257 2652 402 2687 propitius,
419 2657 529 2690 quando
553 2657 576 2685 is
600 2664 711 2693 peccata
735 2663 830 2687 nostra
856 2661 927 2693 tulit,
947 2665 974 2689 et
996 2669 1046 2696 pro

252 2697 336 2726 nobis
358 2699 384 2726 in
409 2701 504 2730 dolore
529 2705 662 2732 estzhmc
684 2710 775 2734 autem
798 2707 936 2742 supplices
951 2712 1048 2743 petunt

255 2746 453 2778 propemodum
477 2749 630 2782 cupientes,
651 2754 734 2786 atque
758 2752 786 2779 in
810 2752 880 2779 votis
902 2752 1044 2785 habentes,

257 2788 352 2816 laciem
377 2791 471 2826 gloria:
495 2792 598 2821 Christi
613 2794 720 2828 videre,
744 2801 771 2824 et
790 2797 861 2824 diem
880 2797 949 2825 lucis
970 2797 1044 2826 illius

1098 2326 1132 2364 ἦν
1150 2330 1180 2356 τὸ
1209 2328 1278 2361 εἶδος
1304 2329 1387 2356 αὑτοῦ
1402 2329 1510 2365 ἄτιμον,
1526 2330 1572 2356 καὶ
1590 2329 1715 2356 ἐκλεῖπον
1737 2331 1815 2366 παρὰ
1827 2333 1892 2364 τοὺς

1099 2376 1173 2407 υίοὺς
1186 2374 1240 2402 τῶν
1261 2375 1421 2411 ἀνθρώπων.
1439 2376 1602 2411 Ἀνθρωπος
1621 2376 1651 2402 ἓν
1671 2376 1761 2412 πληγῇ
1779 2376 1828 2409 ὢν,
1844 2378 1892 2404 καὶ

1098 2420 1176 2452 εἰδὼς
1191 2421 1287 2457 φέρειν
1307 2422 1455 2458 μαλακίαν,
1473 2422 1514 2449 ὅτι
1530 2422 1686 2458 ἀπέστρεψε
1699 2422 1729 2449 τὸ
1743 2423 1892 2459 πρόσωπον

1098 2468 1191 2501 αὑτοῦ,
1211 2469 1348 2506 ἠτιμάσθη
1360 2478 1366 2484 ·
1388 2479 1398 2495 ι
1416 2470 1529 2501 εἰκότως
1547 2471 1733 2506 παρακαλοῦσι
1755 2472 1802 2500 τὸν
1824 2472 1898 2500 Θεὸν

1099 2514 1243 2550 ἐπιϐλέψαι
1259 2516 1300 2547 είς
1313 2515 1343 2542 τὺ
1361 2516 1506 2551 πρόσωπον
1521 2515 1567 2542 τοῦ
1593 2517 1711 2552 Χριστοῦ
1725 2517 1755 2544 τὸ
1770 2517 1803 2545 δι’
1817 2519 1891 2554 ἡμᾶς

1099 2563 1272 2600 ἠτιμωμένον
1296 2565 1342 2590 καὶ
1359 2564 1584 2600 καθυϐρισμένον,
1604 2564 1669 2591 ἵλεώ
1685 2574 1714 2592 τε
1735 2566 1802 2601 ἡμῖν
1814 2566 1892 2600 γενέ-

1100 2611 1161 2638 σθαι
1189 2611 1222 2638 δι’
1246 2611 1343 2637 αὐτόν·
1365 2611 1425 2637 ἐπεὶ
1439 2611 1488 2643 τὰς
1504 2611 1639 2647 ἁμαρτίας
1658 2611 1737 2648 ἡμῶν
1749 2612 1890 2648 ἀνείληφε,
1905 2602 1924 2616 ’θ

1100 2658 1146 2684 καὶ
1161 2657 1232 2693 ὑπὲρ
1249 2656 1326 2693 ἡμῶν
1347 2657 1483 2684 ὀδυνᾶται.
1510 2657 1602 2684 Ταῦτα
1618 2657 1640 2684 δ“
1658 2658 1818 2691 ἱκετεύουσι,
1845 2668 1891 2694 μου

1099 2704 1204 2739 νονοῦχὶ
1218 2703 1364 2735 ποθοῦντες
1379 2704 1426 2730 καὶ
1439 2704 1468 2730 ἐν
1482 2704 1547 2740 εὐχῇ
1556 2703 1692 2740 τιθέμενοι
1705 2705 1735 2731 τὸ
1743 2705 1890 2740 πρόσωπον

1098 2751 1147 2786 τῆς
1168 2750 1247 2785 δόξης
1276 2750 1340 2776 ἰδεῖν
1355 2749 1402 2776 τοῦ
1420 2749 1551 2785 Χριστοῦ,
1574 2751 1622 2777 καὶ
1641 2750 1690 2785 τὴν
1716 2751 1823 2787 ἡμέραν
1841 2751 1888 2778 τοῦ

1097 2796 1185 2832 φωτὸς
1208 2796 1289 2823 αὑτοῦ
1310 2795 1468 2822 Θεάσασθαι.
1492 2795 1566 2831 Λῦτη
1590 2796 1618 2822 δὲ
1635 2795 1668 2833 ἦν
1682 2797 1699 2832 ἡ
1713 2797 1764 2832 τῆς
1785 2798 1817 2824 ἐκ
1845 2805 1888 2823 νε-

306 2843 330 2888 ξ’
339 2846 411 2876 Paul.
427 2857 484 2883 xIx,
503 2849 531 2883 6,
549 2851 574 2878 7.
612 2851 634 2868 ⁸⁸
646 2852 712 2880 ibid.
729 2853 753 2880 7.
793 2854 815 2870 δ’
828 2853 899 2882 Psal.
912 2862 997 2888 ιινιι,
1016 2855 1042 2883 8.

1117 2852 1183 2882 Ibid.
1199 2853 1225 2886 6,
1244 2853 1270 2881 7.
1306 2855 1327 2871 ⁸¹
1341 2854 1415 2882 Psal.
1434 2861 1548 2887 uxxm,
1570 2853 1613 2886 l0,
1635 2854 1674 2880 ll.
1714 2855 1736 2870 τε
1755 2855 1803 2882 lsa.
1823 2861 1890 2887 Lm,

256 2878 283 2911 2,
299 2880 327 2907 ὅ.
