  <div class='ocr_page' id='page_1' title='image "/cluster/home/n/w/nwhite01/storage/ocr_20150623/22/njp.32101077772497/196.png"; bbox 0 0 2084 3216; ppageno 0'>
   <div class='ocr_carea' id='block_1_1' title="bbox 164 177 219 205">
    <p class='ocr_par' dir='ltr' id='par_1_1' title="bbox 164 177 219 205">
     <span class='ocr_line' id='line_1_1' title="bbox 164 177 219 205; baseline 0 0"><span class='ocrx_word' id='word_1_1' title='bbox 164 177 219 205; x_wconf 68' lang='grc'><strong>315</strong></span> 
     </span>
    </p>
   </div>
   <div class='ocr_carea' id='block_1_2' title="bbox 626 174 1345 205">
    <p class='ocr_par' dir='ltr' id='par_1_2' title="bbox 626 174 1345 205">
     <span class='ocr_line' id='line_1_2' title="bbox 626 174 1345 205; baseline 0 -2"><span class='ocrx_word' id='word_1_2' title='bbox 626 175 953 205; x_wconf 75' lang='lat' dir='ltr'><strong>DEMONSTRATIONIS</strong></span> <span class='ocrx_word' id='word_1_3' title='bbox 973 176 1202 205; x_wconf 64' lang='lat' dir='ltr'><strong>EVANGEIJCE</strong></span> <span class='ocrx_word' id='word_1_4' title='bbox 1221 175 1285 203; x_wconf 84' lang='lat' dir='ltr'><strong>LIB.</strong></span> <span class='ocrx_word' id='word_1_5' title='bbox 1301 174 1345 203; x_wconf 70' lang='lat' dir='ltr'><strong>IV.</strong></span> 
     </span>
    </p>
   </div>
   <div class='ocr_carea' id='block_1_3' title="bbox 1735 176 1792 204">
    <p class='ocr_par' dir='ltr' id='par_1_3' title="bbox 1735 176 1792 204">
     <span class='ocr_line' id='line_1_3' title="bbox 1735 176 1792 204; baseline 0 -1"><span class='ocrx_word' id='word_1_6' title='bbox 1735 176 1792 204; x_wconf 71' lang='grc' dir='ltr'>δη</span> 
     </span>
    </p>
   </div>
   <div class='ocr_carea' id='block_1_4' title="bbox 165 229 947 269">
    <p class='ocr_par' dir='ltr' id='par_1_4' title="bbox 165 229 947 269">
     <span class='ocr_line' id='line_1_4' title="bbox 165 229 947 269; baseline -0.003 -8"><span class='ocrx_word' id='word_1_7' title='bbox 165 233 240 269; x_wconf 76' lang='grc' dir='ltr'>κρῶν</span> <span class='ocrx_word' id='word_1_8' title='bbox 260 232 439 264; x_wconf 82' lang='grc' dir='ltr'>ἀναστάσεως</span> <span class='ocrx_word' id='word_1_9' title='bbox 465 230 557 263; x_wconf 76' lang='grc' dir='ltr'>αὑτοῦ,</span> <span class='ocrx_word' id='word_1_10' title='bbox 586 232 693 267; x_wconf 76' lang='grc' dir='ltr'>ἥντινα,</span> <span class='ocrx_word' id='word_1_11' title='bbox 724 232 789 267; x_wconf 89' lang='grc' dir='ltr'>μίαν</span> <span class='ocrx_word' id='word_1_12' title='bbox 814 229 897 259; x_wconf 84' lang='grc' dir='ltr'>οὖσαν</span> <span class='ocrx_word' id='word_1_13' title='bbox 909 234 947 259; x_wconf 63' lang='grc' dir='ltr'><strong>καὶ</strong></span> 
     </span>
    </p>
   </div>
   <div class='ocr_carea' id='block_1_5' title="bbox 998 229 1791 269">
    <p class='ocr_par' dir='ltr' id='par_1_5' title="bbox 1007 230 1791 268">
     <span class='ocr_line' id='line_1_5' title="bbox 1007 230 1791 268; baseline -0.001 -7"><span class='ocrx_word' id='word_1_14' title='bbox 1007 233 1184 268; x_wconf 87' lang='lat' dir='ltr'><strong>contemplari</strong></span> <span class='ocrx_word' id='word_1_15' title='bbox 1199 242 1205 259; x_wconf 95' lang='lat'><strong>:</strong></span> <span class='ocrx_word' id='word_1_16' title='bbox 1221 238 1304 267; x_wconf 83' lang='lat' dir='ltr'><strong>porro</strong></span> <span class='ocrx_word' id='word_1_17' title='bbox 1318 231 1363 258; x_wconf 85' lang='lat' dir='ltr'><strong>hic</strong></span> <span class='ocrx_word' id='word_1_18' title='bbox 1379 230 1431 258; x_wconf 79' lang='lat' dir='ltr'><strong>fuit</strong></span> <span class='ocrx_word' id='word_1_19' title='bbox 1450 236 1512 259; x_wconf 92' lang='lat' dir='ltr'><strong>cum</strong></span> <span class='ocrx_word' id='word_1_20' title='bbox 1528 238 1543 258; x_wconf 87' lang='lat' dir='ltr'><strong>a</strong></span> <span class='ocrx_word' id='word_1_21' title='bbox 1559 235 1647 259; x_wconf 90' lang='lat' dir='ltr'><strong>morte</strong></span> <span class='ocrx_word' id='word_1_22' title='bbox 1660 231 1694 258; x_wconf 82' lang='lat' dir='ltr'><strong>ad</strong></span> <span class='ocrx_word' id='word_1_23' title='bbox 1708 232 1791 260; x_wconf 83' lang='lat' dir='ltr'><strong>vitam</strong></span> 
     </span>
    </p>
   </div>
   <div class='ocr_carea' id='block_1_6' title="bbox 167 275 955 317">
    <p class='ocr_par' dir='ltr' id='par_1_6' title="bbox 167 275 955 317">
     <span class='ocr_line' id='line_1_6' title="bbox 167 275 955 317; baseline -0.001 -11"><span class='ocrx_word' id='word_1_24' title='bbox 167 279 251 317; x_wconf 79' lang='grc' dir='ltr'>μόνην</span> <span class='ocrx_word' id='word_1_25' title='bbox 265 279 304 310; x_wconf 83' lang='grc' dir='ltr'><strong>ὡς</strong></span> <span class='ocrx_word' id='word_1_26' title='bbox 318 278 425 315; x_wconf 82' lang='grc' dir='ltr'>ἀληθῶς</span> <span class='ocrx_word' id='word_1_27' title='bbox 440 278 535 314; x_wconf 79' lang='grc' dir='ltr'>κυρίαν</span> <span class='ocrx_word' id='word_1_28' title='bbox 546 275 628 305; x_wconf 85' lang='grc' dir='ltr'>οὖσαν</span> <span class='ocrx_word' id='word_1_29' title='bbox 639 278 684 304; x_wconf 71' lang='grc' dir='ltr'><strong>καὶ</strong></span> <span class='ocrx_word' id='word_1_30' title='bbox 697 279 849 314; x_wconf 79' lang='grc' dir='ltr'>Κυριακὴν,</span> <span class='ocrx_word' id='word_1_31' title='bbox 863 279 955 314; x_wconf 82' lang='grc' dir='ltr'>κρείτ-</span> 
     </span>
    </p>
   </div>
   <div class='ocr_carea' id='block_1_7' title="bbox 165 325 955 362">
    <p class='ocr_par' dir='ltr' id='par_1_7' title="bbox 165 325 955 362">
     <span class='ocr_line' id='line_1_7' title="bbox 165 325 955 362; baseline -0.003 -8"><span class='ocrx_word' id='word_1_32' title='bbox 165 336 230 354; x_wconf 87' lang='grc' dir='ltr'>τονα</span> <span class='ocrx_word' id='word_1_33' title='bbox 243 325 313 353; x_wconf 82' lang='grc' dir='ltr'>εἷναί</span> <span class='ocrx_word' id='word_1_34' title='bbox 325 335 391 361; x_wconf 87' lang='grc' dir='ltr'>φασι</span> <span class='ocrx_word' id='word_1_35' title='bbox 406 326 510 362; x_wconf 78' lang='grc' dir='ltr'>μυρίων</span> <span class='ocrx_word' id='word_1_36' title='bbox 520 326 589 352; x_wconf 81' lang='grc' dir='ltr'>ὅσων</span> <span class='ocrx_word' id='word_1_37' title='bbox 607 325 661 351; x_wconf 84' lang='grc' dir='ltr'>τῶν</span> <span class='ocrx_word' id='word_1_38' title='bbox 672 325 832 361; x_wconf 79' lang='grc' dir='ltr'>κοινοτέρως</span> <span class='ocrx_word' id='word_1_39' title='bbox 842 326 955 361; x_wconf 79' lang='grc' dir='ltr'>νοουμέ-</span> 
     </span>
    </p>
   </div>
   <div class='ocr_carea' id='block_1_8' title="bbox 166 370 953 406">
    <p class='ocr_par' dir='ltr' id='par_1_8' title="bbox 166 370 953 406">
     <span class='ocr_line' id='line_1_8' title="bbox 166 370 953 406; baseline -0.003 -8"><span class='ocrx_word' id='word_1_40' title='bbox 166 381 219 398; x_wconf 88' lang='grc' dir='ltr'><strong>νων</strong></span> <span class='ocrx_word' id='word_1_41' title='bbox 235 371 358 406; x_wconf 75' lang='grc' dir='ltr'>ἡμερῶν,</span> <span class='ocrx_word' id='word_1_42' title='bbox 376 371 392 406; x_wconf 85' lang='grc' dir='ltr'>ἦ</span> <span class='ocrx_word' id='word_1_43' title='bbox 413 371 466 396; x_wconf 80' lang='grc' dir='ltr'>τῶν</span> <span class='ocrx_word' id='word_1_44' title='bbox 487 370 563 406; x_wconf 74' lang='grc' dir='ltr'>παρὰ</span> <span class='ocrx_word' id='word_1_45' title='bbox 593 371 686 397; x_wconf 84' lang='grc' dir='ltr'>Μωσεῖ</span> <span class='ocrx_word' id='word_1_46' title='bbox 702 370 953 405; x_wconf 74' lang='grc' dir='ltr'><strong>νενομοθετημένων</strong></span> 
     </span>
    </p>
   </div>
   <div class='ocr_carea' id='block_1_9' title="bbox 168 415 953 451">
    <p class='ocr_par' dir='ltr' id='par_1_9' title="bbox 168 415 953 451">
     <span class='ocr_line' id='line_1_9' title="bbox 168 415 953 451; baseline -0.001 -9"><span class='ocrx_word' id='word_1_47' title='bbox 168 418 196 442; x_wconf 81' lang='grc' dir='ltr'>ἐν</span> <span class='ocrx_word' id='word_1_48' title='bbox 213 418 322 451; x_wconf 80' lang='grc' dir='ltr'><strong>ἑορταῖς</strong></span> <span class='ocrx_word' id='word_1_49' title='bbox 344 416 391 442; x_wconf 70' lang='grc' dir='ltr'>καὶ</span> <span class='ocrx_word' id='word_1_50' title='bbox 417 416 574 450; x_wconf 77' lang='grc' dir='ltr'><strong>νουμηνίαις</strong></span> <span class='ocrx_word' id='word_1_51' title='bbox 593 416 639 442; x_wconf 76' lang='grc' dir='ltr'><strong>καὶ</strong></span> <span class='ocrx_word' id='word_1_52' title='bbox 657 416 811 447; x_wconf 73' lang='grc' dir='ltr'>σαϐϐάτοις,</span> <span class='ocrx_word' id='word_1_53' title='bbox 828 415 860 447; x_wconf 77' lang='grc' dir='ltr'>ἃς</span> <span class='ocrx_word' id='word_1_54' title='bbox 876 416 953 441; x_wconf 79' lang='grc' dir='ltr'>σκιὰν</span> 
     </span>
    </p>
   </div>
   <div class='ocr_carea' id='block_1_10' title="bbox 165 461 953 498">
    <p class='ocr_par' dir='ltr' id='par_1_10' title="bbox 165 461 953 498">
     <span class='ocr_line' id='line_1_10' title="bbox 165 461 953 498; baseline -0.003 -9"><span class='ocrx_word' id='word_1_55' title='bbox 165 461 235 489; x_wconf 80' lang='grc' dir='ltr'>εἶναι</span> <span class='ocrx_word' id='word_1_56' title='bbox 249 462 370 498; x_wconf 81' lang='grc' dir='ltr'>ἡμερῶν,</span> <span class='ocrx_word' id='word_1_57' title='bbox 387 462 443 488; x_wconf 84' lang='grc' dir='ltr'>ἀλλ’</span> <span class='ocrx_word' id='word_1_58' title='bbox 456 463 505 496; x_wconf 77' lang='grc' dir='ltr'>οὐχ</span> <span class='ocrx_word' id='word_1_59' title='bbox 531 462 635 497; x_wconf 80' lang='grc' dir='ltr'>ἡμέρας</span> <span class='ocrx_word' id='word_1_60' title='bbox 646 463 659 488; x_wconf 84' lang='grc' dir='ltr'>ὁ</span> <span class='ocrx_word' id='word_1_61' title='bbox 671 462 742 493; x_wconf 85' lang='grc' dir='ltr'>θεῖος</span> <span class='ocrx_word' id='word_1_62' title='bbox 756 462 902 493; x_wconf 82' lang='grc' dir='ltr'><strong>ἀπόστολος</strong></span> <span class='ocrx_word' id='word_1_63' title='bbox 914 462 953 487; x_wconf 80' lang='grc' dir='ltr'>δι-</span> 
     </span>
    </p>
   </div>
   <div class='ocr_carea' id='block_1_11' title="bbox 164 506 953 542">
    <p class='ocr_par' dir='ltr' id='par_1_11' title="bbox 164 506 953 542">
     <span class='ocr_line' id='line_1_11' title="bbox 164 506 953 542; baseline -0.004 -8"><span class='ocrx_word' id='word_1_64' title='bbox 164 507 269 534; x_wconf 69' lang='grc' dir='ltr'>δάσκει.</span> <span class='ocrx_word' id='word_1_65' title='bbox 293 507 368 541; x_wconf 86' lang='grc' dir='ltr'><strong>Μόνη</strong></span> <span class='ocrx_word' id='word_1_66' title='bbox 385 506 413 532; x_wconf 75' lang='grc' dir='ltr'><strong>δὲ</strong></span> <span class='ocrx_word' id='word_1_67' title='bbox 422 506 489 541; x_wconf 77' lang='grc' dir='ltr'>αὕτη</span> <span class='ocrx_word' id='word_1_68' title='bbox 507 508 523 542; x_wconf 84' lang='grc' dir='ltr'>ἡ</span> <span class='ocrx_word' id='word_1_69' title='bbox 545 508 593 542; x_wconf 88' lang='grc' dir='ltr'><strong>μία</strong></span> <span class='ocrx_word' id='word_1_70' title='bbox 620 507 746 542; x_wconf 82' lang='grc' dir='ltr'>Κυριακὴ</span> <span class='ocrx_word' id='word_1_71' title='bbox 767 506 813 532; x_wconf 75' lang='grc' dir='ltr'>τοῦ</span> <span class='ocrx_word' id='word_1_72' title='bbox 829 507 953 542; x_wconf 78' lang='grc' dir='ltr'>Σωτῆρος</span> 
     </span>
    </p>
   </div>
   <div class='ocr_carea' id='block_1_12' title="bbox 165 552 953 588">
    <p class='ocr_par' dir='ltr' id='par_1_12' title="bbox 165 552 953 588">
     <span class='ocr_line' id='line_1_12' title="bbox 165 552 953 588; baseline -0.001 -9"><span class='ocrx_word' id='word_1_73' title='bbox 165 553 242 588; x_wconf 78' lang='grc' dir='ltr'>ἡμῶν</span> <span class='ocrx_word' id='word_1_74' title='bbox 264 553 354 588; x_wconf 83' lang='grc' dir='ltr'>ἡμέρα</span> <span class='ocrx_word' id='word_1_75' title='bbox 372 553 419 579; x_wconf 73' lang='grc' dir='ltr'>οὐκ</span> <span class='ocrx_word' id='word_1_76' title='bbox 435 553 465 579; x_wconf 77' lang='grc' dir='ltr'>ἐν</span> <span class='ocrx_word' id='word_1_77' title='bbox 489 554 569 579; x_wconf 76' lang='grc' dir='ltr'>παντὶ</span> <span class='ocrx_word' id='word_1_78' title='bbox 591 554 665 588; x_wconf 82' lang='grc' dir='ltr'>τόπῳ</span> <span class='ocrx_word' id='word_1_79' title='bbox 689 552 824 588; x_wconf 73' lang='grc' dir='ltr'><strong>φωτίζειν,</strong></span> <span class='ocrx_word' id='word_1_80' title='bbox 848 553 903 579; x_wconf 79' lang='grc' dir='ltr'>ἀλλ’</span> <span class='ocrx_word' id='word_1_81' title='bbox 925 553 953 578; x_wconf 81' lang='grc' dir='ltr'>ἐν</span> 
     </span>
    </p>
   </div>
   <div class='ocr_carea' id='block_1_13' title="bbox 166 597 954 633">
    <p class='ocr_par' dir='ltr' id='par_1_13' title="bbox 166 597 954 633">
     <span class='ocr_line' id='line_1_13' title="bbox 166 597 954 633; baseline 0 -9"><span class='ocrx_word' id='word_1_82' title='bbox 166 600 262 633; x_wconf 78' lang='grc' dir='ltr'>μόναις</span> <span class='ocrx_word' id='word_1_83' title='bbox 279 600 338 630; x_wconf 88' lang='grc' dir='ltr'>ταῖς</span> <span class='ocrx_word' id='word_1_84' title='bbox 362 599 458 630; x_wconf 74' lang='grc' dir='ltr'>αὐλαῖς</span> <span class='ocrx_word' id='word_1_85' title='bbox 477 598 523 624; x_wconf 83' lang='grc' dir='ltr'>τοῦ</span> <span class='ocrx_word' id='word_1_86' title='bbox 542 599 643 633; x_wconf 84' lang='grc' dir='ltr'>Κυρίου</span> <span class='ocrx_word' id='word_1_87' title='bbox 662 599 796 625; x_wconf 80' lang='grc' dir='ltr'>λέλεκται.</span> <span class='ocrx_word' id='word_1_88' title='bbox 811 597 871 625; x_wconf 74' lang='grc' dir='ltr'>Εἶεν</span> <span class='ocrx_word' id='word_1_89' title='bbox 883 599 905 624; x_wconf 73' lang='grc' dir='ltr'><strong>δ’</strong></span> <span class='ocrx_word' id='word_1_90' title='bbox 920 598 954 625; x_wconf 79' lang='grc' dir='ltr'>ἂν</span> 
     </span>
    </p>
   </div>
   <div class='ocr_carea' id='block_1_14' title="bbox 163 642 952 681">
    <p class='ocr_par' dir='ltr' id='par_1_14' title="bbox 163 642 952 681">
     <span class='ocr_line' id='line_1_14' title="bbox 163 642 952 681; baseline 0 -10"><span class='ocrx_word' id='word_1_91' title='bbox 163 642 244 672; x_wconf 72' lang='grc' dir='ltr'>αὗται</span> <span class='ocrx_word' id='word_1_92' title='bbox 266 645 294 671; x_wconf 78' lang='grc' dir='ltr'>αἱ</span> <span class='ocrx_word' id='word_1_93' title='bbox 320 644 390 670; x_wconf 80' lang='grc' dir='ltr'>κατὰ</span> <span class='ocrx_word' id='word_1_94' title='bbox 407 645 495 671; x_wconf 75' lang='grc' dir='ltr'>πᾶσαν</span> <span class='ocrx_word' id='word_1_95' title='bbox 511 645 560 680; x_wconf 81' lang='grc' dir='ltr'>τὴν</span> <span class='ocrx_word' id='word_1_96' title='bbox 583 646 745 681; x_wconf 73' lang='grc' dir='ltr'>οἰκουμένην</span> <span class='ocrx_word' id='word_1_97' title='bbox 767 645 812 671; x_wconf 80' lang='grc' dir='ltr'>τοῦ</span> <span class='ocrx_word' id='word_1_98' title='bbox 835 645 952 680; x_wconf 75' lang='grc' dir='ltr'>Χριστοῦ</span> 
     </span>
    </p>
   </div>
   <div class='ocr_carea' id='block_1_15' title="bbox 169 689 953 726">
    <p class='ocr_par' dir='ltr' id='par_1_15' title="bbox 169 689 953 726">
     <span class='ocr_line' id='line_1_15' title="bbox 169 689 953 726; baseline -0.001 -8"><span class='ocrx_word' id='word_1_99' title='bbox 169 691 339 726; x_wconf 80' lang='grc' dir='ltr'>Ἐκκλησίαι,</span> <span class='ocrx_word' id='word_1_100' title='bbox 353 691 411 722; x_wconf 82' lang='grc' dir='ltr'>ἑνὸς</span> <span class='ocrx_word' id='word_1_101' title='bbox 425 691 470 717; x_wconf 79' lang='grc' dir='ltr'>τοῦ</span> <span class='ocrx_word' id='word_1_102' title='bbox 485 691 552 717; x_wconf 77' lang='grc' dir='ltr'>Θεοῦ</span> <span class='ocrx_word' id='word_1_103' title='bbox 562 692 742 726; x_wconf 73' lang='grc' dir='ltr'>τυγχάνουσαι</span> <span class='ocrx_word' id='word_1_104' title='bbox 760 692 849 723; x_wconf 73' lang='grc' dir='ltr'>αὐλαὶ,</span> <span class='ocrx_word' id='word_1_105' title='bbox 866 693 894 717; x_wconf 80' lang='grc' dir='ltr'>ὲν</span> <span class='ocrx_word' id='word_1_106' title='bbox 910 689 953 721; x_wconf 78' lang='grc' dir='ltr'>αἷς</span> 
     </span>
    </p>
   </div>
   <div class='ocr_carea' id='block_1_16' title="bbox 162 736 952 773">
    <p class='ocr_par' dir='ltr' id='par_1_16' title="bbox 162 736 952 773">
     <span class='ocr_line' id='line_1_16' title="bbox 162 736 952 773; baseline 0.001 -11"><span class='ocrx_word' id='word_1_107' title='bbox 162 737 259 771; x_wconf 79' lang='grc' dir='ltr'>ἀγαπᾷ</span> <span class='ocrx_word' id='word_1_108' title='bbox 282 736 328 762; x_wconf 71' lang='grc' dir='ltr'><strong>καὶ</strong></span> <span class='ocrx_word' id='word_1_109' title='bbox 353 737 469 772; x_wconf 76' lang='grc' dir='ltr'>αἱρεῖται</span> <span class='ocrx_word' id='word_1_110' title='bbox 495 738 743 773; x_wconf 75' lang='grc' dir='ltr'>παραρριπτεῖσθαι</span> <span class='ocrx_word' id='word_1_111' title='bbox 763 739 776 764; x_wconf 81' lang='grc' dir='ltr'>ὁ</span> <span class='ocrx_word' id='word_1_112' title='bbox 793 738 826 763; x_wconf 80' lang='grc' dir='ltr'>τὰ</span> <span class='ocrx_word' id='word_1_113' title='bbox 842 737 952 763; x_wconf 73' lang='grc' dir='ltr'>τοιαῦτα</span> 
     </span>
    </p>
   </div>
   <div class='ocr_carea' id='block_1_17' title="bbox 161 782 952 819">
    <p class='ocr_par' dir='ltr' id='par_1_17' title="bbox 161 782 952 819">
     <span class='ocr_line' id='line_1_17' title="bbox 161 782 952 819; baseline 0 -11"><span class='ocrx_word' id='word_1_114' title='bbox 161 782 251 814; x_wconf 81' lang='grc' dir='ltr'><strong>εἰδὼς,</strong></span> <span class='ocrx_word' id='word_1_115' title='bbox 264 782 339 818; x_wconf 71' lang='grc' dir='ltr'>παρὰ</span> <span class='ocrx_word' id='word_1_116' title='bbox 353 782 419 809; x_wconf 76' lang='grc' dir='ltr'>πολὺ</span> <span class='ocrx_word' id='word_1_117' title='bbox 431 783 573 818; x_wconf 82' lang='grc' dir='ltr'>κρείττονα</span> <span class='ocrx_word' id='word_1_118' title='bbox 586 784 634 819; x_wconf 77' lang='grc' dir='ltr'>τὴν</span> <span class='ocrx_word' id='word_1_119' title='bbox 650 785 678 810; x_wconf 82' lang='grc' dir='ltr'>ὲν</span> <span class='ocrx_word' id='word_1_120' title='bbox 686 784 796 814; x_wconf 78' lang='grc' dir='ltr'>ταύταις</span> <span class='ocrx_word' id='word_1_121' title='bbox 811 784 952 819; x_wconf 72' lang='grc' dir='ltr'>διατριϐὴν</span> 
     </span>
    </p>
   </div>
   <div class='ocr_carea' id='block_1_18' title="bbox 161 829 951 864">
    <p class='ocr_par' dir='ltr' id='par_1_18' title="bbox 161 829 951 864">
     <span class='ocr_line' id='line_1_18' title="bbox 161 829 951 864; baseline 0.003 -11"><span class='ocrx_word' id='word_1_122' title='bbox 161 829 374 863; x_wconf 66' lang='grc' dir='ltr'>ἀποφηνάμενος</span> <span class='ocrx_word' id='word_1_123' title='bbox 395 829 444 863; x_wconf 77' lang='grc' dir='ltr'>τῆς</span> <span class='ocrx_word' id='word_1_124' title='bbox 463 829 490 855; x_wconf 82' lang='grc' dir='ltr'>ἐν</span> <span class='ocrx_word' id='word_1_125' title='bbox 506 830 561 861; x_wconf 82' lang='grc' dir='ltr'>τοῖς</span> <span class='ocrx_word' id='word_1_126' title='bbox 580 829 738 864; x_wconf 77' lang='grc' dir='ltr'>σκηνώμασι</span> <span class='ocrx_word' id='word_1_127' title='bbox 752 830 805 855; x_wconf 83' lang='grc' dir='ltr'>τῶν</span> <span class='ocrx_word' id='word_1_128' title='bbox 821 830 951 864; x_wconf 83' lang='grc' dir='ltr'>ἁμαρτω-</span> 
     </span>
    </p>
   </div>
   <div class='ocr_carea' id='block_1_19' title="bbox 160 874 951 909">
    <p class='ocr_par' dir='ltr' id='par_1_19' title="bbox 160 874 951 909">
     <span class='ocr_line' id='line_1_19' title="bbox 160 874 951 909; baseline 0.001 -9"><span class='ocrx_word' id='word_1_129' title='bbox 160 874 215 901; x_wconf 80' lang='grc' dir='ltr'>λῶν</span> <span class='ocrx_word' id='word_1_130' title='bbox 228 883 235 889; x_wconf 91' lang='grc'><strong>·</strong></span> <span class='ocrx_word' id='word_1_131' title='bbox 252 875 392 909; x_wconf 77' lang='grc' dir='ltr'>σημαίνων</span> <span class='ocrx_word' id='word_1_132' title='bbox 418 874 467 905; x_wconf 75' lang='grc' dir='ltr'><strong>τὰς</strong></span> <span class='ocrx_word' id='word_1_133' title='bbox 494 875 547 901; x_wconf 87' lang='grc' dir='ltr'>τῶν</span> <span class='ocrx_word' id='word_1_134' title='bbox 580 875 712 901; x_wconf 79' lang='grc' dir='ltr'>Ἰουδαίων</span> <span class='ocrx_word' id='word_1_135' title='bbox 733 876 893 909; x_wconf 76' lang='grc' dir='ltr'>συναγωγὰς</span> <span class='ocrx_word' id='word_1_136' title='bbox 906 876 951 901; x_wconf 68' lang='grc' dir='ltr'><strong>τὸν</strong></span> 
     </span>
    </p>
   </div>
   <div class='ocr_carea' id='block_1_20' title="bbox 160 921 987 963">
    <p class='ocr_par' dir='ltr' id='par_1_20' title="bbox 160 921 987 963">
     <span class='ocr_line' id='line_1_20' title="bbox 160 921 987 963; baseline 0.001 -17"><span class='ocrx_word' id='word_1_137' title='bbox 160 921 279 956; x_wconf 75' lang='grc' dir='ltr'>Χριστὸν</span> <span class='ocrx_word' id='word_1_138' title='bbox 292 921 338 947; x_wconf 79' lang='grc' dir='ltr'>τοῦ</span> <span class='ocrx_word' id='word_1_139' title='bbox 356 921 422 947; x_wconf 77' lang='grc' dir='ltr'>Θεοῦ</span> <span class='ocrx_word' id='word_1_140' title='bbox 437 921 615 956; x_wconf 81' lang='grc' dir='ltr'>ἀρνουμένας,</span> <span class='ocrx_word' id='word_1_141' title='bbox 630 921 645 955; x_wconf 87' lang='grc' dir='ltr'>ἢ</span> <span class='ocrx_word' id='word_1_142' title='bbox 669 922 716 947; x_wconf 75' lang='grc' dir='ltr'>καὶ</span> <span class='ocrx_word' id='word_1_143' title='bbox 733 921 781 953; x_wconf 76' lang='grc' dir='ltr'><strong>τὰς</strong></span> <span class='ocrx_word' id='word_1_144' title='bbox 798 922 850 947; x_wconf 84' lang='grc' dir='ltr'>τῶν</span> <span class='ocrx_word' id='word_1_145' title='bbox 863 922 949 948; x_wconf 51' lang='lat' dir='ltr'><strong>eos.»</strong></span> <span class='ocrx_word' id='word_1_146' title='bbox 966 935 987 963; x_wconf 75' lang='grc' dir='ltr'><strong>Β</strong></span> 
     </span>
    </p>
   </div>
   <div class='ocr_carea' id='block_1_21' title="bbox 159 963 949 1001">
    <p class='ocr_par' dir='ltr' id='par_1_21' title="bbox 159 963 949 1001">
     <span class='ocr_line' id='line_1_21' title="bbox 159 963 949 1001; baseline 0.001 -10"><span class='ocrx_word' id='word_1_147' title='bbox 159 966 332 1001; x_wconf 77' lang='grc' dir='ltr'>ἑτεροδόξων,</span> <span class='ocrx_word' id='word_1_148' title='bbox 347 967 393 993; x_wconf 72' lang='grc' dir='ltr'><strong>καὶ</strong></span> <span class='ocrx_word' id='word_1_149' title='bbox 412 966 464 992; x_wconf 83' lang='grc' dir='ltr'>τῶν</span> <span class='ocrx_word' id='word_1_150' title='bbox 478 966 564 992; x_wconf 75' lang='grc' dir='ltr'>ἄλλων</span> <span class='ocrx_word' id='word_1_151' title='bbox 585 966 704 992; x_wconf 75' lang='grc' dir='ltr'>ἀπίστων</span> <span class='ocrx_word' id='word_1_152' title='bbox 719 966 813 996; x_wconf 81' lang='grc' dir='ltr'>ἐθνῶν,</span> <span class='ocrx_word' id='word_1_153' title='bbox 828 963 865 992; x_wconf 78' lang='grc' dir='ltr'>ὧν</span> <span class='ocrx_word' id='word_1_154' title='bbox 884 967 949 993; x_wconf 75' lang='grc' dir='ltr'>πολὺ</span> 
     </span>
    </p>
   </div>
   <div class='ocr_carea' id='block_1_22' title="bbox 160 1010 951 1046">
    <p class='ocr_par' dir='ltr' id='par_1_22' title="bbox 160 1010 951 1046">
     <span class='ocr_line' id='line_1_22' title="bbox 160 1010 951 1046; baseline 0.004 -10"><span class='ocrx_word' id='word_1_155' title='bbox 160 1011 283 1046; x_wconf 72' lang='grc' dir='ltr'>βελτίους</span> <span class='ocrx_word' id='word_1_156' title='bbox 291 1010 359 1038; x_wconf 81' lang='grc' dir='ltr'>εἶναι</span> <span class='ocrx_word' id='word_1_157' title='bbox 372 1012 420 1042; x_wconf 74' lang='grc' dir='ltr'><strong>τὰς</strong></span> <span class='ocrx_word' id='word_1_158' title='bbox 437 1011 595 1046; x_wconf 82' lang='grc' dir='ltr'>Ἐκκλησίας</span> <span class='ocrx_word' id='word_1_159' title='bbox 608 1011 653 1038; x_wconf 75' lang='grc' dir='ltr'><strong>τοῦ</strong></span> <span class='ocrx_word' id='word_1_160' title='bbox 665 1012 781 1046; x_wconf 78' lang='grc' dir='ltr'>Χριστοῦ</span> <span class='ocrx_word' id='word_1_161' title='bbox 794 1014 846 1044; x_wconf 77' lang='grc' dir='ltr'>πᾶς</span> <span class='ocrx_word' id='word_1_162' title='bbox 861 1014 874 1038; x_wconf 79' lang='grc' dir='ltr'>ὁ</span> <span class='ocrx_word' id='word_1_163' title='bbox 887 1013 951 1039; x_wconf 82' lang='grc' dir='ltr'>ταύ-</span> 
     </span>
    </p>
   </div>
   <div class='ocr_carea' id='block_1_23' title="bbox 158 1056 587 1092">
    <p class='ocr_par' dir='ltr' id='par_1_23' title="bbox 158 1056 587 1092">
     <span class='ocr_line' id='line_1_23' title="bbox 158 1056 587 1092; baseline 0 -10"><span class='ocrx_word' id='word_1_164' title='bbox 158 1065 210 1088; x_wconf 77' lang='grc' dir='ltr'><strong>τας</strong></span> <span class='ocrx_word' id='word_1_165' title='bbox 223 1056 385 1092; x_wconf 71' lang='grc' dir='ltr'>αἱρούμενος</span> <span class='ocrx_word' id='word_1_166' title='bbox 400 1056 587 1090; x_wconf 57' lang='grc' dir='ltr'>ἁποςεαίνεται.</span> 
     </span>
    </p>
   </div>
   <div class='ocr_carea' id='block_1_24' title="bbox 162 1152 948 1189">
    <p class='ocr_par' dir='ltr' id='par_1_24' title="bbox 162 1152 948 1189">
     <span class='ocr_line' id='line_1_24' title="bbox 162 1152 948 1189; baseline 0.001 -9"><span class='ocrx_word' id='word_1_167' title='bbox 162 1152 292 1186; x_wconf 71' lang='grc' dir='ltr'>Ψαλμοῦ</span> <span class='ocrx_word' id='word_1_168' title='bbox 305 1157 398 1186; x_wconf 78' lang='grc' dir='ltr'>πη’.-</span> <span class='ocrx_word' id='word_1_169' title='bbox 409 1154 536 1186; x_wconf 69' lang='grc' dir='ltr'>Χριστὸς</span> <span class='ocrx_word' id='word_1_170' title='bbox 549 1154 693 1188; x_wconf 70' lang='grc' dir='ltr'>ὀνομαστὶ</span> <span class='ocrx_word' id='word_1_171' title='bbox 703 1155 948 1189; x_wconf 66' lang='grc' dir='ltr'><strong>ἐξουθενημένος,</strong></span> 
     </span>
    </p>
   </div>
   <div class='ocr_carea' id='block_1_25' title="bbox 195 1189 950 1224">
    <p class='ocr_par' dir='ltr' id='par_1_25' title="bbox 195 1189 950 1224">
     <span class='ocr_line' id='line_1_25' title="bbox 195 1189 950 1224; baseline 0.003 -10"><span class='ocrx_word' id='word_1_172' title='bbox 195 1189 244 1214; x_wconf 78' lang='grc' dir='ltr'><strong>καὶ</strong></span> <span class='ocrx_word' id='word_1_173' title='bbox 268 1189 304 1214; x_wconf 79' lang='grc' dir='ltr'>τὰ</span> <span class='ocrx_word' id='word_1_174' title='bbox 324 1189 468 1223; x_wconf 77' lang='grc' dir='ltr'>αἴσχιστα</span> <span class='ocrx_word' id='word_1_175' title='bbox 489 1191 675 1222; x_wconf 68' lang='grc' dir='ltr'>πείσίμενως,</span> <span class='ocrx_word' id='word_1_176' title='bbox 702 1190 895 1224; x_wconf 71' lang='grc' dir='ltr'><strong>ἀνῖά..ἰλ‹(γμᾱ</strong></span> <span class='ocrx_word' id='word_1_177' title='bbox 920 1199 950 1216; x_wconf 78' lang='grc' dir='ltr'>τε</span> 
     </span>
    </p>
   </div>
   <div class='ocr_carea' id='block_1_26' title="bbox 196 1223 945 1259">
    <p class='ocr_par' dir='ltr' id='par_1_26' title="bbox 196 1223 945 1259">
     <span class='ocr_line' id='line_1_26' title="bbox 196 1223 945 1259; baseline 0.003 -10"><span class='ocrx_word' id='word_1_178' title='bbox 196 1223 289 1249; x_wconf 77' lang='grc' dir='ltr'>αὑτοῦ</span> <span class='ocrx_word' id='word_1_179' title='bbox 310 1224 385 1257; x_wconf 76' lang='grc' dir='ltr'>λαὸς</span> <span class='ocrx_word' id='word_1_180' title='bbox 409 1224 501 1250; x_wconf 77' lang='grc' dir='ltr'>αὺτοῦ</span> <span class='ocrx_word' id='word_1_181' title='bbox 519 1225 574 1250; x_wconf 70' lang='grc' dir='ltr'><strong>ὑπὸ</strong></span> <span class='ocrx_word' id='word_1_182' title='bbox 594 1225 653 1250; x_wconf 71' lang='grc' dir='ltr'>τῶν</span> <span class='ocrx_word' id='word_1_183' title='bbox 671 1225 786 1259; x_wconf 76' lang='grc' dir='ltr'>ἐχθρῶν</span> <span class='ocrx_word' id='word_1_184' title='bbox 811 1225 945 1255; x_wconf 68' lang='grc' dir='ltr'><strong>ίνειὸιζύ-</strong></span> 
     </span>
    </p>
   </div>
   <div class='ocr_carea' id='block_1_27' title="bbox 191 1266 296 1292">
    <p class='ocr_par' dir='ltr' id='par_1_27' title="bbox 191 1266 296 1292">
     <span class='ocr_line' id='line_1_27' title="bbox 191 1266 296 1292; baseline 0 -8"><span class='ocrx_word' id='word_1_185' title='bbox 191 1266 296 1292; x_wconf 76' lang='grc' dir='ltr'>μενος.</span> 
     </span>
    </p>
   </div>
   <div class='ocr_carea' id='block_1_28' title="bbox 198 1315 949 1347">
    <p class='ocr_par' dir='ltr' id='par_1_28' title="bbox 198 1315 949 1347">
     <span class='ocr_line' id='line_1_28' title="bbox 198 1315 949 1347; baseline 0.003 -7"><span class='ocrx_word' id='word_1_186' title='bbox 198 1325 207 1340; x_wconf 75' lang='grc' dir='ltr'><strong>ι</strong></span> <span class='ocrx_word' id='word_1_187' title='bbox 229 1315 264 1341; x_wconf 77' lang='grc' dir='ltr'>Σὺ</span> <span class='ocrx_word' id='word_1_188' title='bbox 290 1315 318 1341; x_wconf 75' lang='grc' dir='ltr'>δὲ</span> <span class='ocrx_word' id='word_1_189' title='bbox 346 1315 447 1341; x_wconf 78' lang='grc' dir='ltr'>ἀπώσω</span> <span class='ocrx_word' id='word_1_190' title='bbox 468 1316 514 1341; x_wconf 75' lang='grc' dir='ltr'><strong>καὶ</strong></span> <span class='ocrx_word' id='word_1_191' title='bbox 540 1315 726 1347; x_wconf 77' lang='grc' dir='ltr'>ἐξουῦἐνωσας,</span> <span class='ocrx_word' id='word_1_192' title='bbox 753 1316 883 1342; x_wconf 70' lang='grc' dir='ltr'>ἀνεϐάλου</span> <span class='ocrx_word' id='word_1_193' title='bbox 905 1317 949 1343; x_wconf 62' lang='grc' dir='ltr'><strong>τὸν</strong></span> 
     </span>
    </p>
   </div>
   <div class='ocr_carea' id='block_1_29' title="bbox 156 1362 948 1398">
    <p class='ocr_par' dir='ltr' id='par_1_29' title="bbox 156 1362 948 1398">
     <span class='ocr_line' id='line_1_29' title="bbox 156 1362 948 1398; baseline 0 -10"><span class='ocrx_word' id='word_1_194' title='bbox 156 1362 277 1396; x_wconf 77' lang='grc' dir='ltr'>Χριστόν</span> <span class='ocrx_word' id='word_1_195' title='bbox 295 1370 351 1391; x_wconf 82' lang='grc' dir='ltr'>σου,</span> <span class='ocrx_word' id='word_1_196' title='bbox 375 1362 562 1398; x_wconf 56' lang='grc' dir='ltr'>κατέστρεψας</span> <span class='ocrx_word' id='word_1_197' title='bbox 580 1362 628 1397; x_wconf 79' lang='grc' dir='ltr'>τὴν</span> <span class='ocrx_word' id='word_1_198' title='bbox 643 1363 780 1397; x_wconf 80' lang='grc' dir='ltr'>Διαοήκην</span> <span class='ocrx_word' id='word_1_199' title='bbox 795 1363 839 1389; x_wconf 72' lang='grc' dir='ltr'>τοῦ</span> <span class='ocrx_word' id='word_1_200' title='bbox 856 1363 948 1389; x_wconf 74' lang='grc' dir='ltr'>δούλου</span> 
     </span>
    </p>
   </div>
   <div class='ocr_carea' id='block_1_30' title="bbox 157 1409 945 1446">
    <p class='ocr_par' dir='ltr' id='par_1_30' title="bbox 157 1409 945 1446">
     <span class='ocr_line' id='line_1_30' title="bbox 157 1409 945 1446; baseline 0.003 -11"><span class='ocrx_word' id='word_1_201' title='bbox 157 1418 219 1436; x_wconf 79' lang='grc' dir='ltr'>σου.</span> <span class='ocrx_word' id='word_1_202' title='bbox 241 1409 427 1444; x_wconf 71' lang='grc' dir='ltr'>Ἐϐεϐήλωσας</span> <span class='ocrx_word' id='word_1_203' title='bbox 444 1411 482 1441; x_wconf 80' lang='grc' dir='ltr'>εἰς</span> <span class='ocrx_word' id='word_1_204' title='bbox 494 1411 542 1446; x_wconf 86' lang='grc' dir='ltr'>τὴν</span> <span class='ocrx_word' id='word_1_205' title='bbox 557 1411 608 1445; x_wconf 83' lang='grc' dir='ltr'><strong>γῆν</strong></span> <span class='ocrx_word' id='word_1_206' title='bbox 621 1411 651 1437; x_wconf 79' lang='grc' dir='ltr'>τὸ</span> <span class='ocrx_word' id='word_1_207' title='bbox 673 1411 794 1445; x_wconf 72' lang='grc' dir='ltr'>ἁγίασμα</span> <span class='ocrx_word' id='word_1_208' title='bbox 815 1411 896 1437; x_wconf 75' lang='grc' dir='ltr'>αὐτοῦ</span> <span class='ocrx_word' id='word_1_209' title='bbox 907 1432 914 1443; x_wconf 94' lang='grc'>,</span> <span class='ocrx_word' id='word_1_210' title='bbox 937 1421 945 1437; x_wconf 72' lang='grc' dir='ltr'><strong>ι</strong></span> 
     </span>
    </p>
   </div>
   <div class='ocr_carea' id='block_1_31' title="bbox 156 1453 948 1490">
    <p class='ocr_par' dir='ltr' id='par_1_31' title="bbox 156 1453 948 1490">
     <span class='ocr_line' id='line_1_31' title="bbox 156 1453 948 1490; baseline 0 -10"><span class='ocrx_word' id='word_1_211' title='bbox 156 1455 207 1481; x_wconf 72' lang='grc' dir='ltr'><strong>καὶ</strong></span> <span class='ocrx_word' id='word_1_212' title='bbox 235 1454 270 1481; x_wconf 79' lang='grc' dir='ltr'><strong>τὰ</strong></span> <span class='ocrx_word' id='word_1_213' title='bbox 297 1455 368 1489; x_wconf 70' lang='grc' dir='ltr'><strong>ἑξῆς·</strong></span> <span class='ocrx_word' id='word_1_214' title='bbox 385 1453 424 1486; x_wconf 72' lang='grc' dir='ltr'>οἷς</span> <span class='ocrx_word' id='word_1_215' title='bbox 442 1455 571 1488; x_wconf 73' lang='grc' dir='ltr'><strong>ἑπιλὲγει’</strong></span> <span class='ocrx_word' id='word_1_216' title='bbox 588 1465 596 1480; x_wconf 75' lang='grc' dir='ltr'><strong>ι</strong></span> <span class='ocrx_word' id='word_1_217' title='bbox 612 1455 762 1490; x_wconf 76' lang='grc' dir='ltr'>Μνήσοητι,</span> <span class='ocrx_word' id='word_1_218' title='bbox 787 1454 883 1490; x_wconf 77' lang='grc' dir='ltr'>Κύριε,</span> <span class='ocrx_word' id='word_1_219' title='bbox 901 1454 948 1480; x_wconf 75' lang='grc' dir='ltr'>τοῦ</span> 
     </span>
    </p>
   </div>
   <div class='ocr_carea' id='block_1_32' title="bbox 156 1498 948 1535">
    <p class='ocr_par' dir='ltr' id='par_1_32' title="bbox 156 1498 948 1535">
     <span class='ocr_line' id='line_1_32' title="bbox 156 1498 948 1535; baseline 0 -9"><span class='ocrx_word' id='word_1_220' title='bbox 156 1499 311 1535; x_wconf 53' lang='lat' dir='ltr'><strong>amatam;</strong></span> <span class='ocrx_word' id='word_1_221' title='bbox 323 1500 377 1525; x_wconf 77' lang='grc' dir='ltr'>τῶν</span> <span class='ocrx_word' id='word_1_222' title='bbox 392 1500 490 1526; x_wconf 76' lang='grc' dir='ltr'>δούλων</span> <span class='ocrx_word' id='word_1_223' title='bbox 510 1509 567 1531; x_wconf 75' lang='grc' dir='ltr'>σου,</span> <span class='ocrx_word' id='word_1_224' title='bbox 585 1498 614 1527; x_wconf 72' lang='grc' dir='ltr'><strong>οὗ</strong></span> <span class='ocrx_word' id='word_1_225' title='bbox 629 1500 745 1535; x_wconf 81' lang='grc' dir='ltr'>ὑπέσχον</span> <span class='ocrx_word' id='word_1_226' title='bbox 762 1502 789 1526; x_wconf 77' lang='grc' dir='ltr'>ἐν</span> <span class='ocrx_word' id='word_1_227' title='bbox 806 1500 844 1535; x_wconf 82' lang='grc' dir='ltr'><strong>τῷ</strong></span> <span class='ocrx_word' id='word_1_228' title='bbox 857 1501 948 1535; x_wconf 81' lang='grc' dir='ltr'>κόλπῳ</span> 
     </span>
    </p>
   </div>
   <div class='ocr_carea' id='block_1_33' title="bbox 158 1544 947 1582">
    <p class='ocr_par' dir='ltr' id='par_1_33' title="bbox 158 1544 947 1582">
     <span class='ocr_line' id='line_1_33' title="bbox 158 1544 947 1582; baseline 0.001 -10"><span class='ocrx_word' id='word_1_229' title='bbox 158 1555 212 1581; x_wconf 77' lang='grc' dir='ltr'><strong>μου</strong></span> <span class='ocrx_word' id='word_1_230' title='bbox 230 1546 334 1572; x_wconf 80' lang='grc' dir='ltr'>πολλῶν</span> <span class='ocrx_word' id='word_1_231' title='bbox 349 1546 442 1577; x_wconf 70' lang='grc' dir='ltr'><strong>ἐθνῶν,</strong></span> <span class='ocrx_word' id='word_1_232' title='bbox 459 1544 489 1573; x_wconf 75' lang='grc' dir='ltr'>οὗ</span> <span class='ocrx_word' id='word_1_233' title='bbox 506 1546 646 1573; x_wconf 80' lang='grc' dir='ltr'>ὼνείδισαν</span> <span class='ocrx_word' id='word_1_234' title='bbox 663 1547 687 1572; x_wconf 86' lang='grc' dir='ltr'>οἱ</span> <span class='ocrx_word' id='word_1_235' title='bbox 706 1547 796 1582; x_wconf 77' lang='grc' dir='ltr'>ἐχθροί</span> <span class='ocrx_word' id='word_1_236' title='bbox 814 1556 871 1578; x_wconf 82' lang='grc' dir='ltr'>σου,</span> <span class='ocrx_word' id='word_1_237' title='bbox 890 1548 947 1573; x_wconf 86' lang='grc' dir='ltr'>Κύ-</span> 
     </span>
    </p>
   </div>
   <div class='ocr_carea' id='block_1_34' title="bbox 1006 277 1792 312">
    <p class='ocr_par' dir='ltr' id='par_1_34' title="bbox 1006 277 1792 312">
     <span class='ocr_line' id='line_1_34' title="bbox 1006 277 1792 312; baseline 0 -6"><span class='ocrx_word' id='word_1_238' title='bbox 1006 286 1133 306; x_wconf 87' lang='lat' dir='ltr'><strong>reversus</strong></span> <span class='ocrx_word' id='word_1_239' title='bbox 1151 283 1203 310; x_wconf 83' lang='lat' dir='ltr'><strong>est,</strong></span> <span class='ocrx_word' id='word_1_240' title='bbox 1219 284 1300 312; x_wconf 89' lang='lat' dir='ltr'><strong>quem</strong></span> <span class='ocrx_word' id='word_1_241' title='bbox 1322 284 1398 310; x_wconf 83' lang='lat' dir='ltr'><strong>sane,</strong></span> <span class='ocrx_word' id='word_1_242' title='bbox 1413 284 1475 304; x_wconf 83' lang='lat' dir='ltr'><strong>cum</strong></span> <span class='ocrx_word' id='word_1_243' title='bbox 1491 277 1515 304; x_wconf 87' lang='lat' dir='ltr'><strong>is</strong></span> <span class='ocrx_word' id='word_1_244' title='bbox 1532 284 1604 305; x_wconf 82' lang='lat' dir='ltr'><strong>unus</strong></span> <span class='ocrx_word' id='word_1_245' title='bbox 1620 278 1657 305; x_wconf 84' lang='lat' dir='ltr'><strong>sit</strong></span> <span class='ocrx_word' id='word_1_246' title='bbox 1672 282 1700 305; x_wconf 85' lang='lat' dir='ltr'><strong>et</strong></span> <span class='ocrx_word' id='word_1_247' title='bbox 1716 279 1792 306; x_wconf 88' lang='lat' dir='ltr'><strong>solus</strong></span> 
     </span>
    </p>
   </div>
   <div class='ocr_carea' id='block_1_35' title="bbox 1005 321 1792 360">
    <p class='ocr_par' dir='ltr' id='par_1_35' title="bbox 1005 321 1792 360">
     <span class='ocr_line' id='line_1_35' title="bbox 1005 321 1792 360; baseline -0.005 -7"><span class='ocrx_word' id='word_1_248' title='bbox 1005 332 1099 360; x_wconf 80' lang='lat' dir='ltr'><strong>revera</strong></span> <span class='ocrx_word' id='word_1_249' title='bbox 1112 324 1238 359; x_wconf 86' lang='lat' dir='ltr'><strong>proprius</strong></span> <span class='ocrx_word' id='word_1_250' title='bbox 1259 330 1292 350; x_wconf 90' lang='lat' dir='ltr'><strong>ac</strong></span> <span class='ocrx_word' id='word_1_251' title='bbox 1303 321 1472 354; x_wconf 83' lang='lat' dir='ltr'><strong>Dominicus,</strong></span> <span class='ocrx_word' id='word_1_252' title='bbox 1482 323 1621 350; x_wconf 82' lang='lat' dir='ltr'><strong>meliorem</strong></span> <span class='ocrx_word' id='word_1_253' title='bbox 1631 330 1693 351; x_wconf 85' lang='lat' dir='ltr'><strong>esse</strong></span> <span class='ocrx_word' id='word_1_254' title='bbox 1703 323 1792 355; x_wconf 81' lang='lat' dir='ltr'><strong>aiunt,</strong></span> 
     </span>
    </p>
   </div>
   <div class='ocr_carea' id='block_1_36' title="bbox 1005 368 1793 403">
    <p class='ocr_par' dir='ltr' id='par_1_36' title="bbox 1005 368 1793 403">
     <span class='ocr_line' id='line_1_36' title="bbox 1005 368 1793 403; baseline -0.003 -6"><span class='ocrx_word' id='word_1_255' title='bbox 1005 372 1066 397; x_wconf 87' lang='lat' dir='ltr'><strong>aliis</strong></span> <span class='ocrx_word' id='word_1_256' title='bbox 1082 368 1329 396; x_wconf 79' lang='lat' dir='ltr'><strong>innumerabilibus</strong></span> <span class='ocrx_word' id='word_1_257' title='bbox 1351 368 1460 400; x_wconf 79' lang='lat' dir='ltr'><strong>diebus,</strong></span> <span class='ocrx_word' id='word_1_258' title='bbox 1479 368 1536 395; x_wconf 83' lang='lat' dir='ltr'><strong>sive</strong></span> <span class='ocrx_word' id='word_1_259' title='bbox 1549 369 1594 403; x_wconf 89' lang='lat' dir='ltr'><strong>qui</strong></span> <span class='ocrx_word' id='word_1_260' title='bbox 1610 369 1793 395; x_wconf 86' lang='lat' dir='ltr'><strong>communiter</strong></span> 
     </span>
    </p>
   </div>
   <div class='ocr_carea' id='block_1_37' title="bbox 1004 414 1792 450">
    <p class='ocr_par' dir='ltr' id='par_1_37' title="bbox 1004 414 1792 450">
     <span class='ocr_line' id='line_1_37' title="bbox 1004 414 1792 450; baseline -0.004 -7"><span class='ocrx_word' id='word_1_261' title='bbox 1004 417 1200 450; x_wconf 80' lang='lat' dir='ltr'><strong>intelligantur,</strong></span> <span class='ocrx_word' id='word_1_262' title='bbox 1219 415 1276 441; x_wconf 85' lang='lat' dir='ltr'><strong>sive</strong></span> <span class='ocrx_word' id='word_1_263' title='bbox 1291 414 1337 449; x_wconf 86' lang='lat' dir='ltr'><strong>qui</strong></span> <span class='ocrx_word' id='word_1_264' title='bbox 1352 422 1366 440; x_wconf 88' lang='lat' dir='ltr'><strong>a</strong></span> <span class='ocrx_word' id='word_1_265' title='bbox 1385 414 1458 441; x_wconf 83' lang='lat' dir='ltr'><strong>Mose</strong></span> <span class='ocrx_word' id='word_1_266' title='bbox 1473 414 1500 440; x_wconf 93' lang='lat' dir='ltr'><strong>in</strong></span> <span class='ocrx_word' id='word_1_267' title='bbox 1519 414 1688 440; x_wconf 83' lang='lat' dir='ltr'><strong>solemnibus</strong></span> <span class='ocrx_word' id='word_1_268' title='bbox 1701 419 1727 440; x_wconf 87' lang='lat' dir='ltr'><strong>et</strong></span> <span class='ocrx_word' id='word_1_269' title='bbox 1743 422 1792 440; x_wconf 92' lang='lat' dir='ltr'><strong>no-</strong></span> 
     </span>
    </p>
   </div>
   <div class='ocr_carea' id='block_1_38' title="bbox 1005 460 1793 495">
    <p class='ocr_par' dir='ltr' id='par_1_38' title="bbox 1005 460 1793 495">
     <span class='ocr_line' id='line_1_38' title="bbox 1005 460 1793 495; baseline 0 -8"><span class='ocrx_word' id='word_1_270' title='bbox 1005 462 1116 489; x_wconf 85' lang='lat' dir='ltr'><strong>viluniis</strong></span> <span class='ocrx_word' id='word_1_271' title='bbox 1137 466 1163 489; x_wconf 88' lang='lat' dir='ltr'><strong>et</strong></span> <span class='ocrx_word' id='word_1_272' title='bbox 1183 461 1305 489; x_wconf 74' lang='lat' dir='ltr'><strong>sabbatis</strong></span> <span class='ocrx_word' id='word_1_273' title='bbox 1327 461 1384 495; x_wconf 83' lang='lat' dir='ltr'><strong>lege</strong></span> <span class='ocrx_word' id='word_1_274' title='bbox 1408 460 1507 486; x_wconf 88' lang='lat' dir='ltr'><strong>sanciti</strong></span> <span class='ocrx_word' id='word_1_275' title='bbox 1531 460 1597 491; x_wconf 86' lang='lat' dir='ltr'><strong>sint,</strong></span> <span class='ocrx_word' id='word_1_276' title='bbox 1615 468 1683 495; x_wconf 90' lang='lat' dir='ltr'><strong>qttos</strong></span> <span class='ocrx_word' id='word_1_277' title='bbox 1699 460 1793 494; x_wconf 83' lang='lat' dir='ltr'><strong>utique</strong></span> 
     </span>
    </p>
   </div>
   <div class='ocr_carea' id='block_1_39' title="bbox 1005 506 1792 541">
    <p class='ocr_par' dir='ltr' id='par_1_39' title="bbox 1005 506 1792 541">
     <span class='ocr_line' id='line_1_39' title="bbox 1005 506 1792 541; baseline -0.003 -6"><span class='ocrx_word' id='word_1_278' title='bbox 1005 516 1058 535; x_wconf 91' lang='lat' dir='ltr'><strong>non</strong></span> <span class='ocrx_word' id='word_1_279' title='bbox 1075 508 1143 539; x_wconf 86' lang='lat' dir='ltr'><strong>dies,</strong></span> <span class='ocrx_word' id='word_1_280' title='bbox 1162 507 1209 534; x_wconf 84' lang='lat' dir='ltr'><strong>sed</strong></span> <span class='ocrx_word' id='word_1_281' title='bbox 1227 507 1332 534; x_wconf 88' lang='lat' dir='ltr'><strong>dierum</strong></span> <span class='ocrx_word' id='word_1_282' title='bbox 1350 506 1462 533; x_wconf 80' lang='lat' dir='ltr'><strong>umbras</strong></span> <span class='ocrx_word' id='word_1_283' title='bbox 1483 514 1544 533; x_wconf 85' lang='lat' dir='ltr'><strong>esse</strong></span> <span class='ocrx_word' id='word_1_284' title='bbox 1557 506 1667 533; x_wconf 88' lang='lat' dir='ltr'><strong>divinus</strong></span> <span class='ocrx_word' id='word_1_285' title='bbox 1681 510 1792 541; x_wconf 85' lang='lat' dir='ltr'><strong>aposto-</strong></span> 
     </span>
    </p>
   </div>
   <div class='ocr_carea' id='block_1_40' title="bbox 1005 552 1794 580">
    <p class='ocr_par' dir='ltr' id='par_1_40' title="bbox 1005 552 1794 580">
     <span class='ocr_line' id='line_1_40' title="bbox 1005 552 1794 580; baseline -0.003 0"><span class='ocrx_word' id='word_1_286' title='bbox 1005 555 1047 580; x_wconf 94' lang='lat' dir='ltr'><strong>lus</strong></span> <span class='ocrx_word' id='word_1_287' title='bbox 1074 554 1163 580; x_wconf 82' lang='lat' dir='ltr'><strong>docet.</strong></span> <span class='ocrx_word' id='word_1_288' title='bbox 1185 552 1234 579; x_wconf 84' lang='lat' dir='ltr'><strong>Hic</strong></span> <span class='ocrx_word' id='word_1_289' title='bbox 1259 557 1351 579; x_wconf 81' lang='lat' dir='ltr'><strong>autem</strong></span> <span class='ocrx_word' id='word_1_290' title='bbox 1376 552 1452 579; x_wconf 85' lang='lat' dir='ltr'><strong>solus</strong></span> <span class='ocrx_word' id='word_1_291' title='bbox 1480 556 1507 578; x_wconf 92' lang='lat' dir='ltr'><strong>ct</strong></span> <span class='ocrx_word' id='word_1_292' title='bbox 1530 560 1602 579; x_wconf 90' lang='lat' dir='ltr'><strong>unus</strong></span> <span class='ocrx_word' id='word_1_293' title='bbox 1633 552 1794 579; x_wconf 79' lang='lat' dir='ltr'><strong>Dominicus</strong></span> 
     </span>
    </p>
   </div>
   <div class='ocr_carea' id='block_1_41' title="bbox 1006 598 1792 630">
    <p class='ocr_par' dir='ltr' id='par_1_41' title="bbox 1006 598 1792 630">
     <span class='ocr_line' id='line_1_41' title="bbox 1006 598 1792 630; baseline -0.003 -4"><span class='ocrx_word' id='word_1_294' title='bbox 1006 599 1155 626; x_wconf 72' lang='lat' dir='ltr'><strong>Salvator-is</strong></span> <span class='ocrx_word' id='word_1_295' title='bbox 1169 599 1255 626; x_wconf 78' lang='lat' dir='ltr'><strong>nostri</strong></span> <span class='ocrx_word' id='word_1_296' title='bbox 1273 599 1341 629; x_wconf 83' lang='lat' dir='ltr'><strong>dies,</strong></span> <span class='ocrx_word' id='word_1_297' title='bbox 1355 606 1409 625; x_wconf 91' lang='lat' dir='ltr'><strong>non</strong></span> <span class='ocrx_word' id='word_1_298' title='bbox 1424 598 1450 624; x_wconf 92' lang='lat' dir='ltr'><strong>in</strong></span> <span class='ocrx_word' id='word_1_299' title='bbox 1465 598 1539 625; x_wconf 88' lang='lat' dir='ltr'><strong>omni</strong></span> <span class='ocrx_word' id='word_1_300' title='bbox 1555 598 1615 624; x_wconf 88' lang='lat' dir='ltr'><strong>loco</strong></span> <span class='ocrx_word' id='word_1_301' title='bbox 1629 598 1729 630; x_wconf 86' lang='lat' dir='ltr'><strong>lucere,</strong></span> <span class='ocrx_word' id='word_1_302' title='bbox 1744 598 1792 625; x_wconf 73' lang='lat' dir='ltr'><strong>sed</strong></span> 
     </span>
    </p>
   </div>
   <div class='ocr_carea' id='block_1_42' title="bbox 1005 644 1790 673">
    <p class='ocr_par' dir='ltr' id='par_1_42' title="bbox 1005 644 1790 673">
     <span class='ocr_line' id='line_1_42' title="bbox 1005 644 1790 673; baseline -0.004 0"><span class='ocrx_word' id='word_1_303' title='bbox 1005 647 1032 673; x_wconf 91' lang='lat' dir='ltr'><strong>in</strong></span> <span class='ocrx_word' id='word_1_304' title='bbox 1052 646 1119 673; x_wconf 92' lang='lat' dir='ltr'><strong>solis</strong></span> <span class='ocrx_word' id='word_1_305' title='bbox 1143 646 1220 673; x_wconf 89' lang='lat' dir='ltr'><strong>atriis</strong></span> <span class='ocrx_word' id='word_1_306' title='bbox 1240 645 1346 672; x_wconf 80' lang='lat' dir='ltr'><strong>Domini</strong></span> <span class='ocrx_word' id='word_1_307' title='bbox 1366 645 1457 672; x_wconf 87' lang='lat' dir='ltr'><strong>dictus</strong></span> <span class='ocrx_word' id='word_1_308' title='bbox 1479 649 1530 672; x_wconf 79' lang='lat' dir='ltr'><strong>est.</strong></span> <span class='ocrx_word' id='word_1_309' title='bbox 1558 644 1619 671; x_wconf 62' lang='lat' dir='ltr'><strong>Haec</strong></span> <span class='ocrx_word' id='word_1_310' title='bbox 1642 652 1705 671; x_wconf 85' lang='lat' dir='ltr'><strong>vero</strong></span> <span class='ocrx_word' id='word_1_311' title='bbox 1723 645 1790 670; x_wconf 84' lang='lat' dir='ltr'><strong>atria</strong></span> 
     </span>
    </p>
   </div>
   <div class='ocr_carea' id='block_1_43' title="bbox 1004 691 1790 726">
    <p class='ocr_par' dir='ltr' id='par_1_43' title="bbox 1004 691 1790 726">
     <span class='ocr_line' id='line_1_43' title="bbox 1004 691 1790 726; baseline -0.003 -7"><span class='ocrx_word' id='word_1_312' title='bbox 1004 696 1084 719; x_wconf 88' lang='lat' dir='ltr'><strong>erunt</strong></span> <span class='ocrx_word' id='word_1_313' title='bbox 1100 700 1147 726; x_wconf 82' lang='lat' dir='ltr'><strong>per</strong></span> <span class='ocrx_word' id='word_1_314' title='bbox 1161 696 1248 718; x_wconf 92' lang='lat' dir='ltr'><strong>totum</strong></span> <span class='ocrx_word' id='word_1_315' title='bbox 1271 691 1364 718; x_wconf 88' lang='lat' dir='ltr'><strong>orbem</strong></span> <span class='ocrx_word' id='word_1_316' title='bbox 1379 695 1512 717; x_wconf 82' lang='lat' dir='ltr'><strong>terrarum</strong></span> <span class='ocrx_word' id='word_1_317' title='bbox 1533 691 1634 718; x_wconf 77' lang='lat' dir='ltr'><strong>Christi</strong></span> <span class='ocrx_word' id='word_1_318' title='bbox 1651 691 1790 721; x_wconf 53' lang='lat' dir='ltr'><strong>Ecclesia,</strong></span> 
     </span>
    </p>
   </div>
   <div class='ocr_carea' id='block_1_44' title="bbox 1003 737 1793 773">
    <p class='ocr_par' dir='ltr' id='par_1_44' title="bbox 1003 737 1793 773">
     <span class='ocr_line' id='line_1_44' title="bbox 1003 737 1793 773; baseline -0.003 -8"><span class='ocrx_word' id='word_1_319' title='bbox 1003 746 1064 773; x_wconf 76' lang='lat' dir='ltr'><strong>qua:</strong></span> <span class='ocrx_word' id='word_1_320' title='bbox 1079 739 1160 766; x_wconf 90' lang='lat' dir='ltr'><strong>unius</strong></span> <span class='ocrx_word' id='word_1_321' title='bbox 1182 738 1281 765; x_wconf 84' lang='lat' dir='ltr'><strong>domus</strong></span> <span class='ocrx_word' id='word_1_322' title='bbox 1307 738 1353 765; x_wconf 86' lang='lat' dir='ltr'><strong>Dei</strong></span> <span class='ocrx_word' id='word_1_323' title='bbox 1379 738 1468 764; x_wconf 87' lang='lat' dir='ltr'><strong>locum</strong></span> <span class='ocrx_word' id='word_1_324' title='bbox 1493 738 1627 764; x_wconf 88' lang='lat' dir='ltr'><strong>obtinent.</strong></span> <span class='ocrx_word' id='word_1_325' title='bbox 1645 738 1675 764; x_wconf 87' lang='lat' dir='ltr'><strong>ln</strong></span> <span class='ocrx_word' id='word_1_326' title='bbox 1692 737 1793 771; x_wconf 85' lang='lat' dir='ltr'><strong>quibus</strong></span> 
     </span>
    </p>
   </div>
   <div class='ocr_carea' id='block_1_45' title="bbox 1002 782 1792 818">
    <p class='ocr_par' dir='ltr' id='par_1_45' title="bbox 1002 782 1792 818">
     <span class='ocr_line' id='line_1_45' title="bbox 1002 782 1792 818; baseline -0.001 -9"><span class='ocrx_word' id='word_1_327' title='bbox 1002 788 1078 818; x_wconf 87' lang='lat' dir='ltr'><strong>optat</strong></span> <span class='ocrx_word' id='word_1_328' title='bbox 1093 788 1173 818; x_wconf 86' lang='lat' dir='ltr'><strong>atque</strong></span> <span class='ocrx_word' id='word_1_329' title='bbox 1197 784 1274 818; x_wconf 70' lang='lat' dir='ltr'><strong>eligit</strong></span> <span class='ocrx_word' id='word_1_330' title='bbox 1297 791 1326 811; x_wconf 89' lang='lat' dir='ltr'><strong>se</strong></span> <span class='ocrx_word' id='word_1_331' title='bbox 1342 784 1432 818; x_wconf 89' lang='lat' dir='ltr'><strong>potitts</strong></span> <span class='ocrx_word' id='word_1_332' title='bbox 1448 783 1583 817; x_wconf 81' lang='lat' dir='ltr'><strong>abjectuni</strong></span> <span class='ocrx_word' id='word_1_333' title='bbox 1599 790 1670 813; x_wconf 85' lang='lat' dir='ltr'><strong>esse,</strong></span> <span class='ocrx_word' id='word_1_334' title='bbox 1687 782 1734 816; x_wconf 88' lang='lat' dir='ltr'><strong>qui</strong></span> <span class='ocrx_word' id='word_1_335' title='bbox 1750 786 1792 808; x_wconf 54' lang='lat' dir='ltr'><strong>ta»-</strong></span> 
     </span>
    </p>
   </div>
   <div class='ocr_carea' id='block_1_46' title="bbox 1003 827 1788 863">
    <p class='ocr_par' dir='ltr' id='par_1_46' title="bbox 1003 827 1788 863">
     <span class='ocr_line' id='line_1_46' title="bbox 1003 827 1788 863; baseline -0.004 -8"><span class='ocrx_word' id='word_1_336' title='bbox 1003 829 1038 856; x_wconf 80' lang='lat' dir='ltr'><strong>lia</strong></span> <span class='ocrx_word' id='word_1_337' title='bbox 1062 829 1147 860; x_wconf 88' lang='lat' dir='ltr'><strong>novit,</strong></span> <span class='ocrx_word' id='word_1_338' title='bbox 1166 830 1300 863; x_wconf 79' lang='lat' dir='ltr'><strong>longeque</strong></span> <span class='ocrx_word' id='word_1_339' title='bbox 1328 829 1467 855; x_wconf 83' lang='lat' dir='ltr'><strong>meliorem</strong></span> <span class='ocrx_word' id='word_1_340' title='bbox 1489 829 1516 855; x_wconf 91' lang='lat' dir='ltr'><strong>in</strong></span> <span class='ocrx_word' id='word_1_341' title='bbox 1531 828 1565 854; x_wconf 87' lang='lat' dir='ltr'><strong>iis</strong></span> <span class='ocrx_word' id='word_1_342' title='bbox 1594 827 1788 854; x_wconf 69' lang='lat' dir='ltr'><strong>habitationem</strong></span> 
     </span>
    </p>
   </div>
   <div class='ocr_carea' id='block_1_47' title="bbox 1002 873 1791 910">
    <p class='ocr_par' dir='ltr' id='par_1_47' title="bbox 1002 873 1791 910">
     <span class='ocr_line' id='line_1_47' title="bbox 1002 873 1791 910; baseline -0.003 -9"><span class='ocrx_word' id='word_1_343' title='bbox 1002 875 1137 906; x_wconf 73' lang='lat' dir='ltr'><strong>enuntiat,</strong></span> <span class='ocrx_word' id='word_1_344' title='bbox 1161 883 1242 909; x_wconf 89' lang='lat' dir='ltr'><strong>quam</strong></span> <span class='ocrx_word' id='word_1_345' title='bbox 1259 876 1285 901; x_wconf 88' lang='lat' dir='ltr'><strong>in</strong></span> <span class='ocrx_word' id='word_1_346' title='bbox 1311 881 1486 910; x_wconf 82' lang='lat' dir='ltr'><strong>peccatorum</strong></span> <span class='ocrx_word' id='word_1_347' title='bbox 1511 874 1719 901; x_wconf 88' lang='lat' dir='ltr'><strong>tabernaculis:</strong></span> <span class='ocrx_word' id='word_1_348' title='bbox 1738 873 1791 900; x_wconf 89' lang='lat' dir='ltr'><strong>nisi</strong></span> 
     </span>
    </p>
   </div>
   <div class='ocr_carea' id='block_1_48' title="bbox 1003 920 1794 956">
    <p class='ocr_par' dir='ltr' id='par_1_48' title="bbox 1003 920 1794 956">
     <span class='ocr_line' id='line_1_48' title="bbox 1003 920 1794 956; baseline -0.003 -9"><span class='ocrx_word' id='word_1_349' title='bbox 1003 920 1071 948; x_wconf 79' lang='lat' dir='ltr'><strong>forte</strong></span> <span class='ocrx_word' id='word_1_350' title='bbox 1095 921 1268 953; x_wconf 58' lang='lat' dir='ltr'><strong>Judaaorum,</strong></span> <span class='ocrx_word' id='word_1_351' title='bbox 1295 922 1341 956; x_wconf 88' lang='lat' dir='ltr'><strong>qui</strong></span> <span class='ocrx_word' id='word_1_352' title='bbox 1366 921 1505 949; x_wconf 84' lang='lat' dir='ltr'><strong>Christum</strong></span> <span class='ocrx_word' id='word_1_353' title='bbox 1530 921 1576 948; x_wconf 87' lang='lat' dir='ltr'><strong>Dei</strong></span> <span class='ocrx_word' id='word_1_354' title='bbox 1604 924 1719 955; x_wconf 80' lang='lat' dir='ltr'><strong>negant,</strong></span> <span class='ocrx_word' id='word_1_355' title='bbox 1746 924 1794 946; x_wconf 87' lang='lat' dir='ltr'><strong>aut</strong></span> 
     </span>
    </p>
   </div>
   <div class='ocr_carea' id='block_1_49' title="bbox 1002 967 1792 1003">
    <p class='ocr_par' dir='ltr' id='par_1_49' title="bbox 1002 967 1792 1003">
     <span class='ocr_line' id='line_1_49' title="bbox 1002 967 1792 1003; baseline -0.001 -9"><span class='ocrx_word' id='word_1_356' title='bbox 1002 969 1117 995; x_wconf 87' lang='lat' dir='ltr'><strong>aliorum</strong></span> <span class='ocrx_word' id='word_1_357' title='bbox 1136 968 1242 995; x_wconf 82' lang='lat' dir='ltr'><strong>diversa</strong></span> <span class='ocrx_word' id='word_1_358' title='bbox 1260 970 1442 1003; x_wconf 83' lang='lat' dir='ltr'><strong>opinantium,</strong></span> <span class='ocrx_word' id='word_1_359' title='bbox 1463 969 1625 1002; x_wconf 89' lang='lat' dir='ltr'><strong>nullumque</strong></span> <span class='ocrx_word' id='word_1_360' title='bbox 1643 967 1727 994; x_wconf 88' lang='lat' dir='ltr'><strong>Dettm</strong></span> <span class='ocrx_word' id='word_1_361' title='bbox 1744 973 1792 993; x_wconf 92' lang='lat' dir='ltr'><strong>co-</strong></span> 
     </span>
    </p>
   </div>
   <div class='ocr_carea' id='block_1_50' title="bbox 1003 1013 1791 1049">
    <p class='ocr_par' dir='ltr' id='par_1_50' title="bbox 1003 1013 1791 1049">
     <span class='ocr_line' id='line_1_50' title="bbox 1003 1013 1791 1049; baseline -0.003 -9"><span class='ocrx_word' id='word_1_362' title='bbox 1003 1015 1125 1045; x_wconf 87' lang='lat' dir='ltr'><strong>lentium,</strong></span> <span class='ocrx_word' id='word_1_363' title='bbox 1143 1015 1364 1049; x_wconf 86' lang='lat' dir='ltr'><strong>reliquarumque</strong></span> <span class='ocrx_word' id='word_1_364' title='bbox 1382 1022 1396 1040; x_wconf 89' lang='lat' dir='ltr'><strong>a</strong></span> <span class='ocrx_word' id='word_1_365' title='bbox 1413 1014 1464 1041; x_wconf 84' lang='lat' dir='ltr'><strong>ﬁde</strong></span> <span class='ocrx_word' id='word_1_366' title='bbox 1479 1014 1685 1041; x_wconf 85' lang='lat' dir='ltr'><strong>abhorrentium</strong></span> <span class='ocrx_word' id='word_1_367' title='bbox 1700 1013 1791 1039; x_wconf 82' lang='lat' dir='ltr'><strong>natio—</strong></span> 
     </span>
    </p>
   </div>
   <div class='ocr_carea' id='block_1_51' title="bbox 1002 1058 1790 1094">
    <p class='ocr_par' dir='ltr' id='par_1_51' title="bbox 1002 1058 1790 1094">
     <span class='ocr_line' id='line_1_51' title="bbox 1002 1058 1790 1094; baseline -0.004 -7"><span class='ocrx_word' id='word_1_368' title='bbox 1002 1069 1064 1087; x_wconf 91' lang='lat' dir='ltr'><strong>num</strong></span> <span class='ocrx_word' id='word_1_369' title='bbox 1080 1065 1241 1093; x_wconf 87' lang='lat' dir='ltr'><strong>convcntus,</strong></span> <span class='ocrx_word' id='word_1_370' title='bbox 1258 1062 1343 1088; x_wconf 92' lang='lat' dir='ltr'><strong>multo</strong></span> <span class='ocrx_word' id='word_1_371' title='bbox 1366 1061 1493 1087; x_wconf 85' lang='lat' dir='ltr'><strong>meliores</strong></span> <span class='ocrx_word' id='word_1_372' title='bbox 1509 1068 1570 1087; x_wconf 89' lang='lat' dir='ltr'><strong>esse</strong></span> <span class='ocrx_word' id='word_1_373' title='bbox 1586 1067 1670 1094; x_wconf 90' lang='lat' dir='ltr'><strong>qttam</strong></span> <span class='ocrx_word' id='word_1_374' title='bbox 1688 1058 1790 1086; x_wconf 89' lang='lat' dir='ltr'><strong>Christi</strong></span> 
     </span>
    </p>
   </div>
   <div class='ocr_carea' id='block_1_52' title="bbox 1002 1106 1690 1142">
    <p class='ocr_par' dir='ltr' id='par_1_52' title="bbox 1002 1106 1690 1142">
     <span class='ocr_line' id='line_1_52' title="bbox 1002 1106 1690 1142; baseline -0.003 -9"><span class='ocrx_word' id='word_1_375' title='bbox 1002 1107 1147 1138; x_wconf 80' lang='lat' dir='ltr'><strong>Ecclesias,</strong></span> <span class='ocrx_word' id='word_1_376' title='bbox 1166 1108 1321 1142; x_wconf 86' lang='lat' dir='ltr'><strong>quicunque</strong></span> <span class='ocrx_word' id='word_1_377' title='bbox 1335 1107 1416 1134; x_wconf 89' lang='lat' dir='ltr'><strong>hasce</strong></span> <span class='ocrx_word' id='word_1_378' title='bbox 1437 1106 1520 1141; x_wconf 81' lang='lat' dir='ltr'><strong>eligit,</strong></span> <span class='ocrx_word' id='word_1_379' title='bbox 1540 1106 1690 1141; x_wconf 77' lang='lat' dir='ltr'><strong>profitetur.</strong></span> 
     </span>
    </p>
   </div>
   <div class='ocr_carea' id='block_1_53' title="bbox 1001 1160 1791 1194">
    <p class='ocr_par' dir='ltr' id='par_1_53' title="bbox 1001 1160 1791 1194">
     <span class='ocr_line' id='line_1_53' title="bbox 1001 1160 1791 1194; baseline -0.001 -6"><span class='ocrx_word' id='word_1_380' title='bbox 1001 1162 1021 1188; x_wconf 83' lang='grc' dir='ltr'><em>Α</em></span> <span class='ocrx_word' id='word_1_381' title='bbox 1049 1162 1152 1194; x_wconf 75' lang='lat' dir='ltr'><strong>psalmo</strong></span> <span class='ocrx_word' id='word_1_382' title='bbox 1173 1170 1305 1189; x_wconf 74' lang='lat' dir='ltr'><strong>Lxxxvtu.</strong></span> <span class='ocrx_word' id='word_1_383' title='bbox 1329 1178 1362 1181; x_wconf 98' lang='lat'>—</span> <span class='ocrx_word' id='word_1_384' title='bbox 1378 1162 1498 1189; x_wconf 77' lang='lat' dir='ltr'><strong>Christus</strong></span> <span class='ocrx_word' id='word_1_385' title='bbox 1522 1162 1679 1188; x_wconf 78' lang='lat' dir='ltr'><strong>nominatim</strong></span> <span class='ocrx_word' id='word_1_386' title='bbox 1699 1160 1791 1192; x_wconf 81' lang='lat' dir='ltr'><strong>despe-</strong></span> 
     </span>
    </p>
   </div>
   <div class='ocr_carea' id='block_1_54' title="bbox 1037 1197 1791 1232">
    <p class='ocr_par' dir='ltr' id='par_1_54' title="bbox 1037 1197 1791 1232">
     <span class='ocr_line' id='line_1_54' title="bbox 1037 1197 1791 1232; baseline -0.001 -10"><span class='ocrx_word' id='word_1_387' title='bbox 1037 1202 1105 1228; x_wconf 77' lang='lat' dir='ltr'><strong>ctus,</strong></span> <span class='ocrx_word' id='word_1_388' title='bbox 1122 1204 1199 1232; x_wconf 72' lang='lat' dir='ltr'><strong>atque</strong></span> <span class='ocrx_word' id='word_1_389' title='bbox 1214 1199 1301 1224; x_wconf 83' lang='lat' dir='ltr'><strong>omnia</strong></span> <span class='ocrx_word' id='word_1_390' title='bbox 1320 1197 1415 1231; x_wconf 78' lang='lat' dir='ltr'><strong>probra</strong></span> <span class='ocrx_word' id='word_1_391' title='bbox 1439 1206 1566 1231; x_wconf 78' lang='lat' dir='ltr'><strong>passurus</strong></span> <span class='ocrx_word' id='word_1_392' title='bbox 1581 1205 1589 1223; x_wconf 89' lang='lat'><em>:</em></span> <span class='ocrx_word' id='word_1_393' title='bbox 1605 1197 1791 1223; x_wconf 77' lang='lat' dir='ltr'><strong>commulatio-</strong></span> 
     </span>
    </p>
   </div>
   <div class='ocr_carea' id='block_1_55' title="bbox 1036 1232 1791 1267">
    <p class='ocr_par' dir='ltr' id='par_1_55' title="bbox 1036 1232 1791 1267">
     <span class='ocr_line' id='line_1_55' title="bbox 1036 1232 1791 1267; baseline 0 -10"><span class='ocrx_word' id='word_1_394' title='bbox 1036 1241 1084 1266; x_wconf 70' lang='grc' dir='ltr'>(μω</span> <span class='ocrx_word' id='word_1_395' title='bbox 1096 1234 1163 1266; x_wconf 70' lang='lat' dir='ltr'><strong>ejus,</strong></span> <span class='ocrx_word' id='word_1_396' title='bbox 1181 1234 1292 1267; x_wconf 83' lang='lat' dir='ltr'><strong>populus</strong></span> <span class='ocrx_word' id='word_1_397' title='bbox 1310 1233 1438 1267; x_wconf 66' lang='lat' dir='ltr'><strong>ejusdem,</strong></span> <span class='ocrx_word' id='word_1_398' title='bbox 1457 1233 1500 1266; x_wconf 86' lang='lat' dir='ltr'><strong>qui</strong></span> <span class='ocrx_word' id='word_1_399' title='bbox 1520 1233 1551 1259; x_wconf 82' lang='lat' dir='ltr'><strong>ab</strong></span> <span class='ocrx_word' id='word_1_400' title='bbox 1568 1232 1680 1258; x_wconf 82' lang='lat' dir='ltr'><strong>inimicis</strong></span> <span class='ocrx_word' id='word_1_401' title='bbox 1697 1239 1791 1264; x_wconf 71' lang='lat' dir='ltr'><strong>expro-</strong></span> 
     </span>
    </p>
   </div>
   <div class='ocr_carea' id='block_1_56' title="bbox 1037 1267 1140 1294">
    <p class='ocr_par' dir='ltr' id='par_1_56' title="bbox 1037 1267 1140 1294">
     <span class='ocr_line' id='line_1_56' title="bbox 1037 1267 1140 1294; baseline 0.01 -1"><span class='ocrx_word' id='word_1_402' title='bbox 1037 1267 1140 1294; x_wconf 77' lang='lat' dir='ltr'><strong>bratur.</strong></span> 
     </span>
    </p>
   </div>
   <div class='ocr_carea' id='block_1_57' title="bbox 1004 1322 1791 1359">
    <p class='ocr_par' dir='ltr' id='par_1_57' title="bbox 1004 1322 1791 1359">
     <span class='ocr_line' id='line_1_57' title="bbox 1004 1322 1791 1359; baseline -0.004 -9"><span class='ocrx_word' id='word_1_403' title='bbox 1004 1326 1082 1359; x_wconf 81' lang='lat'><strong>187</strong></span> <span class='ocrx_word' id='word_1_404' title='bbox 1101 1335 1108 1350; x_wconf 74' lang='grc' dir='ltr'><strong>ι</strong></span> <span class='ocrx_word' id='word_1_405' title='bbox 1130 1325 1170 1352; x_wconf 92' lang='lat' dir='ltr'><strong>Tu</strong></span> <span class='ocrx_word' id='word_1_406' title='bbox 1188 1333 1253 1351; x_wconf 81' lang='lat' dir='ltr'><strong>vero</strong></span> <span class='ocrx_word' id='word_1_407' title='bbox 1278 1325 1403 1359; x_wconf 87' lang='lat' dir='ltr'><strong>repulisti</strong></span> <span class='ocrx_word' id='word_1_408' title='bbox 1425 1329 1452 1351; x_wconf 92' lang='lat' dir='ltr'><strong>et</strong></span> <span class='ocrx_word' id='word_1_409' title='bbox 1466 1323 1626 1359; x_wconf 80' lang='lat' dir='ltr'><strong>despexisti,</strong></span> <span class='ocrx_word' id='word_1_410' title='bbox 1658 1322 1791 1350; x_wconf 83' lang='lat' dir='ltr'><strong>distulisti</strong></span> 
     </span>
    </p>
   </div>
   <div class='ocr_carea' id='block_1_58' title="bbox 1000 1368 1789 1398">
    <p class='ocr_par' dir='ltr' id='par_1_58' title="bbox 1000 1368 1789 1398">
     <span class='ocr_line' id='line_1_58' title="bbox 1000 1368 1789 1398; baseline -0.005 -1"><span class='ocrx_word' id='word_1_411' title='bbox 1000 1372 1140 1398; x_wconf 85' lang='lat' dir='ltr'><strong>Christum</strong></span> <span class='ocrx_word' id='word_1_412' title='bbox 1162 1376 1261 1398; x_wconf 91' lang='lat' dir='ltr'><strong>tuum:</strong></span> <span class='ocrx_word' id='word_1_413' title='bbox 1281 1371 1404 1398; x_wconf 82' lang='lat' dir='ltr'><strong>evertisti</strong></span> <span class='ocrx_word' id='word_1_414' title='bbox 1427 1374 1622 1398; x_wconf 81' lang='lat' dir='ltr'><strong>testamentum</strong></span> <span class='ocrx_word' id='word_1_415' title='bbox 1646 1368 1717 1397; x_wconf 81' lang='lat' dir='ltr'><strong>servi</strong></span> <span class='ocrx_word' id='word_1_416' title='bbox 1736 1368 1789 1395; x_wconf 91' lang='lat' dir='ltr'><strong>sui.</strong></span> 
     </span>
    </p>
   </div>
   <div class='ocr_carea' id='block_1_59' title="bbox 1000 1415 1792 1450">
    <p class='ocr_par' dir='ltr' id='par_1_59' title="bbox 1000 1415 1792 1450">
     <span class='ocr_line' id='line_1_59' title="bbox 1000 1415 1792 1450; baseline -0.004 -7"><span class='ocrx_word' id='word_1_417' title='bbox 1000 1415 1155 1443; x_wconf 79' lang='lat' dir='ltr'><strong>Prolanasti</strong></span> <span class='ocrx_word' id='word_1_418' title='bbox 1178 1417 1205 1443; x_wconf 90' lang='lat' dir='ltr'><strong>in</strong></span> <span class='ocrx_word' id='word_1_419' title='bbox 1229 1420 1303 1444; x_wconf 84' lang='lat' dir='ltr'><strong>terra</strong></span> <span class='ocrx_word' id='word_1_420' title='bbox 1326 1417 1512 1443; x_wconf 80' lang='lat' dir='ltr'><strong>sanctuarium</strong></span> <span class='ocrx_word' id='word_1_421' title='bbox 1531 1416 1629 1450; x_wconf 76' lang='lat' dir='ltr'><strong>ejus“,</strong></span> <span class='ocrx_word' id='word_1_422' title='bbox 1652 1424 1660 1440; x_wconf 85' lang='lat'><strong>)</strong></span> <span class='ocrx_word' id='word_1_423' title='bbox 1683 1418 1709 1441; x_wconf 87' lang='lat' dir='ltr'><strong>ct</strong></span> <span class='ocrx_word' id='word_1_424' title='bbox 1730 1421 1792 1449; x_wconf 80' lang='lat' dir='ltr'><strong>qua:</strong></span> 
     </span>
    </p>
   </div>
   <div class='ocr_carea' id='block_1_60' title="bbox 999 1462 1789 1499">
    <p class='ocr_par' dir='ltr' id='par_1_60' title="bbox 999 1462 1789 1499">
     <span class='ocr_line' id='line_1_60' title="bbox 999 1462 1789 1499; baseline -0.003 -9"><span class='ocrx_word' id='word_1_425' title='bbox 999 1467 1162 1498; x_wconf 74' lang='lat' dir='ltr'><strong>sequuntur,</strong></span> <span class='ocrx_word' id='word_1_426' title='bbox 1172 1463 1271 1499; x_wconf 90' lang='lat' dir='ltr'><strong>quibus</strong></span> <span class='ocrx_word' id='word_1_427' title='bbox 1281 1464 1404 1498; x_wconf 79' lang='lat' dir='ltr'><strong>adjungit</strong></span> <span class='ocrx_word' id='word_1_428' title='bbox 1417 1473 1423 1490; x_wconf 89' lang='lat'>:</span> <span class='ocrx_word' id='word_1_429' title='bbox 1439 1473 1448 1488; x_wconf 86' lang='grc'><strong><em>‹</em></strong></span> <span class='ocrx_word' id='word_1_430' title='bbox 1468 1463 1571 1490; x_wconf 85' lang='lat' dir='ltr'><strong>Memor</strong></span> <span class='ocrx_word' id='word_1_431' title='bbox 1582 1467 1651 1494; x_wconf 87' lang='lat' dir='ltr'><strong>esto,</strong></span> <span class='ocrx_word' id='word_1_432' title='bbox 1667 1462 1789 1491; x_wconf 82' lang='lat' dir='ltr'><strong>Domine.</strong></span> 
     </span>
    </p>
   </div>
   <div class='ocr_carea' id='block_1_61' title="bbox 1000 1511 1790 1547">
    <p class='ocr_par' dir='ltr' id='par_1_61' title="bbox 1000 1511 1790 1547">
     <span class='ocr_line' id='line_1_61' title="bbox 1000 1511 1790 1547; baseline 0 -10"><span class='ocrx_word' id='word_1_433' title='bbox 1000 1512 1141 1547; x_wconf 87' lang='lat' dir='ltr'><strong>opprobrii</strong></span> <span class='ocrx_word' id='word_1_434' title='bbox 1163 1520 1304 1540; x_wconf 84' lang='lat' dir='ltr'><strong>servorum</strong></span> <span class='ocrx_word' id='word_1_435' title='bbox 1327 1517 1447 1544; x_wconf 87' lang='lat' dir='ltr'><strong>tuorum,</strong></span> <span class='ocrx_word' id='word_1_436' title='bbox 1461 1512 1534 1547; x_wconf 86' lang='lat' dir='ltr'><strong>quod</strong></span> <span class='ocrx_word' id='word_1_437' title='bbox 1551 1511 1675 1539; x_wconf 89' lang='lat' dir='ltr'><strong>continui</strong></span> <span class='ocrx_word' id='word_1_438' title='bbox 1688 1511 1715 1538; x_wconf 91' lang='lat' dir='ltr'><strong>in</strong></span> <span class='ocrx_word' id='word_1_439' title='bbox 1728 1511 1790 1538; x_wconf 91' lang='lat' dir='ltr'><strong>sintt</strong></span> 
     </span>
    </p>
   </div>
   <div class='ocr_carea' id='block_1_62' title="bbox 1001 1556 1790 1594">
    <p class='ocr_par' dir='ltr' id='par_1_62' title="bbox 1001 1556 1790 1594">
     <span class='ocr_line' id='line_1_62' title="bbox 1001 1556 1790 1594; baseline -0.005 -8"><span class='ocrx_word' id='word_1_440' title='bbox 1001 1566 1060 1586; x_wconf 88' lang='lat' dir='ltr'><strong>meo</strong></span> <span class='ocrx_word' id='word_1_441' title='bbox 1077 1558 1226 1585; x_wconf 89' lang='lat' dir='ltr'><strong>multarum</strong></span> <span class='ocrx_word' id='word_1_442' title='bbox 1243 1559 1377 1594; x_wconf 76' lang='lat' dir='ltr'><strong>gentium,</strong></span> <span class='ocrx_word' id='word_1_443' title='bbox 1395 1559 1467 1594; x_wconf 82' lang='lat' dir='ltr'><strong>quod</strong></span> <span class='ocrx_word' id='word_1_444' title='bbox 1485 1558 1720 1593; x_wconf 78' lang='lat' dir='ltr'><strong>exprobraret-unt</strong></span> <span class='ocrx_word' id='word_1_445' title='bbox 1737 1556 1790 1583; x_wconf 85' lang='lat' dir='ltr'><strong>llll-</strong></span> 
     </span>
    </p>
   </div>
   <div class='ocr_carea' id='block_1_63' title="bbox 158 1588 947 1640">
    <p class='ocr_par' dir='ltr' id='par_1_63' title="bbox 158 1588 945 1627">
     <span class='ocr_line' id='line_1_63' title="bbox 158 1588 945 1627; baseline 0.003 -10"><span class='ocrx_word' id='word_1_446' title='bbox 158 1599 215 1627; x_wconf 83' lang='grc' dir='ltr'>ριε,</span> <span class='ocrx_word' id='word_1_447' title='bbox 229 1588 260 1618; x_wconf 73' lang='grc' dir='ltr'><strong>οὗ</strong></span> <span class='ocrx_word' id='word_1_448' title='bbox 274 1591 425 1624; x_wconf 84' lang='grc' dir='ltr'>ὼνείδισαν,</span> <span class='ocrx_word' id='word_1_449' title='bbox 439 1591 470 1618; x_wconf 82' lang='grc' dir='ltr'>τὸ</span> <span class='ocrx_word' id='word_1_450' title='bbox 484 1591 661 1627; x_wconf 82' lang='grc' dir='ltr'>ἀντάλλαγμα</span> <span class='ocrx_word' id='word_1_451' title='bbox 674 1591 720 1618; x_wconf 84' lang='grc' dir='ltr'>τοῦ</span> <span class='ocrx_word' id='word_1_452' title='bbox 732 1592 850 1627; x_wconf 80' lang='grc' dir='ltr'>Χριστοῦ</span> <span class='ocrx_word' id='word_1_453' title='bbox 861 1601 919 1619; x_wconf 89' lang='grc' dir='ltr'>σου.</span> <span class='ocrx_word' id='word_1_454' title='bbox 935 1602 945 1618; x_wconf 76' lang='grc' dir='ltr'><strong>ι</strong></span> 
     </span>
    </p>
   </div>
   <div class='ocr_carea' id='block_1_64' title="bbox 998 1588 1787 1640">
    <p class='ocr_par' dir='ltr' id='par_1_64' title="bbox 1001 1603 1787 1640">
     <span class='ocr_line' id='line_1_64' title="bbox 1001 1603 1787 1640; baseline -0.001 -9"><span class='ocrx_word' id='word_1_455' title='bbox 1001 1604 1064 1631; x_wconf 88' lang='lat' dir='ltr'><strong>mici</strong></span> <span class='ocrx_word' id='word_1_456' title='bbox 1077 1604 1129 1636; x_wconf 91' lang='lat' dir='ltr'><strong>tui,</strong></span> <span class='ocrx_word' id='word_1_457' title='bbox 1149 1603 1274 1636; x_wconf 82' lang='lat' dir='ltr'><strong>Domine,</strong></span> <span class='ocrx_word' id='word_1_458' title='bbox 1290 1605 1363 1640; x_wconf 91' lang='lat' dir='ltr'><strong>quod</strong></span> <span class='ocrx_word' id='word_1_459' title='bbox 1378 1605 1624 1640; x_wconf 81' lang='lat' dir='ltr'><strong>exprobraverunt,</strong></span> <span class='ocrx_word' id='word_1_460' title='bbox 1639 1607 1787 1631; x_wconf 86' lang='lat' dir='ltr'><strong>commuta-</strong></span> 
     </span>
    </p>
   </div>
   <div class='ocr_carea' id='block_1_65' title="bbox 155 1637 945 1674">
    <p class='ocr_par' dir='ltr' id='par_1_65' title="bbox 155 1637 945 1674">
     <span class='ocr_line' id='line_1_65' title="bbox 155 1637 945 1674; baseline 0.001 -10"><span class='ocrx_word' id='word_1_461' title='bbox 155 1637 257 1671; x_wconf 79' lang='grc' dir='ltr'>Σαφῶς</span> <span class='ocrx_word' id='word_1_462' title='bbox 268 1637 296 1664; x_wconf 86' lang='grc' dir='ltr'><strong>δὲ</strong></span> <span class='ocrx_word' id='word_1_463' title='bbox 311 1638 360 1665; x_wconf 77' lang='grc' dir='ltr'><strong>καὶ</strong></span> <span class='ocrx_word' id='word_1_464' title='bbox 376 1639 404 1664; x_wconf 85' lang='grc' dir='ltr'>ὲν</span> <span class='ocrx_word' id='word_1_465' title='bbox 417 1637 521 1670; x_wconf 80' lang='grc' dir='ltr'>τούτοις</span> <span class='ocrx_word' id='word_1_466' title='bbox 535 1638 550 1664; x_wconf 83' lang='grc' dir='ltr'>ὁ</span> <span class='ocrx_word' id='word_1_467' title='bbox 563 1637 679 1674; x_wconf 77' lang='grc' dir='ltr'>Χριστὸς</span> <span class='ocrx_word' id='word_1_468' title='bbox 694 1638 823 1673; x_wconf 79' lang='grc' dir='ltr'>ὀνομαστὶ</span> <span class='ocrx_word' id='word_1_469' title='bbox 840 1646 945 1674; x_wconf 86' lang='grc' dir='ltr'>μνημο-</span> 
     </span>
    </p>
   </div>
   <div class='ocr_carea' id='block_1_66' title="bbox 155 1683 946 1720">
    <p class='ocr_par' dir='ltr' id='par_1_66' title="bbox 155 1683 946 1720">
     <span class='ocr_line' id='line_1_66' title="bbox 155 1683 946 1720; baseline 0.001 -10"><span class='ocrx_word' id='word_1_470' title='bbox 155 1683 275 1716; x_wconf 81' lang='grc' dir='ltr'>νεύεται,</span> <span class='ocrx_word' id='word_1_471' title='bbox 295 1684 341 1711; x_wconf 76' lang='grc' dir='ltr'><strong>καὶ</strong></span> <span class='ocrx_word' id='word_1_472' title='bbox 355 1685 372 1720; x_wconf 88' lang='grc' dir='ltr'><strong>ή</strong></span> <span class='ocrx_word' id='word_1_473' title='bbox 393 1683 464 1710; x_wconf 82' lang='grc' dir='ltr'>κατὰ</span> <span class='ocrx_word' id='word_1_474' title='bbox 481 1684 511 1710; x_wconf 77' lang='grc' dir='ltr'>τὸ</span> <span class='ocrx_word' id='word_1_475' title='bbox 530 1684 615 1715; x_wconf 82' lang='grc' dir='ltr'>πάθος</span> <span class='ocrx_word' id='word_1_476' title='bbox 626 1683 708 1710; x_wconf 82' lang='grc' dir='ltr'>αὑτοῦ</span> <span class='ocrx_word' id='word_1_477' title='bbox 722 1684 946 1720; x_wconf 79' lang='grc' dir='ltr'>προφητεύομένη</span> 
     </span>
    </p>
   </div>
   <div class='ocr_carea' id='block_1_67' title="bbox 156 1727 947 1765">
    <p class='ocr_par' dir='ltr' id='par_1_67' title="bbox 156 1727 947 1765">
     <span class='ocr_line' id='line_1_67' title="bbox 156 1727 947 1765; baseline 0.004 -11"><span class='ocrx_word' id='word_1_478' title='bbox 156 1728 327 1764; x_wconf 77' lang='grc' dir='ltr'>περίστασις.</span> <span class='ocrx_word' id='word_1_479' title='bbox 348 1728 410 1754; x_wconf 74' lang='grc' dir='ltr'><strong>Ἐπὶ</strong></span> <span class='ocrx_word' id='word_1_480' title='bbox 425 1727 521 1764; x_wconf 85' lang='grc' dir='ltr'>σχολῆς</span> <span class='ocrx_word' id='word_1_481' title='bbox 535 1728 564 1755; x_wconf 79' lang='grc' dir='ltr'><strong>δὲ</strong></span> <span class='ocrx_word' id='word_1_482' title='bbox 578 1728 624 1755; x_wconf 81' lang='grc' dir='ltr'><strong>τὸν</strong></span> <span class='ocrx_word' id='word_1_483' title='bbox 640 1728 699 1755; x_wconf 84' lang='grc' dir='ltr'>ὃλον</span> <span class='ocrx_word' id='word_1_484' title='bbox 714 1729 820 1765; x_wconf 81' lang='grc' dir='ltr'>ψαλμὸν</span> <span class='ocrx_word' id='word_1_485' title='bbox 837 1729 947 1765; x_wconf 87' lang='grc' dir='ltr'>βασανί-</span> 
     </span>
    </p>
   </div>
   <div class='ocr_carea' id='block_1_68' title="bbox 155 1773 948 1812">
    <p class='ocr_par' dir='ltr' id='par_1_68' title="bbox 155 1773 948 1812">
     <span class='ocr_line' id='line_1_68' title="bbox 155 1773 948 1812; baseline 0.004 -12"><span class='ocrx_word' id='word_1_486' title='bbox 155 1773 249 1806; x_wconf 82' lang='grc' dir='ltr'>ζοντες</span> <span class='ocrx_word' id='word_1_487' title='bbox 264 1774 485 1810; x_wconf 83' lang='grc' dir='ltr'>παραστήσομεν,</span> <span class='ocrx_word' id='word_1_488' title='bbox 500 1775 540 1801; x_wconf 80' lang='grc' dir='ltr'>ὅτι</span> <span class='ocrx_word' id='word_1_489' title='bbox 554 1774 600 1800; x_wconf 74' lang='grc' dir='ltr'><strong>ἐπὶ</strong></span> <span class='ocrx_word' id='word_1_490' title='bbox 615 1774 770 1812; x_wconf 81' lang='grc' dir='ltr'>μηδέτερον,</span> <span class='ocrx_word' id='word_1_491' title='bbox 796 1775 812 1811; x_wconf 81' lang='grc' dir='ltr'>ἢ</span> <span class='ocrx_word' id='word_1_492' title='bbox 838 1776 884 1802; x_wconf 77' lang='grc' dir='ltr'><strong>ἐπὶ</strong></span> <span class='ocrx_word' id='word_1_493' title='bbox 898 1775 948 1811; x_wconf 87' lang='grc' dir='ltr'>μό-</span> 
     </span>
    </p>
   </div>
   <div class='ocr_carea' id='block_1_69' title="bbox 154 1819 946 1857">
    <p class='ocr_par' dir='ltr' id='par_1_69' title="bbox 154 1819 946 1857">
     <span class='ocr_line' id='line_1_69' title="bbox 154 1819 946 1857; baseline 0.003 -11"><span class='ocrx_word' id='word_1_494' title='bbox 154 1828 202 1847; x_wconf 84' lang='grc' dir='ltr'><strong>νον</strong></span> <span class='ocrx_word' id='word_1_495' title='bbox 214 1819 259 1846; x_wconf 81' lang='grc' dir='ltr'>τὸν</span> <span class='ocrx_word' id='word_1_496' title='bbox 275 1820 389 1856; x_wconf 85' lang='grc' dir='ltr'>Σωτῆρα</span> <span class='ocrx_word' id='word_1_497' title='bbox 405 1820 452 1847; x_wconf 72' lang='grc' dir='ltr'><strong>καὶ</strong></span> <span class='ocrx_word' id='word_1_498' title='bbox 474 1819 575 1856; x_wconf 83' lang='grc' dir='ltr'>Κύριον</span> <span class='ocrx_word' id='word_1_499' title='bbox 590 1820 668 1856; x_wconf 77' lang='grc' dir='ltr'>ἡμῶν</span> <span class='ocrx_word' id='word_1_500' title='bbox 684 1821 837 1857; x_wconf 76' lang='grc' dir='ltr'>ἐφαρμόσαι</span> <span class='ocrx_word' id='word_1_501' title='bbox 857 1821 890 1848; x_wconf 78' lang='grc' dir='ltr'>ἂν</span> <span class='ocrx_word' id='word_1_502' title='bbox 912 1821 946 1848; x_wconf 85' lang='grc' dir='ltr'><strong>τὰ</strong></span> 
     </span>
    </p>
   </div>
   <div class='ocr_carea' id='block_1_70' title="bbox 155 1864 946 1903">
    <p class='ocr_par' dir='ltr' id='par_1_70' title="bbox 155 1864 946 1903">
     <span class='ocr_line' id='line_1_70' title="bbox 155 1864 946 1903; baseline 0.005 -13"><span class='ocrx_word' id='word_1_503' title='bbox 155 1864 334 1900; x_wconf 83' lang='grc' dir='ltr'>προκείμενα.</span> <span class='ocrx_word' id='word_1_504' title='bbox 355 1865 434 1892; x_wconf 80' lang='grc' dir='ltr'>’Δλλὰ</span> <span class='ocrx_word' id='word_1_505' title='bbox 449 1865 496 1892; x_wconf 77' lang='grc' dir='ltr'><strong>καὶ</strong></span> <span class='ocrx_word' id='word_1_506' title='bbox 508 1865 633 1902; x_wconf 88' lang='grc' dir='ltr'>δεύτερον</span> <span class='ocrx_word' id='word_1_507' title='bbox 644 1866 761 1902; x_wconf 85' lang='grc' dir='ltr'>Χριστὸς</span> <span class='ocrx_word' id='word_1_508' title='bbox 779 1866 946 1903; x_wconf 82' lang='grc' dir='ltr'>ὀνομαζόμε-</span> 
     </span>
    </p>
   </div>
   <div class='ocr_carea' id='block_1_71' title="bbox 153 1909 943 1949">
    <p class='ocr_par' dir='ltr' id='par_1_71' title="bbox 153 1909 943 1949">
     <span class='ocr_line' id='line_1_71' title="bbox 153 1909 943 1949; baseline 0.005 -12"><span class='ocrx_word' id='word_1_509' title='bbox 153 1919 212 1942; x_wconf 82' lang='grc' dir='ltr'>νος,</span> <span class='ocrx_word' id='word_1_510' title='bbox 227 1911 288 1938; x_wconf 83' lang='grc' dir='ltr'>τίνα</span> <span class='ocrx_word' id='word_1_511' title='bbox 303 1911 382 1938; x_wconf 75' lang='grc' dir='ltr'>ἄλλον</span> <span class='ocrx_word' id='word_1_512' title='bbox 393 1911 463 1948; x_wconf 74' lang='grc' dir='ltr'>ἦτον</span> <span class='ocrx_word' id='word_1_513' title='bbox 477 1912 558 1939; x_wconf 82' lang='grc' dir='ltr'>αὑτὸν</span> <span class='ocrx_word' id='word_1_514' title='bbox 570 1912 656 1948; x_wconf 76' lang='grc' dir='ltr'>δηλοῖ,</span> <span class='ocrx_word' id='word_1_515' title='bbox 668 1909 698 1939; x_wconf 77' lang='grc' dir='ltr'><strong>οὗ</strong></span> <span class='ocrx_word' id='word_1_516' title='bbox 712 1911 743 1939; x_wconf 73' lang='grc' dir='ltr'>τὸ</span> <span class='ocrx_word' id='word_1_517' title='bbox 755 1912 943 1949; x_wconf 81' lang='grc' dir='ltr'>ἀντάλλαγμα,</span> 
     </span>
    </p>
   </div>
   <div class='ocr_carea' id='block_1_72' title="bbox 152 1956 945 1993">
    <p class='ocr_par' dir='ltr' id='par_1_72' title="bbox 152 1956 945 1993">
     <span class='ocr_line' id='line_1_72' title="bbox 152 1956 945 1993; baseline 0.004 -10"><span class='ocrx_word' id='word_1_518' title='bbox 152 1956 275 1992; x_wconf 80' lang='grc' dir='ltr'>δηλονότι</span> <span class='ocrx_word' id='word_1_519' title='bbox 286 1956 336 1993; x_wconf 81' lang='grc' dir='ltr'>τὴν</span> <span class='ocrx_word' id='word_1_520' title='bbox 353 1956 525 1993; x_wconf 81' lang='grc' dir='ltr'>Ἐκκλησίαν,</span> <span class='ocrx_word' id='word_1_521' title='bbox 537 1958 677 1985; x_wconf 86' lang='grc' dir='ltr'>ὠνείδισάν</span> <span class='ocrx_word' id='word_1_522' title='bbox 689 1967 719 1984; x_wconf 89' lang='grc' dir='ltr'><strong>τε</strong></span> <span class='ocrx_word' id='word_1_523' title='bbox 736 1959 783 1985; x_wconf 80' lang='grc' dir='ltr'>καὶ</span> <span class='ocrx_word' id='word_1_524' title='bbox 799 1958 883 1985; x_wconf 84' lang='grc' dir='ltr'>είσέτι</span> <span class='ocrx_word' id='word_1_525' title='bbox 897 1959 945 1987; x_wconf 79' lang='grc' dir='ltr'>νῦν</span> 
     </span>
    </p>
   </div>
   <div class='ocr_carea' id='block_1_73' title="bbox 152 2002 944 2039">
    <p class='ocr_par' dir='ltr' id='par_1_73' title="bbox 152 2002 944 2039">
     <span class='ocr_line' id='line_1_73' title="bbox 152 2002 944 2039; baseline 0.003 -11"><span class='ocrx_word' id='word_1_526' title='bbox 152 2002 314 2036; x_wconf 61' lang='grc' dir='ltr'>ὀνειδίζουσι</span> <span class='ocrx_word' id='word_1_527' title='bbox 336 2003 361 2030; x_wconf 81' lang='grc' dir='ltr'>οξ</span> <span class='ocrx_word' id='word_1_528' title='bbox 384 2002 523 2039; x_wconf 86' lang='grc' dir='ltr'>λεγόμενοι</span> <span class='ocrx_word' id='word_1_529' title='bbox 551 2003 598 2030; x_wconf 84' lang='grc' dir='ltr'>τοῦ</span> <span class='ocrx_word' id='word_1_530' title='bbox 621 2003 741 2039; x_wconf 83' lang='grc' dir='ltr'>Χριστοῦ</span> <span class='ocrx_word' id='word_1_531' title='bbox 766 2004 875 2039; x_wconf 74' lang='grc' dir='ltr'>ἑχθροίς</span> <span class='ocrx_word' id='word_1_532' title='bbox 903 2003 944 2030; x_wconf 84' lang='grc' dir='ltr'><strong>Τὰ</strong></span> 
     </span>
    </p>
   </div>
   <div class='ocr_carea' id='block_1_74' title="bbox 152 2047 943 2085">
    <p class='ocr_par' dir='ltr' id='par_1_74' title="bbox 152 2047 943 2085">
     <span class='ocr_line' id='line_1_74' title="bbox 152 2047 943 2085; baseline 0.003 -11"><span class='ocrx_word' id='word_1_533' title='bbox 152 2047 221 2082; x_wconf 84' lang='grc' dir='ltr'>γοῦν</span> <span class='ocrx_word' id='word_1_534' title='bbox 244 2048 292 2074; x_wconf 79' lang='grc' dir='ltr'><strong>τοῦ</strong></span> <span class='ocrx_word' id='word_1_535' title='bbox 308 2048 435 2084; x_wconf 78' lang='grc' dir='ltr'>Σωτῆρος</span> <span class='ocrx_word' id='word_1_536' title='bbox 459 2047 537 2084; x_wconf 79' lang='grc' dir='ltr'>ἡμῶν</span> <span class='ocrx_word' id='word_1_537' title='bbox 559 2048 632 2084; x_wconf 82' lang='grc' dir='ltr'>πάθη</span> <span class='ocrx_word' id='word_1_538' title='bbox 655 2048 673 2076; x_wconf 81' lang='grc' dir='ltr'>ἃ</span> <span class='ocrx_word' id='word_1_539' title='bbox 695 2048 767 2084; x_wconf 80' lang='grc' dir='ltr'><strong>ὑπὲρ</strong></span> <span class='ocrx_word' id='word_1_540' title='bbox 797 2049 875 2085; x_wconf 85' lang='grc' dir='ltr'>ἡμῶν</span> <span class='ocrx_word' id='word_1_541' title='bbox 894 2050 943 2077; x_wconf 80' lang='grc' dir='ltr'><strong>ἀν-</strong></span> 
     </span>
    </p>
   </div>
   <div class='ocr_carea' id='block_1_75' title="bbox 152 2094 942 2132">
    <p class='ocr_par' dir='ltr' id='par_1_75' title="bbox 152 2094 942 2132">
     <span class='ocr_line' id='line_1_75' title="bbox 152 2094 942 2132; baseline 0.003 -11"><span class='ocrx_word' id='word_1_542' title='bbox 152 2094 275 2126; x_wconf 72' lang='grc' dir='ltr'>εδέξατο,</span> <span class='ocrx_word' id='word_1_543' title='bbox 296 2094 344 2121; x_wconf 78' lang='grc' dir='ltr'><strong>καὶ</strong></span> <span class='ocrx_word' id='word_1_544' title='bbox 368 2095 486 2129; x_wconf 84' lang='grc' dir='ltr'>μάλιστα</span> <span class='ocrx_word' id='word_1_545' title='bbox 504 2094 549 2122; x_wconf 79' lang='grc' dir='ltr'>τὸν</span> <span class='ocrx_word' id='word_1_546' title='bbox 566 2094 679 2122; x_wconf 86' lang='grc' dir='ltr'>θάνατον</span> <span class='ocrx_word' id='word_1_547' title='bbox 695 2095 797 2122; x_wconf 79' lang='grc' dir='ltr'>καὶτὸν</span> <span class='ocrx_word' id='word_1_548' title='bbox 817 2096 942 2132; x_wconf 79' lang='grc' dir='ltr'>σταυρὸν,</span> 
     </span>
    </p>
   </div>
   <div class='ocr_carea' id='block_1_76' title="bbox 152 2139 942 2177">
    <p class='ocr_par' dir='ltr' id='par_1_76' title="bbox 152 2139 942 2177">
     <span class='ocr_line' id='line_1_76' title="bbox 152 2139 942 2177; baseline 0.004 -11"><span class='ocrx_word' id='word_1_549' title='bbox 152 2141 210 2171; x_wconf 79' lang='grc' dir='ltr'><strong>πᾶς</strong></span> <span class='ocrx_word' id='word_1_550' title='bbox 220 2141 234 2167; x_wconf 80' lang='grc' dir='ltr'><strong>ό</strong></span> <span class='ocrx_word' id='word_1_551' title='bbox 247 2140 299 2175; x_wconf 79' lang='grc' dir='ltr'>τῆς</span> <span class='ocrx_word' id='word_1_552' title='bbox 310 2140 428 2177; x_wconf 82' lang='grc' dir='ltr'>Χριστοῦ</span> <span class='ocrx_word' id='word_1_553' title='bbox 441 2139 614 2172; x_wconf 85' lang='grc' dir='ltr'>διδασκαλίας</span> <span class='ocrx_word' id='word_1_554' title='bbox 625 2140 754 2176; x_wconf 82' lang='grc' dir='ltr'>πολέμιος</span> <span class='ocrx_word' id='word_1_555' title='bbox 769 2141 942 2175; x_wconf 79' lang='grc' dir='ltr'>ὲπονειδίζειν</span> 
     </span>
    </p>
   </div>
   <div class='ocr_carea' id='block_1_77' title="bbox 151 2186 342 2221">
    <p class='ocr_par' dir='ltr' id='par_1_77' title="bbox 151 2186 342 2221">
     <span class='ocr_line' id='line_1_77' title="bbox 151 2186 342 2221; baseline 0.005 -9"><span class='ocrx_word' id='word_1_556' title='bbox 151 2187 221 2221; x_wconf 84' lang='grc' dir='ltr'>ἡμῖν</span> <span class='ocrx_word' id='word_1_557' title='bbox 237 2186 342 2214; x_wconf 75' lang='grc' dir='ltr'>εἰωθεν.</span> 
     </span>
    </p>
   </div>
   <div class='ocr_carea' id='block_1_78' title="bbox 155 2286 942 2323">
    <p class='ocr_par' dir='ltr' id='par_1_78' title="bbox 155 2286 942 2323">
     <span class='ocr_line' id='line_1_78' title="bbox 155 2286 942 2323; baseline 0 -9"><span class='ocrx_word' id='word_1_558' title='bbox 155 2286 283 2322; x_wconf 58' lang='lat' dir='ltr'><strong>ETa/21:01&quot;)</strong></span> <span class='ocrx_word' id='word_1_559' title='bbox 296 2288 375 2323; x_wconf 53' lang='grc' dir='ltr'>ρλβ’.</span> <span class='ocrx_word' id='word_1_560' title='bbox 395 2303 428 2307; x_wconf 93' lang='grc'><strong>-</strong></span> <span class='ocrx_word' id='word_1_561' title='bbox 449 2286 578 2321; x_wconf 82' lang='grc' dir='ltr'>Χριστὸς</span> <span class='ocrx_word' id='word_1_562' title='bbox 593 2287 738 2322; x_wconf 75' lang='grc' dir='ltr'>ὀνομαστὶ</span> <span class='ocrx_word' id='word_1_563' title='bbox 754 2288 789 2314; x_wconf 83' lang='grc' dir='ltr'><strong><em>ἐκ</em></strong></span> <span class='ocrx_word' id='word_1_564' title='bbox 809 2287 942 2323; x_wconf 78' lang='grc' dir='ltr'>σπέρμα-</span> 
     </span>
    </p>
   </div>
   <div class='ocr_carea' id='block_1_79' title="bbox 186 2322 942 2357">
    <p class='ocr_par' dir='ltr' id='par_1_79' title="bbox 186 2322 942 2357">
     <span class='ocr_line' id='line_1_79' title="bbox 186 2322 942 2357; baseline 0.004 -9"><span class='ocrx_word' id='word_1_565' title='bbox 186 2328 239 2355; x_wconf 81' lang='grc' dir='ltr'><strong>τος</strong></span> <span class='ocrx_word' id='word_1_566' title='bbox 257 2322 347 2349; x_wconf 75' lang='grc' dir='ltr'><strong>Δαὸὶδ</strong></span> <span class='ocrx_word' id='word_1_567' title='bbox 363 2322 572 2357; x_wconf 79' lang='grc' dir='ltr'>ἀνιστάμενος,</span> <span class='ocrx_word' id='word_1_568' title='bbox 593 2322 683 2356; x_wconf 83' lang='grc' dir='ltr'>κέρας</span> <span class='ocrx_word' id='word_1_569' title='bbox 696 2323 785 2350; x_wconf 73' lang='grc' dir='ltr'>Δαϐὶδ</span> <span class='ocrx_word' id='word_1_570' title='bbox 802 2323 942 2357; x_wconf 79' lang='grc' dir='ltr'>ὀνομαζό-</span> 
     </span>
    </p>
   </div>
   <div class='ocr_carea' id='block_1_80' title="bbox 190 2448 941 2486">
    <p class='ocr_par' dir='ltr' id='par_1_80' title="bbox 190 2448 941 2486">
     <span class='ocr_line' id='line_1_80' title="bbox 190 2448 941 2486; baseline 0.004 -12"><span class='ocrx_word' id='word_1_571' title='bbox 190 2459 200 2474; x_wconf 77' lang='grc'><strong>(</strong></span> <span class='ocrx_word' id='word_1_572' title='bbox 219 2450 322 2484; x_wconf 85' lang='grc' dir='ltr'>Ὠμοσε</span> <span class='ocrx_word' id='word_1_573' title='bbox 342 2448 444 2485; x_wconf 85' lang='grc' dir='ltr'>Κύριος</span> <span class='ocrx_word' id='word_1_574' title='bbox 463 2448 502 2484; x_wconf 85' lang='grc' dir='ltr'>τῷ</span> <span class='ocrx_word' id='word_1_575' title='bbox 521 2449 604 2476; x_wconf 77' lang='grc' dir='ltr'>Δαϐὶδ</span> <span class='ocrx_word' id='word_1_576' title='bbox 623 2449 762 2486; x_wconf 78' lang='grc' dir='ltr'>ἀλήθειαν.</span> <span class='ocrx_word' id='word_1_577' title='bbox 781 2450 828 2477; x_wconf 83' lang='grc' dir='ltr'><strong>καὶ</strong></span> <span class='ocrx_word' id='word_1_578' title='bbox 849 2450 880 2476; x_wconf 85' lang='grc' dir='ltr'>οὐ</span> <span class='ocrx_word' id='word_1_579' title='bbox 904 2450 941 2485; x_wconf 83' lang='grc' dir='ltr'>μὴ</span> 
     </span>
    </p>
   </div>
   <div class='ocr_carea' id='block_1_81' title="bbox 149 2495 943 2532">
    <p class='ocr_par' dir='ltr' id='par_1_81' title="bbox 149 2495 943 2532">
     <span class='ocr_line' id='line_1_81' title="bbox 149 2495 943 2532; baseline 0.001 -10"><span class='ocrx_word' id='word_1_580' title='bbox 149 2496 280 2532; x_wconf 78' lang='grc' dir='ltr'>ἀθετήσει</span> <span class='ocrx_word' id='word_1_581' title='bbox 301 2496 397 2523; x_wconf 74' lang='grc' dir='ltr'>αὐτόν’</span> <span class='ocrx_word' id='word_1_582' title='bbox 415 2497 448 2523; x_wconf 78' lang='grc' dir='ltr'><strong>ἐκ</strong></span> <span class='ocrx_word' id='word_1_583' title='bbox 471 2495 578 2532; x_wconf 80' lang='grc' dir='ltr'>καρποῦ</span> <span class='ocrx_word' id='word_1_584' title='bbox 594 2497 644 2532; x_wconf 85' lang='grc' dir='ltr'>τῆς</span> <span class='ocrx_word' id='word_1_585' title='bbox 667 2496 772 2528; x_wconf 87' lang='grc' dir='ltr'>κοιλίας</span> <span class='ocrx_word' id='word_1_586' title='bbox 791 2504 838 2523; x_wconf 84' lang='grc' dir='ltr'><strong>σου</strong></span> <span class='ocrx_word' id='word_1_587' title='bbox 861 2495 943 2532; x_wconf 86' lang='grc' dir='ltr'>θήσο-</span> 
     </span>
    </p>
   </div>
   <div class='ocr_carea' id='block_1_82' title="bbox 150 2541 939 2578">
    <p class='ocr_par' dir='ltr' id='par_1_82' title="bbox 150 2541 939 2578">
     <span class='ocr_line' id='line_1_82' title="bbox 150 2541 939 2578; baseline 0.003 -10"><span class='ocrx_word' id='word_1_588' title='bbox 150 2551 202 2577; x_wconf 77' lang='grc' dir='ltr'><strong>μαι</strong></span> <span class='ocrx_word' id='word_1_589' title='bbox 230 2542 278 2569; x_wconf 74' lang='grc' dir='ltr'><strong>ἐπὶ</strong></span> <span class='ocrx_word' id='word_1_590' title='bbox 303 2542 350 2569; x_wconf 79' lang='grc' dir='ltr'>τοῦ</span> <span class='ocrx_word' id='word_1_591' title='bbox 379 2542 475 2578; x_wconf 83' lang='grc' dir='ltr'>θρόνου</span> <span class='ocrx_word' id='word_1_592' title='bbox 506 2551 565 2570; x_wconf 86' lang='grc' dir='ltr'>σου.</span> <span class='ocrx_word' id='word_1_593' title='bbox 584 2553 593 2569; x_wconf 72' lang='grc' dir='ltr'><strong>ι</strong></span> <span class='ocrx_word' id='word_1_594' title='bbox 627 2541 684 2570; x_wconf 82' lang='grc' dir='ltr'><strong>Εἴθ’</strong></span> <span class='ocrx_word' id='word_1_595' title='bbox 712 2543 816 2575; x_wconf 78' lang='grc' dir='ltr'>ὑποϐάς</span> <span class='ocrx_word' id='word_1_596' title='bbox 841 2551 939 2578; x_wconf 84' lang='grc' dir='ltr'>φησιν·</span> 
     </span>
    </p>
   </div>
   <div class='ocr_carea' id='block_1_83' title="bbox 151 2588 941 2626">
    <p class='ocr_par' dir='ltr' id='par_1_83' title="bbox 151 2588 941 2626">
     <span class='ocr_line' id='line_1_83' title="bbox 151 2588 941 2626; baseline 0.001 -11"><span class='ocrx_word' id='word_1_597' title='bbox 151 2598 162 2614; x_wconf 73' lang='grc' dir='ltr'><strong>ε</strong></span> <span class='ocrx_word' id='word_1_598' title='bbox 182 2589 257 2615; x_wconf 82' lang='grc' dir='ltr'>Ἐκεῖ</span> <span class='ocrx_word' id='word_1_599' title='bbox 268 2588 420 2620; x_wconf 80' lang='grc' dir='ltr'>ἐξανατελῶ</span> <span class='ocrx_word' id='word_1_600' title='bbox 435 2588 517 2625; x_wconf 82' lang='grc' dir='ltr'>κέρας</span> <span class='ocrx_word' id='word_1_601' title='bbox 531 2589 570 2625; x_wconf 83' lang='grc' dir='ltr'>τῷ</span> <span class='ocrx_word' id='word_1_602' title='bbox 583 2590 676 2622; x_wconf 78' lang='grc' dir='ltr'><strong>Δαὸὶδ,</strong></span> <span class='ocrx_word' id='word_1_603' title='bbox 692 2590 828 2626; x_wconf 83' lang='grc' dir='ltr'>ὴτοίμασα</span> <span class='ocrx_word' id='word_1_604' title='bbox 845 2589 941 2625; x_wconf 86' lang='grc' dir='ltr'>λύχνον</span> 
     </span>
    </p>
   </div>
   <div class='ocr_carea' id='block_1_84' title="bbox 147 2635 940 2673">
    <p class='ocr_par' dir='ltr' id='par_1_84' title="bbox 147 2635 940 2673">
     <span class='ocr_line' id='line_1_84' title="bbox 147 2635 940 2673; baseline 0.003 -11"><span class='ocrx_word' id='word_1_605' title='bbox 147 2635 189 2671; x_wconf 86' lang='grc' dir='ltr'>τῷ</span> <span class='ocrx_word' id='word_1_606' title='bbox 201 2635 313 2671; x_wconf 83' lang='grc' dir='ltr'>Χριστῷ</span> <span class='ocrx_word' id='word_1_607' title='bbox 332 2644 383 2671; x_wconf 88' lang='grc' dir='ltr'><strong>μου</strong></span> <span class='ocrx_word' id='word_1_608' title='bbox 394 2644 401 2651; x_wconf 91' lang='grc'><strong>·</strong></span> <span class='ocrx_word' id='word_1_609' title='bbox 415 2637 478 2668; x_wconf 78' lang='grc' dir='ltr'>τοὺς</span> <span class='ocrx_word' id='word_1_610' title='bbox 494 2636 608 2672; x_wconf 74' lang='grc' dir='ltr'>ἐχθροὺς</span> <span class='ocrx_word' id='word_1_611' title='bbox 629 2637 711 2664; x_wconf 80' lang='grc' dir='ltr'>αὐτοῦ</span> <span class='ocrx_word' id='word_1_612' title='bbox 728 2637 829 2664; x_wconf 77' lang='grc' dir='ltr'>ἐνδύσω</span> <span class='ocrx_word' id='word_1_613' title='bbox 844 2638 940 2673; x_wconf 76' lang='grc' dir='ltr'>αἰσχύ-</span> 
     </span>
    </p>
   </div>
   <div class='ocr_carea' id='block_1_85' title="bbox 147 2682 940 2719">
    <p class='ocr_par' dir='ltr' id='par_1_85' title="bbox 147 2682 940 2719">
     <span class='ocr_line' id='line_1_85' title="bbox 147 2682 940 2719; baseline 0.005 -12"><span class='ocrx_word' id='word_1_614' title='bbox 147 2690 199 2716; x_wconf 83' lang='grc' dir='ltr'><strong>νην</strong></span> <span class='ocrx_word' id='word_1_615' title='bbox 208 2690 214 2697; x_wconf 93' lang='grc'><strong>·</strong></span> <span class='ocrx_word' id='word_1_616' title='bbox 232 2682 279 2710; x_wconf 76' lang='grc' dir='ltr'><strong>ἐπὶ</strong></span> <span class='ocrx_word' id='word_1_617' title='bbox 296 2682 325 2709; x_wconf 82' lang='grc' dir='ltr'><strong>δὲ</strong></span> <span class='ocrx_word' id='word_1_618' title='bbox 337 2682 418 2709; x_wconf 79' lang='grc' dir='ltr'>αὐτὸν</span> <span class='ocrx_word' id='word_1_619' title='bbox 431 2682 574 2719; x_wconf 80' lang='grc' dir='ltr'>ἐξανθήσει</span> <span class='ocrx_word' id='word_1_620' title='bbox 587 2683 618 2709; x_wconf 82' lang='grc' dir='ltr'>τὸ</span> <span class='ocrx_word' id='word_1_621' title='bbox 632 2683 755 2719; x_wconf 81' lang='grc' dir='ltr'>ἁγίασμά</span> <span class='ocrx_word' id='word_1_622' title='bbox 768 2693 829 2719; x_wconf 84' lang='grc' dir='ltr'>μου.</span> <span class='ocrx_word' id='word_1_623' title='bbox 845 2694 855 2711; x_wconf 75' lang='grc' dir='ltr'><strong>ι</strong></span> <span class='ocrx_word' id='word_1_624' title='bbox 868 2685 940 2711; x_wconf 79' lang='grc' dir='ltr'><strong>Κάν-</strong></span> 
     </span>
    </p>
   </div>
   <div class='ocr_carea' id='block_1_86' title="bbox 146 2727 940 2765">
    <p class='ocr_par' dir='ltr' id='par_1_86' title="bbox 146 2727 940 2765">
     <span class='ocr_line' id='line_1_86' title="bbox 146 2727 940 2765; baseline 0.005 -11"><span class='ocrx_word' id='word_1_625' title='bbox 146 2727 235 2755; x_wconf 80' lang='grc' dir='ltr'>ταῦθα</span> <span class='ocrx_word' id='word_1_626' title='bbox 249 2728 315 2764; x_wconf 73' lang='grc' dir='ltr'>περὶ</span> <span class='ocrx_word' id='word_1_627' title='bbox 333 2728 380 2755; x_wconf 85' lang='grc' dir='ltr'>τοῦ</span> <span class='ocrx_word' id='word_1_628' title='bbox 396 2730 428 2755; x_wconf 79' lang='grc' dir='ltr'><strong>ἐκ</strong></span> <span class='ocrx_word' id='word_1_629' title='bbox 449 2729 605 2765; x_wconf 80' lang='grc' dir='ltr'>σπέρματος</span> <span class='ocrx_word' id='word_1_630' title='bbox 618 2730 699 2757; x_wconf 76' lang='grc' dir='ltr'>Δαϐὶδ</span> <span class='ocrx_word' id='word_1_631' title='bbox 719 2730 831 2765; x_wconf 74' lang='grc' dir='ltr'>δμνυσιν</span> <span class='ocrx_word' id='word_1_632' title='bbox 847 2732 861 2758; x_wconf 87' lang='grc' dir='ltr'><strong>ό</strong></span> <span class='ocrx_word' id='word_1_633' title='bbox 884 2732 940 2758; x_wconf 80' lang='grc' dir='ltr'><strong>Κύ-</strong></span> 
     </span>
    </p>
   </div>
   <div class='ocr_carea' id='block_1_87' title="bbox 150 2775 939 2812">
    <p class='ocr_par' dir='ltr' id='par_1_87' title="bbox 150 2775 939 2812">
     <span class='ocr_line' id='line_1_87' title="bbox 150 2775 939 2812; baseline 0.005 -11"><span class='ocrx_word' id='word_1_634' title='bbox 150 2783 217 2809; x_wconf 84' lang='grc' dir='ltr'>ριος,</span> <span class='ocrx_word' id='word_1_635' title='bbox 234 2776 305 2810; x_wconf 82' lang='grc' dir='ltr'>ὅπερ</span> <span class='ocrx_word' id='word_1_636' title='bbox 325 2775 438 2810; x_wconf 83' lang='grc' dir='ltr'>σπέρμα</span> <span class='ocrx_word' id='word_1_637' title='bbox 460 2776 508 2802; x_wconf 77' lang='grc' dir='ltr'>καὶ</span> <span class='ocrx_word' id='word_1_638' title='bbox 525 2776 608 2811; x_wconf 80' lang='grc' dir='ltr'>κέρας</span> <span class='ocrx_word' id='word_1_639' title='bbox 626 2776 753 2812; x_wconf 79' lang='grc' dir='ltr'>ὀνομάζει</span> <span class='ocrx_word' id='word_1_640' title='bbox 774 2777 874 2804; x_wconf 43' lang='grc' dir='ltr'>αὑτοῦ</span> <span class='ocrx_word' id='word_1_641' title='bbox 893 2779 939 2805; x_wconf 81' lang='grc' dir='ltr'><strong>καὶ</strong></span> 
     </span>
    </p>
   </div>
   <div class='ocr_carea' id='block_1_88' title="bbox 148 2820 939 2860">
    <p class='ocr_par' dir='ltr' id='par_1_88' title="bbox 148 2820 939 2860">
     <span class='ocr_line' id='line_1_88' title="bbox 148 2820 939 2860; baseline 0.006 -14"><span class='ocrx_word' id='word_1_642' title='bbox 148 2820 228 2847; x_wconf 76' lang='grc' dir='ltr'>πάλιν</span> <span class='ocrx_word' id='word_1_643' title='bbox 252 2821 386 2856; x_wconf 75' lang='grc' dir='ltr'>ὀνομαστὶ</span> <span class='ocrx_word' id='word_1_644' title='bbox 411 2820 456 2847; x_wconf 70' lang='grc' dir='ltr'><strong>τὸν</strong></span> <span class='ocrx_word' id='word_1_645' title='bbox 482 2822 599 2857; x_wconf 79' lang='grc' dir='ltr'>Χριστὸν</span> <span class='ocrx_word' id='word_1_646' title='bbox 624 2822 817 2858; x_wconf 76' lang='grc' dir='ltr'>ἀναγορεύων,</span> <span class='ocrx_word' id='word_1_647' title='bbox 844 2824 939 2860; x_wconf 89' lang='grc' dir='ltr'>λύχνον</span> 
     </span>
    </p>
   </div>
   <div class='ocr_carea' id='block_1_89' title="bbox 181 2897 560 2934">
    <p class='ocr_par' dir='ltr' id='par_1_89' title="bbox 181 2897 560 2934">
     <span class='ocr_line' id='line_1_89' title="bbox 181 2897 560 2934; baseline 0.005 -9"><span class='ocrx_word' id='word_1_648' title='bbox 181 2898 204 2913; x_wconf 81' lang='grc'><strong><em>³³</em></strong></span> <span class='ocrx_word' id='word_1_649' title='bbox 219 2897 291 2926; x_wconf 80' lang='lat' dir='ltr'><strong>Psal.</strong></span> <span class='ocrx_word' id='word_1_650' title='bbox 307 2907 442 2934; x_wconf 67' lang='lat' dir='ltr'><strong>utut-tn,</strong></span> <span class='ocrx_word' id='word_1_651' title='bbox 458 2899 505 2933; x_wconf 76' lang='lat'><strong>59&#39;,</strong></span> <span class='ocrx_word' id='word_1_652' title='bbox 522 2900 560 2927; x_wconf 78' lang='grc' dir='ltr'>ιο.</span> 
     </span>
    </p>
   </div>
   <div class='ocr_carea' id='block_1_90' title="bbox 602 2900 1131 2936">
    <p class='ocr_par' dir='ltr' id='par_1_90' title="bbox 602 2900 1131 2936">
     <span class='ocr_line' id='line_1_90' title="bbox 602 2900 1131 2936; baseline 0.009 -9"><span class='ocrx_word' id='word_1_653' title='bbox 602 2900 627 2916; x_wconf 60' lang='grc'><strong>⁸³»</strong></span> <span class='ocrx_word' id='word_1_654' title='bbox 636 2900 702 2928; x_wconf 79' lang='lat' dir='ltr'><strong>ibid.</strong></span> <span class='ocrx_word' id='word_1_655' title='bbox 721 2901 818 2933; x_wconf 66' lang='lat'><strong>51,52.</strong></span> <span class='ocrx_word' id='word_1_656' title='bbox 856 2902 879 2919; x_wconf 75' lang='grc'><strong>⁸³</strong></span> <span class='ocrx_word' id='word_1_657' title='bbox 891 2901 1070 2936; x_wconf 78' lang='lat' dir='ltr'><strong>Psal.cxxxt,</strong></span> <span class='ocrx_word' id='word_1_658' title='bbox 1088 2904 1131 2933; x_wconf 81' lang='lat' dir='ltr'><strong>ll.</strong></span> 
     </span>
    </p>
   </div>
   <div class='ocr_carea' id='block_1_91' title="bbox 1003 1650 1798 1687">
    <p class='ocr_par' dir='ltr' id='par_1_91' title="bbox 1003 1650 1798 1687">
     <span class='ocr_line' id='line_1_91' title="bbox 1003 1650 1798 1687; baseline -0.003 -8"><span class='ocrx_word' id='word_1_659' title='bbox 1003 1652 1105 1680; x_wconf 87' lang='lat' dir='ltr'><strong>tionem</strong></span> <span class='ocrx_word' id='word_1_660' title='bbox 1118 1651 1222 1680; x_wconf 84' lang='lat' dir='ltr'><strong>Christi</strong></span> <span class='ocrx_word' id='word_1_661' title='bbox 1236 1653 1276 1679; x_wconf 91' lang='lat' dir='ltr'><strong>tui</strong></span> <span class='ocrx_word' id='word_1_662' title='bbox 1284 1652 1316 1680; x_wconf 72' lang='lat'><strong>&quot;.</strong></span> <span class='ocrx_word' id='word_1_663' title='bbox 1333 1662 1342 1678; x_wconf 72' lang='grc' dir='ltr'><strong>ι</strong></span> <span class='ocrx_word' id='word_1_664' title='bbox 1358 1651 1506 1687; x_wconf 88' lang='lat' dir='ltr'><strong>Perspicue</strong></span> <span class='ocrx_word' id='word_1_665' title='bbox 1518 1659 1583 1679; x_wconf 87' lang='lat' dir='ltr'><strong>vero</strong></span> <span class='ocrx_word' id='word_1_666' title='bbox 1598 1651 1681 1678; x_wconf 88' lang='lat' dir='ltr'><strong>etiam</strong></span> <span class='ocrx_word' id='word_1_667' title='bbox 1697 1651 1725 1677; x_wconf 87' lang='lat' dir='ltr'><strong>in</strong></span> <span class='ocrx_word' id='word_1_668' title='bbox 1745 1650 1798 1678; x_wconf 73' lang='lat' dir='ltr'><strong>his</strong></span> 
     </span>
    </p>
   </div>
   <div class='ocr_carea' id='block_1_92' title="bbox 997 1696 1789 1731">
    <p class='ocr_par' dir='ltr' id='par_1_92' title="bbox 997 1696 1789 1731">
     <span class='ocr_line' id='line_1_92' title="bbox 997 1696 1789 1731; baseline -0.003 -6"><span class='ocrx_word' id='word_1_669' title='bbox 997 1697 1100 1726; x_wconf 86' lang='lat' dir='ltr'><strong>Christi</strong></span> <span class='ocrx_word' id='word_1_670' title='bbox 1119 1697 1282 1725; x_wconf 85' lang='lat' dir='ltr'><strong>nominatim</strong></span> <span class='ocrx_word' id='word_1_671' title='bbox 1294 1698 1395 1725; x_wconf 89' lang='lat' dir='ltr'><strong>mentio</strong></span> <span class='ocrx_word' id='word_1_672' title='bbox 1412 1698 1452 1730; x_wconf 85' lang='lat' dir='ltr'><strong>ﬁt,</strong></span> <span class='ocrx_word' id='word_1_673' title='bbox 1465 1702 1492 1725; x_wconf 87' lang='lat' dir='ltr'><strong>et</strong></span> <span class='ocrx_word' id='word_1_674' title='bbox 1509 1697 1600 1724; x_wconf 83' lang='lat' dir='ltr'><strong>futura</strong></span> <span class='ocrx_word' id='word_1_675' title='bbox 1617 1697 1645 1724; x_wconf 90' lang='lat' dir='ltr'><strong>in</strong></span> <span class='ocrx_word' id='word_1_676' title='bbox 1660 1696 1789 1731; x_wconf 84' lang='lat' dir='ltr'><strong>passione</strong></span> 
     </span>
    </p>
   </div>
   <div class='ocr_carea' id='block_1_93' title="bbox 996 1742 1788 1778">
    <p class='ocr_par' dir='ltr' id='par_1_93' title="bbox 996 1742 1788 1778">
     <span class='ocr_line' id='line_1_93' title="bbox 996 1742 1788 1778; baseline -0.003 -8"><span class='ocrx_word' id='word_1_677' title='bbox 996 1742 1119 1778; x_wconf 87' lang='lat' dir='ltr'><strong>ejusdem</strong></span> <span class='ocrx_word' id='word_1_678' title='bbox 1142 1742 1253 1770; x_wconf 80' lang='lat' dir='ltr'><strong>atllictio</strong></span> <span class='ocrx_word' id='word_1_679' title='bbox 1276 1747 1455 1771; x_wconf 86' lang='lat' dir='ltr'><strong>memoratur.</strong></span> <span class='ocrx_word' id='word_1_680' title='bbox 1481 1743 1534 1771; x_wconf 91' lang='lat' dir='ltr'><strong>Ubi</strong></span> <span class='ocrx_word' id='word_1_681' title='bbox 1560 1750 1627 1770; x_wconf 88' lang='lat' dir='ltr'><strong>vero</strong></span> <span class='ocrx_word' id='word_1_682' title='bbox 1653 1743 1716 1777; x_wconf 87' lang='lat' dir='ltr'><strong>plus</strong></span> <span class='ocrx_word' id='word_1_683' title='bbox 1740 1742 1788 1769; x_wconf 81' lang='lat' dir='ltr'><strong>otii</strong></span> 
     </span>
    </p>
   </div>
   <div class='ocr_carea' id='block_1_94' title="bbox 996 1788 1784 1825">
    <p class='ocr_par' dir='ltr' id='par_1_94' title="bbox 996 1788 1784 1825">
     <span class='ocr_line' id='line_1_94' title="bbox 996 1788 1784 1825; baseline -0.003 -9"><span class='ocrx_word' id='word_1_684' title='bbox 996 1789 1069 1817; x_wconf 91' lang='lat' dir='ltr'><strong>nacti</strong></span> <span class='ocrx_word' id='word_1_685' title='bbox 1089 1789 1203 1821; x_wconf 88' lang='lat' dir='ltr'><strong>erimus,</strong></span> <span class='ocrx_word' id='word_1_686' title='bbox 1227 1792 1315 1816; x_wconf 87' lang='lat' dir='ltr'><strong>totum</strong></span> <span class='ocrx_word' id='word_1_687' title='bbox 1331 1790 1467 1824; x_wconf 86' lang='lat' dir='ltr'><strong>psalmum</strong></span> <span class='ocrx_word' id='word_1_688' title='bbox 1487 1790 1662 1825; x_wconf 82' lang='lat' dir='ltr'><strong>explorantes</strong></span> <span class='ocrx_word' id='word_1_689' title='bbox 1676 1788 1784 1815; x_wconf 86' lang='lat' dir='ltr'><strong>demon-</strong></span> 
     </span>
    </p>
   </div>
   <div class='ocr_carea' id='block_1_95' title="bbox 996 1832 1789 1870">
    <p class='ocr_par' dir='ltr' id='par_1_95' title="bbox 996 1832 1789 1870">
     <span class='ocr_line' id='line_1_95' title="bbox 996 1832 1789 1870; baseline -0.004 -8"><span class='ocrx_word' id='word_1_690' title='bbox 996 1835 1155 1867; x_wconf 87' lang='lat' dir='ltr'><strong>strabimus,</strong></span> <span class='ocrx_word' id='word_1_691' title='bbox 1174 1834 1242 1862; x_wconf 90' lang='lat' dir='ltr'><strong>nulli</strong></span> <span class='ocrx_word' id='word_1_692' title='bbox 1258 1842 1373 1870; x_wconf 83' lang='lat' dir='ltr'><strong>prorsus</strong></span> <span class='ocrx_word' id='word_1_693' title='bbox 1396 1834 1443 1862; x_wconf 86' lang='lat' dir='ltr'><strong>alii</strong></span> <span class='ocrx_word' id='word_1_694' title='bbox 1458 1834 1514 1863; x_wconf 89' lang='lat' dir='ltr'><strong>nisi</strong></span> <span class='ocrx_word' id='word_1_695' title='bbox 1537 1833 1672 1861; x_wconf 85' lang='lat' dir='ltr'><strong>Salvatori</strong></span> <span class='ocrx_word' id='word_1_696' title='bbox 1689 1841 1721 1860; x_wconf 91' lang='lat' dir='ltr'><strong>ac</strong></span> <span class='ocrx_word' id='word_1_697' title='bbox 1734 1832 1789 1860; x_wconf 89' lang='lat' dir='ltr'><strong>Do-</strong></span> 
     </span>
    </p>
   </div>
   <div class='ocr_carea' id='block_1_96' title="bbox 995 1879 1789 1915">
    <p class='ocr_par' dir='ltr' id='par_1_96' title="bbox 995 1879 1789 1915">
     <span class='ocr_line' id='line_1_96' title="bbox 995 1879 1789 1915; baseline -0.006 -7"><span class='ocrx_word' id='word_1_698' title='bbox 995 1882 1070 1908; x_wconf 90' lang='lat' dir='ltr'><strong>mino</strong></span> <span class='ocrx_word' id='word_1_699' title='bbox 1080 1885 1176 1908; x_wconf 89' lang='lat' dir='ltr'><strong>nostro</strong></span> <span class='ocrx_word' id='word_1_700' title='bbox 1191 1880 1394 1908; x_wconf 88' lang='lat' dir='ltr'><strong>accommodari</strong></span> <span class='ocrx_word' id='word_1_701' title='bbox 1409 1887 1491 1915; x_wconf 83' lang='lat' dir='ltr'><strong>posse</strong></span> <span class='ocrx_word' id='word_1_702' title='bbox 1506 1886 1567 1915; x_wconf 62' lang='lat' dir='ltr'><strong>quae</strong></span> <span class='ocrx_word' id='word_1_703' title='bbox 1588 1879 1617 1906; x_wconf 88' lang='lat' dir='ltr'><strong>in</strong></span> <span class='ocrx_word' id='word_1_704' title='bbox 1634 1886 1667 1905; x_wconf 89' lang='lat' dir='ltr'><strong>eo</strong></span> <span class='ocrx_word' id='word_1_705' title='bbox 1686 1885 1789 1914; x_wconf 72' lang='lat' dir='ltr'><strong>propo-</strong></span> 
     </span>
    </p>
   </div>
   <div class='ocr_carea' id='block_1_97' title="bbox 995 1923 1786 1954">
    <p class='ocr_par' dir='ltr' id='par_1_97' title="bbox 995 1923 1786 1954">
     <span class='ocr_line' id='line_1_97' title="bbox 995 1923 1786 1954; baseline -0.005 -1"><span class='ocrx_word' id='word_1_706' title='bbox 995 1926 1047 1954; x_wconf 87' lang='lat' dir='ltr'><strong>sita</strong></span> <span class='ocrx_word' id='word_1_707' title='bbox 1058 1931 1132 1953; x_wconf 90' lang='lat' dir='ltr'><strong>sunt.</strong></span> <span class='ocrx_word' id='word_1_708' title='bbox 1146 1924 1282 1953; x_wconf 81' lang='lat' dir='ltr'><strong>Sed&#39;enim</strong></span> <span class='ocrx_word' id='word_1_709' title='bbox 1293 1925 1339 1952; x_wconf 89' lang='lat' dir='ltr'><strong>ubi</strong></span> <span class='ocrx_word' id='word_1_710' title='bbox 1359 1924 1488 1952; x_wconf 88' lang='lat' dir='ltr'><strong>Christus</strong></span> <span class='ocrx_word' id='word_1_711' title='bbox 1505 1924 1604 1952; x_wconf 90' lang='lat' dir='ltr'><strong>iterum</strong></span> <span class='ocrx_word' id='word_1_712' title='bbox 1618 1923 1786 1954; x_wconf 85' lang='lat' dir='ltr'><strong>nominatur,</strong></span> 
     </span>
    </p>
   </div>
   <div class='ocr_carea' id='block_1_98' title="bbox 994 1967 1788 2007">
    <p class='ocr_par' dir='ltr' id='par_1_98' title="bbox 994 1967 1788 2007">
     <span class='ocr_line' id='line_1_98' title="bbox 994 1967 1788 2007; baseline -0.005 -9"><span class='ocrx_word' id='word_1_713' title='bbox 994 1971 1056 2007; x_wconf 88' lang='lat' dir='ltr'><strong>quis</strong></span> <span class='ocrx_word' id='word_1_714' title='bbox 1072 1971 1182 1999; x_wconf 87' lang='lat' dir='ltr'><strong>tandem</strong></span> <span class='ocrx_word' id='word_1_715' title='bbox 1197 1970 1268 1998; x_wconf 85' lang='lat' dir='ltr'><strong>alius</strong></span> <span class='ocrx_word' id='word_1_716' title='bbox 1286 1969 1455 2005; x_wconf 79' lang='lat' dir='ltr'><strong>signiﬁcetur</strong></span> <span class='ocrx_word' id='word_1_717' title='bbox 1471 1969 1526 1997; x_wconf 90' lang='lat' dir='ltr'><strong>nisi</strong></span> <span class='ocrx_word' id='word_1_718' title='bbox 1548 1969 1594 1996; x_wconf 86' lang='lat' dir='ltr'><strong>ille</strong></span> <span class='ocrx_word' id='word_1_719' title='bbox 1618 1968 1687 2004; x_wconf 88' lang='lat' dir='ltr'><strong>ipse,</strong></span> <span class='ocrx_word' id='word_1_720' title='bbox 1707 1967 1788 2002; x_wconf 86' lang='lat' dir='ltr'><strong>cujus</strong></span> 
     </span>
    </p>
   </div>
   <div class='ocr_carea' id='block_1_99' title="bbox 994 2014 1775 2050">
    <p class='ocr_par' dir='ltr' id='par_1_99' title="bbox 994 2014 1775 2050">
     <span class='ocr_line' id='line_1_99' title="bbox 994 2014 1775 2050; baseline -0.004 -6"><span class='ocrx_word' id='word_1_721' title='bbox 994 2017 1248 2049; x_wconf 84' lang='lat' dir='ltr'><strong>commutationem,</strong></span> <span class='ocrx_word' id='word_1_722' title='bbox 1274 2016 1326 2043; x_wconf 89' lang='lat' dir='ltr'><strong>hoc</strong></span> <span class='ocrx_word' id='word_1_723' title='bbox 1349 2021 1392 2044; x_wconf 91' lang='lat' dir='ltr'><strong>est</strong></span> <span class='ocrx_word' id='word_1_724' title='bbox 1410 2016 1572 2048; x_wconf 84' lang='lat' dir='ltr'><strong>Ecclesiam,</strong></span> <span class='ocrx_word' id='word_1_725' title='bbox 1596 2018 1625 2042; x_wconf 86' lang='lat' dir='ltr'><strong>et</strong></span> <span class='ocrx_word' id='word_1_726' title='bbox 1638 2014 1775 2050; x_wconf 74' lang='lat' dir='ltr'><strong>exprobra</strong></span> 
     </span>
    </p>
   </div>
   <div class='ocr_carea' id='block_1_100' title="bbox 994 2060 1788 2098">
    <p class='ocr_par' dir='ltr' id='par_1_100' title="bbox 994 2060 1788 2098">
     <span class='ocr_line' id='line_1_100' title="bbox 994 2060 1788 2098; baseline -0.005 -7"><span class='ocrx_word' id='word_1_727' title='bbox 994 2067 1092 2091; x_wconf 89' lang='lat' dir='ltr'><strong>verunt</strong></span> <span class='ocrx_word' id='word_1_728' title='bbox 1116 2066 1143 2091; x_wconf 89' lang='lat' dir='ltr'><strong>et</strong></span> <span class='ocrx_word' id='word_1_729' title='bbox 1160 2062 1250 2090; x_wconf 87' lang='lat' dir='ltr'><strong>adhuc</strong></span> <span class='ocrx_word' id='word_1_730' title='bbox 1264 2062 1442 2098; x_wconf 86' lang='lat' dir='ltr'><strong>exprobrant,</strong></span> <span class='ocrx_word' id='word_1_731' title='bbox 1465 2062 1512 2097; x_wconf 89' lang='lat' dir='ltr'><strong>qui</strong></span> <span class='ocrx_word' id='word_1_732' title='bbox 1537 2061 1668 2089; x_wconf 86' lang='lat' dir='ltr'><strong>dicuntur</strong></span> <span class='ocrx_word' id='word_1_733' title='bbox 1682 2060 1788 2089; x_wconf 82' lang='lat' dir='ltr'><strong>Chris:i</strong></span> 
     </span>
    </p>
   </div>
   <div class='ocr_carea' id='block_1_101' title="bbox 993 2107 1787 2144">
    <p class='ocr_par' dir='ltr' id='par_1_101' title="bbox 993 2107 1787 2144">
     <span class='ocr_line' id='line_1_101' title="bbox 993 2107 1787 2144; baseline -0.003 -8"><span class='ocrx_word' id='word_1_734' title='bbox 993 2108 1117 2136; x_wconf 88' lang='lat' dir='ltr'><strong>inimici?</strong></span> <span class='ocrx_word' id='word_1_735' title='bbox 1129 2108 1265 2144; x_wconf 81' lang='lat' dir='ltr'><strong>siquidem</strong></span> <span class='ocrx_word' id='word_1_736' title='bbox 1279 2107 1431 2136; x_wconf 86' lang='lat' dir='ltr'><strong>Salvatoris</strong></span> <span class='ocrx_word' id='word_1_737' title='bbox 1447 2108 1537 2136; x_wconf 90' lang='lat' dir='ltr'><strong>nostri</strong></span> <span class='ocrx_word' id='word_1_738' title='bbox 1552 2107 1704 2139; x_wconf 87' lang='lat' dir='ltr'><strong>cruciatus,</strong></span> <span class='ocrx_word' id='word_1_739' title='bbox 1717 2115 1787 2143; x_wconf 90' lang='lat' dir='ltr'><strong>quos</strong></span> 
     </span>
    </p>
   </div>
   <div class='ocr_carea' id='block_1_102' title="bbox 994 2152 1788 2190">
    <p class='ocr_par' dir='ltr' id='par_1_102' title="bbox 994 2152 1788 2190">
     <span class='ocr_line' id='line_1_102' title="bbox 994 2152 1788 2190; baseline -0.004 -8"><span class='ocrx_word' id='word_1_740' title='bbox 994 2155 1053 2190; x_wconf 87' lang='lat' dir='ltr'><strong>ipse</strong></span> <span class='ocrx_word' id='word_1_741' title='bbox 1070 2162 1119 2189; x_wconf 90' lang='lat' dir='ltr'><strong>pro</strong></span> <span class='ocrx_word' id='word_1_742' title='bbox 1144 2153 1224 2181; x_wconf 88' lang='lat' dir='ltr'><strong>nobis</strong></span> <span class='ocrx_word' id='word_1_743' title='bbox 1245 2153 1384 2188; x_wconf 83' lang='lat' dir='ltr'><strong>suscepit,</strong></span> <span class='ocrx_word' id='word_1_744' title='bbox 1408 2160 1441 2181; x_wconf 93' lang='lat' dir='ltr'><strong>ac</strong></span> <span class='ocrx_word' id='word_1_745' title='bbox 1461 2152 1600 2188; x_wconf 60' lang='lat' dir='ltr'><strong>praecipue</strong></span> <span class='ocrx_word' id='word_1_746' title='bbox 1620 2156 1737 2180; x_wconf 89' lang='lat' dir='ltr'><strong>mortem</strong></span> <span class='ocrx_word' id='word_1_747' title='bbox 1759 2156 1788 2179; x_wconf 84' lang='lat' dir='ltr'><strong>et</strong></span> 
     </span>
    </p>
   </div>
   <div class='ocr_carea' id='block_1_103' title="bbox 993 2197 1786 2235">
    <p class='ocr_par' dir='ltr' id='par_1_103' title="bbox 993 2197 1786 2235">
     <span class='ocr_line' id='line_1_103' title="bbox 993 2197 1786 2235; baseline -0.005 -8"><span class='ocrx_word' id='word_1_748' title='bbox 993 2208 1115 2233; x_wconf 90' lang='lat' dir='ltr'><strong>crucem,</strong></span> <span class='ocrx_word' id='word_1_749' title='bbox 1142 2199 1301 2235; x_wconf 87' lang='lat' dir='ltr'><strong>quicunque</strong></span> <span class='ocrx_word' id='word_1_750' title='bbox 1322 2197 1427 2226; x_wconf 86' lang='lat' dir='ltr'><strong>Christi</strong></span> <span class='ocrx_word' id='word_1_751' title='bbox 1454 2197 1609 2225; x_wconf 83' lang='lat' dir='ltr'><strong>doctrinam</strong></span> <span class='ocrx_word' id='word_1_752' title='bbox 1634 2199 1786 2232; x_wconf 76' lang='lat' dir='ltr'><strong>oppugnat,</strong></span> 
     </span>
    </p>
   </div>
   <div class='ocr_carea' id='block_1_104' title="bbox 993 2244 1428 2281">
    <p class='ocr_par' dir='ltr' id='par_1_104' title="bbox 993 2244 1428 2281">
     <span class='ocr_line' id='line_1_104' title="bbox 993 2244 1428 2281; baseline -0.007 -7"><span class='ocrx_word' id='word_1_753' title='bbox 993 2246 1162 2281; x_wconf 80' lang='lat' dir='ltr'><strong>exprobrare</strong></span> <span class='ocrx_word' id='word_1_754' title='bbox 1176 2244 1257 2273; x_wconf 88' lang='lat' dir='ltr'><strong>nobis</strong></span> <span class='ocrx_word' id='word_1_755' title='bbox 1273 2244 1428 2273; x_wconf 85' lang='lat' dir='ltr'><strong>consuevit.</strong></span> 
     </span>
    </p>
   </div>
   <div class='ocr_carea' id='block_1_105' title="bbox 958 2281 1789 2327">
    <p class='ocr_par' dir='ltr' id='par_1_105' title="bbox 958 2281 1789 2327">
     <span class='ocr_line' id='line_1_105' title="bbox 958 2281 1789 2327; baseline -0.004 -8"><span class='ocrx_word' id='word_1_756' title='bbox 958 2281 981 2309; x_wconf 81' lang='grc' dir='ltr'><strong>Ῑ)</strong></span> <span class='ocrx_word' id='word_1_757' title='bbox 995 2292 1017 2320; x_wconf 86' lang='grc' dir='ltr'><em>Α</em></span> <span class='ocrx_word' id='word_1_758' title='bbox 1030 2291 1132 2327; x_wconf 81' lang='lat' dir='ltr'><strong>psalmo</strong></span> <span class='ocrx_word' id='word_1_759' title='bbox 1147 2299 1240 2319; x_wconf 75' lang='lat' dir='ltr'><strong>cxxxt.</strong></span> <span class='ocrx_word' id='word_1_760' title='bbox 1258 2306 1293 2312; x_wconf 93' lang='lat'><strong>—</strong></span> <span class='ocrx_word' id='word_1_761' title='bbox 1311 2291 1435 2318; x_wconf 69' lang='lat' dir='ltr'><strong>Christus</strong></span> <span class='ocrx_word' id='word_1_762' title='bbox 1450 2289 1666 2327; x_wconf 25' lang='lat' dir='ltr'><strong>inominatimde</strong></span> <span class='ocrx_word' id='word_1_763' title='bbox 1680 2289 1789 2327; x_wconf 62' lang='lat' dir='ltr'><strong>‘semine</strong></span> 
     </span>
    </p>
   </div>
   <div class='ocr_carea' id='block_1_106' title="bbox 1031 2322 1787 2361">
    <p class='ocr_par' dir='ltr' id='par_1_106' title="bbox 1031 2322 1787 2361">
     <span class='ocr_line' id='line_1_106' title="bbox 1031 2322 1787 2361; baseline -0.005 -7"><span class='ocrx_word' id='word_1_764' title='bbox 1031 2322 1117 2354; x_wconf 74' lang='lat' dir='ltr'><strong>David</strong></span> <span class='ocrx_word' id='word_1_765' title='bbox 1134 2334 1255 2361; x_wconf 72' lang='lat' dir='ltr'><strong>surgens,</strong></span> <span class='ocrx_word' id='word_1_766' title='bbox 1274 2327 1320 2359; x_wconf 80' lang='lat' dir='ltr'><strong>qui</strong></span> <span class='ocrx_word' id='word_1_767' title='bbox 1342 2325 1531 2358; x_wconf 80' lang='lat' dir='ltr'><strong>cornu_David</strong></span> <span class='ocrx_word' id='word_1_768' title='bbox 1554 2322 1718 2361; x_wconf 55' lang='lat' dir='ltr'><strong>nominatur,</strong></span> <span class='ocrx_word' id='word_1_769' title='bbox 1741 2324 1787 2359; x_wconf 84' lang='lat' dir='ltr'><strong>qui</strong></span> 
     </span>
    </p>
   </div>
   <div class='ocr_carea' id='block_1_107' title="bbox 1030 2360 1786 2397">
    <p class='ocr_par' dir='ltr' id='par_1_107' title="bbox 1030 2360 1786 2397">
     <span class='ocr_line' id='line_1_107' title="bbox 1030 2360 1786 2397; baseline -0.005 -8"><span class='ocrx_word' id='word_1_770' title='bbox 1030 2362 1140 2389; x_wconf 64' lang='lat' dir='ltr'><strong>Iudaeos</strong></span> <span class='ocrx_word' id='word_1_771' title='bbox 1163 2360 1285 2389; x_wconf 71' lang='lat' dir='ltr'><strong>inimicos</strong></span> <span class='ocrx_word' id='word_1_772' title='bbox 1314 2361 1454 2396; x_wconf 78' lang='lat' dir='ltr'><strong>confudit,</strong></span> <span class='ocrx_word' id='word_1_773' title='bbox 1476 2361 1522 2397; x_wconf 80' lang='lat' dir='ltr'><strong>qui</strong></span> <span class='ocrx_word' id='word_1_774' title='bbox 1547 2360 1786 2395; x_wconf 73' lang='lat' dir='ltr'><strong>sanctiﬁcationem</strong></span> 
     </span>
    </p>
   </div>
   <div class='ocr_carea' id='block_1_108' title="bbox 1031 2397 1253 2425">
    <p class='ocr_par' dir='ltr' id='par_1_108' title="bbox 1031 2397 1253 2425">
     <span class='ocr_line' id='line_1_108' title="bbox 1031 2397 1253 2425; baseline 0 -1"><span class='ocrx_word' id='word_1_775' title='bbox 1031 2397 1123 2425; x_wconf 73' lang='lat' dir='ltr'><strong>Patris</strong></span> <span class='ocrx_word' id='word_1_776' title='bbox 1135 2401 1253 2424; x_wconf 81' lang='lat' dir='ltr'><strong>renouat.</strong></span> 
     </span>
    </p>
   </div>
   <div class='ocr_carea' id='block_1_109' title="bbox 1026 2451 1785 2489">
    <p class='ocr_par' dir='ltr' id='par_1_109' title="bbox 1026 2451 1785 2489">
     <span class='ocr_line' id='line_1_109' title="bbox 1026 2451 1785 2489; baseline -0.008 -6"><span class='ocrx_word' id='word_1_777' title='bbox 1026 2465 1036 2482; x_wconf 84' lang='grc'><strong><em>‹</em></strong></span> <span class='ocrx_word' id='word_1_778' title='bbox 1056 2455 1163 2483; x_wconf 73' lang='lat' dir='ltr'><strong>Juravit</strong></span> <span class='ocrx_word' id='word_1_779' title='bbox 1179 2454 1313 2482; x_wconf 90' lang='lat' dir='ltr'><strong>Dominus</strong></span> <span class='ocrx_word' id='word_1_780' title='bbox 1330 2454 1383 2489; x_wconf 88' lang='lat' dir='ltr'><strong>ipsi</strong></span> <span class='ocrx_word' id='word_1_781' title='bbox 1407 2453 1494 2481; x_wconf 84' lang='lat' dir='ltr'><strong>David</strong></span> <span class='ocrx_word' id='word_1_782' title='bbox 1511 2453 1655 2481; x_wconf 83' lang='lat' dir='ltr'><strong>veritatem</strong></span> <span class='ocrx_word' id='word_1_783' title='bbox 1676 2455 1704 2479; x_wconf 89' lang='lat' dir='ltr'><strong>et</strong></span> <span class='ocrx_word' id='word_1_784' title='bbox 1724 2451 1785 2479; x_wconf 90' lang='lat' dir='ltr'><strong>irri-</strong></span> 
     </span>
    </p>
   </div>
   <div class='ocr_carea' id='block_1_110' title="bbox 989 2498 1781 2533">
    <p class='ocr_par' dir='ltr' id='par_1_110' title="bbox 989 2498 1781 2533">
     <span class='ocr_line' id='line_1_110' title="bbox 989 2498 1781 2533; baseline -0.008 -3"><span class='ocrx_word' id='word_1_785' title='bbox 989 2506 1045 2530; x_wconf 88' lang='lat' dir='ltr'><strong>tam</strong></span> <span class='ocrx_word' id='word_1_786' title='bbox 1064 2510 1120 2530; x_wconf 89' lang='lat' dir='ltr'><strong>non</strong></span> <span class='ocrx_word' id='word_1_787' title='bbox 1136 2501 1217 2529; x_wconf 82' lang='lat' dir='ltr'><strong>faciet</strong></span> <span class='ocrx_word' id='word_1_788' title='bbox 1235 2508 1306 2533; x_wconf 85' lang='lat' dir='ltr'><strong>eam,</strong></span> <span class='ocrx_word' id='word_1_789' title='bbox 1326 2500 1360 2528; x_wconf 91' lang='lat' dir='ltr'><strong>de</strong></span> <span class='ocrx_word' id='word_1_790' title='bbox 1382 2499 1476 2527; x_wconf 80' lang='lat' dir='ltr'><strong>fructu</strong></span> <span class='ocrx_word' id='word_1_791' title='bbox 1493 2499 1597 2527; x_wconf 87' lang='lat' dir='ltr'><strong>ventris</strong></span> <span class='ocrx_word' id='word_1_792' title='bbox 1624 2498 1663 2525; x_wconf 88' lang='lat' dir='ltr'><strong>tui</strong></span> <span class='ocrx_word' id='word_1_793' title='bbox 1679 2504 1781 2533; x_wconf 87' lang='lat' dir='ltr'><strong>ponam</strong></span> 
     </span>
    </p>
   </div>
   <div class='ocr_carea' id='block_1_111' title="bbox 990 2544 1783 2584">
    <p class='ocr_par' dir='ltr' id='par_1_111' title="bbox 990 2544 1783 2584">
     <span class='ocr_line' id='line_1_111' title="bbox 990 2544 1783 2584; baseline -0.006 -8"><span class='ocrx_word' id='word_1_794' title='bbox 990 2556 1073 2584; x_wconf 88' lang='lat' dir='ltr'><strong>super</strong></span> <span class='ocrx_word' id='word_1_795' title='bbox 1086 2549 1178 2576; x_wconf 83' lang='lat' dir='ltr'><strong>sedem</strong></span> <span class='ocrx_word' id='word_1_796' title='bbox 1189 2553 1264 2576; x_wconf 88' lang='lat' dir='ltr'><strong>tuam</strong></span> <span class='ocrx_word' id='word_1_797' title='bbox 1272 2547 1306 2575; x_wconf 80' lang='lat'><strong>&quot;.</strong></span> <span class='ocrx_word' id='word_1_798' title='bbox 1324 2557 1333 2574; x_wconf 74' lang='grc' dir='ltr'><strong>ι</strong></span> <span class='ocrx_word' id='word_1_799' title='bbox 1348 2546 1417 2574; x_wconf 89' lang='lat' dir='ltr'><strong>Tum</strong></span> <span class='ocrx_word' id='word_1_800' title='bbox 1434 2553 1597 2582; x_wconf 80' lang='lat' dir='ltr'><strong>progressus</strong></span> <span class='ocrx_word' id='word_1_801' title='bbox 1609 2544 1725 2572; x_wconf 82' lang='lat' dir='ltr'><strong>inferius</strong></span> <span class='ocrx_word' id='word_1_802' title='bbox 1742 2544 1783 2571; x_wconf 89' lang='lat' dir='ltr'><strong>sic</strong></span> 
     </span>
    </p>
   </div>
   <div class='ocr_carea' id='block_1_112' title="bbox 992 2593 1784 2631">
    <p class='ocr_par' dir='ltr' id='par_1_112' title="bbox 992 2593 1784 2631">
     <span class='ocr_line' id='line_1_112' title="bbox 992 2593 1784 2631; baseline -0.005 -8"><span class='ocrx_word' id='word_1_803' title='bbox 992 2596 1031 2623; x_wconf 90' lang='lat' dir='ltr'><strong>ait</strong></span> <span class='ocrx_word' id='word_1_804' title='bbox 1043 2604 1050 2622; x_wconf 88' lang='lat'><strong>:</strong></span> <span class='ocrx_word' id='word_1_805' title='bbox 1065 2605 1075 2622; x_wconf 68' lang='grc' dir='ltr'><strong>ι</strong></span> <span class='ocrx_word' id='word_1_806' title='bbox 1085 2595 1142 2623; x_wconf 85' lang='lat' dir='ltr'><strong>Illic</strong></span> <span class='ocrx_word' id='word_1_807' title='bbox 1155 2596 1304 2631; x_wconf 88' lang='lat' dir='ltr'><strong>producam</strong></span> <span class='ocrx_word' id='word_1_808' title='bbox 1317 2603 1405 2622; x_wconf 89' lang='lat' dir='ltr'><strong>cornu</strong></span> <span class='ocrx_word' id='word_1_809' title='bbox 1419 2594 1472 2630; x_wconf 90' lang='lat' dir='ltr'><strong>ipsi</strong></span> <span class='ocrx_word' id='word_1_810' title='bbox 1485 2593 1578 2625; x_wconf 87' lang='lat' dir='ltr'><strong>David,</strong></span> <span class='ocrx_word' id='word_1_811' title='bbox 1590 2593 1683 2629; x_wconf 88' lang='lat' dir='ltr'><strong>paravi</strong></span> <span class='ocrx_word' id='word_1_812' title='bbox 1698 2593 1784 2620; x_wconf 92' lang='lat' dir='ltr'><strong>lucer-</strong></span> 
     </span>
    </p>
   </div>
   <div class='ocr_carea' id='block_1_113' title="bbox 992 2639 1783 2675">
    <p class='ocr_par' dir='ltr' id='par_1_113' title="bbox 992 2639 1783 2675">
     <span class='ocr_line' id='line_1_113' title="bbox 992 2639 1783 2675; baseline -0.004 -6"><span class='ocrx_word' id='word_1_813' title='bbox 992 2649 1056 2669; x_wconf 89' lang='lat' dir='ltr'><strong>nam</strong></span> <span class='ocrx_word' id='word_1_814' title='bbox 1080 2641 1191 2669; x_wconf 88' lang='lat' dir='ltr'><strong>Christo</strong></span> <span class='ocrx_word' id='word_1_815' title='bbox 1214 2649 1291 2673; x_wconf 87' lang='lat' dir='ltr'><strong>meo,</strong></span> <span class='ocrx_word' id='word_1_816' title='bbox 1316 2641 1444 2669; x_wconf 87' lang='lat' dir='ltr'><strong>inimicos</strong></span> <span class='ocrx_word' id='word_1_817' title='bbox 1465 2640 1526 2675; x_wconf 89' lang='lat' dir='ltr'><strong>ejus</strong></span> <span class='ocrx_word' id='word_1_818' title='bbox 1550 2639 1663 2667; x_wconf 73' lang='lat' dir='ltr'><strong>induam</strong></span> <span class='ocrx_word' id='word_1_819' title='bbox 1689 2639 1783 2667; x_wconf 83' lang='lat' dir='ltr'><strong>confu-</strong></span> 
     </span>
    </p>
   </div>
   <div class='ocr_carea' id='block_1_114' title="bbox 993 2686 1785 2723">
    <p class='ocr_par' dir='ltr' id='par_1_114' title="bbox 993 2686 1785 2723">
     <span class='ocr_line' id='line_1_114' title="bbox 993 2686 1785 2723; baseline -0.004 -8"><span class='ocrx_word' id='word_1_820' title='bbox 993 2687 1187 2723; x_wconf 84' lang='lat' dir='ltr'><strong>sione:super</strong></span> <span class='ocrx_word' id='word_1_821' title='bbox 1206 2688 1296 2723; x_wconf 90' lang='lat' dir='ltr'><strong>ipsum</strong></span> <span class='ocrx_word' id='word_1_822' title='bbox 1324 2691 1414 2715; x_wconf 88' lang='lat' dir='ltr'><strong>autetn</strong></span> <span class='ocrx_word' id='word_1_823' title='bbox 1441 2686 1576 2715; x_wconf 81' lang='lat' dir='ltr'><strong>eﬂlorebit</strong></span> <span class='ocrx_word' id='word_1_824' title='bbox 1598 2686 1785 2714; x_wconf 77' lang='lat' dir='ltr'><strong>sanctiﬁcatio</strong></span> 
     </span>
    </p>
   </div>
   <div class='ocr_carea' id='block_1_115' title="bbox 992 2730 1781 2769">
    <p class='ocr_par' dir='ltr' id='par_1_115' title="bbox 992 2730 1781 2769">
     <span class='ocr_line' id='line_1_115' title="bbox 992 2730 1781 2769; baseline -0.003 -9"><span class='ocrx_word' id='word_1_825' title='bbox 992 2734 1094 2761; x_wconf 82' lang='lat' dir='ltr'><strong>mea“.</strong></span> <span class='ocrx_word' id='word_1_826' title='bbox 1113 2743 1123 2760; x_wconf 70' lang='grc' dir='ltr'><strong>ι</strong></span> <span class='ocrx_word' id='word_1_827' title='bbox 1143 2733 1194 2761; x_wconf 84' lang='lat' dir='ltr'><strong>Hic</strong></span> <span class='ocrx_word' id='word_1_828' title='bbox 1214 2741 1324 2769; x_wconf 89' lang='lat' dir='ltr'><strong>quoque</strong></span> <span class='ocrx_word' id='word_1_829' title='bbox 1345 2733 1379 2761; x_wconf 90' lang='lat' dir='ltr'><strong>de</strong></span> <span class='ocrx_word' id='word_1_830' title='bbox 1399 2740 1432 2761; x_wconf 88' lang='lat' dir='ltr'><strong>eo</strong></span> <span class='ocrx_word' id='word_1_831' title='bbox 1451 2733 1498 2768; x_wconf 93' lang='lat' dir='ltr'><strong>qui</strong></span> <span class='ocrx_word' id='word_1_832' title='bbox 1519 2740 1551 2760; x_wconf 76' lang='lat' dir='ltr'><strong>ex</strong></span> <span class='ocrx_word' id='word_1_833' title='bbox 1572 2732 1676 2760; x_wconf 85' lang='lat' dir='ltr'><strong>semine</strong></span> <span class='ocrx_word' id='word_1_834' title='bbox 1695 2730 1781 2758; x_wconf 85' lang='lat' dir='ltr'><strong>David</strong></span> 
     </span>
    </p>
   </div>
   <div class='ocr_carea' id='block_1_116' title="bbox 992 2778 1782 2815">
    <p class='ocr_par' dir='ltr' id='par_1_116' title="bbox 992 2778 1782 2815">
     <span class='ocr_line' id='line_1_116' title="bbox 992 2778 1782 2815; baseline -0.003 -8"><span class='ocrx_word' id='word_1_835' title='bbox 992 2780 1097 2808; x_wconf 85' lang='lat' dir='ltr'><strong>oriatur</strong></span> <span class='ocrx_word' id='word_1_836' title='bbox 1114 2779 1191 2815; x_wconf 88' lang='lat' dir='ltr'><strong>jurat</strong></span> <span class='ocrx_word' id='word_1_837' title='bbox 1213 2779 1355 2812; x_wconf 86' lang='lat' dir='ltr'><strong>Dominus,</strong></span> <span class='ocrx_word' id='word_1_838' title='bbox 1377 2779 1451 2815; x_wconf 89' lang='lat' dir='ltr'><strong>quod</strong></span> <span class='ocrx_word' id='word_1_839' title='bbox 1466 2779 1577 2815; x_wconf 85' lang='lat' dir='ltr'><strong>quidem</strong></span> <span class='ocrx_word' id='word_1_840' title='bbox 1597 2786 1692 2807; x_wconf 86' lang='lat' dir='ltr'><strong>semen</strong></span> <span class='ocrx_word' id='word_1_841' title='bbox 1711 2778 1782 2813; x_wconf 86' lang='lat' dir='ltr'><strong>ejus-</strong></span> 
     </span>
    </p>
   </div>
   <div class='ocr_carea' id='block_1_117' title="bbox 991 2823 1782 2859">
    <p class='ocr_par' dir='ltr' id='par_1_117' title="bbox 991 2823 1782 2859">
     <span class='ocr_line' id='line_1_117' title="bbox 991 2823 1782 2859; baseline -0.001 -6"><span class='ocrx_word' id='word_1_842' title='bbox 991 2826 1063 2859; x_wconf 91' lang='lat' dir='ltr'><strong>dem,</strong></span> <span class='ocrx_word' id='word_1_843' title='bbox 1088 2833 1174 2854; x_wconf 89' lang='lat' dir='ltr'><strong>cornu</strong></span> <span class='ocrx_word' id='word_1_844' title='bbox 1192 2826 1344 2855; x_wconf 68' lang='lat' dir='ltr'><strong>nominat:</strong></span> <span class='ocrx_word' id='word_1_845' title='bbox 1364 2830 1392 2853; x_wconf 83' lang='lat' dir='ltr'><strong>et</strong></span> <span class='ocrx_word' id='word_1_846' title='bbox 1412 2833 1474 2854; x_wconf 90' lang='lat' dir='ltr'><strong>cum</strong></span> <span class='ocrx_word' id='word_1_847' title='bbox 1496 2827 1594 2854; x_wconf 91' lang='lat' dir='ltr'><strong>iterum</strong></span> <span class='ocrx_word' id='word_1_848' title='bbox 1617 2823 1782 2853; x_wconf 77' lang='lat' dir='ltr'><strong>nominatim</strong></span> 
     </span>
    </p>
   </div>
   <div class='ocr_carea' id='block_1_118' title="bbox 1171 2901 1392 2938">
    <p class='ocr_par' dir='ltr' id='par_1_118' title="bbox 1171 2901 1392 2938">
     <span class='ocr_line' id='line_1_118' title="bbox 1171 2901 1392 2938; baseline 0.005 -6"><span class='ocrx_word' id='word_1_849' title='bbox 1171 2901 1392 2938; x_wconf 75' lang='lat' dir='ltr'><strong>&quot;ibid.l7,18.</strong></span> 
     </span>
    </p>
   </div>
  </div>
