2084 3216
288 179 342 207 315

611 177 748 207 EUSEBII
767 179 1012 208 CAESARIENSIS
1027 180 1103 209 OPP.
1124 179 1225 208 PARS.
1248 179 1281 207 ll.
1297 194 1333 200 —
1349 179 1602 208 APOLOGETICA.

1873 181 1928 209 5&6

287 236 430 264 Christum
448 236 565 271 appellet
585 236 726 264 lucernam
743 237 810 265 dicit
825 246 856 266 se
871 239 909 266 illi
926 239 1077 275 paravisse,

1145 238 1212 274 νησὶν
1232 238 1411 274 ήτοιμακέναι
1428 239 1512 274 αὐτῷ,
1527 239 1573 265 τὸν
1588 238 1768 275 προφητικὸν,
1784 239 1823 272 ὡς
1840 240 1924 272 εἰκὸς,

288 283 479 318 propheticum
495 282 600 318 utique,
609 288 639 310 ut
649 284 798 312 verisimile
806 289 859 318 est,
873 286 999 319 verbum,
1009 287 1082 322 quod

288 330 379 364 ipsum
394 328 534 356 Christum
549 330 709 362 antecessit,
725 330 772 365 qui
785 331 861 359 solus
878 332 966 360 instar
984 333 1083 362 solaris

290 375 413 407 luminis,
428 375 558 403 omnibus
570 376 618 411 qui
638 380 726 404 totum
745 377 840 405 orbem
856 381 995 406 terrarum
1013 379 1085 407 inco-

290 420 350 447 lunt
363 420 531 452 hominibus,
542 425 654 448 exortus
664 425 717 449 est.
737 420 783 448 Sic
795 422 852 457 ipse
867 431 977 458 quoque
987 423 1083 456 David,

291 471 322 494 ut
341 466 443 494 Christi
470 467 582 494 lucerna
602 471 715 502 paratus
734 472 798 496 ante
817 469 893 496 illum
911 469 975 502 fuit,
991 473 1086 505 utpote

291 513 338 547 qui
355 513 406 540 soli
430 512 605 548 perfectoque
630 513 728 540 lumini
750 519 944 550 comparatus,
967 515 1085 544 lucernae

292 558 383 585 locum
412 558 545 586 obtineat.
569 568 578 584 ι
604 558 664 586 Illic
693 567 776 593 vero,
804 561 910 597 inquit,
934 562 1086 597 producam

293 611 391 634 cornu,
416 613 425 629 ι
448 605 538 632 locum
563 604 690 633 videlicet
714 606 851 637 indicans,
880 607 926 634 ubi
950 608 1087 643 signiﬁcat

292 648 433 677 Christum
445 650 593 678 oriturum.
609 650 678 678 Cum
694 651 768 678 enim
786 656 916 686 precatus
938 657 1012 681 esset
1035 653 1086 680 Da-

292 695 350 727 vid,
367 699 397 722 ut
416 696 467 723 sibi
487 696 585 731 spiritu
605 697 687 732 188
703 697 799 725 liceret
820 703 884 726 ante
905 699 1087 735 contemplari

294 741 370 769 illius
390 742 510 770 natalem
529 743 632 775 locum,
653 743 827 780 dixissetque
844 745 929 773 verba
945 744 1013 772 illa:
1029 755 1038 771 ι
1058 745 1087 773 Si

295 787 430 816 introiero
456 789 484 815 in
505 789 715 816 tabernaculum
736 790 836 818 domus
857 799 934 824 meae,
953 792 976 819 si
991 799 1083 819 ascen-

294 834 361 862 dero
375 835 403 861 in
421 835 522 862 lectum
537 835 618 862 strati
633 836 697 868 mei,
712 835 735 863 si
755 836 858 864 dedero
875 845 1003 865 somnum
1021 845 1089 866 ocu-

293 881 330 908 Iis
346 881 425 912 meis,
442 884 469 908 et
487 881 625 916 palpebris
650 882 720 909 meis
737 881 979 915 dormitationem,
999 888 1026 911 et
1044 891 1089 911 re-

1135 285 1225 320 λόγον,
1239 285 1286 311 τὸν
1300 284 1493 320 προωδευκότα
1507 284 1554 311 τοῦ
1567 284 1697 320 Χριστοῦ,
1711 285 1741 316 ὃς
1755 284 1834 320 μόνος
1848 285 1928 320 ἠλια-

1137 330 1186 358 κοῦ
1202 331 1290 366 φωτὸς
1303 330 1382 366 δίκην
1397 331 1453 363 τοῖς
1465 331 1531 357 πᾶσι
1543 331 1604 357 καθ’
1619 326 1684 365 ὅλης
1699 330 1749 366 τῆς
1764 330 1929 366 οἰκουμένης

1137 376 1292 412 ἀνθρώποις
1307 376 1483 403 ἀνατέταλκε.
1500 376 1556 402 Καὶ
1571 375 1652 407 αὐτὸς
1666 375 1694 402 δὲ
1710 377 1724 402 ὁ
1738 374 1819 401 Δαὸὶδ
1834 374 1931 410 λύχνος

1137 423 1176 459 τῷ
1195 422 1305 459 Χριστῷ
1327 422 1539 458 προητοίμαστο,
1556 422 1594 454 ὡς
1611 421 1762 457 παραθέσει
1779 421 1865 456 ἡλίου,
1882 421 1931 447 καὶ

1138 470 1241 501 τελείου
1265 469 1364 504 φωτὸς,
1398 469 1494 504 λύχνου
1518 468 1595 502 τάξιν
1619 469 1734 503 ἐπέχων.
1756 478 1765 494 ι
1789 468 1861 494 Ἐκεῖ
1889 468 1928 500 δὲ,

1140 517 1232 553 φησὶν,
1265 515 1418 548 ἐξανατελῶ
1439 515 1533 552 κέρας,
1549 524 1559 541 ι
1578 515 1623 541 τὸν
1644 515 1726 541 τόπον
1747 513 1846 549 δηλῶν,
1867 513 1933 540 ἔνθα.

1141 563 1268 598 σημαίνει
1282 563 1328 590 τὸν
1344 562 1462 599 Χριστὸν
1478 561 1703 597 γεννηθήσεσθαι.
1718 560 1866 597 Εὑξαμὲνῳ
1878 560 1935 596 γὰρ.

1139 609 1179 645 τῷ
1196 607 1278 635 Δαῦὶδ
1294 609 1340 635 τὸν
1360 609 1442 635 τόπον
1456 607 1496 644 τῷ
1515 607 1653 643 πνεύματι
1676 607 1868 644 προθεωρῆσαι
1883 608 1933 643 τῆς

1140 657 1274 692 γενέσεως
1289 655 1336 682 τοῦ
1356 655 1487 691 Χριστοῦ,
1506 655 1623 690 φήσαντι
1644 663 1685 686 τε,
1704 664 1713 680 ι
1732 655 1764 681 Εἰ
1782 654 1934 681 εἰσελεύσο-

1142 712 1191 739 μαι
1208 703 1254 729 ὲπὶ
1277 702 1370 738 κλίνης
1388 701 1534 737 στρωμνῆς
1556 710 1617 736 μου,
1634 702 1659 727 εἰ
1681 700 1760 727 δώσω
1771 700 1856 727 ὕπνον
1876 700 1935 733 τοῖς

1141 750 1289 786 ὀφθαλμοῖς
1307 758 1368 785 μου,
1393 748 1440 775 καὶ
1453 749 1509 780 τοῖς
1533 748 1678 784 βλεφάροις
1696 757 1747 783 μου
1767 746 1936 783 νυσταγμδν,

1142 797 1189 824 καὶ
1207 796 1361 823 ἀνάπαυσιν
1374 796 1431 826 τοῖς
1447 794 1594 830 κροτάφοις
1608 804 1669 831 μου,
1689 794 1742 826 ἓως
1755 790 1786 820 οὗ
1802 794 1875 830 εὕρω
1891 794 1936 820 τό-

1142 851 1192 869 πον
1210 841 1246 877 τῷ
1266 841 1371 877 Κυρίῳ,
1392 841 1524 876 σκήνωμα
1538 839 1576 875 τῷ
1589 839 1648 875 Θεῷ
1666 839 1762 866 Ἰακὼὸ
1775 859 1783 872 ,
1802 849 1810 865 ι
1829 841 1936 866 ἀποκα-

1142 887 1238 915 λύπτει
1259 887 1290 914 τὸ
1309 887 1379 914 θεῖον
1405 886 1518 922 Πνεῦμα
1532 886 1577 913 τὸν
1592 887 1621 913 ἐν
1641 885 1765 922 Βηθλεὲμ
1779 886 1870 912 τόπον.
1890 886 1937 912 Διὸ

294 927 387 962 quiem
413 928 586 962 temporibus
613 928 700 959 meis,
726 927 815 956 donec
840 928 977 956 inveniam
1000 930 1089 957 locum

1145 935 1266 971 ἐπιφέρει
1296 934 1404 968 λέγων·
1442 941 1452 959 ι
1487 933 1554 959 Ἰδοὺ
1591 932 1749 968 ἠκούσαμεν
1786 932 1870 968 αὐτὴν
1908 933 1937 959 ὲν

295 973 421 1005 Domino,
436 974 647 1001 tabernaculum
662 974 718 1002 Deo
731 974 817 1010 Iacob
828 975 862 1008 ⁵⁷,
882 985 892 1001 ›
910 974 1022 1004 divinus
1035 976 1092 1011 spi-

295 1020 366 1048 ritus
384 1020 408 1048 ei
426 1021 527 1051 locum,
541 1021 587 1055 qui
602 1024 645 1048 cst
662 1021 690 1048 in
709 1021 866 1049 Bethlchcm
883 1022 1023 1049 occultum
1043 1022 1091 1050 de-

295 1067 374 1102 tegit.
396 1068 490 1102 Itaque
505 1068 657 1103 subiungit,
682 1068 778 1096 dicens
795 1078 801 1096 :
817 1077 827 1093 ι
846 1067 917 1096 Ecce
936 1068 1092 1096 audivimus

296 1121 356 1141 eam
376 1114 402 1140 in
415 1113 551 1149 Eplirata;
565 1124 574 1139 ι
589 1114 683 1150 (porro
694 1114 751 1141 haec
777 1119 820 1142 est
842 1114 902 1150 ipsa
921 1114 1091 1149 Bctlilehem)

299 1169 308 1185 ι
326 1159 480 1188 invenimus
507 1167 567 1187 eam
589 1160 615 1187 in
637 1160 743 1195 campis
762 1161 847 1193 silvae,
868 1160 1044 1188 introibimus
1063 1160 1090 1187 in

296 1205 506 1233 tabernaculum
526 1205 597 1240 ejus,
624 1206 801 1234 atlorabinius
820 1207 847 1234 in
864 1206 926 1234 loco
946 1206 993 1234 ubi
1007 1209 1091 1234 stete-

297 1258 362 1280 runt
375 1253 456 1288 pedes
478 1254 538 1288 ejus
554 1254 587 1281 ⁵⁸.
606 1263 615 1279 ι
636 1253 727 1287 Quare
747 1254 846 1282 merito
867 1259 1012 1290 postquam
1033 1254 1092 1282 haec

298 1299 405 1333 aperuit
418 1303 500 1334 atque
516 1299 657 1331 indicavit,
670 1300 795 1336 adjungit
813 1308 820 1326 :
838 1310 846 1326 ι
865 1300 925 1328 Illic
940 1301 1090 1336 producam

298 1353 385 1372 Cornu
404 1345 455 1381 ipsi
478 1345 573 1378 David,
590 1347 685 1381 paravi
704 1347 847 1374 lucernam
863 1346 973 1375 Christo
986 1355 1058 1376 meo.
1078 1357 1087 1373 ι

297 1390 427 1419 Fortasse
451 1392 532 1419 etiam
555 1392 644 1427 ipsum
669 1392 697 1419 in
717 1392 876 1420 Bethlehem
891 1400 906 1420 a
920 1393 1031 1421 Christo
1045 1401 1091 1422 as-

298 1440 441 1470 sumptum
463 1444 575 1472 corpus,
592 1437 645 1464 alio
656 1438 774 1473 quodam
792 1438 931 1465 intellectu
941 1438 985 1466 his
999 1438 1090 1466 verbis

300 1483 457 1517 signiﬁcans
471 1492 477 1510 :
492 1483 603 1518 quando
620 1491 669 1519 per
684 1491 785 1519 corpus
801 1488 931 1519 tanquam
947 1492 996 1519 per
1007 1488 1092 1513 testa-

1145 980 1278 1016 Ἐφραθάι
1297 990 1305 1006 ι
1324 980 1404 1016 (αὕτη
1416 980 1445 1006 δέ
1460 980 1533 1006 ἐστιν
1548 979 1565 1015 ή
1582 979 1717 1015 Βηθλεέμ)
1735 988 1744 1004 ι
1757 978 1876 1014 εὕρομεν
1889 979 1937 1005 αὐ-

1139 1028 1188 1064 τὴν
1206 1029 1234 1054 ἐν
1256 1028 1312 1059 τοῖς
1328 1027 1430 1058 πεδίοις
1454 1025 1500 1052 τοῦ
1523 1026 1637 1062 δρυμοῦ.
1657 1024 1876 1060 Εἱσελευσὸμεθα
1899 1026 1939 1056 εἰς

1139 1074 1174 1100 τὰ
1192 1073 1359 1110 σκηνώματα
1374 1072 1469 1104 αὑτοῦ,
1485 1073 1710 1108 προσκυνήσομεν
1726 1072 1766 1104 εἰς
1785 1071 1830 1098 τὸν
1843 1071 1937 1102 τύπον,

1141 1118 1171 1147 οὗ
1185 1120 1305 1156 ἔστησαν
1319 1120 1344 1146 οἱ
1360 1120 1439 1151 πόδες
1460 1118 1554 1145 αὑτοῦ.
1572 1128 1581 1145 ι
1599 1119 1720 1151 Εἰκότως
1735 1116 1781 1145 οὖν
1799 1118 1869 1154 μετὰ
1890 1117 1939 1153 τὴν

1141 1166 1242 1193 τούτων
1259 1165 1414 1201 φανέρωσιν
1437 1166 1558 1200 ἐπιλέγει
1570 1174 1576 1180 ·
1596 1175 1605 1191 ι
1632 1165 1706 1191 Ἐκεῖ
1726 1163 1878 1197 ἐξανατελῶ
1891 1163 1938 1190 κέ-

1143 1221 1192 1248 ρας
1208 1212 1246 1248 τῷ
1263 1212 1361 1239 Δαὸίδ·
1382 1212 1517 1248 ἡτοίμασα
1539 1212 1634 1248 λύχνον
1656 1210 1695 1246 τῷ
1718 1210 1829 1246 Χριστῷ
1845 1218 1907 1245 μου.
1927 1219 1936 1236 ι

1140 1259 1217 1294 Τάχα
1235 1258 1300 1290 ἴσως
1323 1258 1371 1286 καὶ
1392 1259 1422 1285 τὸ
1446 1258 1493 1285 ἐπὶ
1514 1258 1564 1294 τῆς
1585 1257 1708 1294 Βηθλεὲμ
1732 1257 1887 1293 ἀναληφθὲν
1901 1256 1941 1291 τῷ

1140 1305 1252 1340 Χριστῷ
1264 1305 1344 1340 σῶμα
1356 1305 1416 1332 καθ’
1428 1304 1524 1340 ἑτέραν
1535 1304 1663 1332 ὑπόνοιαν
1675 1303 1815 1340 σημαίνων
1827 1312 1833 1318 ·
1846 1303 1940 1339 ἐπειδὴ

1144 1349 1187 1377 διὰ
1203 1349 1250 1376 τοῦ
1274 1349 1401 1386 σώματος
1417 1349 1456 1381 ὠς
1477 1350 1511 1376 δι’
1524 1349 1684 1385 ὀστρακίνου
1702 1348 1817 1380 σκεύους
1831 1348 1939 1384 ἐνοική-

1146 1403 1215 1422 σασα
1231 1396 1259 1421 ὲν
1275 1395 1349 1431 αὺτῴ
1363 1397 1380 1431 ἡ
1396 1395 1457 1422 θεία
1470 1394 1595 1430 δύναμις,
1610 1394 1648 1426 ὡς
1661 1394 1706 1421 διὰ
1718 1394 1816 1430 λύχνου
1828 1393 1878 1425 τὰς
1891 1393 1940 1420 τοῦ

1145 1440 1217 1467 θεεου
1232 1442 1280 1468 καὶ
1296 1441 1405 1475 λογικοῦ
1418 1440 1506 1476 φωτὸς
1520 1440 1705 1476 μαρμαρυγὰς
1716 1441 1755 1472 εἷς
1767 1440 1872 1471 πάντας
1897 1439 1940 1472 ἐξ·

1145 1486 1267 1522 έλαμψεν
1286 1487 1458 1523 ἀνθρώπους.

301 1536 380 1555 ceum
402 1536 462 1560 vas,
482 1529 641 1557 inhabitans
657 1530 684 1556 in
702 1530 749 1557 illo
771 1529 864 1558 divina
886 1531 985 1563 virtus,
1006 1532 1086 1566 quasi
1104 1540 1152 1568 per
1167 1534 1318 1567 lucernam,
1335 1534 1421 1562 divini
1436 1534 1510 1562 illius
1524 1538 1550 1562 ct
1577 1534 1721 1562 rationalis
1754 1534 1866 1561 luminis
1895 1539 1940 1559 ra-

301 1574 374 1608 dios,
392 1575 420 1602 in
436 1583 532 1604 omnes
551 1576 643 1603 emisit
657 1577 793 1605 homines.

301 1634 447 1676 Ab_Amos.
472 1652 512 1680 --'
533 1636 656 1680 Christus
691 1639 887 1680 nominatim}
902 1638 970 1680 .Deo
996 1639 1092 1667 denun-

1155 1640 1221 1680 Ἀπὸ
1242 1640 1296 1680 τοῦ
1319 1641 1425 1680 Ὰμώςκ
1438 1656 1473 1680 Τ
1493 1640 1862 1680 Χριστὸςρνοίιαστζύτὸ
1879 1641 1943 1680 ξτεζῦ

337 1671 430 1703 tiatur,
444 1676 469 1698 et
486 1672 517 1698 ab
530 1673 651 1709 omnibus
673 1674 836 1709 agnoscitur,
852 1673 1011 1702 Judworum
1035 1684 1094 1703 vero

336 1711 438 1741 gentem
453 1707 586 1742 repudiat.

343 1813 353 1830 ε
367 1803 469 1833 Parare
489 1805 523 1832 ad
539 1805 723 1834 invocandum
748 1806 834 1834 Deum
852 1807 946 1840 Israel,
964 1808 1096 1844 quoniam

302 1858 368 1878 ecce
381 1851 556 1879 consolidans
569 1853 684 1885 tonitru,
695 1856 723 1880 et
736 1860 834 1881 creans
848 1854 987 1887 spiritum,
1003 1858 1031 1882 et
1048 1855 1093 1882 de-

303 1896 436 1924 nuntians
457 1896 615 1925 hominibus
632 1897 772 1926 Christum
791 1907 883 1932 suum,
901 1898 1006 1927 faciens
1018 1908 1098 1928 mane

303 1945 331 1968 et
357 1941 496 1975 nebulam,
519 1946 545 1970 et
569 1944 722 1972 ascendens
738 1952 823 1979 supra
844 1945 919 1972 celsa
938 1949 1027 1973 terrae.
1046 1945 1098 1973 Do-

303 1988 395 2015 minus
412 1987 485 2016 Deus
505 1989 680 2024 omnipotens
694 1991 801 2026 :nomen
817 1991 842 2019 ei
856 1999 862 2016 :
877 1991 970 2019 audite
984 1992 1097 2020 verbum

304 2033 422 2066 Domini,
437 2033 511 2068 quod
524 2041 574 2070 ego
586 2036 665 2070 capio
677 2043 759 2071 super
779 2044 839 2069 vos,
863 2036 1096 2065 lamentationem.

304 2077 408 2106 Domus
423 2078 508 2107 Israel
524 2080 624 2107 cecidit
641 2090 647 2107 :
665 2089 720 2108 non
739 2081 808 2110 ultra
831 2082 942 2117 adjiciat
959 2086 990 2110 ut
1002 2091 1098 2111 resur-

305 2129 362 2161 gat.
374 2125 458 2161 Virgo
478 2125 562 2154 Israel
578 2127 655 2162 lapsa
675 2131 717 2155 est
740 2127 768 2154 in
792 2132 866 2155 terra
888 2136 938 2156 sua
955 2136 961 2154 :
979 2136 1035 2156 non
1057 2134 1100 2157 est

305 2171 352 2207 qui
364 2172 450 2207 erigat
460 2172 560 2199 eam".
578 2183 587 2199 ι
610 2172 669 2200 Jam
686 2174 803 2209 septimo
817 2174 878 2202 loco
893 2174 1032 2202 Christum
1048 2183 1099 2203 no-

305 2218 430 2245 minatim
449 2217 616 2246 denuntians
643 2219 801 2248 horninibus
820 2219 903 2254 Deus,
925 2221 1099 2249 consolidare

304 2264 420 2296 tonitru,
437 2268 464 2292 et
481 2272 575 2292 creare
591 2265 717 2300 spiritum
744 2266 907 2301 evangelica:
927 2263 1099 2302 praedicatio-

1184 1677 1258 1704 Θεοῦ
1279 1675 1566 1711 κατὰτγελλόμενος,
1590 1676 1639 1702 κα).
1658 1675 1734 1703 :oda't
1754 1675 1813 1711 μὲν
1830 1677 1943 1710 ἀνθρώ-

1183 1719 1250 1745 ποις
1262 1711 1484 1747 γνωριζόμενος,
1504 1711 1652 1739 Ἰουδαίων
1665 1711 1691 1737 δ’
1704 1711 1792 1745 ἔθνος
1801 1712 1944 1746 ἀφοσιού-

1180 1756 1283 1782 μενος.

1189 1804 1349 1840 Ἐτοιμάζου
1371 1804 1419 1831 τοῦ
1444 1802 1631 1831 ἐπικαλεῖσθαι
1653 1803 1699 1830 τὸν
1726 1803 1791 1830 Θεὸν
1821 1803 1942 1839 Ἰσραὴλ,

1147 1851 1213 1878 διότι
1228 1851 1282 1878 ἰδοὺ
1298 1850 1416 1887 στερεῶν
1438 1850 1553 1886 βροντὴν
1570 1850 1618 1876 καὶ
1634 1850 1734 1882 κτίζων
1755 1850 1875 1885 πνεῦμα,
1894 1850 1944 1877 καὶ

1148 1897 1324 1932 ἐπαγγέλλων
1334 1897 1374 1928 εἰς
1388 1895 1549 1932 ἀνθρώπους
1559 1895 1604 1922 τὸν
1618 1895 1735 1931 Χριστὸν
1748 1895 1841 1927 αὑτοῦ,
1856 1895 1944 1922 ποιῶν

1148 1944 1246 1981 ὄρθρον
1261 1943 1308 1970 καὶ
1323 1942 1446 1978 ὁμίχλην,
1463 1942 1508 1968 καὶ
1520 1941 1667 1968 ἐπιϐαίνων
1680 1942 1727 1968 ἐπὶ
1739 1941 1774 1968 τὰ
1789 1940 1880 1976 ὑψηλά
1892 1940 1944 1975 τῆς

1149 1991 1211 2026 γῆς.
1241 1989 1345 2026 Κύριος
1371 1990 1385 2016 ὁ
1414 1988 1491 2021 Θεὸς,
1523 1986 1721 2022 παντοκράτωρ
1739 1986 1826 2022 ὄνομα
1856 1986 1943 2022 αὐτῷ.

1155 2034 1303 2061 Ἀκούσατε
1330 2033 1410 2068 λόγου
1435 2031 1553 2068 Κυρίου,
1580 2032 1609 2058 ὃν
1639 2031 1695 2066 ἐγὼ
1722 2031 1870 2067 λαμϐάνων
1899 2032 1944 2065 ἐφ’

1150 2081 1232 2116 ὑμᾶς,
1252 2080 1360 2116 θρῆνον.
1384 2076 1464 2110 Οἶκος
1486 2078 1592 2114 Ἰσραὴλ
1610 2078 1707 2104 ἔπεσεν
1720 2085 1727 2092 ·
1756 2077 1944 2112 οὺκέτιπροσ-

1151 2127 1228 2162 θήσει
1264 2125 1311 2153 τοῦ
1345 2125 1505 2160 ἀναστῆναι.
1532 2123 1670 2160 Παρθένος
1696 2124 1804 2160 Ἰσραὴλ
1827 2123 1946 2159 ἔσφαλεν

1150 2173 1196 2199 ἐπὶ
1218 2172 1269 2208 τῆς
1283 2172 1336 2207 γῆς
1357 2171 1458 2206 αὐτῆς·
1477 2171 1527 2198 οὐκ
1547 2171 1621 2197 ἔστιν
1641 2171 1656 2196 ὁ
1679 2171 1796 2198 ἀνιστῶν
1817 2171 1915 2207 αὑτήν.
1932 2181 1943 2197 ι

1152 2218 1285 2254 Ἔὸδομον
1310 2218 1361 2253 ἥδη
1383 2217 1429 2244 τὸν
1454 2217 1571 2253 Χριστὸν
1595 2217 1726 2252 ὀνομαστὶ
1751 2217 1947 2251 καταγγέλλων

1151 2266 1190 2297 εἰς
1214 2264 1374 2300 ἀνθρώπους
1396 2265 1410 2291 ὁ
1432 2264 1508 2296 Θεὸς,
1533 2264 1659 2300 στερεοῦν
1684 2263 1800 2299 βροντὴν
1823 2264 1871 2291 καὶ
1888 2264 1947 2291 κτί-

304 2310 349 2337 nis
367 2309 478 2343 dicitur,
503 2318 563 2346 qua:
578 2311 683 2338 tonitru
706 2312 828 2344 nomine,
852 2317 998 2348 propterea
1024 2314 1092 2349 quod

1151 2312 1207 2343 ζειν
1225 2311 1334 2347 πνεῦμα
1356 2311 1463 2345 λέγεται
1480 2310 1526 2337 τοῦ
1548 2310 1727 2344 εὖαγγελικοῦ
1754 2310 1944 2346 κηρύγματος,

303 2355 475 2384 exaudienda
490 2356 526 2383 sit
546 2357 580 2384 ab
599 2357 727 2386 omnibus
747 2358 917 2390 hominibus,
935 2360 1097 2394 appellatur.

304 2401 374 2429 Nam
389 2402 473 2430 simili
489 2402 571 2430 modo
593 2403 677 2430 etiam
693 2404 807 2439 spiritus
822 2412 877 2439 quo
893 2404 1021 2433 Christus
1034 2413 1099 2441 apo-

310 2450 396 2477 stolos
412 2457 477 2477 suos
494 2449 606 2482 atllavit,
620 2450 807 2485 signiﬁcatur;
824 2450 898 2486 quod
911 2451 1021 2486 quidem
1036 2459 1098 2487 per-

307 2495 400 2530 spicue
411 2495 438 2522 in
453 2495 604 2524 Salvatoris
622 2496 709 2523 nostri
729 2496 846 2524 adventu
865 2497 1031 2532 completum
1043 2501 1098 2531 est,

307 2541 335 2568 in
347 2549 400 2576 quo
411 2542 535 2569 facturus
543 2541 615 2569 Deus
624 2550 704 2570 mane
712 2542 794 2570 simul
804 2546 831 2570 et
842 2543 969 2570 nebulam
979 2544 1098 2576 canitur,

307 2587 342 2614 iis
356 2587 464 2622 quidem
474 2588 521 2623 qui
538 2589 660 2616 salutare
674 2589 764 2616 lumen
781 2590 953 2624 susceperint
966 2597 1056 2623 mane,
1067 2590 1101 2618 iis

307 2641 373 2661 vero
386 2633 500 2666 Iudaeis,
520 2634 566 2670 qui
583 2635 611 2662 in
626 2635 717 2670 ipsum
735 2642 790 2662 non
807 2635 973 2662 crediderint
994 2641 1101 2664 contra.

310 2678 392 2714 189
406 2679 471 2706 Nam
490 2680 523 2707 ad
541 2681 602 2708 illos
615 2685 766 2708 extremam
783 2689 891 2717 quoque
918 2682 1103 2710 denuntiatioo

309 2732 372 2751 nem
385 2725 527 2753 oraculum
557 2731 693 2761 apportat,
721 2727 786 2755 dum
814 2728 1037 2755 lamentationem
1053 2728 1101 2755 Ju-

310 2770 395 2798 daicze
408 2772 498 2808 gentis
514 2772 648 2808 adjungit,
662 2780 722 2808 qua:
737 2773 772 2800 ad
793 2773 868 2808 ipsos
888 2775 980 2802 statim
1004 2782 1100 2809 perve—

311 2816 362 2849 nit,
376 2821 438 2852 post
453 2817 589 2845 nefarium
618 2818 750 2847 adversus
777 2818 944 2847 Salvatorein
974 2824 1099 2847 nostrum

1153 2358 1277 2394 βροντῆς,
1291 2357 1335 2384 διὰ
1351 2357 1382 2384 τὸ
1402 2358 1442 2389 εἰς
1458 2357 1563 2388 πάντας
1586 2356 1747 2392 ἀνθρώπους
1768 2356 1945 2389 ἐξάκουστον,

1152 2404 1370 2440 ὀνομαζομένουι
1395 2403 1496 2440 ὁμοίως
1517 2403 1546 2429 δὲ
1570 2402 1618 2430 καὶ
1641 2403 1688 2429 τοῦ
1705 2403 1762 2434 τοῖς
1783 2403 1946 2434 ἀποστόλοις

1152 2451 1355 2487 ὲμπνεύσαντος
1383 2449 1502 2486 Χριστοῦ
1533 2448 1688 2484 πνεύματος
1714 2449 1880 2485 δηλουμένου
1899 2458 1905 2464 ·
1932 2449 1947 2474 ὃ

1152 2499 1200 2525 καὶ
1230 2497 1322 2533 σαφῶς
1347 2497 1394 2524 ἐπὶ
1419 2498 1451 2532 τῇ
1479 2495 1526 2522 τοῦ
1554 2496 1680 2532 Σωτῆρος
1709 2495 1787 2531 ἡμῶν
1815 2496 1948 2531 ἐπιδημία

1153 2544 1341 2581 πεπλήρωται,
1368 2543 1411 2578 ἐφ’
1475 2543 1599 2577 ποιήσειν
1624 2543 1638 2569 ὁ
1664 2541 1730 2573 Θεὸς
1753 2541 1851 2577 ὄρθρον
1878 2541 1946 2576 ὁμοῦ

1154 2591 1203 2617 καὶ
1230 2589 1345 2625 ὀμίχλην
1375 2588 1550 2620 θεσπίζεται·
1585 2588 1642 2619 τοῖς
1670 2587 1719 2623 μὲν
1751 2587 1782 2613 τὸ
1813 2587 1948 2622 σωτήριον

1155 2636 1213 2670 φῶς
1238 2633 1481 2670 παραδεξαμένοις,
1504 2632 1550 2659 τὸν
1574 2632 1689 2668 ὅρθρον⁸
1710 2633 1766 2663 τοῖς
1789 2631 1818 2657 δὲ
1833 2631 1949 2667 ἀπειθή-

1155 2691 1233 2709 σααιν
1252 2683 1292 2714 εἱς
1307 2681 1388 2708 αὐτὸν
1413 2680 1467 2706 τῶν
1489 2681 1521 2707 ὲκ
1535 2679 1695 2715 περιτομῆς,
1714 2678 1881 2705 τούναντίον.
1901 2675 1949 2710 Οἷς

1154 2730 1200 2756 καὶ
1229 2728 1278 2764 τὴν
1307 2727 1424 2763 ἐσχάτην
1445 2726 1582 2760 ἀπόφασιν
1608 2726 1623 2751 ὁ
1644 2725 1722 2759 λόγος
1748 2724 1948 2761 προκηρύττει,

1154 2775 1251 2810 θρῆνον
1268 2774 1400 2808 ἐπιλέγων
1408 2772 1454 2799 τοῦ
1471 2771 1605 2799 Ἰουδαίων
1613 2772 1717 2803 ἔθνους,
1732 2771 1777 2798 τὸν
1788 2771 1834 2798 καὶ
1851 2770 1949 2807 μετελ-

1154 2819 1234 2845 θόντα
1256 2818 1354 2850 αὐτοὺς
1385 2817 1541 2854 παραυτεκα
1575 2817 1643 2852 μετά
1656 2817 1704 2851 τὴν
1737 2815 1808 2843 κατὰ
1823 2815 1871 2843 τοῦ
1889 2815 1948 2844 Σω-

347 2894 370 2910 ⁵⁷
385 2894 457 2922 Psal.
469 2901 560 2929 exul,
578 2896 635 2923 3-5.
675 2897 696 2912 "
712 2897 777 2925 ibid.
794 2897 821 2928 6,
841 2898 865 2926 7.
902 2898 924 2914 ⁵⁸
936 2898 1019 2926 Amos
1037 2905 1074 2932 Iv,
1092 2897 1135 2930 ιν,
1156 2898 1200 2929 l5;
1219 2905 1243 2930 ν,
1262 2896 1321 2928 ιλ.
