  <div class='ocr_page' id='page_1' title='image "/cluster/home/n/w/nwhite01/storage/ocr_20150623/22/njp.32101077772497/198.png"; bbox 0 0 2084 3216; ppageno 0'>
   <div class='ocr_carea' id='block_1_1' title="bbox 163 164 218 195">
    <p class='ocr_par' dir='ltr' id='par_1_1' title="bbox 163 164 218 195">
     <span class='ocr_line' id='line_1_1' title="bbox 163 164 218 195; baseline -0.036 0"><span class='ocrx_word' id='word_1_1' title='bbox 163 164 218 195; x_wconf 70' lang='grc' dir='ltr'><strong><em>ΞΠ</em></strong></span> 
     </span>
    </p>
   </div>
   <div class='ocr_carea' id='block_1_2' title="bbox 625 157 1359 198">
    <p class='ocr_par' dir='ltr' id='par_1_2' title="bbox 625 157 1359 198">
     <span class='ocr_line' id='line_1_2' title="bbox 625 157 1359 198; baseline 0.003 -3"><span class='ocrx_word' id='word_1_2' title='bbox 625 157 960 197; x_wconf 63' lang='grc' dir='ltr'><strong>¹1)ΕΜΟΝΞΤΒΔΤΚΜΗΙ8</strong></span> <span class='ocrx_word' id='word_1_3' title='bbox 978 168 1211 198; x_wconf 65' lang='lat' dir='ltr'><strong>EVANGELICE</strong></span> <span class='ocrx_word' id='word_1_4' title='bbox 1231 169 1296 198; x_wconf 84' lang='lat' dir='ltr'><strong>LIB.</strong></span> <span class='ocrx_word' id='word_1_5' title='bbox 1313 169 1359 197; x_wconf 83' lang='lat' dir='ltr'><strong>IV.</strong></span> 
     </span>
    </p>
   </div>
   <div class='ocr_carea' id='block_1_3' title="bbox 1751 171 1803 199">
    <p class='ocr_par' dir='ltr' id='par_1_3' title="bbox 1751 171 1803 199">
     <span class='ocr_line' id='line_1_3' title="bbox 1751 171 1803 199; baseline -0.019 0"><span class='ocrx_word' id='word_1_6' title='bbox 1751 171 1803 199; x_wconf 80' lang='grc'><strong>518</strong></span> 
     </span>
    </p>
   </div>
   <div class='ocr_carea' id='block_1_4' title="bbox 166 223 970 262">
    <p class='ocr_par' dir='ltr' id='par_1_4' title="bbox 166 223 962 262">
     <span class='ocr_line' id='line_1_4' title="bbox 166 223 962 262; baseline 0.003 -11"><span class='ocrx_word' id='word_1_7' title='bbox 166 223 250 259; x_wconf 65' lang='grc' dir='ltr'>τῆμος</span> <span class='ocrx_word' id='word_1_8' title='bbox 273 224 353 260; x_wconf 81' lang='grc' dir='ltr'>ἡμῶν</span> <span class='ocrx_word' id='word_1_9' title='bbox 387 225 473 261; x_wconf 84' lang='grc' dir='ltr'>Ἰησοῦ</span> <span class='ocrx_word' id='word_1_10' title='bbox 494 225 541 253; x_wconf 83' lang='grc' dir='ltr'><strong>τοῦ</strong></span> <span class='ocrx_word' id='word_1_11' title='bbox 569 226 687 262; x_wconf 82' lang='grc' dir='ltr'>Χριστοῦ</span> <span class='ocrx_word' id='word_1_12' title='bbox 718 227 888 254; x_wconf 79' lang='grc' dir='ltr'>δυσσέϐειαν.</span> <span class='ocrx_word' id='word_1_13' title='bbox 916 227 962 259; x_wconf 78' lang='grc' dir='ltr'><strong>Ἐξ</strong></span> 
     </span>
    </p>
   </div>
   <div class='ocr_carea' id='block_1_5' title="bbox 1022 223 1804 262">
    <p class='ocr_par' dir='ltr' id='par_1_5' title="bbox 1022 226 1804 256">
     <span class='ocr_line' id='line_1_5' title="bbox 1022 226 1804 256; baseline 0.004 -3"><span class='ocrx_word' id='word_1_14' title='bbox 1022 226 1107 256; x_wconf 74' lang='lat' dir='ltr'><strong>[esum</strong></span> <span class='ocrx_word' id='word_1_15' title='bbox 1122 228 1265 255; x_wconf 76' lang='lat' dir='ltr'><strong>Christum</strong></span> <span class='ocrx_word' id='word_1_16' title='bbox 1290 227 1391 255; x_wconf 83' lang='lat' dir='ltr'><strong>scelus.</strong></span> <span class='ocrx_word' id='word_1_17' title='bbox 1408 226 1447 254; x_wconf 76' lang='lat' dir='ltr'><strong>Ex</strong></span> <span class='ocrx_word' id='word_1_18' title='bbox 1464 227 1512 255; x_wconf 81' lang='lat' dir='ltr'><strong>illo</strong></span> <span class='ocrx_word' id='word_1_19' title='bbox 1528 227 1601 255; x_wconf 82' lang='lat' dir='ltr'><strong>enim</strong></span> <span class='ocrx_word' id='word_1_20' title='bbox 1616 227 1659 255; x_wconf 89' lang='lat' dir='ltr'><strong>vel</strong></span> <span class='ocrx_word' id='word_1_21' title='bbox 1678 227 1712 255; x_wconf 87' lang='lat' dir='ltr'><strong>ad</strong></span> <span class='ocrx_word' id='word_1_22' title='bbox 1731 228 1804 256; x_wconf 88' lang='lat' dir='ltr'><strong>hunc</strong></span> 
     </span>
    </p>
   </div>
   <div class='ocr_carea' id='block_1_6' title="bbox 166 272 962 310">
    <p class='ocr_par' dir='ltr' id='par_1_6' title="bbox 166 272 962 310">
     <span class='ocr_line' id='line_1_6' title="bbox 166 272 962 310; baseline 0.001 -11"><span class='ocrx_word' id='word_1_23' title='bbox 166 272 272 299; x_wconf 77' lang='grc' dir='ltr'>ἐκείνου</span> <span class='ocrx_word' id='word_1_24' title='bbox 287 272 343 307; x_wconf 81' lang='grc' dir='ltr'><strong>γὰρ</strong></span> <span class='ocrx_word' id='word_1_25' title='bbox 367 272 474 308; x_wconf 84' lang='grc' dir='ltr'>ἀληθῶς</span> <span class='ocrx_word' id='word_1_26' title='bbox 494 273 541 300; x_wconf 81' lang='grc' dir='ltr'>καὶ</span> <span class='ocrx_word' id='word_1_27' title='bbox 560 274 600 305; x_wconf 86' lang='grc' dir='ltr'><strong>είς</strong></span> <span class='ocrx_word' id='word_1_28' title='bbox 623 273 703 310; x_wconf 84' lang='grc' dir='ltr'>δεῦρο</span> <span class='ocrx_word' id='word_1_29' title='bbox 721 274 736 299; x_wconf 84' lang='grc' dir='ltr'><strong>ὸ</strong></span> <span class='ocrx_word' id='word_1_30' title='bbox 760 272 833 305; x_wconf 82' lang='grc' dir='ltr'>οἶκος</span> <span class='ocrx_word' id='word_1_31' title='bbox 855 273 962 309; x_wconf 79' lang='grc' dir='ltr'>Ἰσραὴλ</span> 
     </span>
    </p>
   </div>
   <div class='ocr_carea' id='block_1_7' title="bbox 167 317 963 354">
    <p class='ocr_par' dir='ltr' id='par_1_7' title="bbox 167 317 963 354">
     <span class='ocr_line' id='line_1_7' title="bbox 167 317 963 354; baseline 0.004 -11"><span class='ocrx_word' id='word_1_32' title='bbox 167 317 323 350; x_wconf 77' lang='grc' dir='ltr'><strong>πέπτωκεν,</strong></span> <span class='ocrx_word' id='word_1_33' title='bbox 336 318 398 354; x_wconf 83' lang='grc' dir='ltr'>ὅρος</span> <span class='ocrx_word' id='word_1_34' title='bbox 412 327 442 344; x_wconf 84' lang='grc' dir='ltr'><strong>τε</strong></span> <span class='ocrx_word' id='word_1_35' title='bbox 453 318 527 351; x_wconf 75' lang='grc' dir='ltr'>ἅπαξ</span> <span class='ocrx_word' id='word_1_36' title='bbox 550 319 602 346; x_wconf 83' lang='grc' dir='ltr'>ὑπὸ</span> <span class='ocrx_word' id='word_1_37' title='bbox 619 319 666 346; x_wconf 88' lang='grc' dir='ltr'><strong>τοῦ</strong></span> <span class='ocrx_word' id='word_1_38' title='bbox 678 319 746 346; x_wconf 83' lang='grc' dir='ltr'><strong>Θεοῦ</strong></span> <span class='ocrx_word' id='word_1_39' title='bbox 763 319 809 346; x_wconf 84' lang='grc' dir='ltr'>καὶ</span> <span class='ocrx_word' id='word_1_40' title='bbox 825 319 963 353; x_wconf 83' lang='grc' dir='ltr'>ἀπόφασις</span> 
     </span>
    </p>
   </div>
   <div class='ocr_carea' id='block_1_8' title="bbox 167 364 961 400">
    <p class='ocr_par' dir='ltr' id='par_1_8' title="bbox 167 364 961 400">
     <span class='ocr_line' id='line_1_8' title="bbox 167 364 961 400; baseline 0.003 -10"><span class='ocrx_word' id='word_1_41' title='bbox 167 364 342 398; x_wconf 74' lang='grc' dir='ltr'>ἐξενήνεκται</span> <span class='ocrx_word' id='word_1_42' title='bbox 365 365 428 400; x_wconf 78' lang='grc' dir='ltr'>περὶ</span> <span class='ocrx_word' id='word_1_43' title='bbox 450 364 497 392; x_wconf 79' lang='grc' dir='ltr'><strong>τοῦ</strong></span> <span class='ocrx_word' id='word_1_44' title='bbox 521 366 649 397; x_wconf 76' lang='grc' dir='ltr'><strong>πεσόντος</strong></span> <span class='ocrx_word' id='word_1_45' title='bbox 668 366 757 392; x_wconf 72' lang='grc' dir='ltr'>αὐτῶν</span> <span class='ocrx_word' id='word_1_46' title='bbox 774 366 848 392; x_wconf 79' lang='grc' dir='ltr'>οἴκου</span> <span class='ocrx_word' id='word_1_47' title='bbox 870 366 916 392; x_wconf 77' lang='grc' dir='ltr'><strong>τοῦ</strong></span> <span class='ocrx_word' id='word_1_48' title='bbox 933 367 961 392; x_wconf 88' lang='grc' dir='ltr'><strong>ἐν</strong></span> 
     </span>
    </p>
   </div>
   <div class='ocr_carea' id='block_1_9' title="bbox 174 407 962 446">
    <p class='ocr_par' dir='ltr' id='par_1_9' title="bbox 174 407 962 446">
     <span class='ocr_line' id='line_1_9' title="bbox 174 407 962 446; baseline 0.003 -11"><span class='ocrx_word' id='word_1_49' title='bbox 174 407 362 444; x_wconf 80' lang='grc' dir='ltr'>Ἰερουσαλὴμ,</span> <span class='ocrx_word' id='word_1_50' title='bbox 379 410 425 436; x_wconf 83' lang='grc' dir='ltr'>καὶ</span> <span class='ocrx_word' id='word_1_51' title='bbox 441 410 511 436; x_wconf 78' lang='grc' dir='ltr'>κατὰ</span> <span class='ocrx_word' id='word_1_52' title='bbox 532 411 631 442; x_wconf 72' lang='grc' dir='ltr'>παντὸς</span> <span class='ocrx_word' id='word_1_53' title='bbox 652 411 741 437; x_wconf 77' lang='grc' dir='ltr'>αὐτῶν</span> <span class='ocrx_word' id='word_1_54' title='bbox 760 411 806 437; x_wconf 79' lang='grc' dir='ltr'><strong>τοῦ</strong></span> <span class='ocrx_word' id='word_1_55' title='bbox 824 411 962 446; x_wconf 82' lang='grc' dir='ltr'>συστήμα-</span> 
     </span>
    </p>
   </div>
   <div class='ocr_carea' id='block_1_10' title="bbox 167 455 962 493">
    <p class='ocr_par' dir='ltr' id='par_1_10' title="bbox 167 455 962 493">
     <span class='ocr_line' id='line_1_10' title="bbox 167 455 962 493; baseline 0.001 -11"><span class='ocrx_word' id='word_1_56' title='bbox 167 464 225 486; x_wconf 80' lang='grc' dir='ltr'>τος,</span> <span class='ocrx_word' id='word_1_57' title='bbox 241 455 279 487; x_wconf 81' lang='grc' dir='ltr'>ὡς</span> <span class='ocrx_word' id='word_1_58' title='bbox 298 456 392 491; x_wconf 70' lang='grc' dir='ltr'>μηκέτ’</span> <span class='ocrx_word' id='word_1_59' title='bbox 408 455 441 482; x_wconf 81' lang='grc' dir='ltr'>ἂν</span> <span class='ocrx_word' id='word_1_60' title='bbox 467 457 703 491; x_wconf 79' lang='grc' dir='ltr'>ἀναστησομένων,</span> <span class='ocrx_word' id='word_1_61' title='bbox 720 457 758 492; x_wconf 83' lang='grc' dir='ltr'>τῷ</span> <span class='ocrx_word' id='word_1_62' title='bbox 777 458 843 492; x_wconf 81' lang='grc' dir='ltr'><strong>μηδέ</strong></span> <span class='ocrx_word' id='word_1_63' title='bbox 867 459 962 493; x_wconf 85' lang='grc' dir='ltr'>παρεῖ-</span> 
     </span>
    </p>
   </div>
   <div class='ocr_carea' id='block_1_11' title="bbox 168 503 961 539">
    <p class='ocr_par' dir='ltr' id='par_1_11' title="bbox 168 503 961 539">
     <span class='ocr_line' id='line_1_11' title="bbox 168 503 961 539; baseline 0 -9"><span class='ocrx_word' id='word_1_64' title='bbox 168 511 213 530; x_wconf 82' lang='grc' dir='ltr'><strong>ναι</strong></span> <span class='ocrx_word' id='word_1_65' title='bbox 230 503 276 529; x_wconf 72' lang='grc' dir='ltr'><strong>τὸν</strong></span> <span class='ocrx_word' id='word_1_66' title='bbox 291 503 440 530; x_wconf 83' lang='grc' dir='ltr'>ἀνιστῶντα</span> <span class='ocrx_word' id='word_1_67' title='bbox 456 504 563 536; x_wconf 78' lang='grc' dir='ltr'>αὐτούς.</span> <span class='ocrx_word' id='word_1_68' title='bbox 578 513 587 529; x_wconf 76' lang='grc' dir='ltr'><strong>ι</strong></span> <span class='ocrx_word' id='word_1_69' title='bbox 606 505 662 530; x_wconf 74' lang='grc' dir='ltr'><strong>Οὐκ</strong></span> <span class='ocrx_word' id='word_1_70' title='bbox 679 504 735 530; x_wconf 75' lang='grc' dir='ltr'>ἔστι</span> <span class='ocrx_word' id='word_1_71' title='bbox 754 514 763 529; x_wconf 76' lang='grc' dir='ltr'><strong>ι</strong></span> <span class='ocrx_word' id='word_1_72' title='bbox 778 504 852 538; x_wconf 80' lang='grc' dir='ltr'>γοῦν,</span> <span class='ocrx_word' id='word_1_73' title='bbox 870 505 961 539; x_wconf 71' lang='grc' dir='ltr'>φησὶν,</span> 
     </span>
    </p>
   </div>
   <div class='ocr_carea' id='block_1_12' title="bbox 172 548 962 585">
    <p class='ocr_par' dir='ltr' id='par_1_12' title="bbox 172 548 962 585">
     <span class='ocr_line' id='line_1_12' title="bbox 172 548 962 585; baseline 0.003 -11"><span class='ocrx_word' id='word_1_74' title='bbox 172 557 182 574; x_wconf 74' lang='grc' dir='ltr'><strong>ι</strong></span> <span class='ocrx_word' id='word_1_75' title='bbox 196 549 210 574; x_wconf 85' lang='grc' dir='ltr'>ὁ</span> <span class='ocrx_word' id='word_1_76' title='bbox 228 548 344 575; x_wconf 84' lang='grc' dir='ltr'>ἁνιστῶν</span> <span class='ocrx_word' id='word_1_77' title='bbox 353 549 447 583; x_wconf 73' lang='grc' dir='ltr'>αὑτήν.</span> <span class='ocrx_word' id='word_1_78' title='bbox 466 558 474 573; x_wconf 80' lang='grc' dir='ltr'><strong>ι</strong></span> <span class='ocrx_word' id='word_1_79' title='bbox 495 549 571 575; x_wconf 67' lang='grc' dir='ltr'>Ἐπεὶ</span> <span class='ocrx_word' id='word_1_80' title='bbox 588 549 642 584; x_wconf 73' lang='grc' dir='ltr'><strong>γὰρ</strong></span> <span class='ocrx_word' id='word_1_81' title='bbox 656 549 766 575; x_wconf 75' lang='grc' dir='ltr'><strong>ἐλθόντα</strong></span> <span class='ocrx_word' id='word_1_82' title='bbox 783 550 827 576; x_wconf 79' lang='grc' dir='ltr'>τὸν</span> <span class='ocrx_word' id='word_1_83' title='bbox 845 550 962 585; x_wconf 84' lang='grc' dir='ltr'>Χριστὸν</span> 
     </span>
    </p>
   </div>
   <div class='ocr_carea' id='block_1_13' title="bbox 169 593 961 629">
    <p class='ocr_par' dir='ltr' id='par_1_13' title="bbox 169 593 961 629">
     <span class='ocr_line' id='line_1_13' title="bbox 169 593 961 629; baseline 0.001 -10"><span class='ocrx_word' id='word_1_84' title='bbox 169 594 217 620; x_wconf 77' lang='grc' dir='ltr'><strong>τοῦ</strong></span> <span class='ocrx_word' id='word_1_85' title='bbox 231 593 297 620; x_wconf 84' lang='grc' dir='ltr'>Θεοῦ</span> <span class='ocrx_word' id='word_1_86' title='bbox 310 594 340 620; x_wconf 77' lang='grc' dir='ltr'><strong>ου</strong></span> <span class='ocrx_word' id='word_1_87' title='bbox 356 595 538 629; x_wconf 81' lang='grc' dir='ltr'>προσήκαντο,</span> <span class='ocrx_word' id='word_1_88' title='bbox 554 594 665 626; x_wconf 80' lang='grc' dir='ltr'><strong>εἰκότως</strong></span> <span class='ocrx_word' id='word_1_89' title='bbox 681 595 779 626; x_wconf 71' lang='grc' dir='ltr'>αὐτοὺς</span> <span class='ocrx_word' id='word_1_90' title='bbox 796 594 961 627; x_wconf 84' lang='grc' dir='ltr'>καταλιπὼν,</span> 
     </span>
    </p>
   </div>
   <div class='ocr_carea' id='block_1_14' title="bbox 169 640 962 677">
    <p class='ocr_par' dir='ltr' id='par_1_14' title="bbox 169 640 962 677">
     <span class='ocr_line' id='line_1_14' title="bbox 169 640 962 677; baseline -0.001 -9"><span class='ocrx_word' id='word_1_91' title='bbox 169 641 217 668; x_wconf 62' lang='grc' dir='ltr'><strong>ἐπὶ</strong></span> <span class='ocrx_word' id='word_1_92' title='bbox 242 641 329 667; x_wconf 75' lang='grc' dir='ltr'>πάντα</span> <span class='ocrx_word' id='word_1_93' title='bbox 354 642 468 675; x_wconf 75' lang='grc' dir='ltr'>μετέστη</span> <span class='ocrx_word' id='word_1_94' title='bbox 492 641 525 667; x_wconf 68' lang='grc' dir='ltr'>τὰ</span> <span class='ocrx_word' id='word_1_95' title='bbox 552 640 626 676; x_wconf 74' lang='grc' dir='ltr'>ἔθνη,</span> <span class='ocrx_word' id='word_1_96' title='bbox 642 641 672 667; x_wconf 83' lang='grc' dir='ltr'><strong>τὸ</strong></span> <span class='ocrx_word' id='word_1_97' title='bbox 695 641 781 668; x_wconf 80' lang='grc' dir='ltr'>αἴτιον</span> <span class='ocrx_word' id='word_1_98' title='bbox 802 642 851 676; x_wconf 76' lang='grc' dir='ltr'>τῆς</span> <span class='ocrx_word' id='word_1_99' title='bbox 879 650 962 677; x_wconf 84' lang='grc' dir='ltr'>μετα-</span> 
     </span>
    </p>
   </div>
   <div class='ocr_carea' id='block_1_15' title="bbox 170 683 964 723">
    <p class='ocr_par' dir='ltr' id='par_1_15' title="bbox 170 683 964 723">
     <span class='ocr_line' id='line_1_15' title="bbox 170 683 964 723; baseline 0 -9"><span class='ocrx_word' id='word_1_100' title='bbox 170 687 302 718; x_wconf 78' lang='grc' dir='ltr'>πτώσεως</span> <span class='ocrx_word' id='word_1_101' title='bbox 319 686 437 720; x_wconf 73' lang='grc' dir='ltr'>διδάξας,</span> <span class='ocrx_word' id='word_1_102' title='bbox 454 687 487 713; x_wconf 76' lang='grc' dir='ltr'>δι’</span> <span class='ocrx_word' id='word_1_103' title='bbox 502 683 538 713; x_wconf 81' lang='grc' dir='ltr'>ὧν</span> <span class='ocrx_word' id='word_1_104' title='bbox 552 687 802 722; x_wconf 78' lang='grc' dir='ltr'>ἁποκλαυσάμενος,</span> <span class='ocrx_word' id='word_1_105' title='bbox 824 688 964 723; x_wconf 68' lang='grc' dir='ltr'>μονονουχὶ</span> 
     </span>
    </p>
   </div>
   <div class='ocr_carea' id='block_1_16' title="bbox 169 733 962 770">
    <p class='ocr_par' dir='ltr' id='par_1_16' title="bbox 169 733 962 770">
     <span class='ocr_line' id='line_1_16' title="bbox 169 733 962 770; baseline 0.001 -10"><span class='ocrx_word' id='word_1_106' title='bbox 169 733 361 769; x_wconf 72' lang='grc' dir='ltr'>ἀπελογήσατο</span> <span class='ocrx_word' id='word_1_107' title='bbox 387 733 487 759; x_wconf 75' lang='grc' dir='ltr'>εἰπών’</span> <span class='ocrx_word' id='word_1_108' title='bbox 507 744 515 759; x_wconf 82' lang='grc' dir='ltr'><strong>ι</strong></span> <span class='ocrx_word' id='word_1_109' title='bbox 541 734 727 769; x_wconf 80' lang='grc' dir='ltr'>Ἰερουσαλὴμ,</span> <span class='ocrx_word' id='word_1_110' title='bbox 752 734 962 770; x_wconf 79' lang='grc' dir='ltr'>Ἰερουσαλὴμὴ</span> 
     </span>
    </p>
   </div>
   <div class='ocr_carea' id='block_1_17' title="bbox 170 779 964 816">
    <p class='ocr_par' dir='ltr' id='par_1_17' title="bbox 170 779 964 816">
     <span class='ocr_line' id='line_1_17' title="bbox 170 779 964 816; baseline 0.001 -10"><span class='ocrx_word' id='word_1_111' title='bbox 170 779 369 807; x_wconf 72' lang='grc' dir='ltr'>ἀποκτείνουσα</span> <span class='ocrx_word' id='word_1_112' title='bbox 389 781 451 810; x_wconf 72' lang='grc' dir='ltr'>τοὺς</span> <span class='ocrx_word' id='word_1_113' title='bbox 473 781 613 816; x_wconf 65' lang='grc' dir='ltr'>προφήτας</span> <span class='ocrx_word' id='word_1_114' title='bbox 640 781 685 806; x_wconf 77' lang='grc' dir='ltr'><strong>καὶ</strong></span> <span class='ocrx_word' id='word_1_115' title='bbox 707 780 880 807; x_wconf 73' lang='grc' dir='ltr'>λιθοϐολοῦσα</span> <span class='ocrx_word' id='word_1_116' title='bbox 903 782 964 812; x_wconf 72' lang='grc' dir='ltr'>τοὺς</span> 
     </span>
    </p>
   </div>
   <div class='ocr_carea' id='block_1_18' title="bbox 170 826 964 863">
    <p class='ocr_par' dir='ltr' id='par_1_18' title="bbox 170 826 964 863">
     <span class='ocr_line' id='line_1_18' title="bbox 170 826 964 863; baseline 0.003 -11"><span class='ocrx_word' id='word_1_117' title='bbox 170 826 393 861; x_wconf 78' lang='grc' dir='ltr'>ἀπεσταλμένους</span> <span class='ocrx_word' id='word_1_118' title='bbox 409 826 477 861; x_wconf 83' lang='grc' dir='ltr'>πρὸς</span> <span class='ocrx_word' id='word_1_119' title='bbox 495 826 610 862; x_wconf 79' lang='grc' dir='ltr'>σαυτήν·</span> <span class='ocrx_word' id='word_1_120' title='bbox 629 826 759 858; x_wconf 75' lang='grc' dir='ltr'>πολλάκις</span> <span class='ocrx_word' id='word_1_121' title='bbox 773 827 826 863; x_wconf 82' lang='grc' dir='ltr'>γὰρ</span> <span class='ocrx_word' id='word_1_122' title='bbox 844 827 964 863; x_wconf 74' lang='grc' dir='ltr'>ἠθέλησα</span> 
     </span>
    </p>
   </div>
   <div class='ocr_carea' id='block_1_19' title="bbox 170 872 965 909">
    <p class='ocr_par' dir='ltr' id='par_1_19' title="bbox 170 872 965 909">
     <span class='ocr_line' id='line_1_19' title="bbox 170 872 965 909; baseline 0.004 -11"><span class='ocrx_word' id='word_1_123' title='bbox 170 873 333 906; x_wconf 71' lang='grc' dir='ltr'>ἐπισυνάξαι</span> <span class='ocrx_word' id='word_1_124' title='bbox 345 872 379 899; x_wconf 83' lang='grc' dir='ltr'>τὰ</span> <span class='ocrx_word' id='word_1_125' title='bbox 394 873 475 900; x_wconf 83' lang='grc' dir='ltr'>τέκνα</span> <span class='ocrx_word' id='word_1_126' title='bbox 492 882 549 904; x_wconf 91' lang='grc' dir='ltr'>σου,</span> <span class='ocrx_word' id='word_1_127' title='bbox 564 873 593 899; x_wconf 76' lang='grc' dir='ltr'>ὃν</span> <span class='ocrx_word' id='word_1_128' title='bbox 613 874 712 908; x_wconf 73' lang='grc' dir='ltr'>τρόπον</span> <span class='ocrx_word' id='word_1_129' title='bbox 729 874 802 909; x_wconf 77' lang='grc' dir='ltr'>ὄρνις</span> <span class='ocrx_word' id='word_1_130' title='bbox 824 874 858 900; x_wconf 71' lang='grc' dir='ltr'>τὰ</span> <span class='ocrx_word' id='word_1_131' title='bbox 872 874 965 901; x_wconf 72' lang='grc' dir='ltr'>νοσσία</span> 
     </span>
    </p>
   </div>
   <div class='ocr_carea' id='block_1_20' title="bbox 1014 274 1805 310">
    <p class='ocr_par' dir='ltr' id='par_1_20' title="bbox 1014 274 1805 310">
     <span class='ocr_line' id='line_1_20' title="bbox 1014 274 1805 310; baseline 0.001 -8"><span class='ocrx_word' id='word_1_132' title='bbox 1014 282 1101 310; x_wconf 88' lang='lat' dir='ltr'><strong>usque</strong></span> <span class='ocrx_word' id='word_1_133' title='bbox 1115 275 1186 303; x_wconf 88' lang='lat' dir='ltr'><strong>diem</strong></span> <span class='ocrx_word' id='word_1_134' title='bbox 1201 275 1300 303; x_wconf 84' lang='lat' dir='ltr'><strong>domus</strong></span> <span class='ocrx_word' id='word_1_135' title='bbox 1314 274 1399 302; x_wconf 86' lang='lat' dir='ltr'><strong>Israel</strong></span> <span class='ocrx_word' id='word_1_136' title='bbox 1410 274 1519 306; x_wconf 86' lang='lat' dir='ltr'><strong>cecidit,</strong></span> <span class='ocrx_word' id='word_1_137' title='bbox 1533 279 1560 302; x_wconf 84' lang='lat' dir='ltr'><strong>et</strong></span> <span class='ocrx_word' id='word_1_138' title='bbox 1570 274 1704 302; x_wconf 82' lang='lat' dir='ltr'><strong>visionem</strong></span> <span class='ocrx_word' id='word_1_139' title='bbox 1721 276 1805 303; x_wconf 87' lang='lat' dir='ltr'><strong>semel</strong></span> 
     </span>
    </p>
   </div>
   <div class='ocr_carea' id='block_1_21' title="bbox 1013 318 1806 355">
    <p class='ocr_par' dir='ltr' id='par_1_21' title="bbox 1013 318 1806 355">
     <span class='ocr_line' id='line_1_21' title="bbox 1013 318 1806 355; baseline -0.001 -8"><span class='ocrx_word' id='word_1_140' title='bbox 1013 320 1085 349; x_wconf 82' lang='lat' dir='ltr'><strong>Deus</strong></span> <span class='ocrx_word' id='word_1_141' title='bbox 1101 328 1134 348; x_wconf 90' lang='lat' dir='ltr'><strong>ac</strong></span> <span class='ocrx_word' id='word_1_142' title='bbox 1148 321 1384 349; x_wconf 74' lang='lat' dir='ltr'><strong>denuntiationem</strong></span> <span class='ocrx_word' id='word_1_143' title='bbox 1400 321 1525 355; x_wconf 89' lang='lat' dir='ltr'><strong>protulit,</strong></span> <span class='ocrx_word' id='word_1_144' title='bbox 1540 320 1576 348; x_wconf 87' lang='lat' dir='ltr'><strong>de</strong></span> <span class='ocrx_word' id='word_1_145' title='bbox 1585 327 1685 347; x_wconf 87' lang='lat' dir='ltr'><strong>casura</strong></span> <span class='ocrx_word' id='word_1_146' title='bbox 1696 318 1806 347; x_wconf 81' lang='lat' dir='ltr'><strong>illorum</strong></span> 
     </span>
    </p>
   </div>
   <div class='ocr_carea' id='block_1_22' title="bbox 1014 366 1806 399">
    <p class='ocr_par' dir='ltr' id='par_1_22' title="bbox 1014 366 1806 399">
     <span class='ocr_line' id='line_1_22' title="bbox 1014 366 1806 399; baseline 0 -7"><span class='ocrx_word' id='word_1_147' title='bbox 1014 367 1095 394; x_wconf 91' lang='lat' dir='ltr'><strong>domo</strong></span> <span class='ocrx_word' id='word_1_148' title='bbox 1127 368 1153 393; x_wconf 84' lang='lat' dir='ltr'><strong>in</strong></span> <span class='ocrx_word' id='word_1_149' title='bbox 1171 366 1335 399; x_wconf 83' lang='lat' dir='ltr'><strong>Jerusalem,</strong></span> <span class='ocrx_word' id='word_1_150' title='bbox 1350 367 1483 394; x_wconf 82' lang='lat' dir='ltr'><strong>adversus</strong></span> <span class='ocrx_word' id='word_1_151' title='bbox 1494 375 1603 394; x_wconf 90' lang='lat' dir='ltr'><strong>omnem</strong></span> <span class='ocrx_word' id='word_1_152' title='bbox 1613 366 1722 393; x_wconf 90' lang='lat' dir='ltr'><strong>illorum</strong></span> <span class='ocrx_word' id='word_1_153' title='bbox 1735 367 1806 393; x_wconf 91' lang='lat' dir='ltr'><strong>mul-</strong></span> 
     </span>
    </p>
   </div>
   <div class='ocr_carea' id='block_1_23' title="bbox 1014 411 1807 447">
    <p class='ocr_par' dir='ltr' id='par_1_23' title="bbox 1014 411 1807 447">
     <span class='ocr_line' id='line_1_23' title="bbox 1014 411 1807 447; baseline -0.003 -7"><span class='ocrx_word' id='word_1_154' title='bbox 1014 414 1169 445; x_wconf 78' lang='lat' dir='ltr'><strong>titudinem,</strong></span> <span class='ocrx_word' id='word_1_155' title='bbox 1187 413 1269 440; x_wconf 89' lang='lat' dir='ltr'><strong>veluti</strong></span> <span class='ocrx_word' id='word_1_156' title='bbox 1286 420 1380 439; x_wconf 90' lang='lat' dir='ltr'><strong>eorum</strong></span> <span class='ocrx_word' id='word_1_157' title='bbox 1398 413 1443 447; x_wconf 85' lang='lat' dir='ltr'><strong>qui</strong></span> <span class='ocrx_word' id='word_1_158' title='bbox 1460 420 1513 439; x_wconf 93' lang='lat' dir='ltr'><strong>non</strong></span> <span class='ocrx_word' id='word_1_159' title='bbox 1542 412 1659 447; x_wconf 81' lang='lat' dir='ltr'><strong>amplius</strong></span> <span class='ocrx_word' id='word_1_160' title='bbox 1684 411 1807 447; x_wconf 77' lang='lat' dir='ltr'><strong>erigendi</strong></span> 
     </span>
    </p>
   </div>
   <div class='ocr_carea' id='block_1_24' title="bbox 1015 459 1805 495">
    <p class='ocr_par' dir='ltr' id='par_1_24' title="bbox 1015 459 1805 495">
     <span class='ocr_line' id='line_1_24' title="bbox 1015 459 1805 495; baseline -0.005 -8"><span class='ocrx_word' id='word_1_161' title='bbox 1015 461 1081 492; x_wconf 88' lang='lat' dir='ltr'><strong>sint,</strong></span> <span class='ocrx_word' id='word_1_162' title='bbox 1099 468 1131 487; x_wconf 85' lang='lat' dir='ltr'><strong>eo</strong></span> <span class='ocrx_word' id='word_1_163' title='bbox 1146 459 1219 495; x_wconf 89' lang='lat' dir='ltr'><strong>quod</strong></span> <span class='ocrx_word' id='word_1_164' title='bbox 1236 467 1290 486; x_wconf 90' lang='lat' dir='ltr'><strong>non</strong></span> <span class='ocrx_word' id='word_1_165' title='bbox 1307 459 1388 491; x_wconf 88' lang='lat' dir='ltr'><strong>adsit,</strong></span> <span class='ocrx_word' id='word_1_166' title='bbox 1406 459 1452 493; x_wconf 86' lang='lat' dir='ltr'><strong>qui</strong></span> <span class='ocrx_word' id='word_1_167' title='bbox 1470 459 1503 485; x_wconf 92' lang='lat' dir='ltr'><strong>ad</strong></span> <span class='ocrx_word' id='word_1_168' title='bbox 1519 459 1579 486; x_wconf 90' lang='lat' dir='ltr'><strong>illos</strong></span> <span class='ocrx_word' id='word_1_169' title='bbox 1596 459 1703 493; x_wconf 76' lang='lat' dir='ltr'><strong>erigat:</strong></span> <span class='ocrx_word' id='word_1_170' title='bbox 1723 467 1731 483; x_wconf 80' lang='grc' dir='ltr'><strong>ι</strong></span> <span class='ocrx_word' id='word_1_171' title='bbox 1752 465 1805 484; x_wconf 84' lang='lat' dir='ltr'><strong>non</strong></span> 
     </span>
    </p>
   </div>
   <div class='ocr_carea' id='block_1_25' title="bbox 1014 504 1808 542">
    <p class='ocr_par' dir='ltr' id='par_1_25' title="bbox 1014 504 1808 542">
     <span class='ocr_line' id='line_1_25' title="bbox 1014 504 1808 542; baseline -0.006 -7"><span class='ocrx_word' id='word_1_172' title='bbox 1014 512 1067 540; x_wconf 89' lang='lat' dir='ltr'><strong>cst,</strong></span> <span class='ocrx_word' id='word_1_173' title='bbox 1081 508 1179 542; x_wconf 82' lang='lat' dir='ltr'><strong>inquit,</strong></span> <span class='ocrx_word' id='word_1_174' title='bbox 1195 507 1242 541; x_wconf 88' lang='lat' dir='ltr'><strong>qui</strong></span> <span class='ocrx_word' id='word_1_175' title='bbox 1257 507 1343 540; x_wconf 80' lang='lat' dir='ltr'><strong>erigat</strong></span> <span class='ocrx_word' id='word_1_176' title='bbox 1358 514 1428 533; x_wconf 86' lang='lat' dir='ltr'><strong>eam.</strong></span> <span class='ocrx_word' id='word_1_177' title='bbox 1447 515 1455 531; x_wconf 73' lang='grc' dir='ltr'><strong>ι</strong></span> <span class='ocrx_word' id='word_1_178' title='bbox 1480 505 1628 540; x_wconf 77' lang='lat' dir='ltr'><strong>Postquam</strong></span> <span class='ocrx_word' id='word_1_179' title='bbox 1645 504 1718 531; x_wconf 90' lang='lat' dir='ltr'><strong>enim</strong></span> <span class='ocrx_word' id='word_1_180' title='bbox 1729 504 1808 530; x_wconf 89' lang='lat' dir='ltr'><strong>Chri—</strong></span> 
     </span>
    </p>
   </div>
   <div class='ocr_carea' id='block_1_26' title="bbox 1016 550 1808 588">
    <p class='ocr_par' dir='ltr' id='par_1_26' title="bbox 1016 550 1808 588">
     <span class='ocr_line' id='line_1_26' title="bbox 1016 550 1808 588; baseline -0.006 -7"><span class='ocrx_word' id='word_1_181' title='bbox 1016 559 1100 585; x_wconf 85' lang='lat' dir='ltr'><strong>stum,</strong></span> <span class='ocrx_word' id='word_1_182' title='bbox 1117 555 1162 588; x_wconf 89' lang='lat' dir='ltr'><strong>qui</strong></span> <span class='ocrx_word' id='word_1_183' title='bbox 1179 554 1211 580; x_wconf 85' lang='lat' dir='ltr'><strong>ad</strong></span> <span class='ocrx_word' id='word_1_184' title='bbox 1229 553 1288 580; x_wconf 87' lang='lat' dir='ltr'><strong>illos</strong></span> <span class='ocrx_word' id='word_1_185' title='bbox 1303 556 1424 583; x_wconf 81' lang='lat' dir='ltr'><strong>venerat,</strong></span> <span class='ocrx_word' id='word_1_186' title='bbox 1437 559 1490 578; x_wconf 87' lang='lat' dir='ltr'><strong>non</strong></span> <span class='ocrx_word' id='word_1_187' title='bbox 1503 555 1694 586; x_wconf 82' lang='lat' dir='ltr'><strong>susceperunt,</strong></span> <span class='ocrx_word' id='word_1_188' title='bbox 1710 550 1808 577; x_wconf 84' lang='lat' dir='ltr'><strong>merito</strong></span> 
     </span>
    </p>
   </div>
   <div class='ocr_carea' id='block_1_27' title="bbox 1017 595 1806 630">
    <p class='ocr_par' dir='ltr' id='par_1_27' title="bbox 1017 595 1806 630">
     <span class='ocr_line' id='line_1_27' title="bbox 1017 595 1806 630; baseline -0.006 -4"><span class='ocrx_word' id='word_1_189' title='bbox 1017 600 1078 627; x_wconf 89' lang='lat' dir='ltr'><strong>illos</strong></span> <span class='ocrx_word' id='word_1_190' title='bbox 1090 605 1117 626; x_wconf 88' lang='lat' dir='ltr'><strong>et</strong></span> <span class='ocrx_word' id='word_1_191' title='bbox 1130 598 1261 630; x_wconf 83' lang='lat' dir='ltr'><strong>deseruit,</strong></span> <span class='ocrx_word' id='word_1_192' title='bbox 1282 601 1309 624; x_wconf 87' lang='lat' dir='ltr'><strong>et</strong></span> <span class='ocrx_word' id='word_1_193' title='bbox 1332 598 1359 624; x_wconf 94' lang='lat' dir='ltr'><strong>in</strong></span> <span class='ocrx_word' id='word_1_194' title='bbox 1377 604 1472 624; x_wconf 89' lang='lat' dir='ltr'><strong>omnes</strong></span> <span class='ocrx_word' id='word_1_195' title='bbox 1500 596 1642 623; x_wconf 77' lang='lat' dir='ltr'><strong>transtulit</strong></span> <span class='ocrx_word' id='word_1_196' title='bbox 1669 595 1806 626; x_wconf 84' lang='lat' dir='ltr'><strong>nationes,</strong></span> 
     </span>
    </p>
   </div>
   <div class='ocr_carea' id='block_1_28' title="bbox 1016 642 1806 681">
    <p class='ocr_par' dir='ltr' id='par_1_28' title="bbox 1016 642 1806 681">
     <span class='ocr_line' id='line_1_28' title="bbox 1016 642 1806 681; baseline -0.006 -9"><span class='ocrx_word' id='word_1_197' title='bbox 1016 646 1152 681; x_wconf 85' lang='lat' dir='ltr'><strong>quietiam</strong></span> <span class='ocrx_word' id='word_1_198' title='bbox 1169 650 1225 672; x_wconf 92' lang='lat' dir='ltr'><strong>tum</strong></span> <span class='ocrx_word' id='word_1_199' title='bbox 1251 644 1329 679; x_wconf 89' lang='lat' dir='ltr'><strong>prius</strong></span> <span class='ocrx_word' id='word_1_200' title='bbox 1347 644 1434 671; x_wconf 71' lang='lat' dir='ltr'><strong>ruina:</strong></span> <span class='ocrx_word' id='word_1_201' title='bbox 1455 651 1566 670; x_wconf 84' lang='lat' dir='ltr'><strong>causam</strong></span> <span class='ocrx_word' id='word_1_202' title='bbox 1596 643 1657 669; x_wconf 89' lang='lat' dir='ltr'><strong>illos</strong></span> <span class='ocrx_word' id='word_1_203' title='bbox 1687 642 1806 672; x_wconf 86' lang='lat' dir='ltr'><strong>edocuit,</strong></span> 
     </span>
    </p>
   </div>
   <div class='ocr_carea' id='block_1_29' title="bbox 1016 688 1806 727">
    <p class='ocr_par' dir='ltr' id='par_1_29' title="bbox 1016 688 1806 727">
     <span class='ocr_line' id='line_1_29' title="bbox 1016 688 1806 727; baseline -0.006 -8"><span class='ocrx_word' id='word_1_204' title='bbox 1016 693 1061 719; x_wconf 87' lang='lat' dir='ltr'><strong>ubi</strong></span> <span class='ocrx_word' id='word_1_205' title='bbox 1082 700 1165 727; x_wconf 83' lang='lat' dir='ltr'><strong>prope</strong></span> <span class='ocrx_word' id='word_1_206' title='bbox 1181 699 1242 718; x_wconf 89' lang='lat' dir='ltr'><strong>cum</strong></span> <span class='ocrx_word' id='word_1_207' title='bbox 1261 690 1457 717; x_wconf 85' lang='lat' dir='ltr'><strong>lamentatione</strong></span> <span class='ocrx_word' id='word_1_208' title='bbox 1471 697 1501 717; x_wconf 87' lang='lat' dir='ltr'><strong>se</strong></span> <span class='ocrx_word' id='word_1_209' title='bbox 1523 689 1675 721; x_wconf 75' lang='lat' dir='ltr'><strong>excusavit,</strong></span> <span class='ocrx_word' id='word_1_210' title='bbox 1690 688 1784 715; x_wconf 84' lang='lat' dir='ltr'><strong>dicens</strong></span> <span class='ocrx_word' id='word_1_211' title='bbox 1799 697 1806 714; x_wconf 88' lang='lat'>:</span> 
     </span>
    </p>
   </div>
   <div class='ocr_carea' id='block_1_30' title="bbox 1020 734 1807 770">
    <p class='ocr_par' dir='ltr' id='par_1_30' title="bbox 1020 734 1807 770">
     <span class='ocr_line' id='line_1_30' title="bbox 1020 734 1807 770; baseline -0.008 -5"><span class='ocrx_word' id='word_1_212' title='bbox 1020 748 1029 764; x_wconf 86' lang='grc' dir='ltr'><strong>ι</strong></span> <span class='ocrx_word' id='word_1_213' title='bbox 1048 738 1213 768; x_wconf 83' lang='lat' dir='ltr'><strong>Jerusalem,</strong></span> <span class='ocrx_word' id='word_1_214' title='bbox 1230 736 1394 768; x_wconf 82' lang='lat' dir='ltr'><strong>Jerusalem,</strong></span> <span class='ocrx_word' id='word_1_215' title='bbox 1421 744 1483 770; x_wconf 71' lang='lat' dir='ltr'><strong>quae</strong></span> <span class='ocrx_word' id='word_1_216' title='bbox 1513 735 1617 762; x_wconf 81' lang='lat' dir='ltr'><strong>occidis</strong></span> <span class='ocrx_word' id='word_1_217' title='bbox 1646 734 1807 769; x_wconf 84' lang='lat' dir='ltr'><strong>prophetas,</strong></span> 
     </span>
    </p>
   </div>
   <div class='ocr_carea' id='block_1_31' title="bbox 1017 780 1811 819">
    <p class='ocr_par' dir='ltr' id='par_1_31' title="bbox 1017 780 1811 819">
     <span class='ocr_line' id='line_1_31' title="bbox 1017 780 1811 819; baseline -0.008 -8"><span class='ocrx_word' id='word_1_218' title='bbox 1017 789 1043 812; x_wconf 86' lang='lat' dir='ltr'><strong>et</strong></span> <span class='ocrx_word' id='word_1_219' title='bbox 1054 783 1159 819; x_wconf 87' lang='lat' dir='ltr'><strong>lapidas</strong></span> <span class='ocrx_word' id='word_1_220' title='bbox 1177 790 1225 810; x_wconf 89' lang='lat' dir='ltr'><strong>eos</strong></span> <span class='ocrx_word' id='word_1_221' title='bbox 1240 782 1285 817; x_wconf 90' lang='lat' dir='ltr'><strong>qui</strong></span> <span class='ocrx_word' id='word_1_222' title='bbox 1298 782 1331 809; x_wconf 85' lang='lat' dir='ltr'><strong>ad</strong></span> <span class='ocrx_word' id='word_1_223' title='bbox 1346 785 1372 808; x_wconf 89' lang='lat' dir='ltr'><strong>te</strong></span> <span class='ocrx_word' id='word_1_224' title='bbox 1391 781 1468 808; x_wconf 88' lang='lat' dir='ltr'><strong>missi</strong></span> <span class='ocrx_word' id='word_1_225' title='bbox 1482 786 1557 812; x_wconf 83' lang='lat' dir='ltr'><strong>sunt,</strong></span> <span class='ocrx_word' id='word_1_226' title='bbox 1571 788 1642 814; x_wconf 65' lang='lat' dir='ltr'><strong>saepe</strong></span> <span class='ocrx_word' id='word_1_227' title='bbox 1657 780 1729 806; x_wconf 87' lang='lat' dir='ltr'><strong>volui</strong></span> <span class='ocrx_word' id='word_1_228' title='bbox 1744 786 1811 805; x_wconf 90' lang='lat' dir='ltr'><strong>con-</strong></span> 
     </span>
    </p>
   </div>
   <div class='ocr_carea' id='block_1_32' title="bbox 1019 825 1810 867">
    <p class='ocr_par' dir='ltr' id='par_1_32' title="bbox 1019 825 1810 867">
     <span class='ocr_line' id='line_1_32' title="bbox 1019 825 1810 867; baseline -0.009 -9"><span class='ocrx_word' id='word_1_229' title='bbox 1019 839 1131 867; x_wconf 78' lang='lat' dir='ltr'><strong>gregare</strong></span> <span class='ocrx_word' id='word_1_230' title='bbox 1147 830 1217 857; x_wconf 82' lang='lat' dir='ltr'><strong>ﬁlios</strong></span> <span class='ocrx_word' id='word_1_231' title='bbox 1233 833 1295 856; x_wconf 87' lang='lat' dir='ltr'><strong>tuos</strong></span> <span class='ocrx_word' id='word_1_232' title='bbox 1310 828 1447 863; x_wconf 88' lang='lat' dir='ltr'><strong>quomodo</strong></span> <span class='ocrx_word' id='word_1_233' title='bbox 1459 828 1560 863; x_wconf 78' lang='lat' dir='ltr'><strong>gallina</strong></span> <span class='ocrx_word' id='word_1_234' title='bbox 1577 827 1665 861; x_wconf 88' lang='lat' dir='ltr'><strong>pullos</strong></span> <span class='ocrx_word' id='word_1_235' title='bbox 1681 833 1745 852; x_wconf 89' lang='lat' dir='ltr'><strong>suos</strong></span> <span class='ocrx_word' id='word_1_236' title='bbox 1759 825 1810 852; x_wconf 87' lang='lat' dir='ltr'><strong>sub</strong></span> 
     </span>
    </p>
   </div>
   <div class='ocr_carea' id='block_1_33' title="bbox 1021 873 1810 908">
    <p class='ocr_par' dir='ltr' id='par_1_33' title="bbox 1021 873 1810 908">
     <span class='ocr_line' id='line_1_33' title="bbox 1021 873 1810 908; baseline -0.01 -3"><span class='ocrx_word' id='word_1_237' title='bbox 1021 879 1089 908; x_wconf 81' lang='lat' dir='ltr'><strong>alas,</strong></span> <span class='ocrx_word' id='word_1_238' title='bbox 1106 881 1133 904; x_wconf 86' lang='lat' dir='ltr'><strong>et</strong></span> <span class='ocrx_word' id='word_1_239' title='bbox 1149 876 1278 903; x_wconf 88' lang='lat' dir='ltr'><strong>noluistis</strong></span> <span class='ocrx_word' id='word_1_240' title='bbox 1297 883 1303 900; x_wconf 88' lang='lat'>:</span> <span class='ocrx_word' id='word_1_241' title='bbox 1319 882 1384 902; x_wconf 85' lang='lat' dir='ltr'><strong>ecce</strong></span> <span class='ocrx_word' id='word_1_242' title='bbox 1407 873 1572 908; x_wconf 82' lang='lat' dir='ltr'><strong>relinquitur</strong></span> <span class='ocrx_word' id='word_1_243' title='bbox 1600 873 1697 899; x_wconf 88' lang='lat' dir='ltr'><strong>domus</strong></span> <span class='ocrx_word' id='word_1_244' title='bbox 1719 875 1810 899; x_wconf 83' lang='lat' dir='ltr'><strong>vestra</strong></span> 
     </span>
    </p>
   </div>
   <div class='ocr_carea' id='block_1_34' title="bbox 171 908 1173 956">
    <p class='ocr_par' dir='ltr' id='par_1_34' title="bbox 171 908 1173 956">
     <span class='ocr_line' id='line_1_34' title="bbox 171 908 1173 956; baseline 0.002 -11"><span class='ocrx_word' id='word_1_245' title='bbox 171 919 258 954; x_wconf 67' lang='grc' dir='ltr'>αὐτῆς</span> <span class='ocrx_word' id='word_1_246' title='bbox 273 919 325 945; x_wconf 78' lang='grc' dir='ltr'>ὑπὸ</span> <span class='ocrx_word' id='word_1_247' title='bbox 349 919 398 950; x_wconf 75' lang='grc' dir='ltr'>τὰς</span> <span class='ocrx_word' id='word_1_248' title='bbox 418 919 565 956; x_wconf 77' lang='grc' dir='ltr'>πτέρυγας,</span> <span class='ocrx_word' id='word_1_249' title='bbox 586 920 632 946; x_wconf 73' lang='grc' dir='ltr'><strong>καὶ</strong></span> <span class='ocrx_word' id='word_1_250' title='bbox 658 920 707 946; x_wconf 73' lang='grc' dir='ltr'>οὐκ</span> <span class='ocrx_word' id='word_1_251' title='bbox 726 920 890 955; x_wconf 66' lang='grc' dir='ltr'>ἠθελήσατε·</span> <span class='ocrx_word' id='word_1_252' title='bbox 912 920 966 947; x_wconf 71' lang='grc' dir='ltr'>ἰδοὺ</span> <span class='ocrx_word' id='word_1_253' title='bbox 983 908 1003 935; x_wconf 70' lang='grc' dir='ltr'><strong>Β</strong></span> <span class='ocrx_word' id='word_1_254' title='bbox 1018 924 1127 951; x_wconf 62' lang='lat' dir='ltr'><strong>deserta</strong></span> <span class='ocrx_word' id='word_1_255' title='bbox 1141 924 1173 950; x_wconf 56' lang='lat'><strong>6°.</strong></span> 
     </span>
    </p>
   </div>
   <div class='ocr_carea' id='block_1_35' title="bbox 170 963 736 1000">
    <p class='ocr_par' dir='ltr' id='par_1_35' title="bbox 170 963 736 1000">
     <span class='ocr_line' id='line_1_35' title="bbox 170 963 736 1000; baseline 0.004 -11"><span class='ocrx_word' id='word_1_256' title='bbox 170 964 282 998; x_wconf 70' lang='grc' dir='ltr'>ἀφίεται</span> <span class='ocrx_word' id='word_1_257' title='bbox 299 965 363 999; x_wconf 84' lang='grc' dir='ltr'>ὑμῖν</span> <span class='ocrx_word' id='word_1_258' title='bbox 379 965 393 991; x_wconf 87' lang='grc' dir='ltr'>ὁ</span> <span class='ocrx_word' id='word_1_259' title='bbox 412 963 485 996; x_wconf 83' lang='grc' dir='ltr'>οἶκος</span> <span class='ocrx_word' id='word_1_260' title='bbox 501 965 578 1000; x_wconf 80' lang='grc' dir='ltr'>ὑμῶν</span> <span class='ocrx_word' id='word_1_261' title='bbox 594 964 707 1000; x_wconf 76' lang='grc' dir='ltr'>ἕρημος.</span> <span class='ocrx_word' id='word_1_262' title='bbox 729 975 736 990; x_wconf 72' lang='grc' dir='ltr'><strong>ι</strong></span> 
     </span>
    </p>
   </div>
   <div class='ocr_carea' id='block_1_36' title="bbox 177 1031 966 1071">
    <p class='ocr_par' dir='ltr' id='par_1_36' title="bbox 177 1031 966 1071">
     <span class='ocr_line' id='line_1_36' title="bbox 177 1031 966 1071; baseline 0.003 -14"><span class='ocrx_word' id='word_1_263' title='bbox 177 1031 246 1071; x_wconf 55' lang='grc' dir='ltr'><strong>Ἀῖὸ</strong></span> <span class='ocrx_word' id='word_1_264' title='bbox 268 1031 322 1071; x_wconf 55' lang='grc' dir='ltr'><strong>τοῦ</strong></span> <span class='ocrx_word' id='word_1_265' title='bbox 345 1032 517 1071; x_wconf 54' lang='grc' dir='ltr'>Ἀμϐ-ακούμ.</span> <span class='ocrx_word' id='word_1_266' title='bbox 535 1033 718 1071; x_wconf 36' lang='grc' dir='ltr'><strong>-ιξριστός</strong></span> <span class='ocrx_word' id='word_1_267' title='bbox 742 1033 885 1071; x_wconf 43' lang='lat' dir='ltr'><strong>(imprimi</strong></span> <span class='ocrx_word' id='word_1_268' title='bbox 907 1034 966 1060; x_wconf 79' lang='grc' dir='ltr'><strong>ὑπὸ</strong></span> 
     </span>
    </p>
   </div>
   <div class='ocr_carea' id='block_1_37' title="bbox 206 1066 968 1107">
    <p class='ocr_par' dir='ltr' id='par_1_37' title="bbox 206 1066 968 1107">
     <span class='ocr_line' id='line_1_37' title="bbox 206 1066 968 1107; baseline 0.003 -14"><span class='ocrx_word' id='word_1_269' title='bbox 206 1068 319 1107; x_wconf 53' lang='lat' dir='ltr'><strong>{itus/013</strong></span> <span class='ocrx_word' id='word_1_270' title='bbox 332 1066 385 1093; x_wconf 81' lang='grc' dir='ltr'><strong>τοῦ</strong></span> <span class='ocrx_word' id='word_1_271' title='bbox 400 1067 513 1107; x_wconf 46' lang='lat' dir='ltr'><strong>[Iarde</strong></span> <span class='ocrx_word' id='word_1_272' title='bbox 533 1066 698 1101; x_wconf 68' lang='grc' dir='ltr'>σωζόμενος</span> <span class='ocrx_word' id='word_1_273' title='bbox 714 1069 763 1094; x_wconf 78' lang='grc' dir='ltr'>καὶ</span> <span class='ocrx_word' id='word_1_274' title='bbox 783 1066 882 1098; x_wconf 69' lang='grc' dir='ltr'>σώζων</span> <span class='ocrx_word' id='word_1_275' title='bbox 897 1069 968 1101; x_wconf 79' lang='grc' dir='ltr'>τοὺς</span> 
     </span>
    </p>
   </div>
   <div class='ocr_carea' id='block_1_38' title="bbox 207 1102 483 1136">
    <p class='ocr_par' dir='ltr' id='par_1_38' title="bbox 207 1102 483 1136">
     <span class='ocr_line' id='line_1_38' title="bbox 207 1102 483 1136; baseline 0.004 -8"><span class='ocrx_word' id='word_1_276' title='bbox 207 1102 317 1128; x_wconf 76' lang='grc' dir='ltr'>ἑαυτοῦ</span> <span class='ocrx_word' id='word_1_277' title='bbox 333 1103 483 1136; x_wconf 64' lang='grc' dir='ltr'>γρισῖούς.</span> 
     </span>
    </p>
   </div>
   <div class='ocr_carea' id='block_1_39' title="bbox 212 1157 967 1193">
    <p class='ocr_par' dir='ltr' id='par_1_39' title="bbox 212 1157 967 1193">
     <span class='ocr_line' id='line_1_39' title="bbox 212 1157 967 1193; baseline 0.003 -9"><span class='ocrx_word' id='word_1_278' title='bbox 212 1167 221 1183; x_wconf 80' lang='grc' dir='ltr'><strong>ι</strong></span> <span class='ocrx_word' id='word_1_279' title='bbox 247 1157 373 1193; x_wconf 75' lang='grc' dir='ltr'>Ἐξῆλθες</span> <span class='ocrx_word' id='word_1_280' title='bbox 386 1158 426 1189; x_wconf 84' lang='grc' dir='ltr'>εἰς</span> <span class='ocrx_word' id='word_1_281' title='bbox 439 1158 575 1193; x_wconf 76' lang='grc' dir='ltr'>σωτηρίαν</span> <span class='ocrx_word' id='word_1_282' title='bbox 590 1157 655 1184; x_wconf 76' lang='grc' dir='ltr'>λαοῦ</span> <span class='ocrx_word' id='word_1_283' title='bbox 672 1167 729 1191; x_wconf 90' lang='grc' dir='ltr'>σου,</span> <span class='ocrx_word' id='word_1_284' title='bbox 743 1159 788 1185; x_wconf 85' lang='grc' dir='ltr'><strong>τοῦ</strong></span> <span class='ocrx_word' id='word_1_285' title='bbox 806 1159 890 1186; x_wconf 82' lang='grc' dir='ltr'>σῶσαι</span> <span class='ocrx_word' id='word_1_286' title='bbox 905 1160 967 1191; x_wconf 79' lang='grc' dir='ltr'>τοὺς</span> 
     </span>
    </p>
   </div>
   <div class='ocr_carea' id='block_1_40' title="bbox 172 1203 964 1239">
    <p class='ocr_par' dir='ltr' id='par_1_40' title="bbox 172 1203 964 1239">
     <span class='ocr_line' id='line_1_40' title="bbox 172 1203 964 1239; baseline 0 -10"><span class='ocrx_word' id='word_1_287' title='bbox 172 1203 302 1239; x_wconf 78' lang='grc' dir='ltr'>χριστούς</span> <span class='ocrx_word' id='word_1_288' title='bbox 314 1212 374 1229; x_wconf 86' lang='grc' dir='ltr'>σου·</span> <span class='ocrx_word' id='word_1_289' title='bbox 392 1203 486 1234; x_wconf 75' lang='grc' dir='ltr'>ἔϐαλες</span> <span class='ocrx_word' id='word_1_290' title='bbox 501 1204 540 1234; x_wconf 84' lang='grc' dir='ltr'>εἰς</span> <span class='ocrx_word' id='word_1_291' title='bbox 555 1203 675 1237; x_wconf 72' lang='grc' dir='ltr'>κεφαλὰς</span> <span class='ocrx_word' id='word_1_292' title='bbox 690 1204 797 1239; x_wconf 80' lang='grc' dir='ltr'>ἀνόμων</span> <span class='ocrx_word' id='word_1_293' title='bbox 812 1205 934 1231; x_wconf 75' lang='grc' dir='ltr'>θάνατον.</span> <span class='ocrx_word' id='word_1_294' title='bbox 956 1214 964 1229; x_wconf 75' lang='grc' dir='ltr'><strong>ι</strong></span> 
     </span>
    </p>
   </div>
   <div class='ocr_carea' id='block_1_41' title="bbox 179 1249 969 1286">
    <p class='ocr_par' dir='ltr' id='par_1_41' title="bbox 179 1249 969 1286">
     <span class='ocr_line' id='line_1_41' title="bbox 179 1249 969 1286; baseline 0 -10"><span class='ocrx_word' id='word_1_295' title='bbox 179 1250 295 1282; x_wconf 80' lang='grc' dir='ltr'>Ἀκύλας</span> <span class='ocrx_word' id='word_1_296' title='bbox 320 1260 328 1275; x_wconf 84' lang='grc' dir='ltr'><strong>ι</strong></span> <span class='ocrx_word' id='word_1_297' title='bbox 355 1250 481 1285; x_wconf 76' lang='grc' dir='ltr'>Ἐξῆλθες</span> <span class='ocrx_word' id='word_1_298' title='bbox 496 1250 535 1281; x_wconf 83' lang='grc' dir='ltr'><strong>εἰς</strong></span> <span class='ocrx_word' id='word_1_299' title='bbox 560 1250 695 1286; x_wconf 65' lang='grc' dir='ltr'>σωτηρίαν</span> <span class='ocrx_word' id='word_1_300' title='bbox 714 1249 777 1276; x_wconf 81' lang='grc' dir='ltr'>λαοῦ</span> <span class='ocrx_word' id='word_1_301' title='bbox 797 1259 853 1281; x_wconf 81' lang='grc' dir='ltr'>σου,</span> <span class='ocrx_word' id='word_1_302' title='bbox 867 1252 906 1281; x_wconf 82' lang='grc' dir='ltr'>εἰς</span> <span class='ocrx_word' id='word_1_303' title='bbox 918 1259 969 1276; x_wconf 60' lang='lat' dir='ltr'><strong>sui~</strong></span> 
     </span>
    </p>
   </div>
   <div class='ocr_carea' id='block_1_42' title="bbox 172 1296 968 1332">
    <p class='ocr_par' dir='ltr' id='par_1_42' title="bbox 172 1296 968 1332">
     <span class='ocr_line' id='line_1_42' title="bbox 172 1296 968 1332; baseline 0.001 -10"><span class='ocrx_word' id='word_1_304' title='bbox 172 1297 272 1332; x_wconf 80' lang='grc' dir='ltr'>τηρίαν</span> <span class='ocrx_word' id='word_1_305' title='bbox 287 1296 352 1323; x_wconf 73' lang='grc' dir='ltr'>λαοῦ</span> <span class='ocrx_word' id='word_1_306' title='bbox 371 1305 417 1323; x_wconf 90' lang='grc' dir='ltr'><strong>σου</strong></span> <span class='ocrx_word' id='word_1_307' title='bbox 436 1297 483 1323; x_wconf 80' lang='grc' dir='ltr'><strong>σὺν</strong></span> <span class='ocrx_word' id='word_1_308' title='bbox 498 1297 609 1332; x_wconf 79' lang='grc' dir='ltr'>Χριστῷ</span> <span class='ocrx_word' id='word_1_309' title='bbox 626 1305 682 1323; x_wconf 83' lang='grc' dir='ltr'>σου.</span> <span class='ocrx_word' id='word_1_310' title='bbox 701 1307 710 1322; x_wconf 72' lang='grc' dir='ltr'><strong>ι</strong></span> <span class='ocrx_word' id='word_1_311' title='bbox 735 1297 842 1332; x_wconf 79' lang='grc' dir='ltr'>Ἐπειδὴ</span> <span class='ocrx_word' id='word_1_312' title='bbox 860 1299 873 1322; x_wconf 76' lang='grc' dir='ltr'><strong>ὁ</strong></span> <span class='ocrx_word' id='word_1_313' title='bbox 890 1298 968 1323; x_wconf 80' lang='grc' dir='ltr'><strong>Ἀκύ-</strong></span> 
     </span>
    </p>
   </div>
   <div class='ocr_carea' id='block_1_43' title="bbox 172 1342 968 1378">
    <p class='ocr_par' dir='ltr' id='par_1_43' title="bbox 172 1342 968 1378">
     <span class='ocr_line' id='line_1_43' title="bbox 172 1342 968 1378; baseline 0 -9"><span class='ocrx_word' id='word_1_314' title='bbox 172 1342 224 1374; x_wconf 85' lang='grc' dir='ltr'><strong>λας</strong></span> <span class='ocrx_word' id='word_1_315' title='bbox 240 1343 302 1370; x_wconf 68' lang='grc' dir='ltr'>ἀντὶ</span> <span class='ocrx_word' id='word_1_316' title='bbox 316 1342 363 1368; x_wconf 85' lang='grc' dir='ltr'><strong>τοῦ</strong></span> <span class='ocrx_word' id='word_1_317' title='bbox 378 1342 558 1378; x_wconf 72' lang='grc' dir='ltr'>πληθυντικοῦ</span> <span class='ocrx_word' id='word_1_318' title='bbox 577 1342 672 1374; x_wconf 78' lang='grc' dir='ltr'>ἑνικῶς</span> <span class='ocrx_word' id='word_1_319' title='bbox 694 1343 819 1375; x_wconf 75' lang='grc' dir='ltr'>ἐξέδωκε,</span> <span class='ocrx_word' id='word_1_320' title='bbox 837 1344 884 1369; x_wconf 70' lang='grc' dir='ltr'><strong>σὺν</strong></span> <span class='ocrx_word' id='word_1_321' title='bbox 901 1344 968 1378; x_wconf 86' lang='grc' dir='ltr'>Χρι-</span> 
     </span>
    </p>
   </div>
   <div class='ocr_carea' id='block_1_44' title="bbox 172 1387 969 1424">
    <p class='ocr_par' dir='ltr' id='par_1_44' title="bbox 172 1387 969 1424">
     <span class='ocr_line' id='line_1_44' title="bbox 172 1387 969 1424; baseline 0.003 -10"><span class='ocrx_word' id='word_1_322' title='bbox 172 1388 230 1424; x_wconf 86' lang='grc' dir='ltr'>στῷ</span> <span class='ocrx_word' id='word_1_323' title='bbox 262 1389 360 1423; x_wconf 68' lang='grc' dir='ltr'>φήσας,</span> <span class='ocrx_word' id='word_1_324' title='bbox 380 1388 429 1423; x_wconf 80' lang='grc' dir='ltr'>τὴν</span> <span class='ocrx_word' id='word_1_325' title='bbox 448 1389 584 1424; x_wconf 76' lang='grc' dir='ltr'>σωτηρίαν</span> <span class='ocrx_word' id='word_1_326' title='bbox 599 1388 637 1423; x_wconf 79' lang='grc' dir='ltr'>τῷ</span> <span class='ocrx_word' id='word_1_327' title='bbox 661 1387 717 1423; x_wconf 70' lang='grc' dir='ltr'>λιτῷ</span> <span class='ocrx_word' id='word_1_328' title='bbox 735 1389 899 1424; x_wconf 73' lang='grc' dir='ltr'>πεποιῆσθαι</span> <span class='ocrx_word' id='word_1_329' title='bbox 924 1390 969 1416; x_wconf 72' lang='grc' dir='ltr'>τὸν</span> 
     </span>
    </p>
   </div>
   <div class='ocr_carea' id='block_1_45' title="bbox 173 1434 971 1470">
    <p class='ocr_par' dir='ltr' id='par_1_45' title="bbox 173 1434 971 1470">
     <span class='ocr_line' id='line_1_45' title="bbox 173 1434 971 1470; baseline 0.004 -10"><span class='ocrx_word' id='word_1_330' title='bbox 173 1434 228 1460; x_wconf 77' lang='grc' dir='ltr'>τῶν</span> <span class='ocrx_word' id='word_1_331' title='bbox 240 1434 308 1461; x_wconf 74' lang='grc' dir='ltr'>ὅλων</span> <span class='ocrx_word' id='word_1_332' title='bbox 322 1434 386 1461; x_wconf 82' lang='grc' dir='ltr'>Θεόν</span> <span class='ocrx_word' id='word_1_333' title='bbox 397 1443 403 1449; x_wconf 70' lang='grc'><strong>⁸</strong></span> <span class='ocrx_word' id='word_1_334' title='bbox 421 1434 531 1466; x_wconf 80' lang='grc' dir='ltr'>εἰκότως</span> <span class='ocrx_word' id='word_1_335' title='bbox 556 1435 731 1470; x_wconf 73' lang='grc' dir='ltr'>παρεθέμεθα</span> <span class='ocrx_word' id='word_1_336' title='bbox 755 1435 802 1470; x_wconf 84' lang='grc' dir='ltr'><strong>τὴν</strong></span> <span class='ocrx_word' id='word_1_337' title='bbox 827 1435 910 1469; x_wconf 73' lang='grc' dir='ltr'>λέξιν,</span> <span class='ocrx_word' id='word_1_338' title='bbox 924 1445 971 1463; x_wconf 81' lang='grc' dir='ltr'>σα-</span> 
     </span>
    </p>
   </div>
   <div class='ocr_carea' id='block_1_46' title="bbox 174 1479 970 1517">
    <p class='ocr_par' dir='ltr' id='par_1_46' title="bbox 174 1479 970 1517">
     <span class='ocr_line' id='line_1_46' title="bbox 174 1479 970 1517; baseline 0.003 -11"><span class='ocrx_word' id='word_1_339' title='bbox 174 1480 233 1515; x_wconf 67' lang='grc' dir='ltr'><strong>φῶς</strong></span> <span class='ocrx_word' id='word_1_340' title='bbox 248 1480 286 1516; x_wconf 84' lang='grc' dir='ltr'>τῷ</span> <span class='ocrx_word' id='word_1_341' title='bbox 304 1480 475 1516; x_wconf 69' lang='grc' dir='ltr'>προὸλήματι</span> <span class='ocrx_word' id='word_1_342' title='bbox 499 1482 714 1517; x_wconf 77' lang='grc' dir='ltr'>παρισταμένην.</span> <span class='ocrx_word' id='word_1_343' title='bbox 734 1479 796 1508; x_wconf 79' lang='grc' dir='ltr'>Εἶεν</span> <span class='ocrx_word' id='word_1_344' title='bbox 808 1482 837 1508; x_wconf 77' lang='grc' dir='ltr'><strong>δὲ</strong></span> <span class='ocrx_word' id='word_1_345' title='bbox 852 1482 884 1508; x_wconf 80' lang='grc' dir='ltr'><strong>ἂν</strong></span> <span class='ocrx_word' id='word_1_346' title='bbox 901 1483 970 1509; x_wconf 75' lang='grc' dir='ltr'>κατὰ</span> 
     </span>
    </p>
   </div>
   <div class='ocr_carea' id='block_1_47' title="bbox 174 1528 970 1564">
    <p class='ocr_par' dir='ltr' id='par_1_47' title="bbox 174 1528 970 1564">
     <span class='ocr_line' id='line_1_47' title="bbox 174 1528 970 1564; baseline 0 -9"><span class='ocrx_word' id='word_1_347' title='bbox 174 1528 224 1563; x_wconf 74' lang='grc' dir='ltr'><strong>τὴν</strong></span> <span class='ocrx_word' id='word_1_348' title='bbox 235 1528 290 1555; x_wconf 81' lang='grc' dir='ltr'>τῶν</span> <span class='ocrx_word' id='word_1_349' title='bbox 303 1528 503 1564; x_wconf 64' lang='grc' dir='ltr'>Ἐὅδομήκοντα</span> <span class='ocrx_word' id='word_1_350' title='bbox 517 1529 663 1564; x_wconf 76' lang='grc' dir='ltr'>ἑρμηνείαν</span> <span class='ocrx_word' id='word_1_351' title='bbox 681 1529 789 1560; x_wconf 85' lang='grc' dir='ltr'>πλείους</span> <span class='ocrx_word' id='word_1_352' title='bbox 804 1530 827 1555; x_wconf 87' lang='grc' dir='ltr'>οἰ</span> <span class='ocrx_word' id='word_1_353' title='bbox 844 1529 872 1562; x_wconf 71' lang='grc' dir='ltr'><strong>ἐξ</strong></span> <span class='ocrx_word' id='word_1_354' title='bbox 888 1529 970 1555; x_wconf 83' lang='grc' dir='ltr'>αὑτοῦ</span> 
     </span>
    </p>
   </div>
   <div class='ocr_carea' id='block_1_48' title="bbox 1019 1032 1812 1066">
    <p class='ocr_par' dir='ltr' id='par_1_48' title="bbox 1019 1032 1812 1066">
     <span class='ocr_line' id='line_1_48' title="bbox 1019 1032 1812 1066; baseline -0.01 0"><span class='ocrx_word' id='word_1_355' title='bbox 1019 1040 1057 1066; x_wconf 77' lang='lat' dir='ltr'><strong><em>Ab</em></strong></span> <span class='ocrx_word' id='word_1_356' title='bbox 1075 1039 1230 1066; x_wconf 86' lang='lat' dir='ltr'><strong>Ambacum.</strong></span> <span class='ocrx_word' id='word_1_357' title='bbox 1242 1052 1276 1056; x_wconf 91' lang='lat'><strong>——</strong></span> <span class='ocrx_word' id='word_1_358' title='bbox 1289 1037 1408 1064; x_wconf 74' lang='lat' dir='ltr'><strong>Christus</strong></span> <span class='ocrx_word' id='word_1_359' title='bbox 1419 1036 1575 1063; x_wconf 79' lang='lat' dir='ltr'><strong>nominatim</strong></span> <span class='ocrx_word' id='word_1_360' title='bbox 1586 1043 1600 1060; x_wconf 79' lang='grc' dir='ltr'><em>η</em></span> <span class='ocrx_word' id='word_1_361' title='bbox 1609 1034 1721 1061; x_wconf 79' lang='lat' dir='ltr'><strong>Domino</strong></span> <span class='ocrx_word' id='word_1_362' title='bbox 1733 1032 1812 1059; x_wconf 76' lang='lat' dir='ltr'><strong>Palre</strong></span> 
     </span>
    </p>
   </div>
   <div class='ocr_carea' id='block_1_49' title="bbox 1170 1072 1660 1105">
    <p class='ocr_par' dir='ltr' id='par_1_49' title="bbox 1170 1072 1660 1105">
     <span class='ocr_line' id='line_1_49' title="bbox 1170 1072 1660 1105; baseline -0.012 -4"><span class='ocrx_word' id='word_1_363' title='bbox 1170 1078 1301 1105; x_wconf 78' lang='lat' dir='ltr'><strong>servntur,</strong></span> <span class='ocrx_word' id='word_1_364' title='bbox 1318 1078 1342 1099; x_wconf 75' lang='lat' dir='ltr'><strong>et</strong></span> <span class='ocrx_word' id='word_1_365' title='bbox 1358 1072 1470 1099; x_wconf 80' lang='lat' dir='ltr'><strong>clm&#39;stos</strong></span> <span class='ocrx_word' id='word_1_366' title='bbox 1485 1079 1547 1098; x_wconf 84' lang='lat' dir='ltr'><strong>suos</strong></span> <span class='ocrx_word' id='word_1_367' title='bbox 1564 1075 1660 1097; x_wconf 73' lang='lat' dir='ltr'><strong>servat.</strong></span> 
     </span>
    </p>
   </div>
   <div class='ocr_carea' id='block_1_50' title="bbox 1059 1158 1804 1198">
    <p class='ocr_par' dir='ltr' id='par_1_50' title="bbox 1059 1158 1804 1198">
     <span class='ocr_line' id='line_1_50' title="bbox 1059 1158 1804 1198; baseline -0.007 -10"><span class='ocrx_word' id='word_1_368' title='bbox 1059 1173 1067 1188; x_wconf 78' lang='grc' dir='ltr'><strong>ι</strong></span> <span class='ocrx_word' id='word_1_369' title='bbox 1088 1162 1222 1198; x_wconf 79' lang='lat' dir='ltr'><strong>Egressus</strong></span> <span class='ocrx_word' id='word_1_370' title='bbox 1238 1170 1267 1189; x_wconf 92' lang='lat' dir='ltr'><strong>es</strong></span> <span class='ocrx_word' id='word_1_371' title='bbox 1284 1161 1310 1188; x_wconf 95' lang='lat' dir='ltr'><strong>in</strong></span> <span class='ocrx_word' id='word_1_372' title='bbox 1324 1161 1440 1189; x_wconf 82' lang='lat' dir='ltr'><strong>salutem</strong></span> <span class='ocrx_word' id='word_1_373' title='bbox 1455 1159 1548 1195; x_wconf 89' lang='lat' dir='ltr'><strong>populi</strong></span> <span class='ocrx_word' id='word_1_374' title='bbox 1568 1158 1618 1191; x_wconf 90' lang='lat' dir='ltr'><strong>tui,</strong></span> <span class='ocrx_word' id='word_1_375' title='bbox 1635 1161 1664 1184; x_wconf 93' lang='lat' dir='ltr'><strong>ut</strong></span> <span class='ocrx_word' id='word_1_376' title='bbox 1678 1164 1804 1185; x_wconf 85' lang='lat' dir='ltr'><strong>scrvares</strong></span> 
     </span>
    </p>
   </div>
   <div class='ocr_carea' id='block_1_51' title="bbox 1020 1203 1809 1243">
    <p class='ocr_par' dir='ltr' id='par_1_51' title="bbox 1020 1203 1809 1243">
     <span class='ocr_line' id='line_1_51' title="bbox 1020 1203 1809 1243; baseline -0.013 -6"><span class='ocrx_word' id='word_1_377' title='bbox 1020 1210 1139 1237; x_wconf 82' lang='lat' dir='ltr'><strong>christos</strong></span> <span class='ocrx_word' id='word_1_378' title='bbox 1146 1213 1208 1236; x_wconf 90' lang='lat' dir='ltr'><strong>tuos</strong></span> <span class='ocrx_word' id='word_1_379' title='bbox 1219 1208 1323 1243; x_wconf 87' lang='lat' dir='ltr'><strong>:jecisti</strong></span> <span class='ocrx_word' id='word_1_380' title='bbox 1334 1209 1360 1234; x_wconf 93' lang='lat' dir='ltr'><strong>in</strong></span> <span class='ocrx_word' id='word_1_381' title='bbox 1368 1207 1457 1242; x_wconf 84' lang='lat' dir='ltr'><strong>capita</strong></span> <span class='ocrx_word' id='word_1_382' title='bbox 1465 1206 1621 1240; x_wconf 90' lang='lat' dir='ltr'><strong>iniquorum</strong></span> <span class='ocrx_word' id='word_1_383' title='bbox 1634 1207 1749 1230; x_wconf 88' lang='lat' dir='ltr'><strong>mortem</strong></span> <span class='ocrx_word' id='word_1_384' title='bbox 1758 1203 1791 1227; x_wconf 82' lang='lat'><strong>“.</strong></span> <span class='ocrx_word' id='word_1_385' title='bbox 1800 1211 1809 1227; x_wconf 70' lang='grc' dir='ltr'><strong>ι</strong></span> 
     </span>
    </p>
   </div>
   <div class='ocr_carea' id='block_1_52' title="bbox 1019 1249 1813 1292">
    <p class='ocr_par' dir='ltr' id='par_1_52' title="bbox 1019 1249 1813 1292">
     <span class='ocr_line' id='line_1_52' title="bbox 1019 1249 1813 1292; baseline -0.01 -9"><span class='ocrx_word' id='word_1_386' title='bbox 1019 1257 1116 1292; x_wconf 84' lang='lat' dir='ltr'><strong>Aquila</strong></span> <span class='ocrx_word' id='word_1_387' title='bbox 1127 1266 1149 1282; x_wconf 76' lang='grc' dir='ltr'><strong>ει</strong></span> <span class='ocrx_word' id='word_1_388' title='bbox 1160 1255 1291 1290; x_wconf 78' lang='lat' dir='ltr'><strong>Egressus</strong></span> <span class='ocrx_word' id='word_1_389' title='bbox 1301 1262 1329 1281; x_wconf 89' lang='lat' dir='ltr'><strong>es</strong></span> <span class='ocrx_word' id='word_1_390' title='bbox 1338 1254 1364 1280; x_wconf 91' lang='lat' dir='ltr'><strong>in</strong></span> <span class='ocrx_word' id='word_1_391' title='bbox 1377 1254 1491 1281; x_wconf 83' lang='lat' dir='ltr'><strong>salutem</strong></span> <span class='ocrx_word' id='word_1_392' title='bbox 1501 1250 1651 1287; x_wconf 89' lang='lat' dir='ltr'><strong>populitui,</strong></span> <span class='ocrx_word' id='word_1_393' title='bbox 1662 1250 1688 1276; x_wconf 95' lang='lat' dir='ltr'><strong>in</strong></span> <span class='ocrx_word' id='word_1_394' title='bbox 1698 1249 1813 1276; x_wconf 78' lang='lat' dir='ltr'><strong>salutem</strong></span> 
     </span>
    </p>
   </div>
   <div class='ocr_carea' id='block_1_53' title="bbox 1020 1293 1815 1332">
    <p class='ocr_par' dir='ltr' id='par_1_53' title="bbox 1020 1293 1815 1332">
     <span class='ocr_line' id='line_1_53' title="bbox 1020 1293 1815 1332; baseline -0.011 -2"><span class='ocrx_word' id='word_1_395' title='bbox 1020 1308 1093 1330; x_wconf 88' lang='lat' dir='ltr'><strong>tuam</strong></span> <span class='ocrx_word' id='word_1_396' title='bbox 1103 1310 1163 1329; x_wconf 87' lang='lat' dir='ltr'><strong>cum</strong></span> <span class='ocrx_word' id='word_1_397' title='bbox 1174 1302 1281 1329; x_wconf 85' lang='lat' dir='ltr'><strong>Christo</strong></span> <span class='ocrx_word' id='word_1_398' title='bbox 1290 1305 1348 1329; x_wconf 87' lang='lat' dir='ltr'><strong>tuo.</strong></span> <span class='ocrx_word' id='word_1_399' title='bbox 1356 1299 1503 1332; x_wconf 70' lang='lat' dir='ltr'><strong>iQuoniam</strong></span> <span class='ocrx_word' id='word_1_400' title='bbox 1515 1297 1610 1332; x_wconf 79' lang='lat' dir='ltr'><strong>Aquila</strong></span> <span class='ocrx_word' id='word_1_401' title='bbox 1621 1297 1646 1323; x_wconf 91' lang='lat' dir='ltr'><strong>in</strong></span> <span class='ocrx_word' id='word_1_402' title='bbox 1655 1295 1751 1331; x_wconf 84' lang='lat' dir='ltr'><strong>plurali</strong></span> <span class='ocrx_word' id='word_1_403' title='bbox 1760 1293 1815 1325; x_wconf 81' lang='lat' dir='ltr'><strong>edi-</strong></span> 
     </span>
    </p>
   </div>
   <div class='ocr_carea' id='block_1_54' title="bbox 1020 1341 1813 1383">
    <p class='ocr_par' dir='ltr' id='par_1_54' title="bbox 1020 1341 1813 1383">
     <span class='ocr_line' id='line_1_54' title="bbox 1020 1341 1813 1383; baseline -0.013 -7"><span class='ocrx_word' id='word_1_404' title='bbox 1020 1351 1059 1377; x_wconf 88' lang='lat' dir='ltr'><strong>dit</strong></span> <span class='ocrx_word' id='word_1_405' title='bbox 1070 1349 1208 1383; x_wconf 76' lang='lat' dir='ltr'><strong>singulare</strong></span> <span class='ocrx_word' id='word_1_406' title='bbox 1216 1348 1325 1382; x_wconf 82' lang='lat' dir='ltr'><strong>quippe.</strong></span> <span class='ocrx_word' id='word_1_407' title='bbox 1335 1346 1381 1380; x_wconf 91' lang='lat' dir='ltr'><strong>qui</strong></span> <span class='ocrx_word' id='word_1_408' title='bbox 1396 1353 1457 1372; x_wconf 87' lang='lat' dir='ltr'><strong>cum</strong></span> <span class='ocrx_word' id='word_1_409' title='bbox 1468 1345 1577 1371; x_wconf 88' lang='lat' dir='ltr'><strong>Christo</strong></span> <span class='ocrx_word' id='word_1_410' title='bbox 1586 1343 1684 1370; x_wconf 83' lang='lat' dir='ltr'><strong>dixerit</strong></span> <span class='ocrx_word' id='word_1_411' title='bbox 1699 1341 1813 1368; x_wconf 87' lang='lat' dir='ltr'><strong>salutem</strong></span> 
     </span>
    </p>
   </div>
   <div class='ocr_carea' id='block_1_55' title="bbox 1021 1388 1812 1431">
    <p class='ocr_par' dir='ltr' id='par_1_55' title="bbox 1021 1388 1812 1431">
     <span class='ocr_line' id='line_1_55' title="bbox 1021 1388 1812 1431; baseline -0.011 -9"><span class='ocrx_word' id='word_1_412' title='bbox 1021 1396 1120 1431; x_wconf 86' lang='lat' dir='ltr'><strong>populo</strong></span> <span class='ocrx_word' id='word_1_413' title='bbox 1133 1395 1231 1422; x_wconf 79' lang='lat' dir='ltr'><strong>fecisse</strong></span> <span class='ocrx_word' id='word_1_414' title='bbox 1244 1393 1327 1420; x_wconf 80' lang='lat' dir='ltr'><strong>Deum</strong></span> <span class='ocrx_word' id='word_1_415' title='bbox 1346 1392 1477 1423; x_wconf 83' lang='lat' dir='ltr'><strong>universi,</strong></span> <span class='ocrx_word' id='word_1_416' title='bbox 1497 1391 1559 1425; x_wconf 86' lang='lat' dir='ltr'><strong>jure</strong></span> <span class='ocrx_word' id='word_1_417' title='bbox 1577 1390 1636 1425; x_wconf 88' lang='lat' dir='ltr'><strong>ipsa</strong></span> <span class='ocrx_word' id='word_1_418' title='bbox 1652 1388 1733 1416; x_wconf 84' lang='lat' dir='ltr'><strong>verba</strong></span> <span class='ocrx_word' id='word_1_419' title='bbox 1763 1394 1812 1421; x_wconf 86' lang='lat' dir='ltr'><strong>ap-</strong></span> 
     </span>
    </p>
   </div>
   <div class='ocr_carea' id='block_1_56' title="bbox 1022 1436 1813 1478">
    <p class='ocr_par' dir='ltr' id='par_1_56' title="bbox 1022 1436 1813 1478">
     <span class='ocr_line' id='line_1_56' title="bbox 1022 1436 1813 1478; baseline -0.011 -9"><span class='ocrx_word' id='word_1_420' title='bbox 1022 1443 1176 1478; x_wconf 83' lang='lat' dir='ltr'><strong>posuimns,</strong></span> <span class='ocrx_word' id='word_1_421' title='bbox 1191 1449 1251 1476; x_wconf 71' lang='lat' dir='ltr'><strong>quae</strong></span> <span class='ocrx_word' id='word_1_422' title='bbox 1261 1440 1415 1475; x_wconf 86' lang='lat' dir='ltr'><strong>perspicue,</strong></span> <span class='ocrx_word' id='word_1_423' title='bbox 1431 1438 1503 1473; x_wconf 87' lang='lat' dir='ltr'><strong>quod</strong></span> <span class='ocrx_word' id='word_1_424' title='bbox 1515 1438 1559 1464; x_wconf 89' lang='lat' dir='ltr'><strong>hic</strong></span> <span class='ocrx_word' id='word_1_425' title='bbox 1576 1436 1746 1471; x_wconf 87' lang='lat' dir='ltr'><strong>propositum</strong></span> <span class='ocrx_word' id='word_1_426' title='bbox 1761 1440 1813 1465; x_wconf 82' lang='lat' dir='ltr'><strong>est,</strong></span> 
     </span>
    </p>
   </div>
   <div class='ocr_carea' id='block_1_57' title="bbox 1023 1482 1815 1518">
    <p class='ocr_par' dir='ltr' id='par_1_57' title="bbox 1023 1482 1815 1518">
     <span class='ocr_line' id='line_1_57' title="bbox 1023 1482 1815 1518; baseline -0.011 -3"><span class='ocrx_word' id='word_1_427' title='bbox 1023 1493 1143 1516; x_wconf 86' lang='lat' dir='ltr'><strong>tuentur.</strong></span> <span class='ocrx_word' id='word_1_428' title='bbox 1160 1487 1248 1513; x_wconf 85' lang='lat' dir='ltr'><strong>Erunt</strong></span> <span class='ocrx_word' id='word_1_429' title='bbox 1265 1490 1356 1513; x_wconf 89' lang='lat' dir='ltr'><strong>autem</strong></span> <span class='ocrx_word' id='word_1_430' title='bbox 1393 1493 1425 1512; x_wconf 79' lang='lat' dir='ltr'><strong>ex</strong></span> <span class='ocrx_word' id='word_1_431' title='bbox 1443 1484 1667 1518; x_wconf 84' lang='lat' dir='ltr'><strong>interpretatione</strong></span> <span class='ocrx_word' id='word_1_432' title='bbox 1692 1482 1815 1516; x_wconf 88' lang='lat' dir='ltr'><strong>ipsorum</strong></span> 
     </span>
    </p>
   </div>
   <div class='ocr_carea' id='block_1_58' title="bbox 1023 1526 1815 1568">
    <p class='ocr_par' dir='ltr' id='par_1_58' title="bbox 1023 1526 1815 1568">
     <span class='ocr_line' id='line_1_58' title="bbox 1023 1526 1815 1568; baseline -0.011 -8"><span class='ocrx_word' id='word_1_433' title='bbox 1023 1533 1094 1560; x_wconf 69' lang='lat' dir='ltr'><strong>LXX</strong></span> <span class='ocrx_word' id='word_1_434' title='bbox 1112 1533 1205 1568; x_wconf 85' lang='lat' dir='ltr'><strong>plures</strong></span> <span class='ocrx_word' id='word_1_435' title='bbox 1218 1532 1252 1558; x_wconf 85' lang='lat' dir='ltr'><strong>ab</strong></span> <span class='ocrx_word' id='word_1_436' title='bbox 1268 1531 1314 1558; x_wconf 89' lang='lat' dir='ltr'><strong>illo</strong></span> <span class='ocrx_word' id='word_1_437' title='bbox 1331 1534 1358 1557; x_wconf 88' lang='lat' dir='ltr'><strong>et</strong></span> <span class='ocrx_word' id='word_1_438' title='bbox 1372 1538 1421 1565; x_wconf 90' lang='lat' dir='ltr'><strong>per</strong></span> <span class='ocrx_word' id='word_1_439' title='bbox 1437 1530 1526 1561; x_wconf 87' lang='lat' dir='ltr'><strong>illum,</strong></span> <span class='ocrx_word' id='word_1_440' title='bbox 1540 1528 1586 1563; x_wconf 92' lang='lat' dir='ltr'><strong>qui</strong></span> <span class='ocrx_word' id='word_1_441' title='bbox 1603 1528 1700 1554; x_wconf 89' lang='lat' dir='ltr'><strong>christt</strong></span> <span class='ocrx_word' id='word_1_442' title='bbox 1722 1526 1815 1561; x_wconf 83' lang='lat' dir='ltr'><strong>appel-</strong></span> 
     </span>
    </p>
   </div>
   <div class='ocr_carea' id='block_1_59' title="bbox 174 1573 970 1612">
    <p class='ocr_par' dir='ltr' id='par_1_59' title="bbox 174 1573 970 1611">
     <span class='ocr_line' id='line_1_59' title="bbox 174 1573 970 1611; baseline 0.001 -10"><span class='ocrx_word' id='word_1_443' title='bbox 174 1576 223 1601; x_wconf 74' lang='grc' dir='ltr'><strong>καὶ</strong></span> <span class='ocrx_word' id='word_1_444' title='bbox 238 1576 272 1601; x_wconf 76' lang='grc' dir='ltr'>δι’</span> <span class='ocrx_word' id='word_1_445' title='bbox 286 1575 367 1602; x_wconf 84' lang='grc' dir='ltr'>αὺτὸν</span> <span class='ocrx_word' id='word_1_446' title='bbox 389 1576 495 1611; x_wconf 80' lang='grc' dir='ltr'>χριστοὶ</span> <span class='ocrx_word' id='word_1_447' title='bbox 516 1575 741 1611; x_wconf 77' lang='grc' dir='ltr'>χρηματίζοντες,</span> <span class='ocrx_word' id='word_1_448' title='bbox 760 1576 823 1611; x_wconf 79' lang='grc' dir='ltr'>περὶ</span> <span class='ocrx_word' id='word_1_449' title='bbox 844 1573 881 1602; x_wconf 84' lang='grc' dir='ltr'>ὧν</span> <span class='ocrx_word' id='word_1_450' title='bbox 897 1575 970 1611; x_wconf 78' lang='grc' dir='ltr'>εἴρη-</span> 
     </span>
    </p>
   </div>
   <div class='ocr_carea' id='block_1_60' title="bbox 1022 1573 1816 1612">
    <p class='ocr_par' dir='ltr' id='par_1_60' title="bbox 1025 1573 1816 1612">
     <span class='ocr_line' id='line_1_60' title="bbox 1025 1573 1816 1612; baseline -0.011 -6"><span class='ocrx_word' id='word_1_451' title='bbox 1025 1581 1126 1610; x_wconf 89' lang='lat' dir='ltr'><strong>lentur,</strong></span> <span class='ocrx_word' id='word_1_452' title='bbox 1157 1578 1190 1605; x_wconf 88' lang='lat' dir='ltr'><strong>de</strong></span> <span class='ocrx_word' id='word_1_453' title='bbox 1208 1578 1309 1612; x_wconf 82' lang='lat' dir='ltr'><strong>quibus</strong></span> <span class='ocrx_word' id='word_1_454' title='bbox 1336 1577 1437 1603; x_wconf 83' lang='lat' dir='ltr'><strong>dictum</strong></span> <span class='ocrx_word' id='word_1_455' title='bbox 1467 1579 1531 1602; x_wconf 87' lang='lat' dir='ltr'><strong>est:</strong></span> <span class='ocrx_word' id='word_1_456' title='bbox 1561 1583 1569 1599; x_wconf 85' lang='grc' dir='ltr'><strong>ι</strong></span> <span class='ocrx_word' id='word_1_457' title='bbox 1591 1573 1678 1600; x_wconf 85' lang='lat' dir='ltr'><strong>Nolite</strong></span> <span class='ocrx_word' id='word_1_458' title='bbox 1705 1576 1816 1606; x_wconf 80' lang='lat' dir='ltr'><strong>tangere</strong></span> 
     </span>
    </p>
   </div>
   <div class='ocr_carea' id='block_1_61' title="bbox 174 1620 972 1657">
    <p class='ocr_par' dir='ltr' id='par_1_61' title="bbox 174 1620 972 1657">
     <span class='ocr_line' id='line_1_61' title="bbox 174 1620 972 1657; baseline 0.001 -11"><span class='ocrx_word' id='word_1_459' title='bbox 174 1629 233 1647; x_wconf 69' lang='grc' dir='ltr'>ται·</span> <span class='ocrx_word' id='word_1_460' title='bbox 253 1630 262 1646; x_wconf 75' lang='grc' dir='ltr'><strong>ι</strong></span> <span class='ocrx_word' id='word_1_461' title='bbox 278 1621 323 1655; x_wconf 82' lang='grc' dir='ltr'><strong>Μὴ</strong></span> <span class='ocrx_word' id='word_1_462' title='bbox 335 1621 439 1656; x_wconf 65' lang='grc' dir='ltr'>ἆψησθε</span> <span class='ocrx_word' id='word_1_463' title='bbox 453 1620 507 1647; x_wconf 74' lang='grc' dir='ltr'>τῶν</span> <span class='ocrx_word' id='word_1_464' title='bbox 520 1621 637 1656; x_wconf 83' lang='grc' dir='ltr'>χριστῶν</span> <span class='ocrx_word' id='word_1_465' title='bbox 654 1630 715 1656; x_wconf 84' lang='grc' dir='ltr'>μου,</span> <span class='ocrx_word' id='word_1_466' title='bbox 731 1621 777 1647; x_wconf 68' lang='grc' dir='ltr'>καὶ</span> <span class='ocrx_word' id='word_1_467' title='bbox 790 1622 819 1647; x_wconf 74' lang='grc' dir='ltr'><strong>ἐν</strong></span> <span class='ocrx_word' id='word_1_468' title='bbox 833 1623 888 1653; x_wconf 85' lang='grc' dir='ltr'>τοῖς</span> <span class='ocrx_word' id='word_1_469' title='bbox 906 1630 972 1657; x_wconf 86' lang='grc' dir='ltr'>προ-</span> 
     </span>
    </p>
   </div>
   <div class='ocr_carea' id='block_1_62' title="bbox 175 1666 972 1702">
    <p class='ocr_par' dir='ltr' id='par_1_62' title="bbox 175 1666 972 1702">
     <span class='ocr_line' id='line_1_62' title="bbox 175 1666 972 1702; baseline -0.004 -8"><span class='ocrx_word' id='word_1_470' title='bbox 175 1668 275 1702; x_wconf 77' lang='grc' dir='ltr'>φήταις</span> <span class='ocrx_word' id='word_1_471' title='bbox 291 1676 341 1701; x_wconf 84' lang='grc' dir='ltr'><strong>μου</strong></span> <span class='ocrx_word' id='word_1_472' title='bbox 360 1666 397 1702; x_wconf 80' lang='grc' dir='ltr'><strong>μὴ</strong></span> <span class='ocrx_word' id='word_1_473' title='bbox 413 1667 604 1702; x_wconf 74' lang='grc' dir='ltr'>πονηρεύεσθε,</span> <span class='ocrx_word' id='word_1_474' title='bbox 628 1677 636 1691; x_wconf 74' lang='grc' dir='ltr'><strong>ι</strong></span> <span class='ocrx_word' id='word_1_475' title='bbox 652 1667 720 1692; x_wconf 77' lang='grc' dir='ltr'>οἵτε</span> <span class='ocrx_word' id='word_1_476' title='bbox 737 1667 776 1697; x_wconf 80' lang='grc' dir='ltr'>εἰς</span> <span class='ocrx_word' id='word_1_477' title='bbox 798 1666 881 1692; x_wconf 70' lang='grc' dir='ltr'>αὑτὸν</span> <span class='ocrx_word' id='word_1_478' title='bbox 893 1675 972 1692; x_wconf 80' lang='grc' dir='ltr'>πεπι-</span> 
     </span>
    </p>
   </div>
   <div class='ocr_carea' id='block_1_63' title="bbox 175 1712 973 1747">
    <p class='ocr_par' dir='ltr' id='par_1_63' title="bbox 175 1712 973 1747">
     <span class='ocr_line' id='line_1_63' title="bbox 175 1712 973 1747; baseline -0.003 -7"><span class='ocrx_word' id='word_1_479' title='bbox 175 1714 329 1745; x_wconf 68' lang='grc' dir='ltr'>στευκότες,</span> <span class='ocrx_word' id='word_1_480' title='bbox 345 1713 391 1739; x_wconf 78' lang='grc' dir='ltr'><strong>καὶ</strong></span> <span class='ocrx_word' id='word_1_481' title='bbox 404 1712 450 1739; x_wconf 80' lang='grc' dir='ltr'><strong>τοῦ</strong></span> <span class='ocrx_word' id='word_1_482' title='bbox 468 1713 545 1747; x_wconf 76' lang='grc' dir='ltr'>ἁγίου</span> <span class='ocrx_word' id='word_1_483' title='bbox 560 1713 608 1747; x_wconf 80' lang='grc' dir='ltr'>τῆς</span> <span class='ocrx_word' id='word_1_484' title='bbox 623 1713 651 1739; x_wconf 80' lang='grc' dir='ltr'><strong>ἐν</strong></span> <span class='ocrx_word' id='word_1_485' title='bbox 664 1713 701 1747; x_wconf 80' lang='grc' dir='ltr'><strong>τῷ</strong></span> <span class='ocrx_word' id='word_1_486' title='bbox 718 1712 827 1747; x_wconf 86' lang='grc' dir='ltr'>Χριστῴ</span> <span class='ocrx_word' id='word_1_487' title='bbox 847 1712 973 1746; x_wconf 80' lang='grc' dir='ltr'>παλιγγε-</span> 
     </span>
    </p>
   </div>
   <div class='ocr_carea' id='block_1_64' title="bbox 174 1759 973 1795">
    <p class='ocr_par' dir='ltr' id='par_1_64' title="bbox 174 1759 973 1795">
     <span class='ocr_line' id='line_1_64' title="bbox 174 1759 973 1795; baseline -0.003 -9"><span class='ocrx_word' id='word_1_488' title='bbox 174 1759 267 1791; x_wconf 69' lang='grc' dir='ltr'>νεσίας</span> <span class='ocrx_word' id='word_1_489' title='bbox 282 1759 433 1795; x_wconf 79' lang='grc' dir='ltr'>χρῖσματυς</span> <span class='ocrx_word' id='word_1_490' title='bbox 450 1759 657 1795; x_wconf 79' lang='grc' dir='ltr'>κατηξιωμένοι,</span> <span class='ocrx_word' id='word_1_491' title='bbox 671 1760 717 1786; x_wconf 80' lang='grc' dir='ltr'><strong>καὶ</strong></span> <span class='ocrx_word' id='word_1_492' title='bbox 728 1759 872 1794; x_wconf 65' lang='grc' dir='ltr'>δυνάμενοι</span> <span class='ocrx_word' id='word_1_493' title='bbox 883 1759 973 1792; x_wconf 82' lang='grc' dir='ltr'>λέγειν</span> 
     </span>
    </p>
   </div>
   <div class='ocr_carea' id='block_1_65' title="bbox 174 1804 972 1843">
    <p class='ocr_par' dir='ltr' id='par_1_65' title="bbox 174 1804 972 1843">
     <span class='ocr_line' id='line_1_65' title="bbox 174 1804 972 1843; baseline -0.003 -10"><span class='ocrx_word' id='word_1_494' title='bbox 174 1807 276 1843; x_wconf 75' lang='grc' dir='ltr'>ὁμοίως</span> <span class='ocrx_word' id='word_1_495' title='bbox 294 1805 334 1840; x_wconf 82' lang='grc' dir='ltr'><strong>τῷ</strong></span> <span class='ocrx_word' id='word_1_496' title='bbox 355 1806 420 1841; x_wconf 83' lang='grc' dir='ltr'>ἱερῷ</span> <span class='ocrx_word' id='word_1_497' title='bbox 437 1805 592 1840; x_wconf 85' lang='grc' dir='ltr'>ὰποστόλῳ·</span> <span class='ocrx_word' id='word_1_498' title='bbox 615 1814 624 1831; x_wconf 86' lang='grc'><strong>(</strong></span> <span class='ocrx_word' id='word_1_499' title='bbox 644 1805 760 1840; x_wconf 83' lang='grc' dir='ltr'>Μέτοχοι</span> <span class='ocrx_word' id='word_1_500' title='bbox 781 1805 827 1831; x_wconf 79' lang='grc' dir='ltr'><strong>τοῦ</strong></span> <span class='ocrx_word' id='word_1_501' title='bbox 854 1804 972 1840; x_wconf 76' lang='grc' dir='ltr'>Χριστοῦ</span> 
     </span>
    </p>
   </div>
   <div class='ocr_carea' id='block_1_66' title="bbox 175 1861 374 1888">
    <p class='ocr_par' dir='ltr' id='par_1_66' title="bbox 175 1861 374 1888">
     <span class='ocr_line' id='line_1_66' title="bbox 175 1861 374 1888; baseline -0.015 -8"><span class='ocrx_word' id='word_1_502' title='bbox 175 1861 340 1888; x_wconf 70' lang='grc' dir='ltr'>γεγοναμεν.</span> <span class='ocrx_word' id='word_1_503' title='bbox 365 1862 374 1878; x_wconf 83' lang='grc'><strong><em>›</em></strong></span> 
     </span>
    </p>
   </div>
   <div class='ocr_carea' id='block_1_67' title="bbox 182 1917 974 1955">
    <p class='ocr_par' dir='ltr' id='par_1_67' title="bbox 182 1917 974 1955">
     <span class='ocr_line' id='line_1_67' title="bbox 182 1917 974 1955; baseline -0.006 -6"><span class='ocrx_word' id='word_1_504' title='bbox 182 1921 250 1949; x_wconf 74' lang='grc' dir='ltr'><strong>Ἀπὸ</strong></span> <span class='ocrx_word' id='word_1_505' title='bbox 273 1921 333 1948; x_wconf 73' lang='grc' dir='ltr'><strong>τῶν</strong></span> <span class='ocrx_word' id='word_1_506' title='bbox 351 1920 488 1955; x_wconf 78' lang='grc' dir='ltr'>Ἰερεμίου</span> <span class='ocrx_word' id='word_1_507' title='bbox 506 1919 638 1954; x_wconf 76' lang='grc' dir='ltr'><strong>Θρήνων.</strong></span> <span class='ocrx_word' id='word_1_508' title='bbox 662 1934 698 1939; x_wconf 93' lang='grc'><strong><em>-</em></strong></span> <span class='ocrx_word' id='word_1_509' title='bbox 717 1917 846 1953; x_wconf 83' lang='grc' dir='ltr'>Χριστὸς</span> <span class='ocrx_word' id='word_1_510' title='bbox 865 1918 974 1955; x_wconf 61' lang='grc' dir='ltr'>ἀνομα-</span> 
     </span>
    </p>
   </div>
   <div class='ocr_carea' id='block_1_68' title="bbox 210 1953 975 1989">
    <p class='ocr_par' dir='ltr' id='par_1_68' title="bbox 210 1953 975 1989">
     <span class='ocr_line' id='line_1_68' title="bbox 210 1953 975 1989; baseline -0.004 -6"><span class='ocrx_word' id='word_1_511' title='bbox 210 1957 260 1983; x_wconf 80' lang='grc' dir='ltr'>στὶ</span> <span class='ocrx_word' id='word_1_512' title='bbox 281 1956 343 1983; x_wconf 82' lang='grc' dir='ltr'><strong>ὑπὸ</strong></span> <span class='ocrx_word' id='word_1_513' title='bbox 365 1953 513 1983; x_wconf 67' lang='grc' dir='ltr'>Ἰουδαίων</span> <span class='ocrx_word' id='word_1_514' title='bbox 527 1953 813 1989; x_wconf 63' lang='grc' dir='ltr'>ἐπιϐουλευόμενος,</span> <span class='ocrx_word' id='word_1_515' title='bbox 837 1953 887 1981; x_wconf 80' lang='grc' dir='ltr'>καί</span> <span class='ocrx_word' id='word_1_516' title='bbox 913 1953 975 1987; x_wconf 85' lang='grc' dir='ltr'>τοῖς</span> 
     </span>
    </p>
   </div>
   <div class='ocr_carea' id='block_1_69' title="bbox 210 1991 614 2026">
    <p class='ocr_par' dir='ltr' id='par_1_69' title="bbox 210 1991 614 2026">
     <span class='ocr_line' id='line_1_69' title="bbox 210 1991 614 2026; baseline -0.007 -7"><span class='ocrx_word' id='word_1_517' title='bbox 210 1993 315 2020; x_wconf 71' lang='grc' dir='ltr'>ἔθνεσι</span> <span class='ocrx_word' id='word_1_518' title='bbox 331 1991 379 2018; x_wconf 81' lang='grc' dir='ltr'><strong>ἐπι</strong></span> <span class='ocrx_word' id='word_1_519' title='bbox 384 1991 614 2026; x_wconf 77' lang='grc' dir='ltr'>γινωσκόμενος.</span> 
     </span>
    </p>
   </div>
   <div class='ocr_carea' id='block_1_70' title="bbox 213 2043 977 2081">
    <p class='ocr_par' dir='ltr' id='par_1_70' title="bbox 213 2043 977 2081">
     <span class='ocr_line' id='line_1_70' title="bbox 213 2043 977 2081; baseline -0.003 -9"><span class='ocrx_word' id='word_1_520' title='bbox 213 2057 222 2072; x_wconf 79' lang='grc' dir='ltr'><strong>ι</strong></span> <span class='ocrx_word' id='word_1_521' title='bbox 245 2045 360 2081; x_wconf 81' lang='grc' dir='ltr'>Πνεῦμα</span> <span class='ocrx_word' id='word_1_522' title='bbox 376 2043 522 2081; x_wconf 84' lang='grc' dir='ltr'>προσώπου</span> <span class='ocrx_word' id='word_1_523' title='bbox 545 2044 624 2081; x_wconf 81' lang='grc' dir='ltr'>ἡμῶν</span> <span class='ocrx_word' id='word_1_524' title='bbox 646 2043 765 2080; x_wconf 78' lang='grc' dir='ltr'>Χριστὸς</span> <span class='ocrx_word' id='word_1_525' title='bbox 789 2043 891 2080; x_wconf 85' lang='grc' dir='ltr'>Κύριος</span> <span class='ocrx_word' id='word_1_526' title='bbox 914 2052 977 2071; x_wconf 84' lang='grc' dir='ltr'>συν-</span> 
     </span>
    </p>
   </div>
   <div class='ocr_carea' id='block_1_71' title="bbox 175 2086 976 2128">
    <p class='ocr_par' dir='ltr' id='par_1_71' title="bbox 175 2086 976 2128">
     <span class='ocr_line' id='line_1_71' title="bbox 175 2086 976 2128; baseline -0.004 -9"><span class='ocrx_word' id='word_1_527' title='bbox 175 2092 282 2128; x_wconf 71' lang='grc' dir='ltr'>ελήφθη</span> <span class='ocrx_word' id='word_1_528' title='bbox 299 2093 329 2119; x_wconf 89' lang='grc' dir='ltr'><strong>ἐν</strong></span> <span class='ocrx_word' id='word_1_529' title='bbox 345 2092 406 2123; x_wconf 87' lang='grc' dir='ltr'>ταῖς</span> <span class='ocrx_word' id='word_1_530' title='bbox 433 2091 592 2127; x_wconf 80' lang='grc' dir='ltr'>διαφθοραῖς</span> <span class='ocrx_word' id='word_1_531' title='bbox 614 2089 705 2126; x_wconf 85' lang='grc' dir='ltr'>ἡμῶν,</span> <span class='ocrx_word' id='word_1_532' title='bbox 719 2086 750 2117; x_wconf 82' lang='grc' dir='ltr'><strong>οῦ</strong></span> <span class='ocrx_word' id='word_1_533' title='bbox 777 2090 910 2125; x_wconf 86' lang='grc' dir='ltr'>εῐπαμεν·</span> <span class='ocrx_word' id='word_1_534' title='bbox 932 2089 976 2117; x_wconf 81' lang='grc' dir='ltr'>Ἐν</span> 
     </span>
    </p>
   </div>
   <div class='ocr_carea' id='block_1_72' title="bbox 176 2135 977 2174">
    <p class='ocr_par' dir='ltr' id='par_1_72' title="bbox 176 2135 977 2174">
     <span class='ocr_line' id='line_1_72' title="bbox 176 2135 977 2174; baseline -0.004 -10"><span class='ocrx_word' id='word_1_535' title='bbox 176 2140 209 2174; x_wconf 79' lang='grc' dir='ltr'>τῇ</span> <span class='ocrx_word' id='word_1_536' title='bbox 225 2138 292 2173; x_wconf 80' lang='grc' dir='ltr'>σκιᾷ</span> <span class='ocrx_word' id='word_1_537' title='bbox 309 2136 393 2164; x_wconf 80' lang='grc' dir='ltr'>αὑτοῦ</span> <span class='ocrx_word' id='word_1_538' title='bbox 410 2135 550 2173; x_wconf 80' lang='grc' dir='ltr'>ξησὸμεθα</span> <span class='ocrx_word' id='word_1_539' title='bbox 566 2136 595 2163; x_wconf 86' lang='grc' dir='ltr'><strong>ἐν</strong></span> <span class='ocrx_word' id='word_1_540' title='bbox 606 2137 664 2167; x_wconf 83' lang='grc' dir='ltr'>τοῖς</span> <span class='ocrx_word' id='word_1_541' title='bbox 677 2135 791 2162; x_wconf 73' lang='grc' dir='ltr'>ἔθνεσιν.</span> <span class='ocrx_word' id='word_1_542' title='bbox 807 2145 816 2161; x_wconf 76' lang='grc' dir='ltr'><strong>ι</strong></span> <span class='ocrx_word' id='word_1_543' title='bbox 830 2136 862 2162; x_wconf 78' lang='grc' dir='ltr'><strong>Οἱ</strong></span> <span class='ocrx_word' id='word_1_544' title='bbox 880 2135 977 2162; x_wconf 60' lang='grc' dir='ltr'>θεσπέ-</span> 
     </span>
    </p>
   </div>
   <div class='ocr_carea' id='block_1_73' title="bbox 177 2181 977 2218">
    <p class='ocr_par' dir='ltr' id='par_1_73' title="bbox 177 2181 977 2218">
     <span class='ocr_line' id='line_1_73' title="bbox 177 2181 977 2218; baseline -0.004 -7"><span class='ocrx_word' id='word_1_545' title='bbox 177 2193 231 2211; x_wconf 82' lang='grc' dir='ltr'>σιοι</span> <span class='ocrx_word' id='word_1_546' title='bbox 255 2184 304 2210; x_wconf 89' lang='grc' dir='ltr'><strong>τοῦ</strong></span> <span class='ocrx_word' id='word_1_547' title='bbox 327 2182 395 2210; x_wconf 83' lang='grc' dir='ltr'>Θεοῦ</span> <span class='ocrx_word' id='word_1_548' title='bbox 422 2182 571 2218; x_wconf 83' lang='grc' dir='ltr'>προφῆται,</span> <span class='ocrx_word' id='word_1_549' title='bbox 591 2182 623 2208; x_wconf 83' lang='grc' dir='ltr'><strong>τὸ</strong></span> <span class='ocrx_word' id='word_1_550' title='bbox 645 2182 740 2218; x_wconf 81' lang='grc' dir='ltr'>μέλλον</span> <span class='ocrx_word' id='word_1_551' title='bbox 756 2181 822 2217; x_wconf 85' lang='grc' dir='ltr'>θείῳ</span> <span class='ocrx_word' id='word_1_552' title='bbox 837 2181 977 2218; x_wconf 79' lang='grc' dir='ltr'>Πνεύματι</span> 
     </span>
    </p>
   </div>
   <div class='ocr_carea' id='block_1_74' title="bbox 177 2228 975 2265">
    <p class='ocr_par' dir='ltr' id='par_1_74' title="bbox 177 2228 975 2265">
     <span class='ocr_line' id='line_1_74' title="bbox 177 2228 975 2265; baseline -0.003 -8"><span class='ocrx_word' id='word_1_553' title='bbox 177 2229 359 2265; x_wconf 85' lang='grc' dir='ltr'>συνορῶντες,</span> <span class='ocrx_word' id='word_1_554' title='bbox 378 2228 507 2264; x_wconf 78' lang='grc' dir='ltr'>ζήσεσθαι</span> <span class='ocrx_word' id='word_1_555' title='bbox 524 2228 574 2264; x_wconf 84' lang='grc' dir='ltr'>μὲν</span> <span class='ocrx_word' id='word_1_556' title='bbox 595 2228 708 2260; x_wconf 77' lang='grc' dir='ltr'>ἑαυτοὺς</span> <span class='ocrx_word' id='word_1_557' title='bbox 726 2228 773 2255; x_wconf 81' lang='grc' dir='ltr'>καὶ</span> <span class='ocrx_word' id='word_1_558' title='bbox 788 2228 851 2260; x_wconf 83' lang='grc' dir='ltr'>τοὺς</span> <span class='ocrx_word' id='word_1_559' title='bbox 870 2228 975 2255; x_wconf 80' lang='grc' dir='ltr'>ἑαυτῶν</span> 
     </span>
    </p>
   </div>
   <div class='ocr_carea' id='block_1_75' title="bbox 175 2262 1014 2311">
    <p class='ocr_par' dir='ltr' id='par_1_75' title="bbox 175 2262 1014 2311">
     <span class='ocr_line' id='line_1_75' title="bbox 175 2262 1014 2311; baseline -0.004 -8"><span class='ocrx_word' id='word_1_560' title='bbox 175 2262 284 2311; x_wconf 73' lang='grc' dir='ltr'>λόγους,</span> <span class='ocrx_word' id='word_1_561' title='bbox 309 2275 349 2307; x_wconf 87' lang='grc' dir='ltr'>ὠς</span> <span class='ocrx_word' id='word_1_562' title='bbox 363 2262 530 2306; x_wconf 34' lang='grc' dir='ltr'>ειν-ζώντων-</span> <span class='ocrx_word' id='word_1_563' title='bbox 548 2274 705 2310; x_wconf 84' lang='grc' dir='ltr'>ἐνεργήσειν</span> <span class='ocrx_word' id='word_1_564' title='bbox 728 2274 757 2301; x_wconf 89' lang='grc' dir='ltr'><strong>ἐν</strong></span> <span class='ocrx_word' id='word_1_565' title='bbox 776 2275 832 2306; x_wconf 84' lang='grc' dir='ltr'>τοῖς</span> <span class='ocrx_word' id='word_1_566' title='bbox 854 2273 974 2307; x_wconf 78' lang='grc' dir='ltr'>ἔθνεσιν,</span> <span class='ocrx_word' id='word_1_567' title='bbox 991 2262 1014 2290; x_wconf 74' lang='lat' dir='ltr'><strong>D</strong></span> 
     </span>
    </p>
   </div>
   <div class='ocr_carea' id='block_1_76' title="bbox 177 2320 976 2357">
    <p class='ocr_par' dir='ltr' id='par_1_76' title="bbox 177 2320 976 2357">
     <span class='ocr_line' id='line_1_76' title="bbox 177 2320 976 2357; baseline -0.004 -6"><span class='ocrx_word' id='word_1_568' title='bbox 177 2323 235 2351; x_wconf 82' lang='grc' dir='ltr'>ἀλλ’</span> <span class='ocrx_word' id='word_1_569' title='bbox 252 2323 304 2350; x_wconf 77' lang='grc' dir='ltr'><strong>οὐκ</strong></span> <span class='ocrx_word' id='word_1_570' title='bbox 317 2323 347 2351; x_wconf 88' lang='grc' dir='ltr'><strong>ἐν</strong></span> <span class='ocrx_word' id='word_1_571' title='bbox 360 2321 400 2357; x_wconf 82' lang='grc' dir='ltr'>τῷ</span> <span class='ocrx_word' id='word_1_572' title='bbox 407 2321 526 2357; x_wconf 83' lang='grc' dir='ltr'>Ἰσραὴλ,</span> <span class='ocrx_word' id='word_1_573' title='bbox 539 2320 692 2353; x_wconf 80' lang='grc' dir='ltr'>ἐθέσπιζον.</span> <span class='ocrx_word' id='word_1_574' title='bbox 705 2321 757 2348; x_wconf 79' lang='grc' dir='ltr'><strong>Τὸν</strong></span> <span class='ocrx_word' id='word_1_575' title='bbox 766 2321 884 2357; x_wconf 79' lang='grc' dir='ltr'>Χριστὸν</span> <span class='ocrx_word' id='word_1_576' title='bbox 894 2321 976 2348; x_wconf 81' lang='grc' dir='ltr'>πάλιν</span> 
     </span>
    </p>
   </div>
   <div class='ocr_carea' id='block_1_77' title="bbox 177 2364 977 2406">
    <p class='ocr_par' dir='ltr' id='par_1_77' title="bbox 177 2364 977 2406">
     <span class='ocr_line' id='line_1_77' title="bbox 177 2364 977 2406; baseline -0.003 -9"><span class='ocrx_word' id='word_1_577' title='bbox 177 2370 321 2406; x_wconf 71' lang='grc' dir='ltr'>ὀνομαστὶ,</span> <span class='ocrx_word' id='word_1_578' title='bbox 336 2370 375 2401; x_wconf 83' lang='grc' dir='ltr'>ὡς</span> <span class='ocrx_word' id='word_1_579' title='bbox 392 2368 425 2396; x_wconf 84' lang='grc' dir='ltr'>ἂν</span> <span class='ocrx_word' id='word_1_580' title='bbox 447 2367 528 2395; x_wconf 76' lang='grc' dir='ltr'>αὑτὸν</span> <span class='ocrx_word' id='word_1_581' title='bbox 543 2367 590 2394; x_wconf 77' lang='grc' dir='ltr'><strong>τὸν</strong></span> <span class='ocrx_word' id='word_1_582' title='bbox 608 2368 737 2404; x_wconf 81' lang='grc' dir='ltr'>Χριστὸν,</span> <span class='ocrx_word' id='word_1_583' title='bbox 752 2369 817 2404; x_wconf 87' lang='grc' dir='ltr'>παρ’</span> <span class='ocrx_word' id='word_1_584' title='bbox 839 2364 869 2394; x_wconf 82' lang='grc' dir='ltr'><strong>οῦ</strong></span> <span class='ocrx_word' id='word_1_585' title='bbox 885 2368 932 2395; x_wconf 71' lang='grc' dir='ltr'>καὶ</span> <span class='ocrx_word' id='word_1_586' title='bbox 945 2368 977 2395; x_wconf 81' lang='grc' dir='ltr'>τὸ</span> 
     </span>
    </p>
   </div>
   <div class='ocr_carea' id='block_1_78' title="bbox 178 2413 977 2453">
    <p class='ocr_par' dir='ltr' id='par_1_78' title="bbox 178 2413 977 2453">
     <span class='ocr_line' id='line_1_78' title="bbox 178 2413 977 2453; baseline 0.003 -15"><span class='ocrx_word' id='word_1_587' title='bbox 178 2415 348 2453; x_wconf 74' lang='grc' dir='ltr'>προφητικὸν</span> <span class='ocrx_word' id='word_1_588' title='bbox 366 2415 458 2447; x_wconf 71' lang='grc' dir='ltr'>αὐτοῖς</span> <span class='ocrx_word' id='word_1_589' title='bbox 474 2415 644 2451; x_wconf 88' lang='grc' dir='ltr'>κεχορήγητο</span> <span class='ocrx_word' id='word_1_590' title='bbox 657 2414 775 2449; x_wconf 80' lang='grc' dir='ltr'>πνεῦμα,</span> <span class='ocrx_word' id='word_1_591' title='bbox 792 2413 977 2449; x_wconf 84' lang='grc' dir='ltr'>συλληφθήσε-</span> 
     </span>
    </p>
   </div>
   <div class='ocr_carea' id='block_1_79' title="bbox 179 2456 974 2498">
    <p class='ocr_par' dir='ltr' id='par_1_79' title="bbox 179 2456 974 2498">
     <span class='ocr_line' id='line_1_79' title="bbox 179 2456 974 2498; baseline -0.005 -8"><span class='ocrx_word' id='word_1_592' title='bbox 179 2463 241 2490; x_wconf 67' lang='grc' dir='ltr'>σθαι</span> <span class='ocrx_word' id='word_1_593' title='bbox 257 2462 378 2498; x_wconf 74' lang='grc' dir='ltr'>ἔφασκον</span> <span class='ocrx_word' id='word_1_594' title='bbox 400 2462 429 2488; x_wconf 83' lang='grc' dir='ltr'><strong>ἐν</strong></span> <span class='ocrx_word' id='word_1_595' title='bbox 448 2462 509 2493; x_wconf 86' lang='grc' dir='ltr'>ταῖς</span> <span class='ocrx_word' id='word_1_596' title='bbox 533 2460 692 2496; x_wconf 82' lang='grc' dir='ltr'>διαφθοραῖς</span> <span class='ocrx_word' id='word_1_597' title='bbox 713 2459 813 2487; x_wconf 80' lang='grc' dir='ltr'>αὐτῶν.</span> <span class='ocrx_word' id='word_1_598' title='bbox 835 2459 939 2492; x_wconf 88' lang='grc' dir='ltr'>Τίνων;</span> <span class='ocrx_word' id='word_1_599' title='bbox 956 2456 974 2495; x_wconf 82' lang='grc' dir='ltr'>ἦ</span> 
     </span>
    </p>
   </div>
   <div class='ocr_carea' id='block_1_80' title="bbox 177 2505 972 2545">
    <p class='ocr_par' dir='ltr' id='par_1_80' title="bbox 177 2505 972 2545">
     <span class='ocr_line' id='line_1_80' title="bbox 177 2505 972 2545; baseline -0.005 -9"><span class='ocrx_word' id='word_1_600' title='bbox 177 2510 257 2545; x_wconf 79' lang='grc' dir='ltr'>δῆλον</span> <span class='ocrx_word' id='word_1_601' title='bbox 279 2509 321 2535; x_wconf 73' lang='grc' dir='ltr'>ὄτι</span> <span class='ocrx_word' id='word_1_602' title='bbox 344 2507 398 2534; x_wconf 86' lang='grc' dir='ltr'><strong>τῶν</strong></span> <span class='ocrx_word' id='word_1_603' title='bbox 416 2508 448 2534; x_wconf 85' lang='grc' dir='ltr'><strong>ἐκ</strong></span> <span class='ocrx_word' id='word_1_604' title='bbox 471 2507 621 2543; x_wconf 81' lang='grc' dir='ltr'>περιτομῆς</span> <span class='ocrx_word' id='word_1_605' title='bbox 642 2506 869 2533; x_wconf 77' lang='grc' dir='ltr'>ἐπιϐουλευόντων</span> <span class='ocrx_word' id='word_1_606' title='bbox 889 2505 972 2541; x_wconf 81' lang='grc' dir='ltr'>αὐτῷ.</span> 
     </span>
    </p>
   </div>
   <div class='ocr_carea' id='block_1_81' title="bbox 178 2552 975 2592">
    <p class='ocr_par' dir='ltr' id='par_1_81' title="bbox 178 2552 975 2592">
     <span class='ocr_line' id='line_1_81' title="bbox 178 2552 975 2592; baseline -0.006 -9"><span class='ocrx_word' id='word_1_607' title='bbox 178 2557 263 2592; x_wconf 81' lang='grc' dir='ltr'>Τήρει</span> <span class='ocrx_word' id='word_1_608' title='bbox 281 2555 310 2582; x_wconf 81' lang='grc' dir='ltr'>δὲ</span> <span class='ocrx_word' id='word_1_609' title='bbox 328 2554 477 2587; x_wconf 82' lang='grc' dir='ltr'>κάνταῦθα,</span> <span class='ocrx_word' id='word_1_610' title='bbox 495 2555 569 2586; x_wconf 82' lang='grc' dir='ltr'>ὅπως</span> <span class='ocrx_word' id='word_1_611' title='bbox 589 2555 603 2579; x_wconf 76' lang='grc' dir='ltr'>ὁ</span> <span class='ocrx_word' id='word_1_612' title='bbox 614 2554 692 2589; x_wconf 85' lang='grc' dir='ltr'>λόγος</span> <span class='ocrx_word' id='word_1_613' title='bbox 706 2553 752 2580; x_wconf 80' lang='grc' dir='ltr'><strong>τὸν</strong></span> <span class='ocrx_word' id='word_1_614' title='bbox 767 2552 886 2589; x_wconf 81' lang='grc' dir='ltr'>Χριστὸν</span> <span class='ocrx_word' id='word_1_615' title='bbox 907 2561 975 2588; x_wconf 86' lang='grc' dir='ltr'>προ-</span> 
     </span>
    </p>
   </div>
   <div class='ocr_carea' id='block_1_82' title="bbox 178 2597 975 2637">
    <p class='ocr_par' dir='ltr' id='par_1_82' title="bbox 178 2597 975 2637">
     <span class='ocr_line' id='line_1_82' title="bbox 178 2597 975 2637; baseline -0.005 -9"><span class='ocrx_word' id='word_1_616' title='bbox 178 2599 307 2637; x_wconf 84' lang='grc' dir='ltr'>αγορεύει</span> <span class='ocrx_word' id='word_1_617' title='bbox 326 2599 573 2636; x_wconf 82' lang='grc' dir='ltr'>συλληφθήσεσθαι,</span> <span class='ocrx_word' id='word_1_618' title='bbox 588 2599 658 2636; x_wconf 77' lang='grc' dir='ltr'>ὅπερ</span> <span class='ocrx_word' id='word_1_619' title='bbox 667 2600 718 2626; x_wconf 73' lang='grc' dir='ltr'><strong>οὐκ</strong></span> <span class='ocrx_word' id='word_1_620' title='bbox 730 2598 763 2626; x_wconf 83' lang='grc' dir='ltr'><strong>ἂν</strong></span> <span class='ocrx_word' id='word_1_621' title='bbox 775 2597 925 2634; x_wconf 79' lang='grc' dir='ltr'>ἐφαρμόζοι</span> <span class='ocrx_word' id='word_1_622' title='bbox 941 2599 975 2634; x_wconf 83' lang='grc' dir='ltr'>τῇ</span> 
     </span>
    </p>
   </div>
   <div class='ocr_carea' id='block_1_83' title="bbox 178 2644 976 2683">
    <p class='ocr_par' dir='ltr' id='par_1_83' title="bbox 178 2644 976 2683">
     <span class='ocr_line' id='line_1_83' title="bbox 178 2644 976 2683; baseline -0.005 -8"><span class='ocrx_word' id='word_1_623' title='bbox 178 2648 296 2683; x_wconf 71' lang='grc' dir='ltr'>δευτέρᾳ.</span> <span class='ocrx_word' id='word_1_624' title='bbox 316 2646 365 2673; x_wconf 88' lang='grc' dir='ltr'><strong>τοῦ</strong></span> <span class='ocrx_word' id='word_1_625' title='bbox 386 2646 505 2682; x_wconf 82' lang='grc' dir='ltr'>Χριστοῦ</span> <span class='ocrx_word' id='word_1_626' title='bbox 532 2647 678 2682; x_wconf 76' lang='grc' dir='ltr'>παρουσίᾳ,</span> <span class='ocrx_word' id='word_1_627' title='bbox 691 2647 725 2682; x_wconf 84' lang='grc' dir='ltr'><strong>ἣν</strong></span> <span class='ocrx_word' id='word_1_628' title='bbox 743 2645 847 2678; x_wconf 79' lang='grc' dir='ltr'>ἔνδοξον</span> <span class='ocrx_word' id='word_1_629' title='bbox 868 2644 976 2672; x_wconf 75' lang='grc' dir='ltr'>ἔσεσθαι</span> 
     </span>
    </p>
   </div>
   <div class='ocr_carea' id='block_1_84' title="bbox 179 2692 977 2730">
    <p class='ocr_par' dir='ltr' id='par_1_84' title="bbox 179 2692 977 2730">
     <span class='ocr_line' id='line_1_84' title="bbox 179 2692 977 2730; baseline -0.004 -9"><span class='ocrx_word' id='word_1_630' title='bbox 179 2694 227 2722; x_wconf 75' lang='grc' dir='ltr'><strong>καὶ</strong></span> <span class='ocrx_word' id='word_1_631' title='bbox 249 2694 320 2730; x_wconf 84' lang='grc' dir='ltr'>μετὰ</span> <span class='ocrx_word' id='word_1_632' title='bbox 341 2693 479 2728; x_wconf 76' lang='grc' dir='ltr'>βασιλείας</span> <span class='ocrx_word' id='word_1_633' title='bbox 498 2692 590 2720; x_wconf 77' lang='grc' dir='ltr'>ἐνθέου</span> <span class='ocrx_word' id='word_1_634' title='bbox 611 2692 846 2729; x_wconf 83' lang='grc' dir='ltr'>προκηρύττουσιν</span> <span class='ocrx_word' id='word_1_635' title='bbox 869 2693 893 2718; x_wconf 85' lang='grc' dir='ltr'>οἰ</span> <span class='ocrx_word' id='word_1_636' title='bbox 910 2700 977 2727; x_wconf 85' lang='grc' dir='ltr'>προ-</span> 
     </span>
    </p>
   </div>
   <div class='ocr_carea' id='block_1_85' title="bbox 179 2738 978 2777">
    <p class='ocr_par' dir='ltr' id='par_1_85' title="bbox 179 2738 978 2777">
     <span class='ocr_line' id='line_1_85' title="bbox 179 2738 978 2777; baseline -0.005 -10"><span class='ocrx_word' id='word_1_637' title='bbox 179 2741 290 2777; x_wconf 79' lang='grc' dir='ltr'>φητικοὶ</span> <span class='ocrx_word' id='word_1_638' title='bbox 304 2740 392 2774; x_wconf 81' lang='grc' dir='ltr'>λόγοι.</span> <span class='ocrx_word' id='word_1_639' title='bbox 409 2740 509 2776; x_wconf 82' lang='grc' dir='ltr'>Διόπερ</span> <span class='ocrx_word' id='word_1_640' title='bbox 525 2740 599 2769; x_wconf 73' lang='grc' dir='ltr'>εἰκὸς</span> <span class='ocrx_word' id='word_1_641' title='bbox 612 2739 676 2770; x_wconf 76' lang='grc' dir='ltr'>τοὺς</span> <span class='ocrx_word' id='word_1_642' title='bbox 691 2740 723 2765; x_wconf 83' lang='grc' dir='ltr'><strong>ἐκ</strong></span> <span class='ocrx_word' id='word_1_643' title='bbox 737 2738 889 2774; x_wconf 82' lang='grc' dir='ltr'>περιτομῆς</span> <span class='ocrx_word' id='word_1_644' title='bbox 911 2738 978 2764; x_wconf 86' lang='grc' dir='ltr'>ἀπο-</span> 
     </span>
    </p>
   </div>
   <div class='ocr_carea' id='block_1_86' title="bbox 180 2782 976 2820">
    <p class='ocr_par' dir='ltr' id='par_1_86' title="bbox 180 2782 976 2820">
     <span class='ocr_line' id='line_1_86' title="bbox 180 2782 976 2820; baseline -0.005 -8"><span class='ocrx_word' id='word_1_645' title='bbox 180 2785 358 2820; x_wconf 74' lang='grc' dir='ltr'>σφάλλεσθαι,</span> <span class='ocrx_word' id='word_1_646' title='bbox 373 2785 407 2811; x_wconf 71' lang='grc' dir='ltr'>τέι</span> <span class='ocrx_word' id='word_1_647' title='bbox 424 2785 488 2820; x_wconf 76' lang='grc' dir='ltr'>περὶ</span> <span class='ocrx_word' id='word_1_648' title='bbox 505 2784 556 2819; x_wconf 83' lang='grc' dir='ltr'><strong>τῆς</strong></span> <span class='ocrx_word' id='word_1_649' title='bbox 567 2784 696 2819; x_wconf 79' lang='grc' dir='ltr'>δευτέρας</span> <span class='ocrx_word' id='word_1_650' title='bbox 710 2783 869 2817; x_wconf 75' lang='grc' dir='ltr'>ἐπιφανείας</span> <span class='ocrx_word' id='word_1_651' title='bbox 884 2782 976 2816; x_wconf 86' lang='grc' dir='ltr'>αὐτοῦ,</span> 
     </span>
    </p>
   </div>
   <div class='ocr_carea' id='block_1_87' title="bbox 180 2827 977 2867">
    <p class='ocr_par' dir='ltr' id='par_1_87' title="bbox 180 2827 977 2867">
     <span class='ocr_line' id='line_1_87' title="bbox 180 2827 977 2867; baseline -0.005 -9"><span class='ocrx_word' id='word_1_652' title='bbox 180 2831 218 2864; x_wconf 79' lang='grc' dir='ltr'>ὡς</span> <span class='ocrx_word' id='word_1_653' title='bbox 243 2832 290 2859; x_wconf 79' lang='grc' dir='ltr'><strong>ἐπὶ</strong></span> <span class='ocrx_word' id='word_1_654' title='bbox 318 2830 433 2867; x_wconf 73' lang='grc' dir='ltr'>πρώτης</span> <span class='ocrx_word' id='word_1_655' title='bbox 462 2830 580 2865; x_wconf 67' lang='grc' dir='ltr'>ἀφίξεως</span> <span class='ocrx_word' id='word_1_656' title='bbox 610 2828 841 2865; x_wconf 72' lang='grc' dir='ltr'>ὲυλαμῦἀνοντας,</span> <span class='ocrx_word' id='word_1_657' title='bbox 853 2827 977 2864; x_wconf 81' lang='grc' dir='ltr'>οὐδαμῶς</span> 
     </span>
    </p>
   </div>
   <div class='ocr_carea' id='block_1_88' title="bbox 234 2907 823 2943">
    <p class='ocr_par' dir='ltr' id='par_1_88' title="bbox 234 2907 823 2943">
     <span class='ocr_line' id='line_1_88' title="bbox 234 2907 823 2943; baseline -0.005 -6"><span class='ocrx_word' id='word_1_658' title='bbox 234 2911 256 2926; x_wconf 71' lang='grc'><strong><em>⁸⁸³</em></strong></span> <span class='ocrx_word' id='word_1_659' title='bbox 269 2910 336 2937; x_wconf 79' lang='lat' dir='ltr'><strong>Luc.</strong></span> <span class='ocrx_word' id='word_1_660' title='bbox 361 2909 525 2943; x_wconf 67' lang='grc' dir='ltr'>κιιι,5ί-55.</span> <span class='ocrx_word' id='word_1_661' title='bbox 565 2909 584 2925; x_wconf 79' lang='grc'><strong>⁶¹</strong></span> <span class='ocrx_word' id='word_1_662' title='bbox 599 2907 701 2936; x_wconf 82' lang='lat' dir='ltr'><strong>Hahae.</strong></span> <span class='ocrx_word' id='word_1_663' title='bbox 720 2915 762 2941; x_wconf 87' lang='lat' dir='ltr'><strong>Ill,</strong></span> <span class='ocrx_word' id='word_1_664' title='bbox 783 2907 823 2935; x_wconf 51' lang='lat' dir='ltr'><strong>l5,</strong></span> 
     </span>
    </p>
   </div>
   <div class='ocr_carea' id='block_1_89' title="bbox 864 2906 1097 2940">
    <p class='ocr_par' dir='ltr' id='par_1_89' title="bbox 864 2906 1097 2940">
     <span class='ocr_line' id='line_1_89' title="bbox 864 2906 1097 2940; baseline -0.004 -5"><span class='ocrx_word' id='word_1_665' title='bbox 864 2908 885 2923; x_wconf 81' lang='grc'><strong>⁵²</strong></span> <span class='ocrx_word' id='word_1_666' title='bbox 899 2906 971 2935; x_wconf 83' lang='lat' dir='ltr'><strong>Psal.</strong></span> <span class='ocrx_word' id='word_1_667' title='bbox 986 2913 1041 2940; x_wconf 76' lang='lat' dir='ltr'><strong>Civ,</strong></span> <span class='ocrx_word' id='word_1_668' title='bbox 1056 2906 1097 2934; x_wconf 84' lang='lat' dir='ltr'><strong>l5.</strong></span> 
     </span>
    </p>
   </div>
   <div class='ocr_carea' id='block_1_90' title="bbox 1024 1616 1815 1657">
    <p class='ocr_par' dir='ltr' id='par_1_90' title="bbox 1024 1616 1815 1657">
     <span class='ocr_line' id='line_1_90' title="bbox 1024 1616 1815 1657; baseline -0.013 -4"><span class='ocrx_word' id='word_1_669' title='bbox 1024 1625 1145 1653; x_wconf 87' lang='lat' dir='ltr'><strong>christos</strong></span> <span class='ocrx_word' id='word_1_670' title='bbox 1171 1632 1262 1655; x_wconf 89' lang='lat' dir='ltr'><strong>meos,</strong></span> <span class='ocrx_word' id='word_1_671' title='bbox 1277 1627 1305 1650; x_wconf 88' lang='lat' dir='ltr'><strong>et</strong></span> <span class='ocrx_word' id='word_1_672' title='bbox 1321 1623 1348 1649; x_wconf 94' lang='lat' dir='ltr'><strong>in</strong></span> <span class='ocrx_word' id='word_1_673' title='bbox 1367 1621 1509 1657; x_wconf 86' lang='lat' dir='ltr'><strong>prophetis</strong></span> <span class='ocrx_word' id='word_1_674' title='bbox 1535 1620 1604 1647; x_wconf 89' lang='lat' dir='ltr'><strong>meis</strong></span> <span class='ocrx_word' id='word_1_675' title='bbox 1622 1619 1706 1645; x_wconf 88' lang='lat' dir='ltr'><strong>nolite</strong></span> <span class='ocrx_word' id='word_1_676' title='bbox 1734 1616 1815 1644; x_wconf 88' lang='lat' dir='ltr'><strong>mali-</strong></span> 
     </span>
    </p>
   </div>
   <div class='ocr_carea' id='block_1_91' title="bbox 1023 1663 1816 1706">
    <p class='ocr_par' dir='ltr' id='par_1_91' title="bbox 1023 1663 1816 1706">
     <span class='ocr_line' id='line_1_91' title="bbox 1023 1663 1816 1706; baseline -0.013 -8"><span class='ocrx_word' id='word_1_677' title='bbox 1023 1670 1102 1706; x_wconf 83' lang='lat' dir='ltr'><strong>gnari</strong></span> <span class='ocrx_word' id='word_1_678' title='bbox 1114 1670 1136 1685; x_wconf 71' lang='grc' dir='ltr'>θ’</span> <span class='ocrx_word' id='word_1_679' title='bbox 1156 1679 1162 1697; x_wconf 85' lang='lat'><strong>:</strong></span> <span class='ocrx_word' id='word_1_680' title='bbox 1183 1679 1192 1694; x_wconf 84' lang='grc'><strong>)</strong></span> <span class='ocrx_word' id='word_1_681' title='bbox 1208 1669 1253 1704; x_wconf 89' lang='lat' dir='ltr'><strong>qui</strong></span> <span class='ocrx_word' id='word_1_682' title='bbox 1275 1668 1384 1703; x_wconf 85' lang='lat' dir='ltr'><strong>quidem</strong></span> <span class='ocrx_word' id='word_1_683' title='bbox 1397 1671 1424 1694; x_wconf 89' lang='lat' dir='ltr'><strong>et</strong></span> <span class='ocrx_word' id='word_1_684' title='bbox 1445 1667 1473 1693; x_wconf 90' lang='lat' dir='ltr'><strong>in</strong></span> <span class='ocrx_word' id='word_1_685' title='bbox 1492 1666 1568 1692; x_wconf 92' lang='lat' dir='ltr'><strong>illum</strong></span> <span class='ocrx_word' id='word_1_686' title='bbox 1586 1663 1772 1693; x_wconf 85' lang='lat' dir='ltr'><strong>crediderunt,</strong></span> <span class='ocrx_word' id='word_1_687' title='bbox 1788 1666 1816 1688; x_wconf 70' lang='lat' dir='ltr'><strong>et</strong></span> 
     </span>
    </p>
   </div>
   <div class='ocr_carea' id='block_1_92' title="bbox 1024 1708 1817 1751">
    <p class='ocr_par' dir='ltr' id='par_1_92' title="bbox 1024 1708 1817 1751">
     <span class='ocr_line' id='line_1_92' title="bbox 1024 1708 1817 1751; baseline -0.013 -8"><span class='ocrx_word' id='word_1_688' title='bbox 1024 1720 1121 1743; x_wconf 86' lang='lat' dir='ltr'><strong>sancta</strong></span> <span class='ocrx_word' id='word_1_689' title='bbox 1136 1714 1354 1751; x_wconf 77' lang='lat' dir='ltr'><strong>regenerationis</strong></span> <span class='ocrx_word' id='word_1_690' title='bbox 1370 1714 1397 1740; x_wconf 93' lang='lat' dir='ltr'><strong>in</strong></span> <span class='ocrx_word' id='word_1_691' title='bbox 1406 1712 1517 1739; x_wconf 86' lang='lat' dir='ltr'><strong>Christo</strong></span> <span class='ocrx_word' id='word_1_692' title='bbox 1532 1711 1662 1738; x_wconf 89' lang='lat' dir='ltr'><strong>unctione</strong></span> <span class='ocrx_word' id='word_1_693' title='bbox 1679 1709 1754 1744; x_wconf 82' lang='lat' dir='ltr'><strong>digni</strong></span> <span class='ocrx_word' id='word_1_694' title='bbox 1770 1708 1817 1734; x_wconf 82' lang='lat' dir='ltr'><strong>ha-</strong></span> 
     </span>
    </p>
   </div>
   <div class='ocr_carea' id='block_1_93' title="bbox 1024 1755 1817 1791">
    <p class='ocr_par' dir='ltr' id='par_1_93' title="bbox 1024 1755 1817 1791">
     <span class='ocr_line' id='line_1_93' title="bbox 1024 1755 1817 1791; baseline -0.009 -4"><span class='ocrx_word' id='word_1_695' title='bbox 1024 1760 1073 1787; x_wconf 82' lang='lat' dir='ltr'><strong>biti</strong></span> <span class='ocrx_word' id='word_1_696' title='bbox 1090 1764 1165 1791; x_wconf 88' lang='lat' dir='ltr'><strong>sunt,</strong></span> <span class='ocrx_word' id='word_1_697' title='bbox 1182 1763 1209 1786; x_wconf 86' lang='lat' dir='ltr'><strong>et</strong></span> <span class='ocrx_word' id='word_1_698' title='bbox 1223 1766 1277 1785; x_wconf 88' lang='lat' dir='ltr'><strong>una</strong></span> <span class='ocrx_word' id='word_1_699' title='bbox 1288 1766 1349 1785; x_wconf 86' lang='lat' dir='ltr'><strong>cum</strong></span> <span class='ocrx_word' id='word_1_700' title='bbox 1375 1761 1471 1784; x_wconf 84' lang='lat' dir='ltr'><strong>sancto</strong></span> <span class='ocrx_word' id='word_1_701' title='bbox 1487 1755 1619 1790; x_wconf 78' lang='lat' dir='ltr'><strong>Apostolo</strong></span> <span class='ocrx_word' id='word_1_702' title='bbox 1640 1755 1733 1781; x_wconf 88' lang='lat' dir='ltr'><strong>dicere</strong></span> <span class='ocrx_word' id='word_1_703' title='bbox 1752 1760 1817 1787; x_wconf 83' lang='lat' dir='ltr'><strong>pos-</strong></span> 
     </span>
    </p>
   </div>
   <div class='ocr_carea' id='block_1_94' title="bbox 1024 1800 1673 1840">
    <p class='ocr_par' dir='ltr' id='par_1_94' title="bbox 1024 1800 1673 1840">
     <span class='ocr_line' id='line_1_94' title="bbox 1024 1800 1673 1840; baseline -0.012 -7"><span class='ocrx_word' id='word_1_704' title='bbox 1024 1810 1088 1834; x_wconf 84' lang='lat' dir='ltr'><strong>sunt</strong></span> <span class='ocrx_word' id='word_1_705' title='bbox 1101 1816 1107 1833; x_wconf 86' lang='lat'><strong>:</strong></span> <span class='ocrx_word' id='word_1_706' title='bbox 1125 1815 1133 1831; x_wconf 83' lang='grc' dir='ltr'><strong>ι</strong></span> <span class='ocrx_word' id='word_1_707' title='bbox 1148 1804 1298 1840; x_wconf 82' lang='lat' dir='ltr'><strong>Participes</strong></span> <span class='ocrx_word' id='word_1_708' title='bbox 1313 1803 1413 1830; x_wconf 87' lang='lat' dir='ltr'><strong>Christi</strong></span> <span class='ocrx_word' id='word_1_709' title='bbox 1429 1802 1492 1828; x_wconf 80' lang='lat' dir='ltr'><strong>facti</strong></span> <span class='ocrx_word' id='word_1_710' title='bbox 1505 1808 1600 1827; x_wconf 87' lang='lat' dir='ltr'><strong>sumus</strong></span> <span class='ocrx_word' id='word_1_711' title='bbox 1616 1800 1647 1826; x_wconf 79' lang='grc'><strong>⁵³.</strong></span> <span class='ocrx_word' id='word_1_712' title='bbox 1664 1809 1673 1824; x_wconf 75' lang='grc' dir='ltr'><strong>ι</strong></span> 
     </span>
    </p>
   </div>
   <div class='ocr_carea' id='block_1_95' title="bbox 1027 1910 1817 1954">
    <p class='ocr_par' dir='ltr' id='par_1_95' title="bbox 1027 1910 1817 1954">
     <span class='ocr_line' id='line_1_95' title="bbox 1027 1910 1817 1954; baseline -0.011 -8"><span class='ocrx_word' id='word_1_713' title='bbox 1027 1919 1108 1954; x_wconf 81' lang='lat'><strong>190</strong></span> <span class='ocrx_word' id='word_1_714' title='bbox 1123 1918 1144 1945; x_wconf 84' lang='grc' dir='ltr'><em>Α</em></span> <span class='ocrx_word' id='word_1_715' title='bbox 1162 1917 1285 1954; x_wconf 51' lang='lat' dir='ltr'><strong>Ieremia?</strong></span> <span class='ocrx_word' id='word_1_716' title='bbox 1308 1912 1564 1954; x_wconf 61' lang='lat' dir='ltr'><strong>Lamentationibus.</strong></span> <span class='ocrx_word' id='word_1_717' title='bbox 1582 1927 1617 1932; x_wconf 92' lang='lat'>—</span> <span class='ocrx_word' id='word_1_718' title='bbox 1630 1910 1817 1954; x_wconf 46' lang='lat' dir='ltr'><strong>Christus-Ilo-</strong></span> 
     </span>
    </p>
   </div>
   <div class='ocr_carea' id='block_1_96' title="bbox 1060 1946 1816 1993">
    <p class='ocr_par' dir='ltr' id='par_1_96' title="bbox 1060 1946 1816 1993">
     <span class='ocr_line' id='line_1_96' title="bbox 1060 1946 1816 1993; baseline -0.013 -12"><span class='ocrx_word' id='word_1_719' title='bbox 1060 1946 1184 1993; x_wconf 64' lang='grc' dir='ltr'><strong>ῖηῖηαῑὶψ</strong></span> <span class='ocrx_word' id='word_1_720' title='bbox 1207 1952 1240 1979; x_wconf 87' lang='lat' dir='ltr'><strong>ab</strong></span> <span class='ocrx_word' id='word_1_721' title='bbox 1266 1950 1370 1979; x_wconf 73' lang='lat' dir='ltr'><strong>Judwis</strong></span> <span class='ocrx_word' id='word_1_722' title='bbox 1392 1948 1607 1982; x_wconf 59' lang='lat' dir='ltr'><strong>circumvenitur,</strong></span> <span class='ocrx_word' id='word_1_723' title='bbox 1625 1952 1650 1974; x_wconf 85' lang='lat' dir='ltr'><strong>et</strong></span> <span class='ocrx_word' id='word_1_724' title='bbox 1666 1955 1682 1972; x_wconf 86' lang='grc' dir='ltr'><strong>ιι</strong></span> <span class='ocrx_word' id='word_1_725' title='bbox 1696 1946 1816 1981; x_wconf 76' lang='lat' dir='ltr'><strong>gentibus</strong></span> 
     </span>
    </p>
   </div>
   <div class='ocr_carea' id='block_1_97' title="bbox 1061 1993 1225 2025">
    <p class='ocr_par' dir='ltr' id='par_1_97' title="bbox 1061 1993 1225 2025">
     <span class='ocr_line' id='line_1_97' title="bbox 1061 1993 1225 2025; baseline -0.006 -9"><span class='ocrx_word' id='word_1_726' title='bbox 1061 1993 1225 2025; x_wconf 77' lang='lat' dir='ltr'><strong>agnoscitur.</strong></span> 
     </span>
    </p>
   </div>
   <div class='ocr_carea' id='block_1_98' title="bbox 1064 2038 1818 2080">
    <p class='ocr_par' dir='ltr' id='par_1_98' title="bbox 1064 2038 1818 2080">
     <span class='ocr_line' id='line_1_98' title="bbox 1064 2038 1818 2080; baseline -0.012 -8"><span class='ocrx_word' id='word_1_727' title='bbox 1064 2055 1074 2071; x_wconf 80' lang='grc' dir='ltr'><strong>ι</strong></span> <span class='ocrx_word' id='word_1_728' title='bbox 1094 2044 1214 2080; x_wconf 87' lang='lat' dir='ltr'><strong>Spiritus</strong></span> <span class='ocrx_word' id='word_1_729' title='bbox 1230 2043 1323 2071; x_wconf 87' lang='lat' dir='ltr'><strong>vultus</strong></span> <span class='ocrx_word' id='word_1_730' title='bbox 1334 2041 1423 2070; x_wconf 89' lang='lat' dir='ltr'><strong>nostri</strong></span> <span class='ocrx_word' id='word_1_731' title='bbox 1435 2039 1564 2068; x_wconf 88' lang='lat' dir='ltr'><strong>Christus</strong></span> <span class='ocrx_word' id='word_1_732' title='bbox 1581 2038 1724 2069; x_wconf 86' lang='lat' dir='ltr'><strong>Dominus,</strong></span> <span class='ocrx_word' id='word_1_733' title='bbox 1741 2044 1818 2064; x_wconf 87' lang='lat' dir='ltr'><strong>com-</strong></span> 
     </span>
    </p>
   </div>
   <div class='ocr_carea' id='block_1_99' title="bbox 1027 2083 1819 2128">
    <p class='ocr_par' dir='ltr' id='par_1_99' title="bbox 1027 2083 1819 2128">
     <span class='ocr_line' id='line_1_99' title="bbox 1027 2083 1819 2128; baseline -0.014 -8"><span class='ocrx_word' id='word_1_734' title='bbox 1027 2092 1180 2128; x_wconf 84' lang='lat' dir='ltr'><strong>prehensus</strong></span> <span class='ocrx_word' id='word_1_735' title='bbox 1209 2094 1253 2118; x_wconf 89' lang='lat' dir='ltr'><strong>est</strong></span> <span class='ocrx_word' id='word_1_736' title='bbox 1275 2090 1305 2116; x_wconf 93' lang='lat' dir='ltr'><strong>in</strong></span> <span class='ocrx_word' id='word_1_737' title='bbox 1329 2086 1555 2122; x_wconf 83' lang='lat' dir='ltr'><strong>eorruptionibus</strong></span> <span class='ocrx_word' id='word_1_738' title='bbox 1582 2091 1697 2116; x_wconf 86' lang='lat' dir='ltr'><strong>eorum,</strong></span> <span class='ocrx_word' id='word_1_739' title='bbox 1714 2083 1748 2111; x_wconf 86' lang='lat' dir='ltr'><strong>de</strong></span> <span class='ocrx_word' id='word_1_740' title='bbox 1764 2090 1819 2118; x_wconf 88' lang='lat' dir='ltr'><strong>quo</strong></span> 
     </span>
    </p>
   </div>
   <div class='ocr_carea' id='block_1_100' title="bbox 1026 2127 1817 2169">
    <p class='ocr_par' dir='ltr' id='par_1_100' title="bbox 1026 2127 1817 2169">
     <span class='ocr_line' id='line_1_100' title="bbox 1026 2127 1817 2169; baseline -0.015 -4"><span class='ocrx_word' id='word_1_741' title='bbox 1026 2127 1158 2169; x_wconf 75' lang='lat' dir='ltr'><strong>diximus,</strong></span> <span class='ocrx_word' id='word_1_742' title='bbox 1174 2136 1202 2163; x_wconf 94' lang='lat' dir='ltr'><strong>in</strong></span> <span class='ocrx_word' id='word_1_743' title='bbox 1217 2135 1314 2162; x_wconf 87' lang='lat' dir='ltr'><strong>umbra</strong></span> <span class='ocrx_word' id='word_1_744' title='bbox 1326 2133 1413 2169; x_wconf 88' lang='lat' dir='ltr'><strong>ipsius</strong></span> <span class='ocrx_word' id='word_1_745' title='bbox 1429 2132 1553 2159; x_wconf 87' lang='lat' dir='ltr'><strong>vivemus</strong></span> <span class='ocrx_word' id='word_1_746' title='bbox 1567 2130 1596 2157; x_wconf 91' lang='lat' dir='ltr'><strong>in</strong></span> <span class='ocrx_word' id='word_1_747' title='bbox 1614 2128 1741 2164; x_wconf 77' lang='lat' dir='ltr'><strong>gentibus</strong></span> <span class='ocrx_word' id='word_1_748' title='bbox 1752 2127 1784 2154; x_wconf 78' lang='lat'><strong>“.</strong></span> <span class='ocrx_word' id='word_1_749' title='bbox 1806 2136 1817 2152; x_wconf 70' lang='grc' dir='ltr'><strong>ι</strong></span> 
     </span>
    </p>
   </div>
   <div class='ocr_carea' id='block_1_101' title="bbox 1027 2172 1819 2214">
    <p class='ocr_par' dir='ltr' id='par_1_101' title="bbox 1027 2172 1819 2214">
     <span class='ocr_line' id='line_1_101' title="bbox 1027 2172 1819 2214; baseline -0.014 -4"><span class='ocrx_word' id='word_1_750' title='bbox 1027 2181 1211 2210; x_wconf 86' lang='lat' dir='ltr'><strong>Admirabiles</strong></span> <span class='ocrx_word' id='word_1_751' title='bbox 1226 2180 1266 2207; x_wconf 90' lang='lat' dir='ltr'><strong>illi</strong></span> <span class='ocrx_word' id='word_1_752' title='bbox 1281 2179 1330 2206; x_wconf 88' lang='lat' dir='ltr'><strong>Dei</strong></span> <span class='ocrx_word' id='word_1_753' title='bbox 1347 2178 1498 2214; x_wconf 78' lang='lat' dir='ltr'><strong>prophetae,</strong></span> <span class='ocrx_word' id='word_1_754' title='bbox 1517 2183 1580 2203; x_wconf 91' lang='lat' dir='ltr'><strong>cum</strong></span> <span class='ocrx_word' id='word_1_755' title='bbox 1601 2174 1695 2202; x_wconf 88' lang='lat' dir='ltr'><strong>divino</strong></span> <span class='ocrx_word' id='word_1_756' title='bbox 1719 2172 1819 2208; x_wconf 85' lang='lat' dir='ltr'><strong>spiritu</strong></span> 
     </span>
    </p>
   </div>
   <div class='ocr_carea' id='block_1_102' title="bbox 1028 2218 1819 2261">
    <p class='ocr_par' dir='ltr' id='par_1_102' title="bbox 1028 2218 1819 2261">
     <span class='ocr_line' id='line_1_102' title="bbox 1028 2218 1819 2261; baseline -0.015 -5"><span class='ocrx_word' id='word_1_757' title='bbox 1028 2228 1201 2256; x_wconf 87' lang='lat' dir='ltr'><strong>intuerentur</strong></span> <span class='ocrx_word' id='word_1_758' title='bbox 1232 2224 1306 2261; x_wconf 86' lang='lat' dir='ltr'><strong>quod</strong></span> <span class='ocrx_word' id='word_1_759' title='bbox 1322 2224 1445 2251; x_wconf 82' lang='lat' dir='ltr'><strong>futurum</strong></span> <span class='ocrx_word' id='word_1_760' title='bbox 1460 2228 1530 2255; x_wconf 85' lang='lat' dir='ltr'><strong>erat,</strong></span> <span class='ocrx_word' id='word_1_761' title='bbox 1558 2221 1681 2248; x_wconf 90' lang='lat' dir='ltr'><strong>victuros</strong></span> <span class='ocrx_word' id='word_1_762' title='bbox 1707 2218 1819 2254; x_wconf 88' lang='lat' dir='ltr'><strong>quidem</strong></span> 
     </span>
    </p>
   </div>
   <div class='ocr_carea' id='block_1_103' title="bbox 1029 2265 1818 2310">
    <p class='ocr_par' dir='ltr' id='par_1_103' title="bbox 1029 2265 1818 2310">
     <span class='ocr_line' id='line_1_103' title="bbox 1029 2265 1818 2310; baseline -0.015 -8"><span class='ocrx_word' id='word_1_763' title='bbox 1029 2276 1146 2310; x_wconf 89' lang='lat' dir='ltr'><strong>seipsos,</strong></span> <span class='ocrx_word' id='word_1_764' title='bbox 1161 2272 1246 2301; x_wconf 87' lang='lat' dir='ltr'><strong>verba</strong></span> <span class='ocrx_word' id='word_1_765' title='bbox 1261 2275 1352 2299; x_wconf 85' lang='lat' dir='ltr'><strong>autem</strong></span> <span class='ocrx_word' id='word_1_766' title='bbox 1365 2268 1643 2304; x_wconf 85' lang='lat' dir='ltr'><strong>sua,quasiipsornm</strong></span> <span class='ocrx_word' id='word_1_767' title='bbox 1656 2265 1818 2296; x_wconf 84' lang='lat' dir='ltr'><strong>viventium,</strong></span> 
     </span>
    </p>
   </div>
   <div class='ocr_carea' id='block_1_104' title="bbox 1029 2310 1820 2350">
    <p class='ocr_par' dir='ltr' id='par_1_104' title="bbox 1029 2310 1820 2350">
     <span class='ocr_line' id='line_1_104' title="bbox 1029 2310 1820 2350; baseline -0.015 -3"><span class='ocrx_word' id='word_1_768' title='bbox 1029 2327 1085 2347; x_wconf 87' lang='lat' dir='ltr'><strong>non</strong></span> <span class='ocrx_word' id='word_1_769' title='bbox 1101 2319 1194 2346; x_wconf 81' lang='lat' dir='ltr'><strong>futura</strong></span> <span class='ocrx_word' id='word_1_770' title='bbox 1211 2317 1311 2349; x_wconf 85' lang='lat' dir='ltr'><strong>otiosa,</strong></span> <span class='ocrx_word' id='word_1_771' title='bbox 1327 2323 1384 2343; x_wconf 90' lang='lat' dir='ltr'><strong>non</strong></span> <span class='ocrx_word' id='word_1_772' title='bbox 1399 2315 1471 2350; x_wconf 85' lang='lat' dir='ltr'><strong>apud</strong></span> <span class='ocrx_word' id='word_1_773' title='bbox 1491 2313 1587 2345; x_wconf 85' lang='lat' dir='ltr'><strong>Israel,</strong></span> <span class='ocrx_word' id='word_1_774' title='bbox 1605 2311 1653 2339; x_wconf 89' lang='lat' dir='ltr'><strong>sed</strong></span> <span class='ocrx_word' id='word_1_775' title='bbox 1664 2310 1737 2346; x_wconf 89' lang='lat' dir='ltr'><strong>apud</strong></span> <span class='ocrx_word' id='word_1_776' title='bbox 1753 2317 1820 2345; x_wconf 77' lang='lat' dir='ltr'><strong>gen-</strong></span> 
     </span>
    </p>
   </div>
   <div class='ocr_carea' id='block_1_105' title="bbox 1029 2355 1819 2398">
    <p class='ocr_par' dir='ltr' id='par_1_105' title="bbox 1029 2355 1819 2398">
     <span class='ocr_line' id='line_1_105' title="bbox 1029 2355 1819 2398; baseline -0.014 -6"><span class='ocrx_word' id='word_1_777' title='bbox 1029 2368 1081 2398; x_wconf 89' lang='lat' dir='ltr'><strong>tes,</strong></span> <span class='ocrx_word' id='word_1_778' title='bbox 1099 2364 1250 2392; x_wconf 85' lang='lat' dir='ltr'><strong>canebant:</strong></span> <span class='ocrx_word' id='word_1_779' title='bbox 1266 2361 1407 2390; x_wconf 88' lang='lat' dir='ltr'><strong>Christum</strong></span> <span class='ocrx_word' id='word_1_780' title='bbox 1422 2363 1511 2387; x_wconf 88' lang='lat' dir='ltr'><strong>autem</strong></span> <span class='ocrx_word' id='word_1_781' title='bbox 1526 2366 1622 2386; x_wconf 87' lang='lat' dir='ltr'><strong>rursus</strong></span> <span class='ocrx_word' id='word_1_782' title='bbox 1645 2355 1819 2387; x_wconf 87' lang='lat' dir='ltr'><strong>nominatim,</strong></span> 
     </span>
    </p>
   </div>
   <div class='ocr_carea' id='block_1_106' title="bbox 1029 2402 1821 2447">
    <p class='ocr_par' dir='ltr' id='par_1_106' title="bbox 1029 2402 1821 2447">
     <span class='ocr_line' id='line_1_106' title="bbox 1029 2402 1821 2447; baseline -0.014 -9"><span class='ocrx_word' id='word_1_783' title='bbox 1029 2411 1109 2447; x_wconf 82' lang='lat' dir='ltr'><strong>quasi</strong></span> <span class='ocrx_word' id='word_1_784' title='bbox 1127 2410 1203 2437; x_wconf 92' lang='lat' dir='ltr'><strong>illum</strong></span> <span class='ocrx_word' id='word_1_785' title='bbox 1220 2409 1360 2436; x_wconf 89' lang='lat' dir='ltr'><strong>Christum</strong></span> <span class='ocrx_word' id='word_1_786' title='bbox 1378 2415 1394 2434; x_wconf 85' lang='lat' dir='ltr'><strong>a</strong></span> <span class='ocrx_word' id='word_1_787' title='bbox 1410 2414 1465 2442; x_wconf 89' lang='lat' dir='ltr'><strong>quo</strong></span> <span class='ocrx_word' id='word_1_788' title='bbox 1480 2404 1657 2441; x_wconf 89' lang='lat' dir='ltr'><strong>propheticus</strong></span> <span class='ocrx_word' id='word_1_789' title='bbox 1671 2402 1738 2437; x_wconf 90' lang='lat' dir='ltr'><strong>ipsis</strong></span> <span class='ocrx_word' id='word_1_790' title='bbox 1755 2409 1821 2437; x_wconf 85' lang='lat' dir='ltr'><strong>sup-</strong></span> 
     </span>
    </p>
   </div>
   <div class='ocr_carea' id='block_1_107' title="bbox 1029 2446 1821 2492">
    <p class='ocr_par' dir='ltr' id='par_1_107' title="bbox 1029 2446 1821 2492">
     <span class='ocr_line' id='line_1_107' title="bbox 1029 2446 1821 2492; baseline -0.015 -8"><span class='ocrx_word' id='word_1_791' title='bbox 1029 2446 1199 2492; x_wconf 80' lang='lat' dir='ltr'><strong>peditaretur</strong></span> <span class='ocrx_word' id='word_1_792' title='bbox 1212 2454 1337 2490; x_wconf 90' lang='lat' dir='ltr'><strong>spiritus,</strong></span> <span class='ocrx_word' id='word_1_793' title='bbox 1355 2449 1641 2487; x_wconf 86' lang='lat' dir='ltr'><strong>comprehendendum</strong></span> <span class='ocrx_word' id='word_1_794' title='bbox 1652 2447 1780 2475; x_wconf 88' lang='lat' dir='ltr'><strong>dicebant</strong></span> <span class='ocrx_word' id='word_1_795' title='bbox 1793 2446 1821 2472; x_wconf 89' lang='lat' dir='ltr'><strong>in</strong></span> 
     </span>
    </p>
   </div>
   <div class='ocr_carea' id='block_1_108' title="bbox 1029 2493 1822 2538">
    <p class='ocr_par' dir='ltr' id='par_1_108' title="bbox 1029 2493 1822 2538">
     <span class='ocr_line' id='line_1_108' title="bbox 1029 2493 1822 2538; baseline -0.015 -8"><span class='ocrx_word' id='word_1_796' title='bbox 1029 2501 1254 2538; x_wconf 88' lang='lat' dir='ltr'><strong>corruptiOnibus</strong></span> <span class='ocrx_word' id='word_1_797' title='bbox 1277 2500 1412 2535; x_wconf 91' lang='lat' dir='ltr'><strong>ipsorum.</strong></span> <span class='ocrx_word' id='word_1_798' title='bbox 1427 2496 1570 2531; x_wconf 84' lang='lat' dir='ltr'><strong>Quorum?</strong></span> <span class='ocrx_word' id='word_1_799' title='bbox 1584 2495 1687 2529; x_wconf 84' lang='lat' dir='ltr'><strong>Nempe</strong></span> <span class='ocrx_word' id='word_1_800' title='bbox 1709 2493 1822 2521; x_wconf 69' lang='lat' dir='ltr'><strong>Iudaeo-</strong></span> 
     </span>
    </p>
   </div>
   <div class='ocr_carea' id='block_1_109' title="bbox 1028 2539 1821 2584">
    <p class='ocr_par' dir='ltr' id='par_1_109' title="bbox 1028 2539 1821 2584">
     <span class='ocr_line' id='line_1_109' title="bbox 1028 2539 1821 2584; baseline -0.015 -7"><span class='ocrx_word' id='word_1_801' title='bbox 1028 2557 1100 2582; x_wconf 85' lang='lat' dir='ltr'><strong>rum,</strong></span> <span class='ocrx_word' id='word_1_802' title='bbox 1116 2549 1163 2584; x_wconf 89' lang='lat' dir='ltr'><strong>qui</strong></span> <span class='ocrx_word' id='word_1_803' title='bbox 1191 2548 1268 2575; x_wconf 93' lang='lat' dir='ltr'><strong>illum</strong></span> <span class='ocrx_word' id='word_1_804' title='bbox 1296 2545 1405 2574; x_wconf 87' lang='lat' dir='ltr'><strong>insidiis</strong></span> <span class='ocrx_word' id='word_1_805' title='bbox 1425 2544 1677 2572; x_wconf 87' lang='lat' dir='ltr'><strong>circumvenerunt.</strong></span> <span class='ocrx_word' id='word_1_806' title='bbox 1703 2539 1821 2567; x_wconf 83' lang='lat' dir='ltr'><strong>Attende</strong></span> 
     </span>
    </p>
   </div>
   <div class='ocr_carea' id='block_1_110' title="bbox 1029 2586 1820 2629">
    <p class='ocr_par' dir='ltr' id='par_1_110' title="bbox 1029 2586 1820 2629">
     <span class='ocr_line' id='line_1_110' title="bbox 1029 2586 1820 2629; baseline -0.013 -7"><span class='ocrx_word' id='word_1_807' title='bbox 1029 2602 1095 2622; x_wconf 88' lang='lat' dir='ltr'><strong>vero</strong></span> <span class='ocrx_word' id='word_1_808' title='bbox 1118 2595 1163 2621; x_wconf 92' lang='lat' dir='ltr'><strong>hic</strong></span> <span class='ocrx_word' id='word_1_809' title='bbox 1183 2601 1303 2629; x_wconf 80' lang='lat' dir='ltr'><strong>quoque,</strong></span> <span class='ocrx_word' id='word_1_810' title='bbox 1323 2597 1353 2619; x_wconf 92' lang='lat' dir='ltr'><strong>ut</strong></span> <span class='ocrx_word' id='word_1_811' title='bbox 1372 2590 1514 2619; x_wconf 84' lang='lat' dir='ltr'><strong>oraculum</strong></span> <span class='ocrx_word' id='word_1_812' title='bbox 1536 2589 1679 2616; x_wconf 81' lang='lat' dir='ltr'><strong>Christum</strong></span> <span class='ocrx_word' id='word_1_813' title='bbox 1696 2586 1820 2622; x_wconf 63' lang='lat' dir='ltr'><strong>praedicit</strong></span> 
     </span>
    </p>
   </div>
   <div class='ocr_carea' id='block_1_111' title="bbox 1031 2632 1819 2676">
    <p class='ocr_par' dir='ltr' id='par_1_111' title="bbox 1031 2632 1819 2676">
     <span class='ocr_line' id='line_1_111' title="bbox 1031 2632 1819 2676; baseline -0.013 -7"><span class='ocrx_word' id='word_1_814' title='bbox 1031 2639 1331 2676; x_wconf 84' lang='lat' dir='ltr'><strong>comprehendendum,</strong></span> <span class='ocrx_word' id='word_1_815' title='bbox 1349 2637 1421 2673; x_wconf 92' lang='lat' dir='ltr'><strong>quod</strong></span> <span class='ocrx_word' id='word_1_816' title='bbox 1435 2643 1501 2664; x_wconf 82' lang='lat' dir='ltr'><strong>sane</strong></span> <span class='ocrx_word' id='word_1_817' title='bbox 1515 2634 1619 2663; x_wconf 85' lang='lat' dir='ltr'><strong>Christi</strong></span> <span class='ocrx_word' id='word_1_818' title='bbox 1632 2632 1753 2662; x_wconf 80' lang='lat' dir='ltr'><strong>secundo</strong></span> <span class='ocrx_word' id='word_1_819' title='bbox 1769 2632 1819 2659; x_wconf 84' lang='lat' dir='ltr'><strong>ad-</strong></span> 
     </span>
    </p>
   </div>
   <div class='ocr_carea' id='block_1_112' title="bbox 1030 2680 1822 2719">
    <p class='ocr_par' dir='ltr' id='par_1_112' title="bbox 1030 2680 1822 2719">
     <span class='ocr_line' id='line_1_112' title="bbox 1030 2680 1822 2719; baseline -0.013 -4"><span class='ocrx_word' id='word_1_820' title='bbox 1030 2687 1125 2716; x_wconf 82' lang='lat' dir='ltr'><strong>ventui</strong></span> <span class='ocrx_word' id='word_1_821' title='bbox 1136 2685 1339 2714; x_wconf 85' lang='lat' dir='ltr'><strong>accommodari</strong></span> <span class='ocrx_word' id='word_1_822' title='bbox 1353 2692 1408 2711; x_wconf 87' lang='lat' dir='ltr'><strong>non</strong></span> <span class='ocrx_word' id='word_1_823' title='bbox 1423 2682 1521 2719; x_wconf 88' lang='lat' dir='ltr'><strong>possit,</strong></span> <span class='ocrx_word' id='word_1_824' title='bbox 1536 2689 1617 2718; x_wconf 90' lang='lat' dir='ltr'><strong>quem</strong></span> <span class='ocrx_word' id='word_1_825' title='bbox 1634 2680 1784 2717; x_wconf 69' lang='lat' dir='ltr'><strong>gloriosum</strong></span> <span class='ocrx_word' id='word_1_826' title='bbox 1795 2682 1822 2705; x_wconf 74' lang='lat' dir='ltr'><strong>i-t</strong></span> 
     </span>
    </p>
   </div>
   <div class='ocr_carea' id='block_1_113' title="bbox 1031 2725 1822 2768">
    <p class='ocr_par' dir='ltr' id='par_1_113' title="bbox 1031 2725 1822 2768">
     <span class='ocr_line' id='line_1_113' title="bbox 1031 2725 1822 2768; baseline -0.013 -7"><span class='ocrx_word' id='word_1_827' title='bbox 1031 2741 1094 2761; x_wconf 95' lang='lat' dir='ltr'><strong>cum</strong></span> <span class='ocrx_word' id='word_1_828' title='bbox 1122 2740 1207 2768; x_wconf 79' lang='lat' dir='ltr'><strong>regno</strong></span> <span class='ocrx_word' id='word_1_829' title='bbox 1230 2731 1325 2759; x_wconf 89' lang='lat' dir='ltr'><strong>divino</strong></span> <span class='ocrx_word' id='word_1_830' title='bbox 1352 2730 1495 2761; x_wconf 80' lang='lat' dir='ltr'><strong>futurum,</strong></span> <span class='ocrx_word' id='word_1_831' title='bbox 1523 2727 1684 2764; x_wconf 85' lang='lat' dir='ltr'><strong>prophetica</strong></span> <span class='ocrx_word' id='word_1_832' title='bbox 1710 2725 1822 2754; x_wconf 85' lang='lat' dir='ltr'><strong>oracula</strong></span> 
     </span>
    </p>
   </div>
   <div class='ocr_carea' id='block_1_114' title="bbox 1031 2773 1828 2813">
    <p class='ocr_par' dir='ltr' id='par_1_114' title="bbox 1031 2773 1828 2813">
     <span class='ocr_line' id='line_1_114' title="bbox 1031 2773 1828 2813; baseline -0.011 -5"><span class='ocrx_word' id='word_1_833' title='bbox 1031 2780 1185 2808; x_wconf 87' lang='lat' dir='ltr'><strong>cnuntiant.</strong></span> <span class='ocrx_word' id='word_1_834' title='bbox 1217 2778 1391 2813; x_wconf 83' lang='lat' dir='ltr'><strong>Quapropter</strong></span> <span class='ocrx_word' id='word_1_835' title='bbox 1413 2783 1526 2804; x_wconf 89' lang='lat' dir='ltr'><strong>necesse</strong></span> <span class='ocrx_word' id='word_1_836' title='bbox 1549 2779 1591 2803; x_wconf 90' lang='lat' dir='ltr'><strong>est</strong></span> <span class='ocrx_word' id='word_1_837' title='bbox 1612 2773 1722 2802; x_wconf 76' lang='lat' dir='ltr'><strong>Judaeos</strong></span> <span class='ocrx_word' id='word_1_838' title='bbox 1746 2773 1828 2800; x_wconf 82' lang='lat' dir='ltr'><strong>aber—</strong></span> 
     </span>
    </p>
   </div>
   <div class='ocr_carea' id='block_1_115' title="bbox 1033 2821 1821 2863">
    <p class='ocr_par' dir='ltr' id='par_1_115' title="bbox 1033 2821 1821 2863">
     <span class='ocr_line' id='line_1_115' title="bbox 1033 2821 1821 2863; baseline -0.009 -9"><span class='ocrx_word' id='word_1_839' title='bbox 1033 2835 1106 2860; x_wconf 84' lang='lat' dir='ltr'><strong>rare,</strong></span> <span class='ocrx_word' id='word_1_840' title='bbox 1122 2827 1169 2863; x_wconf 89' lang='lat' dir='ltr'><strong>qui</strong></span> <span class='ocrx_word' id='word_1_841' title='bbox 1183 2834 1215 2855; x_wconf 87' lang='lat' dir='ltr'><strong>ea</strong></span> <span class='ocrx_word' id='word_1_842' title='bbox 1226 2833 1287 2862; x_wconf 68' lang='lat' dir='ltr'><strong>quae</strong></span> <span class='ocrx_word' id='word_1_843' title='bbox 1299 2825 1332 2853; x_wconf 83' lang='lat' dir='ltr'><strong>ad</strong></span> <span class='ocrx_word' id='word_1_844' title='bbox 1345 2823 1495 2852; x_wconf 91' lang='lat' dir='ltr'><strong>secundum</strong></span> <span class='ocrx_word' id='word_1_845' title='bbox 1510 2822 1583 2850; x_wconf 90' lang='lat' dir='ltr'><strong>illius</strong></span> <span class='ocrx_word' id='word_1_846' title='bbox 1599 2821 1745 2849; x_wconf 87' lang='lat' dir='ltr'><strong>adventum</strong></span> <span class='ocrx_word' id='word_1_847' title='bbox 1760 2826 1821 2855; x_wconf 69' lang='lat' dir='ltr'><strong>perv</strong></span> 
     </span>
    </p>
   </div>
   <div class='ocr_carea' id='block_1_116' title="bbox 1137 2899 1666 2938">
    <p class='ocr_par' dir='ltr' id='par_1_116' title="bbox 1137 2899 1666 2938">
     <span class='ocr_line' id='line_1_116' title="bbox 1137 2899 1666 2938; baseline -0.009 -6"><span class='ocrx_word' id='word_1_848' title='bbox 1137 2904 1252 2933; x_wconf 65' lang='lat' dir='ltr'><strong>°3llebr.</strong></span> <span class='ocrx_word' id='word_1_849' title='bbox 1270 2912 1311 2938; x_wconf 83' lang='lat' dir='ltr'><strong>in,</strong></span> <span class='ocrx_word' id='word_1_850' title='bbox 1330 2903 1373 2931; x_wconf 75' lang='grc'><strong>14.</strong></span> <span class='ocrx_word' id='word_1_851' title='bbox 1413 2901 1546 2929; x_wconf 72' lang='lat' dir='ltr'><strong>“Thren.</strong></span> <span class='ocrx_word' id='word_1_852' title='bbox 1569 2908 1605 2934; x_wconf 87' lang='lat' dir='ltr'><strong>IV,</strong></span> <span class='ocrx_word' id='word_1_853' title='bbox 1621 2899 1666 2927; x_wconf 73' lang='lat'><strong>20.</strong></span> 
     </span>
    </p>
   </div>
  </div>
