2084 3216
308 185 360 222 εις)

625 184 760 212 EL’SEBll
777 181 1020 211 CIESARl-ENSIS
1039 180 1116 210 OPP.
1132 179 1233 209 PARS.
1254 180 1287 208 ll.
1298 178 1596 208 ——APOLOGETICA.

1885 178 1941 206 5‘20

307 244 396 270 tinent
408 244 488 279 quasi
506 244 540 270 de
557 243 647 278 primo
662 243 751 270 solent
766 242 900 277 accipere,
917 249 978 268 cum
992 241 1018 268 id
1028 249 1086 269 nus

1144 239 1223 267 τοῦτο
1238 239 1440 276 συγίωροῠντος
1455 238 1502 265 τοῦ
1520 238 1610 273 λόγου.
1629 237 1690 264 ἐπεὶ
1707 237 1744 274 μὴ
1757 234 1812 265 οἷόν
1823 237 1853 264 τέ
1867 238 1941 266 ἐστιν

305 297 386 324 quam
400 290 469 316 ratio
485 289 618 317 concedat
633 298 639 316 ε
659 289 760 324 quippe
773 296 836 315 cum
850 287 908 315 ﬁeri
920 287 997 314 nullo
1012 287 1094 314 modo

304 335 404 370 possit.
421 339 450 362 ut
465 340 492 363 et
507 336 610 370 pariter
634 339 661 362 et
684 334 834 362 secundum
858 334 942 365 idem,
963 333 1040 361 illum
1067 337 1095 360 et

305 381 454 416 gloriosum
473 385 500 408 et
517 381 655 415 abjectum
676 381 811 416 ﬁngamus
836 390 843 408 :
872 384 1004 416 praeterea
1031 387 1095 407 cum

305 427 409 454 honore
426 430 453 454 et
468 435 562 462 regno,
579 432 605 454 et
620 431 717 454 contra
744 434 801 454 non
829 426 976 454 habentem
1003 433 1095 461 neque.

305 473 423 507 speciem
442 481 529 508 neque
552 472 647 506 decus,
672 473 720 500 sed
737 476 926 507 contemptum
951 480 1007 508 prae
1030 471 1094 499 ﬁliis

305 520 446 546 hominum
467 529 472 546 :
487 527 583 548 rursus
600 519 771 547 Salvatorem
783 523 810 547 et
826 518 1037 555 Redemptorem
1054 518 1094 545 ls-

305 565 372 596 rael,
387 568 413 591 et
429 570 523 592 contra
537 565 753 592 circumventum
768 565 802 592 ab
816 565 881 597 illis,
893 568 920 592 et
927 564 1006 600 quasi
1015 571 1094 592 ovem

304 611 416 638 ductum
441 611 473 638 ad
494 611 672 643 occisionem,
698 615 726 639 et
740 612 774 639 ab
791 611 930 647 antiquis,
958 611 1004 647 qui
1022 612 1093 639 inter

303 657 413 684 eosdem
429 657 496 689 sint,
511 657 640 684 traditum
652 657 685 684 ad
701 657 904 685 mortem.Cum
918 662 1008 685 autem
1025 658 1092 686 satis

303 703 445 730 commode
471 711 504 730 ex
531 703 634 730 nostris
658 703 834 736 rationibus,
861 702 1091 739 quemadmodum

301 748 360 782 ipsa
377 756 467 776 rerum
484 749 618 783 inspectio
634 749 765 781 declarat,
791 749 920 777 vaticinia
937 750 969 777 de
981 750 1092 776 Christo

301 794 329 821 in
343 794 398 821 duo
413 803 513 829 genera
530 795 706 823 dividantur:
734 804 766 824 ea
788 797 898 831 quidem
917 804 978 831 qua:
990 796 1023 823 ad
1040 797 1092 823 hu-

299 848 410 867 manam
434 841 509 869 illius
537 845 664 869 naturam
681 846 806 878 spectant
821 843 1000 877 tristioraque
1014 847 1090 874 sunt,

300 885 328 912 in
341 886 432 920 priore
448 886 522 914 illius
538 886 657 914 adventu
674 887 808 923 completa
822 895 884 916 esse
902 887 1065 915 conﬁtemur
1081 896 1089 921 ;

1145 286 1213 322 ἐμοῦ
1237 286 1284 313 καὶ
1309 286 1379 313 κατὰ
1405 285 1435 312 τὺ
1458 285 1524 312 αὐτὸ
1552 284 1658 317 ἔνδοξον
1680 284 1760 311 αὑτὸν
1781 285 1828 311 καὶ
1848 285 1941 318 ἄδοξον

1145 323 1338 360 ὑποτίθεσθαι·
1363 333 1410 360 καὶ
1433 332 1540 367 ἔντιμον
1566 333 1614 359 καὶ
1640 331 1763 367 βασιλέα,
1783 331 1830 358 καὶ
1857 332 1940 358 πάλιν

1144 380 1194 406 οὐκ
1205 379 1301 414 ἔχοντα
1316 377 1386 411 εἶδος
1400 379 1462 406 οὐδὲ
1477 378 1584 410 κάλλος,
1598 378 1654 405 ἀλλ’
1675 378 1771 414 ἄτιμον
1783 377 1858 413 παρὰ
1875 377 1941 410 τοὺς

1144 427 1219 458 υἱοὺς
1235 426 1290 453 τῶν
1300 425 1452 461 ἀνθρώπων
1461 433 1469 442 θ
1483 425 1532 452 καὶ
1545 424 1624 457 αὖθις
1640 425 1754 460 Σωτῆρα
1770 425 1818 451 καὶ
1830 424 1940 460 Λυτρω-

1143 472 1193 508 τὴν
1213 472 1260 499 τοῦ
1279 471 1403 508 Ἰσραὴλ,
1424 471 1472 499 nat
1498 470 1580 498 πάλιν
1605 470 1849 506 ἐπιϐουλευόμενον
1871 470 1941 506 πρὸς

1144 519 1244 551 αὐτῶν,
1257 519 1304 546 καὶ
1320 519 1359 551 ὡς
1379 518 1514 554 πρόὸατον
1535 517 1581 544 ἐπὶ
1595 517 1702 552 σφαγὴν
1723 517 1869 552 ἀγόμενον,
1885 517 1940 544 ἀπό

1143 574 1172 592 τε
1185 565 1239 592 τῶν
1249 565 1358 600 ἀνόμων
1379 564 1460 591 αὑτὸν
1476 565 1516 596 εἰς
1532 563 1646 591 θάνατον
1663 563 1886 599 παραδιδόμενον.
1900 560 1939 590 Εὖ

1143 612 1172 638 δὲ
1187 611 1248 638 καθ’
1264 611 1348 647 ἡμᾶς,
1365 610 1403 642 ὼς
1422 611 1439 646 ἡ
1455 609 1510 636 τῶν
1525 609 1694 645 πραγμάτων
1710 609 1770 645 δψις
1792 610 1940 638 ἐπιδείκνυ-

1144 665 1196 688 σιν,
1212 657 1252 688 εἰς
1271 656 1316 682 δύο
1330 655 1448 692 τρόπους
1467 655 1521 681 τῶν
1543 654 1666 690 περὶτοῦ
1684 654 1803 690 Χριστοῦ
1819 656 1939 691 προρῤή»

1144 711 1211 729 σεων
1222 701 1430 738 διαιρουμένων,
1447 700 1482 728 τὰ
1499 700 1550 736 μὲν
1569 700 1800 737 ἁνθρωπινώτερα
1812 701 1859 727 καὶ
1876 709 1939 727 σκυ-

1143 749 1240 785 θρωπὰ
1263 747 1335 775 κατὰ
1355 748 1404 784 τὴν
1424 747 1560 783 προτέραν
1581 746 1672 782 ἄφιξιν
1693 746 1775 773 αὑτοῦ
1794 746 1940 782 πεπληρῶ-

1143 795 1205 821 σθαι
1219 794 1400 830 ὁμολογεῖται,
1417 793 1453 820 τὰ
1469 794 1492 820 δ’
1511 793 1668 829 ἐνδοξότερα
1682 792 1729 820 καὶ
1745 792 1870 828 θειότερα
1882 793 1939 822 εἱσ-

1143 840 1182 867 έτι
1196 840 1243 867 νῦν
1261 840 1442 876 προσδοκᾶται
1469 839 1540 867 κατὰ
1563 839 1613 875 τὴν
1633 839 1763 874 δευτέραν
1783 838 1866 866 αὑτοῦ
1885 847 1938 866 πα-

1145 887 1264 923 ρουσίαν.
1283 886 1431 919 ’Λπόδειξις
1449 886 1478 912 δὲ
1503 886 1553 921 τῆς
1577 885 1712 922 προτέρας
1723 885 1854 921 ἐναργὴς,
1872 885 1889 920 ἡ
1906 884 1936 918 ἐξ

302 939 362 965 qua:
377 939 441 958 vero
468 933 599 967 majorem
625 933 739 968 gloriam
759 934 872 967 habent,
902 941 934 961 ac
956 934 1086 961 diviniora

1142 934 1271 960 ἁπάντων
1292 932 1346 960 τῶν
1368 932 1454 959 ἐθνῶν
1471 933 1511 964 εἷς
1532 931 1612 968 ἔργον
1636 932 1788 967 χωρήσασα
1804 931 1838 957 δι’
1853 930 1938 958 αὐτοῦ

302 981 375 1008 sunt,
392 977 482 1004 adhuc
502 986 589 1013 usque
620 979 654 1006 ad
681 979 832 1007 secundum
855 979 928 1007 illius
944 979 1089 1006 adventum

301 1027 505 1057 exspectantur.
522 1023 625 1051 Prioris
650 1028 742 1051 autem
762 1025 961 1053 demonstratio
974 1025 1086 1052 eviden-

300 1070 406 1098 tissima
420 1070 465 1097 Dei
481 1070 575 1105 utique
591 1078 639 1106 per
656 1071 732 1098 illum
749 1071 776 1098 in
801 1079 898 1098 omnes
913 1076 1007 1106 gentes
1023 1079 1087 1107 pro—

300 1124 403 1152 gressa,
429 1121 456 1144 et
478 1117 569 1151 rcipsa
595 1116 732 1144 declarata
747 1117 878 1152 cognitio,
904 1125 987 1152 quam
1003 1118 1088 1145 variis

1143 979 1301 1014 θεογνωσὶα,
1320 979 1353 1014 ἣν
1368 979 1502 1014 διαφόρως
1521 977 1614 1014 μυρίαι
1631 977 1788 1009 Θεσπίζουσι
1804 986 1939 1013 προφητι-

1141 1026 1187 1052 καὶ
1198 1025 1295 1060 φωναὶ,
1311 1024 1464 1059 ὡσπεροῦν,
1479 1024 1525 1050 καὶ
1539 1024 1556 1059 ἡ
1572 1022 1708 1059 παροῦσα,
1726 1024 1760 1050 δι’
1772 1021 1805 1059 ἦς
1817 1023 1937 1060 εἴρηται,

1139 1068 1170 1097 οῦ
1187 1072 1319 1106 εἴπαμεν·
1344 1080 1354 1097 ι
1377 1071 1420 1097 Ἐν
1439 1071 1472 1105 τῇ
1490 1070 1554 1105 σκιᾷ
1568 1069 1650 1096 αὑτοῦ
1681 1069 1820 1105 ζηώμεθα
1835 1071 1865 1096 ὲν
1881 1070 1939 1102 τοῖς

1142 1118 1241 1145 ἔθνεσι.
1262 1127 1272 1143 ι

299 1163 470 1198 diversisque
481 1163 570 1191 modis
582 1164 796 1192 innumerabiles
808 1169 911 1192 canunt
925 1165 1091 1201 prophetica
1109 1173 1204 1198 voces,
1223 1166 1296 1194 sicut
1307 1165 1349 1193 vel
1366 1172 1398 1193 ea
1413 1164 1621 1200 quamproxime
1642 1164 1800 1197 citavimus,
1826 1164 1855 1192 in
1880 1171 1935 1199 qua

299 1211 380 1238 verba
397 1211 443 1238 illa
461 1212 690 1244 continebantur,
718 1212 752 1240 de
782 1221 837 1248 quo
863 1213 1002 1241 diximus:
1020 1224 1029 1240 ι
1051 1213 1079 1241 In
1100 1214 1197 1242 umbra
1213 1214 1300 1248 ipsius
1313 1213 1437 1241 vivemus
1455 1213 1482 1240 in
1498 1213 1637 1249 gentibus.
1658 1221 1667 1238 ι

300 1268 377 1304 191
396 1269 417 1295 Α
432 1270 516 1303 primo
531 1270 638 1305 Regum.
648 1286 683 1291 —-
699 1271 820 1299 Christus
833 1274 989 1300 nominatim
1002 1282 1017 1300 a
1035 1273 1088 1301 Dos

519 1306 591 1333 mino
608 1306 689 1333 Patre
711 1308 857 1335 exattatur.

335 1370 344 1386 ι
369 1359 499 1389 Dominus
516 1363 638 1390 ascendit
653 1363 681 1390 in
703 1365 788 1392 ccelos
804 1369 831 1392 et
845 1366 932 1393 tonuit
948 1376 954 1393 :
969 1366 1026 1402 ipse
1039 1367 1086 1401 ju-

297 1407 400 1435 dicabit
412 1412 532 1436 extrema
545 1413 634 1441 terrae,
647 1410 693 1445 qui
709 1411 755 1438 dat
772 1411 958 1440 fortitudinem
975 1414 1086 1448 regibus

297 1456 410 1486 nostris,
426 1459 453 1482 et
465 1456 597 1483 exaltabit
613 1464 699 1484 cornu
714 1457 816 1486 Christi
831 1459 874 1486 sui
887 1460 921 1486 ⁸⁵.
938 1469 947 1485 ι
965 1459 1086 1488 Restitu-

296 1501 398 1527 tionem
429 1501 456 1528 in
483 1502 582 1528 ccelum
610 1509 707 1531 rursus
734 1504 895 1532 nominatim
913 1505 1015 1533 Christi
1038 1510 1086 1533 aut

295 1546 377 1573 etiam
398 1546 445 1574 Dei
475 1548 615 1575 oraculum
632 1549 766 1584 intelligit,
783 1550 961 1586 ejusdemque
979 1552 1083 1580 doctri-

1148 1274 1216 1301 Ἀπὸ
1226 1273 1280 1307 τῆς
1295 1273 1412 1308 πρώτης
1422 1272 1481 1300 τῶν
1501 1272 1679 1308 βασιλειῶν,
1687 1287 1720 1293 —-
1728 1271 1855 1306 Χριστὸς
1869 1273 1937 1298 ὀνο-

1210 1309 1304 1343 μαστὶ
1317 1309 1376 1336 ὑπὸ
1391 1308 1503 1342 Κυρίου
1517 1307 1570 1335 τοῦ
1586 1307 1702 1341 Πατρός
1719 1308 1903 1342 ὐψούμενος.

1178 1375 1187 1391 ι
1202 1365 1304 1401 Κύριος
1313 1365 1395 1400 ἀνέϐη
1408 1364 1594 1401 εξςοῦρανοὺς,
1608 1364 1655 1390 καὶ
1664 1363 1839 1400 ἐϐρόντησεν
1853 1364 1935 1395 αὐτὸς

1140 1412 1229 1447 κρινεῖ
1250 1411 1323 1446 ἄκρα
1348 1411 1409 1446 γῆς,
1432 1411 1480 1437 καὶ
1501 1410 1581 1436 δώσει
1607 1410 1682 1444 ἰσχὺν
1701 1411 1758 1441 τοῖς
1779 1409 1935 1445 βασιλεῦσιν

1140 1456 1228 1492 ἡμῶν,
1254 1456 1302 1482 καὶ
1321 1455 1423 1490 ὑψώσει
1443 1455 1526 1491 κέρας
1545 1455 1663 1491 Χριστοῦ
1680 1455 1774 1482 αὑτοῦ.
1793 1465 1802 1481 ι
1822 1455 1878 1490 Τὴν
1895 1455 1934 1487 εις

1139 1502 1271 1538 οὐρανοὺς
1283 1502 1504 1529 ἀποκατάστασιν
1519 1500 1597 1533 αὖθις
1609 1502 1739 1535 ὀνομαστὶ
1752 1501 1799 1528 τοῦ
1814 1501 1933 1537 Χριστοῦ

1137 1548 1153 1584 ἦ
1168 1549 1216 1575 καὶ
1231 1548 1299 1575 Θεοῦ
1314 1549 1392 1583 λόγος
1406 1549 1565 1580 ἐπινοεῖται,
1578 1549 1627 1584 τήν
1636 1556 1666 1574 τε
1677 1547 1839 1580 ἐξάκουστον
1853 1548 1932 1583 βρον-
1951 1553 1954 1555 ‘

295 1599 368 1624 nam,
387 1600 447 1628 qua:
473 1593 562 1621 instar
584 1595 688 1622 tonitru
706 1596 740 1623 ab
768 1597 896 1624 omnibus
915 1598 1085 1626 exaudientia

1137 1593 1188 1628 τῆς
1216 1593 1295 1628 δίκην
1317 1593 1357 1624 εἰς
1374 1594 1497 1625 ἅπαντας
1516 1592 1688 1620 διδασκαλίαν
1708 1593 1801 1625 αὑτοῦ,
1819 1592 1864 1619 καὶ
1883 1593 1932 1628 τὴν

295 1639 340 1670 sit,
358 1638 422 1666 item
438 1640 511 1674 quod
532 1644 625 1675 postea
642 1640 763 1669 futurum
786 1646 828 1670 est
845 1643 967 1678 ejusdem
989 1648 1085 1672 contra

294 1693 390 1713 omnes
401 1686 548 1720 judicium.
564 1686 629 1715 Post
642 1688 699 1715 haec
713 1692 804 1716 autem
821 1690 880 1724 ipse
891 1690 1022 1718 Dominus
1036 1691 1085 1719 da-

295 1734 374 1758 turus
390 1732 475 1759 robur
492 1732 595 1759 dicitur
608 1733 718 1768 regibus
738 1736 850 1763 nostris.
868 1735 900 1763 Hi
920 1744 985 1764 vero
1003 1741 1084 1765 erunt

293 1777 410 1812 apostoli
431 1777 544 1811 Christi,
559 1778 594 1806 de
607 1780 707 1815 quibus
724 1780 807 1808 habes
828 1781 856 1808 in
882 1786 962 1810 uvn'
979 1783 1084 1818 psalmo

293 1821 361 1849 illud
377 1823 399 1838 “
417 1831 424 1850 :
441 1833 451 1848 ι
474 1823 605 1853 Dominus
614 1825 693 1853 .dabit
706 1826 817 1854 verbum
831 1828 1083 1863 evangelizantibus

293 1867 394 1895 virtute
407 1869 501 1896 multa.
520 1879 529 1895 ι
548 1869 576 1896 ln
590 1870 642 1898 hoc
658 1879 767 1907 quoque
780 1873 941 1900 nominatim
955 1873 988 1901 de
1001 1873 1082 1901 Chri-

293 1917 337 1941 sto
354 1915 520 1941 mentionem
536 1916 612 1948 facit,
628 1917 675 1951 qui
693 1921 721 1944 ut
738 1918 832 1951 homo,
848 1918 975 1946 Salvator
990 1925 1083 1948 noster

292 1959 472 1993 intelligatur,
488 1960 567 1995 cujus
584 1962 623 1988 ait
637 1969 722 1990 cornu
733 1964 917 1992 extollendum
931 1973 1002 1998 esse,
1017 1965 1083 1994 dum

292 2005 422 2032 virtutem
442 2007 471 2033 in
484 2006 530 2034 illo
543 2007 706 2036 invisibilem
717 2015 744 2037 et
757 2017 871 2045 regnum
889 2011 962 2039 illius
977 2013 1083 2047 signiﬁ-

292 2054 345 2078 cat.
357 2050 564 2080 Consueverunt
574 2061 638 2089 ergo
648 2053 746 2082 divinae
756 2056 852 2084 litterae
863 2057 952 2092 ipsum
967 2066 1081 2094 regnum

292 2103 379 2123 cornu
402 2097 546 2132 appellare.
573 2098 646 2126 Idem
668 2107 734 2128 vero
751 2101 870 2136 positum
889 2107 930 2130 est
955 2103 1037 2131 etiam
1054 2105 1083 2132 in

292 2149 413 2169 Lxxxvm
440 2143 546 2178 psalmo
560 2144 582 2160 ⁸⁷
602 2155 608 2172 :
626 2154 635 2171 ι
665 2146 699 2176 Et
715 2147 744 2174 in
757 2148 878 2181 nomine,
901 2149 1000 2185 inquit,
1019 2158 1082 2178 meo

290 2188 455 2216 exaltabitur
468 2197 554 2217 cornu
571 2191 640 2226 ejus.
658 2202 668 2218 ι

290 2244 312 2272 Α
331 2247 417 2287 primo
433 2246 540 2287 Regum.
555 2264 591 2269 -—
604 2248 728 2287 _Cl_iris_tus
746 2251 902 2278 nominatim
923 2251 1030 2279 domum
1046 2252 1080 2287 ﬁ-

325 2274 409 2319 delem
425 2291 441 2309 ιι
458 2274 541 2311 lintre
554 2274 650 2319 accipit
1095 2274 1119 2305 Β

322 2317 575 2357 dotem_ﬁ_delem_in
591 2317 666 2347 omne
681 2325 792 2356 tempus,
811 2323 856 2357 qui
871 2317 998 2350 Ecclesiw
1021 2332 1076 2351 sua

324 2361 384 2379 cum
403 2353 452 2381 Dei
466 2355 613 2390 cognitione
627 2357 728 2388 pra'sit.

325 2451 334 2467 ε
354 2442 424 2471 Ecce
439 2443 499 2472 dies
517 2445 640 2478 veniunt,
656 2449 684 2474 et
700 2447 812 2481 perdam
833 2455 927 2475 semen
943 2451 1032 2481 tuum,
1049 2452 1077 2477 et

285 2495 380 2515 semen
395 2489 492 2517 domus
504 2492 591 2526 patris
606 2492 645 2518 tui
663 2502 669 2519 :
686 2497 713 2520 et
728 2500 781 2520 non
798 2494 851 2521 erit
862 2502 944 2522 senex
955 2496 982 2522 in
994 2495 1076 2524 domo

286 2537 330 2560 tua
344 2535 375 2561 ⁸⁸.
394 2545 404 2561 ι
425 2534 486 2564 Haec
502 2541 647 2572 postquam
677 2538 712 2565 ad
736 2538 796 2566 Heli
821 2540 890 2567 dixit
919 2540 1074 2575 oraculum,

285 2584 383 2614 praeter
398 2582 450 2609 alia
468 2585 609 2617 nonnulla,
627 2586 686 2613 haec
699 2585 780 2613 etiam
798 2586 934 2623 adiungit.
952 2588 1048 2616 (licens
1065 2596 1074 2616 :

287 2633 298 2650 ε
323 2624 356 2652 Ει
370 2628 509 2656 suscitabo
536 2630 603 2657 mihi
624 2631 678 2666 ipsi
701 2632 872 2660 sacerdotem
892 2633 1009 2667 ﬁdelem,
1027 2635 1074 2670 qui

285 2671 377 2713 omnia
390 2671 467 2706 juxta
482 2682 530 2701 cor
546 2683 637 2703 meum
654 2680 682 2703 et
695 2676 814 2704 animam
830 2685 917 2705 meam
936 2679 1030 2712 faciet,
1047 2682 1075 2707 et

285 2715 425 2744 aediﬁcabo
439 2718 476 2746 illi
490 2720 600 2748 domum
619 2721 737 2756 ﬁdelem,
754 2727 781 2751 et
794 2724 964 2760 ingredietur
979 2733 1074 2753 coram

285 2760 395 2788 Christo
409 2771 469 2790 meo
484 2772 579 2793 omnes
594 2767 652 2796 dies
674 2769 708 2796 °’.
731 2779 739 2796 I
759 2769 828 2797 Cum
848 2771 1027 2799 mutationem
1042 2777 1075 2799 ac

288 2807 463 2842 rejectionem
477 2811 512 2840 iis
524 2813 570 2847 qui
586 2821 640 2841 non
654 2819 728 2843 recta
740 2816 847 2844 ratione
859 2820 1016 2852 operentur,
1032 2817 1075 2844 di-

1137 1639 1207 1675 μετὰ
1225 1640 1311 1667 ταῦτα
1328 1640 1513 1676 γενησομένην
1528 1639 1610 1667 αὑτοῦ
1623 1639 1695 1667 κατὰ
1713 1640 1824 1667 πάντων
1840 1640 1931 1676 κρὶςιν

1134 1688 1151 1723 ἡ
1169 1686 1228 1713 θεία
1237 1687 1332 1723 Γραφὴ
1350 1686 1481 1719 Θεσπιζει.
1499 1686 1577 1722 Ἑξῆς
1590 1686 1619 1713 δὲ
1632 1685 1737 1717 τούτοις
1753 1686 1834 1717 αὐτὸς
1846 1687 1860 1712 ὁ
1876 1685 1933 1712 Κύ-

1137 1743 1194 1770 ριος
1205 1733 1300 1761 δώσειν
1318 1734 1394 1770 ἰσχὺν
1410 1733 1518 1768 λέγεται
1531 1734 1588 1765 τοῖς
1605 1732 1760 1768 βασιλεῦσιν
1776 1732 1865 1768 ήμῶν.
1880 1729 1932 1759 Οὗ-

1134 1789 1176 1807 τοι
1191 1780 1213 1806 δ’
1227 1780 1260 1807 ἂν
1270 1778 1324 1807 εἷεν
1336 1780 1361 1806 οἱ
1371 1779 1514 1806 ἀπόστολοι
1530 1778 1577 1805 τοῦ
1587 1777 1717 1813 Χριστοῦ,
1734 1778 1798 1813 περὶ
1811 1774 1848 1804 ὧν
1860 1777 1931 1812 ἔχεις

1134 1826 1164 1852 ὲν
1185 1824 1221 1858 EC
1235 1825 1335 1861 ψαλμῷ
1347 1826 1388 1857 τὸ,
1404 1834 1414 1851 ‹
1431 1825 1535 1860 Κύριος
1548 1823 1628 1851 δώσει
1647 1824 1723 1860 ῥῆμα
1742 1824 1799 1854 τοῖς
1815 1823 1931 1857 εὐαγγε-

1133 1872 1285 1908 λιζομένοις
1303 1872 1417 1908 δυνάμει
1440 1871 1535 1907 πολλῇ.
1552 1881 1561 1897 ι
1581 1872 1641 1898 Κάν
1658 1871 1746 1906 τούτῳ
1765 1870 1793 1897 δὲ
1809 1870 1930 1906 Χριστοῦ

1133 1919 1264 1955 ὀνομαστὶ
1286 1918 1459 1954 μνημονεύει,
1485 1917 1533 1944 τοῦ
1548 1917 1621 1945 κατὰ
1633 1917 1678 1944 τὸν
1695 1917 1838 1953 ἄνθρωπον
1856 1925 1931 1944 νοου-

1135 1964 1217 2000 μένου
1234 1965 1360 2000 Σωτῆρος
1372 1963 1462 1999 ἡμῶν,
1492 1959 1524 1990 οὗ
1555 1963 1585 1990 τὸ
1602 1962 1686 1999 κέρας
1713 1962 1796 1997 φησὶν
1817 1961 1930 1998 ὑψωθή-

1134 2010 1238 2043 σεσθαι,
1255 2010 1304 2046 τὴν
1318 2010 1346 2036 ἐν
1362 2009 1437 2045 αὑτῷ
1451 2009 1567 2045 ἀόρατον
1583 2008 1707 2043 δύναμιν,
1724 2007 1771 2034 καὶ
1785 2007 1836 2043 τὴν
1850 2007 1929 2043 βασι-

1133 2055 1208 2083 λείαν
1236 2055 1318 2082 αὐτοῦ
1343 2055 1440 2091 δηλῶν.
1454 2055 1535 2087 Ἕθος
1549 2054 1616 2089 γοῦν
1629 2055 1661 2090 τῇ
1677 2054 1773 2090 Γραφῇ
1787 2055 1837 2090 τὴν
1850 2054 1929 2090 βασι-

1132 2102 1208 2130 λείαν
1218 2102 1302 2139 κέρας
1312 2102 1464 2138 ὀνομάζειν.
1476 2102 1573 2128 Κεῐται
1587 2101 1615 2128 δὲ
1627 2102 1674 2128 καὶ
1681 2101 1710 2128 ὲν
1722 2101 1761 2137 τῷ
1773 2105 1819 2137 πη¹
1827 2101 1929 2138 ψαλμῴ

1131 2149 1173 2182 τὺ,
1191 2159 1201 2175 ι
1219 2150 1275 2176 Καὶ
1298 2150 1328 2177 ὲν
1348 2149 1390 2186 τῷ
1402 2149 1514 2185 ὀνόματί
1533 2157 1585 2184 μου
1609 2148 1782 2179 ὑψωθήσεται
1797 2148 1828 2175 τὸ
1844 2148 1929 2184 κέρας

1132 2194 1225 2221 αὑτοῦ.

1138 2252 1205 2280 Ἀπὸ
1219 2251 1274 2286 τῆς
1285 2252 1402 2287 πρώτης
1412 2251 1471 2279 τῶν
1480 2250 1656 2279 Βασιλειῶν.
1664 2267 1698 2272 -
1714 2251 1843 2286 Χριστὸς
1859 2253 1926 2280 ὀνο-

1163 2288 1258 2322 μαστὶ
1268 2286 1353 2315 οἶκον
1361 2287 1470 2314 πιστὸν
1476 2287 1556 2320 παρὰ
1570 2287 1623 2314 τοῦ
1635 2288 1750 2321 Πατρὸς
1764 2287 1927 2322 λαμϐάνων

1165 2323 1223 2356 τὴν
1251 2324 1435 2357 Ἐκκλησίαν
1463 2322 1559 2349 αὑτοῦ
1572 2342 1580 2355 ,
1608 2323 1658 2349 καὶ
1690 2323 1785 2356 ἱερεὺς
1817 2324 1927 2356 πιστὸς

1166 2358 1264 2385 πάντα
1289 2358 1346 2394 τὸν
1371 2359 1484 2393 χρόνον
1507 2357 1562 2392 τῆς
1584 2358 1769 2392 Ἐιικλησίας
1792 2359 1926 2394 γνησίως

1166 2393 1396 2428 προϊστάμενος.

1168 2459 1177 2476 ι
1198 2449 1263 2477 Ἰδοὺ
1280 2450 1382 2486 ἡμέραι
1393 2449 1527 2486 ἔρχονται,
1540 2460 1549 2476 ι
1563 2449 1647 2485 λέγει,
1662 2459 1671 2475 ι
1685 2451 1732 2477 καὶ
1740 2449 1925 2486 ὲξολοθρεύσω

1129 2495 1160 2522 τὸ
1172 2495 1282 2531 σπέρμα
1295 2504 1352 2528 σου,
1365 2496 1412 2522 καὶ
1426 2495 1536 2531 σπέρμα
1547 2495 1622 2522 οἴκου
1629 2496 1732 2531 πατρός
1746 2504 1803 2523 σου⁶
1819 2496 1926 2524 καὶούκ

1130 2541 1205 2568 ἔσται
1222 2541 1380 2578 πρεσϐύτης
1396 2541 1424 2568 ὲν
1437 2541 1477 2577 τῷ
1487 2542 1555 2577 οἴκῳ
1571 2550 1631 2577 μου.
1650 2551 1661 2568 ›
1683 2541 1776 2569 Ταῦτα
1793 2542 1863 2578 πρὸς
1880 2542 1926 2569 τὸν

1137 2585 1210 2612 Ἠλεὶ
1225 2587 1315 2622 φήσας
1330 2587 1344 2612 ὁ
1360 2587 1560 2622 χρηματισμὸς,
1578 2586 1703 2623 ἐπιφέρει
1716 2586 1776 2622 μεθ’
1790 2587 1873 2624 ἕτερα
1885 2587 1926 2613 λέ-

1129 2640 1186 2666 γων
1197 2640 1203 2647 ·
1221 2642 1230 2658 ι
1250 2632 1305 2659 Καὶ
1315 2632 1460 2668 ἀναστήσω
1476 2632 1587 2668 ἐμαυτῷ
1600 2633 1675 2668 ἱερέα
1690 2633 1796 2664 πιστὸν,
1811 2633 1841 2666 ὃς
1856 2633 1925 2660 πάν-

1128 2687 1163 2706 τα
1190 2678 1224 2705 τὰ
1250 2680 1279 2705 ἐν
1306 2679 1339 2714 τῇ
1366 2678 1465 2714 καρδίᾳ
1482 2687 1543 2714 μου,
1562 2678 1660 2705 καὶτὰ
1677 2679 1706 2705 ὲν
1729 2680 1761 2714 τῇ
1776 2678 1849 2714 ψυχῇ
1872 2687 1923 2714 μου

1129 2726 1247 2760 ποιήσει,
1272 2725 1320 2751 καὶ
1346 2725 1517 2761 οἰκοδομήσω
1547 2724 1622 2761 αὐτῷ
1645 2723 1718 2752 οἶκον
1749 2725 1856 2758 πιστὸν,
1876 2726 1922 2752 καὶ

1128 2770 1294 2797 διελεύσεται
1312 2770 1427 2797 ἐνώπιον
1447 2769 1565 2806 Χριστοῦ
1593 2778 1643 2805 μου
1670 2770 1760 2801 πάσας
1781 2770 1833 2802 τὰς
1854 2770 1924 2805 ἡμέ-

1130 2825 1188 2852 ρας.
1210 2827 1220 2843 ι
1241 2817 1413 2844 Μετάστασιν
1434 2817 1480 2844 καὶ
1500 2816 1635 2852 ἀποϐολὴν
1651 2816 1803 2852 ἀπειλήσας
1822 2817 1837 2843 ὸ
1851 2816 1922 2847 θεῖος

325 2886 347 2901 ⁵⁵
363 2885 371 2912 l
389 2885 455 2923 Reg.
468 2897 497 2922 ιι,
515 2889 557 2917 10.
596 2891 618 2907 "
633 2899 704 2922 vers.
722 2893 762 2922 i2.
803 2895 823 2911 ⁸⁷
837 2903 908 2923 vers.
921 2895 965 2923 25.
1006 2895 1027 2912 ί⁸
1039 2895 1049 2923 l
1063 2894 1085 2923 Β

1149 2903 1179 2929 ιι,
1204 2895 1249 2922 δι.
1287 2895 1307 2912 επ
1321 2894 1387 2922 ibid.
1405 2894 1449 2922 35.
