2084 3216
180 169 231 197 Ξ-ὶι

647 161 977 195 DiiMONSTRATIONlS
996 166 1226 196 EVANGELICE
1246 167 1312 195 LIB.
1332 167 1378 195 1v.

1769 172 1823 200 522

179 228 260 262 λόγος
273 227 334 259 τοῖς
351 226 384 253 οὐ
401 224 470 253 κατά
489 225 535 251 τὸν
550 223 629 260 ὀρθὸν
645 223 746 260 τρόπον
764 223 965 259 λειτουργοῦσιν

1030 223 1123 251 vinum
1151 224 1271 251 minetur
1299 224 1453 254 oraculum.
1479 224 1563 252 alium
1586 232 1620 253 ex
1645 226 1700 254 alio
1722 234 1822 262 genere

182 274 276 310 ἕτερον
289 271 321 304 ἐξ
335 272 430 307 ἑτέρου
445 270 539 305 γένους
553 271 734 305 καταστήσειν
753 269 827 305 ἱερέα
843 270 978 303 ἐπαγγέλ-

183 320 270 351 λεται,
291 319 322 345 ὃν
343 318 391 345 καί
411 325 476 353 φησι
494 326 503 343 ι
519 316 701 344 διελεύσεσθαι
721 316 836 343 ἐνώπιον
859 316 977 351 Χριστοῦ

183 364 276 397 αὑτοῦ,
301 374 310 390 ι
330 364 347 399 ἢ
371 374 379 390 ι
399 363 633 399 ὲμπεριπατήσειν
660 363 698 394 εἰς
719 362 863 397 πρόσωπον
882 362 977 397 εἰλημ-

185 411 266 448 μένου
276 411 315 447 (ι)
324 410 417 438 αὑτοῦ*
431 420 440 436 ι
451 410 488 441 ὡς
498 411 512 437 6
520 409 633 441 ’Δκύλας
642 409 821 444 ὴρμήνευσεν,
833 408 849 443 ἧ
859 408 896 439 ὡς
909 407 977 442 Σύμ-

185 465 283 493 μαχος,
301 467 310 482 ι
328 456 587 492 ἀναστραφήσεσθαι
607 455 761 490 ἔμπροσθεν
785 454 833 480 τοῦ
858 454 974 490 Χριστοῦ

182 505 276 532 αὑτοῦ.
299 515 308 531 ι
324 505 372 537 Τίς
388 504 410 531 δ’
424 504 457 531 ἂν
473 501 550 536 οὗτος
571 503 631 539 atq;
646 503 699 534 πᾶς
713 503 728 529 6
750 502 868 533 εὐσεϐῶς
890 510 976 537 προσ-

186 551 235 579 ιὼν
251 552 285 588 τῇ
317 551 458 587 ἱερουργίᾳ
473 550 522 577 τοῦ
537 549 655 586 Χριστοῦ
672 548 718 575 τοῦ
732 548 811 579 Θεοῦ,
828 545 850 582 ᾧ
866 547 910 574 τὸν
924 548 974 584 τῆς

189 597 354 633 ’Έκκλησίας
369 595 453 628 οἷκον,
468 594 511 623 οἶα
530 595 610 630 σοφὸς
625 595 793 631 ἀρχιτέκτων
811 594 857 620 καὶ
871 593 973 620 οὶκοδό·

184 653 246 680 μσς,
262 643 341 675 αὐτὸς
364 643 378 668 6
401 642 454 669 τῶν
466 642 534 668 ὅλων
550 641 616 673 Θεὸς
632 641 819 676 οἰκοδομήσειν
837 641 974 674 ὑπισχνεί-

181 699 238 723 ut,
258 689 312 717 οὐδ’
330 688 409 716 ἄλλον
426 686 500 715 οἷκον
517 687 656 723 σημαίνων
675 687 753 723 ἢτὴν
769 686 829 714 καθ’
848 685 910 721 ὅλης
922 686 972 721 τῆς

180 735 344 772 οἰκουμένης
369 734 408 770 τῷ
429 733 539 770 Χριστῷ
556 733 684 769 ὀνομαστὶ
703 733 837 760 συστᾶσαν
857 732 972 767 Ἐκκλη-

185 782 262 808 σίαν·
276 780 340 809 ἔνθα
357 781 431 812 πᾶ.ςό
442 779 486 806 διὰ
496 779 613 815 Χριστοῦ
626 778 672 805 τοῦ
685 778 750 805 Θεοῦ
761 778 907 814 ίερωμένος
920 787 972 805 κα-

179 829 216 856 τὰ
222 828 272 861 τὰς
282 825 470 863 πνευματικὰς
483 825 652 862 λειτουργίας
663 825 698 852 τά
709 825 864 861 καταθύμια
877 826 923 852 καὶ
937 824 973 851 τὰ

180 874 254 902 κατά
263 873 352 910 ψυχὴν
364 873 410 899 τοῦ
421 871 489 899 Θεοῦ
508 871 616 906 λέγεται
626 872 758 907 ποιήσειν,
776 871 829 898 τῶν
841 871 875 898 δι’
886 871 971 906 αἵμα-

1029 269 1243 296 constituturum
1254 277 1283 297 se
1295 269 1465 296 sacerdotem
1479 271 1631 305 pollicetur,
1645 279 1724 305 quem
1738 274 1820 301 etiam

1028 315 1095 341 dicit
1113 323 1122 339 ι
1146 315 1335 350 ingressurum
1360 315 1386 341 in
1404 320 1554 350 conspectu
1570 315 1671 345 Christi
1691 319 1733 348 sui
1750 329 1759 344 ι
1779 320 1821 347 vel

1031 370 1040 386 ι
1061 360 1294 387 inambulaturum
1313 361 1342 387 in
1365 361 1462 388 faciem
1485 362 1560 389 uncti
1588 363 1643 397 sui,
1662 373 1671 390 ι
1688 365 1822 399 quemad-

1028 407 1137 432 modum
1149 404 1246 440 Aquila
1255 406 1448 440 interpretatus
1458 411 1510 438 est,
1520 407 1571 438 vel.
1586 412 1615 435 ut
1627 409 1820 444 Symmachus,

1030 459 1039 476 ι
1060 455 1234 478 versaturum
1250 455 1315 478 ante
1332 451 1472 479 Christum
1489 461 1581 480 suum.
1597 464 1606 479 ι
1625 453 1678 481 Sed
1690 455 1752 489 quis
1762 459 1820 483 tan-

1026 496 1088 524 dem
1106 496 1151 524 hic
1163 496 1238 523 erit?
1252 495 1348 524 Omnis
1360 497 1490 524 nimirum
1506 498 1664 534 quicunque
1681 499 1714 526 ad
1729 508 1820 528 sacer-

1026 542 1130 570 dotium
1144 541 1246 570 Christi
1263 541 1311 570 Dei
1327 550 1390 570 cum
1405 543 1504 578 pietate
1518 545 1675 574 accesserit.
1693 545 1742 573 Cui
1760 547 1820 581 qui-

1025 587 1088 615 dem
1108 587 1186 623 192
1205 588 1336 616 Ecclesia:
1350 589 1474 629 domum,
1495 594 1624 625 tanquam
1646 592 1757 626 sapiens
1772 600 1818 619 ar-

1025 633 1161 660 chitectus
1183 637 1264 669 atque
1283 634 1432 660 aediﬁcator
1458 634 1516 668 ipse
1546 636 1667 663 universi
1688 635 1771 670 Deus,
1787 646 1817 665 se

1024 678 1221 706 aadilicaturum
1241 679 1396 714 pollicetur,
1420 687 1474 707 non
1497 680 1578 708 aliam
1595 682 1688 717 utique
1703 683 1814 711 domum

1024 724 1183 759 signiﬁcans
1198 732 1281 760 quam
1303 732 1362 753 eam
1383 733 1444 761 qua:
1460 727 1620 754 nominatim
1636 728 1747 756 Christo
1766 737 1816 764 per

1024 773 1110 797 totum
1124 771 1218 798 orbem
1235 775 1372 798 terrarum
1393 777 1484 799 erecta
1500 778 1551 805 est,
1570 773 1722 801 Ecclesiam
1743 784 1750 802 :
1768 775 1814 803 ubi

1023 823 1090 844 sane
1105 816 1194 843 omnis
1207 817 1364 852 quicunque
1377 825 1427 854 per
1443 818 1583 846 Christum
1605 819 1651 847 Dei
1668 828 1814 848 consecra-

1023 866 1066 889 tus
1082 867 1135 895 est,
1154 863 1303 891 secundum
1319 864 1472 899 spiritualia
1495 865 1659 897 ministeria,
1676 875 1737 902 quae
1754 868 1813 902 pla-

178 928 237 953 τος,
257 909 364 956 ταύρων
389 920 436 945 καὶ
452 919 570 955 τράγων,
597 918 669 945 κατὰ
689 917 738 954 τὴν
755 917 838 944 πάλαι
852 918 965 953 τυπικὴι

1021 909 1074 936 cita
1091 910 1156 942 sint,
1182 915 1209 938 et
1225 918 1258 937 cx
1280 911 1372 937 animo
1391 918 1424 939 ac
1439 914 1574 939 sententia
1591 913 1638 940 Dei
1652 914 1753 942 dicitur
1773 914 1812 941 fa-

177 965 292 1001 ἀγωγὴν
308 964 534 1000 ἐπιτελουμένων,
551 963 755 1000 μετατεθεῖσθαι
771 964 824 990 ὑπὸ
839 963 886 990 τοῦ
902 963 969 989 Θεοῦ

178 1012 225 1039 διὰ
244 1012 293 1048 τῆς
316 1011 427 1038 Ἡσαΐου
439 1011 608 1047 προφητείας
622 1009 854 1046 ὁμολογουμένων.
868 1009 970 1036 Τοσαῦ-

177 1066 214 1084 τα
241 1058 276 1084 δι’
293 1053 331 1084 ὧν
351 1057 365 1083 ό
384 1056 501 1092 Χριστὸς
515 1056 643 1091 ὀνομαστὶ
665 1055 885 1091 προκεκήρυκτο·
901 1054 969 1090 πλὴν

177 1103 236 1131 ἀλλ’
253 1104 314 1130 ἐπεὶ
340 1102 385 1130 διὰ
406 1102 461 1128 τῶν
485 1102 618 1128 πλείστων
640 1101 675 1128 τὰ
696 1101 768 1136 πάθη
788 1100 835 1127 τοῦ
851 1099 969 1136 Χριστοῦ

178 1149 314 1185 συνῆπται
326 1149 359 1184 τῇ
377 1147 458 1174 αὐτοῦ
474 1147 655 1183 προσηγορίᾳ,
669 1147 816 1181 ἀναγκαῖον
832 1146 966 1173 ἐπαναλα-

177 1195 236 1221 ϐεῖν
262 1193 298 1221 τὰ
310 1193 497 1230 προειρημένα
515 1193 579 1229 περὶ
594 1193 644 1228 τῆς
659 1193 719 1219 κατ’
736 1191 817 1218 αὑτὸν
832 1191 967 1227 θεότητος,

176 1240 212 1276 ἦν
234 1240 263 1266 ὲν
284 1239 324 1275 τῷ
343 1240 384 1276 μδ¹
406 1239 505 1275 ψαλμῷ
532 1238 763 1276 ἐπιγεγραμμένῳ
782 1248 791 1264 ι
815 1237 900 1273 ’Υπὲρ
921 1236 968 1263 τοῦ

177 1286 323 1322 ἀγαπητοῦ
344 1296 354 1311 ι
374 1286 504 1322 φέρεσθαι
521 1286 798 1322 προπαρεστήσαμεν,
816 1283 880 1311 ἔνθα
896 1284 910 1310 ὁ
923 1282 968 1309 λό-

175 1340 225 1367 γος
252 1333 281 1359 ὲν
305 1332 424 1368 πρώτοις
444 1332 527 1364 αὐτὸς
541 1332 700 1367 ὑπομνήσας
718 1331 756 1362 ὼς
774 1330 895 1365 βασιλέα,
909 1329 968 1365 μεθ’

174 1379 258 1415 ἕτερα
273 1377 370 1413 ἐπάγει
386 1379 450 1415 περὶ
463 1378 589 1413 θεότητος
597 1377 644 1404 τοῦ
655 1376 782 1413 Χριστοῦ·
801 1386 808 1401 ι
830 1377 859 1403 '0
875 1375 968 1412 θρόνος

176 1433 224 1452 σου
239 1425 254 1451 6
270 1424 337 1457 Θεὸς
352 1425 392 1456 εις
409 1425 454 1452 τὸν
473 1425 558 1452 αιῶνα
577 1424 624 1451 τοῦ
641 1423 753 1455 αἰῶνος·
771 1422 866 1458 ῥάϐδος
888 1421 968 1448 εὐθύ-

173 1479 256 1506 τητος
280 1471 298 1507 ἡ
323 1471 419 1507 ῥάϐδος
442 1472 491 1507 τῆς
514 1471 651 1507 βασιλείας
669 1479 725 1496 σου.
750 1469 910 1504 Ἱίγάπησας
929 1468 968 1495 δι-

173 1517 331 1553 καιοσύνην,
346 1517 393 1543 καὶ
404 1518 538 1553 ἐμίσησας
549 1517 655 1544 ἀδικίαν
664 1524 671 1530 -
685 1516 728 1542 διὰ
740 1515 818 1542 τοῦτο
833 1515 925 1550 ἔχρισε
938 1523 967 1541 σε

173 1564 188 1590 6
201 1563 268 1596 Θεὸς
281 1563 371 1595 ὀΘεός
388 1572 433 1590 σου
449 1563 536 1590 έλαιον
548 1562 734 1597 ἀγαλλιάσεως
748 1561 823 1598 παρὰ
840 1563 902 1592 τοὺς
917 1570 966 1597 με-

172 1609 269 1645 τόχους
294 1618 352 1637 σου.
371 1619 381 1635 ›
404 1609 502 1644 Σαφῶς
524 1609 578 1645 γὰρ
600 1610 629 1635 ὲν
652 1608 766 1640 τούτοις,
793 1608 830 1640 ὡς
848 1607 898 1644 ἤδη
921 1608 968 1634 καὶ

173 1656 307 1692 πρότερον
322 1657 599 1692 προπαρεστῆσαμεν,
616 1652 656 1687 εἷς
677 1654 715 1681 ὢν
733 1655 780 1681 καὶ
792 1654 872 1685 αὐτὸς
889 1655 903 1680 6
917 1654 965 1689 δη-

171 1701 304 1738 λούμενος
322 1702 388 1735 Θεὸς
402 1701 470 1729 εἶναι
481 1702 600 1737 λέγεται,
623 1701 778 1737 ἠγαπηκὼς
791 1700 964 1736 δικαιοσύνην

170 1750 220 1776 καὶ
235 1748 396 1785 μεμισηκὼς
411 1748 527 1781 ἀδικίαν.
551 1749 607 1776 Καὶ
629 1747 724 1774 τούτου
745 1747 825 1783 χάριν
846 1747 890 1782 ὑφ’
905 1746 964 1773 ἑτέ-

171 1803 221 1831 ρου
239 1794 363 1830 μείζονος
378 1793 446 1821 Θεοῦ
469 1794 517 1821 καὶ
540 1794 643 1830 πατρὸς
660 1793 753 1824 αὐτοῦ,
785 1792 964 1828 κεχρισμένος

171 1839 256 1876 ἐλαίῳ
272 1840 407 1876 κρείττονι
425 1841 471 1867 καὶ
485 1840 668 1876 διαφέροντιῆ
683 1839 754 1866 κατά
764 1839 827 1870 τοὺς
849 1838 961 1870 τύπους,

171 1886 211 1923 τῷ
226 1885 386 1922 καλουμένῳ
406 1886 457 1922 τῆς
479 1886 674 1920 ἀγαλλιάσεως.
696 1885 725 1911 '0
745 1884 773 1910 δὲ
796 1883 836 1919 τῷ
851 1883 963 1919 τοιούτῳ

170 1931 293 1968 χρισθεὶς
311 1931 403 1967 ἐλαίῳ,
420 1931 450 1958 οὐ
468 1932 535 1967 πρὸς
551 1930 712 1967 ἀνθρώπων,
731 1930 791 1956 οὐδὲ
807 1929 840 1956 δι’
860 1928 963 1965 ἀνθρώ-

169 1986 241 2009 πων,
255 1977 313 2005 ἀλλ’
329 1977 374 2004 ὑπ’
385 1977 466 2005 αὑτοῦ
482 1978 530 2004 τοῦ
548 1977 686 2004 ἀνωτάτου
701 1976 779 2007 Θεοῦ,
797 1976 823 2002 τί
839 1975 932 2010 ἕτερον
945 1975 961 2010 ἢ

168 2023 288 2060 Χριστὸς
302 2024 414 2057 είκότως
429 2024 609 2059 όνομασθείη;
627 2022 723 2049 οὐκοῦν
748 2023 762 2048 6
790 2021 871 2052 αὐτὸς
893 2020 960 2056 ὁμοῦ

168 2071 217 2099 καὶ
243 2070 311 2102 Θεὸς
332 2070 468 2097 δείκνυται
489 2069 693 2105 ὠνομασμένος,
716 2068 810 2103 ὥσπερ
838 2068 884 2094 καὶ
909 2067 959 2103 ήδη

168 2117 304 2154 πρότερον
323 2116 395 2143 κατὰ
420 2117 485 2148 τοὺς
502 2116 619 2147 οἰκείους
634 2115 733 2147 τόπους
749 2114 883 2150 παρέστη.
905 2114 960 2140 Καὶ

167 2163 216 2190 τοῦ
239 2163 351 2190 Ἡσαΐου
377 2162 405 2189 δὲ
426 2162 473 2189 καὶ
497 2161 584 2189 ταῦτα
607 2161 688 2188 πάλιν
705 2160 902 2196 ὑπομνηστέον,
930 2160 958 2192 ὃς

166 2208 253 2245 ἔψησε
264 2217 272 2225 ’
293 2218 303 2234 ι
324 2207 437 2244 Πνεῦμα
449 2207 553 2244 Κυρίου
564 2208 608 2234 ἐπ’
621 2207 682 2243 ἐμὲ,
699 2204 729 2234 οὗ
745 2207 848 2233 εἵνεκεν
867 2205 958 2241 έχρισέ

168 2263 221 2291 με·
246 2254 473 2290 εὐαγγελίσασθαι
498 2255 617 2289 πτωχοῖς
641 2252 797 2280 ἁπέσταλκέ
819 2261 862 2288 με,
882 2252 959 2278 ἰάσα-

165 2300 229 2328 σθαι
253 2301 319 2333 τοὺς
346 2300 589 2337 συντετριμμένους
615 2299 665 2335 τὴν
690 2299 818 2335 καρδίαψ
839 2298 956 2334 κηρύξαι

164 2346 352 2383 αἰχμαλώτοις
380 2346 487 2382 ἄφεσιν,
516 2347 564 2373 καὶ
579 2346 690 2381 τυφλοῖς
706 2345 859 2380 ἀνάϐλεψιν.
877 2354 886 2370 ι
915 2345 957 2370 Ἐ-

163 2392 309 2429 δείκνυμεν
337 2393 385 2420 καὶ
415 2394 443 2419 ὲν
472 2393 588 2425 τούτοις,
620 2393 658 2424 ὡς
682 2393 706 2419 οι
733 2392 781 2427 μὲν
802 2390 832 2423 ἐξ
853 2389 957 2426 ἀνθρὼ-

162 2449 224 2467 πων
256 2439 340 2467 πάλαι
369 2440 501 2475 πρότερον
530 2439 576 2466 ἐπὶ
604 2439 655 2474 τὴν
689 2438 737 2464 τοῦ
767 2437 845 2464 Θείου
877 2436 957 2472 θερα-

161 2484 244 2512 πείαν
256 2484 413 2520 προσιόντες
436 2485 528 2520 ἱερεῖς,
557 2483 638 2518 ἐλαίῳ
656 2482 778 2518 ἐχρίοντο
798 2480 954 2516 σκευαστῴ-

160 2531 214 2559 ὀδὲ
230 2529 275 2557 διὰ
291 2529 342 2565 τῆς
356 2529 524 2566 προφητείας
538 2529 702 2564 δηλούμενος
717 2530 750 2564 τῇ
770 2528 854 2563 ἐνθέῳ
877 2528 957 2555 δυνά-

162 2585 210 2613 μει
224 2576 370 2612 κεκρίσθαι
389 2576 508 2610 λέγεται.
529 2576 615 2602 Τοῦτο
627 2576 655 2602 δὲ
673 2575 733 2601 ὅλον
752 2575 797 2601 ἐπὶ
816 2575 862 2601 τὸν
888 2575 956 2609 ἡμέ-

159 2629 241 2657 τερον
255 2621 372 2657 Σωτῆρα
392 2621 537 2656 ἀνεφέρετο
566 2619 681 2655 Ἰησοῦν,
698 2620 743 2646 τὸν
768 2619 848 2654 μόνον
870 2619 955 2654 ἀληθῆ

159 2667 280 2704 Χριστὸν
291 2667 339 2695 τοῦ
363 2667 441 2698 Θεοῦ,
464 2667 512 2698 ὡς,
528 2667 574 2693 ἐπὶ
589 2666 639 2701 τῆς
662 2666 716 2693 τῶν
740 2665 874 2692 Ἰουδαίων
895 2673 956 2690 συν-

159 2714 274 2750 αγωγῆς
295 2722 361 2741 ποτε
387 2712 477 2740 λαϐὼν
493 2713 542 2748 τὴν
566 2712 751 2748 προφητείαν,
775 2711 821 2738 καὶ
843 2709 955 2737 διελθὼν

158 2760 209 2796 τὴν
222 2760 381 2788 ικτεθεῐσαν
401 2759 563 2796 περικοπὴν,
582 2758 778 2794 πεπληρῶσθαι
796 2758 836 2788 εἰς
857 2756 953 2782 ἑαυτὸν

159 2806 263 2841 ἐδίδαξε
279 2806 312 2834 τὸ
322 2806 499 2840 ἀνάγνωσμα.
512 2804 669 2840 Γέγραπται
681 2803 745 2838 γὰρ,
758 2802 796 2834 ὡς
807 2801 870 2837 ἄρα,
887 2802 952 2828 ἀνα-

198 2853 222 2869 ’⁶
236 2853 319 2880 Vers.
338 2852 365 2879 l.
405 2852 425 2868 ⁷¹
442 2851 516 2878 Psal.
546 2858 620 2882 xuv,
646 2850 701 2876 7—8.
724 2849 747 2865 ⁷²
762 2848 814 2875 lsa.
842 2855 898 2880 ut,
923 2847 949 2874 l.

196 2898 234 2935 (1)
251 2898 454 2934 Ειλημμένου.
473 2897 543 2933 Lege
562 2895 737 2932 ἠλειμμένου.
757 2893 836 2920 Enn.

981 1594 1002 1622 C

975 2276 995 2303 D

1022 959 1118 982 cturus
1136 964 1141 982 :
1159 956 1270 991 quando
1298 956 1317 983 ii
1343 957 1389 991 qui
1414 965 1463 992 per
1485 959 1645 993 sanguinem
1669 964 1810 988 taurorum

1021 1005 1103 1036 atque
1119 1001 1271 1035 hircorum,
1285 1002 1364 1037 juxta
1379 1007 1495 1030 veterem
1512 1004 1540 1031 in
1555 1005 1640 1040 ﬁgura
1659 1007 1752 1041 ritum,
1767 1015 1813 1035 sa-

1021 1056 1067 1076 cra
1081 1050 1268 1084 perﬁciebant,
1284 1051 1310 1077 in
1328 1051 1422 1078 odium
1435 1051 1482 1079 Dei
1498 1052 1638 1084 incidisse.
1655 1062 1703 1088 per
1713 1055 1810 1082 Isaiam

1021 1095 1181 1130 prophetam
1199 1096 1258 1123 sine
1273 1097 1460 1124 controversia
1475 1097 1614 1126 dicuntur.
1630 1099 1768 1128 llactenus
1778 1110 1811 1128 ea

1021 1142 1049 1168 in
1072 1142 1172 1176 quibus
1195 1143 1357 1170 nominatim
1376 1143 1504 1173 Christus
1529 1146 1677 1180 przedictus
1709 1146 1809 1176 fuerat.

1021 1186 1213 1216 Verumtamen
1239 1189 1302 1223 quia
1335 1189 1459 1223 pluribus
1489 1191 1580 1218 verbis
1610 1199 1671 1226 qua;
1700 1192 1811 1220 Christo

1020 1233 1134 1261 adversa
1160 1241 1192 1261 ac
1213 1234 1302 1262 tristia
1329 1236 1512 1271 contigerunt,
1539 1237 1613 1264 illius
1635 1238 1811 1272 appellationi

1020 1279 1125 1307 adnexa
1142 1283 1216 1312 sunt,
1233 1288 1347 1309 necesse
1358 1286 1409 1313 est,
1422 1290 1482 1317 qua:
1496 1288 1575 1310 antea
1591 1283 1664 1310 dicta
1677 1289 1751 1318 sunt,
1776 1284 1812 1312 de

1020 1325 1093 1353 illius
1101 1325 1244 1354 divinitate
1252 1332 1384 1362 repetere,
1397 1328 1430 1355 de
1444 1337 1497 1364 qua
1513 1330 1540 1356 in
1554 1337 1616 1356 rLIv
1632 1331 1748 1365 psalmo,
1763 1333 1809 1367 qui

1020 1370 1170 1407 inscriptus
1188 1382 1197 1397 ι
1218 1373 1271 1400 Pro
1282 1372 1383 1401 dilecto
1401 1374 1433 1407 ’°,
1453 1385 1461 1401 ι
1475 1376 1587 1403 tractari
1600 1384 1682 1411 supra
1697 1377 1811 1405 demou-

1019 1418 1178 1452 stravimus,
1195 1419 1241 1446 ubi
1254 1420 1398 1457 oraculum
1413 1421 1442 1448 in
1459 1422 1554 1456 primis
1569 1421 1603 1449 de
1620 1423 1666 1449 illo
1679 1427 1809 1458 tanquam

1018 1464 1051 1491 de
1067 1472 1128 1499 rege
1142 1469 1273 1499 tractans,
1294 1471 1356 1501 post
1369 1467 1420 1494 alia
1436 1469 1566 1496 nonnulla
1581 1468 1638 1496 haec
1652 1469 1685 1496 de
1705 1470 1810 1498 Christi

1018 1510 1160 1539 divinitate
1171 1512 1311 1548 adjungit:
1330 1523 1338 1539 I
1356 1513 1440 1542 Sedes
1455 1518 1512 1546 tua,
1530 1513 1611 1546 Deus,
1628 1516 1655 1542 in
1678 1517 1808 1544 sacculum

1019 1558 1110 1585 saeculi
1129 1568 1135 1585 :
1155 1558 1228 1594 virga
1244 1559 1415 1593 directionis,
1431 1561 1506 1596 virga
1518 1563 1593 1596 regni
1609 1562 1669 1598 tui:
1687 1563 1808 1591 dilexisti

1017 1605 1163 1638 justitiam,
1182 1609 1208 1633 et
1224 1606 1306 1633 odisti
1333 1607 1514 1642 iniquitatem,
1529 1612 1673 1643 propterea
1689 1610 1766 1636 unxit
1782 1614 1810 1638 te

1017 1650 1099 1683 Deus,
1112 1651 1182 1679 Deus
1192 1655 1254 1680 tuus
1261 1653 1321 1680 oleo
1340 1653 1542 1685 exsultationis,
1555 1662 1610 1689 pra:
1625 1656 1809 1689 participibus

1017 1697 1071 1724 tuis
1085 1697 1118 1724 '“.
1142 1707 1152 1723 ι
1168 1697 1250 1724 Plane
1265 1698 1338 1725 enim
1360 1698 1387 1725 in
1402 1698 1455 1730 his,
1473 1702 1502 1725 ut
1520 1699 1576 1733 jam
1594 1705 1674 1727 antea
1690 1701 1807 1728 demon-

1015 1743 1176 1775 stravimus,
1191 1751 1253 1771 cum
1268 1752 1340 1771 unus
1357 1745 1416 1779 ipse
1428 1753 1537 1780 quoque
1552 1746 1589 1773 sit
1602 1746 1625 1772 is
1638 1746 1672 1773 de
1686 1754 1741 1782 quo
1753 1747 1808 1782 agi-

1016 1793 1071 1819 tur.
1089 1788 1160 1816 Deus
1171 1797 1232 1817 esse
1245 1790 1357 1821 dicitur.
1371 1791 1417 1826 qui
1432 1790 1566 1825 justitiam
1582 1791 1717 1825 dilexerit,
1738 1792 1805 1819 ode-

1015 1834 1105 1868 ritque
1123 1834 1305 1869 iniquitatem,
1321 1839 1404 1870 atque
1424 1836 1505 1870 hujus
1520 1836 1558 1864 rei
1580 1837 1676 1871 gratia,
1696 1838 1730 1866 ab
1745 1838 1807 1873 ipso

1014 1881 1070 1908 Deo
1084 1889 1116 1908 ac
1127 1881 1207 1909 Patre
1220 1889 1271 1909 suo
1285 1886 1385 1910 unctus
1402 1882 1438 1910 sit
1449 1882 1509 1910 oleo
1525 1884 1708 1918 prazstantiori
1723 1889 1804 1920 atque

1013 1926 1210 1959 excellentiori,
1229 1934 1310 1962 quam
1333 1931 1412 1961 esset
1424 1928 1581 1964 ﬁguratum,
1609 1937 1651 1962 eo,
1680 1930 1802 1965 inquam,

1013 1971 1083 2003 oleo,
1099 1972 1172 2007 quod
1187 1973 1378 2001 exsultationis
1395 1979 1519 2002 vocatur.
1542 1974 1577 2002 At
1591 1975 1665 2002 enim
1686 1976 1802 2011 quicun-

1011 2026 1065 2053 que
1079 2018 1268 2053 hujuscemodi
1284 2020 1355 2051 oleo,
1367 2028 1422 2047 non
1437 2020 1472 2047 ab
1484 2020 1642 2049 hominibus
1655 2030 1743 2057 neque
1753 2029 1803 2057 per

1013 2064 1146 2097 homines,
1172 2064 1220 2092 sed
1244 2065 1278 2092 ab
1303 2065 1363 2100 ipso
1386 2065 1440 2093 Deo
1462 2066 1542 2094 Patre
1561 2067 1596 2094 sit
1611 2071 1721 2099 unctus,
1736 2068 1803 2103 quid

1011 2110 1085 2137 aliud
1115 2110 1213 2138 merito
1241 2119 1323 2146 quam
1360 2111 1487 2139 Christus
1520 2113 1555 2140 sit
1590 2113 1803 2141 nominandus?

1010 2162 1076 2190 ergo
1103 2155 1229 2183 eumdem
1257 2155 1339 2183 etiam
1371 2155 1456 2183 Deum
1485 2158 1566 2185 simul
1584 2159 1719 2186 nominari
1743 2159 1802 2194 jam

1010 2205 1127 2234 constat,
1159 2201 1388 2237 quemadmodum
1417 2203 1527 2238 quidem
1550 2204 1608 2231 suis
1629 2205 1696 2232 locis
1719 2209 1802 2232 antea

1010 2248 1226 2276 demonstratum
1242 2252 1294 2276 est.
1313 2248 1413 2276 Verum
1428 2257 1489 2285 qum
1500 2251 1570 2285 apud
1586 2250 1682 2278 Isaiam
1698 2251 1800 2286 scripta

1011 2295 1075 2321 olim
1110 2295 1279 2327 citavimus,
1312 2295 1358 2323 hic
1392 2304 1502 2331 quoque
1538 2297 1685 2332 repetenda
1714 2301 1800 2331 sunt,

1012 2342 1056 2369 ubi
1084 2341 1129 2369 ille
1146 2341 1183 2368 ait
1202 2351 1209 2369 :
1232 2351 1241 2367 ι
1259 2336 1502 2377 δρίτίιυεἯοηιὶηί
1529 2351 1611 2378 super
1632 2351 1691 2376 me,
1719 2343 1800 2377 cujus

1011 2393 1093 2413 causa
1120 2385 1198 2412 unxit
1227 2394 1287 2418 me,
1318 2388 1506 2423 evangelizare
1530 2388 1695 2423 pauperibus
1724 2388 1800 2416 misit

1010 2440 1072 2463 me,
1103 2439 1200 2459 sanare
1223 2433 1358 2461 contritos
1386 2433 1480 2466 corde,
1508 2433 1657 2468 praedicare
1683 2434 1800 2468 captivis

1010 2477 1210 2510 remissionem,
1235 2483 1262 2505 et
1285 2479 1365 2506 catcis
1385 2480 1474 2506 visum
1493 2480 1525 2505 ⁷⁸.
1549 2489 1558 2504 ι
1580 2480 1608 2506 ln
1629 2480 1672 2506 his
1690 2487 1798 2515 quoque

1009 2523 1268 2556 demonstravimus,
1300 2524 1373 2559 quod
1397 2526 1444 2560 qui
1477 2525 1615 2560 quondam
1642 2525 1798 2553 sacerdotes

1006 2577 1039 2597 ex
1063 2568 1231 2601 hominibus,
1254 2570 1287 2596 ad
1315 2571 1354 2598 rei
1370 2572 1468 2598 divina:
1486 2571 1589 2598 cultum
1610 2570 1796 2602 accedebant,

1007 2616 1034 2643 hi
1062 2619 1203 2652 unguento
1238 2616 1387 2644 artiﬁciose
1418 2620 1577 2651 comparato
1614 2616 1796 2651 ungebantur.

1008 2663 1087 2698 193
1103 2664 1139 2690 At
1161 2672 1242 2700 quem
1267 2663 1407 2698 prophetia
1426 2662 1562 2697 signiﬁcat
1574 2682 1580 2693 ,
1600 2662 1624 2689 is
1639 2662 1740 2688 virtute
1755 2661 1799 2687 di-

1008 2709 1072 2736 \‘ina
1094 2714 1194 2737 unctus
1211 2717 1272 2737 esse
1291 2709 1401 2740 dicitur,
1417 2711 1505 2735 ct'hoc
1517 2712 1602 2735 totum
1618 2707 1651 2734 ad
1670 2705 1797 2733 Salvato-

1008 2763 1064 2782 rem
1081 2760 1206 2783 nostrum
1224 2755 1328 2788 Jesum,
1351 2756 1398 2790 qui
1414 2756 1489 2782 solus
1505 2762 1588 2782 verus
1611 2753 1738 2780 Christus
1755 2755 1797 2778 est

1007 2801 1066 2834 Dei,
1081 2802 1252 2831 referebatur
1271 2812 1277 2830 :
1294 2802 1339 2838 qui
1356 2802 1465 2837 quidem
1478 2801 1603 2829 Salvator
1619 2799 1646 2827 in
1660 2801 1797 2826 conventu
