2084 3216
285 182 339 211 513

606 181 740 210 EUSEBll
759 180 1001 209 CIESARIENSIS
1020 181 1096 209 θΡΡ.
1108 181 1210 209 PARS:
1228 182 1261 210 ll.
1281 197 1317 203 —
1331 181 1581 211 Αροιοϐετιω.

1867 185 1918 212 Ξὲλῑ

283 241 442 269 ,Ιιιιιαιοι-ιιηι
454 239 605 275 quondam,
620 247 682 267 cum
698 239 869 275 prophetiam
878 239 1040 275 accepisset,
1051 244 1077 267 et

1129 241 1210 274 γνοὺς
1226 241 1273 267 καὶ
1290 240 1392 273 πτύξας
1409 241 1439 267 τὸ
1455 241 1566 276 βιϐλίον,
1585 241 1631 268 καὶ
1655 242 1771 274 ἀποδοὺς
1791 242 1832 277 τῷ
1847 243 1919 278 ὑπη-

285 287 374 315 locum
397 287 554 322 expositum
572 285 685 321 legendo
706 287 908 321 percurrisset,
932 287 960 313 in
985 286 1078 322 seipso

284 333 451 369 completum
468 340 540 364 esse,
565 332 638 366 quod
653 332 754 359 lectum
773 336 842 364 erat,
857 333 978 360 edocuit.
996 331 1080 360 Scri—

285 383 361 416 ptum
375 383 418 407 est
437 381 521 411 enim,
538 383 568 406 ut
587 386 650 406 cum
667 379 780 414 legisset
794 379 894 406 librum
918 387 950 406 ac
965 379 1078 414 plicuis—

285 429 338 458 set,
357 425 540 460 ministroque
557 424 734 456 reddidisset,
750 424 850 452 deinde
862 425 973 457 sederit,
994 430 1079 461 utque

285 472 408 500 omnium
426 471 497 499 oculi
513 471 542 498 in
567 475 705 498 conventu
727 471 754 498 in
767 471 844 499 illum
860 476 954 500 essent
968 472 1077 505 intenti,

287 522 371 553 atque
390 521 421 545 ut
435 517 533 545 deinde
542 517 657 552 emperit
671 517 764 545 dicere
774 517 808 544 ad
826 518 900 549 illos,
910 517 984 553 quod
1001 527 1009 543 ι
1028 518 1078 545 bo-

288 564 333 592 die
359 565 493 600 completa
517 569 559 592 est
587 563 730 599 Scriptura
755 564 813 591 haec
839 564 867 591 in
891 564 1004 592 auribus
1029 573 1077 591 ve-

286 611 353 639 stris
368 611 401 638 ".
423 621 432 637 I
450 610 530 638 Hisce
545 611 675 638 omnibus
696 611 730 638 ad
747 615 899 639 extremum
916 611 961 638 illa
978 619 1077 638 rursus

285 664 347 692 quae
362 656 434 691 apud
450 656 552 685 Mosem
568 657 684 692 legimus
709 657 834 684 addenda
850 665 1006 690 censemus,
1030 657 1078 693 qui

285 711 359 735 cum,
375 703 408 730 ad
433 703 572 738 exemplar
586 703 638 731 sibi
655 703 885 736 demonstratum,
906 704 998 732 Aaron
1023 703 1078 731 fra—

284 752 354 776 trem
377 756 456 776 suum
480 749 635 783 pontiﬁcem
656 749 864 781 constituisset,
882 749 954 777 sicut
980 757 1079 777 oracu-

285 795 342 821 lum
362 795 414 829 ipsi
433 799 610 830 przeceperat,
636 795 709 831 quod
732 795 812 829 dixit,
830 805 840 821 ‹
868 795 964 823 Facies
986 796 1078 823 omnia

285 840 320 867 ad
349 841 490 876 exemplar
517 841 736 869 demonstratum
767 842 817 869 tibi
845 841 873 868 in
901 846 994 869 monte
1009 842 1043 874 ⁷⁸,
1066 852 1075 868 ι

286 887 368 922 plane
392 887 567 922 signiﬁcavit,
591 887 664 922 quod
688 887 789 915 mentis
816 888 914 919 oculis,
930 888 1079 923 divinoque

1131 286 1205 322 ρὲτῃ,
1220 286 1331 313 ἐκάθισε
1343 294 1350 300 ·
1374 287 1421 312 καὶ
1437 287 1545 314 πάντων
1561 287 1586 313 οἱ
1606 286 1740 322 ὀφθαλμοὶ
1756 288 1786 314 ὲν
1801 289 1834 323 τῇ
1856 297 1920 314 συν.

1128 333 1222 367 αγωγῇ
1247 329 1318 367 ἦσαν
1344 331 1513 364 ἀτενίζοντες
1533 331 1624 367 αὐτῷ,
1649 332 1750 367 ἤρξατο
1774 332 1802 359 δὲ
1829 333 1920 367 λέγειν

1128 377 1197 413 πρὸς
1216 377 1331 410 αὐτοὺς,
1349 378 1391 404 ὅτι
1410 387 1419 403 ι
1437 377 1561 414 Σήμερον
1580 378 1759 413 πεπλήρωται
1782 379 1799 414 ἡ
1823 378 1920 416 Γραφὴ

1128 423 1198 459 α’ύτη
1211 425 1240 450 ὲν
1256 425 1312 456 τοῖς
1323 424 1389 450 ὠσὶν
1403 423 1490 458 ὑμῶν.
1504 433 1514 450 ι
1529 423 1590 450 Ἐπὶ
1602 423 1707 455 τούτοις
1722 424 1808 450 ἆπασι
1826 424 1873 450 καὶ
1885 424 1920 451 τὰ

1128 469 1250 501 Μωσέως
1269 467 1347 500 αὖθις
1368 469 1559 505 παραθετέον,ῗ
1574 469 1605 500 ὃς
1621 469 1692 496 κατά
1709 469 1756 496 τὸν
1780 469 1921 506 δειχθέντα

1128 516 1202 551 αὐτῷ
1213 516 1310 548 τύπον,
1323 516 1369 542 τὸν
1391 515 1456 543 ἴδιον
1476 515 1590 550 ἀδελφὸν
1604 516 1651 542 τὸν
1667 515 1772 551 Ἀαρὼν
1789 516 1919 553 ἀρχιερέα

1128 562 1380 597 καταστησάμενος,
1396 561 1550 593 ἀκολούθως
1562 561 1601 597 τῷ
1617 562 1734 597 φήσαντι
1751 563 1820 598 πρὸς
1839 563 1920 590 αὐτὸν

1128 609 1255 646 χρησμῷ,
1272 619 1281 635 ι
1297 609 1423 642 Ποιήσεις
1439 610 1527 636 πάντα
1549 609 1619 635 κατά
1640 609 1686 636 τὸν
1704 608 1789 636 τύπον
1802 610 1848 636 τὸν
1863 610 1920 636 δει-

1128 656 1228 692 χθέντα
1243 664 1285 682 σοι
1306 656 1335 682 ὲν
1354 655 1393 691 τῷ
1407 655 1484 691 ὄρει,
1501 665 1510 681 ι
1522 655 1602 690 δῆλός
1622 656 1714 687 ἐστιν,
1732 655 1770 686 ὡς
1791 657 1848 688 τοῖς
1870 656 1920 692 τῆς

1128 702 1246 733 διανοίας
1262 701 1368 737 δμμασι
1386 701 1485 737 καὶτῷ
1505 701 1571 736 θείῳ
1588 700 1727 736 Πνεύματι
1747 701 1861 728 συνιδὼν
1873 702 1920 728 τὸν
1939 738 1942 740 _

1130 748 1216 783 μέγαν
1224 747 1278 774 τῶν
1287 747 1354 774 ὅλων
1362 747 1500 783 ἀρχιερέα,
1508 747 1553 773 τὸν
1562 746 1647 782 ἀληθῆ
1656 747 1772 782 Χριστὸν
1781 747 1829 773 τοῦ
1839 746 1919 780 Θεοῦ,

1128 792 1160 821 οὗ
1171 794 1240 830 μετὰ
1257 794 1305 829 τῆς
1334 793 1417 829 ἀλλης
1435 793 1593 828 σωματικῆς
1605 793 1653 819 καί
1663 792 1780 827 τυπικῆς
1792 792 1920 828 λατρείας

1128 840 1176 876 τὴν
1190 841 1282 867 εἰκόνα
1290 840 1459 875 διαγράφων,
1476 839 1521 866 τὸν
1532 839 1685 874 δηλωθέντα
1696 841 1729 875 τῇ
1744 839 1791 866 τοῦ
1802 840 1920 876 ἀληθοῦς

1129 886 1247 922 Χριστοῦ
1266 886 1446 922 προσωνυμίᾳ
1465 885 1607 920 τετίμηκε.
1622 885 1708 912 Τοῦτο
1726 886 1755 913 δὲ
1771 887 1920 922 παρίστησι

284 933 385 968 spiritu
401 941 528 968 magnum
552 933 672 960 universi
689 933 844 968 pontiﬁcem
858 934 966 966 viderit,
984 941 1077 961 verum

1130 933 1178 960 καὶ
1187 933 1202 959 ό
1215 933 1286 964 θεῖος
1300 932 1457 964 ἀπόστολος,
1470 932 1557 967 λέγων
1574 933 1638 968 περὶ
1650 933 1704 960 τῶν
1719 933 1788 960 κατὰ
1797 933 1842 960 τὸν
1853 935 1920 961 Μω-

286 980 380 1015 utique
403 979 543 1008 Christum
568 979 627 1013 Dei,
645 980 725 1014 cujus
748 980 813 1007 dum
840 980 984 1015 imaginem
1012 987 1075 1007 cum

285 1027 338 1053 alia
349 1027 484 1061 corporali
498 1027 583 1062 ﬁgura
609 1034 679 1062 aque
690 1026 851 1054 adoratione
859 1026 990 1054 describit
1001 1034 1074 1059 eum,

284 1072 330 1106 qui
346 1071 398 1098 sibi
418 1072 454 1098 sit
471 1072 686 1104 demonstratus,
703 1071 818 1099 alterius
833 1072 891 1099 veri
907 1072 1010 1100 Christi
1026 1080 1075 1107 ap-

283 1117 431 1152 pellatione
458 1117 610 1145 adornavit.
634 1117 725 1153 Ipsum
750 1117 803 1144 hoc
831 1117 941 1146 divinus
967 1126 1077 1153 quoque

283 1163 433 1198 Apostolus
452 1164 624 1198 comprobat,
644 1164 690 1191 ubi
715 1164 750 1191 de
776 1164 860 1192 Mosis
884 1165 990 1200 legibus
1010 1165 1077 1192 dicit

285 1208 354 1237 iUud
373 1218 380 1236 :
402 1219 411 1234 ι
442 1208 494 1242 Qui
516 1210 663 1245 exemplari
687 1214 769 1244 atque
794 1210 898 1237 umbrae
920 1210 1078 1238 deserviunt

283 1255 519 1289 supercmiestium
534 1256 567 1282 ⁷⁸.
587 1265 596 1281 ι
617 1255 649 1282 Εῑ
668 1263 765 1284 rursus
787 1266 794 1283 :
821 1265 830 1281 ί
849 1255 980 1283 Umbram
1003 1257 1076 1284 enim

284 1299 390 1327 habens
412 1300 454 1328 lex
481 1300 635 1327 futurorum
659 1301 793 1329 bonorum
809 1302 842 1328 ".
870 1311 879 1327 I
898 1302 931 1329 Et
952 1310 1050 1330 rursus
1068 1312 1075 1330 :

287 1353 298 1370 ι
317 1343 402 1372 Nemo
418 1345 502 1381 igitur
521 1353 570 1373 vos
582 1345 688 1380 judicet
709 1346 737 1373 in
752 1347 814 1374 cibo
829 1351 875 1374 aut
894 1352 972 1382 potu,
990 1352 1037 1374 aut
1049 1348 1077 1375 in

283 1394 363 1426 parte
385 1390 438 1418 diei
466 1390 545 1423 festi,
563 1395 610 1418 aut
633 1391 792 1424 neomeniaz,
809 1396 856 1418 aut
882 1392 1075 1424 Sabbutorum,

283 1444 346 1472 qua:
367 1441 431 1464 sunt
457 1437 554 1464 umbra
585 1437 740 1465 futurorum
756 1439 789 1466 ⁷⁷.
809 1448 817 1464 ι
835 1438 903 1466 Nam
921 1439 944 1466 si
967 1447 1027 1474 quae
1042 1440 1076 1467 ad

283 1483 409 1510 ciborum
427 1483 638 1511 indiﬁ‘erentiam
654 1484 801 1520 pertinent,
815 1489 842 1512 et
858 1493 919 1520 quze
933 1486 966 1514 de
979 1486 1076 1515 diebus

282 1528 363 1555 festis
377 1533 405 1556 et
417 1529 539 1557 sabbatis
557 1530 614 1565 lege
642 1532 747 1558 sancita
763 1536 837 1563 sunt,
850 1533 929 1567 quasi
951 1534 1075 1561 umbram

284 1574 423 1609 habentia,
441 1577 576 1611 picturam
600 1577 715 1604 aliarum
731 1581 758 1604 et
774 1586 898 1606 verarum
914 1583 941 1607 et
955 1581 1076 1607 occulta-

282 1629 345 1648 rum
361 1629 453 1649 rerum
468 1622 679 1655 conservabant,
694 1631 749 1650 non
766 1624 902 1653 immerito
921 1626 960 1654 sis
979 1626 1076 1654 dictu—

283 1675 351 1699 rus,
374 1668 530 1703 pontiﬁcem
553 1676 663 1704 quoque
685 1670 799 1698 alterius
824 1671 962 1706 pontiﬁcis
989 1673 1077 1700 instar

284 1718 454 1749 assumptum
478 1714 577 1747 fuisse,
599 1715 781 1751 eumdemque
796 1716 936 1744 Christum
952 1717 1078 1746 denomi-

283 1765 390 1793 mtum,
412 1761 446 1789 ad
463 1761 576 1790 alterius
597 1766 625 1789 et
650 1763 737 1790 solius
752 1768 779 1790 et
793 1764 849 1791 veri
864 1764 965 1792 Christi
981 1765 1078 1800 imagi-

285 1816 358 1836 nem.
379 1807 430 1841 Qui
449 1812 541 1836 tamen
558 1816 573 1835 a
587 1817 651 1837 vero
673 1810 809 1845 tantisper
823 1811 999 1846 relinquitur,
1012 1812 1076 1839 dum

283 1862 366 1881 verus
390 1854 499 1889 quidem
525 1855 669 1888 Christus,
693 1856 728 1883 ab
751 1856 871 1884 universi
899 1857 953 1884 Deo
978 1857 1076 1884 audit:

287 1908 296 1925 ι
317 1899 388 1927 Sede
403 1907 419 1926 a
443 1901 545 1928 dextris
560 1901 639 1932 meis.
656 1902 744 1929 donec
759 1910 857 1937 ponam
876 1903 1002 1931 inimicos
1016 1907 1079 1930 tuos

283 1946 433 1973 scabellum
445 1947 543 1981 pedum
553 1951 662 1974 tuorum
670 1948 703 1975 ⁷³.
711 1957 720 1973 ι
732 1947 764 1975 Ει
775 1948 840 1975 illud
851 1958 871 1975 εί
883 1949 921 1976 Ex
929 1953 1008 1976 utero
1017 1953 1080 1977 ante

284 1989 440 2018 Lucil'erum
452 1992 531 2026 genui
544 1993 609 2020 te".
624 2002 632 2018 ι
645 1993 676 2019 Et
686 1993 750 2020 illud
762 2003 767 2020 :
779 2003 787 2018 ‹
800 1993 905 2021 Juravit
915 1994 1045 2023 Dominus
1052 1999 1080 2023 et

284 2044 340 2064 non
357 2037 497 2072 penitebit
511 2046 582 2065 eum.
597 2038 677 2074 195,
701 2039 742 2066 Tu
766 2047 796 2067 es
811 2040 940 2068 sacerdos
959 2041 986 2068 in
1001 2045 1079 2068 arter-

284 2090 351 2110 num
369 2084 520 2110 secundum
537 2084 661 2112 ordinem
680 2085 860 2113 Melchisedec
876 2086 909 2113 ".
930 2096 940 2112 ι
955 2086 1008 2114 Per
1019 2094 1080 2122 quae

285 2129 366 2165 plane
390 2138 452 2156 cum
472 2131 581 2158 soboles
597 2131 644 2159 Dei
669 2139 701 2159 ac
717 2131 802 2160 Filius
823 2136 886 2160 ante
909 2132 1078 2167 Luciferum,

285 2181 367 2210 atque
382 2180 444 2203 ante
458 2184 540 2204 omne
554 2178 693 2212 opiﬁcium
707 2179 851 2210 exstiterit.
864 2180 984 2214 pontifex
1000 2184 1080 2208 reter-

284 2229 338 2248 nus
359 2226 401 2248 est
418 2222 585 2251 declaratus.
608 2223 691 2251 Mosis
715 2232 779 2252 vero
798 2225 934 2256 Christus.
949 2230 1077 2261 tauquam

285 2266 313 2294 in
324 2267 435 2295 scenica
447 2269 565 2300 actione,
577 2269 610 2296 ad
622 2270 704 2297 breve
719 2270 868 2298 adornatus
880 2272 1078 2308 simulatusque
1095 2282 1116 2309 ί)

282 2317 392 2348 tempus
420 2314 492 2341 inter
507 2315 638 2343 mortales
656 2316 762 2351 positus
778 2322 1007 2354 computatusque
1022 2323 1074 2353 est,

283 2360 372 2391 alteri,
390 2361 436 2396 qui
458 2361 533 2389 solus
547 2366 590 2389 est
612 2370 704 2395 verus,
721 2363 821 2390 tradita
835 2364 949 2392 veritate
964 2375 970 2392 :
990 2370 1017 2393 et
1032 2375 1078 2394 ve-

282 2414 331 2434 rus
360 2407 468 2442 quidem
493 2409 642 2442 Christus,
667 2417 756 2445 neque
781 2409 907 2438 Mosaicae
925 2412 1075 2445 unctionis,

282 2461 371 2488 neque
386 2454 437 2481 olei
455 2456 604 2483 artiﬁciose
623 2456 751 2488 eoul‘ccti,
773 2458 944 2485 terrestrisve
958 2459 1075 2493 alicujus

283 2500 404 2527 materiae
429 2500 572 2536 indigens,
597 2506 688 2529 tamen
708 2504 810 2531 virtute
839 2505 1075 2540 appellationeque

283 2551 333 2572 sua
353 2549 440 2573 totum
462 2551 598 2574 terrarum
621 2549 714 2576 orbem
741 2549 887 2584 implevit:
906 2551 1006 2585 quippe
1028 2551 1075 2586 qui

282 2590 490 2620 denominatum
507 2602 522 2620 a
539 2595 632 2630 seipso
657 2597 683 2622 in
708 2596 836 2624 omnibus
857 2598 982 2632 gentibus
995 2597 1077 2624 Chri-

283 2637 436 2665 stianorum
453 2639 604 2668 instituerit
617 2650 713 2677 genus.
726 2642 809 2670 Mosis
825 2651 890 2670 vero
901 2644 1028 2671 Christus
1042 2652 1077 2672 ne

285 2681 313 2708 in
327 2681 483 2712 hominibus
496 2687 618 2721 quidem,
636 2689 708 2723 quod
725 2697 844 2724 unquam
859 2697 957 2717 nomen
973 2690 1078 2717 habue-

285 2729 332 2760 rit,
357 2732 530 2766 perspicuum
553 2734 622 2766 fuit,
652 2736 703 2763 nisi
721 2741 856 2772 quatenus
880 2737 966 2772 ipsius
991 2737 1075 2765 Mosis

285 2775 386 2810 scripta
415 2778 590 2811 prodiderint.
620 2781 651 2808 Et
676 2783 720 2809 hic
744 2783 853 2819 quidem
880 2791 941 2811 sero
965 2784 1075 2811 tandem

335 2863 439 2903 "lue.
455 2874 502 2903 νιν,
519 2869 562 2894 (21.
611 2870 634 2885 ⁷³
656 2870 808 2903 Exod.xxv.
828 2876 872 2903 40.

286 2905 340 2930 cu,
359 2899 381 2926 ι.
420 2898 557 2930 τηυξψδ.
595 2904 693 2933 "ibid.
714 2898 808 2935 ιζ’“’“”

927 2877 949 2892 τ⁵
963 2876 1044 2904 Hebr.
1070 2884 1128 2910 vnl,
1146 2876 1171 2903 5.

1128 979 1196 1010 σέως
1209 978 1300 1015 νόμον,
1319 979 1359 1010 τὸ,
1381 988 1390 1004 ι
1402 979 1505 1010 Οἷτινες
1526 979 1706 1014 ὑποδείγματι
1725 980 1772 1006 καὶ
1788 981 1851 1016 σκιᾷ
1871 980 1921 1007 λα-

1126 1024 1252 1061 τρεύουσι
1263 1024 1316 1050 τῶν
1332 1024 1510 1060 ἐπουρανίων.
1526 1033 1535 1049 ι
1552 1024 1609 1050 Καὶ
1626 1024 1722 1050 πάλιν·
1743 1033 1751 1049 ι
1767 1024 1850 1051 Σκιάν
1865 1024 1920 1060 γὰρ

1127 1072 1197 1108 ἔχων
1212 1073 1226 1098 ὁ
1242 1072 1324 1107 νόμος
1335 1071 1389 1098 τῶν
1416 1070 1566 1106 μελλόντων
1588 1070 1708 1105 ἀγαθῶν.
1725 1080 1734 1096 ι
1749 1071 1804 1098 Καὶ
1819 1071 1918 1098 πάλιν⁵

1130 1129 1139 1145 ι
1151 1119 1197 1154 Μὴ
1215 1116 1262 1145 οὖν
1273 1127 1314 1150 τις
1326 1118 1398 1153 ὑμᾶς
1410 1117 1524 1152 κρινέτω
1539 1117 1556 1152 ἣ
1574 1118 1603 1143 ὲν
1627 1115 1738 1152 βρώσει,
1752 1116 1769 1152 ἢ
1783 1118 1811 1143 ὲν
1828 1118 1920 1151 πόσει,

1127 1166 1144 1201 ἢ
1154 1166 1183 1192 ὲν
1196 1165 1273 1200 μέρει
1289 1164 1398 1200 ἑορτῆς,
1411 1163 1428 1199 ἢ
1444 1163 1603 1198 νουμηνίας,
1614 1163 1631 1198 ἣ
1648 1163 1801 1195 σαϐϐάτων,
1822 1163 1840 1190 ἃ
1860 1165 1918 1191 ἐστι

1128 1211 1191 1238 σκιὰ
1206 1210 1261 1237 τῶν
1274 1210 1432 1246 μελλόντων.
1452 1219 1461 1235 ι
1474 1209 1506 1236 Εἰ
1521 1210 1576 1245 γὰρ
1591 1209 1624 1236 τὰ
1639 1210 1702 1245 περὶ
1715 1210 1764 1245 τῆς
1777 1209 1832 1236 τῶν
1846 1209 1918 1246 βρω·

1129 1257 1222 1291 μάτων
1233 1255 1404 1291 ἀδιαφορίας,
1417 1256 1463 1282 καὶ
1474 1255 1509 1282 τὰ
1525 1256 1590 1291 περὶ
1604 1255 1706 1291 ἑορτῶν
1718 1256 1765 1282 καὶ
1783 1255 1920 1283 σαϐϐάτου

1127 1301 1361 1337 νενομοθετημένα
1371 1321 1379 1333 ,
1395 1301 1433 1333 ὡς
1454 1300 1487 1327 ἂν
1504 1299 1604 1336 σκιώδη
1619 1300 1694 1327 τόντα
1704 1320 1711 1332 ,
1738 1300 1920 1337 ὑπογραμμὸν

1127 1348 1229 1383 ἑτέρων
1245 1347 1353 1383 ἀληθῶν
1377 1347 1424 1374 καὶ
1455 1346 1592 1382 μυστικῶν
1617 1347 1787 1382 πραγμάτων
1807 1347 1920 1379 ἔσωζεν,

1127 1395 1177 1422 οὐκ
1199 1394 1351 1426 ἀπεικότως
1374 1395 1446 1430 ἐρεῖς
1469 1394 1516 1420 καὶ
1539 1393 1584 1420 τὸν
1608 1393 1739 1430 ἀρχιερέα
1759 1394 1800 1425 εὶς
1825 1394 1920 1429 ἐτέρου

1127 1441 1277 1478 ἀρχιερέως
1294 1440 1477 1477 παρειλήφθαι
1492 1439 1636 1475 σύμΰολον,
1649 1439 1696 1467 καὶ
1706 1439 1824 1475 Χριστὸν
1838 1440 1920 1466 αὐτὸν

1127 1488 1319 1524 ἐπωνομάσθαι
1332 1489 1372 1520 εἰς
1386 1487 1481 1523 ἑτέρου
1501 1486 1549 1514 τοῦ
1564 1487 1646 1522 μόνου
1662 1486 1711 1513 καὶ
1729 1486 1838 1521 ἀληθῶς
1855 1487 1921 1522 Χρι-

1129 1534 1192 1561 στοῦ
1205 1542 1211 1548 ·
1227 1533 1353 1560 τοσοῦτον
1367 1541 1400 1567 γε
1420 1533 1474 1569 μὴν
1484 1532 1644 1568 λειπόμενον
1661 1532 1708 1559 τοῦ
1725 1531 1852 1568 ἀληθοῦς,
1870 1541 1920 1559 κα-

1128 1579 1205 1606 θόσον
1230 1579 1245 1604 ό
1271 1578 1320 1613 μὲν
1345 1577 1448 1614 ἀληθὴς
1472 1577 1587 1614 Χριστὸς
1612 1578 1680 1614 πρὸς
1702 1577 1748 1604 τοῦ
1773 1578 1828 1604 τῶν
1851 1577 1919 1605 ὅλως,

1127 1624 1195 1650 Θεοῦ
1212 1623 1316 1650 ἀκούεν
1332 1634 1340 1649 ι
1353 1623 1446 1651 Κάθου
1458 1624 1490 1650 ὲκ
1503 1623 1598 1657 δεξιῶν
1614 1632 1676 1659 μου,
1687 1624 1740 1655 ἕως
1755 1624 1787 1651 ἂν
1806 1623 1845 1650 θῶ
1857 1624 1920 1656 τοὺς

1128 1669 1240 1706 ἐχθρούς
1247 1678 1293 1696 σου
1301 1670 1444 1697 ὑποπόδιον
1451 1670 1504 1696 τῶν
1513 1669 1600 1696 ποδῶν
1611 1678 1668 1696 σοιν
1682 1679 1690 1696 ι
1699 1670 1778 1702 Καὶ,‹
1791 1670 1921 1696 Κατακυο

1130 1715 1202 1751 ρίευε
1220 1716 1249 1742 ὲν
1265 1716 1341 1751 μέσῳ
1356 1715 1410 1742 τῶν
1426 1715 1530 1752 ἐχθρῶν
1550 1724 1597 1742 σου
1607 1724 1614 1730 ·
1628 1725 1636 1741 ι
1646 1716 1709 1748 Καὶ,
1721 1725 1730 1741 ι
1746 1716 1793 1742 Ἐκ
1802 1715 1922 1751 γαστρός

1129 1761 1182 1797 πρὸ
1195 1762 1348 1797 Ἑωσφόρου
1369 1761 1503 1797 ὲγέννησά
1514 1770 1543 1788 σε
1553 1770 1560 1776 ·
1572 1771 1581 1787 ι
1599 1763 1653 1788 Καὶ
1670 1772 1679 1787 ι
1693 1762 1794 1796 ’Ὡμοσε
1805 1761 1921 1798 Κύριος,

1130 1808 1179 1835 καὶ
1187 1809 1217 1834 οὐ
1228 1809 1482 1845 μεταμεληθήσεται
1491 1818 1498 1824 ·
1507 1810 1543 1836 Σὺ
1557 1809 1645 1845 ἱερεὺς
1653 1809 1693 1840 εις
1703 1809 1748 1835 τὸν
1757 1808 1841 1836 αἰῶνα
1851 1810 1923 1837 κατὰ

1129 1855 1178 1890 τὴν
1193 1854 1269 1886 τάξιν
1284 1855 1462 1890 Μελχισεδέκ.
1490 1865 1499 1880 ›
1510 1856 1548 1881 Δι’
1561 1852 1598 1882 ὧν
1612 1854 1714 1890 σαφῶς,
1737 1855 1859 1892 γέννημα
1873 1857 1922 1883 καὶ

1130 1901 1193 1933 Υἱὸς
1201 1900 1268 1927 Θεοῦ
1277 1901 1329 1938 πρὸ
1336 1901 1503 1936 Ἑωσφόρου,
1515 1902 1561 1928 καὶ
1576 1901 1628 1937 πρὸ
1643 1901 1732 1937 πάσης
1741 1901 1922 1937 δημιουργίας

1131 1947 1262 1979 ὑποστὰς,
1278 1947 1386 1979 αἰώνιος
1403 1947 1547 1983 ἀρχιερεὺς
1558 1946 1757 1982 ἀναπέφανται.
1772 1947 1801 1974 '0
1812 1947 1841 1974 δὲ
1855 1948 1921 1974 Μω-

1132 1994 1202 2026 σέως
1211 1994 1338 2029 Χριστὸς,
1347 1991 1404 2020 οἷον
1411 1994 1440 2020 ὲν
1446 1993 1575 2030 δράματι,
1585 1994 1631 2020 τὸν
1644 1993 1727 2020 τύπον
1735 1994 1863 2030 ὲνβραχεῖ
1869 2002 1923 2020 χαι-

1131 2040 1369 2077 θυποκρινάμενος
1381 2040 1470 2076 χρόνῳ
1480 2060 1487 2072 ,
1504 2041 1592 2067 κεῖται
1603 2041 1632 2067 ὲν
1649 2039 1755 2075 θνητοῖς
1765 2039 1923 2075 λελογισμέ-

1131 2095 1188 2119 νος,
1197 2087 1284 2122 ἑτέρῳ
1295 2087 1343 2122 τὴν
1351 2087 1480 2122 ἀλήθειαν
1488 2086 1526 2122 τῷ
1534 2086 1605 2122 μόνῳ
1613 2087 1661 2113 καὶ
1668 2087 1763 2123 ἀληθεῖ
1773 2086 1920 2122 παραδούς·

1130 2135 1177 2161 καὶ
1188 2135 1202 2161 ό
1227 2135 1276 2169 μὲν
1287 2134 1390 2170 ἀληθὴς
1402 2134 1518 2170 Χριστὸς
1531 2134 1561 2160 οὐ
1576 2133 1682 2169 δεηθεὶς
1695 2134 1743 2169 τῆς
1758 2133 1827 2160 κατά
1853 2133 1923 2160 Μωσ-

1131 2181 1179 2207 σέα
1192 2180 1318 2216 χρίσεως,
1326 2181 1380 2207 οὐδ’
1395 2179 1484 2207 ἐλαίου
1498 2179 1646 2206 σκευαστοῦ
1658 2179 1704 2206 καὶ
1716 2179 1831 2213 γεώδους
1843 2179 1921 2214 ὕλης,

1130 2227 1206 2263 ὅμως
1227 2227 1277 2262 τῆς
1295 2227 1395 2263 ἀρετῆς
1415 2227 1462 2253 καὶ
1479 2227 1529 2261 τῆς
1554 2226 1746 2261 προσωνυμίας
1766 2226 1816 2262 τῆς
1838 2225 1922 2252 αὑτοῦ

1130 2273 1180 2309 τὴν
1203 2273 1365 2309 οἰκουμένην
1392 2272 1567 2308 κατέπλησε,
1594 2271 1758 2308 παρώνυμον
1785 2271 1868 2298 αὐτοῦ
1891 2272 1923 2298 τὸ

1129 2319 1300 2356 Χριστιανῶν
1311 2320 1388 2354 γένος
1403 2321 1432 2346 ὲν
1444 2320 1510 2346 πᾶσι
1525 2320 1581 2351 τοῖς
1596 2318 1683 2345 ἐθνεσι
1698 2319 1920 2354 συστησάμενος*

1128 2367 1143 2394 ὀ
1177 2366 1205 2392 δὲ
1225 2366 1364 2397 Μωσέως,
1388 2365 1443 2392 οὐδ’
1469 2365 1510 2391 ὃτι
1537 2365 1602 2391 ποτὲ
1627 2366 1657 2391 ὲν
1681 2364 1835 2400 ἀνθρώποις
1855 2364 1923 2390 ὠνο-

1129 2413 1232 2449 μάσθη,
1244 2413 1322 2448 δῆλος
1355 2410 1404 2448 ἦν,
1424 2413 1449 2439 εἰ
1468 2411 1504 2447 μὴ
1520 2411 1564 2439 διὰ
1585 2411 1635 2447 τῆς
1656 2411 1778 2442 Μωσέως
1798 2411 1920 2446 γραφῆς.

1128 2460 1180 2486 Καὶ
1199 2457 1276 2491 οὗτος
1298 2460 1347 2494 μὲν
1367 2458 1417 2493 ὀψέ
1441 2467 1507 2485 ποτε
1528 2457 1597 2494 μετὰ
1621 2457 1670 2493 τὴν
1692 2457 1780 2490 ἔξοδον
1799 2457 1850 2493 τὴν
1868 2457 1923 2483 ἀπὸ

1127 2506 1265 2540 Αἰγύπτου
1284 2506 1522 2542 περιρῤαντηρίοις
1542 2505 1598 2532 τισὶ
1613 2505 1660 2531 καὶ
1678 2506 1736 2536 ταῖς
1752 2504 1784 2530 δι’
1797 2504 1922 2539 αἱμάτων

1127 2553 1234 2585 θυσίαις
1251 2552 1409 2588 καθαρθεὶς,
1427 2552 1511 2586 ἐλαίῳ
1527 2552 1654 2587 κέχριστο
1685 2550 1837 2585 αευαστῷ,
1857 2551 1924 2577 Μω-

1129 2599 1199 2631 σέως
1215 2599 1294 2625 αὑτὸν
1314 2598 1487 2634 κεχρικότος·
1504 2599 1518 2624 ό
1532 2598 1560 2624 δὲ
1583 2598 1734 2633 ἀρχέτυπος
1753 2597 1800 2623 καὶ
1817 2596 1922 2632 ἀληθὴς

1128 2645 1247 2680 ἀρχῆθεν
1271 2645 1320 2672 καὶ
1340 2646 1380 2676 εἰς
1404 2645 1517 2680 ἄπειρον
1534 2644 1636 2676 αἰῶνα,
1658 2644 1718 2676 ὅλος
1739 2644 1773 2670 δι’
1790 2643 1851 2670 ὅλου
1875 2643 1923 2671 καὶ

1129 2691 1210 2722 αὐτὸς
1236 2691 1311 2726 αὑτῷ
1335 2691 1368 2717 τὰ
1397 2690 1485 2717 πάντα
1500 2691 1608 2726 ὅμοιος,
1635 2690 1696 2725 μηδ’
1711 2689 1800 2716 ὁτιοῦν
1816 2689 1925 2724 παραλ-

1128 2735 1242 2768 λάττων,
1261 2736 1379 2772 Χριστὸς
1393 2734 1427 2772 ἦν
1440 2737 1493 2767 ἀεὶ,
1511 2736 1558 2763 καὶ
1576 2736 1629 2772 πρὸ
1649 2736 1699 2771 τῆς
1716 2736 1744 2761 ὲν
1767 2734 1923 2771 ἀνθρώποις

1129 2783 1285 2818 ἐπιδημίας,
1298 2783 1344 2810 καὶ
1360 2784 1418 2818 μετ’
1431 2783 1514 2818 αὐτὴν
1528 2782 1637 2818 ὁμοίως,
1650 2781 1680 2808 οὐ
1694 2782 1761 2818 πρὸς
1776 2780 1924 2817 ἀνθρώπω

1228 2875 1344 2904 "Hebr.
1371 2884 1397 2909 x,
1426 2876 1450 2904 l.
1490 2874 1630 2902 “Coloss.
1657 2883 1686 2910 ιι,
1712 2874 1754 2904 l6.
1808 2874 1832 2890 ⁷⁸
1845 2874 1920 2904 Psal.
