2084 3216
148 190 202 219 5'25

617 167 946 221 οΕΜοιιῖδτιιΑτιοΝιδ
965 191 1199 221 EVANGELICA'S
1219 192 1284 221 LIB.
1300 192 1345 221 1V.

1740 194 1793 223 526

149 249 213 277 οὐδὲ
231 249 265 276 δι’
285 249 355 287 ὕλης
370 251 418 287 τῆς
437 252 468 278 ὲν
485 251 648 288 ἀνθρώποις,
668 252 737 279 ἀλλὰ
754 253 823 288 πρὸς
839 252 886 279 τοῦ
902 253 948 279 ἐπὶ

1004 257 1062 289 post
1082 252 1186 280 exitum
1209 251 1243 279 de
1269 251 1404 288 Egypto,
1424 252 1498 280 vasis
1525 251 1689 288 quibusdam
1718 255 1794 289 puris

154 295 265 324 πάντων
289 296 361 323 Θεοῦ
386 298 418 332 τῇ
438 297 531 331 ἁγενεῖ
553 297 659 334 θεότητι
683 299 873 334 κεχρισμένος.
896 298 951 325 Καὶ

154 342 306 378 ἐπειδήπερ
331 343 362 370 τὸ
384 343 434 378 τῆς
461 344 647 380 προσηγορίας
671 344 754 371 αὑτοῦ
782 345 847 381 παρ’
873 344 950 380 ἡμῶν

155 388 330 422 ἐξετάζεται,
358 389 413 415 τῶν
429 389 583 425 εἰρημένων
604 389 733 417 ἁπάντων
760 390 804 425 εῐη
831 390 864 417 ἂν
892 391 951 416 ἐπι-

157 434 320 469 σφράγισμα
333 434 362 460 ct
374 436 450 470 παρὰ
471 435 509 470 τῷ
530 436 678 471 σοφωτάτῳ
692 436 844 471 Σολομῶντι
863 437 950 470 λόγιον

157 481 261 515 φάσκον
277 481 306 507 ἐν
318 480 359 515 τῷ
374 481 493 516 ’ᾼσματι
507 481 561 508 τῶν
575 482 719 517 ᾀσμάτων·
738 492 746 508 ι
762 483 856 518 Μῦρον
872 485 950 509 ἐκκε-

155 525 241 552 νωθέν
255 526 340 561 ὄνομά
359 534 418 552 σου.
437 536 446 551 ›
459 524 542 558 Οὗτος
561 527 614 563 γὰρ
630 527 713 563 ὲνθέῳ
735 529 816 564 σοφίᾳ
836 537 951 564 κεχορη-

155 572 286 607 γημένος,
305 572 351 599 καὶ
376 572 553 605 καταξιωθεὶς
574 574 800 610 ἀπορῤητοτέρων
823 575 886 610 περὶ
903 575 950 601 τοῦ

154 617 277 652 Χριστοῦ
293 617 340 643 καὶ
355 618 404 653 τῆς
421 619 583 653 Ἐκκλησίας
598 619 680 645 αὑτοῦ
695 620 891 655 θεωρημάτων,
905 621 951 646 καὶ

155 663 203 689 τοῦ
218 664 266 698 μὲν
284 663 320 695 ὡς
337 664 498 699 ἐπουρανίου
522 665 648 700 νυμφίου,
670 666 718 700 τῆς
740 666 767 692 δὲ
788 667 825 697 ὼς
842 666 951 701 νύμφης

157 709 240 736 αὑτοῦ
263 710 465 745 μνημονεύσας,
485 712 698 747 ἐπιζητουμένου
713 713 739 738 τί
755 712 808 748 ἄρα
821 711 854 747 ἦν
866 713 951 748 ὖνομα

154 756 195 791 τῷ
208 757 326 792 νυμφίῳ,
339 758 471 791 ἐπιφωνεῖ
481 758 518 789 ὼς
530 758 597 793 πρὸς
612 759 693 784 αὑτὸν
706 758 803 793 λέγων.
819 759 855 785 Τὸ
866 759 951 794 ὖνομά

156 810 215 834 σου,
233 803 344 838 νυμφίε,
359 804 444 839 μύρον
460 805 527 835 ἐστὶ,
542 805 587 830 καὶ
602 805 686 841 μύρον
703 806 751 841 οὐχ
762 806 866 838 ἁπλῶς,
883 807 951 833 ἀλλὰ

155 848 356 883 κεκενωμένον.
372 850 450 876 Ποῖον
465 850 492 876 δέ
507 850 538 876 ἂν
551 852 662 886 γένηται
677 851 761 886 ὄνομα
775 852 861 888 μύρου
874 861 950 879 κεκε-

156 894 280 929 νωμένου
294 894 441 929 δηλωτικὸν
458 895 473 930 ἢ
491 896 520 921 τὸ
538 896 585 922 τοῦ
604 897 722 931 Χριστοῦ
737 898 837 932 dueum;
852 898 881 924 οὐ
897 898 951 934 γὰρ

154 938 189 966 ἂν
204 940 301 972 ἄλλως,
323 940 380 967 οὔτ’
397 940 430 968 ἂν
450 941 565 975 γένοιτο,
583 942 638 968 οὔτ’
653 942 686 969 ἂν
703 943 866 979 ὀνομασθείη
884 945 950 980 Χρι-
966 938 986 965 Β

155 986 260 1021 στδς,ἣ
285 986 370 1022 μύρου
393 987 584 1022 προχυθέντος.
605 988 710 1014 Ὀποῐον
728 989 755 1015 δὲ
776 989 854 1015 τοῦτο
868 988 901 1025 ἦν
919 990 949 1016 τὸ

156 1031 255 1067 μύρον,
264 1029 285 1066 ᾧ
297 1033 418 1067 χρισθεὶς
429 1035 442 1059 ὁ
450 1033 528 1069 δηλού
534 1043 612 1068 μενος
621 1035 737 1070 Χριστὸς
748 1036 948 1070 ἀποπέφανται,

153 1077 201 1104 διὰ
211 1077 266 1105 τῶν
278 1079 395 1114 πρόσθεν
407 1080 472 1114 ἡμῖν
485 1080 653 1106 ἀποδέδοται.
671 1080 811 1107 Τοσούτων
826 1081 888 1115 περὶ
901 1082 949 1116 τῆς

154 1123 203 1150 τοῦ
218 1125 336 1160 Χριστοῦ
353 1126 539 1161 προσηγορίας
558 1126 787 1162 διηγορευμένων,
807 1128 883 1163 φέρε,
903 1129 949 1154 καὶ

156 1171 283 1206 περὶτῆς
295 1171 342 1197 τοῦ
362 1172 450 1207 Ἰησοῦ
470 1171 689 1208 διασκεψώμεθα.

1002 299 1179 333 cruentisque
1202 298 1347 326 sacriﬁciis
1370 303 1513 333 purgatus,
1540 299 1600 326 oleo
1628 303 1728 327 unctus
1753 305 1796 328 est

1002 349 1162 380 comparato
1190 344 1280 379 ipsum
1304 343 1406 372 Mosem
1433 345 1548 373 sortitus
1568 349 1722 373 unctorem.
1747 345 1796 373 Ille

1001 398 1067 419 vero
1084 391 1175 418 omnis
1190 390 1286 418 forma:
1304 390 1452 426 archetypa
1470 395 1497 418 et
1511 399 1603 423 verus,
1620 392 1655 419 ab
1672 391 1751 419 initio
1766 391 1795 419 in

1002 437 1141 464 inﬁnitum
1166 445 1254 472 usque
1271 445 1369 469 arvum,
1394 442 1468 464 totus
1486 446 1534 472 per
1556 442 1654 470 totum,
1682 439 1797 474 ipseque

1002 484 1055 511 sibi
1071 484 1097 510 in
1117 484 1246 511 omnibus
1261 484 1370 515 similis,
1389 492 1524 518 nusquam
1540 485 1689 519 quidquam
1706 489 1797 512 muta-

1002 529 1086 556 tionis
1101 530 1249 564 arcipiens,
1265 528 1392 557 Christus
1406 537 1513 564 semper
1528 530 1590 560 fuit.
1607 531 1688 557 etiam
1703 531 1796 565 prius-

1002 583 1083 610 quam
1108 575 1142 602 ad
1166 575 1291 602 homines
1314 576 1438 608 venerit,
1459 579 1541 610 atque
1567 576 1659 604 itidem
1684 581 1794 611 postea,

1002 628 1057 647 non
1069 620 1113 647 ille
1124 620 1233 654 quidem
1246 620 1280 647 ab
1294 620 1413 650 homine,
1427 628 1514 654 neque
1527 621 1582 647 ulla
1594 622 1718 651 materia.
1734 629 1797 656 qua:

1003 666 1074 693 inter
1087 667 1213 694 homines
1231 667 1400 701 reperiatur,
1419 667 1466 694 sed
1495 675 1509 693 a
1531 676 1660 702 supremo
1678 668 1735 695 Deo
1753 669 1796 695 iu-

1003 712 1093 747 genita
1108 712 1253 739 divinitate
1268 717 1376 739 unctus.
1396 712 1428 738 Et
1444 714 1573 747 quoniam
1597 714 1630 741 de
1655 715 1729 741 illius
1747 722 1796 750 ap-

1002 759 1149 792 pellatione
1177 760 1204 785 in
1223 759 1368 794 praesentia
1394 759 1566 791 disserimus,
1584 761 1712 788 omnibus
1735 769 1797 796 quae

1002 806 1074 832 dicta
1085 806 1239 840 suntquasi
1251 806 1358 841 signum
1372 807 1628 842 imprimattn'illinl,
1640 808 1711 842 quod
1724 808 1795 843 apud

1003 852 1234 886 sapientissimum
1249 853 1423 880 Salomoncm
1434 857 1534 887 exstat,
1548 855 1700 887 oraculum,
1715 855 1755 881 sic
1766 862 1797 882 se

1003 898 1107 926 habens
1122 899 1149 925 iu
1164 898 1279 926 Cantico
1295 900 1466 927 canticorum
1487 910 1492 927 :
1515 909 1523 925 ι
1543 900 1716 935 Unguentum
1732 908 1796 927 eva-

1002 950 1113 971 cuatum
1133 952 1232 972 nomen
1250 950 1325 972 tuum
1348 946 1379 972 ⁸¹.
1402 956 1410 972 ι
1425 946 1492 973 Nam
1514 947 1558 973 hic
1574 955 1682 981 quoque
1704 947 1796 973 divina

1004 992 1136 1025 sapientia
1151 991 1280 1024 donatus,
1296 997 1323 1019 ct
1339 992 1437 1027 dignus
1449 993 1559 1020 habitus
1573 994 1618 1028 qui
1633 1001 1693 1028 quae
1706 1001 1798 1020 secre-

1002 1039 1072 1064 t-iora
1090 1041 1153 1064 sunt
1171 1038 1203 1065 de
1220 1037 1329 1065 Christo
1345 1044 1371 1065 et
1395 1039 1428 1066 dc
1449 1039 1509 1073 ejus
1529 1039 1647 1066 Ecclesia
1673 1044 1797 1067 eontem-

1003 1083 1143 1118 plaretut‘;
1172 1084 1296 1118 idemque
1322 1092 1383 1111 cum
1415 1085 1495 1111 unius
1526 1086 1636 1120 quidem
1665 1090 1796 1120 tanquam

1004 1130 1097 1164 sponsi
1116 1131 1332 1165 supercocicstis,
1349 1132 1462 1159 alterius
1479 1138 1606 1166 tauquam
1624 1133 1696 1160 illius
1713 1140 1797 1167 spon-

1004 1183 1041 1202 sa:
1070 1176 1235 1204 mentionem
1266 1176 1386 1209 fecisset,
1411 1183 1438 1205 et
1465 1183 1633 1212 quaereretur
1658 1178 1796 1213 quodnam

156 1216 209 1251 ipsi
232 1225 334 1252 sponso
359 1226 459 1246 nomen
479 1224 567 1252 esset,
591 1228 686 1247 vocem
704 1221 807 1247 emittit
823 1222 903 1256 quasi
922 1222 955 1248 ad
984 1222 1059 1249 illum
1083 1223 1203 1251 dicens:
1228 1223 1331 1251 Nomen
1365 1228 1453 1257 tuum,
1481 1233 1598 1259 sponse,
1627 1229 1795 1260 unguentum

155 1268 209 1296 est,
225 1268 252 1292 et
265 1270 434 1300 unguentum
449 1275 502 1294 non
530 1267 702 1302 simpliciter,
721 1276 815 1295 verum
831 1274 1003 1297 eraenatum.
1029 1269 1114 1296 Porro
1146 1274 1237 1298 autem
1250 1271 1387 1305 quodnam
1414 1271 1522 1298 tandem
1537 1271 1610 1297 aliud
1636 1271 1671 1298 sit
1697 1279 1797 1298 nomen

155 1315 326 1346 unguentum
342 1317 503 1340 evacuatum
521 1314 690 1348 siguilicaus,
705 1314 758 1341 nisi
772 1314 860 1349 ipsum
882 1314 985 1342 Christi
1019 1316 1135 1343 nomen?
1164 1324 1227 1342 nam
1244 1317 1345 1351 alioqui
1362 1324 1449 1351 neque
1470 1317 1528 1343 iicri
1550 1325 1639 1351 neque
1663 1317 1797 1344 nominari

156 1361 243 1395 possit
261 1359 388 1388 Christus
403 1381 411 1393 ,
433 1361 458 1388 si
481 1366 651 1397 unguentum
677 1361 798 1389 infusum
826 1371 880 1389 non
905 1364 949 1390 sit.
969 1364 1054 1396 Quale
1075 1372 1140 1390 vero
1165 1364 1216 1391 hoc
1244 1368 1318 1391 esset
1347 1367 1528 1399 unguentum,
1564 1372 1618 1398 quo
1642 1369 1741 1391 unctus
1762 1364 1797 1395 is.

156 1406 190 1434 dc
217 1414 273 1441 quo
302 1408 409 1443 agitur,
435 1408 563 1436 Christus
592 1413 635 1436 est
677 1410 852 1441 declaratus,
879 1410 906 1436 in
935 1410 968 1437 iis
1001 1419 1062 1445 qua:
1103 1411 1229 1446 superius
1268 1411 1374 1442 habes,
1408 1419 1423 1437 a
1453 1411 1533 1438 nobis
1566 1415 1708 1437 ostensum
1743 1414 1796 1437 est.

157 1452 237 1487 195
252 1452 322 1480 Cum
341 1454 424 1489 igitur
440 1454 473 1482 de
495 1454 599 1482 Christi
629 1455 811 1490 appellatione
845 1456 977 1483 hactenus
996 1460 1050 1483 tam
1069 1456 1153 1484 multa
1174 1457 1257 1484 locuti
1274 1464 1381 1488 sumus,
1406 1456 1531 1491 agedum,
1549 1455 1583 1483 de
1611 1455 1675 1484 Jcsu
1690 1463 1799 1492 quoque

154 1499 340 1529 disseramus.

530 1559 577 1587 IZ'.

1359 1559 1441 1586 XVII.

154 1614 217 1654 Ὅτι
229 1615 280 1654 καί
291 1615 335 1654 τὸῌ
341 1616 394 1643 τοῦ
408 1616 506 1654 Ἰησοῦ
519 1617 614 1654 ὄνομα
629 1618 709 1652 παρὰ
721 1617 783 1651 τοῖς
799 1619 951 1653 πρόπαλαι

1004 1618 1082 1653 Quod
1099 1618 1180 1646 etiam
1191 1618 1256 1646 Iesu
1273 1627 1367 1646 nomen
1383 1619 1453 1653 apud
1465 1620 1566 1653 priscos
1584 1619 1633 1646 Dei
1649 1619 1798 1654 familiares

187 1650 244 1678 τοῦ
262 1651 336 1679 Θεοῦ
350 1652 507 1687 γνωρίμοις
521 1650 684 1688 ἐτετίμητο.

148 1712 155 1719 “
189 1720 305 1757 Πρῶτος
323 1721 405 1748 πάλιν
427 1721 547 1758 Μωσῆς.
568 1722 637 1758 πρὸς
656 1723 702 1750 τδν
725 1723 809 1750 αὐτοῦ
831 1724 953 1760 διάδοχον

152 1766 238 1803 ἑτέρᾳ
261 1766 404 1802 χρώμενος
422 1767 616 1803 προσωνυμίᾳ,
638 1767 742 1804 Ἰησοῦν
764 1771 950 1806 μετωνόμασε.

151 1813 316 1850 Γέγραπται
338 1814 410 1850 γάρ·
429 1824 439 1840 ι
460 1814 552 1842 Ταῦτα
571 1815 606 1842 τὰ
625 1816 746 1851 ὀνόματα
762 1816 817 1843 τῶν
836 1816 952 1852 ἀνδρῶν,

151 1858 202 1891 οὓς
223 1859 367 1886 ἀπέστειλε
384 1859 488 1895 Μωσῆς
510 1860 735 1895 κατασκέψασθαι
757 1861 806 1897 τὴν
827 1862 890 1896 γῆν,
906 1861 953 1888 καὶ

152 1905 319 1941 ἐπωνόμασε
338 1906 443 1941 Μωσῆς
461 1906 506 1933 τὸν
524 1907 637 1942 Ναυσῆν
655 1907 711 1934 υἱὸν
730 1908 809 1943 Ναυῆ
833 1907 952 1943 Ἰησοῦν,

154 1952 205 1978 καὶ
218 1952 379 1979 ἀπέστειλεν
393 1952 501 1984 αὐτούς.
519 1962 529 1979 ι
544 1954 616 1989 Ὅρα
630 1953 662 1989 δὴ
680 1951 726 1987 οὖν
738 1953 799 1980 τίνα
812 1955 913 1989 τρόπον
923 1954 953 1980 οὐ

156 1998 246 2034 μικρᾶ
262 1999 363 2033 νοήσας
383 1999 447 2035 περὶ
468 1998 575 2034 φύσεως
596 1999 737 2035 ὀνομάτων
757 2001 771 2026 ὁ
793 2001 953 2035 προφήτης,

154 2044 226 2071 ἀλλὰ
249 2045 297 2071 καὶ
318 2045 433 2071 πλεῖστα
451 2045 502 2072 ὅσα
524 2045 655 2081 περὶτῶν
671 2046 736 2081 παρ’
752 2045 827 2081 αὐτῷ
847 2054 955 2081 μετονο-

155 2090 322 2127 μαζομένων
336 2091 414 2118 θείων
425 2091 540 2127 ἀνδρῶν,
552 2092 599 2118 καὶ
612 2088 649 2118 ὧν
663 2091 744 2118 ἕνεκα
760 2092 955 2127 μετονομάζον-

157 2146 219 2170 ται,
237 2138 423 2173 φιλοσοφήσας
433 2158 440 2170 ,
455 2138 560 2173 εἰσάγει
572 2137 618 2165 τὸν
637 2137 764 2174 Ἀϐραὰμ
780 2138 896 2165 ἔπαθλον
911 2138 954 2164 ἐπ’

155 2185 244 2220 ἀρετῇ
274 2184 505 2219 ἀπολαμϐάνοντα
533 2184 602 2220 πρὸς
631 2184 679 2211 τοῦ
709 2184 779 2211 Θεοῦ
810 2184 858 2220 τὴν
887 2184 955 2220 πρὸς

163 2231 293 2266 Ἀϐραὰμ
302 2231 397 2267 ἐντελῆ
411 2231 611 2267 προσηγορίαν·
624 2231 692 2267 ὅπερ
705 2231 731 2257 τί
744 2240 809 2258 ποτε
822 2231 912 2266 δηλοῖ,
924 2231 954 2256 οὺ

156 2277 208 2306 νῦν
222 2278 364 2313 διασαφεῖν
386 2278 491 2314 καιρός.
513 2277 593 2304 Οὕτω
607 2277 635 2304 δὲ
650 2278 697 2305 καὶ
714 2277 764 2314 τὴν
779 2277 866 2313 Σαραῖ
881 2277 953 2314 Σάρ-

156 2324 212 2360 ραν
235 2324 425 2359 ἐπονομάσας,
442 2325 490 2351 καὶ
504 2324 611 2358 γέλωτα
627 2324 673 2351 τὸν
692 2324 784 2351 Ἰσαὰκ
802 2325 856 2360 πρὸ
875 2325 953 2359 γενέ-

157 2379 230 2402 σεως
251 2370 478 2406 ὲπικεκλημένον,
493 2371 540 2398 καὶ
558 2371 603 2398 τὸν
627 2370 724 2397 Ἰακὼϐ
744 2371 794 2407 τῆς
813 2371 901 2406 πάλης
923 2370 953 2397 τὸ

157 2417 287 2453 βριὸεῖον
300 2417 344 2444 διὰ
359 2418 408 2453 τῆς
418 2417 465 2444 τοῦ
480 2417 587 2454 Ἰσραὴλ
596 2418 753 2453 ἐπωνυμίας
762 2418 954 2453 ἀναδούμενον,

159 2464 248 2500 μυρία
258 2473 288 2491 τε
298 2464 365 2491 ἄλλα
379 2464 443 2500 περὶ
453 2464 591 2499 ὀνομάτων
601 2463 740 2499 δυνάμεώς
751 2472 780 2490 τε
791 2464 837 2491 καὶ
847 2464 954 2498 φύσεως

157 2511 286 2548 θειότερα
301 2511 318 2547 ἢ
335 2511 395 2538 κατ’
406 2511 559 2546 ἄνθρωπον,
568 2511 652 2546 ἐνῦἐῳ
663 2511 744 2547 σοφία
757 2511 804 2537 καὶ
816 2511 954 2546 ἐπιστήμῃ

157 2557 309 2589 διαλαὸὼν,
327 2557 440 2593 μηδενὸς
453 2556 508 2584 τῶν
520 2556 573 2593 πρὸ
587 2556 683 2584 ἑαυτοῦ
700 2556 753 2584 τῶν
763 2556 794 2589 ἐξ
810 2556 907 2587 αἰῶνος
916 2556 955 2591 τῷ

158 2604 207 2630 τοῦ
226 2603 316 2639 Ἰησοῦ
335 2603 504 2639 κεχρημένου
523 2603 635 2639 ὀνόματι
647 2623 654 2635 ,
667 2602 775 2639 πρῶτος
792 2602 873 2634 αὐτὸς
892 2602 956 2637 θείῳ

158 2650 303 2685 Πνεύματι
319 2649 509 2684 θεοφορηθεὶς,
525 2649 570 2676 τὸν
594 2648 724 2684 μέλλοντα
741 2648 823 2674 αὐτοῦ
836 2647 956 2683 διάδοχον

158 2698 209 2732 τῆς
223 2695 315 2732 ἀρχῆς
333 2695 380 2722 τοῦ
392 2695 457 2722 λαοῦ
472 2694 692 2730 καταστήσεσθαι
702 2715 709 2727 ,
725 2695 810 2730 ἑτέρῳ
825 2694 957 2730 πρότερον

158 2744 274 2779 ὀνόματι
292 2742 462 2778 κεχρημένον
480 2741 651 2777 μεταλαϐὼν,
669 2740 773 2776 Ἰησοῦν
791 2739 885 2767 καλεῖ·
907 2740 957 2766 οὐκ

159 2791 256 2825 ἀρκεῖν
283 2789 436 2825 ἡγούμενος
463 2788 512 2824 τὴν
538 2788 571 2814 ἐκ
598 2787 737 2823 προγόνων
766 2786 957 2821 ἐπικληθεῖσαν

160 2836 235 2872 ἀυτῴ
246 2835 388 2871 γενομένῳ
399 2834 595 2871 προσηγορίαν.
607 2834 718 2869 Νιιυσῆν
731 2833 786 2870 γὰρ
799 2833 879 2860 αὑτὸν
891 2832 958 2868 ἐφώ-

197 2936 311 2964 "Cant.
331 2943 348 2969 I,
372 2934 399 2963 2.
439 2935 460 2951 ³⁵
476 2934 557 2962 Num.
575 2941 634 2967 xm,
659 2933 702 2960 17.

1286 1655 1313 1681 in
1326 1655 1409 1689 pretio
1424 1655 1513 1689 fuerit.

1039 1722 1149 1751 Primus
1159 1729 1270 1750 rursum
1280 1721 1379 1754 Moses,
1393 1728 1456 1748 cum
1467 1720 1502 1747 ad
1511 1729 1591 1749 suum
1609 1729 1799 1750 successorem

1005 1768 1057 1796 alia
1075 1772 1197 1795 uteretur
1224 1766 1406 1802 appellatione
1419 1787 1427 1800 ,
1442 1765 1536 1794 Jesum
1560 1774 1623 1794 eum
1639 1767 1798 1794 denomina-

1008 1814 1218 1849 vit:Scriptum
1243 1817 1286 1841 est
1296 1813 1380 1844 enim,
1402 1821 1411 1837 ι
1432 1812 1490 1839 haec
1501 1817 1566 1840 sunt
1593 1813 1707 1840 nomina
1724 1813 1800 1840 viro-

1005 1867 1076 1893 rum,
1090 1867 1160 1895 quos
1178 1858 1254 1886 misit
1269 1858 1358 1886 Moses
1375 1858 1408 1885 ad
1421 1858 1624 1894 inspiciendam
1640 1861 1753 1891 terram,
1771 1862 1800 1886 et

1005 1906 1193 1935 denominavit
1206 1905 1308 1938 Moses,
1322 1905 1441 1933 Nausem
1455 1905 1541 1932 ﬁlium
1557 1904 1641 1939 Nave,
1659 1904 1763 1936 Jesum,
1773 1909 1800 1932 et

1005 1954 1081 1982 misit
1111 1954 1201 1981 eos".
1222 1963 1231 1979 ›
1265 1952 1427 1985 Considera,
1452 1960 1555 1987 quaeso,
1583 1958 1741 1987 parumper,
1769 1953 1800 1978 ut

1005 2002 1137 2038 propheta
1149 2002 1196 2037 qui
1212 2009 1267 2028 non
1281 2008 1379 2036 parum
1396 2001 1493 2028 doctus
1515 2004 1642 2027 naturam
1658 1999 1799 2027 nominum

1005 2053 1074 2081 erat,
1088 2049 1135 2077 sed
1152 2048 1311 2084 plurimum,
1340 2047 1391 2074 hac
1417 2054 1526 2082 quoque
1538 2046 1568 2073 in
1583 2049 1661 2081 parte
1678 2045 1802 2080 philoso-

1005 2096 1118 2130 phatus,
1141 2099 1173 2122 ut
1194 2102 1228 2122 ex
1249 2094 1284 2122 iis
1309 2093 1413 2121 sanctis
1431 2093 1496 2120 viris
1520 2095 1638 2124 constat,
1657 2098 1728 2126 quos
1742 2091 1801 2126 ipse

1006 2139 1205 2172 denominavit,
1221 2144 1248 2167 et
1264 2147 1297 2166 ex
1315 2138 1407 2166 causis
1432 2142 1544 2172 propter
1555 2131 1627 2172 quas
1639 2136 1801 2164 denomina-

1006 2187 1056 2218 vit,
1073 2186 1175 2221 quippe
1201 2186 1248 2220 qui
1271 2184 1384 2212 inducat
1412 2183 1562 2215 Abraham,
1591 2181 1639 2217 qui
1658 2182 1801 2216 praemium

1006 2234 1118 2261 virtutis
1134 2240 1149 2259 a
1167 2232 1222 2260 Deo
1242 2231 1353 2266 accipit,
1378 2238 1456 2258 suam
1475 2230 1564 2265 ipsius
1576 2228 1714 2256 Abraham
1729 2228 1801 2255 inte-

970 2299 991 2326 Β
1007 2288 1082 2316 gram
1097 2280 1306 2315 appellationem
1320 2299 1327 2311 ,
1343 2278 1501 2326 quodusane
1519 2277 1650 2312 quidnam
1668 2276 1721 2326 sibi
1737 2275 1802 2303 velit

1009 2330 1120 2355 nonest
1136 2334 1209 2353 nunc
1228 2324 1435 2353 demonstrandi
1459 2324 1547 2357 locus,
1574 2327 1601 2351 et
1630 2322 1725 2350 eadem
1757 2329 1803 2348 ra-

1010 2374 1085 2402 tione
1101 2372 1197 2400 Saram
1214 2371 1373 2400 denominet
1387 2370 1499 2398 Sarram
1511 2390 1518 2402 ,
1534 2373 1561 2397 et
1576 2369 1662 2400 isaac,
1676 2375 1738 2395 eum
1753 2367 1802 2402 qui

1010 2414 1157 2456 antequam
1177 2421 1349 2451 nasceretur,
1365 2418 1439 2446 risus
1453 2417 1543 2444 dictus
1558 2416 1656 2447 fuerat,
1672 2418 1699 2442 et
1715 2413 1803 2446 Jacqb

1009 2474 1071 2494 cum
1080 2466 1125 2502 qui
1136 2464 1248 2501 praemio
1264 2465 1354 2495 iuctae,
1368 2472 1402 2491 ex
1426 2462 1589 2498 cognomine
1598 2460 1681 2488 Israel
1690 2460 1803 2487 decora-

1010 2516 1066 2540 tus:
1082 2519 1199 2546 cumque
1209 2511 1280 2538 idem
1291 2510 1344 2537 alia
1360 2508 1569 2536 innumerabilia
1580 2508 1614 2535 de
1627 2506 1654 2534 vi
1668 2510 1694 2534 et
1704 2509 1802 2532 natura

1010 2557 1163 2590 nominum,
1181 2555 1316 2583 diviniore
1330 2562 1412 2589 quam
1430 2557 1459 2580 ut
1474 2561 1506 2581 ca
1526 2552 1630 2579 homini
1645 2550 1801 2581 conveniat,

1012 2603 1170 2639 Spirituque
1180 2602 1228 2630 Dei
1243 2601 1331 2629 uitiata
1351 2600 1486 2635 sapientia
1500 2607 1532 2626 ac
1547 2599 1661 2627 scientia
1674 2601 1800 2633 percepta

1010 2654 1038 2678 et
1050 2651 1157 2686 cognita
1172 2648 1294 2679 haberet,
1312 2654 1363 2674 nec
1372 2645 1593 2680 aliusquisquam
1603 2643 1637 2671 ab
1651 2643 1727 2670 initio
1739 2646 1803 2669 ante

1011 2697 1111 2731 ipsum,
1134 2694 1200 2722 Jesu
1228 2693 1339 2721 nomine
1363 2700 1429 2720 usus
1457 2694 1542 2723 esset,
1571 2690 1677 2725 primus
1708 2688 1803 2716 divino

1013 2742 1117 2779 Spiritu
1136 2742 1306 2773 moderante,
1319 2747 1400 2775 quem
1416 2738 1467 2766 sibi
1485 2738 1512 2765 in
1537 2736 1629 2772 populi
1646 2735 1800 2771 principatu

1012 2794 1201 2815 successorem
1226 2790 1285 2814 erat
1310 2785 1510 2815 declaraturus,
1532 2782 1585 2809 alio
1601 2781 1676 2817 prius
1693 2779 1803 2807 nomine

1012 2836 1150 2866 vocatum,
1177 2832 1236 2868 ipse
1250 2831 1416 2861 immutans,
1432 2828 1525 2857 Jesum
1541 2825 1735 2857 nominaverit,
1758 2828 1803 2852 ut-
