2084 3216
290 178 344 206 521

608 177 743 205 EUSEBll
762 176 1006 205 CIESARIENSIS
1025 177 1100 204 OPP.
1122 176 1223 205 PARS.
1245 177 1277 203 ll.
1296 156 1592 206 -ΑὶδοιοῡετιυΑ,

1869 181 1921 208 525

289 239 355 271 pote
369 235 415 270 qui
431 234 640 270 appellationem
652 235 691 261 illi
709 241 724 261 a
736 234 887 268 majoribus
904 234 969 261 dum
983 242 1076 262 nascc-

1131 243 1217 270 νησαν
1231 235 1256 261 οἱ
1273 235 1454 271 γεννήσαντες
1464 244 1470 251 ·
1485 235 1542 262 ἀλλ’
1557 236 1571 262 ὅ
1584 244 1615 270 γε
1631 236 1774 272 προφήτης
1782 236 1829 263 τοῦ
1842 237 1922 268 Θεοῦ,

288 284 366 308 retur
378 280 548 315 adjunctam,
559 287 613 307 non
627 280 698 307 satis
710 274 835 306 idoneam
850 278 909 306 fore
920 279 1076 307 censuerit:

289 325 427 361 siquidem
443 324 561 353 Nausem
587 325 663 353 illum
690 330 818 361 parentes
844 330 1032 353 vocaverant:
1051 330 1079 353 at

288 380 355 400 vero
369 373 428 408 ipse
438 372 486 400 Dei
503 373 646 408 propheta,
670 373 815 400 immutate
842 373 925 399 natali
957 373 1077 404 nomine,

287 418 378 446 virum
392 418 468 445 illum
483 418 576 445 divino
589 417 691 453 Spiritu
715 422 862 450 annuente,
881 417 974 446 Jesum
988 422 1077 448 vocat.

288 469 344 488 non
357 461 437 489 aliter
449 462 524 488 illum
540 466 601 497 post
630 467 747 489 mortem
775 470 864 494 suam,
881 463 955 490 omni
978 464 1079 498 populo

289 515 409 542 praeesse
426 512 552 543 oportere
579 511 665 539 ratus,
682 516 746 536 cum
761 509 855 544 utique
867 509 988 537 futurum
1004 510 1079 538 vide-

288 558 341 585 ret,
361 562 429 589 quas
461 554 533 589 leges
561 554 620 588 ipse
650 555 789 589 posuisset
817 559 847 583 ut
864 563 903 583 ea!
932 556 1080 591 aliquando

289 604 473 631 mutarentur,
487 600 567 636 196
579 600 715 636 finemque
740 602 906 637 acciperent,
932 607 960 630 et
983 603 1078 630 eadem

286 653 351 672 cum
367 645 427 680 ipso
456 645 531 673 Mose
555 646 662 673 ratione
685 647 898 680 quodammodo,
923 647 1078 679 interirent,

287 698 377 725 neque
391 690 474 717 alium
487 690 656 725 quempiam,
669 699 751 726 quam
772 699 857 718 unum
873 691 966 720 Jesum
992 693 1079 728 ipsius

288 735 335 763 Dei
346 735 496 767 Christum,
518 737 597 763 alteri
612 736 778 771 reipublicae,
804 745 867 772 quae
890 738 981 773 priore
1001 739 1080 774 longe

287 782 395 814 melior,
422 782 556 817 longeque
589 783 762 816 praastantior
790 782 870 816 foret,
887 783 1077 819 praefuturum.

285 827 380 863 Itaque
394 828 483 855 Moses
492 828 602 863 quidem
614 829 737 856 omnium
752 830 946 865 prophetarum
962 831 1080 857 maxime

286 875 477 909 admirandus,
493 883 554 902 cum
581 880 726 911 utramque
746 875 898 904 Salvatoris
913 877 1001 904 nostri
1014 875 1078 904 Jesu

284 920 390 949 Christi
422 922 647 957 appellationem,
674 922 767 949 divino
797 921 900 957 Spiritu
927 922 1079 950 instruente

284 966 456 999 distinctam,
467 967 658 1002 cognitumque
669 967 781 995 haberet
793 971 910 1002 utraque
918 968 996 1002 quasi
1009 968 1076 995 duo-

285 1011 338 1039 bus
352 1012 435 1046 regiis
449 1011 611 1039 diadematis
624 1019 682 1043 eos.
700 1012 746 1046 qui
764 1011 837 1047 apud
854 1020 883 1039 se
897 1012 1019 1039 omnium
1033 1020 1077 1040 es-

284 1063 346 1085 sent
373 1058 527 1092 principum
558 1057 784 1092 praestantissimi
806 1057 956 1085 decoravit.
982 1058 1076 1093 itaque

284 1111 347 1130 cum
372 1103 480 1131 duobus
500 1103 681 1139 principibus,
705 1103 868 1138 duobusque
887 1103 1006 1131 ducibus
1027 1111 1076 1138 po-

1129 280 1160 306 τδ
1172 281 1204 306 ἐκ
1217 280 1330 315 γενετῆς
1340 281 1460 316 ἀμείψας
1472 281 1566 316 ὄνομα,
1580 281 1684 315 Ἰησοῦν
1697 281 1743 308 τὸν
1756 282 1839 318 ἄνδρα
1852 283 1924 310 κατά

1129 324 1160 351 τὸ
1176 325 1246 351 θεῖον
1256 325 1370 361 Πνεῦμα
1382 325 1470 352 καλεῖτ’
1487 326 1536 352 οὐκ
1547 325 1634 358 ἄλλως
1648 327 1730 353 αὑτὸν
1741 327 1923 362 καθηγεῖσθαι

1129 371 1176 397 τοῦ
1193 371 1293 403 παντὸς
1308 371 1373 398 λαοῦ
1385 373 1454 408 μετὰ
1465 373 1514 407 τὴν
1528 373 1624 399 ἑαυτοῦ
1638 373 1778 408 τελευτὴν,
1790 374 1840 409 τῆς
1855 374 1924 410 πρὸς

1130 416 1212 443 αὐτοῦ
1225 416 1350 453 τεθείσης
1363 418 1523 452 νομοθεσίας
1538 419 1779 454 μεταστησομένης
1796 420 1862 446 ποτὲ
1875 419 1923 446 καὶ

1129 462 1205 494 τέλος
1227 463 1371 499 ῑσχούσης,
1390 464 1436 490 καὶ
1454 464 1528 498 αὐτῷ
1546 472 1578 498 γε
1598 464 1698 499 ὁμοίως
1715 465 1810 491 Μωσεῖ
1823 465 1924 500 τρόπον

1129 509 1190 536 τινὰ
1205 509 1387 544 τελευτώσης,
1405 510 1506 545 μηδένα
1515 510 1608 545 ἓτερον
1624 510 1640 546 ἢ
1657 511 1738 546 μόνον
1760 511 1865 545 Ἰησοῦν
1878 511 1924 537 τὸν

1129 555 1245 591 Χριστὸν
1259 554 1305 581 τοῦ
1320 555 1387 582 Θεοῦ
1403 555 1540 587 πολιτείας
1557 555 1652 591 ἐτέρας
1667 555 1817 591 ἡγήσεσθαι
1833 555 1926 591 κρείτ-

1129 609 1204 631 τονος
1222 600 1238 635 ἢ
1254 600 1325 627 κατὰ
1348 600 1397 636 τὴν
1417 600 1562 636 προτέραν.
1579 600 1657 627 Οὓτω
1673 601 1722 636 μὲν
1740 600 1772 636 δὴ
1789 601 1892 636 Μωσῆς
1908 601 1924 627 ό

1131 647 1241 673 πάντων
1264 645 1412 682 προφητῶν
1432 645 1672 680 θαυμασιώτατος,
1694 646 1853 682 ἀμφοτέρας
1875 645 1922 672 τοῦ

1130 692 1255 727 Σωτῆρος
1271 691 1350 727 ἡμῶν
1372 691 1458 727 Ἰησοῦ
1478 691 1597 727 Χριστοῦ
1617 691 1682 726 θείῳ
1706 691 1845 727 Πνεύματι
1863 692 1922 718 δια-

1130 738 1209 772 γνοὺς
1226 737 1275 769 τὰς
1290 737 1448 772 ἐπωνυμίας
1457 758 1464 770 ,
1477 737 1590 769 ταύταις
1604 738 1643 769 ὡς
1655 737 1688 764 ἂν
1705 737 1855 773 βασιλικοῖς
1867 738 1924 764 δια-

1130 784 1162 819 δή
1167 792 1234 819 μασι
1247 784 1310 815 τοὺς
1323 783 1387 819 παρ’
1400 783 1480 810 αὐτὸν
1494 783 1602 810 πάντων
1612 783 1666 810 τῶν
1679 783 1816 818 ἀρχόντων
1830 783 1925 819 ὲκκρί-

1129 838 1192 861 τους
1207 829 1347 864 ἐτίμησεν,
1362 828 1437 855 δυσὶν
1455 829 1568 864 ἄρχουσι
1585 828 1632 854 καὶ
1654 828 1770 863 ἡγεμόσι
1787 827 1834 854 τοῦ
1857 826 1923 853 λαοῦ

1130 875 1168 910 τῷ
1187 883 1217 901 τε
1242 875 1366 911 ἀρχιερεῖ
1379 874 1426 901 καὶ
1439 873 1477 909 τῷ
1496 873 1589 909 οἰκείῳ
1605 874 1728 909 διαδόχῳ,
1743 874 1788 900 τὸν
1800 873 1919 909 Χριστὸν

1097 939 1116 965 Β
1131 922 1177 948 καὶ
1191 921 1236 947 τὸν
1255 921 1358 956 Ἰησοῦν
1372 921 1542 956 ἐπιφημίσας
1561 921 1621 947 κατ’
1631 920 1719 952 ἀξίαν,
1732 920 1771 955 τῷ
1789 920 1838 956 μὲν
1859 920 1923 946 ’Δα-

1132 967 1186 1003 ρὼν
1203 968 1248 994 τὸν
1264 966 1390 1002 Χριστὸν,
1406 966 1444 1002 τῷ
1454 967 1482 993 δὲ
1499 967 1591 1002 Ναυσῇ
1602 987 1609 998 ,
1619 966 1658 998 ὡς
1671 966 1703 993 ἂν
1716 966 1764 1002 τὴν
1780 965 1862 993 αὑτοῦ
1878 975 1923 993 τε-

1130 1013 1225 1049 λευτὴν
1241 1013 1437 1050 διαδεξομένῳ,
1454 1013 1500 1040 τὸν
1522 1013 1624 1049 Ἰησοῦν
1643 1013 1804 1048 ἀπονείμας.
1821 1012 1924 1039 Τοῦτον

1132 1059 1181 1094 μὲν
1188 1056 1234 1085 οὖν
1243 1059 1287 1086 τὸν
1293 1059 1392 1095 τρόπον
1399 1059 1416 1094 ἡ
1425 1058 1507 1086 αὑτοῦ
1515 1058 1737 1094 ΜωσέωςΓραφὴ
1745 1059 1804 1090 ταῖς
1810 1057 1858 1084 τοῦ
1865 1057 1924 1084 Σωα

1129 1104 1213 1140 τῆρος
1227 1104 1305 1140 ἡμῶν
1319 1104 1407 1141 Ἰησοῦ
1419 1104 1537 1140 Χριστοῦ
1551 1104 1704 1140 κεκόσμητο
1716 1103 1922 1140 προσηγορίαις.

284 1150 340 1185 puli
361 1151 483 1185 pontifici
504 1151 566 1185 ipsi,
585 1159 617 1178 ac
642 1158 693 1178 suo
720 1150 806 1185 ipsius
831 1151 997 1183 successori,
1016 1150 1156 1178 Christum
1184 1156 1211 1179 et
1233 1151 1326 1180 Jesum
1355 1152 1549 1187 appellationes
1564 1159 1613 1187 pro
1638 1152 1743 1179 meritis
1760 1151 1920 1178 tribuisset:

284 1196 374 1232 ipsum
399 1198 508 1233 quidem
535 1198 637 1231 Aaron,
662 1198 813 1230 Christum,
843 1197 961 1225 Nausea)
992 1206 1066 1231 vero,
1084 1199 1163 1234 quasi
1192 1207 1267 1232 eum,
1296 1200 1343 1234 qui
1369 1205 1430 1235 pest
1458 1204 1573 1227 mertem
1598 1207 1676 1227 suam
1694 1198 1746 1226 sibi
1770 1201 1845 1226 essi-t
1859 1205 1922 1225 suc-

284 1251 426 1276 cessurus,
442 1244 534 1271 Jesum
550 1244 709 1272 nominavit.
729 1243 786 1272 Hoc
812 1245 894 1280 igitur
916 1245 998 1273 modo
1027 1245 1114 1280 ipsius
1131 1245 1214 1274 Mosis
1240 1246 1393 1281 Scriptura,
1412 1245 1561 1274 Salvatoris
1580 1245 1666 1272 nostri
1677 1244 1742 1272 Jesu
1757 1243 1858 1271 Christi
1874 1251 1923 1269 no-

285 1291 407 1318 minibus
425 1291 556 1327 insignita
572 1295 627 1319 est.

284 1349 324 1375 Ab
334 1349 436 1376 Exodo.
454 1364 490 1368 —
504 1350 731 1382 Quemadmodum
743 1350 826 1378 Hosis
841 1360 975 1379 successor
989 1352 1078 1383 Iesus,

321 1385 369 1421 qui
379 1384 488 1421 angelus
507 1391 546 1411 est
562 1391 680 1421 uocatus.
694 1393 716 1412 et
726 1387 816 1420 populi
827 1387 882 1413 dux
889 1388 996 1421 futurus
1008 1392 1076 1419 erat,

323 1419 458 1447 reddentia
474 1420 612 1447 oraculum
625 1419 731 1448 Christi
748 1419 842 1449 nonum
854 1419 922 1457 ferre
929 1422 1016 1450 dictus
1027 1427 1076 1450 est.

327 1508 417 1536 «Ecce
445 1517 495 1544 ego
515 1509 592 1537 mitto
614 1510 740 1546 angelum
769 1518 860 1538 meum
887 1514 950 1539 ante
979 1511 1074 1539 faciem

1138 1349 1209 1378 Ἀπὸ
1227 1348 1282 1383 τῆς
1299 1348 1431 1380 Ἐξόδου.
1447 1347 1537 1380 -Ὧς
1548 1348 1564 1373 ό
1574 1346 1702 1384 Μωσέως
1716 1345 1861 1384 διάδοχος
1872 1346 1925 1384 "In.

1166 1381 1262 1418 σούς,
1272 1381 1275 1382 ⁷
1292 1384 1423 1419 ἅγγελος
1439 1381 1691 1419 ὲπικεκλημεξγος,
1709 1382 1757 1408 καὶ
1774 1381 1828 1419 τοῦ
1845 1382 1921 1408 λαοί)

1166 1416 1357 1454 καθήγεῖσθάι
1387 1418 1518 1454 μέᾷλων,
1536 1417 1583 1454 Δτὸ
1610 1417 1703 1454 ὄνομα
1734 1416 1788 1443 τοῦ
1811 1425 1923 1452 χρημα-

1167 1451 1297 1487 τίζοᾶ-ὶος
1313 1451 1441 1488 Χριστοῦ
1455 1451 1645 1487 ἐπιφέρεσθαι
1665 1452 1791 1486 λέγεται.

1168 1524 1177 1540 ι
1195 1514 1260 1540 Ἰδοὺ
1280 1512 1435 1539 ἀποστέλλω
1450 1512 1495 1538 τὸν
1510 1510 1624 1544 ἄγγελόν
1639 1519 1689 1545 μου
1706 1510 1758 1546 πρὸ
1774 1509 1921 1544 προσώπου

285 1557 372 1584 tuam,
389 1557 418 1579 ut
431 1553 566 1580 custodiat
585 1559 610 1581 te
623 1554 650 1581 in
665 1555 718 1587 via,
733 1560 762 1582 ut
774 1555 966 1584 introducatte
979 1557 1006 1583 in
1024 1562 1076 1584 ter-

1131 1568 1188 1591 σου,
1199 1559 1242 1586 ἵνα
1259 1558 1384 1593 φυλάσσῃ
1397 1566 1426 1583 σε
1441 1557 1469 1583 ὲν
1478 1558 1511 1592 τῇ
1522 1556 1583 1591 ὀδῷ,
1598 1557 1671 1587 ὅπως
1686 1555 1821 1592 εἰσαγάγῃ
1834 1564 1863 1582 σε
1875 1558 1916 1588 εἰς

285 1607 344 1627 ram
367 1607 448 1634 quam
470 1601 620 1637 praparavi
642 1602 690 1628 tibi
714 1610 720 1627 :
744 1602 860 1629 observa
885 1610 959 1635 eum,
976 1607 1004 1630 et
1025 1610 1075 1630 au-

286 1646 377 1674 sculta
389 1646 440 1677 illi.
458 1654 493 1674 ne
511 1646 597 1675 fueris
611 1648 743 1676 adversus
755 1649 831 1676 illum
846 1654 1004 1681 contumax,
1021 1658 1075 1677 non

282 1694 357 1722 enim
386 1695 525 1722 verebitur
551 1699 598 1728 te,
624 1703 725 1723 nomen
753 1697 827 1723 enim
855 1704 946 1724 meum
977 1701 1020 1724 est
1047 1697 1075 1724 in

285 1740 344 1776 ipso
359 1741 392 1768 ³³.
424 1751 434 1767 ι
464 1741 534 1773 Meo,
565 1742 654 1777 inquit
682 1742 740 1777 ipse
769 1742 912 1775 Dominus.
947 1745 992 1778 qui
1018 1743 1076 1771 haec

282 1787 332 1813 tibi
357 1787 519 1822 respondeo,
548 1789 660 1816 nomine
681 1788 834 1824 inscriptus
855 1794 907 1823 est,
926 1791 972 1825 qui
988 1798 1076 1825 popu‘

284 1831 340 1860 lum
354 1833 561 1861 introductans
572 1839 615 1862 est
625 1834 653 1862 in
662 1839 764 1862 terram
776 1836 969 1870 promissionis
986 1845 991 1863 :
1002 1835 1076 1871 quod

284 1880 308 1906 si
323 1878 402 1907 Iesus
414 1880 475 1910 fuit,
493 1888 546 1908 non
561 1881 643 1913 alius,
663 1885 772 1909 constat
784 1882 839 1916 jam
855 1886 913 1909 tum
930 1881 1075 1909 Dominum

284 1924 329 1951 hic
347 1925 448 1958 dicere,
473 1934 572 1954 nomen
590 1935 672 1963 suum
690 1927 727 1954 illi
740 1935 801 1955 esse
823 1928 981 1962 impositum
999 1937 1005 1955 :
1020 1936 1075 1955 non

284 1970 368 2005 igitur
383 1971 482 1998 mirum
496 1976 547 2004 est,
565 1973 588 2000 si
613 1973 739 2008 angelum
752 1980 861 2008 quoque
882 1973 972 2008 ipsum
984 1977 1073 2006 vocat.

284 2015 394 2050 quando
407 2016 487 2044 etiam
502 2016 666 2052 de_Joanne,
684 2019 731 2053 qui
750 2019 832 2046 homo
850 2019 911 2050 fuit,
937 2019 1018 2054 plane
1033 2019 1077 2046 di-

284 2065 358 2089 ctum
375 2068 417 2090 est
434 2063 499 2090 illud
515 2073 522 2091 :
538 2073 548 2089 ε
566 2063 637 2092 Ecce
654 2065 732 2092 mitto
762 2064 888 2099 angelum
907 2072 996 2091 meum
1013 2069 1076 2092 ante

285 2107 383 2134 faciem
401 2109 485 2141 tuain,
501 2109 548 2144 qui
560 2109 725 2144 praeparabit
735 2110 807 2137 viam
821 2114 894 2136 tuam
904 2114 967 2137 ante
983 2113 1010 2137 te
1018 2110 1051 2137 ⁸⁸.
1063 2118 1073 2136 ι

285 2164 307 2191 Α
318 2163 462 2201 lacuaria.
476 2181 513 2185 —
524 2165 601 2199 Quod
624 2167 704 2193 etiam
714 2166 792 2193 Iesus
812 2167 885 2201 filius
904 2166 1014 2194 Josedec
1027 2175 1075 2194 sa-

321 2199 411 2237 cerdos
427 2208 549 2235 magnus,
569 2202 709 2236 imaginem
733 2210 764 2228 ac
781 2199 894 2237 ﬁguram
918 2203 996 2237 gessit
1013 2201 1076 2230 Sul-

320 2236 418 2272 ratoris
430 2237 524 2268 nostri,
542 2237 587 2271 qui
599 2242 719 2265 vetarent.
734 2239 796 2272 ‘quw
814 2237 874 2271 jam
886 2236 940 2263 tuin
961 2238 1077 2264 inualue-

320 2275 375 2301 rat,
387 2270 563 2298 humanarum
590 2270 748 2298 animarum‘
766 2270 926 2306 seruitutem,
943 2273 978 2299 ad
991 2273 1075 2300 Deum

321 2311 446 2332 convertit
450 2326 457 2332 .

322 2363 402 2398 197
416 2372 425 2388 ι
437 2362 468 2389 Ει
484 2363 605 2390 ostendit
630 2364 694 2391 mihi
720 2364 852 2394 Dominus
873 2365 967 2394 Jesum
984 2373 1078 2393 sacer-

283 2409 376 2436 dotem
386 2417 525 2444 magnnm,
536 2414 652 2437 stantem
664 2414 726 2437 ante
737 2410 834 2438 faciem
850 2412 939 2446 angeli
953 2410 1076 2438 Domini:

284 2459 312 2482 et
328 2455 455 2482 diabolus
479 2456 569 2483 stabat
593 2463 607 2482 a
635 2456 740 2484 dextris
755 2456 826 2492 ejus,
843 2462 873 2484 ut
884 2458 1079 2485 adversaretur

284 2501 322 2533 ci,
337 2506 364 2528 et
379 2501 447 2528 dixit
463 2501 596 2529 Dominus
606 2502 638 2528 ad
658 2502 799 2529 diabolum
817 2512 823 2529 :
838 2502 963 2538 increpet.
986 2503 1078 2530 Domi-

285 2554 338 2573 nus
350 2546 376 2573 in
392 2550 428 2579 te,
445 2547 562 2579 diabolo,
587 2551 614 2574 et
632 2547 754 2582 increpet
772 2547 904 2576 Dominus
926 2549 953 2575 in
966 2552 1001 2580 te.
1030 2548 1078 2583 qui

285 2593 367 2626 elegit
387 2592 536 2620 Jerusalem
566 2603 572 2621 :
597 2601 688 2621 nonne
716 2601 781 2621 ecce
803 2594 858 2626 hic,
882 2595 962 2629 quasi
993 2595 1076 2621 torris

285 2641 381 2663 erutus
394 2644 427 2663 ex
446 2638 526 2672 igne?
541 2638 572 2664 Et
584 2643 644 2665 erat
660 2637 741 2666 Jesus
754 2639 867 2666 indutus
884 2639 1005 2667 vestibus
1017 2647 1078 2666 sor-

287 2681 369 2713 didis,
394 2686 422 2709 et
448 2684 537 2710 stabat
564 2688 627 2712 ante
663 2685 760 2712 faciem
794 2685 882 2720 angeli
907 2684 1025 2717 Domini,
1049 2688 1074 2712 et

288 2729 438 2762 respondit,
462 2734 488 2756 et
507 2731 544 2757 ait
568 2731 601 2758 ad
616 2737 720 2759 stantes
735 2735 799 2759 ante
828 2731 925 2759 faciem
937 2752 944 2764 ,
959 2732 1053 2759 dicens
1067 2741 1074 2759 ι

288 2773 398 2801 Auferte
415 2775 577 2803 vestimenta
589 2777 699 2804 sordida
717 2777 751 2805 ab
760 2785 804 2810 eo,
820 2781 848 2805 et
863 2777 931 2805 dixit
947 2778 980 2805 ad
993 2785 1073 2805 eum:

289 2818 358 2846 Ecce
368 2819 467 2847 abstuli
499 2829 514 2848 a
535 2826 561 2849 te
580 2822 738 2858 iniquitates
753 2827 827 2856 tuas,
843 2829 869 2851 et
888 2823 991 2851 induite
1011 2831 1073 2852 eum

322 2895 346 2911 "
358 2895 443 2924 Exod.
456 2904 534 2931 mn,
555 2898 600 2926 20.
637 2899 752 2928 “Marc.
777 2908 796 2935 I,
811 2900 838 2928 2.

1125 1605 1173 1641 τὴν
1190 1605 1241 1640 γῆν
1251 1624 1258 1636 ,
1272 1605 1306 1639 ἢν
1320 1603 1457 1639 ἠτοίμασίι
1471 1611 1522 1629 σοι.
1535 1602 1655 1638 Πρόσεχε
1668 1602 1772 1636 σεαυτῷ
1782 1623 1789 1633 ,
1803 1602 1851 1629 καὶ
1863 1604 1922 1629 εἱσι

1126 1652 1206 1678 ἀκουε
1223 1650 1305 1677 αὑτοῦ
1316 1670 1324 1682 ,
1340 1650 1376 1685 μὴ
1392 1649 1499 1676 ἀπείθει
1513 1648 1587 1684 αὐτῷ
1599 1657 1605 1663 ·
1620 1649 1650 1675 οὐ
1667 1650 1720 1684 γὰρ
1739 1647 1775 1684 μὴ
1793 1649 1921 1676 ὑποστεί-

1125 1697 1205 1732 ληταί
1220 1705 1258 1723 σε.
1273 1696 1309 1723 Τὸ
1320 1696 1374 1731 γὰρ
1383 1695 1470 1731 ὄνομα
1486 1704 1537 1730 μου
1554 1696 1629 1722 ἐστὶν
1642 1695 1685 1721 ἐπ’
1697 1694 1780 1730 αὐτῷ.
1799 1705 1809 1721 ›
1827 1695 1920 1731 Ἐμοῦ,

1126 1743 1208 1778 φησὶν
1218 1742 1298 1774 αὐτὸς
1313 1743 1327 1768 ό
1341 1742 1456 1777 Κύριος,
1467 1741 1512 1768 τοῦ
1531 1741 1573 1767 σοὶ
1588 1740 1675 1768 ταῦτα
1687 1741 1903 1776 χρηματίζοντος
1913 1761 1920 1771 ,

1125 1787 1245 1823 τοῦνομα
1264 1787 1474 1823 ἐπιγέγραπται,
1489 1788 1503 1814 ὁ
1520 1787 1624 1822 μέλλων
1645 1787 1766 1821 εἰσάγειν
1795 1787 1840 1813 τὸν
1857 1787 1920 1813 λαὸν

1127 1835 1166 1866 εἰς
1179 1834 1228 1869 τὴν
1244 1834 1295 1869 γῆν
1310 1834 1361 1868 τῆς
1374 1833 1538 1868 ἐπαγγελίας
1547 1842 1553 1848 ·
1565 1834 1589 1859 εί
1600 1834 1622 1860 δ’
1634 1834 1715 1864 αὐτὸς
1728 1831 1762 1868 ἧν
1776 1834 1790 1860 ό
1805 1833 1920 1868 Ἰησοῦς,

1126 1880 1177 1907 οὐκ
1198 1879 1293 1911 ἄλλος,
1313 1879 1460 1915 πρόδηλον,
1475 1879 1513 1911 ὡς
1536 1878 1654 1914 τοῦνομα
1677 1879 1707 1905 τὸ
1732 1879 1816 1905 αὑτοῦ
1838 1878 1921 1914 φησὶν

1125 1925 1311 1952 ὲπιτεθείσθαι
1325 1924 1409 1959 αὐτῷ.
1425 1924 1462 1951 Οὐ
1475 1924 1629 1959 θαυμαστὸν
1641 1921 1697 1955 οὖν,
1710 1924 1733 1950 εἰ
1746 1924 1792 1950 καὶ
1806 1924 1921 1958 ἄγγελον

1126 1969 1206 1996 αὑτὸν
1219 1969 1359 2001 ἀποκαλεῖ,
1373 1969 1417 1995 ὅτε
1436 1969 1483 1995 καὶ
1498 1969 1562 2004 περὶ
1579 1969 1701 1995 Ἰωάννου
1715 1968 1859 2004 ἀνθρώπου
1874 1977 1922 2003 γε·-

1126 2015 1234 2050 γονότος
1246 2015 1368 2042 λέλεκται
1385 2015 1424 2048 τὸ,
1445 2024 1454 2040 ‹
1477 2015 1542 2041 Ἰδοὺ
1556 2014 1714 2041 ἀποστέλλω
1736 2015 1781 2041 τὸν
1805 2016 1920 2050 ἄγγελόν

1127 2071 1178 2097 μου
1201 2062 1254 2098 πρὸ
1271 2061 1417 2097 προσώπου
1433 2070 1497 2094 σου,
1517 2062 1546 2093 ὃς
1568 2062 1770 2088 κατασκευάσει
1791 2062 1841 2098 τῆν
1861 2061 1922 2090 ὀδόν

1127 2116 1173 2134 σου
1191 2107 1344 2143 ἔμπροσθέν
1361 2117 1417 2134 σου.
1434 2117 1442 2133 ι

1133 2165 1444 2209 Ἀπὸῃτοῦνζιιχαρίοιι.
1457 2181 1492 2209 —’—
1503 2165 1550 2198 Ὡς
1562 2164 1616 2209 ’καὶ
1634 2164 1783 2209 Ἰησοῦςρ
1796 2165 1850 2209 τοῦ
1866 2166 1920 2192 Ἰωσ

1162 2200 1252 2226 σεδὲκ
1267 2202 1284 2227 ὁ
1299 2199 1395 2233 ἱερεὺς
1410 2202 1426 2226 ό
1438 2201 1528 2235 μέγας
1544 2201 1647 2226 εἰκόνα
1661 2201 1708 2226 καὶ
1724 2199 1819 2226 τύπον
1833 2200 1921 2234 ἔμεγε

1163 2235 1216 2261 τοῦ
1243 2235 1380 2269 Σωτῆρος
1401 2235 1495 2269 ἡμῶν,
1525 2234 1757 2269 ἐπιστρέφοντος
1786 2235 1836 2261 ἐπὶ
1867 2237 1921 2262 τίν

1093 2258 1115 2286 Ι)
1165 2258 1921 2305 ὂεὶδνέἦὶέὲἵάζὶαἱΞῖτῖὲραὲἱῷἆῶἑῶἱρένθρὦὲιεὶέυᾸρ

1166 2305 1276 2340 ψυχῶν
1290 2307 1508 2340 αἰχμαλωσίαν.

1169 2372 1178 2387 ι
1195 2363 1250 2388 Καὶ
1262 2362 1346 2394 ἔδειξέ
1364 2370 1410 2397 μοι
1424 2361 1527 2398 Κύριος
1546 2361 1649 2396 Ἰησοῦν
1662 2361 1708 2388 τὸν
1722 2361 1798 2398 ἱερέα
1812 2362 1858 2390 τὸν
1873 2362 1920 2398 μέ-

1129 2417 1197 2443 γαν,
1215 2408 1318 2435 ἑστῶτα
1334 2408 1387 2444 πρὸ
1402 2407 1550 2444 προσώπου
1567 2408 1684 2442 ἀγγέλου
1707 2408 1822 2444 Κυρίου.
1836 2409 1893 2435 Καὶ
1906 2411 1920 2435 ό

1127 2455 1250 2486 διάϐολος
1263 2455 1383 2490 εἱστήκει
1393 2455 1425 2481 ὲκ
1439 2454 1534 2487 δεξιῶν
1548 2454 1641 2486 αὐτοῦ,
1653 2454 1821 2481 ἀντικεῖσθαι
1833 2455 1918 2489 αὐτῷ.

1129 2501 1184 2528 Καὶ
1206 2499 1266 2528 εἷπε
1291 2501 1393 2536 Κύριος
1417 2501 1484 2536 πρὸς
1505 2500 1550 2527 τὸν
1574 2500 1712 2527 διάϐολον*
1744 2501 1919 2536 Ἐπιτιμήσαι

1128 2547 1231 2583 Κύριος
1247 2548 1276 2573 ὲν
1293 2547 1352 2579 σοὶ,
1368 2546 1492 2579 διάὸολε,
1518 2547 1566 2574 καὶ
1588 2548 1751 2583 ὲπιτιμήσαι
1766 2547 1870 2583 Κύριος
1892 2549 1919 2573 ἐν

1130 2594 1182 2625 σοι,
1193 2594 1207 2619 ὀ
1219 2592 1398 2628 ἐκλεξάμενος
1409 2593 1458 2628 τὴν
1475 2592 1661 2629 Ἰερουσαλήμ.
1675 2591 1743 2627 Οὐχὶ
1754 2589 1831 2624 οὗτος
1841 2592 1920 2623 δαλὸς

1130 2638 1331 2673 ὲξεσπασμένος
1341 2639 1373 2665 ὲκ
1387 2639 1472 2674 πυρός
1486 2647 1492 2670 ;
1504 2638 1559 2665 Καὶ
1573 2636 1607 2674 ἦν
1626 2637 1728 2673 Ἰησοῦς
1744 2638 1920 2673 ἐνδεδυμένος

1131 2685 1226 2721 ἱμάτια
1243 2685 1363 2721 ῥυπαρὰ,
1378 2686 1426 2712 καὶ
1439 2686 1559 2721 εἱστήκει
1576 2685 1629 2721 πρὸ
1641 2684 1786 2719 προσώπου
1802 2684 1921 2719 ἀγγέλου

1129 2731 1243 2767 Κυρίου,
1254 2731 1302 2758 καὶ
1312 2731 1448 2767 ἀπεκρίθη
1459 2751 1466 2763 ,
1481 2731 1527 2758 καὶ
1541 2729 1601 2757 εἶπε
1617 2731 1685 2766 πρὸς
1697 2731 1759 2762 τοὺς
1770 2730 1921 2766 ἑστηκότας

1129 2777 1183 2813 πρὸ
1192 2777 1352 2813 προσώπου,
1363 2777 1460 2811 λέγων’
1477 2777 1602 2811 Ἀφὲλετε
1612 2778 1646 2803 τὰ
1658 2776 1752 2811 ἱμάτια
1764 2777 1797 2802 τὰ
1808 2777 1920 2812 ρυπαρὲ

1129 2823 1176 2850 ἀπ’
1191 2822 1284 2849 αὑτοῦ·
1305 2822 1352 2849 καὶ
1368 2820 1429 2849 εἷπε
1446 2821 1514 2857 πρὸς
1529 2822 1620 2848 αὐτόν·
1640 2821 1704 2848 Ἰδοὺ
1719 2821 1851 2857 ἀφῄρηκα
1871 2821 1921 2853 τὰς
