2084 3216
193 171 247 199 529

630 169 958 200 DEMONSTBATIONIS
977 169 1209 199 ΕνΑΝοῑιισΔι
1230 169 1295 198 LIB.
1317 170 1363 198 IV.

1759 173 1813 201 550

191 230 307 266 ἀνομίας
322 239 380 264 σου,
393 223 439 264 καί
454 230 580 258 ἐνδύσατε
594 231 675 258 αὑτὸν
687 232 803 268 ποδήρη,
814 232 861 259 καὶ
870 232 972 259 ἐπίθετε

1027 231 1120 261 tunica
1133 231 1222 264 talari,
1244 234 1272 258 et
1299 230 1432 266 imponite
1454 230 1568 258 cidarim
1591 232 1724 259 mundam
1732 239 1814 268 super

191 277 300 312 κίδαριν
318 277 440 312 καθαρὰν
454 277 499 304 ἐπὶ
514 277 564 312 τὴν
584 277 703 312 κεφαλὴν
719 277 817 310 αὑτοῦ,
835 279 881 304 καὶ
896 287 976 313 περι-

191 322 288 350 έὸαλον
303 322 386 350 αὑτὸν
401 323 506 358 ἰμάτια.
523 333 532 349 ι
552 324 606 350 Καὶ
621 324 684 359 ἑξῆς
698 323 831 358 ἐπιλέγει·
851 334 860 348 ι
879 325 975 351 ΙἈκουε

189 369 221 404 δὴ
231 388 238 399 ,
260 368 348 404 Ἰησοῦ
366 370 380 395 6
395 369 484 404 ἱερεὺς
499 369 513 395 6
529 369 614 404 μέγας
624 389 631 401 ,
646 370 677 395 σὺ
693 370 739 396 καὶ
750 371 774 396 οἱ
788 370 900 405 πλησίον
917 370 974 400 σοῦ,

189 414 338 450 καθήμενοι
351 414 403 450 πρὸ
419 414 563 450 προσώπου
580 423 624 441 σου
636 435 642 446 ,
663 415 729 441 διότι
749 415 843 450 ἄνδρες
863 424 974 449 τερατο-

191 463 286 494 στῧποι
298 459 442 486 εἰσί-διότι
462 460 521 494 ἄγω
541 461 585 487 τὸν
603 460 695 487 δοῦλόν
712 470 762 496 μου
786 461 940 496 Ἄνατολήν.
964 471 972 486 ι

190 506 247 533 Καὶ
263 507 332 541 μετὰ
342 506 456 542 βραχέα,
466 507 569 538 τούτοις
584 507 709 542 ἐπιφέρει
718 507 802 540 λέγων
812 514 818 521 '
829 515 838 531 ‹
850 506 903 532 Καὶ
917 506 976 540 ὲγὲ-

189 560 252 578 νετο
268 551 347 585 λόγος
364 552 468 587 Κυρίου
488 552 556 586 πρός
578 560 612 586 με
626 552 711 585 λέγων
724 560 730 566 ·
747 552 818 578 Λάϐε
833 552 866 578 τὰ
880 553 911 578 ἐκ
926 552 976 587 τῆς

190 596 378 632 αἰχμαλωσίας
403 597 477 632 παρὰ
501 597 554 623 τῶν
579 597 717 632 ἀρχόντων
743 597 790 623 καὶ
819 596 894 632 παρὰ
923 596 976 623 τῶν

188 642 321 677 χρησμῶν
337 641 421 677 αὐτῆς
431 661 438 673 ,
450 642 497 668 καὶ
517 641 590 677 παρὰ
604 641 656 667 τῶν
673 642 866 674 ἐπεγνωκύτων
881 640 974 675 αὐτὴν,

188 688 236 714 καὶ
258 687 397 723 εἰσελεύσῃ
411 688 440 714 ἐν
460 689 492 723 τῇ
508 687 599 723 ἡμέρᾳ
616 688 707 724 ἐκείνῃ
722 689 762 719 εἰς
778 688 821 714 τὸν
835 685 908 714 οἷκον
928 688 976 713 Σο-

186 733 281 768 φονίου
295 733 341 759 τοῦ
355 734 468 768 ἥκοντος
482 734 514 759 ἐκ
525 732 694 764 Βαϐυλῶνος,
705 734 750 759 καὶ
760 733 830 768 λήψῃ
845 732 975 768 ἀργύριον

185 779 234 805 καὶ
249 778 359 813 χρυσίον
369 797 376 809 ,
391 779 437 805 καὶ
451 778 574 814 ποιήσεις
592 778 739 812 στεφάνους
752 798 758 809 ,
775 779 820 805 καὶ
837 777 976 813 ἐπιθήσεις

186 823 235 849 ἐπὶ
250 823 299 858 τὴν
316 823 435 859 κεφαλὴν
453 823 540 858 Ἰησοῦ
555 822 600 850 τοῦ
620 823 740 850 Ἰωσεδὲκ
754 822 800 849 τοῦ
823 823 916 858 ἱερέως
928 822 974 848 τοῦ

187 869 324 904 μεγάλου,
349 870 396 896 καὶ
419 870 491 904 ἐρεῖς
507 869 574 904 πρὸς
588 869 668 896 αὐτόν
680 878 687 884 ·
702 869 770 895 Τάδε
785 868 857 902 λέγει
875 868 975 904 Κύριος

185 915 383 951 παντοκράτωρ
393 923 400 930 °
419 915 484 942 Ἰδοὺ
497 915 575 950 ἀνὴρ,
591 915 717 950 ’Λνατολὴ
731 915 815 950 ὄνομα
828 914 911 949 αὐτῷ,
925 914 972 940 καὶ
990 915 1009 942 Β

186 961 363 988 ὑποκάτωθεν
379 961 460 988 αὐτοῦ
477 961 616 992 ἁνατελεῖ,
633 961 679 987 καὶ
692 960 860 995 οἰκοδομήσει
875 960 920 986 τὸν
931 958 971 986 οἱ-

184 1016 237 1034 κον
247 1007 361 1044 Κυρίου,
374 1007 508 1038 itala-516;
518 1007 632 1042 λήψεται
639 1006 747 1042 ἀρετὴν,
759 1007 805 1033 καὶ
817 1006 969 1038 καθίσεται,

184 1054 235 1081 καὶ
251 1053 380 1089 κατάρξει
402 1053 448 1079 ἐπὶ
460 1052 506 1078 τοῦ
523 1052 617 1088 Θρόνου
636 1051 735 1078 αὐτοῦ·
752 1051 799 1077 καὶ
816 1051 890 1077 ἔσται
906 1051 919 1076 ὁ
933 1052 971 1077 ἰε-

184 1100 252 1136 ρεὺς
265 1100 298 1126 ἐκ
311 1097 405 1130 δεξιῶν
421 1097 519 1128 αὐτοῦ,
536 1098 582 1123 καὶ
600 1097 680 1132 βουλὴ
693 1095 816 1131 εἰρηνικὴ
831 1096 906 1122 ἔσται
920 1095 971 1122 ἀνὰ

185 1145 270 1180 μέσον
283 1143 454 1179 ἀμφοτέρων.
474 1151 483 1168 ι
505 1142 560 1168 Καὶ
579 1143 594 1168 6
612 1143 639 1167 ὲν
650 1142 689 1177 τῷ
706 1142 817 1176 παρόντι
831 1142 971 1177 προφήτης

185 1191 277 1226 μέγας
291 1191 379 1226 ἰερεὺς
393 1210 400 1222 ,
421 1189 653 1225 ἀναγορευόμενος
672 1188 791 1223 Ἰησοῦς,
807 1189 971 1223 λευκοτάτην

184 1236 279 1263 εἰκόνα
294 1236 341 1263 καὶ
356 1235 489 1270 σύμϐολον
512 1235 626 1271 ἐναργὲς
649 1235 722 1261 δοκεῖ
746 1243 790 1269 μοι
812 1234 906 1266 σώζειν
924 1233 970 1260 τοῦ

183 1281 312 1317 Σωτῆρος
333 1281 410 1316 ἡμῶν
439 1280 526 1316 Ἰησοῦ
550 1280 596 1306 τοῦ
620 1279 754 1315 Χριστοῦ,
781 1281 814 1314 τῇ
836 1288 863 1305 τε
889 1279 970 1305 αὑτοῦ

182 1328 356 1364 προσηγορίᾳ
370 1327 506 1363 τιμηθεὶς,
521 1327 568 1353 καὶ
585 1327 633 1361 τῆς
647 1326 774 1352 ἐπανόδου
789 1326 837 1360 τῆς
852 1326 905 1351 ἀπὸ
918 1326 971 1352 Βα-

183 1372 307 1405 ϐυλῶνος
319 1373 505 1408 αἰχμαλωσίας
517 1372 563 1399 τοῦ
573 1372 637 1398 λαοῦ
650 1371 884 1407 καθηγησάμενος.
894 1370 970 1397 Ἐπεὶ

182 1420 234 1447 καὶ
249 1421 265 1446 ὁ
279 1420 374 1456 Σωτὴρ
390 1419 468 1455 ἡμῶν
484 1419 588 1454 Ἰησοῦς
601 1419 615 1445 6
630 1418 746 1454 Χριστὸς
759 1417 884 1452 ἀφεῖσθαι
900 1417 971 1452 εἴρη-

182 1475 232 1494 ται
244 1466 288 1493 διὰ
304 1466 413 1494 Ἡσαΐου
424 1465 471 1492 τοῦ
485 1466 623 1501 προφήτου
634 1485 640 1496 ,
659 1464 775 1500 κηρύξαι
789 1462 970 1498 αἰχμαλώτοις

182 1512 300 1547 ἄφεσιν,
325 1513 372 1539 καὶ
394 1512 504 1546 τυφλοῖς
532 1511 693 1545 mensem,
722 1510 909 1545 παρακαλέσαι
941 1518 970 1535 τε

183 1560 290 1591 πάντας
304 1560 365 1591 τοὺς
383 1559 560 1591 πενθοῦντας,
580 1559 627 1585 καὶ
641 1558 749 1594 δοθῆναι
766 1559 820 1589 τοῖς
844 1556 970 1584 πενθοῦσι

1026 279 1189 314 caputejus,
1201 283 1227 305 et
1245 278 1392 305 induerunt
1419 277 1494 305 illum
1519 279 1679 306 vestimenta
1697 279 1729 306 ⁸³.
1746 289 1757 305 ›
1775 281 1813 306 Ac

1026 324 1122 351 deinde
1137 324 1278 359 adjungit:
1293 333 1302 349 ι
1322 324 1392 351 Audi
1415 324 1470 358 jam
1498 333 1580 355 nunc.
1595 325 1660 352 Jesu
1685 326 1814 354 sacerdos

1027 377 1134 405 magno,
1154 374 1181 396 ιιι
1208 375 1235 397 et
1252 370 1369 405 proximi
1400 370 1440 397 tui
1468 370 1595 398 sedentes
1625 375 1688 398 ante
1716 370 1812 398 faciem

1026 420 1110 447 tuam,
1130 417 1258 451 quoniam
1275 417 1327 444 viri
1342 417 1527 452 prodigiorum
1542 417 1711 451 inspectores
1726 422 1810 446 sunt:

1025 463 1154 497 quoniam
1168 471 1218 498 ego
1236 462 1342 489 adduco
1354 471 1461 490 servum
1478 471 1578 495 meum,
1594 464 1732 491 Orientem
1743 465 1783 497 ἰς
1798 473 1810 491 ι

1026 513 1126 544 etpost
1144 510 1265 543 paulum,
1295 510 1337 537 his
1348 518 1407 545 qua:
1431 509 1505 536 dicta
1535 514 1599 537 sunt
1614 510 1749 545 adiungit,
1771 511 1813 538 di-

1029 562 1094 582 cens
1108 563 1114 580 :
1131 564 1140 579 ι
1154 554 1184 581 Et
1197 554 1298 582 factum
1322 559 1364 582 est
1392 555 1504 582 verbum
1523 555 1631 582 Domini
1648 556 1682 583 ad
1711 564 1755 583 me
1768 556 1813 583 di-

1027 608 1114 628 cens:
1132 600 1214 628 Sume
1244 608 1276 628 ea
1303 608 1363 636 qua:
1384 606 1448 628 sunt
1471 609 1503 628 ex
1529 602 1771 637 transmigrationc
1796 610 1812 629 a

1027 647 1197 682 principibus
1219 654 1246 674 et
1268 647 1387 674 oraculis
1410 647 1481 681 ejus,
1498 651 1525 674 ct
1549 648 1583 674 ab
1597 648 1631 675 iis
1645 649 1692 683 qui
1711 656 1811 684 cogno-

1027 696 1124 719 verunt
1152 701 1223 724 cam,
1252 699 1279 720 et
1300 693 1500 728 ingredierisin
1517 693 1560 721 die
1578 694 1623 720 illa
1645 694 1672 721 in
1698 694 1810 722 domum

1027 738 1172 773 Sophonize
1186 739 1319 767 venientis
1349 739 1382 766 de
1401 739 1546 775 Babylone,
1571 744 1598 767 et
1623 740 1742 775 accipies
1765 747 1811 767 ar-

1025 790 1136 819 gentum
1149 789 1229 820 atque
1244 794 1352 817 aurum,
1363 790 1391 812 ct
1403 785 1487 813 facies
1502 793 1630 817 coronas.
1646 790 1673 813 et
1687 787 1811 821 imponcs

1026 838 1108 865 super
1121 830 1275 865 caputJesu
1295 831 1341 858 ﬁlii
1354 830 1469 860 Josedec
1492 831 1643 859 sacerdotis
1667 833 1770 867 magni,
1783 838 1810 860 et

1025 876 1100 903 dices
1121 877 1154 903 ad
1185 876 1348 904 cum:ll:ec
1374 877 1442 904 dicit
1469 876 1599 904 Dominus
1626 878 1808 912 omnipotens,

1023 930 1087 949 ecce
1100 923 1153 955 vir,
1168 922 1265 950 Oriens
1291 931 1387 950 nomen
1406 923 1431 950 ei
1443 943 1450 953 .
1466 926 1493 949 ct
1508 922 1601 950 subter
1616 931 1678 950 eum
1695 923 1809 954 orietur,

1025 972 1052 994 et
1070 967 1215 996 aediﬁcabit
1242 969 1352 996 domum
1373 968 1498 1000 Domini,
1513 973 1540 996 ct
1556 969 1614 1003 ipse
1624 969 1740 1004 accipiet
1754 970 1812 996 vir-

1025 1017 1121 1046 tutcm,
1139 1018 1166 1041 et
1181 1014 1295 1045 sedebit,
1309 1018 1336 1040 ct
1351 1014 1532 1048 principatum
1558 1014 1692 1041 obtinebit
1707 1015 1734 1041 in
1745 1015 1811 1042 sedo

1025 1068 1074 1087 sua
1091 1068 1098 1085 :
1114 1065 1139 1087 ct
1155 1060 1207 1087 erit
1222 1060 1349 1087 sacerdos
1373 1067 1388 1086 ιι
1415 1059 1518 1087 dextris
1531 1059 1601 1093 ejus,
1625 1063 1651 1087 et
1665 1060 1810 1088 consilium

1024 1106 1167 1142 paciﬁcum
1184 1106 1236 1133 crit
1267 1105 1338 1132 inter
1360 1108 1505 1140 utrumque
1515 1105 1548 1132 ⁸⁷.
1566 1114 1575 1131 ι
1588 1104 1645 1132 Hoc
1658 1113 1767 1140 quoque
1781 1106 1811 1133 in

1024 1153 1085 1180 loco
1100 1152 1230 1187 propheta
1247 1158 1363 1186 magnus
1378 1150 1517 1181 sacerdos,
1531 1150 1578 1185 qui
1594 1150 1696 1177 dicitur
1716 1149 1808 1182 Iesus.

1025 1198 1225 1233 apertissimam
1244 1197 1389 1233 imaginem
1411 1200 1439 1224 et
1456 1199 1549 1223 notam
1575 1196 1809 1223 evidentissimam

1025 1252 1134 1272 servare
1142 1243 1208 1271 mihi
1223 1243 1334 1271 videtur
1345 1243 1496 1270 Salvatoris
1512 1243 1599 1270 nostri
1614 1241 1678 1270 Jesu
1692 1241 1807 1274 Christi.

1024 1290 1134 1325 quando
1148 1294 1175 1317 et
1194 1290 1267 1317 illius
1297 1290 1407 1316 nomine
1429 1290 1586 1320 decoratur,
1609 1293 1636 1316 et
1657 1288 1750 1324 populi
1775 1288 1811 1316 de

1024 1335 1161 1370 Babylone
1174 1334 1324 1366 redeuntis,
1338 1334 1384 1369 qui
1400 1334 1524 1369 captivus
1539 1334 1596 1360 illic
1605 1332 1702 1365 fuerat,
1712 1334 1811 1360 ductor

1024 1380 1150 1413 exsistit;
1177 1388 1240 1407 nam
1258 1379 1382 1407 Salvator
1399 1387 1508 1414 quoque
1525 1384 1618 1407 noster
1632 1378 1712 1406 Jesus
1727 1378 1808 1406 Chri-

1025 1431 1084 1454 stus
1098 1434 1146 1461 per
1159 1425 1254 1453 Isaiam
1275 1426 1435 1461 prophetam
1457 1425 1557 1453 dicitur
1577 1425 1678 1453 missus
1695 1428 1725 1451 ut
1739 1432 1813 1452 nun-

1024 1472 1074 1498 tiet
1087 1471 1203 1506 captivis
1216 1471 1404 1499 remissionem
1420 1475 1448 1498 et
1461 1470 1540 1498 czccis
1568 1470 1669 1502 visum,
1685 1470 1811 1498 console-

1024 1522 1123 1553 turque
1137 1525 1232 1545 omnes
1245 1518 1290 1552 qui
1314 1517 1340 1544 in
1356 1518 1431 1544 luctu
1456 1517 1520 1548 sint,
1541 1517 1640 1551 detque
1655 1516 1811 1551 lugentibus

1026 1563 1102 1595 Sion,
1118 1563 1230 1598 gloriam
1246 1570 1295 1598 pro
1311 1563 1414 1594 cinere,
1430 1566 1512 1597 atque
1527 1561 1683 1589 unctionem
1699 1561 1810 1589 latitia.

182 1607 256 1635 Σιὼν
269 1607 327 1634 ἀντὶ
340 1606 438 1634 στωδοῦ
452 1606 572 1641 ἄλειμμα
588 1604 862 1640 εὐφροσύνης.Ἔχεις
878 1611 970 1636 τοιγα-

1026 1609 1107 1644 198
1122 1609 1212 1637 llabes
1227 1609 1308 1643 igitur
1326 1609 1383 1643 jam
1407 1608 1477 1636 duos
1499 1615 1612 1642 magnos
1645 1607 1808 1642 pontiﬁces:

184 1653 252 1690 ροῦν
265 1653 315 1689 ήδη
326 1652 372 1679 δύο
384 1652 516 1688 μεγάλους
529 1652 676 1687 ἀρχιερεῖς,
700 1650 745 1676 τὸν
758 1650 806 1685 μὲν
817 1649 893 1684 παρὰ
907 1649 970 1675 Μω-

184 1701 229 1726 cei
239 1698 367 1734 Χριστὸν,
377 1699 422 1725 τὸν
439 1698 466 1724 δὲ
482 1697 550 1733 μετὰ
566 1698 658 1732 χεῖρας
674 1696 786 1732 Ἰησοῦν,
801 1694 835 1721 τὰ
850 1693 970 1729 σύμϐολα

181 1744 237 1780 τῆς
251 1744 315 1780 περὶ
324 1744 370 1770 τὸν
384 1743 500 1778 Σωτῆρα
515 1743 562 1769 καὶ
574 1742 674 1776 Κύριον
690 1741 767 1777 ἡμῶν
787 1739 889 1776 Ἰησοῦν
903 1740 970 1774 Χρι-

184 1791 249 1818 στὸν
262 1790 389 1826 ἀληθείας
403 1790 436 1816 δι’
453 1789 542 1816 αὐτῶν
556 1788 797 1823 ἐπενηνεγμένους.
806 1786 874 1812 Ἀλλ’
889 1787 904 1812 6
921 1785 970 1820 μὲν

189 1836 296 1873 ’Δαρὼν
307 1838 321 1864 6
335 1836 410 1872 παρὰ
422 1836 516 1863 Μωσεῖ
527 1834 654 1871 Χριστὸς,
670 1833 720 1868 τῆς
729 1833 803 1868 παρὰ
811 1832 970 1866 Αἰγυπτίοις

183 1882 344 1915 ἀπαλλάξας
356 1883 402 1909 τὸν
418 1881 481 1908 λαὸν
497 1881 618 1912 δουλείας
629 1900 636 1911 ,
652 1879 694 1906 ἐπ’
712 1879 853 1914 ἐλευθερίᾳ
874 1887 903 1904 τε
923 1878 969 1904 καὶ

183 1929 319 1966 θεραπεία
333 1929 380 1955 τοῦ
394 1929 443 1964 τῆς
457 1929 503 1954 ἀπ’
519 1927 655 1961 Αἰγύπτου
670 1926 780 1961 πορείας
796 1924 884 1952 αὐτῶν
900 1925 970 1959 ἡγη-

184 1975 319 2011 σάμενος,
332 1975 382 2010 τὴν
398 1974 488 2000 εἰκόνα
507 1972 587 2004 σώζοι
604 1972 636 1998 ἂν
651 1971 697 1998 τοῦ
720 1970 834 2006 ἀληθοῦς
848 1969 950 2004 Κυρίου
961 1988 968 2000 ,

181 2021 214 2053 ὃς
225 2021 275 2056 τῆς
285 2019 472 2054 Αἰγυπτιακῆς
483 2017 700 2053 εἰδωλολατρείας
711 2017 814 2048 πάντας
826 2016 897 2051 ἡμᾶς
907 2014 969 2045 τοὺς

182 2066 217 2099 ἐξ
229 2065 314 2093 ἐθνῶν
327 2064 496 2100 ὲλυτρώσατο
505 2073 511 2079 ·
526 2065 540 2091 6
551 2064 572 2090 δ’
588 2065 616 2090 ἐν
630 2063 668 2098 τῷ
691 2063 818 2098 προφήτῃ
839 2060 942 2096 Ἰησοῦς
955 2062 970 2086 6

182 2113 276 2149 Ῑερεὺς
290 2113 305 2139 ὸ
319 2112 404 2147 μέγας
418 2111 467 2146 τῆς
478 2110 531 2138 ἀπὸ
546 2108 702 2140 Βαϐυλῶνος
715 2108 761 2134 ἐπὶ
772 2108 821 2142 τὴν
837 2107 970 2141 Ἰερουσα-

182 2158 241 2194 λὴμ
255 2156 386 2184 ὲπανὸδου
403 2156 533 2192 προέστη,
546 2155 645 2189 δεῖγμα
658 2153 747 2188 φέρων
759 2153 805 2179 καὶ
822 2152 901 2183 αὐτὸς
918 2151 970 2186 Ἰη-

183 2203 233 2230 σοῡ
251 2202 299 2229 τοῦ
316 2202 442 2237 Σωτῆρος
460 2200 553 2236 ήμῶν,
576 2200 605 2226 ὃν
627 2199 723 2234 ἔχομεν
741 2198 813 2233 ἱερέα
831 2197 917 2233 μέγαν
931 2196 969 2222 δι-

181 2249 331 2286 εληλυθότα
344 2249 407 2279 τοὺς
421 2247 561 2284 οὐρανοὺς,
574 2247 606 2273 δι’
617 2243 647 2272 οὗ
668 2246 714 2272 καὶ
726 2245 811 2276 αὐτοὶ,
827 2245 920 2279 ὥσπερ
936 2244 968 2270 ὲκ

182 2295 343 2330 Βαϐυλῶνος
353 2294 403 2329 τῆς
416 2293 485 2320 κατὰ
498 2293 542 2319 τὸν
557 2291 691 2318 ἐνεστῶτα
703 2290 759 2325 βίον
771 2289 926 2325 συγχύσεώς
940 2297 969 2315 τε
985 2286 1007 2313 1)

182 2339 231 2367 καὶ
245 2338 433 2376 αἰχμαλωσίας
454 2336 703 2372 ἀπολυτρωθέντες,
727 2337 765 2367 εἰς
788 2336 838 2373 τὴν
856 2335 968 2371 οὐρανό-

183 2387 263 2415 πολιν
282 2387 333 2423 τὴν
355 2386 462 2421 ἀληθῶς
481 2384 658 2421 Ἰερουσαλὴμ
681 2383 805 2410 σπεύδειν
829 2383 968 2418 ἐδιδάχθη-

184 2441 246 2469 μεν.
260 2432 382 2463 Εἰκότως
396 2432 424 2458 δὲ
440 2433 454 2458 ὁ
469 2432 518 2465 τὴν
538 2430 630 2456 εἰκόνα
645 2431 693 2465 τῆς
708 2429 836 2464 ἀληθείας
855 2430 888 2455 δι’
903 2431 967 2456 ἐαυ-

179 2479 229 2507 ωὖ
244 2479 336 2515 φέρων
352 2477 453 2514 Ἰησοῦς
470 2478 517 2503 καὶ
531 2476 640 2512 ῥυπαρὰ
654 2476 747 2511 ἱμάτια
764 2475 968 2510 περιεϐέϐλητο,

182 2525 232 2552 καὶ
244 2526 261 2552 6
273 2523 395 2555 διάϐολος
409 2525 440 2550 ὲκ
452 2522 544 2555 δεξιῶν
559 2521 640 2548 αὐτοῦ
658 2521 742 2552 ἑστὼς
754 2522 799 2548 καὶ
813 2522 967 2555 ἀντικείμε-

182 2579 230 2604 νος
243 2570 318 2606 αὐτῷ
328 2569 436 2603 λέγεται
446 2577 453 2584 ο
470 2569 530 2595 ἐπεὶ
544 2569 589 2594 καὶ
600 2569 614 2594 6
627 2568 733 2603 ἀληθῶς
744 2567 838 2602 Σωτὴρ
853 2568 900 2593 καὶ
913 2567 968 2593 Κύ-

182 2625 242 2653 ριος
347 2614 458 2650 Ἰησοῦς,
467 2614 506 2645 εἰς
518 2614 567 2649 τὴν
583 2615 719 2649 ἡμετέραν
733 2613 854 2644 καταϐὰς
867 2613 969 2647 αἰχμα-

180 2662 283 2689 λωσίαν
292 2681 300 2694 ,
313 2660 364 2691 τὰς
378 2660 515 2695 ἁμαρτίας
529 2659 606 2695 ἡμῶν
626 2659 769 2694 ἀνείληφε,
787 2659 834 2685 καὶ
851 2658 907 2699 τὸ*
920 2658 967 2684 ἁν-

180 2707 316 2744 θριὶιπειον
334 2705 418 2743 ῥύπον
440 2705 608 2740 ἀνεμάξατο,
632 2705 666 2731 τά
690 2713 720 2730 τε
742 2704 810 2730 κατὰ
830 2704 861 2730 τὸ
883 2703 967 2734 πάθος

179 2754 261 2789 αἴσχη
280 2752 326 2780 διὰ
349 2751 399 2787 τὴν
419 2751 486 2787 πρὸς
508 2752 581 2787 ἡμᾶς
605 2750 807 2786 φιλανθρωπίαν
827 2749 966 2784 ὑπέμεινε.

179 2801 224 2828 Διό
243 2808 328 2835 φησιν
347 2800 362 2826 6
384 2799 514 2829 Ἡσαΐας·
535 2807 544 2822 ι
564 2795 647 2829 Οὗτος
664 2796 712 2827 τὰς
738 2795 873 2830 ἁμαρτίας
890 2795 968 2830 ἡμῶν

162 2883 165 2891 '
212 2876 363 2903 “Zachar.
385 2881 428 2908 ιιι,
452 2875 509 2902 1-4.
547 2875 570 2890 ⁸⁸
582 2874 648 2902 ibid.
671 2875 698 2903 8.
735 2875 757 2890 "
769 2873 851 2901 Zach.
877 2879 915 2904 vt,
931 2872 1004 2900 9-15.

322 2924 457 2953 ΡΑτιιοι..
474 2923 533 2953 Gn.
555 2922 657 2953 XXII.

1022 1655 1159 1682 Christum
1176 1655 1284 1689 quidem
1302 1654 1373 1689 apud
1388 1653 1501 1684 Mosem,
1517 1652 1609 1680 Jcsum
1636 1656 1728 1680 autem
1746 1651 1810 1680 enni

1022 1700 1056 1727 de
1071 1707 1125 1734 quo
1141 1707 1215 1726 nunc
1236 1699 1337 1734 agitur,
1355 1699 1402 1734 qui
1429 1698 1551 1725 veritatis
1566 1698 1670 1724 circum
1684 1697 1810 1724 Salvato-

1021 1753 1078 1772 rem
1096 1752 1128 1772 ac
1144 1744 1287 1772 Dominum
1311 1748 1434 1772 nostrum
1461 1742 1554 1770 Jcsnm
1570 1742 1708 1770 Christum
1729 1747 1810 1770 notas

1021 1796 1047 1819 et
1058 1792 1134 1826 signa
1152 1791 1179 1817 in
1192 1790 1291 1825 seipsis
1306 1790 1468 1824 pertulerint
1482 1799 1487 1816 :
1506 1789 1553 1816 sed
1570 1790 1642 1815 enim
1654 1789 1745 1815 Aaron
1761 1789 1809 1824 qui

1021 1835 1092 1870 apud
1109 1835 1209 1862 Moscm
1224 1834 1350 1862 Christus
1367 1837 1409 1861 est
1422 1853 1430 1864 ,
1455 1841 1517 1860 cum
1544 1832 1706 1868 Egyptiaca
1722 1834 1809 1860 servi-

1022 1885 1078 1908 tute
1090 1881 1217 1916 populum
1230 1879 1394 1910 liberaverit.
1406 1884 1433 1906 et
1444 1879 1477 1906 ad
1492 1879 1644 1906 libertatem
1664 1884 1693 1907 et
1713 1887 1808 1908 curam

1022 1927 1198 1963 profectionis
1212 1927 1246 1953 ab
1261 1926 1379 1961 Λεπριο
1396 1925 1504 1952 illorum
1531 1926 1586 1952 dux
1604 1925 1686 1952 fuerit
1700 1934 1706 1951 :
1725 1927 1809 1961 probe

1022 1973 1142 2000 servabit
1174 1973 1318 2007 imaginem
1345 1972 1416 2006 ejus,
1439 1972 1491 2006 qui
1509 1979 1591 1999 verus
1607 1975 1649 1999 est
1663 1971 1806 2000 Dominus.

1021 2018 1088 2045 Nam
1105 2018 1149 2045 hic
1160 2019 1239 2054 plane
1249 2026 1298 2045 nos
1311 2026 1417 2048 omnes.
1431 2018 1478 2052 qui
1490 2017 1523 2045 de
1540 2018 1666 2052 gentibus
1674 2020 1807 2053 assumpti

1021 2073 1127 2096 sumus,
1144 2066 1177 2092 ab
1189 2065 1350 2100 Egyptiaco
1375 2065 1585 2093 simulacrorum
1608 2065 1682 2092 cultu
1706 2065 1806 2092 libera-

1020 2113 1059 2138 vit
1071 2120 1078 2137 :
1095 2115 1122 2138 at
1136 2119 1200 2138 vero
1215 2112 1260 2146 qui
1273 2111 1345 2146 apud
1358 2111 1516 2146 prophetam
1529 2114 1571 2138 est
1584 2110 1664 2138 Iesus
1675 2111 1806 2138 sacerdos

1020 2166 1146 2193 magnus.
1168 2158 1346 2185 redeuntibus
1375 2157 1408 2184 de
1433 2157 1569 2192 Babylone
1586 2158 1612 2184 in
1638 2157 1806 2185 Hierusalem

1020 2204 1138 2239 praefuit,
1150 2205 1257 2240 signum
1287 2204 1345 2239 ipse
1362 2211 1471 2239 quoque
1484 2204 1585 2234 ferens,
1601 2203 1665 2231 Jesu
1683 2204 1807 2230 Salvato—

1021 2250 1059 2278 ris
1076 2250 1175 2279 nostri.
1200 2258 1279 2284 quem
1310 2250 1441 2277 habemus
1467 2250 1636 2277 sacerdotem
1667 2258 1805 2285 magnum.

1021 2295 1067 2329 qui
1081 2295 1190 2330 quidem
1207 2295 1292 2323 cmlos
1317 2296 1390 2330 ipsos
1415 2296 1606 2330 penetraverit,
1637 2303 1651 2322 a
1676 2303 1731 2330 quo
1754 2303 1806 2322 nos

1021 2341 1101 2367 etiam
1119 2341 1169 2374 ipsi
1185 2341 1264 2375 quasi
1280 2341 1313 2367 de
1328 2340 1476 2375 Babylone,
1505 2341 1557 2368 hoc
1585 2344 1628 2367 est
1651 2340 1684 2367 de
1709 2339 1806 2367 confu-

1021 2386 1098 2412 sione
1113 2393 1144 2411 ac
1160 2386 1290 2412 servitute
1316 2386 1378 2412 vita:
1397 2386 1539 2419 praesentis
1566 2384 1685 2415 liberati,
1698 2383 1730 2410 ad
1747 2391 1806 2410 co:-

1020 2431 1114 2458 lestem
1141 2438 1286 2464 veramque
1304 2430 1473 2458 Hierusalem
1497 2430 1662 2457 contendere
1678 2429 1806 2456 instructi

1020 2484 1127 2503 sumus.
1143 2476 1228 2504 Porro
1240 2481 1328 2503 autem
1342 2481 1439 2504 merito
1463 2477 1509 2511 qui
1521 2476 1646 2503 verilatis
1660 2475 1805 2509 imaginem

1022 2523 1049 2549 in
1065 2523 1155 2557 seipso
1176 2523 1278 2550 ferebat
1291 2522 1382 2552 Jcsus.
1409 2522 1527 2550 sordidis
1558 2521 1669 2548 indutus
1684 2520 1802 2547 vestibus

1023 2568 1121 2598 fuerat.
1139 2567 1317 2603 diabolusque
1329 2576 1343 2594 a
1358 2568 1462 2594 dextris
1480 2567 1553 2593 illius
1566 2566 1676 2593 stetisse
1685 2585 1692 2593 .
1704 2564 1804 2592 eidem-

1022 2621 1074 2647 que
1089 2613 1250 2641 adversatus
1269 2621 1329 2641 esse
1342 2613 1442 2640 dicitur
1456 2622 1462 2638 :
1480 2620 1541 2639 nam
1557 2619 1639 2639 verus
1655 2612 1720 2639 item
1748 2610 1804 2638 Sal-

1022 2663 1098 2685 vator
1111 2666 1141 2684 ac
1154 2657 1287 2685 Dominus
1310 2662 1404 2685 noster
1429 2658 1519 2688 Jesus.
1534 2664 1596 2684 cum
1622 2656 1655 2683 ad
1683 2660 1806 2684 nostram

1021 2712 1108 2738 usque
1120 2704 1290 2731 descenderit
1308 2706 1476 2738 servitutem,
1492 2710 1601 2740 peccata
1622 2709 1714 2731 nostra
1745 2711 1806 2730 sus-

1022 2750 1092 2783 tulit,
1117 2754 1197 2785 atque
1214 2750 1347 2778 humanas
1369 2751 1464 2779 sordes
1477 2751 1614 2784 abstersit,
1644 2754 1671 2777 et
1696 2749 1806 2785 quaeilﬁ

1022 2796 1049 2822 in
1079 2795 1207 2830 passione
1235 2797 1335 2831 probra
1351 2797 1426 2823 illata
1442 2800 1516 2828 sunt,
1545 2800 1572 2824 et
1597 2795 1806 2823 mansuetudine

1609 2918 1642 2950 11
