2084 3216
272 180 324 208 333
574 182 713 210 EUSEBH
731 181 967 210 CESARIENSIS
987 181 1061 210 OPP.
1082 182 1173 211 PARS
1192 183 1224 211 il.
1244 198 1278 203 —
1295 182 1534 211 APOLOGETICA
1835 183 1887 212 538

343 238 389 264 24.
412 239 448 264 Ab
463 238 557 265 Abdia.
1072 244 1094 271 Α

1072 244 1094 271 Α
1179 240 1226 266 κδ.
1250 240 1304 267 Tm?
1327 240 1461 268 Ἇϐδειοῦ.

405 274 426 300 Α
445 272 587 300 lac/«aria.

1179 278 1227 301 κε’.
1251 275 1306 302 Τοῦ
1323 276 1479 309 Ζαχαρίου.

342 308 385 335 26.
407 310 446 336 Ab
460 308 560 335 eodem.

1178 313 1234 341 xg'.
1249 310 1303 336 Τοῦ
1320 308 1421 337 αὐτοῦ.

342 344 386 370 27.
408 343 446 370 Ab
462 344 562 370 eodem.

1180 345 1232 376 κζ’.
1251 345 1306 371 Τοῦ
1323 345 1425 372 αὑτοῦ.

343 379 388 414 28.
409 378 596 414 ιιιιιιιαειιία.

1178 383 1229 414 κη’.
1251 379 1304 405 Τοῦ
1324 380 1488 414 Μαλαχίου.

342 413 385 440 29.
407 413 446 439 Ab
463 415 563 441 eodem.

1178 413 1228 440 κθθ.
1246 414 1301 441 Τοῦ
1318 415 1419 442 αὑτοῦ.

344 449 388 476 50.
409 449 431 474 Α
450 448 580 475 Ieremia.

1176 448 1207 474 λ’.
1243 449 1298 476 1Ὁῦ
1321 450 1469 484 Ἰερεμίου.

283 526 285 529 η
500 494 580 528 202
616 492 828 521 rnoomnuu.

771 493 828 521 ΗΜ.
1394 495 1594 522 ΠΡΟΟΙΜΙΟΝ.

306 539 375 567 Cum
399 540 499 574 quibus
529 539 617 566 modis
647 538 682 566 de
708 539 849 567 Salvatore
874 543 969 567 nostro
991 538 1056 567 Jesu

1146 540 1254 576 Ἐπειδὴ
1267 540 1354 572 διττὸς
1364 541 1378 567 ὁ
1388 541 1487 576 τρόπος
1506 542 1520 568 6
1535 542 1598 576 περὶ
1610 541 1657 567 τοῦ
1675 540 1800 577 Σωτῆρος
1810 542 1886 576 ἡμῶν

271 585 381 613 Christo
396 589 556 616 tractemus,
574 585 592 611 ii
612 584 666 612 duo
681 585 760 613 nobis
778 585 805 612 in
824 586 949 620 proximo
968 585 1056 623 Evan-

1111 586 1197 621 Ἰησοῦ
1209 586 1326 622 Χριστοῦ
1339 587 1473 621 πέφανται
1488 588 1516 614 ἐν
1529 587 1567 622 τῷ
1579 587 1631 622 πρὸ
1642 587 1735 614 τούτου
1747 587 1886 622 συγγράμ-

269 632 359 667 gelicw
375 631 613 659 Demonstrationis
628 631 765 658 volumine
778 632 882 659 ostensi
901 632 966 664 sint,
984 640 1055 659 unus
1086 622 1088 626 λ

1086 622 1088 626 λ
1107 639 1171 666 ματι
1189 631 1237 665 τῆς
1258 632 1463 666 Εὐαγγελικῆς
1486 632 1690 666 Ἀποδείξεως·
1706 634 1719 659 ὁ
1739 633 1786 667 μὲν
1804 633 1887 667 ὑπερ-

270 676 379 711 quidem
393 684 498 709 eorum,
513 680 611 703 natura
627 681 721 704 nostra
735 677 861 712 superior
873 681 915 705 est
930 677 1056 712 ultraque

1105 676 1175 711 φυὴς
1195 676 1242 702 καὶ
1262 676 1398 702 ἐπέκεινα*
1424 677 1485 702 καθ’
1498 677 1526 702 ὅν
1547 676 1692 712 ὁριζόμεθα
1714 677 1792 703 αὑτὸν
1817 673 1886 702 εἶναι

270 723 344 750 illam
361 722 493 750 excurrit.
512 722 569 749 lioc
595 730 660 750 sane
686 722 767 750 modo
789 723 954 751 aﬂirmamus
979 724 1054 751 illum

1106 722 1236 757 μονογενῆ
1251 722 1317 748 Θεοῦ
1335 723 1407 754 Υἰὸν,
1423 723 1439 758 ἢ
1455 722 1569 758 οὐσιώδη
1583 723 1629 750 τοῦ
1640 723 1706 749 Θεοῦ
1719 723 1812 757 Λόγον,
1827 718 1886 748 δεύ-

269 776 330 797 esse
339 769 451 797 unicum
467 768 513 796 Dei
525 767 633 802 Filium,
646 769 704 796 sive
714 769 762 796 Dei
774 770 920 798 essentiam
933 770 1054 798 referens

1103 774 1181 802 τερον
1197 766 1250 792 τῶν
1271 766 1338 793 ὅλων
1357 767 1452 799 αἴτιον,
1475 768 1491 802 ἢ
1512 768 1605 794 οὐσίαν
1630 768 1734 803 νοερὰν,
1754 769 1800 794 καὶ
1819 767 1885 794 Θεοῦ

269 815 400 847 Verbum,
419 815 597 850 universique
613 815 695 849 hujus
711 819 861 848 auctorem,
886 815 943 843 sive
961 823 1055 844 essen-

1105 812 1274 848 πρωτότοκον
1288 813 1414 849 ἐνάρετον
1437 813 1526 848 φύσιν,
1551 814 1600 849 τὴν
1622 814 1675 849 πρὸ
1695 814 1748 840 τῶν
1765 813 1885 849 γενητῶν

268 862 334 888 tiam
351 861 557 895 intelligentem,
585 868 616 887 ac
633 861 680 888 Dei
702 861 910 897 primogenitam
927 863 1053 889 virtutem

1106 859 1190 890 θείαν,
1204 860 1251 886 καὶ
1268 860 1418 895 πανάρετον
1433 859 1556 895 δύναμιν,
1570 861 1585 896 ἢ
1604 860 1654 895 τῆς
1673 861 1818 896 ἀγεννήτου
1836 860 1885 895 φύ-

269 911 350 941 atque
366 910 492 933 naturam
504 926 512 937 ,
528 906 637 941 vimque
654 906 783 938 divinam,
802 914 862 942 qua:
879 914 987 934 omnem
1002 907 1053 934 ha-
1069 920 1090 946 Β

1069 920 1090 946 Β
1106 917 1174 940 σεως
1190 909 1285 945 νοερὰν
1300 909 1400 935 εἰκόνα·
1422 910 1435 935 6
1451 909 1479 935 δὲ
1495 909 1627 944 συγγενὴς
1642 910 1706 944 ἡμῖν
1724 909 1771 935 καὶ
1789 908 1886 944 μᾶλλον

268 953 331 980 beat
346 953 483 984 virtutem,
502 955 526 979 et
548 953 638 980 omnia
653 960 712 987 qua:
729 951 801 979 facta
817 953 881 984 sint,
898 953 1052 984 antecedat,

1105 955 1212 985 οἰκεῖος,
1226 954 1286 980 καθ’
1298 954 1326 980 ὃν
1344 954 1424 980 πάλιν
1443 954 1522 980 αὑτὸν
1540 954 1685 989 ὁριζόμεθα
1703 953 1768 980 Θεοῦ
1791 954 1885 988 Λόγον.

268 998 326 1025 sive
341 998 465 1032 ingenitae
479 1002 584 1025 natura).
597 999 792 1033 intelligentem
808 998 964 1033 imaginem.
979 998 1054 1025 Alter

1104 1000 1132 1025 ὲν
1143 999 1278 1034 ἀνθρώπῳ
1288 999 1336 1034 τῆς
1347 999 1393 1025 τοῦ
1408 999 1512 1034 Πατρὺς
1526 999 1664 1031 εὐσεϐείας
1676 999 1885 1034 ἀπαγγελτικὸν,

226 1039 229 1042 ’
268 1051 332 1071 vero
349 1043 446 1071 modus
462 1044 540 1071 nobis
555 1045 641 1080 magis
658 1047 800 1079 cognatus,
817 1043 958 1078 magisque
976 1043 1049 1070 fami-

1104 1045 1164 1071 καθ’
1175 1045 1203 1071 ὂν
1218 1045 1320 1080 πέφηνε
1334 1045 1415 1071 πάλαι
1430 1045 1560 1080 πρότερον
1574 1045 1602 1070 ὲν
1613 1044 1754 1080 ἀνθρώπου
1768 1045 1885 1079 σχήματι

268 1091 345 1118 liaris
362 1090 531 1125 agnoscitur.
550 1089 606 1117 lloc
629 1090 701 1117 enim
723 1089 868 1117 deﬁnimus
894 1089 970 1116 illum
993 1096 1054 1116 esse

1103 1092 1159 1123 τοῖς
1175 1091 1246 1126 ἀμφὶ
1260 1092 1304 1118 τὸν
1327 1091 1461 1126 Ἀϐραάμ·
1483 1092 1562 1117 αὐτὸν
1578 1092 1599 1117 δ’
1613 1092 1715 1118 ἐκεῖνον
1726 1091 1770 1117 τὸν
1785 1090 1886 1126 βοώμε-

268 1136 315 1163 Dei
331 1135 461 1165 Verbum.
488 1136 560 1170 quod
586 1137 614 1162 in
631 1135 739 1162 homine
762 1139 902 1170 paternam
924 1135 1053 1171 pietatem

1104 1145 1147 1163 vov
1162 1136 1297 1172 ἐθνάρχην
1316 1137 1481 1170 θεοφιλέσιν,
1506 1135 1583 1168 αὖθίς
1603 1145 1633 1163 τε
1653 1137 1837 1172 φανησόμενον
1858 1137 1886 1163 ἐν

267 1182 410 1209 denuntiet
425 1190 431 1207 :
446 1189 500 1216 quo
522 1181 631 1216 quidem
657 1181 738 1208 modo
761 1181 896 1216 quondam
922 1181 967 1208 ille
982 1181 1052 1215 apud

1102 1182 1256 1217 ἀιθρώποις
1272 1182 1304 1208 δι’
1317 1182 1459 1217 ἀνθρώπου
1479 1183 1618 1217 γενέσεως,
1637 1184 1682 1209 καὶ
1695 1183 1886 1218 παραπλησίας

268 1229 360 1262 priora
378 1227 476 1255 saecula
492 1227 519 1254 in
536 1227 656 1254 hominis
671 1227 776 1259 habitu,
790 1227 823 1254 iis
836 1227 956 1261 quicum
971 1227 1054 1254 Abra-

1102 1230 1167 1264 ἡμῖν
1180 1229 1289 1264 σαρκὸς,
1304 1229 1431 1263 αἴσχιστα
1446 1229 1586 1255 πείσεσθαι
1603 1229 1758 1264 προείρητο-
1772 1230 1824 1265 ὁδῷ
1840 1232 1885 1257 καὶ

268 1274 341 1306 ham,
353 1273 397 1304 iis,
410 1273 531 1307 inquam,
544 1272 590 1307 qui
603 1280 663 1299 cum
676 1273 735 1306 ipso
746 1272 791 1299 illo
802 1273 923 1307 principe
933 1273 1052 1307 gentium

1101 1274 1177 1307 τάξει
1189 1275 1366 1310 προχωρῆσαι
1381 1275 1413 1301 ἂν
1426 1276 1490 1310 ἡμῖν
1504 1276 1518 1301 6
1529 1275 1607 1309 λόγος
1621 1275 1746 1310 μέλλουσι
1758 1275 1808 1308 τὰς
1823 1278 1886 1312 περὶ

268 1318 340 1353 apud
354 1318 399 1345 Dei
421 1318 524 1346 amicos
543 1321 685 1352 tantopere
699 1318 836 1344 celebrato
851 1318 952 1349 vixere,
970 1325 1052 1352 appa-

1103 1320 1184 1346 αὺτοῦ
1211 1320 1382 1356 προφητικὰς
1403 1321 1557 1348 ἐκτίθεσθαι
1582 1323 1742 1357 μαρτυρίας,
1764 1324 1788 1349 εί
1809 1323 1841 1359 δὴ
1857 1324 1885 1350 ἐν

269 1365 334 1392 ruit.
352 1364 403 1397 Qui
421 1368 477 1391 tum
495 1371 592 1391 rursus
616 1363 687 1398 apud
716 1363 840 1390 homines
860 1363 990 1390 visendus
1006 1371 1052 1390 cx-

1102 1365 1230 1400 πρώτοις,
1248 1366 1319 1392 κατὰ
1333 1366 1368 1392 τὰ
1377 1366 1576 1402 ἐπηγγελμένα,
1591 1368 1621 1394 τὸ
1633 1368 1739 1403 πρῶτον
1750 1368 1885 1400 ἐξετάσαι-

268 1410 452 1444 spectabatur,
465 1413 492 1436 et
506 1409 618 1444 quijam
635 1413 698 1436 ante
713 1415 761 1443 per
779 1408 897 1436 hominis
912 1413 1013 1440 ortum,
1025 1412 1053 1436 et

1103 1418 1163 1445 μεν,
1175 1411 1220 1436 καὶ
1231 1410 1278 1446 τὴν
1289 1411 1317 1437 ἐν
1328 1412 1384 1443 τοῖς
1396 1412 1570 1446 Εὐαγγελίοις
1581 1414 1644 1449 περὶ
1654 1413 1736 1440 αὐτοῦ
1750 1414 1885 1449 θεολογίαν

267 1458 362 1482 nostro
378 1454 502 1488 corporis
523 1454 612 1481 simile
628 1461 740 1488 corpus,
762 1453 853 1480 omnia
874 1453 973 1488 probra
988 1460 1051 1488 pas-

1100 1456 1155 1482 ἀπὸ
1171 1456 1220 1491 τῆς
1234 1457 1351 1488 παλαιᾶς
1364 1458 1410 1483 καὶ
1425 1459 1595 1494 προφητικῆς
1615 1460 1767 1495 μαρτυρίας
1786 1460 1885 1487 πιστώ-

266 1508 351 1528 surus
371 1500 522 1528 dicebatur.
549 1500 644 1534 Itaque
667 1499 747 1526 nobis
771 1498 805 1526 de
828 1499 874 1526 illo
894 1498 1052 1534 prophetica

1102 1508 1209 1535 σαιμεν.
1231 1501 1391 1535 Ἀναγκαῖον
1402 1502 1430 1529 δὲ
1443 1503 1694 1538 προεπισκὲψασθαι
1712 1504 1801 1536 ὁποῖός
1819 1513 1882 1532 ποτε

266 1546 435 1582 exposituris
461 1545 625 1577 testimonia,
649 1549 723 1571 recta
740 1545 794 1577 via,
812 1548 941 1579 rectoque
954 1544 1052 1572 ordine

1050 1557 1052 1568 ι
1100 1541 1134 1579 ἦν
1154 1545 1168 1570 6
1184 1544 1283 1580 τρόπος
1296 1545 1344 1580 τῆς
1363 1546 1426 1581 παρ’
1449 1547 1581 1582 Ἑϐραίοις
1597 1547 1651 1574 τῶν
1665 1549 1809 1584 προφητῶν
1829 1549 1873 1575 θεο

267 1592 395 1628 procedet
410 1592 508 1624 oratio,
521 1591 544 1618 si
559 1591 615 1626 jam
632 1598 705 1618 nunc
718 1591 743 1617 in
757 1591 862 1625 primis,
876 1590 1052 1625 quemadmo-
1065 1598 1086 1627 ε

1046 1606 1052 1611 -
1065 1598 1086 1627 c
1103 1589 1211 1625 ληψίας,
1232 1591 1297 1626 παρ’
1312 1588 1350 1618 ὦν
1369 1593 1416 1618 καὶ
1431 1591 1465 1618 τὰ
1487 1593 1711 1629 προηγορευμένα
1732 1602 1869 1630 προπεπαι

267 1639 332 1667 tum
341 1646 401 1673 qum
411 1637 546 1673 promissa
560 1640 635 1670 sunt,
650 1637 798 1672 postulant,
810 1636 836 1662 id
846 1636 918 1670 quod
931 1636 1050 1671 primum
1103 1635 1231 1671 δεύμεθα.

267 1690 320 1719 cst,
335 1685 519 1720 exploremus,
538 1688 565 1712 et
577 1692 638 1719 quae
650 1684 677 1711 in
695 1683 849 1720 Evangeliis
859 1683 892 1711 de
918 1684 965 1711 illo
989 1687 1078 1712 exstat
1097 1683 1242 1719 theologia,
1270 1684 1339 1711 hanc
1355 1691 1371 1711 a
1387 1689 1509 1712 veterum
1524 1685 1716 1720 prophetarum
1732 1687 1887 1714 testimonio

265 1731 483 1767 emnprobemus.
511 1731 564 1759 Sed
579 1735 642 1759 ante
662 1739 774 1759 necesse
797 1735 838 1759 est
860 1731 1046 1777 considerare,
1065 1732 1192 1767 quisnam
1214 1731 1296 1759 fuerit
1321 1733 1428 1765 modus,
1447 1740 1501 1767 quo
1517 1734 1653 1768 prophetae
1677 1734 1748 1768 apud
1759 1734 1886 1762 Hebrum.

267 1777 314 1806 Dei
327 1778 429 1814 Spiritu
443 1779 630 1814 implerentur,
646 1786 661 1805 a
676 1778 775 1813 quibus
789 1778 882 1813 utique
899 1778 981 1805 etiam
997 1785 1056 1812 quae
1074 1779 1203 1814 prmdicta
1217 1783 1292 1812 sunt,
1309 1779 1425 1806 antehac
1441 1779 1529 1806 edocti
1548 1787 1655 1807 sumus.

267 1826 396 1866 Quisnam
407 1826 500 1853 modus
515 1826 604 1866 [uer-it,
617 1835 667 1862 quo
679 1825 749 1860 apud
766 1825 891 1866 Hebraea
908 1825 1050 1866 prophetw,

1107 1827 1155 1860 Τίς
1168 1828 1188 1866 ῤ
1204 1828 1317 1866 τρόπος
1331 1824 1372 1866 ἧις
1387 1827 1450 1853 καθ’
1467 1826 1548 1866 οἱ
1566 1826 1634 1860 παρ’
1658 1826 1798 1866 Ἑξόςραῐοές
1814 1834 1885 1866 προς

302 1862 381 1888 ιὶηιιιί
399 1866 423 1888 et
439 1869 496 1895 qua:
510 1862 602 1895 futura
620 1859 705 1888 essent
721 1861 859 1894 canebant,
875 1859 996 1888 et'salam
1011 1869 1050 1888 ve—

1139 1859 1228 1896 φῆται
1246 1861 1319 1896 ὁμοῦ
1338 1859 1374 1888 τά
1392 1870 1424 1888 τε
1436 1861 1588 1895 μέλλοντα
1599 1859 1819 1895 προεθέσπιζον,
1835 1859 1885 1889 καὶ

303 1904 360 1922 ram
377 1896 534 1931 theologiam
553 1896 735 1923 illustrabunt.

1138 1897 1196 1930 τὴν
1209 1898 1307 1931 μόνην
1325 1896 1424 1930 ἀληθῆ
1444 1897 1599 1931 θεολογίαν
1615 1896 1761 1930 ἐφώτιζον.

303 1940 375 1968 Loca
398 1942 425 1968 in
449 1942 549 1976 quibus
566 1946 592 1969 et
608 1942 739 1968 vaticinia
761 1945 787 1969 et
808 1942 918 1969 oracula
945 1942 1051 1976 accipe-

1139 1944 1258 1969 Μαντεία
1284 1943 1329 1969 καὶ
1353 1944 1505 1978 χρηστήρια
1528 1942 1678 1977 πανταχόσε
1692 1942 1741 1976 γῆς
1757 1941 1884 1976 Ἕλληνες

268 1991 340 2021 rent,
368 1988 396 2014 in
421 1988 488 2016 orbe
511 1993 646 2015 terrarum
675 1987 776 2022 passim
806 1987 929 2014 instituta
958 1987 1052 2019 fuisse,

1103 1989 1150 2015 καὶ
1165 1989 1295 2024 βάρϐαροι
1316 1988 1512 2022 μνημονεύουσι
1532 1988 1670 2022 συστῆναι.
1687 1986 1778 2012 Ταῦτα
1791 1986 1819 2012 δέ
1836 1994 1885 2021 φα-

271 2037 326 2059 tam
345 2032 430 2060 Graeci
448 2040 529 2067 quam
555 2032 666 2060 barbari
691 2031 863 2067 proﬁtentur.
889 2032 973 2059 Porro
996 2033 1054 2059 haec

1108 2042 1148 2060 σιν
1173 2035 1205 2060 ἐκ
1229 2033 1354 2068 προνοίας
1378 2032 1424 2059 τοῦ
1450 2032 1620 2068 Δημιουργοῦ
1647 2032 1693 2058 ἐπὶ
1722 2032 1818 2067 χρῆσιν
1839 2031 1884 2057 καὶ

272 2081 360 2112 aiunt,
378 2080 548 2115 providentia
567 2081 654 2114 ipsius
668 2079 789 2115 Opiﬁcis,
813 2079 846 2105 ad
869 2087 948 2106 usum
972 2083 1054 2113 atque

1106 2079 1237 2114 ὠφέλειαν
1256 2079 1310 2105 τῶν
1335 2078 1483 2114 ἀνθρώπων
1509 2078 1724 2113 καταδειχθῆναι·
1743 2077 1780 2108 ὡς
1803 2076 1885 2112 μηδὲν

271 2127 416 2154 utilitatem
435 2127 576 2154 hominum
598 2126 703 2161 prodita
719 2134 781 2154 esse
797 2129 823 2152 et
839 2132 981 2152 concessa.
1000 2127 1054 2151 tta-

1105 2123 1173 2152 εἷναι
1197 2125 1227 2151 τὸ
1253 2125 1378 2160 διαφέρον
1404 2125 1458 2150 τῶν
1486 2125 1548 2160 παρ’
1582 2124 1714 2159 Ἑϐραίοις
1741 2122 1885 2159 προφητῶν

268 2181 322 2208 quc
346 2173 484 2208 prophetis
506 2171 680 2199 Hebraeorum
693 2172 761 2198 nihil
782 2171 959 2198 excellentius
973 2170 1052 2205 203

1106 2171 1174 2207 πρὸς
1198 2171 1231 2197 τὰ
1257 2170 1309 2197 τῶν
1333 2170 1432 2196 λοιπῶν
1456 2170 1539 2197 ἐθνῶν
1566 2171 1727 2205 χρηστήρια.
1764 2169 1807 2200 Ὠς
1832 2168 1885 2202 γὰρ

266 2219 416 2254 contigisse
448 2225 530 2252 quam
568 2217 733 2251 reliquarum
769 2216 889 2251 gentium
923 2217 1089 2264 oraculis.D

1068 2237 1090 2264 Β
1112 2217 1244 2253 Ἑϐραίοις
1260 2216 1303 2242 διὰ
1316 2215 1368 2242 τῶν
1386 2216 1493 2242 τοιῶνδε
1507 2215 1662 2251 προφητῶν,
1682 2214 1752 2241 οὕτω
1769 2214 1816 2241 καὶ
1830 2215 1885 2245 τοῖς

268 2265 302 2293 Ut
320 2266 391 2292 enim
409 2264 529 2291 l‘lebrazis
546 2271 593 2298 per
615 2263 750 2298 ejusmodi
772 2262 932 2297 prophetas,
955 2262 995 2289 sie
1010 2269 1052 2288 rc-
1068 2261 1086 2264 “

1068 2261 1086 2264 -
1106 2264 1194 2294 ἄλλοις
1210 2263 1297 2289 ἔθνεσι
1314 2262 1356 2289 διὰ
1372 2262 1426 2288 τῶν
1445 2262 1514 2288 κατὰ
1533 2262 1614 2288 τόπον
1630 2261 1763 2296 μαντειῶν
1779 2261 1824 2287 τὸν
1839 2261 1885 2286 ἐπὶ

267 2311 350 2346 liquis
375 2310 501 2345 gentibus
525 2317 572 2344 per
598 2308 766 2336 diversorum
793 2308 914 2335 locorum
931 2307 1051 2339 oracula,

1106 2310 1213 2336 πάντων
1231 2308 1297 2335 Θεὸν
1315 2308 1393 2343 χρᾷν,
1409 2307 1455 2334 καὶ
1467 2307 1501 2333 τὰ
1516 2306 1687 2341 συμφέροντα
1702 2305 1883 2332 ὑποτίθεσθαι.

268 2364 426 2392 supremum
442 2355 527 2382 Deum
547 2354 725 2389 respondere,
741 2358 768 2381 et
786 2353 970 2381 conducibilia
996 2360 1054 2379 mo-

1105 2355 1151 2390 Μὴ
1165 2354 1219 2389 γὰρ
1238 2353 1368 2380 Ἰουδαίων
1387 2352 1465 2388 μόνον
1489 2350 1557 2378 εἶναι
1578 2352 1654 2385 Θεὸν,
1675 2351 1742 2378 ἀλλὰ
1763 2352 1811 2377 καὶ
1832 2350 1885 2377 τῶν

268 2411 334 2431 nere
355 2402 475 2430 solitum.
501 2401 561 2429 Non
582 2403 654 2429 enim
685 2400 874 2428 tantummodo
898 2398 1053 2426 Iudaeorum

1105 2400 1205 2426 λοιπῶν
1224 2399 1352 2426 ἁπάντων
1371 2397 1535 2433 ἀνθρώπων
1556 2399 1603 2424 καὶ
1617 2398 1645 2423 οὒ
1662 2397 1761 2432 μᾶλλον
1775 2397 1885 2423 ἐκείνων

268 2457 338 2482 esse,
368 2449 416 2477 sed
443 2448 610 2484 reliquorum
637 2455 744 2482 quoque
767 2447 888 2474 omnium
913 2446 1052 2473 hominum

1104 2446 1120 2481 ἢ
1129 2445 1230 2472 τούτων
1239 2445 1375 2480 κήδεσθαι·
1390 2444 1497 2470 πάντων
1506 2443 1528 2469 δ’
1536 2443 1566 2475 ἐξ
1574 2443 1629 2470 ἴσου
1641 2444 1772 2480 προνοεῖν,
1779 2442 1886 2477 ὠσπερ-

269 2495 364 2526 Deum,
380 2503 467 2530 neque
483 2494 534 2522 hos
548 2494 634 2529 magis
646 2501 727 2528 quam
737 2494 797 2520 illos
814 2500 921 2526 curare,
933 2491 981 2519 sed
996 2499 1053 2518 om-

1104 2492 1150 2518 οὖν
1163 2491 1209 2518 καὶ
1219 2491 1292 2526 ἥλιον
1306 2490 1428 2524 ἀφθόνως
1443 2491 1498 2521 τοῖς
1512 2490 1578 2515 πᾶσι
1592 2489 1767 2524 δεδωρῆσθαι,
1787 2487 1842 2514 ἀλλ’
1855 2488 1885 2513 οὐ

268 2542 349 2568 uibus
366 2549 441 2575 aeque
455 2541 608 2575 providere.
629 2539 674 2566 Sic
686 2540 758 2566 enim
777 2547 811 2566 ne
836 2539 920 2566 solem
944 2537 1053 2573 quidem

1107 2538 1196 2573 μόνοις
1217 2537 1360 2572 Ἑϐραίοις,
1380 2536 1426 2562 κα)⁴
1447 2535 1496 2567 τὰς
1516 2535 1638 2572 ἐτησίους
1651 2535 1706 2562 τῶν
1728 2534 1885 2569 ἐπιτηδείων

269 2593 349 2614 suum
367 2586 487 2614 invidere
510 2586 648 2620 cuiquam,
670 2585 718 2612 sed
736 2585 864 2611 omnibus
879 2583 986 2610 abunde
1001 2583 1055 2609 lar—

1106 2583 1245 2618 χορηγίας,
1261 2582 1392 2617 σωμάτων
1401 2590 1430 2608 τε
1444 2583 1499 2612 τοῖς
1516 2582 1582 2608 πᾶσι
1598 2580 1769 2615 κατασκευὴν
1779 2579 1885 2615 ὁμοίαν,

268 2631 333 2665 giri,
348 2638 402 2658 non
419 2630 538 2658 Hebraeis
549 2631 627 2662 solis,
647 2637 808 2664 annuosque
822 2636 914 2656 rerum
927 2634 1054 2655 necessa-

1106 2629 1153 2655 ἕνα
1163 2637 1192 2655 τε
1205 2628 1338 2663 γενέσεως
1351 2628 1406 2658 τοῖς
1419 2628 1484 2654 πᾶσι
1497 2627 1606 2662 τρόπον,
1623 2626 1669 2653 καὶ
1684 2625 1762 2660 φύσιν
1777 2625 1887 2660 λογικῆς

269 2677 373 2703 riarum
387 2682 535 2711 proventus
562 2676 747 2712 suppeditare,
765 2680 847 2710 atque
867 2675 994 2702 omnibus
1015 2673 1054 2701 si-

1106 2674 1194 2708 ψυχῆς
1209 2673 1280 2708 μίαν.
1297 2672 1374 2698 Οὕτω
1387 2672 1415 2698 δὲ
1427 2673 1472 2698 καὶ
1481 2672 1531 2707 τῆς
1540 2673 1593 2699 τῶν
1605 2671 1753 2706 μελλόντων
1766 2669 1887 2706 προγνώ-

269 2722 333 2748 mile
352 2729 450 2756 corpus
465 2726 631 2754 construere,
644 2729 782 2756 unumque
799 2720 928 2747 nascendi
944 2718 1052 2746 modum

1108 2728 1176 2750 σεως
1187 2718 1236 2753 τὴν
1250 2718 1401 2753 ἐπιστήμην
1417 2718 1498 2743 πᾶσιν
1519 2716 1670 2752 ἀνθρώποις
1689 2715 1811 2750 ἀφθόνως
1819 2721 1887 2748 παρ-

270 2767 406 2799 omnibus,
432 2775 512 2794 unam
537 2768 662 2794 omnibus
694 2768 790 2794 animae
813 2765 954 2793 rationalis
976 2768 1054 2791 natu-

1107 2763 1188 2797 ἐχειν,
1204 2763 1260 2793 τοῖς
1282 2762 1331 2797 μὲν
1350 2761 1394 2788 διὰ
1415 2761 1560 2796 προφητῶν
1582 2760 1695 2796 ἀνδρῶν,
1714 2761 1771 2790 τοῖς
1789 2759 1816 2785 δὲ
1844 2758 1886 2785 διὰ

268 2819 338 2839 tam.
356 2811 449 2846 Itaque
470 2813 563 2840 eadem
584 2814 689 2840 ratione
706 2812 866 2848 providendi
884 2818 992 2846 quoque
1006 2817 1053 2836 co-

1050 2825 1053 2828 -
1104 2809 1286 2845 χρηστηρίων,
1305 2810 1359 2839 τοῖς
1372 2808 1400 2834 δὲ
1412 2807 1455 2833 διὰ
1471 2807 1583 2843 ὀρνίθων
1601 2808 1738 2842 πτήσεως,
1757 2806 1772 2840 ἢ
1787 2805 1830 2832 διὰ
1842 2804 1873 2831 eu

269 2859 471 2894 guoscendique
482 2858 572 2885 futura
584 2860 737 2891 scientiam,
751 2859 878 2886 omnibus
895 2856 1051 2884 hominibus

1101 2855 1189 2890 τικῆς,
1205 2855 1221 2890 ἢ
1241 2854 1273 2880 δι’
1289 2854 1524 2889 ὀνειροπομπείας,
1539 2853 1555 2889 ἦ
1573 2852 1616 2878 διὰ
1631 2852 1775 2887 κλῃδόνων,
1787 2851 1804 2886 ἢ
1820 2849 1883 2876 παλ-

270 2901 376 2933 almade
389 2905 520 2938 suﬁieere,
538 2905 597 2935 aliis
617 2905 725 2940 quidem
740 2912 787 2939 per
799 2905 872 2932 viros
888 2902 1044 2939 prophetas,

1103 2901 1172 2936 μῶν,
1195 2901 1211 2935 ἧ
1234 2909 1314 2927 τινων
1337 2899 1437 2935 ἐτέρων
1458 2897 1608 2934 συμϐόλων·
1631 2897 1716 2924 ταῦτα
1734 2897 1788 2931 γάρ
1803 2903 1886 2930 φασιν
