2084 3216
223 191 274 220 357

662 177 989 211 DEMONSTBATIONIS
1006 175 1235 204 EVANGELICJE
1254 176 1318 204 LIB.
1335 175 1368 204 V.

1785 180 1837 208 533

221 248 375 286 ἀνθρώποις
387 248 420 274 ἐκ
430 246 480 282 τῆς
494 244 540 272 τοῦ
555 242 622 271 Θεοῦ
635 242 763 278 προνοίας
778 237 956 275 δεδωρῆσθαι,
968 236 995 262 du

1056 235 1118 263 aliis
1141 243 1206 264 vero
1231 243 1279 271 per
1304 235 1478 264 oraculorum
1504 244 1648 274 responsa,
1661 244 1688 267 et
1709 240 1771 269 aliis
1790 249 1837 276 per

222 297 304 334 μηδὲν
325 295 406 322 πλέον
428 294 499 329 ἔχειν
515 292 602 318 δοκεῖν
619 291 681 321 τοὺς
705 287 837 324 Ἑϐραίων
851 286 1001 322 προφήτας.

219 332 344 372 Τοιοῦτος
356 340 406 376 μὲν
416 337 461 366 οὖν
470 340 484 365 ὁ
495 338 559 374 παρ’
571 336 681 363 ἐκείνων
692 336 779 369 λόγος·
791 335 805 360 ὁ
812 334 840 361 δὲ
851 334 914 369 παρ’
926 332 1004 367 ἡμῶν

218 384 270 415 ὦδέ
288 396 346 419 πως
361 387 452 417 αὐτοῖς
468 385 662 420 ἀπαντήσεται.
678 382 709 408 El
721 382 771 417 μέν
786 389 827 411 τις
840 379 950 413 συνίστη
962 378 1004 404 λό-

217 443 265 469 γος
277 433 356 464 θεοὺς
366 432 484 468 ἀληθῶς,
497 431 513 467 ἦ
526 430 600 462 Θείας
612 429 749 463 δυνάμεις,
766 428 782 463 ἦ
795 427 923 462 δαίμονας
936 426 1003 459 ἁγας

217 481 280 513 θοὺς
296 480 441 515 ἐφεστάναι
453 480 509 510 τοῖς
522 477 576 503 τῶν
590 476 740 512 εἰρημένων
761 473 908 509 μαντείοις,
920 473 936 507 ἢ
948 473 1002 503 τοῖς

217 526 329 558 οἰωνῶν,
349 526 365 561 ἦ
383 527 439 557 τοῖς
456 524 558 555 λοιποῖς
576 521 840 557 κατωνομασμὲνοις,
852 518 885 555 ἦν
901 519 934 546 ἂν
950 517 1003 553 χώ-

219 581 268 610 ραν
283 572 428 607 ἀπονεῖμαι
442 572 498 602 τοῖς
516 569 680 604 λεγομένοις,
702 567 740 598 ὡς
763 566 810 593 τοῦ
833 565 879 592 ἐπὶ
895 564 1002 591 πάντων

216 618 283 647 Θεοῦ
299 619 413 645 κάκεῖνα
424 616 480 648 τοῖς
495 616 645 652 χρωμένοις
657 614 698 640 ἐπ’
715 612 833 648 ὠφελείᾳ
846 610 1001 647 δεδωρημέ-

215 674 270 692 νου·
286 666 310 691 εί
327 664 354 691 δὲ
372 663 504 690 ἐντελέσιν
524 661 675 693 ἀποδείξεσι
695 660 742 686 καὶ
756 659 845 686 αὐτῶν
871 657 1002 692 Ἑλλήνων

214 711 370 748 ὁμολογίαις
389 709 440 746 ἤδη
461 708 592 744 πρότερον
608 706 737 742 δαίμονας
753 705 850 736 αὐτοὺς
863 701 942 734 εἶναι,
956 702 1002 728 καὶ

214 759 268 785 οὐδ’
278 757 406 792 ἀγαθοὺς,
420 756 509 790 πάσης
519 755 547 780 δὲ
560 753 660 789 βλάϐης
670 753 716 780 καὶ
730 750 878 787 μοχθηρίας
889 749 1000 779 αἰτίους,

214 804 274 836 πῶς
292 805 325 830 ἂν
341 802 464 830 δύναιντο
482 801 549 828 Θεοῦ
567 798 636 827 εἶναι
657 799 808 835 προφῆται;
831 796 951 827 Φαύλους
973 794 1001 820 δὲ

213 850 312 881 αὐτοὺς
327 850 341 875 ό
354 848 432 882 λόγος
448 847 571 883 ἐφώρασε
587 846 631 872 διὰ
642 845 690 880 τῆς
708 841 912 878 Εὺιιγγελικῆς
924 843 1000 875 Προ-

213 894 408 929 παρασκευῆς
423 893 454 920 ἐκ
468 902 497 920 τε
508 893 560 928 τῆς
573 893 655 918 πάλαι
669 890 740 918 κατὰ
757 890 845 916 πάντα
860 889 941 915 τόπον
955 887 1001 914 καὶ
1017 911 1038 939 Β

214 942 290 969 πόλιν
310 940 358 967 καὶ
377 939 468 975 χώραν
488 938 699 973 συντελουμένης
715 938 806 967 αὐτοῖς
823 934 998 970 ἀνθρωποθυ-

214 988 284 1020 σίας,
300 987 331 1014 ἐκ
351 995 381 1014 τε
402 984 439 1013 ὧν
455 986 568 1021 ἠπάτων
583 985 646 1016 τοὺς
666 983 824 1020 ἐρωτῶντας
842 981 937 1016 ἀγνοίᾳ
951 980 998 1006 τοῦ

214 1033 366 1069 μέλλοντος,
384 1032 416 1059 ἔκ
434 1041 464 1059 τε
485 1029 521 1059 ὧν
546 1031 687 1067 ἡλίσκοντο
719 1029 801 1064 μυρία
829 1027 996 1062 ψευδόμενοι,

211 1079 271 1107 τοτὲ
283 1079 332 1115 μὲν
346 1079 379 1105 ἐκ
392 1078 438 1105 τοῦ
455 1077 618 1114 προφανοῦς,
629 1076 690 1102 τοτὲ
703 1076 731 1102 δὲ
745 1075 788 1102 διὰ
801 1075 852 1109 τῆς
863 1074 916 1100 τῶν
931 1082 998 1108 χρη-

211 1125 288 1161 σμῶν
304 1124 478 1160 ἀμφιϐολίας,
502 1123 534 1149 δι’
552 1120 586 1159 ἧς
605 1122 668 1153 τοὺς
688 1121 847 1157 πρόσφυγας
863 1119 997 1150 πλείστοις

211 1170 369 1202 πλειστάκις
381 1168 588 1205 περιϐάλλοντες
608 1168 703 1198 κακοῖς
715 1165 935 1200 ἁπηλέγχθησανσ
952 1165 997 1191 καὶ

209 1217 271 1244 ἔπει
281 1216 511 1252 προαπεδείκνυτο
529 1215 624 1249 μιαρὸν
634 1213 723 1239 αὐτῶν
736 1213 783 1239 κα)⁴
798 1212 951 1246 ἀκάθαρτον
967 1210 997 1237 τὸ

209 1263 303 1298 φῦλον,
322 1263 355 1289 ὲκ
369 1261 416 1288 τοῦ
435 1261 539 1297 χαίρειν
557 1261 682 1295 αἰσχραῖς
699 1259 745 1286 καὶ
761 1258 918 1289 ἀκολάστοις
933 1258 996 1293 περὶ

209 1309 300 1336 αὐτῶν
317 1307 478 1342 λεγομέναις
500 1306 590 1342 ᾠδαῖς,
618 1305 664 1332 καὶ
677 1304 781 1340 ὕμνοις,
805 1304 852 1331 καὶ
873 1303 996 1339 μυθικοῖς

208 1357 385 1393 διηγήμασιν,
406 1355 536 1390 ἱστορίαις
549 1362 578 1380 τε
597 1353 724 1389 ἀσέμνοις
744 1352 790 1379 καὶ
810 1351 993 1383 ὲπιϐλαὸέσιν,

208 1403 242 1435 ἃς
260 1403 308 1430 καὶ
331 1402 391 1430 κατ’
406 1401 496 1429 αὐτῶν
517 1400 674 1437 κυροῦντες,
700 1399 746 1426 καὶ
768 1399 805 1430 ὡς
827 1398 935 1433 ἀληθεῖς
951 1397 996 1433 βε-

209 1449 350 1482 ϐαιοῦντες
368 1448 492 1484 ἧλωσαν’
514 1448 562 1474 καὶ
577 1446 652 1477 τέλος
668 1446 794 1475 ἁπάντων
815 1445 924 1480 ἔλεγχος
945 1444 995 1479 τῆς

209 1496 341 1534 ἀδρανοῦς
354 1495 443 1523 αὐτῶν
459 1494 565 1529 φύσεως
578 1492 612 1529 ἦν
630 1493 661 1520 τὸ
678 1492 821 1528 σϐεσθῆναι
836 1492 882 1518 καὶ
899 1491 994 1527 μηκέθ’

208 1543 309 1579 ὅμοίως
322 1541 460 1578 χρᾷν’-καὶ
470 1541 613 1576 σϐεσθῆναι
626 1539 662 1576 μὴ
673 1539 790 1574 ἄλλοτεῆ
804 1538 857 1565 ἀπὸ
869 1538 922 1565 τῶν
936 1538 995 1574 χρό-

1055 284 1143 310 avium
1159 283 1266 310 volatus
1285 287 1332 310 aut
1351 291 1399 318 per
1410 288 1533 311 extorum
1548 285 1577 312 in
1591 286 1732 315 sacriﬁciis
1746 288 1834 324 inspe-

1054 330 1182 361 ctionem,
1202 333 1249 356 aut
1265 337 1313 364 per
1327 330 1495 358 somniorum
1521 332 1715 368 immissiones,
1727 340 1773 362 aut
1791 343 1837 371 per

1054 383 1084 402 ca
1102 383 1161 410 quae
1177 375 1316 408 dicuntur,
1332 377 1434 411 omnia,
1451 383 1497 405 aut
1517 387 1565 413 pcr
1588 381 1782 409 concussiones
1806 390 1836 409 ac

1054 425 1196 453 tremores,
1211 426 1257 448 aut
1271 430 1319 457 per
1329 423 1381 449 alia
1393 424 1517 458 qumdam
1534 425 1594 460 ejus
1610 426 1717 460 generis
1737 428 1814 463 signa
1828 437 1836 456 :

1053 467 1111 495 haec
1124 469 1194 495 cnim
1211 469 1287 496 aiunt
1303 468 1474 497 Providentia
1491 471 1582 499 divina
1596 473 1701 501 cunctis
1716 472 1836 501 homini?

1053 514 1105 541 bus
1116 522 1177 542 esse
1189 514 1300 547 donata,
1316 515 1407 551 itaque
1420 517 1488 544 nihil
1504 518 1621 553 amplius
1639 518 1740 547 habere
1750 519 1836 548 videri

1053 560 1227 588 Hebraeorum
1240 562 1385 597 prophetas
1400 570 1406 588 :
1420 563 1477 590 hazc
1491 571 1557 592 sane
1567 564 1675 593 illorum
1691 571 1733 593 est
1746 566 1816 594 ratio
1829 575 1835 592 :

1053 614 1102 633 nos
1116 613 1179 633 vero
1196 606 1269 634 illius
1283 607 1323 634 sic
1340 607 1446 635 obviam
1464 608 1528 636 ituri
1539 617 1644 637 sumus.
1664 610 1692 637 Si
1707 611 1761 638 ulla
1777 611 1838 646 qui-

1053 652 1113 680 dem
1130 653 1201 680 ratio
1218 653 1367 687 convincit,
1384 662 1413 682 re
1425 663 1488 682 vera
1500 655 1576 688 deos,
1595 654 1642 684 Seu
1662 656 1770 685 divinas
1786 666 1836 693 po-

1053 702 1176 732 testates,
1200 700 1256 727 sive
1280 700 1367 728 bonos
1384 701 1490 736 aliquos
1508 702 1643 730 daemones
1661 704 1776 738 pra-esse
1791 711 1837 731 eo-

1053 754 1123 778 rum,
1140 746 1174 774 de
1194 747 1293 782 quibus
1307 747 1409 774 dictum
1426 752 1478 780 est,
1500 749 1626 782 oraculis,
1639 749 1681 777 vel
1701 750 1834 785 auguriis,

1052 793 1094 820 vel
1111 794 1216 821 caeteris
1226 802 1286 829 quae
1298 799 1377 822 antea
1388 794 1507 822 diximus
1523 805 1529 823 :
1544 803 1690 830 possumus
1705 792 1772 824 sane
1784 797 1836 824 ali-

1051 846 1132 874 quem
1153 840 1242 866 locum
1258 840 1311 867 illis
1324 840 1455 873 tribuere,
1470 844 1600 876 tanquam
1613 842 1660 869 illo
1671 850 1779 878 quoque
1791 850 1837 871 su-

1052 892 1163 919 premus
1180 885 1253 914 Deus
1267 886 1299 913 iis
1313 887 1359 921 qui
1378 887 1442 913 talia
1457 890 1600 922 usurpent,
1616 887 1729 924 largitus
1744 888 1795 922 sit;
1812 888 1837 917 εἰ

1052 938 1116 958 vero
1132 931 1260 966 perfectis
1276 932 1566 965 demonstrationibus,
1578 937 1605 961 et
1625 934 1747 970 ipsorum
1763 933 1837 963 Grae-

1051 986 1146 1005 corum
1171 977 1401 1012 confessionibus,
1417 979 1475 1015 jam
1498 978 1588 1012 antea,
1614 981 1751 1009 dzemones
1776 990 1837 1010 esse

1052 1032 1106 1051 non
1123 1024 1184 1052 illos
1197 1025 1304 1059 quidem
1317 1025 1415 1058 bonos,
1429 1025 1476 1053 sed
1491 1027 1580 1054 omnis
1597 1027 1727 1062 perniciei
1741 1029 1837 1064 nequi-

1052 1071 1149 1106 tiaeque
1167 1075 1294 1100 auctores
1307 1072 1488 1107 convicimus,
1507 1074 1553 1109 qui
1569 1073 1627 1101 ﬁeri
1640 1077 1730 1109 potest
1745 1078 1775 1101 ut
1788 1073 1836 1102 Dei

1050 1117 1190 1153 prophetae
1210 1118 1379 1146 habeantur?
1395 1119 1501 1148 Etenim
1517 1120 1578 1148 illos
1597 1128 1658 1148 esse
1677 1120 1764 1149 malos
1788 1128 1836 1156 per

1051 1164 1239 1200 Evangelicam
1253 1165 1482 1201 Prwparationem
1509 1167 1579 1194 ratio
1595 1166 1784 1202 deprehendit,
1802 1175 1835 1195 ex

1050 1218 1082 1238 eo
1097 1219 1164 1239 sane
1175 1212 1247 1246 quod
1270 1212 1369 1247 priscis
1393 1213 1564 1248 temporibus
1584 1214 1611 1240 in
1628 1213 1702 1241 omni
1725 1214 1797 1248 loco,
1809 1219 1835 1242 et

1050 1256 1160 1285 civitate
1175 1265 1207 1285 ac
1222 1259 1343 1293 regione,
1357 1258 1483 1286 humana:
1503 1258 1557 1286 illis
1572 1259 1688 1286 victima:
1698 1259 1834 1287 sacriﬁca-

1049 1307 1164 1337 rentur;
1183 1304 1248 1332 item
1264 1312 1297 1332 ex
1314 1312 1347 1332 eo
1360 1305 1433 1339 quod
1451 1312 1544 1333 rerum
1560 1305 1715 1333 futurarum
1730 1306 1834 1341 ignora-

1050 1349 1123 1377 tione
1140 1351 1313 1379 sciscitantes
1329 1351 1495 1387 deciperent,
1513 1355 1540 1379 et
1554 1351 1627 1387 quod
1647 1352 1675 1379 in
1691 1352 1834 1380 mendacio

1048 1395 1148 1424 millies
1170 1403 1203 1423 ac
1224 1397 1324 1425 millies
1352 1397 1515 1432 deprehensi
1531 1398 1594 1432 sint,
1619 1399 1700 1426 modo
1723 1399 1834 1434 quidem

1048 1445 1141 1479 aper’te
1162 1449 1194 1471 ac
1217 1443 1316 1478 palam,
1331 1443 1412 1471 modo
1435 1451 1500 1472 vero
1515 1444 1635 1479 ipso'rum
1658 1446 1832 1473 oraculorum

1048 1491 1176 1526 ambiguo
1193 1483 1328 1524 sermone,
1348 1499 1397 1527 per
1416 1499 1495 1526 quem
1515 1498 1562 1518 eos
1577 1491 1623 1526 qui
1641 1491 1674 1519 ad
1697 1500 1726 1520 se
1740 1491 1833 1520 coniu-

1047 1538 1161 1572 gissent,
1181 1537 1308 1572 plurimis
1327 1538 1478 1573 saepissime
1498 1539 1576 1565 malis
1590 1543 1670 1572 atque
1687 1538 1833 1566 incommo-

209 1597 262 1616 νων
282 1589 333 1625 τῆς
354 1588 515 1623 ἐπιφανείας
536 1587 583 1614 τοῦ
600 1586 726 1622 Σωτῆρος
746 1585 824 1621 ἡμῶν
846 1584 932 1620 Ἰησοῦ
947 1584 994 1611 τοῦ

1048 1583 1089 1610 dis
1119 1583 1276 1615 involvisse,
1303 1584 1421 1612 convicti
1442 1587 1526 1611 sunt:
1544 1591 1649 1611 necnon
1673 1583 1746 1619 quod
1774 1584 1830 1619 jam

208 1635 338 1672 Χριστοῦο
354 1634 382 1668 ἐξ
397 1630 427 1661 οὗ
446 1633 499 1670 γὰρ
516 1635 555 1665 εἰς
571 1633 660 1660 πάντα
676 1633 710 1658 τὰ
730 1631 792 1668 ἔθνη
812 1631 959 1672 διέδραμεν
982 1632 996 1657 ὁ

206 1666 258 1716 τῆς
271 1666 636 1714 εὐαγγελικῆς-διδασκαλίας
652 1676 731 1704 αὺτοῦ
747 1666 834 1711 λόγος,
851 1675 879 1710 ἐξ
891 1676 994 1703 ἐκείνου

208 1726 256 1753 καὶ
267 1726 301 1753 τὰ
311 1726 463 1761 χρηστήρια
473 1724 585 1756 διέλιπε,
597 1724 644 1750 καὶ
657 1723 791 1758 δαιμόνων
803 1723 912 1749 θάνατοι
926 1730 995 1757 μνη-

210 1771 376 1808 μονεύονται.
387 1771 479 1797 Πάντα
489 1770 517 1796 δὲ
530 1767 576 1796 οὖν
590 1767 624 1804 ἦν
640 1769 737 1800 ταῦτα,
752 1767 799 1794 καὶ
812 1767 879 1795 ἄλλα
891 1766 995 1797 τούτοις

208 1818 386 1854 παραπλήσια
402 1817 494 1853 μυρία,
510 1816 542 1842 δι’
560 1812 597 1842 ὦν
612 1814 725 1850 πονηροὶ
740 1814 866 1848 δαίμονες
879 1813 955 1844 ὄντες
970 1814 994 1839 οξ

207 1864 273 1899 περὶ
286 1859 323 1890 ὧν
338 1863 353 1889 ὁ
367 1862 446 1896 λόγος
456 1863 484 1888 ὲν
497 1862 552 1892 τοῖς
565 1861 615 1895 τῆς
623 1858 831 1894 Ενὺαγτελικῆς
844 1860 995 1892 Προπαρα-

205 1909 323 1944 σκευῆς
337 1908 558 1944 ἀπηλέγχθησαν.
580 1906 612 1933 Εἰ
626 1906 658 1941 δὴ
674 1903 720 1931 οὖν
735 1904 830 1931 τοιοίδε
843 1904 915 1935 τινὲς
929 1912 994 1937 τυγ-

206 1956 329 1993 χάνουσι,
344 1956 386 1988 τίς
403 1956 473 1990 αἱρεί
486 1955 564 1988 λόγος
579 1952 626 1980 τοῦ
648 1952 693 1979 ἐπὶ
715 1952 822 1979 πάντων
839 1952 906 1978 Θεοῦ
927 1961 993 1987 μαν-

205 2003 282 2035 τείας
294 2001 363 2029 εἶναι
379 2001 503 2038 ἡγεῖσθαι
523 2001 558 2027 τὰ
573 2000 626 2027 τῶν
638 1999 771 2035 δαιμόνων
784 1999 957 2034 χρηστήρια;
975 1998 991 2033 ἢ

204 2051 263 2082 τοῖς
269 2048 316 2076 τοῦ
328 2048 395 2076 Θεοῦ
406 2048 558 2084 προφήταις
569 2046 603 2073 τὰ
613 2047 673 2074 κατ’
682 2046 781 2077 αὐτοὺς
793 2044 991 2081 παραϐάλλεινς

205 2095 331 2123 Ποταπαὶ
343 2095 371 2122 δὲ
383 2095 470 2121 αὐτῶν
484 2096 511 2121 αἱ
523 2094 698 2130 προρρήσεις,
710 2093 752 2126 ἃς,
770 2094 813 2119 ὅτε
827 2092 873 2119 καὶ
885 2091 992 2118 ἐδόκουν

205 2142 365 2177 ὑφεστάναι,
379 2142 443 2177 περὶ
453 2142 515 2173 τοὺς
529 2141 688 2176 ἐρωτῶντας
702 2139 856 2171 ἐποιοῦντο;
870 2136 923 2174 ἆρα
933 2137 992 2172 οὐχὶ

205 2187 271 2224 περὶ
285 2187 409 2223 dat-5p.va
424 2186 558 2213 ταπεινῶν
573 2195 603 2213 τε
618 2187 665 2213 καὶ
683 2186 799 2212 εὐτελῶν
814 2183 928 2220 ἀνδρῶν,
941 2191 991 2209 πυ-

204 2232 287 2266 κτῶν,
299 2232 376 2268 φέρε,
389 2232 406 2267 ἥ
418 2238 498 2258 τινων
512 2230 649 2263 τοιούτων,
663 2230 709 2262 οὒς
725 2231 827 2262 Θυσίαις
842 2229 924 2264 τιμᾷν
935 2228 991 2254 ὲκέ-

204 2278 282 2306 λευον
291 2286 298 2311 ;
309 2279 377 2305 Ποῖα
385 2278 413 2305 δὲ
422 2278 456 2304 τΞι
468 2286 501 2304 πε
506 2278 530 2313 pl
540 2277 590 2312 τῆς
601 2276 825 2311 ἀνθρωποθυσίας
834 2276 974 2311 νενόμιστο
982 2283 989 2307 ;

203 2325 351 2360 κεφάλαιον
371 2325 425 2360 γὰρ
447 2324 478 2359 δὴ
500 2323 580 2350 τοῦτο
601 2323 654 2350 τῶν
671 2323 831 2358 εἰρημένων.
850 2320 924 2358 ⁷Αρά
939 2331 990 2349 τινι

202 2371 347 2407 πράγματι
363 2369 457 2405 φαύλῳ
480 2369 624 2396 κατέλιπον
647 2369 761 2400 ἀτοπίας
781 2368 949 2404 ὑπερϐολήν;
966 2369 989 2394 εἰ

202 2415 236 2452 δὴ
249 2417 274 2443 οῖ
287 2415 411 2451 σωτῆρες
425 2415 575 2451 ἀνθρώπων
589 2414 644 2441 θεοί
657 2424 685 2441 τε
698 2415 744 2442 καὶ
756 2413 851 2449 ἀγαθοὶ
865 2415 991 2450 δαίμονες

199 2459 267 2494 τοὺς
292 2462 383 2494 ἱκέτας
405 2462 493 2488 αὐτῶν
516 2462 562 2488 καὶ
579 2462 699 2494 εὐσεϐεῖς
723 2462 883 2497 πρόσφυγας
907 2469 990 2487 κατα-

201 2509 332 2544 σφάττειν
360 2509 394 2536 τὰ
418 2508 522 2535 ἑαυτῶν
546 2508 670 2543 φίλτατα,
689 2508 809 2544 ὡσπερεί
837 2516 897 2534 τινα
923 2507 989 2535 ἄλλοι

201 2555 358 2592 θρέμματα,
376 2555 599 2591 παρεκελεύοντο,
615 2555 743 2591 ἄντικρυς
762 2554 937 2590 ἀνθρωπείων
951 2555 990 2580 αἱ-

201 2602 295 2638 μάτων
307 2602 376 2637 ὑπὲρ
391 2602 479 2628 πᾶσαν
496 2601 596 2637 θηρίων
611 2602 689 2636 φύσιν
700 2601 840 2636 διψῶντες,
856 2601 902 2627 καὶ
914 2600 989 2626 οὐδὲν

199 2647 265 2674 ἄλλο
283 2648 299 2684 ἢ
324 2648 476 2683 αἱμοπότας
494 2648 540 2674 καὶ
559 2647 782 2684 ἁνθρωποϐὀρους
802 2647 939 2678 ἀπωλείας
959 2656 988 2673 τε

201 2694 294 2729 φίλους
307 2692 376 2721 εἶναι
392 2696 462 2730 σφᾶς
478 2695 576 2727 αὐτοὺς
586 2695 790 2730 ἀπελέγχοντες.
809 2695 844 2722 Ἦ
858 2694 959 2728 λεγέτω
974 2695 989 2720 ό

201 2739 372 2776 βουλόμενος,
391 2742 414 2767 εί
437 2742 493 2776 έχοι
515 2741 611 2776 σεμνόν
628 2749 654 2767 τι
670 2742 716 2767 καὶ
734 2742 832 2777 ἀρετῆς
849 2741 922 2773 ἄξιον
933 2741 988 2768 τῶν

199 2785 370 2822 δηλουμένων
384 2787 552 2822 ὲπιδεῖξαι,ἢ
569 2787 697 2822 μαντείας
712 2788 760 2814 καὶ
772 2788 936 2823 προρρήσεις
948 2789 988 2820 εἰς

306 2826 310 2836 1

202 2839 256 2865 πᾶν
269 2839 344 2874 γένος
357 2839 508 2875 ἀνθρώπων
524 2842 722 2872 συντεινούσας,
738 2840 754 2875 ἣ
765 2841 863 2875 νόμους
875 2841 919 2869 καὶ
937 2850 986 2868 πο-

200 2885 306 2918 λιτικὰς
316 2886 461 2920 διατάξεις,
474 2887 533 2914 καθ’
548 2887 593 2920 οὓς
604 2888 672 2924 χρῆν
685 2888 758 2923 βιοῦν
772 2889 873 2922 πάντας
886 2891 987 2926 ἀνθρώ-

1048 1634 1126 1657 antea
1140 1630 1356 1657 demonstratum
1374 1630 1420 1662 sit,
1438 1630 1545 1657 illorum
1563 1638 1648 1665 genus
1664 1629 1766 1657 foedum
1782 1630 1832 1657 im-

1047 1676 1233 1711 mundumque
1244 1686 1315 1710 esse,
1328 1685 1361 1705 ex
1381 1685 1413 1705 eo
1428 1677 1500 1712 quod
1515 1677 1643 1704 obscenis
1663 1684 1695 1704 ac
1709 1676 1830 1708 lascivis,

1046 1722 1126 1758 20."I
1142 1731 1201 1759 qua
1221 1723 1255 1751 de
1271 1724 1339 1759 ipsis
1350 1723 1481 1755 ferantur,
1500 1723 1615 1751 canticis
1628 1723 1745 1759 gaudere
1766 1730 1831 1750 con-

1046 1770 1202 1803 sueverint;
1217 1771 1280 1798 item
1300 1770 1408 1806 hymnis
1432 1778 1463 1798 ac
1479 1770 1610 1797 fabulosis
1628 1769 1832 1798 narrationibus

1046 1816 1223 1852 historiisque
1242 1817 1396 1845 inhonestis
1421 1824 1454 1844 ac
1475 1816 1648 1851 perniciosis,
1673 1823 1742 1852 quas
1756 1816 1830 1851 quod

1045 1867 1139 1889 contra
1155 1862 1261 1898 seipsos
1283 1867 1357 1890 ratas
1372 1863 1527 1895 habuerint,
1550 1868 1575 1890 et
1599 1868 1727 1897 tanquam
1751 1869 1830 1889 veras

1045 1909 1292 1945 comprobaverint,
1309 1910 1365 1945 jam
1381 1910 1460 1945 plane
1470 1909 1607 1945 redarguti
1620 1914 1693 1936 sunt.
1708 1908 1830 1943 Denique

1045 1956 1153 1983 illorum
1176 1956 1272 1985 inertis
1289 1956 1486 1992 imbecillasque
1503 1959 1607 1983 natura;
1627 1955 1775 1982 maximum
1789 1961 1830 1981 ar-

1044 2008 1211 2039 gumentum,
1233 2003 1305 2038 quod
1321 2003 1454 2031 exstincta
1466 2003 1518 2031 sint
1537 2002 1657 2034 oracula,
1672 2008 1759 2037 neque
1773 2009 1831 2028 am-

1045 2050 1116 2085 plius
1129 2054 1160 2077 ut
1182 2050 1247 2076 olim
1263 2050 1461 2085 respondeant;
1479 2053 1505 2078 et
1529 2049 1664 2077 exstincta
1681 2056 1735 2076 non
1761 2047 1829 2075 alias

1044 2105 1126 2132 quam
1141 2098 1191 2125 sub
1204 2097 1351 2125 adventum
1373 2096 1522 2124 Salvatoris
1535 2095 1621 2123 nostri
1635 2095 1700 2123 Jesu
1714 2094 1827 2126 Christi;

1043 2152 1075 2170 ex
1090 2151 1144 2178 quo
1158 2143 1230 2170 enim
1248 2144 1322 2170 illius
1338 2143 1365 2170 in
1386 2150 1480 2170 omnes
1495 2145 1589 2177 gentes
1607 2140 1769 2176 evangelicae
1783 2139 1829 2167 do-

1043 2191 1138 2218 ctrina:
1153 2190 1305 2225 penetravit
1320 2189 1443 2221 verbum,
1460 2196 1493 2216 ex
1506 2188 1552 2215 illo
1569 2188 1633 2215 item
1652 2187 1762 2214 oracula
1783 2186 1828 2213 dc-

1045 2237 1177 2269 fccerunt,
1191 2241 1218 2265 et
1230 2236 1384 2264 daemonum
1397 2239 1498 2262 mortes
1519 2238 1714 2261 memorantur.
1731 2232 1827 2260 Omnia

1043 2284 1124 2319 igitur
1138 2283 1195 2311 haec
1213 2286 1239 2310 et
1253 2281 1462 2310 innumerabilia
1473 2281 1525 2307 alia
1535 2280 1578 2308 his
1593 2279 1690 2307 similia
1707 2279 1826 2309 fuerunt,

1042 2338 1075 2358 ex
1097 2330 1196 2365 quibus
1221 2329 1299 2361 illos,
1323 2328 1357 2356 de
1381 2327 1481 2363 quibus
1504 2335 1576 2354 nunc
1602 2327 1717 2362 agimus,
1741 2325 1827 2352 malos

1042 2384 1102 2403 esse
1116 2376 1252 2403 daemones
1264 2374 1421 2410 Erangelica
1439 2374 1603 2408 Praeparatio
1619 2371 1824 2400 demonstravit.

1042 2422 1120 2454 Quod
1137 2422 1159 2449 si
1177 2421 1246 2449 tales
1271 2421 1332 2449 illos
1346 2429 1407 2448 esse
1424 2421 1480 2455 jam
1497 2424 1613 2452 constat,
1627 2427 1687 2454 qua:
1698 2418 1767 2445 ratio
1780 2426 1827 2445 un-

1041 2476 1123 2502 quam
1138 2467 1281 2500 obtinebit,
1303 2471 1333 2494 ut
1346 2468 1464 2502 supremi
1483 2467 1529 2494 Dei
1546 2467 1606 2494 illas
1621 2466 1706 2493 fuisse
1720 2465 1827 2492 divina~

1041 2516 1127 2542 tiones
1142 2522 1312 2546 censeamus,
1329 2522 1389 2549 qua:
1409 2514 1561 2541 daemonum
1577 2517 1665 2541 sortes
1680 2512 1825 2548 perhiben—

1040 2570 1094 2596 tur,
1109 2567 1155 2590 aut
1169 2571 1228 2598 qua:
1242 2563 1276 2590 de
1293 2562 1347 2591 illis
1362 2562 1497 2593 feruntur,
1512 2561 1557 2588 Dei
1571 2561 1764 2596 prophetarum
1780 2568 1827 2587 va-

1039 2609 1142 2636 ticiniis
1156 2616 1217 2636 esse
1231 2606 1435 2642 comparanda?
1447 2605 1587 2633 Caeterum
1605 2604 1699 2639 quanti
1715 2604 1824 2632 tandem

1041 2656 1148 2683 illorum
1168 2654 1359 2690 prmdictioncs
1388 2652 1527 2683 faciendae,
1557 2659 1633 2686 quas,
1659 2658 1722 2677 cum
1753 2654 1826 2678 stare

1039 2703 1209 2734 videbantur,
1227 2700 1431 2729 sciscitantibus
1447 2698 1647 2734 respondebant
1655 2699 1666 2724 '!
1680 2697 1776 2725 Nonne
1792 2698 1826 2725 dc

1040 2750 1190 2777 inhonestis
1209 2753 1290 2784 atque
1309 2748 1458 2775 humilibus
1479 2751 1505 2775 et
1527 2746 1627 2774 nullius
1651 2746 1730 2781 pretii
1746 2746 1823 2776 viris,

1039 2796 1186 2832 pugilibus,
1211 2795 1327 2831 exempli
1345 2796 1450 2830 gratia,
1472 2798 1518 2821 aut
1544 2793 1605 2821 aliis
1626 2793 1726 2820 talibus
1749 2792 1825 2831 reddi

1039 2843 1134 2871 solitas
1151 2842 1286 2874 novimus,
1306 2849 1375 2877 quos
1398 2840 1506 2876 quidem
1530 2839 1655 2867 homines
1680 2839 1824 2867 sacriﬁciis

1038 2890 1177 2919 honestari
1193 2889 1343 2925 jubebant?
1358 2888 1454 2928 Qualia
1470 2895 1552 2922 porro
1567 2894 1627 2923 qum
1642 2886 1675 2914 de
1699 2885 1824 2913 humanis
