2084 3216
225 137 277 164 359

515 133 649 161 EUSEBH
669 132 911 161 CESARIENSIS
929 133 1004 161 QPP.
1021 132 1123 160 PARS.
1143 132 1175 159 ll.
1196 148 1231 153 -—
1248 131 1496 160 APOLOGETICA.

1797 133 1850 160 διο

225 194 344 222 victimis
363 194 498 225 teruntur,
516 192 769 228 censenda?Caput
789 193 862 220 enim
878 193 929 220 hoc
951 200 1011 220 om-

1067 201 1143 224 πους,
1165 191 1386 227 διαγορευούσας,
1406 191 1423 225 ἢ
1443 190 1599 225 φιλοσοφίας
1615 189 1738 225 δόγματα
1752 198 1782 216 τε
1803 189 1851 216 καὶ

226 241 301 267 ιιὶιιιιι
325 247 420 267 eorum
440 247 501 275 qua).
524 239 598 267 dicta
613 243 695 267 sunt:
712 247 778 266 num
800 239 884 274 igitur
905 239 960 266 ulla
982 247 1011 266 re

227 292 311 320 prava
331 285 421 312 locum
444 292 520 312 novae
540 284 702 313 absurditati
727 284 914 319 reliquerunt?
934 283 1011 317 Quod

227 330 250 358 si
263 329 308 358 isti
321 330 460 357 hominum
473 333 691 360 conservatores,
705 332 732 355 et
743 328 779 356 dii
791 332 818 356 et
832 328 895 355 boni
912 328 1013 355 daemo-

227 383 288 408 nes,
307 376 354 411 qui
372 375 406 402 ad
421 383 451 403 se
465 375 624 410 suppliciter
637 379 664 402 et
678 382 740 401 cum
756 374 856 409 pietate
870 373 1012 408 confugie-

227 425 303 454 bant,
320 429 368 449 eos
392 428 562 456 quaecunque
585 419 746 448 charissima
771 420 913 452 haberent,
935 420 1014 455 quasi

228 467 340 502 reliquis
359 467 459 495 similia
475 475 574 502 pecora
596 470 716 494 mactare
738 467 917 501 imperabant,
933 467 1013 501 plana

227 513 300 549 quod
314 513 426 541 humani
447 513 589 548 sanguinis
615 521 696 548 supra
713 520 820 540 omnem
836 513 948 540 ferinam
965 520 1014 540 na-

227 565 317 587 turam
334 559 477 592 sitibundi,
489 567 578 594 neque
593 559 741 595 quidquam
753 559 826 586 aliud
842 567 923 594 quam
936 563 1013 594 poto-

226 614 272 634 res
288 605 430 641 sanguinis
445 609 472 634 et
493 605 668 634 devoratores
683 606 823 633 hominum
839 606 1015 640 perditionis-

227 645 280 686 que
297 650 378 677 amici
399 654 503 681 essent,
524 650 633 685 ipsimet
656 649 835 678 declarabant
851 658 858 676 :
874 654 921 677 aut
941 650 1015 677 dicat

227 695 293 723 mihi
307 703 374 724 sane
387 695 489 730 quivis,
505 703 570 723 num
586 695 620 723 de
638 695 693 723 illis
709 696 797 731 possit
810 696 917 725 honesti
933 696 1013 732 quid-

227 743 311 778 piam,
324 744 372 771 aut
388 741 462 776 quod
476 748 538 768 cum
555 741 654 769 virtute
666 741 843 776 conjunctum
859 743 905 775 sit,
922 746 1015 770 osten-

226 788 311 816 dere:
333 791 380 815 aut
402 786 601 819 divinationes,
628 795 660 815 ac
681 787 881 822 praedictiones,
900 797 960 824 quae
979 789 1014 817 ad

227 841 308 862 omne
332 833 474 866 hominum
495 841 581 868 genus
599 834 801 869 spectaverint:
818 835 960 870 autleges,
972 836 1014 862 in-

1066 238 1212 273 μαθήματα
1223 238 1291 273 πρὸς
1299 237 1353 263 τῶν
1363 237 1431 263 θεῶν
1442 235 1648 271 προϐεϐλημένα
1659 237 1715 267 τοῖς
1723 236 1852 271 ἐρασταῖς

1064 283 1231 318 φιλοσοφίας.
1241 283 1309 309 Ἀλλ’
1318 284 1367 309 οὐκ
1376 282 1407 309 ἂν
1416 282 1470 317 ἔχοι
1478 290 1519 313 τις
1528 282 1608 315 φάναι
1613 281 1732 308 τοιοῦτον
1741 281 1851 308 πώποτε

1063 328 1202 364 ὑπῆρχθαι
1214 328 1253 363 τῷ
1267 328 1316 363 βίῳ
1329 329 1361 354 ὲκ
1371 328 1424 356 τῶν
1449 327 1616 364 περιϐοήτων
1626 326 1810 363 χρηστηρίων.
1819 327 1851 353 El

1064 374 1118 410 γὰρ
1127 372 1160 409 ἦν
1170 374 1266 406 ταῦτα,
1279 375 1328 400 οὐκ
1347 374 1379 400 ἂν
1397 373 1534 408 διαφόροις
1546 373 1695 408 ἐχρήσαντο
1707 373 1754 399 καὶ
1767 380 1851 407 μαχο-

1066 420 1156 456 μένοις
1163 420 1255 455 νόμοις
1267 419 1315 447 ἀνθ
1321 427 1404 454 ρωποι
1413 419 1465 445 ὑπὸ
1476 419 1545 445 θεῶν
1553 418 1785 454 νομοθετούμενοι·
1796 417 1852 444 θεοὶ

1064 465 1118 502 γὰρ
1126 466 1201 498 δντες
1208 467 1255 492 καὶ
1264 466 1369 500 ἀγαθοὶ,
1379 465 1437 497 πῶς
1444 466 1493 492 οὐκ
1502 466 1533 492 ἂν
1540 466 1595 496 τοῖς
1603 465 1693 497 αὐτοῖς
1702 465 1852 500 ἐχρήσαντο

1063 512 1245 548 διατάγμασις
1262 512 1321 543 πῶς
1333 512 1355 539 δ’
1366 512 1426 547 οὐχὶ
1438 512 1498 543 ταῖς
1513 510 1631 546 σώφροσι
1652 511 1698 538 καὶ
1716 510 1852 537 δικαιοτά-

1063 567 1124 590 ταις
1152 558 1338 594 νομοθεσίαις;
1363 559 1411 591 Τίς
1426 556 1472 585 οὖν
1489 557 1536 584 τοῦ
1553 557 1679 590 Σόλωνος,
1697 557 1714 593 ἦ
1731 557 1851 593 Δράκον-

1063 614 1129 638 τος,
1152 606 1168 641 ἢ
1188 605 1242 632 τῶν
1263 605 1349 632 ἄλλων
1366 604 1518 640 ἀνθρώπων
1537 604 1648 640 Ἕλλησί
1674 613 1704 631 τε
1721 605 1768 632 καὶ
1785 604 1852 641 βαρ-

1061 651 1158 688 ϐάροις
1180 651 1331 687 νομοθετῶν
1349 651 1427 687 χρεία
1444 649 1488 688 ἦν,
1513 651 1582 679 θεῶν
1601 651 1684 685 ἐγγὺς
1700 651 1850 686 παρόντων,

1067 700 1114 726 καὶ
1126 699 1170 725 διὰ
1180 698 1234 726 τῶν
1248 699 1378 734 χρησμῶν
1394 699 1607 735 διαταττομένων
1614 699 1648 726 τὰ
1661 699 1753 726 δέοντα
1763 707 1770 731 ;
1779 699 1810 725 Εἰ
1823 698 1853 724 δὲ

1064 745 1097 781 δὴ
1106 746 1171 781 φαίη
1184 754 1225 777 τις
1234 746 1332 777 αὐτοὺς
1345 746 1392 772 καὶ
1402 746 1455 773 οὐδ’
1474 745 1512 781 (1)
1525 746 1619 777 ἄλλους
1630 743 1700 772 εἶναι
1715 745 1778 776 τοὺς
1791 744 1852 771 καθ’

1065 793 1181 819 ἕκαστον
1195 792 1270 824 ἔθνος
1280 792 1431 828 ἀνθρώπων
1447 792 1668 827 νομοθετοῦντας,
1681 792 1728 819 καὶ
1743 792 1785 823 τίς
1798 789 1853 827 ἄρα

1066 840 1169 872 ἐκεῖνος
1185 841 1231 867 καὶ
1249 840 1380 871 ποταπὸς,
1392 840 1504 872 εἰπάτω,
1519 839 1588 871 θεὸς,
1605 841 1619 866 ὁ
1631 839 1756 871 Σκύθαις,
1775 839 1851 874 φέρε,

227 880 439 915 stitutionesque
449 879 553 912 civiles,
573 888 634 914 qua:
648 887 702 915 quo
720 880 801 908 modo
816 888 911 908 omnes
928 881 1016 908 homi-

1067 884 1285 920 ἀνθρωποϐορεῖν
1305 884 1508 919 διαταξάμενος,
1526 884 1542 920 ἢ
1560 885 1573 911 ὁ
1597 884 1731 920 μητράσιν
1751 883 1853 919 ἑτέροις

227 933 278 953 nes
292 926 382 953 vivere
399 929 533 961 oporteat,
552 926 730 961 praeceperint
745 934 752 951 :
770 930 817 953 aut
837 926 1015 961 philosophiae

228 972 337 1000 decreta
360 979 392 999 ac
409 971 578 1007 disciplinas,
599 980 661 1007 qua:
684 972 864 1008 philosophiae
885 973 1016 1001 amatori-

228 1018 279 1046 bus
300 1018 334 1045 ab
349 1018 416 1053 ipsis
429 1017 482 1046 diis
499 1026 618 1054 unquam
641 1019 781 1053 proposita
797 1018 898 1046 iuerint
917 1027 923 1045 :
941 1019 1017 1054 atqui

228 1072 308 1092 nemo
335 1068 377 1092 est
397 1064 444 1100 qui
466 1064 552 1099 possit
562 1063 696 1092 aﬁirmare
717 1064 771 1092 tale
796 1072 916 1100 unquam
935 1065 1016 1100 quid-

204 1139 205 1142 ,
227 1118 309 1146 quam
330 1111 371 1138 vel
394 1111 636 1139 celeberrimorum
665 1111 839 1140 oraculorum
865 1111 1015 1144 beneﬁcio,

227 1156 307 1195 205
321 1156 382 1184 vita:
395 1156 536 1189 hominum
554 1156 723 1192 contigisse;
741 1165 805 1185 nam
823 1158 845 1185 si
866 1156 932 1184 talia
945 1156 1015 1184 fuis-

228 1207 299 1235 sent,
316 1210 456 1238 nunquam
471 1202 606 1235 homines,
619 1203 718 1238 quibus
728 1211 744 1231 a
758 1203 811 1230 diis
823 1203 896 1238 leges
909 1202 1016 1230 tradita

228 1251 303 1280 sunt,
326 1247 442 1275 diversis
463 1248 504 1278 usi
519 1253 613 1275 essent
630 1252 712 1284 atque
729 1248 800 1276 inter
822 1256 853 1276 se
871 1249 1017 1284 pugnanti-

228 1294 280 1322 bus
305 1294 410 1329 legibus
426 1304 432 1321 :
449 1301 512 1321 nam
536 1294 583 1329 qui
607 1294 645 1321 dii
659 1298 752 1322 essent
769 1299 797 1322 et
818 1294 856 1321 dii
878 1294 953 1327 boni,
970 1295 1017 1329 qui

229 1339 287 1367 ﬁeri
303 1343 395 1375 posset
415 1344 444 1367 ut
460 1347 513 1367 non
530 1340 616 1375 aequis
631 1340 849 1368 institutionibus
863 1345 1013 1374 uterentur,

228 1393 313 1425 quare
334 1390 424 1412 autem
448 1392 504 1412 non
527 1386 737 1414 modestissimis
756 1394 788 1414 ac
804 1386 965 1422 iustissimis
978 1387 1017 1414 le-

229 1431 326 1467 gibus?
354 1431 422 1466 Quis
447 1439 512 1467 ergo
540 1437 586 1460 aut
607 1431 725 1465 Solonis,
743 1436 790 1460 aut
810 1432 954 1465 Draconis,
971 1437 1018 1460 aut

229 1477 343 1505 aliorum
363 1476 409 1511 qui
429 1477 471 1503 vel
493 1476 593 1504 Gracis
612 1476 654 1505 vel
673 1477 798 1505 barbaris
823 1478 897 1514 leges
915 1478 1020 1506 descri-

229 1523 344 1558 pserint,
360 1531 427 1551 usus
444 1523 551 1557 fuisset,
572 1532 633 1552 cum
651 1524 679 1551 in
698 1524 821 1559 proximo
836 1525 962 1553 adessent
978 1524 1016 1552 dii

228 1570 276 1602 uni
290 1570 409 1598 oraculis
425 1574 536 1605 possent
553 1578 614 1607 quin
636 1570 750 1599 honesta
765 1575 792 1602 et
807 1571 961 1600 necessaria
975 1571 1016 1599 vi-

228 1619 335 1650 derent,
358 1617 527 1653 prmcipere?
545 1616 625 1651 Quod
643 1617 666 1645 si
683 1618 745 1652 quis
769 1616 841 1644 dicat
862 1617 941 1652 plane
955 1617 1016 1645 illos

228 1663 304 1698 ipsos
324 1671 379 1690 non
396 1663 465 1691 alios
477 1662 572 1696 fuisse,
588 1663 634 1698 qui
655 1671 703 1698 per
717 1663 839 1699 singulas
859 1667 953 1698 gentes
967 1664 1017 1691 ho-

228 1702 349 1739 minibus.
361 1709 434 1746 leges
448 1709 582 1742 dederint,
594 1709 667 1736 dicat
687 1709 780 1741 etiam,
801 1717 905 1744 quasso,
921 1710 1017 1744 ecquis

229 1756 274 1787 ille
289 1761 335 1784 aut
346 1756 502 1791 cujusmodi
516 1756 600 1784 fuerit
608 1756 688 1790 deus,
700 1757 747 1792 qui
760 1755 887 1791 Scythas,
900 1756 1017 1791 exempli

229 1802 326 1835 gratia,
336 1802 467 1830 devorare
481 1802 608 1830 homines
626 1802 762 1833 docuerit,
780 1805 827 1829 aut
843 1802 890 1837 qui
904 1802 1018 1829 nonnul-

229 1850 262 1881 lis
279 1849 352 1884 leges
366 1848 481 1880 dederit,
510 1852 540 1875 ut
551 1847 686 1876 matribus
702 1855 733 1876 ac
747 1847 855 1876 ﬁliabus
869 1849 1017 1876 misceren-

229 1900 284 1929 tur,
299 1900 346 1922 aut
364 1895 412 1930 qui
430 1904 478 1923 eos
494 1896 538 1931 qui
561 1896 778 1928 consenuissent,
803 1895 918 1928 canibus
934 1896 1018 1931 proji-

229 1949 301 1974 cere,
317 1943 395 1977 quasi
412 1950 470 1969 rem
487 1942 586 1969 bonam
606 1943 790 1978 imperaverit,
807 1946 854 1969 aut
869 1942 916 1977 qui
938 1950 1016 1970 soro-

230 1996 274 2015 res
299 1987 400 2015 habere
425 1988 452 2015 in
475 1988 650 2016 matrimonio
675 1988 842 2026 permiserit,
864 1991 911 2015 aut
927 1995 1018 2016 mares

229 2034 351 2063 maribus
366 2034 550 2062 commisceri.
566 2034 599 2062 Et
609 2034 674 2070 quid
688 2042 731 2067 me
751 2038 868 2070 Oportet,
883 2035 1019 2062 narratio--

229 2088 283 2109 nes
297 2088 313 2107 a
333 2081 438 2115 legibus
457 2084 484 2108 et
504 2081 578 2108 omni
595 2081 657 2116 jure
673 2082 778 2109 alienas
800 2081 834 2109 de
850 2081 884 2109 iis
898 2089 959 2116 qua:
973 2085 1019 2108 aut

229 2124 302 2160 apud
313 2124 432 2158 Graecos,
448 2129 495 2153 aut
506 2126 577 2164 apud
594 2126 727 2154 barbaros
741 2126 848 2158 ﬁerent,
862 2134 1017 2160 numerare,

230 2175 260 2200 ut
272 2174 399 2200 auctores
412 2171 474 2199 illos
486 2172 659 2199 oraculorum
676 2172 825 2205 mirabiles,
839 2173 910 2208 apud
926 2178 1017 2201 utros-

1067 931 1114 957 καὶ
1127 930 1278 966 θυγατράσι
1298 930 1442 966 μίγνυσθαι
1456 929 1648 965 νομοθετήσας,
1667 929 1683 964 ἢ
1698 931 1711 956 ὁ
1728 930 1790 956 κυσὶ
1801 937 1854 955 πα-

1069 976 1211 1012 ραϐάλλειν
1234 976 1297 1007 τοὺς
1316 976 1514 1012 γεγηρακότας,
1543 976 1580 1006 ὡς
1603 975 1713 1009 ἀγαθὸν,
1731 974 1853 1000 διατετα-

1066 1023 1175 1058 γμένος,
1194 1022 1210 1058 ἢ
1230 1024 1244 1049 ὁ
1263 1021 1409 1058 ἐπιτρέψας
1425 1021 1541 1056 ἀδελφὰς
1559 1023 1656 1056 γαμεῖν
1678 1021 1724 1047 καὶ
1737 1021 1854 1055 ἄρῤενας

1066 1069 1178 1104 ἄρρεσιν
1195 1069 1403 1104 ὲπιμίγνυσθαις
1416 1069 1470 1095 Καὶ
1486 1069 1512 1094 τί
1531 1077 1564 1103 με
1574 1067 1614 1094 δεῖ
1625 1067 1688 1099 τοὺς
1703 1066 1854 1102 ὲκθέσμους

1066 1115 1120 1143 τῶν
1139 1116 1204 1151 παρ’
1218 1115 1330 1150 Ἕλλησι
1349 1115 1395 1141 καὶ
1413 1115 1560 1151 βαρϐάροις
1577 1114 1671 1148 λόγους
1687 1114 1853 1149 ἀπαριθμεῖν

1066 1161 1106 1192 εἰς
1123 1160 1231 1196 ἔλεγχον
1241 1160 1288 1186 τοῦ
1307 1161 1343 1195 μὴ
1357 1160 1434 1192 θεοὺς
1447 1160 1597 1195 γεγονέναι,
1612 1160 1747 1196 πονηροὺς
1761 1159 1789 1186 δὲ
1806 1160 1856 1187 καὶ

1067 1206 1223 1242 ἀλιτηρίους
1249 1206 1390 1241 δαίμονας,
1413 1209 1476 1237 τοὺς
1497 1205 1669 1241 θαυμαστοὺς
1685 1205 1774 1233 αὐτῶν
1786 1213 1856 1242 χρη·

1069 1253 1209 1288 σμοδότας,
1227 1253 1274 1279 ἐπὶ
1299 1251 1334 1279 τὰ
1354 1252 1431 1288 παρὰ
1447 1252 1527 1287 φύσιν
1551 1253 1714 1288 ἀτοπήματα
1730 1253 1761 1279 τὸ
1779 1260 1856 1288 τρισ-

1067 1298 1158 1326 άθλιον
1174 1298 1227 1326 τῶν
1251 1298 1401 1334 ἀνθρώπων
1418 1298 1494 1333 γένος
1511 1297 1763 1334 καταϐεϐληκόταςς
1779 1298 1853 1326 ὁπότ’

1067 1343 1122 1370 οὐδ’
1143 1344 1168 1370 oi
1197 1345 1263 1380 παρ’
1284 1344 1395 1380 Ἕλλησι
1419 1343 1577 1379 βεϐοημὲνοι
1602 1342 1657 1369 θεοὶ
1680 1343 1727 1370 καὶ
1745 1343 1856 1378 μάντεις

1066 1390 1227 1427 ὀνησιφόρον
1243 1400 1269 1418 τι
1286 1392 1333 1418 καὶ
1346 1391 1483 1423 λυσιτελὲς
1498 1392 1538 1423 εἱς
1551 1391 1639 1426 ψυχῆς
1655 1390 1788 1424 ὠφέλειαν
1799 1391 1856 1421 τοῖς

1068 1436 1219 1472 χρωμένοις
1239 1437 1443 1464 ἀποδείκνυνται
1464 1438 1674 1473 παρεσχημένοι.
1691 1437 1723 1463 Τί
1740 1436 1795 1472 γὰρ
1807 1436 1855 1472 δή-

1068 1491 1134 1509 ποτε
1162 1475 1361 1516 καταλιπόντες
1380 1484 1475 1520 ἄνδρες
1492 1483 1621 1519 ’Έλληνες
1643 1483 1691 1519 τὴν
1717 1482 1745 1516 ἐξ
1766 1482 1856 1510 αὐτῶν

1068 1529 1211 1564 ὠφέλειαν,
1232 1531 1279 1557 ἐπὶ
1299 1531 1348 1566 τὴν
1368 1530 1503 1566 βάρϐαρον
1522 1530 1675 1556 ἐστέλλοντο
1694 1529 1755 1565 γῆν,
1770 1531 1857 1565 εμπο-

1071 1575 1131 1610 ρίαν
1153 1575 1322 1611 μαθημάτων
1339 1575 1437 1608 ἔξωθέν
1457 1575 1538 1602 ποθεν
1556 1574 1750 1610 ὲρανιζόμενοι,
1770 1573 1856 1610 παρὸν

1067 1621 1236 1654 διδασκάλοις
1248 1623 1305 1654 τοῖς
1316 1622 1386 1654 θεοῖς
1402 1621 1534 1658 χρῆσθαι;
1549 1621 1623 1648 Θεῶν
1640 1621 1694 1657 γὰρ
1711 1621 1727 1656 ἢ
1741 1621 1788 1647 καὶ
1797 1620 1855 1646 δαι-

1069 1668 1156 1704 μόνων
1169 1668 1277 1703 ἀγαθῶν
1294 1669 1526 1705 χρηματιζόντων,
1540 1669 1587 1694 καὶ
1603 1667 1667 1694 τοτὲ
1686 1667 1735 1702 μὲν
1747 1666 1790 1692 διὰ
1806 1666 1856 1701 τῆς

1068 1715 1248 1753 προγνώσεως
1267 1716 1313 1743 καὶ
1332 1715 1382 1750 τῆς
1406 1714 1488 1750 ἀλλης
1507 1713 1733 1749 παραδοξοποιίας
1750 1712 1799 1749 τὴν
1816 1712 1856 1739 οἱ-

1067 1764 1144 1790 κείαν
1161 1762 1274 1797 δύναμιν
1294 1761 1529 1796 παραφαινόντων,
1547 1760 1608 1786 τοτὲ
1620 1760 1647 1786 δὲ
1657 1759 1702 1786 διὰ
1717 1760 1767 1795 τῆς
1778 1759 1856 1787 ἀδια-

1068 1808 1172 1836 πτώτου
1189 1807 1243 1834 τῶν
1263 1807 1430 1843 μαθημάτων
1451 1805 1578 1842 ἀληθείας
1593 1805 1642 1840 τὴν
1655 1804 1740 1840 ἀληθῆ
1759 1805 1856 1839 σοφίαν

1067 1853 1289 1885 ἐκδιδασκόντων,
1307 1852 1333 1879 τί
1350 1853 1407 1878 ποτ’
1421 1849 1455 1887 ἦν
1472 1852 1525 1887 ἄρα
1537 1851 1568 1877 τὸ
1589 1850 1625 1886 μὴ
1642 1850 1745 1882 τούτοις
1766 1849 1855 1886 μαθη-

1066 1900 1195 1935 τευθῆναι
1214 1899 1366 1934 φιλοσόφων
1382 1898 1488 1930 παῖδας,
1507 1897 1593 1924 ἄλλων
1611 1897 1640 1923 δὲ
1660 1897 1707 1923 ἀπ’
1718 1896 1797 1923 ἄλλου
1811 1896 1855 1922 δο-

1068 1945 1179 1980 γμάτων
1196 1945 1275 1972 τινῶν
1289 1944 1408 1975 ἐπινοίας
1421 1943 1615 1979 ποριζομένων,
1633 1944 1664 1969 ἐκ
1681 1943 1730 1978 τῆς
1748 1942 1856 1978 μακρᾶς

1068 1990 1215 2025 διαφωνίας
1238 1990 1363 2022 ποικίλας
1386 1989 1506 2024 αἱρέσεις
1529 1989 1680 2024 φιλοσόφων
1705 1988 1856 2023 συστῆναι;

1075 2035 1144 2062 Ἀλλ’
1167 2037 1191 2062 εἰ
1212 2035 1249 2071 μὴ
1270 2037 1413 2074 προσεῖχον
1426 2035 1518 2066 αὐτοῖς
1533 2035 1558 2061 οἱ
1573 2034 1664 2063 πολλοὶ
1681 2034 1735 2060 τῶν
1753 2033 1858 2070 ἀνθρώ-

1070 2090 1137 2114 πων,
1153 2082 1215 2113 τοὺς
1228 2081 1350 2113 εὐσεϐεῖς
1366 2079 1443 2108 δὀὖν
1456 2081 1503 2107 καὶ
1525 2079 1595 2111 θεοῖς
1610 2080 1771 2116 προσιόντας
1788 2080 1857 2116 χρῆν

1068 2127 1155 2163 δήπου
1171 2127 1202 2153 τὸ
1218 2127 1384 2153 ἀδιάπτωτον
1403 2127 1435 2153 ὲκ
1450 2127 1500 2162 τῆς
1512 2126 1565 2152 τῶν
1577 2125 1645 2152 θεῶν
1658 2125 1793 2160 ὠφελείας
1807 2133 1856 2152 πε-

1069 2173 1207 2209 πορίσθαι.
1227 2172 1305 2203 Τίνες
1323 2170 1369 2198 οὖν
1386 2168 1475 2204 οὗτοι;
1498 2170 1544 2202 οὓς
1557 2170 1611 2206 γὰρ
1623 2170 1655 2197 ἂν
1671 2171 1733 2205 φῇς,
1746 2170 1857 2201 τούτους

231 2223 284 2250 quc
307 2223 363 2244 non
382 2216 459 2249 deos,
485 2217 532 2244 sed
548 2224 646 2252 pravos
662 2225 694 2244 ac
714 2217 861 2246 sceleratos
881 2218 1016 2246 daemones

1071 2219 1249 2254 ἀπελέγχουσι
1272 2217 1463 2253 πλανωμένους
1483 2217 1508 2242 οἱ
1534 2216 1757 2250 ἀντιδοξάζοντες.
1778 2215 1859 2242 Ἀλλά

231 2262 316 2290 fuisse
327 2262 532 2290 demonstrem?
545 2263 646 2300 quippe
654 2264 700 2299 qui
712 2263 931 2293 infelicissimum
947 2273 1020 2292 mor-

230 2307 325 2339 talium
342 2315 439 2347 genus,
457 2308 484 2335 in
499 2308 684 2337 absurditates
704 2309 738 2336 ab
751 2310 825 2337 omni
845 2314 942 2337 natura
954 2311 1020 2338 alie-

231 2360 281 2383 nas
296 2353 463 2388 conjecerint
477 2354 604 2390 :quando
620 2363 653 2382 ne
670 2355 707 2382 dii
720 2355 829 2391 quidem
845 2355 883 2383 illi
896 2360 922 2383 et
933 2360 1023 2391 vates,»

230 2399 276 2433 qui
293 2399 366 2434 apud
380 2399 490 2428 Graacos
509 2400 577 2427 fama
603 2401 786 2435 celebrantur,
803 2407 833 2430 ut
848 2402 1020 2431 conducibile

230 2445 377 2480 quidquam
393 2451 420 2474 et
433 2455 484 2475 suo
498 2447 584 2482 pretio
595 2448 797 2482 aestimandum,
811 2449 845 2476 ad
856 2450 952 2477 animm
966 2450 1019 2477 uti-

231 2491 335 2519 litatem
353 2492 387 2520 iis
411 2493 585 2527 tradiderint,
601 2494 648 2529 qui
663 2494 697 2521 ad
719 2495 830 2522 oracula
846 2495 1017 2528 accederent,

230 2536 413 2565 demonstrari
429 2540 555 2573 possint?
569 2539 625 2567 Cur
641 2541 714 2573 enim
729 2549 847 2576 unquam
868 2541 956 2569 Graeci
969 2542 1019 2569 ho-

232 2583 330 2616 mines,
345 2584 439 2612 relicto
451 2585 560 2613 illorum
583 2595 646 2619 usu,
666 2587 809 2614 barbaram
826 2591 927 2615 terram
943 2592 1019 2623 pete-

231 2637 260 2657 re
279 2629 354 2657 soliti
377 2633 458 2663 sunt,
484 2635 514 2658 ut
536 2637 718 2660 mercatorum
739 2634 842 2666 instar,
860 2634 1024 2669 disciplinas.

231 2675 406 2703 extrinsecus
424 2676 533 2704 aliunde
547 2679 750 2714 conquirerent,
769 2687 830 2707 cum
849 2680 876 2706 in
896 2680 1020 2714 proximo

231 2725 328 2749 «ssent
354 2721 391 2748 dii
415 2723 515 2757 quibus
536 2724 675 2759 magistris
705 2726 868 2753 uterentur?
896 2725 923 2752 Si
948 2725 1018 2752 enim

231 2766 266 2792 dii
298 2770 345 2794 aut
368 2768 447 2795 etiam
483 2770 547 2796 boni
577 2771 715 2799 daemones
743 2771 971 2807 respondissent,
994 2776 1020 2798 et

232 2811 302 2839 alias
311 2812 419 2846 quidem
432 2814 645 2844 divinationibus
657 2818 772 2852 aliisque
784 2818 924 2846 miraculis
931 2821 1021 2845 osten-

271 2859 307 2894 (1)
331 2859 409 2887 Οὐδ’.
430 2859 510 2889 Forte
527 2863 586 2888 οὐκ.
603 2862 680 2890 Enn.

1071 2265 1135 2300 γὰρ,
1149 2264 1187 2297 ὡς
1204 2264 1286 2296 ἔοικε,
1301 2264 1436 2299 δαιμόνων
1449 2261 1483 2299 ἦν
1503 2262 1626 2298 μαντεία,
1645 2263 1724 2298 μέχρι
1741 2262 1858 2289 κλέπτου

1072 2311 1177 2347 φωρᾶς,
1192 2311 1208 2346 ἢ
1232 2310 1346 2342 σκεύους
1358 2309 1504 2341 ἀπωλείας,
1530 2310 1547 2345 ἧ
1559 2317 1631 2341 τινος
1644 2308 1722 2336 ἄλλου
1738 2308 1858 2334 τοιούτου

1071 2357 1215 2391 φθάνοντα,
1227 2353 1268 2385 ὦν,
1279 2356 1329 2383 οὐκ
1346 2356 1457 2387 ἀπεικὸς
1472 2353 1506 2390 ἦν
1517 2355 1624 2387 αὐτοὺς,
1640 2355 1668 2382 ὲν
1684 2354 1722 2389 τῷ
1735 2354 1798 2389 περὶ
1807 2354 1858 2388 γῆν

1071 2402 1132 2438 ἀέρι
1148 2402 1198 2434 τὰς
1213 2401 1353 2437 διατριϐὰς
1367 2401 1554 2436 ποιουμένους,
1571 2400 1620 2436 τὴν
1631 2400 1732 2437 εἴδησιν
1743 2399 1859 2434 ἐσχηκέ-

1071 2458 1130 2476 ναι·
1152 2447 1233 2475 καλοῦ
1249 2448 1278 2474 δὲ
1303 2449 1349 2475 καὶ
1373 2447 1453 2482 σοφοῦ
1477 2446 1589 2482 μηδενὸς
1615 2446 1764 2481 ἐπηϐόλους
1790 2443 1859 2471 εἶναι

1070 2495 1203 2530 δόγματος
1227 2494 1381 2529 φιλοσόφου,
1411 2493 1448 2528 μὴ
1463 2492 1609 2525 πολιτείας,
1633 2492 1669 2527 μὴ
1686 2491 1766 2527 νόμον
1787 2490 1859 2526 ὀρθῷ

1070 2541 1141 2576 λόγῳ
1151 2540 1277 2576 κειμένου
1287 2549 1293 2555 ·
1307 2539 1406 2575 μᾶλλον
1419 2539 1458 2572 δὲ,
1469 2539 1492 2565 εἰ
1506 2538 1558 2575 χρὴ
1573 2537 1701 2573 ἐλευθέρᾳ
1717 2538 1792 2572 φωνῇ
1807 2537 1857 2563 τὰ·

1071 2587 1150 2624 ληθὲς
1168 2588 1264 2619 εἰπεῖν,
1283 2587 1393 2619 τούτους
1409 2586 1530 2617 ἅπαντας
1542 2584 1713 2621 ἀρχεκάκους
1731 2583 1855 2620 ἡγεῖσθαι

1071 2634 1138 2670 χρῆν
1149 2633 1304 2668 γεγονέναι·
1316 2633 1340 2663 οἱ
1357 2632 1389 2668 δὴ
1404 2632 1468 2667 περὶ
1480 2630 1553 2666 σφῶν
1568 2631 1665 2662 αὐτῶν,
1680 2629 1800 2665 μοιχείας
1811 2629 1860 2656 καὶ

1071 2678 1270 2715 ἀῤῥενομιξίας,
1300 2677 1490 2713 μητρογαμίας
1515 2684 1555 2707 τε,
1578 2675 1625 2701 καὶ
1645 2674 1765 2708 ἀδελφῶν
1780 2673 1860 2699 ἐκθέ-

1072 2735 1156 2762 σμους
1172 2724 1322 2757 κοινωνίας,
1335 2723 1382 2750 καὶ
1395 2722 1493 2758 μυρίας
1503 2721 1583 2758 ᾇλλας
1597 2721 1752 2756 θεομαχίας,
1761 2719 1861 2754 ἔχθρας

1071 2782 1100 2799 τε
1129 2773 1174 2799 καὶ
1202 2771 1335 2809 πολέμους
1364 2770 1432 2797 θεῶν
1457 2769 1525 2805 πρὸς
1550 2767 1637 2799 θεοὺς,
1659 2766 1809 2802 ἀνθρώπων
1829 2774 1860 2791 τε

1071 2819 1153 2855 ᾠδαῖς
1179 2819 1224 2845 καὶ
1250 2817 1344 2853 ὕμνοις
1366 2817 1412 2843 καὶ
1433 2816 1590 2851 διηγήμασι,
1611 2813 1765 2850 μυστηρίων
1783 2820 1812 2838 τε
1831 2813 1861 2849 ἐν
