2084 3216
222 203 272 231 561

656 199 981 229 DEMONSTRATIONIS
999 198 1226 227 EV'ANGELICE
1246 199 1308 227 LIB.
1327 199 1361 228 ν.

1783 203 1836 230 349.

219 263 383 298 ἀπορρήτοις
411 262 528 294 τελεταῖς
554 263 684 297 λεγόντων
711 261 888 298 ἀκροώμενοι.
910 262 998 294 Οὐδεὶς

1053 262 1158 289 dissent
1178 262 1231 288 vim
1251 269 1343 295 suam,
1365 260 1432 288 alias
1449 268 1514 289 vero
1527 269 1560 289 ex
1577 262 1714 290 constanti
1739 265 1766 289 ct
1788 271 1837 290 ne-

217 307 282 342 γοῦν
299 308 388 334 αὐτῶν
401 307 508 334 πώποτε
522 309 566 334 ἐπὶ
580 309 635 339 τοῖς
650 308 813 343 εἰρημένοις,
830 307 867 338 ὡς
880 307 922 333 ἐπ’
937 308 999 333 ἀκο-

217 354 335 385 λάστοις,
362 355 408 380 καὶ
435 354 501 389 μηδὲ
526 354 661 390 σώφροσιν
685 353 836 389 ἀνθρώποις
852 352 999 388 ἁρμόζουσι

218 399 325 434 φρονεῖν
342 399 358 434 ἢ
374 398 462 432 λέγειν
478 398 512 425 τὰ
524 398 646 430 τοιαῦτα,
662 399 852 433 ἀγανακτήσας
866 398 996 432 φαίνεται.

217 445 272 472 Καὶ
287 445 313 471 τί
327 453 360 480 με
374 445 428 480 χρὴ
441 445 627 477 διατείνεσθαι,
646 446 731 480 παρὸν
744 445 773 477 ἐξ
785 445 845 476 ἐνὸς
861 444 907 471 τοῦ
923 445 999 480 μεγί-

219 498 280 516 στου
295 490 512 525 παραδείγματος
533 491 563 517 τὸ
587 491 658 526 ὠμὸν
677 491 723 517 καὶ
741 490 931 526 ἀπάνθρωπον,
953 490 999 516 καὶ

218 535 255 566 ὡς
265 535 371 571 ἀληθῶς
386 536 547 572 μιαρὸν-τῶν
563 536 732 572 δηλουμένων
746 538 874 572 συνορᾷν;
888 536 958 570 λέγω
970 536 997 562 δὲ

217 581 249 606 ἐκ
273 580 322 615 τῆς
343 581 573 616 ἀνθρωποθυσίας.
601 582 637 608 Τὸ
663 581 716 617 γὰρ
738 582 774 617 μὴ
799 582 877 617 μόνον
895 582 997 616 ἀλόγων

216 625 293 658 ζώων
321 628 438 660 σφαγαῖς
465 627 579 662 χαίρειν,
606 626 673 653 ἀλλά
698 628 744 653 καὶ
774 627 923 662 ἀνθρώπων
946 628 998 654 ἀπ-

215 671 332 704 ωλείαις,
340 671 416 703 ποίας
422 672 561 708 ὠμότητος
569 673 719 708 ὑπερϐολὴν
731 673 779 708 οὐχ
786 673 996 708 ὐπερηκόντισε;

213 718 300 744 ταῦτα
321 718 375 754 γὰρ
395 717 440 754 ἦν,
454 719 491 750 ὡς
507 718 584 754 ἔφην,
596 719 630 745 τὰ
647 719 690 746 διὰ
708 719 756 754 τῆς
770 719 997 754 πφπαρασκευῆς

214 763 244 796 ἐξ
254 763 340 789 αὐτῶν
356 763 410 790 τῶν
429 762 590 798 Ἑλληνικῶν
604 762 753 797 φιλοσόφων
769 771 797 788 τε
813 763 859 789 καὶ
877 770 996 797 συγγρα-

214 806 287 840 φέων
307 807 537 842 μεμαρτυρημένα
548 816 554 822 ’
572 806 602 839 ὲξ
619 803 656 834 ὧν
674 808 720 833 καὶ
740 807 855 842 μάλιστα
872 807 996 843 δαίμονες

212 853 289 884 ὄντες
302 854 413 889 πονηροὶ
437 853 612 886 πολυπλόκως
634 855 775 889 μηχαναῖς,
794 854 853 880 τοτὲ
873 854 920 889 μὲν
936 855 996 886 ταῖς

212 898 259 925 διὰ
276 899 418 934 μαντειῶν,
434 900 495 926 τοτὲ
507 900 535 926 δὲ
548 901 607 931 ταῖς
619 900 651 926 δι’
661 900 762 926 οἰωνῶν
777 900 793 936 ἦ
813 900 963 935 συμϐόλων,
978 901 994 936 ἢ

214 944 351 979 θυμάτων,
369 945 385 980 ἢ
410 945 464 972 τῶν
491 945 698 981 παραπλησίων,
713 946 742 972 τὸ
758 944 924 980 ἀνθρώπειον
940 946 998 972 δια·
1013 937 1033 964 Β

214 990 374 1026 στρέφοντες
387 991 464 1026 γένος
479 992 638 1018 δείκνυνται.
655 993 753 1027 Διόπερ
769 992 936 1026 ἀποφαντέον
954 992 998 1018 αὑ-

211 1035 268 1062 τῶν
284 1036 317 1062 τά
337 1037 489 1072 χρηστήρια
519 1038 555 1072 μὴ
577 1036 624 1063 τοῦ
651 1037 696 1062 ἐπὶ
720 1036 827 1063 πάντων
855 1036 996 1070 γεγονέναι

212 1081 291 1108 Θεοῦ.
323 1081 425 1108 Οὐκοῦν
455 1082 515 1108 οὐδὲ
539 1082 692 1118 συγκρίνειν
709 1082 779 1108 αὐτὰ
792 1083 846 1113 τοῖς
865 1082 996 1118 Ἐϐραίων

212 1127 364 1163 προφήταις
380 1127 487 1163 θεμιτὸν
510 1128 542 1155 ἂν
560 1128 613 1163 εἴη,
627 1125 663 1154 ὧν
679 1129 693 1154 ὁ
713 1128 819 1164 πρῶτος
836 1128 996 1162 ἱεροφάντης

211 1173 259 1200 καὶ
273 1173 395 1207 θεολόγος
411 1174 528 1209 γεγονὼς
544 1174 654 1210 Μωσῆς,
676 1174 723 1201 θέα
745 1174 814 1200 ὅσων
832 1173 941 1207 ἀγαθῶν
955 1174 994 1209 τῷ

211 1218 263 1255 βίῳ
278 1219 419 1254 παραίτιος
431 1220 560 1254 κατέστη.

1054 309 1170 336 cessaria
1193 308 1398 342 disciplinarum
1414 307 1537 337 veritate.
1563 315 1656 336 veram
1678 308 1835 336 docuissent

1053 354 1229 388 sapientiam,
1255 353 1319 388 quid
1344 351 1452 379 tandem
1475 353 1668 388 impedimento
1689 353 1785 380 fuisset
1803 362 1835 380 ne

1053 400 1086 426 ab
1110 399 1163 427 illis
1183 399 1406 434 philosophorum
1429 398 1475 426 filii
1499 399 1723 430 institueremur,
1748 403 1776 426 ut
1798 399 1834 426 ita

1052 445 1106 472 illis
1130 445 1278 475 institutis.
1301 452 1434 480 nusquam
1454 444 1513 472 alia:
1537 445 1571 471 ab
1590 445 1650 473 aliis
1671 438 1833 480 opiniOnes,

1052 489 1110 517 aliae
1135 491 1292 519 sententiae,
1314 490 1367 516 alia
1394 489 1503 518 decreta
1533 489 1725 521 traderentur,
1747 497 1836 524 neque

1052 543 1115 562 vero
1134 543 1168 563 ex
1196 536 1275 570 longa
1299 535 1474 567 diversitate,
1501 535 1583 562 varire
1610 535 1834 570 philosophorum

1051 586 1133 609 secta:
1156 581 1353 608 nascerentur?
1376 581 1452 614 Quod
1480 581 1502 608 si
1526 581 1586 608 illos
1611 581 1751 615 popularis
1777 585 1836 608 tur-

1051 627 1086 654 ba
1107 635 1159 654 non
1181 627 1356 658 attendebat,
1384 631 1411 653 at
1439 627 1535 654 saltem
1567 626 1620 661 piis
1648 627 1836 662 religiosisque

1051 670 1216 703 hominibus,
1234 671 1279 705 qui
1291 670 1352 698 illos
1364 670 1548 702 consulerent,
1560 674 1730 697 constantem
1743 678 1836 706 quam-

1050 717 1112 744 dam
1127 716 1294 749 doctrinam,
1311 716 1441 744 beneiicio
1456 716 1563 742 illorum
1580 716 1746 751 suppeditari
1757 725 1836 752 opor-

1050 762 1132 789 tebat.
1148 762 1229 797 206
1243 761 1294 789 Sed
1309 763 1354 797 qui
1372 767 1436 790 sunt
1446 762 1471 788 hi
1484 761 1611 789 tandem?
1623 769 1684 789 nam
1698 770 1837 797 quoscun-

1049 815 1102 844 que
1116 808 1220 835 dixeris
1239 808 1317 840 tales,
1335 816 1382 835 eos
1400 812 1430 835 ut
1447 813 1571 836 errantes
1590 809 1757 844 redarguunt
1771 809 1834 845 qui-

1049 861 1156 889 cunque
1171 854 1278 881 diversa
1296 859 1343 882 aut
1357 855 1495 882 contraria
1510 854 1640 882 sentiunt.
1657 855 1790 883 Caeterum
1805 860 1836 883 ut

1049 907 1098 934 par
1122 903 1174 931 est,
1198 899 1349 927 daemonum
1372 904 1451 928 erant
1474 901 1601 934 oracula,
1618 909 1678 936 quas
1693 909 1779 937 usque
1800 901 1834 928 ad

1049 945 1117 972 furis
1147 945 1378 979 compilationem,
1408 951 1455 973 aut
1478 946 1654 981 supellectilis
1681 947 1833 980 interitum,

1049 995 1095 1017 ant
1116 990 1188 1018 aliud
1205 990 1343 1025 quidpiam
1358 991 1479 1026 ejusdem
1495 992 1602 1027 generis
1617 993 1672 1019 vim
1688 1001 1764 1020 suam
1776 1000 1836 1028 por-

1048 1037 1177 1071 rigerent,
1193 1044 1309 1071 quarum
1324 1045 1390 1065 sane
1409 1045 1500 1065 rerum
1519 1038 1589 1065 haud
1614 1039 1773 1067 incredibile
1794 1044 1836 1067 est

1049 1082 1119 1112 illos.
1139 1085 1231 1117 utpote
1247 1083 1294 1116 qui
1320 1083 1347 1110 in
1365 1083 1416 1110 hoc
1429 1091 1490 1111 aere
1506 1084 1550 1118 qui
1568 1088 1667 1112 terram
1681 1086 1775 1116 ambit,
1788 1093 1836 1112 va-

1048 1128 1106 1162 gari
1123 1127 1324 1161 consueverint,
1340 1128 1467 1157 habuisse
1484 1131 1640 1162 scientiam;
1655 1130 1776 1158 honesta:
1786 1138 1835 1158 au—

1046 1177 1100 1200 tem
1116 1178 1214 1201 etcum
1233 1174 1365 1209 sapientia
1384 1175 1537 1209 conjunctae
1548 1175 1597 1207 rei,
1612 1176 1669 1203 sive
1694 1177 1836 1204 sententiae

1047 1223 1128 1254 atque
1148 1220 1216 1247 artis
1240 1219 1397 1248 inventores
1414 1221 1509 1251 fuisse,
1534 1229 1673 1256 nunquam
1690 1222 1833 1255 ostendes;

211 1275 266 1295 non
283 1268 447 1302 reipublicae,
464 1275 519 1294 non
540 1268 606 1300 legis
624 1272 724 1294 arecta
754 1267 857 1294 ratione
889 1266 1026 1302 proiectae,
1043 1275 1098 1294 non
1128 1266 1245 1294 instituti
1273 1267 1424 1302 cujuspiam
1450 1268 1595 1296 laudabilis
1614 1290 1621 1301 ,
1651 1269 1705 1296 imo
1720 1277 1784 1296 vero
1811 1270 1834 1297 si

210 1314 351 1348 aliquanto
379 1313 492 1341 liberius
521 1313 610 1341 dicere
632 1317 759 1349 oportet,
787 1313 847 1340 illos
873 1313 994 1340 omnium
1014 1313 1146 1339 malarum
1170 1318 1295 1341 auctores
1317 1318 1343 1341 et
1374 1315 1511 1349 principes
1543 1314 1679 1341 exstitisse
1699 1315 1834 1342 aﬂirmare

210 1367 324 1388 necesse
353 1365 394 1388 est
428 1370 436 1387 :
466 1360 514 1395 qui
530 1360 563 1387 de
585 1359 682 1395 seipsis
704 1360 855 1392 adulteria,
875 1363 902 1387 et
921 1359 1073 1393 impudicos
1103 1360 1219 1387 marium
1246 1360 1369 1393 abusus,
1394 1353 1508 1388 etcum
1532 1361 1665 1388 matribus
1703 1366 1730 1388 et
1756 1370 1834 1389 soro-

210 1409 288 1436 ribus
310 1408 437 1443 nuptias,
465 1407 681 1442 concubitusque
700 1406 839 1439 nefarios,
871 1410 899 1434 et
929 1406 982 1432 alia
1007 1406 1215 1434 innumerabilia
1232 1415 1291 1442 qua:
1307 1407 1420 1434 deorum
1441 1412 1546 1435 natura:
1571 1409 1760 1440 adversantur,
1779 1409 1832 1436 ini-

210 1454 386 1489 micitiasque
399 1457 426 1482 et
436 1453 505 1481 bella
515 1452 628 1480 deorum
652 1452 784 1479 adversus
802 1451 878 1484 deos,
896 1451 924 1478 in
948 1451 1069 1486 ipsorum
1098 1451 1238 1479 hominum
1269 1453 1383 1481 canticis
1410 1457 1492 1489 atque
1507 1453 1614 1489 hymnis
1629 1459 1656 1481 et
1674 1455 1833 1482 narrationi'

210 1503 264 1532 bus
276 1506 304 1531 et
318 1510 460 1531 sacrorum
475 1502 584 1530 arcanis
599 1501 708 1534 ritibus,
726 1501 791 1529 ferri
813 1509 868 1529 non
881 1504 1050 1532 recusarent,
1070 1507 1102 1527 ac
1122 1501 1212 1536 potius
1228 1502 1407 1530 libentissime
1428 1502 1563 1530 audirent.
1589 1502 1670 1530 Certe
1694 1511 1833 1538 nunquam

209 1557 306 1578 eorum
325 1550 470 1586 quisquam
496 1557 526 1577 se
551 1553 645 1577 contra
669 1549 793 1576 homines
816 1548 1000 1584 indignatione
1015 1552 1169 1583 correptum
1187 1549 1318 1581 ostendit,
1335 1549 1407 1584 quod
1424 1549 1515 1584 qualia
1537 1549 1609 1576 dicta
1625 1557 1638 1575 a
1656 1549 1735 1577 nobis
1758 1554 1832 1582 sunt,

210 1597 278 1625 talia
294 1597 360 1632 ipsis
375 1601 421 1625 aut
439 1597 594 1633 cogitando,
624 1601 672 1624 aut
693 1596 808 1624 dicendo
823 1596 902 1631 quasi
931 1595 1053 1631 nequitia
1079 1596 1169 1630 plena,
1199 1605 1288 1632 neque
1320 1597 1374 1623 ulla
1394 1596 1526 1624 modestia
1548 1595 1647 1624 referta
1670 1597 1832 1624 tribuerunt.

210 1644 246 1672 Et
261 1645 326 1680 quid
342 1652 386 1673 me
400 1648 507 1680 oportet
520 1645 644 1672 oratione
660 1644 786 1680 progredi
797 1644 924 1680 longius?
950 1651 1012 1670 cum
1029 1643 1109 1678 plane
1134 1643 1168 1672 de
1184 1652 1239 1672 uno
1255 1645 1376 1672 omnium
1395 1644 1580 1679 exemplorum
1609 1644 1739 1676 maximo,
1754 1645 1832 1672 liceat

209 1693 239 1718 et
256 1690 445 1718 crudelitatem
463 1694 491 1718 et
503 1689 699 1718 immanitatem
721 1693 748 1716 et
769 1692 868 1717 tetrum
899 1696 930 1716 re
957 1697 1021 1717 vera
1038 1690 1192 1718 institutum
1218 1689 1326 1716 illorum
1348 1689 1464 1717 intueri?
1481 1689 1543 1717 dico
1557 1692 1648 1716 autem
1660 1689 1694 1717 de
1710 1695 1835 1718 mactan-

210 1737 310 1764 dorutn
322 1736 462 1765 hominum
492 1738 557 1764 ritu.
581 1736 660 1769 Quod
687 1736 760 1764 enim
786 1744 841 1763 non
867 1736 954 1763 solum
982 1737 1125 1765 brutorum
1153 1736 1313 1764 animalium
1349 1735 1491 1764 sacriﬁciis
1523 1736 1693 1771 gauderent,
1736 1743 1831 1763 verum

210 1783 294 1810 etiam
309 1782 449 1812 hominum
474 1784 595 1819 ipsorum
621 1783 741 1815 interitu,
758 1782 838 1818 cujus
866 1783 974 1810 tandem
1004 1784 1173 1812 crudelitatis
1203 1790 1345 1811 excessum
1376 1790 1429 1810 non
1454 1782 1650 1817 superaverit?
1677 1780 1739 1809 Hazc
1761 1782 1835 1809 enim

209 1832 301 1862 erant,
319 1833 352 1856 ut
366 1829 433 1862 dixi,
450 1837 510 1865 qua!
530 1829 558 1857 in
582 1830 779 1865 praeparatione
809 1833 836 1857 et
856 1829 1010 1864 philosophi
1029 1834 1055 1857 et
1083 1829 1205 1859 historici
1234 1829 1304 1864 apud
1322 1827 1430 1856 Graecos
1447 1829 1585 1856 memoriae
1602 1829 1769 1864 prodiderint
1782 1838 1789 1855 :
1802 1836 1836 1856 ex

210 1876 314 1912 quibus
331 1878 448 1905 maxime
471 1885 552 1913 quam
579 1877 726 1912 perniciosi
755 1877 809 1904 sint
838 1877 994 1910 daemones,
1014 1885 1150 1912 quamque
1174 1876 1370 1912 multiplicibus
1392 1875 1536 1908 machinis,
1563 1876 1644 1903 modo
1653 1876 1761 1911 quidem
1773 1884 1836 1903 ora-

210 1924 315 1957 culum,
334 1925 414 1952 modo
430 1933 495 1953 vero
506 1926 702 1961 auspiciorum,
718 1929 764 1952 aut
781 1926 931 1961 signorum,
949 1929 996 1953 aut
1012 1926 1180 1957 hostiarum,
1201 1929 1247 1952 aut
1263 1925 1378 1952 aliorum
1400 1924 1539 1957 similium,
1562 1924 1702 1952 hominum
1726 1932 1836 1960 perver-

211 1975 275 1998 tant
305 1976 386 2007 atque
416 1973 555 2008 implicent
584 1981 690 2009 genus,
729 1973 996 2001 demonstrabantur.
1016 1973 1106 2006 Quare
1130 1973 1336 2005 atlirmandum,
1362 1972 1471 2000 illorum
1498 1972 1637 2000 oraculum
1664 1979 1834 2008 nequaquam

210 2024 369 2053 supremum
385 2018 469 2047 Deum
484 2023 621 2047 auctorem
636 2019 776 2048 habuisse.
793 2020 886 2056 Neque
912 2021 994 2056 igitur
1011 2021 1056 2048 illa
1087 2021 1225 2056 prophetis
1255 2019 1429 2048 Hebraeorum
1461 2027 1620 2054 comparare
1636 2019 1676 2047 fas
1694 2023 1747 2052 est,
1767 2028 1836 2055 quo-

210 2073 274 2093 rum
297 2067 402 2101 primus
426 2067 548 2100 initiator
569 2075 601 2095 ac
620 2067 764 2104 theologus
791 2069 895 2096 exstitit
927 2068 1024 2096 Moses.
1045 2068 1109 2102 Qui.
1126 2068 1235 2104 quidem
1261 2071 1426 2103 quantorum
1450 2067 1625 2102 qualiumque
1647 2066 1780 2094 bonorum
1808 2067 1835 2093 in

211 2114 268 2141 vita
281 2118 376 2142 auctor
387 2113 478 2147 fuerit,
488 2115 544 2150 jam
557 2115 621 2142 hinc
633 2114 711 2143 facile
721 2116 899 2150 contemplari
914 2120 1000 2151 potes.

247 2170 359 2206 Πρῶτον
367 2172 416 2206 μὲν
425 2171 566 2212 δογμάτων
574 2172 756 2207 εὐαγγελικῶν
764 2173 811 2200 καὶ
819 2173 925 2208 ἀληθῶν
934 2175 997 2210 περὶ

1083 2174 1162 2209 207
1170 2174 1290 2202 Primum
1300 2174 1459 2207 sententias,
1467 2173 1662 2209 opinionesque
1667 2172 1835 2207 evangelicae

210 2215 259 2243 τοῦ
273 2216 385 2251 ποιητοῦ
399 2218 446 2243 καὶ
455 2217 619 2254 δημιουργοῦ
634 2218 686 2245 τῶν
701 2219 827 2246 ἁπάντων
842 2219 920 2252 Θεοῦ,
933 2220 996 2256 περί

209 2269 242 2288 τε
254 2261 302 2287 τοῦ
315 2261 441 2297 δευτέρου
459 2263 545 2289 αἰτίου
567 2263 621 2289 τῶν
648 2264 706 2301 μετ’
724 2265 804 2291 αὑτὸν
819 2264 934 2299 λογικῶν
950 2265 998 2292 καὶ

211 2306 314 2342 νοερῶν
327 2307 434 2339 οὐσιῶν,
451 2308 514 2343 περί
530 2316 560 2334 τε
575 2309 753 2343 κοσμογονίας
766 2310 812 2336 καὶ
825 2310 998 2345 ἀνθρωπογο-

212 2353 273 2384 νίας
287 2352 396 2388 Γραφὴν
419 2352 494 2388 ἱερὰν
516 2353 657 2386 ἐξέδωκεν,
682 2353 722 2380 ἐτι
737 2363 767 2380 τε
793 2354 845 2382 τῶν
865 2354 997 2381 θεοσεὸὦν

214 2398 334 2434 ἱστορίας
347 2399 401 2425 τῶν
416 2399 499 2426 πάλαι
513 2399 642 2433 θεοφιλῶν
662 2399 805 2436 Ἐϐραίων,
819 2400 911 2436 ὥσπερ
923 2400 998 2432 τινὰς

212 2445 318 2480 ἀρετῶν
343 2445 449 2477 είκόνας
481 2445 744 2480 ὑποτυπωσαμενος,
767 2447 807 2478 εἰς
837 2445 917 2481 ζῆλον
944 2446 998 2473 τῶν

211 2489 324 2524 ἀγαθῶν
337 2490 441 2526 ἀνδρῶν
453 2491 516 2522 τοὺς
529 2491 666 2526 ὑπηκόους
682 2491 824 2526 ἀνεκίνησε
834 2500 840 2506 ·
857 2492 904 2518 καὶ
918 2499 998 2527 νομο-

212 2535 307 2567 θεσίας
332 2536 424 2562 ἐνθέου
439 2536 486 2563 καὶ
508 2536 675 2572 καταλλήλου
691 2539 746 2568 τοῖς
773 2537 833 2563 τότε
849 2537 998 2572 χρωμένοις

212 2582 302 2616 φωτὸς
326 2582 466 2618 ἀπήρξατο
491 2583 593 2617 λόγων·
616 2585 667 2611 καί¹
684 2583 831 2619 θρησκείας
856 2583 999 2615 θεοσεϐοῦς

213 2625 335 2660 πέφηνεν
359 2626 540 2660 εἰσαγωγεύς·
562 2628 609 2654 καὶ
635 2628 680 2654 ἐπὶ
707 2629 775 2654 πᾶσι
800 2627 853 2654 τῶν
885 2629 999 2664 μακροῖς

213 2669 328 2706 ὕστερον
346 2672 452 2706 χρόνοις
468 2671 575 2699 ἔσεσθαι
599 2673 747 2708 μελλόντων
767 2673 817 2705 τὰς
833 2673 999 2709 προρρήσεις

212 2717 438 2753 ἀναπεφώνηκεν,
448 2719 486 2750 ὡς
501 2720 596 2755 μικρὸν
610 2719 720 2755 ὕστερον
737 2721 997 2757 μνημονευθήσεται.

214 2763 271 2790 Καὶ
287 2763 406 2795 τοιοῦτος
425 2764 474 2799 μὲν
497 2761 589 2797 οὗτοςι
607 2765 676 2792 κατὰ
698 2765 733 2793 τὰ
760 2766 831 2793 αὐτὰ
854 2767 882 2793 δὲ
910 2767 956 2794 καὶ
975 2768 999 2794 οἱ

216 2811 275 2844 μετ’
290 2809 370 2836 αὑτὸν
391 2811 528 2845 προφῆται
557 2811 694 2847 πάρεργον
723 2811 789 2847 μὲν,
811 2812 887 2838 εἵπου
899 2821 925 2839 τι
945 2813 999 2840 τῶν

214 2855 362 2891 ἐφημέρων
379 2855 509 2891 ἐζητεῖτο,
530 2857 665 2884 καὶτοῦτο
682 2856 828 2892 προῠλεγον
854 2859 909 2889 τοῖς
929 2859 997 2894 ἐρωσ

215 2900 297 2926 τῶσι’
321 2900 350 2927 τὸ
375 2900 403 2926 δὲ
419 2899 564 2936 κεφάλαιον
589 2901 637 2938 τῆς
660 2902 826 2938 προφητείας
842 2903 932 2934 αὐτοῖς
953 2903 998 2930 ἐπὶ

1048 2226 1080 2246 ac
1093 2227 1172 2247 veras
1200 2219 1322 2254 protulit,
1336 2219 1370 2246 de
1385 2219 1506 2246 omnium
1520 2226 1611 2246 rerum
1626 2222 1737 2245 auctore
1753 2222 1835 2252 atque

1048 2265 1144 2300 opiﬁce
1157 2264 1226 2298 Deo;
1247 2268 1306 2292 tum
1317 2265 1351 2292 de
1364 2264 1485 2299 ejusdem
1498 2262 1566 2292 Filio
1577 2285 1583 2297 ,
1604 2263 1779 2290 rationalium
1794 2263 1837 2289 in—

1048 2311 1283 2346 telligentiumque
1303 2314 1463 2338 naturarum
1477 2313 1598 2340 auctore,
1613 2317 1706 2336 earum
1721 2308 1814 2344 utique
1827 2328 1835 2340 ,

1047 2366 1107 2393 qua:
1123 2362 1184 2393 post
1207 2357 1296 2393 ipsum
1327 2358 1459 2386 exsistere
1484 2357 1692 2391 intelliguntur:
1715 2355 1778 2381 item
1803 2354 1838 2382 de

1048 2404 1142 2430 mundi
1169 2408 1250 2438 atque
1273 2404 1391 2431 hominis
1413 2404 1568 2434 creatione,
1598 2401 1767 2436 Scripturam
1793 2407 1838 2428 sa-

1049 2456 1122 2476 cram
1137 2449 1258 2476 exaravit
1281 2453 1362 2484 atque
1392 2449 1487 2476 edidit.
1504 2448 1638 2475 Praeterea
1661 2453 1724 2474 cum
1751 2445 1838 2473 histo-

1049 2494 1104 2521 rias
1119 2495 1306 2529 religiosorum
1331 2495 1471 2522 hominum
1484 2514 1492 2525 ,
1508 2498 1535 2521 et
1551 2493 1597 2528 qui
1620 2492 1685 2519 olim
1699 2490 1753 2517 Deo
1768 2491 1837 2525 grati

1049 2538 1120 2573 apud
1145 2538 1272 2567 Hebraeos
1294 2539 1429 2571 vixerint,
1449 2538 1528 2573 quasi
1554 2537 1676 2572 quasdam
1706 2535 1837 2562 virtutum

1049 2584 1212 2619 exemplaria
1231 2585 1395 2619 expresserit
1408 2604 1416 2616 ,
1450 2591 1498 2611 eos
1514 2583 1559 2618 qui
1582 2583 1635 2610 sibi
1659 2581 1772 2608 dietanti
1790 2588 1839 2615 pa-

1049 2635 1157 2662 rerent,
1182 2631 1215 2658 ad
1236 2631 1413 2658 imitationem
1429 2631 1550 2657 virorum
1578 2629 1712 2656 bonorum
1730 2627 1837 2654 excita-

1050 2675 1098 2703 vit.
1117 2675 1181 2710 Legi
1198 2684 1262 2703 vero
1273 2676 1383 2708 divinae,
1398 2680 1479 2712 atque
1501 2675 1535 2702 iis
1549 2675 1595 2710 qui
1614 2677 1680 2701 tunc
1696 2676 1838 2700 uterentur

1050 2719 1270 2753 accommodatae,
1286 2721 1391 2756 primus
1405 2720 1538 2747 orationis
1562 2719 1735 2754 splendorem
1759 2717 1837 2745 adhi-

1050 2764 1108 2792 buit
1121 2765 1360 2801 adorationemque
1376 2766 1530 2801 religiosam
1549 2772 1581 2793 ac
1600 2771 1693 2792 veram
1710 2763 1837 2791 introdu-

1050 2811 1098 2837 xit.
1113 2810 1253 2838 Postremo
1269 2811 1313 2843 iis,
1328 2811 1373 2846 qui
1390 2817 1450 2846 post
1465 2819 1495 2839 se
1512 2811 1604 2839 multis
1622 2811 1730 2838 saeculis
1753 2810 1837 2837 futuri

1053 2862 1140 2890 erant,
1164 2858 1351 2893 praedictiones
1371 2858 1538 2890 enuntiavit,
1557 2858 1628 2886 sicut
1645 2858 1725 2893 paulo
1743 2860 1803 2891 post
1822 2863 1837 2882 a

1054 2904 1133 2932 nobis
1161 2905 1438 2933 commemorabitur:
1459 2909 1484 2932 et
1509 2905 1552 2933 hic
1568 2905 1677 2938 quidem
1700 2904 1772 2931 talis.
1796 2902 1836 2930 Ad
