2084 3216
257 164 310 190 543

540 165 676 193 EUSEBH
692 165 929 193 CIESARIENSIS
948 165 1023 194 OPP.
1045 166 1145 194 PARS.
1164 165 1197 193 ll.
1217 181 1252 186 —
1267 165 1519 195 APOLOGETICA.

1822 169 1874 197 3M

257 220 381 247 eumdem
394 227 460 247 vero
474 217 583 247 modum
595 221 675 248 etiam
689 221 826 256 prophetm
837 222 882 256 qui
896 226 956 256 post
965 221 1025 248 illur

1095 221 1220 256 μεγάλοις
1249 222 1423 247 συνεϊελεῖτο¹
1441 222 1478 248 Οὐ
1493 222 1547 257 γὰρ
1563 223 1609 248 ἐπὶ
1629 224 1742 259 μαντείᾳ
1759 224 1813 250 τῶν
1827 226 1875 259 eo,-

255 263 429 294 exstiterunt.
461 266 594 294 Cteterum
617 271 696 294 extra
720 269 886 302 propositum
901 268 1040 295 existime-

254 316 309 345 tur,
324 312 411 339 sicubi
427 320 521 340 eorum
537 313 676 348 quidpiam
696 321 756 349 qure
769 314 795 339 in
807 313 878 340 diem
897 315 980 349 quaeri
993 322 1039 341 so-

254 356 319 388 lent,
338 357 390 390 ipsi
407 357 612 391 respondissent
626 357 842 386 sciscitantibus.
864 357 974 385 Summa
987 367 1037 386 au-

252 405 306 429 tem
325 402 414 429 omnis
428 403 535 430 illorum
550 404 698 438 prophetia:
709 403 737 430 in
755 404 837 431 rebus
853 405 957 440 magnis
973 413 1036 432 con<

252 449 421 476 sumebatur.
438 449 496 476 Non
515 450 586 476 enim
603 450 629 476 in
644 450 913 477 divinatione'rerum
933 459 994 486 qua
1010 451 1037 478 in

251 494 322 520 diem
345 499 390 521 aut
406 496 434 522 in
451 504 569 530 pra-scus
593 500 699 531 tempus
721 501 920 531 quaererentur,
950 505 1038 531 neque

250 541 343 574 parvis
359 545 404 568 aut
421 541 568 568 luimilibus
596 543 711 576 negotiis
738 550 835 573 suum,
859 543 930 577 quod
948 550 963 569 a
982 542 1037 571 Deo

251 591 422 621 acceperant,
444 595 551 619 munus,
568 588 678 622 dignum
705 589 846 622 putabant.
877 588 928 616 Sed
955 597 1037 625 super

249 633 323 659 omni
335 640 435 667 genere
446 633 586 660 hominum
611 634 696 660 divini
720 634 748 660 in
772 634 825 662 illis
842 633 960 669 Spiritus
975 636 1036 663 illn—

249 680 345 707 stratio
359 681 454 715 ingens
469 680 590 714 amplexa
616 684 674 706 erat
688 685 876 714 argumentum
890 701 896 712 ,
920 690 973 709 non
990 683 1035 709 illa

248 725 356 760 quidem
373 729 402 752 ut
427 725 460 752 de
476 726 632 760 :egrotantis
654 726 773 753 hominis
789 734 903 761 corpore
914 747 921 759 ,
948 735 1035 762 neque

247 771 281 798 de
296 771 459 806 temporaria
473 770 522 797 hac
538 775 564 798 et
581 771 707 798 omnibus
721 772 823 799 morbis
838 763 954 798 obnoxia
969 773 1032 806 vita,

247 816 443 844 divinationem
469 817 661 851 proﬁteretur:
681 824 732 843 nec
752 817 854 852 alioqui
870 818 903 845 de
919 818 1034 852 quibus~

247 862 308 889 dam
327 863 424 890 mediis
441 867 523 897 atque
548 863 775 894 indifferentibus,
793 871 853 897 qua:
877 872 982 899 neque,
1009 865 1031 892 si

247 909 348 941 adsint,
363 909 396 935 ad
414 908 562 943 profectum
578 909 676 935 animae
693 909 875 935 conducibilia
888 929 895 940 ,
923 918 1010 945 neque
1022 931 1029 942 ,
1047 897 1068 924 Β

245 954 268 981 si
282 962 337 981 non
351 954 459 986 adsint,
474 954 602 981 damnum
617 954 727 989 aliquod
743 958 789 981 aut
803 955 948 989 perniciem
967 956 1031 983 alle-

245 1004 326 1031 rant,
350 1000 457 1027 tametsi
476 1007 672 1035 nonnunquam
692 1000 748 1026 lucc
774 1008 881 1035 quoque
900 1001 1028 1035 praedice-

245 1045 320 1076 bant,
337 1053 391 1072 non
405 1045 532 1080 primaria
549 1046 664 1080 quadam
679 1046 800 1078 ratione,
827 1045 875 1073 sed
891 1046 964 1081 quod
987 1054 1030 1073 re-

242 1099 302 1117 rum
321 1091 475 1126 graviorum
492 1091 693 1126 perceptionem
710 1092 919 1124 comitarentur,
935 1092 1029 1127 eisque

241 1140 334 1164 essent
348 1137 486 1172 adjuncta.
512 1137 546 1164 At
567 1144 631 1164 vero
644 1145 704 1172 quae
728 1137 756 1164 in
773 1137 866 1164 causis
888 1137 973 1164 divini
995 1138 1028 1165 ab

242 1183 296 1210 illis
309 1183 458 1218 accipiendi
478 1183 616 1218 Spiritus,
637 1183 671 1210 ad
696 1184 898 1211 vaticinandum
927 1185 1028 1219 princi-

242 1237 301 1263 pem
317 1229 406 1257 locum
419 1229 590 1260 obtinerent,
605 1237 637 1256 ea
652 1230 741 1264 majus
755 1230 890 1265 quoddam
903 1231 1027 1257 contine-

241 1274 306 1300 bant
321 1278 521 1309 argumentum,
534 1282 616 1308 quam
633 1278 662 1301 ut
681 1275 714 1301 ad
730 1283 761 1302 ea
775 1283 835 1310 quae
861 1276 932 1302 dicta
946 1279 1024 1308 sunt,

240 1320 378 1354 pertinere
393 1324 514 1354 possent.
531 1320 609 1352 Quod
625 1321 646 1347 si
659 1321 722 1356 quis
734 1325 818 1348 totum
833 1321 910 1356 quasi
925 1329 1025 1356 corpus

239 1373 333 1393 eorum
348 1373 408 1400 quae
425 1374 438 1391 a
455 1365 529 1393 Mosc
550 1370 576 1393 et
592 1367 652 1393 aliis
667 1371 728 1401 post
755 1367 856 1394 Moscm
884 1368 1024 1402 prophetis

239 1413 340 1447 scripta
355 1416 430 1444 sunt,
451 1413 660 1448 diligentissime
673 1414 815 1448 exploret,
843 1414 965 1449 profecto
992 1423 1023 1442 ea

239 1459 306 1486 nihil
322 1459 397 1486 aliud
411 1459 534 1493 amplexa
557 1459 685 1491 inveniat,
698 1468 779 1494 quam
804 1461 1022 1489 adhortationem

238 1510 319 1540 atque
331 1506 484 1533 doctrinam
501 1505 584 1532 divini
600 1506 691 1534 cultus
703 1527 709 1538 ,
736 1507 781 1541 qui
809 1507 863 1534 Deo
891 1508 1019 1540 universi,

237 1552 289 1586 ipsi
305 1552 398 1586 utique
412 1551 501 1586 opiﬁci
525 1559 617 1578 rerum
632 1552 751 1578 omnium
769 1553 804 1579 sit
827 1551 1000 1581 'exhibendus
1011 1575 1020 1586 ,

237 1598 474 1635 cognitionemque
499 1605 531 1624 ac
549 1597 709 1633 theologiam
726 1605 880 1633 Supreuiam
897 1599 930 1626 de
944 1599 1022 1628 Filio.

236 1644 282 1677 qui
299 1652 351 1670 una
375 1651 436 1671 cum
458 1642 537 1670 Patre
554 1643 611 1678 ipse
633 1652 743 1679 quoque
767 1652 856 1671 rerum
870 1646 904 1672 sit
918 1650 1021 1673 auctor.

237 1690 318 1725 208
333 1689 466 1717 Pneterea
480 1689 696 1717 dehortationcm
716 1695 796 1725 atque
818 1691 986 1718 eversionem
1007 1700 1023 1719 a

236 1737 325 1764 fallaci
345 1737 491 1764 multorum
518 1736 631 1763 deorum
645 1737 739 1768 cultu,
769 1737 802 1763 ad
821 1737 876 1764 haze
903 1742 1022 1765 veterum

235 1784 390 1809 sanctorum
414 1781 551 1813 virorum.
581 1782 627 1816 qui
652 1782 733 1817 primi
757 1783 838 1810 talem
864 1784 1021 1818 religionem

235 1827 457 1859 observaverint,
475 1828 634 1856 memoriam
665 1829 909 1864 prredictionesque
933 1835 960 1858 et
977 1839 1022 1858 rc—

235 1881 336 1908 sponsa
351 1873 384 1901 de
408 1873 443 1900 iis
466 1874 513 1907 qui
540 1873 634 1900 multis
647 1878 710 1908 post
728 1875 836 1901 saeculis
857 1875 890 1901 ad
913 1875 1021 1902 illorum

235 1919 298 1946 vita:
313 1919 447 1954 regulam,
460 1927 538 1946 suam
550 1919 602 1954 ipsi
618 1919 700 1947 vitam
718 1919 851 1947 directuri
869 1925 958 1952 erant,
975 1930 1022 1956 per

235 1962 379 1990 adventum
392 1962 479 1990 Deiad
493 1963 617 1991 homines
631 1968 714 1999 atque
729 1965 912 1999 praesentiam,
923 1966 1019 2000 ipsius,

235 2009 359 2044 inquam,
375 2009 447 2041 Filii.
460 2014 488 2036 et
499 2011 557 2045 ipse
574 2010 695 2045 ejusdem
705 2011 835 2038 docenda:
848 2013 956 2046 pietatis
967 2021 1018 2040 mu-

234 2063 300 2082 nere
325 2054 478 2086 funt-turus
496 2060 522 2086 et
544 2056 578 2082 ad
591 2056 706 2084 salutem
725 2057 788 2084 vitae
802 2057 940 2084 hominum
956 2058 1020 2085 aite-

234 2101 346 2129 rendam
361 2106 502 2134 venturus,
519 2102 545 2129 in
562 2103 702 2137 responsis
714 2103 865 2136 dicebatur,
881 2104 959 2138 cujus
974 2104 1020 2132 be-

234 2147 332 2176 neficio
350 2149 387 2175 illi
403 2149 510 2176 cunctis
524 2149 652 2184 gentibus
666 2152 693 2176 et
710 2148 812 2177 Graecis
824 2150 904 2177 simul
920 2155 946 2178 et
958 2151 1020 2178 bar-

232 2193 322 2228 baris,
347 2194 473 2222 eumdem
495 2195 580 2222 divini
597 2196 688 2223 cultus
703 2203 817 2229 morem,
841 2205 922 2231 quem
948 2204 1021 2226 vete-

231 2247 276 2267 res
292 2239 466 2267 Hebraeorum
490 2241 631 2276 religionis
653 2246 793 2269 amatores
821 2249 1017 2276 servaverant,

231 2285 400 2326 prodepdum
426 2294 486 2314 esse
515 2287 658 2314 canebant.
680 2287 743 2315 Ilaec
759 2288 858 2321 Moses,
879 2289 936 2316 hzec
954 2289 1016 2317 reli-

230 2331 276 2366 qui
304 2331 368 2360 item
394 2332 542 2367 proplietm,
559 2334 605 2368 qui
635 2342 730 2362 omnes
747 2335 774 2361 in
792 2343 846 2362 uno
861 2343 908 2363 ore
919 2356 926 2367 ,
944 2338 1016 2371 quod

229 2381 288 2404 erat
302 2377 433 2409 futurum,
447 2379 627 2413 nuntiabant;
647 2384 727 2414 atque
738 2380 793 2408 haec
804 2385 863 2408 erat
874 2389 956 2409 causa
967 2390 1017 2409 cur

230 2422 338 2451 divinus
349 2423 467 2459 Spiritus
479 2425 581 2452 amaret
597 2425 721 2454 homines
746 2431 774 2454 et
800 2427 968 2462 corriperet,
987 2431 1016 2454 ut

232 2468 359 2496 videlicet
373 2469 420 2496 Dei
437 2470 621 2504 cognitionem
644 2472 729 2507 ipsos,
760 2481 969 2508 supremaanue
983 2474 1017 2502 de

228 2513 311 2541 Patre
325 2522 356 2542 ac
373 2514 442 2542 Filio
459 2517 623 2553 theologiam
640 2518 767 2552 doceret,
790 2519 942 2554 iisdemque
961 2525 1016 2547 tra-

229 2558 305 2586 deret
320 2568 390 2588 veraa
413 2562 486 2590 illius
498 2563 608 2596 pietatis
624 2571 726 2591 morem
741 2584 749 2594 .
766 2568 793 2592 et
803 2564 837 2592 ad
859 2566 1016 2592 memoriam

229 2604 365 2640 redigeret
379 2614 427 2634 eos
442 2608 489 2641 qui
504 2608 642 2642 quondam
653 2615 748 2635 omnes
762 2608 911 2637 honestatis
927 2614 1017 2645 partes

229 2649 456 2684 complevissent,
474 2661 581 2681 necnon
598 2662 646 2682 eos
671 2655 717 2689 qui
731 2655 930 2690 posterioribus
950 2660 1018 2683 tem—

229 2694 342 2728 poribus
353 2702 368 2722 a
379 2696 479 2730 pietate
494 2699 601 2733 rituque
615 2699 749 2734 majorum
767 2707 881 2726 suorum
899 2699 1016 2726 excidis-

228 2745 306 2771 sent.
328 2748 429 2776 eosque
452 2743 532 2778 longa
549 2745 674 2772 oratione
696 2744 927 2780 reprehenderet:
953 2745 1017 2772 item

228 2791 339 2813 caneret
361 2787 505 2816 adventum
529 2789 679 2818 Salvatoris
700 2799 731 2818 ac
748 2791 871 2823 Doctoris
899 2791 1018 2820 universi

229 2831 341 2858 humani
358 2835 477 2868 generis,
493 2839 520 2862 et
537 2843 585 2869 per
599 2836 675 2864 illum
688 2837 716 2864 in
733 2841 848 2865 cunctas
864 2841 958 2872 gentes
970 2844 1019 2864 an-

229 2879 312 2916 tiquae
320 2877 496 2910 Hebrazorum
504 2881 643 2918 religionis
653 2883 876 2918 propagationem
887 2882 1017 2916 futuram,

1091 267 1200 301 ημέρων
1210 268 1255 293 καὶ
1269 267 1337 302 πρὸς
1346 267 1389 294 τὸν
1406 267 1525 302 παρόντα
1537 269 1629 304 καιρὸν
1644 269 1872 305 ἐπιζητουμένων,

1090 311 1150 338 οὐδέ
1166 321 1197 346 γε
1222 313 1345 348 σμικρῶν
1372 313 1419 339 καὶ
1443 314 1576 340 ταπεινῶν
1600 315 1633 341 τὰ
1658 315 1707 350 τῆς
1731 315 1874 351 θεοφορίας

1089 358 1225 392 ἠξιοῦντο·
1242 359 1297 385 ἀλλ’
1312 360 1357 385 ἐπὶ
1384 360 1430 386 τοῦ
1455 361 1553 392 παντὸς
1579 361 1728 396 ἀνθρώπων
1749 363 1871 398 γένουςή

1089 403 1135 429 τοῦ
1149 403 1219 430 θείου
1233 404 1390 439 Πνεύματος
1413 405 1441 430 ὲν
1463 405 1554 436 αὐτοῖς
1575 405 1705 440 ἕλλαμψις
1717 427 1723 437 ,
1743 407 1871 442 μεγὶσην

1089 449 1214 475 ὑπόθεσιν
1229 450 1401 486 περιέχουσα,
1418 450 1447 475 οὐ
1460 451 1522 485 περὶ
1536 450 1674 482 νοσοῦντος
1690 451 1831 486 ἀνθρώπου
1842 453 1872 479 τὸ

1089 494 1178 530 σῶμα,
1195 495 1255 522 οὐδὲ
1281 495 1346 531 περὶ
1369 495 1420 530 τῆς
1441 496 1606 532 προσκαίρου
1630 497 1677 523 καὶ
1701 497 1872 530 πολυπαθοῦς

1087 541 1187 576 ταύτης
1210 541 1281 577 ζωῆς
1308 542 1357 577 τὴν
1380 542 1528 578 πρόρρησιν
1559 542 1794 579 ἐπαγγελλομένη,
1812 545 1871 571 οὐδὲ

1087 587 1150 622 περί
1162 595 1232 618 τινος
1247 586 1426 619 ἀπολωλότος,
1439 586 1491 613 οὐδ’
1507 587 1593 619 ἄλλως
1607 589 1669 623 περί
1687 597 1766 615 τινων
1782 590 1871 624 μέσων

1086 633 1131 659 καὶ
1156 632 1328 669 ἀδιαφόρων,
1346 633 1364 660 ἃ
1391 633 1452 660 οὔτε
1482 635 1601 670 παρόντα
1625 635 1712 670 ψυχῆς
1732 635 1870 670 βελτιώσει

1086 679 1286 714 συμϐάλλεται,
1313 679 1374 706 οὗτε
1404 680 1440 716 μὴ
1462 681 1583 716 παρόντα
1606 681 1706 716 ζημίαν
1731 681 1746 716 ἧ
1768 681 1869 717 βλάϐην

1085 727 1221 761 περιποιεῖ
1241 725 1318 761 (ἀλλ’
1342 724 1376 761 ἦν
1394 726 1454 761 μὲν.
1476 727 1513 758 ὼς
1537 727 1615 762 ἔφην,
1642 728 1685 753 ὅτε
1709 727 1756 754 καὶ
1784 727 1869 754 ταῦτα

1085 771 1244 807 προῦλεγον,
1257 773 1286 798 οὐ
1302 773 1371 798 κατά
1381 772 1426 799 τὸν
1441 772 1643 808 προηγούμενον
1657 773 1685 799 δὲ
1698 773 1787 805 λόγον’
1801 773 1869 800 ἀλλὰ

1084 817 1154 844 κατὰ
1169 817 1328 844 ἀκολουθίαν
1345 818 1393 854 τῆς
1405 819 1458 845 τῶν
1474 819 1634 854 κρειττόνων
1650 818 1847 855 καταλήψεως)
1859 828 1866 835 ·

1085 862 1194 897 μείζονα
1205 864 1253 898 μὲν
1265 863 1414 900 ὑπόθεσινῆ
1424 864 1494 891 κατά
1503 865 1536 891 τά
1545 865 1675 900 εἰρημένα
1683 866 1825 901 περιεῖχεν.
1835 865 1868 892 ΕΞ

1083 907 1104 933 δ’
1111 906 1156 935 οὖν
1168 918 1210 941 τις
1217 909 1265 945 τὴν
1274 911 1361 936 πᾶσαν
1368 911 1497 945 περιοχὴν
1505 911 1552 945 τῆς
1565 910 1685 942 Μωσέως
1693 910 1810 946 γραςῆς,
1820 911 1868 936 καὶ

1083 954 1136 981 τῶν
1152 956 1209 989 μετ’
1223 956 1302 982 αὑτὸν
1317 955 1437 992 ἀκριϐῶς
1451 956 1655 992 διερευνήσειεν,
1667 956 1740 991 εὖροι
1752 956 1784 983 ἂν
1798 965 1866 992 προ-

1083 1002 1186 1036 τροπὴν
1201 1002 1248 1027 καὶ
1267 1002 1436 1028 διδασκαλίαν
1460 1002 1598 1033 εὐσεϐείας
1616 1003 1665 1037 τῆς
1688 1004 1727 1034 είς
1742 1003 1787 1030 τὸν
1811 1003 1866 1029 τῶν

1082 1045 1149 1072 ὅλων
1163 1045 1238 1077 Θεὸν,
1251 1046 1330 1073 αὐτὸν
1346 1047 1378 1082 δὴ
1402 1047 1447 1073 τὸν
1463 1047 1625 1083 δημιουργὸν
1643 1048 1770 1074 ἁπάντων
1787 1057 1866 1084 περι-

1082 1091 1209 1126 έχουσαν,
1223 1091 1322 1125 γνῶσίν
1338 1101 1368 1118 τε
1387 1093 1433 1119 καὶ
1451 1092 1589 1126 Θεολογίαν
1601 1093 1649 1128 τὴν
1672 1094 1800 1120 ἀνωτάτω
1816 1092 1863 1120 τοῦ

1081 1137 1205 1173 δευτέρου
1222 1138 1318 1170 αἰτίου,
1337 1139 1425 1173 πάσης
1438 1139 1466 1165 δὲ
1487 1138 1615 1165 πολυθέου
1633 1139 1736 1175 πλάνης
1752 1139 1864 1175 ἀποτρο-

1081 1183 1144 1219 πὴν,
1160 1182 1217 1210 εἶτα
1231 1185 1284 1210 τῶν
1315 1185 1400 1211 πάλαι
1417 1184 1548 1219 θεοφιλῶν
1567 1185 1671 1220 ἀνδρῶν
1694 1184 1747 1211 τῶν
1763 1185 1796 1219 δὴ
1817 1185 1864 1212 καὶ

1080 1230 1277 1265 ἀπαρξαμένων
1312 1230 1364 1264 τῆς
1389 1230 1536 1265 εἰρημένης
1565 1230 1704 1262 εὐσεϐείας
1732 1230 1862 1266 μνήμην,

1079 1277 1245 1312 προρρήσεις
1261 1285 1289 1302 τε
1313 1276 1359 1302 καὶ
1377 1276 1563 1311 ἀναερωνήσεις
1585 1276 1654 1302 κατά
1677 1276 1722 1302 τὸν
1752 1277 1863 1304 ἐκείνων

1079 1321 1150 1356 βίον,
1174 1322 1297 1357 ὑστέροις
1321 1322 1385 1348 ποτὲ
1405 1322 1509 1357 χρόνοις
1530 1321 1680 1357 μελλόντων
1707 1320 1862 1356 βιώσεσθαι,

1077 1368 1110 1394 δι’
1129 1367 1287 1403 ἐπιψανείας
1305 1368 1350 1394 καὶ
1374 1368 1524 1403 παρουσίας
1551 1368 1591 1398 εἰς
1611 1366 1771 1402 ἀνθρώπους
1782 1365 1860 1400 Θεοῦ,

1079 1414 1162 1441 αὑτοῦ
1183 1415 1214 1450 δὴ
1232 1414 1279 1441 τοῦ
1294 1414 1420 1449 δευτέρου
1437 1414 1538 1448 Κυρίου
1551 1434 1557 1445 ,
1578 1414 1623 1440 καὶ
1640 1412 1706 1439 Θεοῦ
1731 1412 1799 1448 μετά
1815 1412 1862 1439 τὸν

1076 1461 1204 1487 ἀνωτάτω
1221 1461 1341 1496 Πατέρα,
1359 1460 1404 1486 καὶ
1416 1459 1497 1487 αὐτοῦ
1509 1459 1720 1496 χρηματίζοντος
1736 1459 1862 1486 διδασκά-

1075 1504 1120 1531 λου
1134 1505 1183 1539 τῆς
1196 1505 1281 1540 αὐτῆς
1293 1504 1442 1536 εὐσεϐείας,
1458 1505 1504 1531 καὶ
1523 1504 1647 1539 Σωτῆρος
1662 1503 1862 1540 ὲπιφανησομέυ

1074 1559 1120 1577 νου
1142 1550 1181 1586 τῷ
1197 1551 1251 1577 τῶν
1278 1550 1427 1586 ἀνθρώπων
1448 1550 1508 1585 βίῳ,
1530 1550 1564 1576 δι’
1577 1546 1606 1576 οὗ
1625 1550 1690 1576 πᾶσι
1707 1551 1761 1581 τοῖς
1785 1549 1861 1575 ἔθνε-

1075 1604 1134 1628 σιν,
1161 1596 1288 1632 ’Ἐλλησιν
1313 1595 1381 1631 ὁμοῦ
1407 1596 1454 1622 καὶ
1480 1595 1635 1632 βαρϐάροις,
1652 1595 1799 1630 προῦλεγον
1814 1595 1860 1622 τὸν

1073 1642 1121 1677 τῆς
1134 1641 1286 1673 θεοσεϐείας
1299 1641 1353 1668 τῶν
1367 1642 1450 1668 πάλαι
1467 1640 1597 1675 θεοφιλῶν
1615 1641 1747 1676 Ἐϐραίων
1760 1641 1861 1676 τρόπον

1073 1686 1317 1722 παραδοθήσεσθαι.
1336 1686 1428 1713 Ταῦτα
1442 1687 1561 1721 Μωσῆς,
1588 1686 1673 1713 ταῦτα
1696 1687 1725 1713 δὲ
1746 1686 1860 1713 καὶτῶν

1073 1733 1171 1760 λοιπῶν
1186 1732 1332 1768 προφητῶν
1344 1733 1446 1764 παῖδες,
1462 1733 1486 1759 οἳ
1501 1733 1599 1764 πάντες
1613 1732 1643 1765 ἐξ
1655 1733 1714 1764 ἑνὸς
1728 1733 1860 1767 στόματος

1073 1779 1284 1814 προεκήρυττον.
1301 1779 1355 1805 Καὶ
1377 1778 1448 1805 τοῦτ’
1465 1777 1498 1814 ἦν
1515 1779 1544 1805 τὸ
1569 1779 1619 1814 τῆς
1640 1780 1679 1810 είς
1701 1778 1860 1814 ἀνθρώπους

1072 1825 1118 1852 τοῦ
1133 1825 1205 1851 θείου
1223 1825 1379 1860 “valitura;
1395 1826 1530 1860 ἐπιφορᾶς
1554 1826 1656 1857 αἴτιον,
1674 1824 1775 1857 διδάξαι
1798 1824 1858 1850 θεο-

1072 1871 1188 1905 γνωσίαν
1203 1869 1371 1906 ἀνθρώπους,
1388 1870 1435 1896 καὶ
1453 1870 1501 1904 τὴν
1523 1869 1652 1896 ἀνωτάτω
1666 1869 1729 1905 περὶ
1754 1869 1859 1904 Πατρὺς

1072 1917 1118 1943 καὶ
1136 1916 1200 1943 Υἱοῦ
1224 1915 1378 1950 θεολογίαν,
1397 1915 1541 1942 παιδεῦσαί
1568 1924 1598 1942 τε
1621 1916 1719 1949 τρόπον
1742 1915 1858 1949 ἀληθοῦς

1072 1962 1222 1994 εὐσεϐείας,
1240 1962 1288 1988 καὶ
1304 1962 1489 1996 μνημονεῦσαι
1501 1961 1555 1988 τῶν
1573 1961 1656 1988 πάλαι
1677 1960 1857 1995 κατωρθωκό-

1071 2017 1134 2039 των,
1147 2009 1192 2034 τόν
1205 2016 1234 2034 τε
1248 2007 1316 2042 μετὰ
1328 2007 1429 2033 τούτων
1441 2006 1550 2041 ἔλεγχον
1562 2006 1606 2032 διὰ
1618 2006 1729 2041 μακρῶν
1741 2006 1856 2040 ὲκφᾶναι

1071 2055 1166 2088 λόγων,
1178 2053 1304 2080 θεσπίσαι
1318 2061 1346 2079 τε
1362 2053 1411 2088 τὴν
1431 2053 1581 2088 παρουσίαν
1594 2053 1640 2079 τοῦ
1662 2052 1786 2087 Σωτῆρος
1809 2050 1856 2077 καὶ

1071 2099 1229 2126 διδασκάλου
1241 2098 1287 2125 τοῦ
1305 2098 1405 2129 παντὸς
1416 2098 1566 2134 ἀνθρώπων
1578 2098 1682 2132 γένους,
1697 2098 1743 2124 καὶ
1762 2098 1810 2132 τὴν
1820 2097 1856 2123 δ.“

1070 2146 1151 2173 αὑτοῦ
1165 2146 1214 2181 τῆς
1228 2145 1345 2176 παλαιᾶς
1352 2145 1381 2177 ἐξ
1398 2145 1531 2180 Ἐϐραίων
1543 2145 1696 2176 θεοσεϐείας
1709 2146 1747 2176 εἰς
1769 2144 1856 2170 πάντα

1070 2192 1104 2218 τὰ
1130 2192 1194 2226 ἔθνη
1214 2191 1355 2226 μετάδοσιν
1382 2190 1562 2226 προκηρύξαι.
1595 2191 1686 2217 Ταῦτα
1715 2188 1748 2225 ἦν
1770 2189 1803 2215 τὰ
1826 2189 1856 2222 ἐξ

1036 2248 1057 2275 D
1070 2238 1166 2269 αἰῶνος
1188 2237 1297 2272 στήλαις
1315 2237 1362 2263 καὶ
1383 2236 1482 2271 βίϐλοις
1516 2237 1601 2272 ἱεραῖς
1622 2237 1675 2262 τῶν
1709 2235 1854 2271 προφητῶν

1068 2284 1220 2320 συμφώνως
1241 2283 1489 2319 ἁναπειρωνημένα.
1510 2282 1585 2308 Αὑτά
1608 2282 1639 2317 δὴ
1652 2280 1752 2311 ταῦτα.
1775 2280 1793 2307 ἃ.
1808 2281 1854 2307 καὶ

1067 2332 1149 2366 ἡμῖν,
1176 2331 1266 2362 αὐτοῖς
1287 2329 1434 2364 ὀφθαλμοῖς
1461 2328 1528 2364 μετά
1548 2328 1592 2354 τὸν
1619 2328 1723 2363 μακρὸν
1749 2327 1852 2358 αἰῶνα,

1067 2378 1152 2404 εἰσέτι
1178 2377 1224 2403 νῦν
1255 2376 1429 2412 πληρούμενα
1454 2377 1619 2410 σννορᾶταισ
1649 2375 1699 2410 μιᾷ.
1728 2374 1756 2400 δὲ
1777 2373 1853 2408 φωνῇ

1067 2426 1166 2458 πάντες
1185 2424 1256 2453 οὗτοι
1273 2425 1319 2452 καὶ
1330 2425 1394 2460 θείῳ
1408 2424 1548 2460 Πνεύματι
1568 2425 1688 2459 κάτοχοι,
1706 2424 1788 2450 πᾶσιν
1806 2424 1854 2450 ἀν-

1067 2471 1185 2508 θρώποις
1207 2473 1237 2498 τὸ
1261 2472 1318 2506 φῶς
1342 2472 1392 2505 τῆς
1413 2469 1529 2506 ἀληθοῦς
1554 2470 1754 2506 προεκήρυττον
1777 2469 1854 2495 εὐσε-

1067 2517 1158 2549 ϐείας·
1176 2518 1286 2551 ἁγνείαν
1306 2525 1336 2543 τε
1354 2516 1442 2551 ψυχῆς
1462 2517 1509 2543 καὶ
1526 2515 1661 2550 σώματος,
1684 2514 1800 2550 παντελῆ
1822 2523 1852 2541 τε

1067 2563 1198 2599 κάθαρσιν
1209 2563 1337 2594 διανοίας,
1350 2562 1382 2598 ἢν
1395 2562 1471 2588 αὐτοὶ
1482 2561 1612 2597 πρότερον
1624 2560 1784 2596 ἠσκηκότες,
1797 2561 1853 2590 τςῐς

1068 2608 1196 2644 ὑπηκόοις
1210 2607 1407 2643 προύϐάλλοντο
1418 2627 1425 2639 ,
1451 2607 1539 2642 πάσης
1556 2606 1704 2633 ἀκολάστου
1728 2605 1852 2640 πράξεως

1068 2655 1128 2686 τοὺς
1153 2655 1312 2690 προσιόντας
1337 2654 1513 2689 ἀπείργοντες
1531 2673 1538 2685 ,
1563 2653 1628 2688 μηδὲ
1644 2653 1693 2687 τῆς
1722 2651 1852 2677 πολυθέου

1068 2701 1171 2735 πλάνης
1189 2699 1385 2735 ἀπομιμεῖσθαι
1401 2699 1449 2731 τὰς
1472 2699 1621 2732 ἐκθέσμους
1648 2696 1850 2732 ἐπιτηδεύσεις,

1069 2745 1257 2781 προτροπάδην
1265 2744 1293 2771 δὲ
1304 2743 1587 2779 φεύγεινδιδάσκοντες
1598 2743 1686 2768 πᾶσαν
1693 2740 1851 2776 δαιμονικὴν

1069 2791 1234 2826 ἐγχείρησιν,
1247 2791 1294 2816 καὶ
1312 2790 1360 2822 τὰς
1377 2789 1458 2816 πάλαι
1478 2788 1724 2823 περισπουδάστους
1744 2787 1850 2819 ὲκείνας

1069 2836 1309 2872 ἀνθρωποθυσίας,
1338 2835 1388 2868 τάς
1413 2844 1443 2861 τε
1465 2834 1581 2870 αἰσχρὰς
1613 2834 1660 2860 καὶ
1688 2833 1850 2869 ὲπιῤῥήτους

1071 2884 1133 2919 περὶ
1153 2882 1220 2908 θεῶν
1240 2882 1395 2917 διηγήσεις,
1409 2879 1445 2909 ὦν
1468 2881 1660 2917 ἀπείργοντες,
1680 2879 1751 2915 μόνῳ
1766 2886 1851 2913 προσ-η

1111 2921 1117 2930 χ
