2084 3216
163 190 218 218 345

622 190 946 220 DEMONSTRATIONIS
964 190 1192 220 EVANGELICAE
1209 191 1273 218 LIB.
1293 190 1326 219 ν.

1733 191 1785 221 διο

166 249 273 285 ανέχειν
299 251 490 279 συνιϐούλευον
512 252 551 288 τῷ
563 253 672 281 πάντων
692 253 849 288 δημιουργῷ
878 248 936 288 Θεῷ

998 254 1148 282 nuntiaret.
1174 252 1237 279 Haec
1252 256 1315 280 sunt
1332 259 1392 287 qua:
1411 251 1446 279 ab
1472 250 1552 278 initio
1564 254 1591 278 et
1606 251 1701 278 titulus
1715 255 1742 278 et
1752 251 1786 278 li-

166 293 209 323 οἷα
224 297 316 332 ἐφόρῳ
340 299 386 325 καὶ
409 300 486 335 κριτῇ
511 299 669 334 τυγχάνοντι
683 299 736 326 τῶν
753 300 781 325 ἐν
796 299 948 334 ἀνθρώποις

168 343 360 379 πραττομένων
370 352 377 359 ·
396 345 461 379 μηδὲ
475 345 581 379 ἀγνοεῖν
594 345 640 371 τὸν
657 345 786 380 μέλλοντα
799 346 838 376 εἰς
849 345 896 371 ἀνθ
900 345 948 380 ρώ-

167 397 232 420 πους
255 389 398 423 ἐπιδημεῖν
413 389 528 425 Χριστὸν
549 390 596 416 τοῦ
621 390 698 422 Θεοῦ,
715 390 826 425 Σωτῆρα
850 390 948 421 παντὸς

165 433 258 467 γένους
283 433 445 469 ἀνθρώπων,
462 435 509 461 καὶ
533 436 688 462 διδάσκαλον
713 436 855 470 βαρϐάρων
880 435 947 469 ὁμοῦ

164 479 211 506 καὶ
229 478 361 514 Ἑλλήνων
377 480 516 512 εὐσεϐείας
543 481 590 516 τῆς
613 480 727 516 ἀληθοῦς
743 480 947 515 καταστησόμε-

163 532 218 551 νον.
233 525 364 551 Τοσοῦτον
377 534 403 552 τι
423 524 456 561 ἦν
471 526 501 552 τὸ
514 526 639 562 διάφορον
654 527 707 553 τῶν
730 527 781 553 ὑπὸ
807 527 852 553 τοῦ
875 527 946 553 Θείου

163 570 320 606 Πνεύματος
332 571 454 606 κατόχων
479 572 525 598 καὶ
550 571 602 598 τῶν
629 572 680 599 ὑπὸ
702 573 859 607 δαιμονικῆς
873 574 947 607 ἐνερ-

162 616 240 650 γείας
256 616 432 651 μαντεύεσθαι
450 618 698 653 προσποιουμένων.
713 616 780 645 Εἶτα
794 618 825 644 τὸ
838 619 884 653 μὲν
897 627 946 644 πο-

162 662 242 698 νηρὸν
269 662 416 697 δαιμόνιον,
437 660 482 690 οἷα
512 664 623 695 σκότους
647 665 756 696 οἰκεῖον,
780 664 873 690 σκότον
900 664 946 690 καὶ

160 706 244 741 ἀχλὺν
260 706 419 742 περιϐάλλειν
432 709 466 742 τῇ
479 707 550 743 ψυχῇ
569 708 611 734 διὰ
624 708 673 742 τῆς
689 709 887 743 ὲμφοιτήσεως,
900 708 945 734 τοῦ

163 752 301 787 ὑποφήτου
325 749 368 779 οἷα
393 754 489 789 νεκρὸν
514 753 629 789 ὲξήπλου
653 754 698 780 τοῦ
723 754 794 781 κατὰ
810 754 888 788 φύσιν
902 754 944 780 λο-

159 796 259 831 γισμοῦ
279 799 524 833 παρενηνεγμένον,
540 799 594 825 οὐδ’
611 799 739 834 ἑπόμενον
758 802 813 831 τοῖς
834 799 946 835 λεγομέ-

159 851 215 873 νοις
228 841 245 877 ἢ
263 843 459 878 πραττομένοις
474 844 507 870 δι’
520 845 613 877 αὑτοῦ,
630 846 767 878 παντελῶς
782 847 804 872 δ’
817 846 945 882 ἀναίσθη-

158 895 204 913 τον
215 887 262 913 καὶ
278 887 453 923 παράφρονα·
471 889 535 925 παρ’
551 889 565 915 ὃ
578 890 625 916 καὶ
641 891 778 925 μαντείαν,
796 891 889 926 ὥσπερ
901 900 943 916 τι-

157 932 192 959 νὰ
209 932 318 968 μανίαν,
332 933 444 970 εἰκότως
462 934 566 961 ἐοίκασι
588 935 635 970 τὴν
650 935 752 961 τοιάνδε
769 935 943 962 κατάπτωσιν

155 966 382 1014 ιπικεκληκέναί·
395 979 427 1006 τὸ
449 980 478 1006 δέ
498 989 529 1015 γε
543 966 649 1015 άληθίῦς
660 981 707 1007 καὶ
718 981 806 1007 ἔνθεον
821 982 942 1017 Πνεῦμα,

156 1025 309 1059 φωτοειδὲς,
326 1026 426 1061 μᾶλλον
438 1027 466 1053 δὲ
482 1027 538 1061 φῶς
553 1028 617 1054 αὐτὸ
635 1028 776 1063 τυγχάνον,
822 1028 854 1054 ἂν
869 1028 944 1054 ἐπέλ-

155 1070 191 1107 θῃ
203 1070 287 1106 ψυχῇ,
301 1071 394 1107 καινὴν
409 1073 577 1108 παραχρῆμα
592 1074 637 1100 καὶ
651 1073 844 1109 λαμπροτάτην
855 1075 943 1109 φωτὸς

155 1115 263 1151 ἡμέραν
286 1116 314 1143 ἐν
337 1117 406 1152 αὐτῇ
421 1118 625 1153 κατειργάζετο,
642 1119 832 1154 διαυγεστέραν
848 1128 877 1146 τε
896 1120 943 1146 καὶ

154 1161 396 1198 θεωρητικωτέραν
420 1163 485 1190 πολὺ
510 1163 589 1190 πλέον
615 1163 662 1190 νῦν
683 1164 699 1199 ἢ
717 1165 846 1200 πρότερον
858 1165 942 1200 αὐτὴν

154 1206 240 1240 αὐτῆς
251 1207 409 1241 ἀποφαῖνον,
432 1207 502 1234 ὥστε
511 1209 606 1244 νήφειν
619 1210 664 1235 καλ⁴
674 1210 863 1245 ἐγρηγορέναι,
879 1219 941 1237 συν-

153 1252 220 1287 ορᾷν
234 1260 263 1278 τε
273 1253 381 1280 πάντων
399 1253 514 1289 μάλιστα
531 1256 577 1281 καὶ
595 1256 748 1290 συγκρίνειν
765 1256 799 1282 τὰ
819 1257 941 1288 θεσπιςό-

154 1303 240 1330 μενα·
255 1298 319 1331 παρ’
332 1298 346 1324 ὃ
360 1306 405 1333 μοι
420 1298 551 1334 δοκοῦμεν
565 1297 593 1326 εὖ
610 1300 656 1326 καὶ
673 1300 778 1335 ἀληθῶς
801 1303 941 1337 προφήτας

151 1342 299 1369 ἀποκαλεῖν
310 1344 372 1375 τοὺς
383 1345 512 1376 τοιούσδε,
523 1346 598 1380 παρὰ
608 1346 639 1372 τὸ
651 1347 808 1382 προφαίνειν
819 1349 866 1374 καὶ
876 1357 941 1383 προ-

152 1388 282 1422 φωτίζειν
295 1390 324 1415 ἑν
338 1389 429 1422 αὐτοῖς
443 1391 473 1417 τὸ
487 1391 556 1417 θεῖον
569 1391 680 1427 Πνεῦμα
695 1393 732 1428 μὴ
745 1393 823 1425 μόνον
837 1393 870 1419 τὰ
888 1403 940 1419 πα-

152 1433 246 1469 ρόντα,
259 1434 327 1461 ἀλλὰ
348 1435 395 1462 καὶ
419 1436 473 1462 τῶν
500 1436 650 1471 μελλόντων
672 1437 757 1473 ἀληθῆ
774 1438 820 1464 καὶ
840 1438 939 1474 ἀκριϐῆ

151 1478 264 1511 γνῶσιν.
280 1478 419 1514 Σχέψασθε
433 1480 461 1506 δὲ
476 1481 500 1507 εί
516 1481 553 1516 μὴ
570 1481 635 1508 πολὺ
655 1482 785 1518 κρείττων
800 1480 876 1514 οὗτος
894 1484 939 1510 καὶ

149 1524 255 1561 ἀληθὴς
270 1526 284 1552 ὁ
297 1526 385 1561 λόγος,
401 1527 512 1562 φάσκων
538 1527 649 1563 Πνεῦμα
674 1528 742 1555 θεῖον
758 1529 858 1564 ψυχαῖς
881 1529 939 1555 ἑπι-

149 1571 248 1606 φοιτᾷν
265 1571 494 1607 κεκαθαρμέναις,
508 1573 555 1599 καὶ
577 1572 615 1608 νῴ
640 1573 740 1609 λογικῷ
765 1575 811 1601 καὶ
835 1574 939 1608 διαυγεῖ

147 1614 220 1651 πρὸς
231 1615 362 1651 ὑποδοχὴν
374 1616 421 1642 τοῦ
438 1617 515 1643 Θείου
531 1619 808 1654 παρεσκευασμέναις,
826 1620 842 1655 ἢ
855 1620 869 1646 ὁ
883 1620 937 1646 τῶν

148 1660 181 1686 ἐν
196 1660 291 1696 ἀψύχῳ
305 1660 355 1697 ὕλῃ
372 1661 418 1688 καὶ
431 1662 547 1693 σκοτίοις
562 1664 656 1698 μυχοῖς
668 1664 893 1689 ὲναποκλειόντων
908 1663 938 1689 τὺ

147 1704 237 1738 Θεῖον,
251 1705 279 1731 ἓν
294 1713 324 1732 τε
339 1705 474 1740 γυναικῶν
490 1706 537 1732 καὶ
553 1706 657 1741 ἀνδρῶν
683 1706 713 1732 οὐ
735 1706 868 1742 καθαραῖς
891 1706 938 1740 ψυ-

148 1751 223 1785 χαῖς,
238 1749 287 1786 ήδη
302 1750 330 1777 δὲ
345 1751 392 1777 καὶ
405 1751 451 1777 ἐπὶ
464 1751 584 1787 κόρακας
599 1752 645 1778 καὶ
661 1751 771 1786 ἱέρακας
784 1752 831 1778 καὶ
842 1752 937 1782 ἄλλους

146 1795 271 1828 οἰωνοὺς,
286 1795 332 1822 ἐπί
347 1805 377 1823 τε
392 1794 471 1831 αἶγας
484 1797 530 1823 καὶ
543 1797 610 1823 ἄλλα
623 1797 690 1829 ζῶα,
705 1798 748 1824 ναὶ
765 1798 817 1832 μὴν
833 1797 878 1823 καὶ
891 1798 936 1823 ἐπὶ

146 1840 253 1868 ὑδάτων
272 1842 424 1873 συστάσεις,
439 1842 467 1868 ἐν
483 1851 513 1868 τε
528 1842 751 1878 ἡπατοσκοπίαις,
771 1843 816 1869 καὶ
838 1843 935 1877 αἵματι

146 1887 267 1923 νοσερῶν
285 1888 332 1914 καὶ
346 1888 638 1923 είδεχθῶνικνωδάλων,
655 1888 776 1923 ἑρπετῶν
784 1897 814 1914 τε
827 1888 935 1914 ἰοϐόλων

145 1931 280 1968 σώμασιν,
295 1931 350 1960 οἷον
369 1934 521 1969 δρακόντων
546 1934 592 1961 καὶ
615 1934 714 1968 γαλῶν,
734 1933 779 1961 καί
795 1943 874 1961 τινων
888 1934 934 1960 ἄλ-

143 1977 200 2005 λων
212 1979 435 2014 τοιουτοτρόπων,
450 1979 483 2006 δι’
498 1977 535 2005 ὧν
551 1979 599 2014 τὴν
625 1980 678 2006 τῶν
704 1979 853 2015 μελλόντων
867 1979 933 2015 πρό-

143 2033 246 2060 γνωσιν
262 2026 286 2052 οι
301 2026 446 2061 θαυμάσιοι
460 2026 506 2053 τὸν
525 2027 570 2053 ἐπὶ
588 2024 695 2053 πάντων
710 2027 776 2053 Θεον
795 2028 933 2062 ἐκφαίνειν

143 2071 322 2107 ὺπιλήφασι.
339 2071 424 2099 Τοῦτο
445 2072 467 2099 δ’
482 2073 587 2108 ἀνδρῶν
608 2070 642 2108 ἦν
668 2072 704 2108 μὴ
722 2074 931 2108 συνεωρακότων

141 2117 212 2144 Θεοῦ
229 2117 318 2151 φύσιν,
339 2118 406 2152 μηδὲ
420 2126 451 2152 γε
467 2119 538 2145 θείου
551 2119 705 2153 Πνεύματος
719 2118 831 2154 δύναμιν
844 2120 933 2146 ἐπινε-

141 2163 290 2198 νοηκότων,
308 2163 431 2198 οὐδαμῶς
458 2164 505 2199 μὲν
532 2164 770 2200 ὲμφιλοχωροῦσαν
787 2165 898 2200 ἀψύχοις
913 2165 929 2200 ἢ

140 2208 251 2242 ἀλόγοις
275 2208 363 2241 ζώοις,
381 2209 438 2235 ἀλλ’
452 2209 505 2236 οὐδ’
521 2210 549 2236 ἐν
572 2210 689 2243 λογικοῖς
714 2210 824 2242 ἅπασιν,
842 2211 866 2237 εἰ
893 2211 928 2246 μή

961 923 980 949 Β

951 1587 974 1617 C

999 298 1055 326 bris
1072 299 1158 326 sacris
1173 298 1384 333 prophetarum,
1401 296 1528 324 concordi
1555 304 1621 323 voce
1646 296 1785 323 enuntiata

999 343 1119 375 fuerunt;
1132 344 1200 378 ipsa,
1216 344 1337 378 inquam,
1353 343 1420 375 haec,
1430 350 1490 377 qua
1500 343 1581 369 etiam
1594 350 1645 369 nos
1657 346 1718 377 post
1726 343 1785 369 lon-

997 391 1140 425 gissimum
1162 394 1279 424 tempus,
1296 389 1429 416 hodierno
1447 389 1506 422 ipso
1521 388 1564 415 die
1575 389 1705 422 compleri
1718 396 1784 415 ocu-

997 437 1031 463 lis
1047 437 1147 464 nostris
1162 436 1307 462 intuemur.
1324 434 1356 461 Hi
1371 443 1435 462 vero
1448 442 1544 461 omnes
1555 442 1609 460 uno
1620 442 1678 466 ore,
1691 434 1784 461 divino

999 481 1100 516 Spiritu
1115 482 1208 515 aillati,
1227 481 1333 508 cunctis
1348 480 1503 507 hominibus
1527 480 1617 507 lumen
1640 487 1710 506 verae
1732 480 1784 514 pie-

997 527 1060 555 tatis
1076 527 1242 561 aperiebant,
1260 530 1340 560 atque
1356 526 1452 552 anima:
1474 529 1501 551 et
1529 524 1652 559 corporis
1676 524 1784 551 castita-

997 577 1049 600 tem
1070 573 1272 608 perfectamque
1287 571 1385 598 mentis
1399 570 1588 605 purgationem
1606 569 1783 596 commenda-

997 618 1071 644 bant.
1089 618 1175 650 Quam
1188 625 1250 650 curn
1261 617 1311 651 ipsi
1326 615 1401 651 prius
1413 616 1608 646 exercuissent,
1623 615 1657 642 iis
1669 615 1715 649 qui
1730 614 1781 641 sibi

997 664 1201 695 auscultarent,
1226 662 1430 697 proponebant,
1449 665 1475 688 et
1492 662 1525 688 ab
1540 661 1614 688 omni
1630 661 1720 688 minus
1734 660 1782 687 ho-

997 713 1073 735 nesta
1087 710 1193 735 actione
1207 716 1253 735 cos
1268 708 1313 742 qui
1326 708 1359 733 ad
1374 715 1402 734 se
1415 704 1585 738 accederent,
1601 705 1781 740 prohibebant

996 753 1231 788 deterrebantque,
1247 761 1279 780 ne
1296 752 1385 780 studia
1407 751 1453 777 illa
1476 751 1577 778 nefaria
1607 751 1781 777 imitarentur

995 800 1099 835 quaeat)
1111 807 1201 827 errore
1210 799 1317 826 colendi
1327 798 1427 824 multos
1436 798 1502 824 deos
1517 796 1636 831 profecta
1651 796 1757 823 fuerant
1771 804 1778 821 ε

996 851 1054 873 tum
1069 846 1200 881 przecipiti
1216 845 1335 880 quodam
1351 853 1434 881 cursu
1448 844 1592 875 docebant,
1613 848 1642 870 ut
1656 842 1780 876 fugerent

996 899 1104 918 omnem
1111 891 1288 918 dtemonicam
1299 883 1647 923 traditionem,priscasque
1655 887 1715 914 illas
1724 894 1780 914 om-

995 937 1023 963 ni
1031 937 1122 964 studio
1128 937 1278 963 celebratas
1284 937 1424 962 hominum
1433 934 1624 964 mactationes,
1632 933 1779 960 obscenas-

997 987 1049 1014 que
1065 980 1098 1007 de
1108 980 1162 1006 diis
1178 984 1204 1006 et
1221 979 1353 1006 nefandas
1370 978 1559 1006 narrationes:
1577 986 1590 1004 a
1606 978 1705 1012 quibus
1717 984 1778 1003 cum

994 1024 1117 1051 homines
1128 1025 1313 1059 prohiberent,
1324 1032 1408 1051 unum
1418 1024 1536 1050 universi
1548 1024 1671 1058 opiiicem
1680 1022 1777 1055 Deum,

994 1070 1075 1104 209
1091 1070 1169 1104 quasi
1184 1070 1326 1105 praesidem
1344 1077 1376 1096 ac
1394 1069 1514 1104 judicem
1531 1068 1653 1095 omnium
1667 1075 1727 1102 qua
1743 1068 1777 1094 ab

993 1114 1150 1141 hominibus
1173 1118 1298 1148 agantur,
1323 1117 1353 1140 ut
1368 1112 1549 1144 attenderem,
1571 1112 1775 1148 hortabantur:

993 1164 1074 1195 atque
1101 1160 1210 1187 interim
1236 1168 1270 1186 ne
1289 1160 1448 1194 ignorarent
1472 1166 1545 1190 eum,
1571 1158 1618 1193 qui
1644 1161 1776 1189 venturus

991 1209 1049 1231 erat
1065 1205 1098 1231 ad
1111 1205 1244 1236 homines,
1263 1205 1402 1232 Christum
1422 1205 1514 1239 utique
1534 1204 1591 1235 Dei,
1607 1203 1774 1229 Salvatorem

992 1251 1113 1277 universi
1132 1250 1242 1277 humani
1255 1251 1374 1285 generis,
1391 1258 1422 1277 ac
1436 1250 1578 1277 Doctorem
1604 1256 1658 1275 non
1683 1248 1775 1274 minus
1807 1277 1810 1279 _

991 1295 1114 1322 barbaris
1139 1303 1220 1330 quam
1247 1296 1348 1322 Graecis
1374 1304 1441 1322 vera:
1466 1295 1574 1330 pietatis
1597 1294 1773 1321 destinatum.

990 1340 1053 1368 Hatc
1081 1349 1146 1368 sane
1172 1344 1230 1368 erat
1258 1341 1411 1368 diﬁerentia
1429 1341 1500 1368 inter
1515 1348 1562 1367 eos
1579 1340 1624 1374 qui
1642 1339 1773 1374 Spiritum

991 1387 1038 1414 Dei
1052 1392 1220 1422 receperant,
1237 1391 1264 1414 et
1278 1395 1326 1415 eos
1340 1387 1386 1422 qui
1409 1387 1560 1414 daemonieo
1586 1386 1718 1412 instinctu
1731 1384 1774 1412 di—

989 1433 1155 1459 vinationem
1186 1432 1393 1467 proﬁtebantur.
1420 1431 1521 1458 Deinde
1536 1438 1648 1465 pravum
1664 1429 1771 1464 quidem

991 1478 1204 1513 unumquodque
1238 1478 1400 1505 daemonium
1435 1481 1563 1511 tanquam
1598 1475 1772 1502 tenebrarum

990 1525 1117 1557 amicum,
1141 1524 1261 1551 animum
1284 1523 1403 1550 tenebris
1423 1526 1451 1550 et
1478 1522 1593 1556 caligine
1620 1520 1772 1552 involvens,

990 1577 1103 1598 accessu
1123 1577 1173 1596 suo
1187 1577 1379 1604 quemcunque
1396 1567 1448 1595 sibi
1466 1567 1631 1601 subjeeerat,
1654 1562 1771 1592 naturali

990 1625 1040 1644 usu
1056 1617 1171 1644 rationis
1187 1616 1371 1647 deturbatum,
1387 1615 1465 1649 quasi
1480 1618 1615 1640 mortuum
1632 1612 1771 1640 distende-

988 1663 1043 1690 bat.
1063 1662 1157 1697 Itaque
1174 1662 1219 1689 ille
1229 1666 1358 1696 tanquam
1379 1661 1452 1687 omni
1470 1667 1551 1686 sensu
1569 1659 1713 1693 spoliatus,
1729 1657 1770 1684 l‘a-

987 1713 1102 1742 ctusque
1116 1715 1220 1737 amens,
1236 1706 1300 1741 quid
1320 1714 1334 1732 a
1357 1713 1386 1733 se
1401 1705 1441 1732 vel
1462 1705 1597 1731 diceretur
1614 1703 1655 1730 vel
1673 1710 1768 1736 agere-

987 1758 1040 1785 tur,
1055 1753 1210 1787 neutiquam
1226 1752 1402 1786 intelligentia
1419 1750 1645 1785 consequebatur.
1665 1748 1702 1775 Ex
1715 1756 1768 1783 qua

987 1808 1015 1827 re
1033 1799 1130 1826 merito
1148 1797 1302 1825 istiusmodi
1326 1796 1483 1830 alienationi
1507 1803 1605 1822 nomen
1629 1795 1767 1829 imposue~

986 1849 1060 1877 runt,
1078 1845 1150 1879 quod
1170 1851 1231 1871 cum
1248 1843 1442 1870 divinationem
1466 1841 1618 1876 signiﬁcet,
1636 1848 1655 1866 a.
1675 1839 1768 1874 furore

984 1891 1092 1918 videtur
1113 1898 1174 1918 esse
1193 1889 1350 1916 deductum.
1379 1887 1465 1915 Verus
1490 1891 1579 1913 autem
1604 1886 1767 1921 divinosque

985 1937 1105 1973 Spiritus
1122 1944 1183 1963 cum
1208 1935 1403 1965 lucidissimus,
1425 1941 1455 1960 ac
1476 1934 1566 1968 potius
1583 1933 1642 1967 ipsa
1658 1933 1704 1959 lux
1719 1933 1765 1964 sit,

984 1984 1017 2010 ad
1032 1990 1223 2017 quamcunque
1236 1981 1356 2007 animam
1369 1983 1534 2011 accesserat,
1551 1981 1577 2005 in
1591 1986 1622 2006 ea
1636 1980 1766 2015 continuo

983 2037 1082 2056 novum
1113 2037 1144 2056 ac
1169 2028 1421 2065 splendidissimum
1447 2027 1516 2054 lucis
1538 2026 1608 2053 diem
1625 2033 1766 2060 compara-

982 2077 1039 2108 bat,
1054 2075 1232 2110 eamdemque
1246 2079 1272 2101 et
1289 2074 1404 2101 nitidam
1425 2077 1451 2101 et
1471 2073 1504 2100 ad
1526 2072 1764 2107 contemplandum

983 2120 1117 2152 idoneam,
1130 2122 1215 2147 multo
1232 2120 1347 2154 amplius
1362 2127 1434 2146 nunc
1446 2126 1526 2154 quam
1540 2119 1614 2152 prius
1625 2126 1686 2145 esse
1698 2125 1765 2149 con-

982 2167 1127 2199 suevisset,
1146 2166 1284 2193 reddebat.
1302 2165 1396 2200 Itaque
1413 2173 1474 2192 cum
1492 2165 1608 2191 maxime
1629 2168 1656 2191 et
1677 2163 1763 2191 sobrii

981 2217 1070 2244 erant,
1083 2217 1109 2239 et
1125 2213 1281 2247 vigilabant,
1297 2216 1324 2239 et
1340 2219 1394 2247 prae
1410 2212 1470 2238 aliis
1494 2211 1620 2237 omnibus
1638 2218 1698 2244 qua:
1714 2217 1762 2236 ca-

140 2262 208 2280 ποτε
244 2255 299 2290 ἄρα
321 2254 338 2289 ἢ
364 2255 451 2289 μόνων
466 2255 558 2290 ψυχῶν
581 2255 627 2282 καὶ
650 2256 787 2291 ὲναρέτοις
815 2256 928 2291 ψυχαῖς,

990 2260 1093 2291 iebant,
1111 2259 1162 2293 ipsi
1180 2259 1356 2285 intuebantur
1381 2262 1407 2285 et
1431 2258 1635 2292 comparabant.
1654 2257 1693 2283 Ex
1707 2265 1763 2292 quo

139 2299 215 2330 οἴους
237 2299 302 2334 ἡμῖν
326 2300 426 2334 ἀρτίως
440 2300 542 2334 ὁλόγος
555 2301 618 2332 τοὺς
638 2300 769 2336 Ἐϐραίων
788 2301 929 2336 ὑπέγραψε

141 2346 299 2381 προφήτας·
315 2346 362 2377 οὓς
377 2346 423 2373 τοῦ
440 2346 511 2372 θείου
527 2347 683 2382 Πνεύματός
702 2356 790 2382 φαμεν
812 2346 929 2383 ἀξιωθῆ-

139 2399 185 2418 ναι
204 2391 329 2426 μεγάλων
349 2392 440 2418 ’ἐνεκεν
457 2393 627 2427 πραγμάτων
641 2393 800 2428 οἰκουμένης
821 2394 928 2428 ἁπάσης

139 2436 293 2472 ἀνθρώπιον
313 2437 451 2472 βελτιώσει
473 2438 706 2473 συμϐαλλομένων,
722 2439 792 2465 Εἰδέ
810 2440 865 2465 ποτ’
877 2439 927 2464 αὺ-

137 2483 196 2514 τοῖς
212 2483 290 2513 σκιᾶς
305 2482 383 2518 δίκην
397 2483 572 2518 ἐπηκολούθει
587 2483 616 2510 τὸ
629 2484 675 2510 καὶ
688 2485 722 2510 τὰ
740 2484 861 2519 παρόντα
873 2484 926 2510 τῶν

141 2526 233 2562 μέσων
246 2527 294 2553 καὶ
306 2526 458 2563 ἀδιαφόρων
472 2527 624 2563 γνωρίζειν,
640 2529 686 2555 καὶ
703 2529 844 2564 προλέγειν
858 2529 926 2556 κατὰ

139 2572 235 2607 καιρὸν
254 2572 290 2599 τὰ
303 2573 470 2610 ἀγνοούμενα
486 2576 542 2606 τοῖς
558 2574 696 2610 ἐρωτῶσιν
710 2576 864 2609 ἀναγκαίως
879 2577 926 2602 καὶ

137 2619 218 2646 τοῦτο
236 2621 294 2651 τοῖς
316 2620 401 2647 πάλαι
417 2621 508 2652 αὑτοῖς
531 2621 709 2656 πλησιάζουσι
735 2624 874 2658 παρεῖχον,
888 2623 925 2654 ὡς

137 2664 171 2692 ἂν
189 2665 226 2702 μὴ
241 2666 345 2693 δοκοῖεν
358 2667 383 2693 οἰ
395 2666 476 2702 λίχνοι
488 2676 520 2694 πε
526 2668 551 2703 pi.
562 2668 611 2699 τὰς
625 2668 792 2704 προγνώσεις
807 2669 924 2702 εὐλόγως

113 2719 117 2723 ·
138 2709 295 2737 ἀποκλίνειν
313 2712 360 2738 ἐπὶ
380 2711 415 2738 τὰ
430 2712 481 2744 ἔξω
505 2713 559 2739 τῶν
582 2713 735 2747 ἀλλοφύλων
750 2713 833 2739 ὲθνῶν
855 2722 923 2748 μαν-

138 2758 197 2783 τεῖα
214 2758 311 2785 σπάνει
328 2758 473 2793 προφητῶν
485 2758 601 2786 οἰκείων.
612 2759 690 2785 Ἀλλὰ
705 2759 791 2785 ταῦτα
809 2759 857 2794 μὲν
871 2757 921 2786 ὦδε

138 2801 212 2834 τέλος
226 2803 323 2838 ἐχέτω,
339 2804 389 2839 τῆς
405 2805 433 2830 ὲν
456 2806 511 2836 τοῖς
532 2805 662 2839 Ἐϐραίων
680 2806 832 2840 προφήταις
848 2805 921 2837 θείας

139 2848 278 2884 δυνάμεως
293 2849 358 2876 ὅντα
374 2851 645 2886 παραστατικά.Ὣρα
660 2851 691 2886 δὴ
703 2848 748 2877 οὖν
762 2851 860 2883 αὐτοῖς,
878 2849 921 2878 οἵα

139 2893 169 2930 δὴ
182 2894 285 2927 ἐνθέοις
298 2895 410 2932 ἀνδράσι
423 2896 469 2923 καὶ
484 2897 584 2931 σοφοῖς,
599 2896 628 2922 οὐ
645 2896 703 2922 κατ’
717 2895 858 2932 ἄνθρωποι
874 2896 919 2930 γά-

981 2303 1046 2329 mihi
1063 2303 1130 2329 bene
1144 2310 1262 2337 vereque
1277 2302 1400 2329 videmur
1419 2309 1466 2329 eos
1488 2302 1535 2336 qui
1559 2302 1625 2328 tales
1650 2302 1762 2328 exstite-

979 2348 1044 2379 rint,
1060 2356 1158 2375 vocare
1173 2349 1328 2383 prophetas,
1343 2347 1414 2382 quod
1427 2347 1535 2374 divinus
1553 2348 1579 2373 in
1591 2348 1630 2374 eis
1642 2347 1760 2381 Spiritus

979 2397 1041 2419 ante
1054 2393 1208 2424 ostendere,
1222 2397 1248 2419 et
1265 2393 1366 2419 lumine
1384 2400 1434 2419 suo
1445 2393 1604 2427 anticipare,
1621 2400 1675 2418 non
1691 2399 1759 2427 pra:-

978 2436 1095 2463 sentium
1121 2436 1211 2468 modo,
1238 2444 1329 2462 verum
1356 2436 1436 2463 etiam
1473 2436 1624 2461 futurorum
1655 2443 1756 2467 veram,

977 2488 1132 2517 certamque
1144 2482 1325 2516 cognitionem
1338 2482 1517 2508 consueverit.
1536 2481 1680 2510 Cteterum.
1693 2489 1759 2508 con-

976 2528 1154 2563 templamini,
1172 2536 1273 2563 (μιιεεο,
1293 2527 1406 2561 longene
1434 2526 1529 2553 melior
1547 2526 1603 2553 hace
1621 2530 1648 2552 et
1668 2526 1758 2553 verior

975 2575 1071 2606 oratio,
1088 2582 1147 2609 qua:
1162 2574 1198 2600 ait
1211 2574 1334 2603 divinum
1348 2574 1478 2607 Spiritum
1498 2573 1524 2599 iu
1541 2573 1646 2599 animas
1658 2579 1758 2606 expur-

975 2625 1061 2656 gatas,
1080 2625 1106 2647 et
1120 2621 1152 2647 ad
1172 2620 1375 2655 suscipiendam
1388 2620 1559 2646 Divinilatem
1577 2618 1757 2654 intelligentia

974 2670 1001 2696 et
1018 2667 1122 2693 ratione
1144 2667 1228 2693 nitida
1255 2671 1436 2701 comparatas,
1462 2665 1565 2700 ingredi
1583 2664 1704 2694 solitum,
1722 2672 1754 2690 an

973 2720 1067 2740 eorum
1083 2712 1129 2747 qui
1151 2711 1178 2739 in
1194 2712 1307 2740 materia
1327 2712 1446 2738 inanima
1463 2715 1489 2738 et
1509 2710 1688 2737 tenebricosis
1710 2718 1754 2735 se-

972 2759 1105 2790 cessibus,
1131 2758 1251 2785 divinum
1277 2759 1350 2794 quod
1375 2759 1420 2790 sit,
1444 2757 1706 2790 includor-tantque
1724 2756 1751 2781 in

972 2805 1133 2832 feminarum
1149 2805 1323 2839 virorumque
1339 2804 1454 2839 impuris
1468 2804 1577 2835 animis,
1599 2810 1704 2841 necnon
1722 2801 1750 2828 in

971 2851 1060 2879 corvis
1088 2843 1168 2886 atque
1192 2848 1373 2886 accipitribus
1383 2851 1532 2885 avibusque
1551 2850 1667 2888 caeteris,
1685 2856 1753 2884 prm-

971 2901 1043 2926 terea
1060 2896 1087 2923 in
1103 2897 1191 2933 capris
1203 2900 1227 2924 et
1245 2897 1357 2932 reliquis
1373 2897 1546 2929 animalibus,
1564 2895 1711 2932 quinetiam
1724 2894 1751 2921 in
