2084 3216
331 185 383 213 54⁸1

638 185 773 215 EUSEBH
793 182 1033 214 CJESARIENSIS
1051 186 1126 213 OPP.
1141 186 1240 214 PARS.
1261 187 1294 215 lt.
1314 202 1349 207 ——
1363 185 1610 214 APOLOGETICA.

1895 186 1947 214 M8

330 251 463 278 aquarum
475 244 692 276 collectionibus,
708 245 735 271 in
747 244 909 279 extispiciis,
926 245 953 272 in
969 245 1112 272 cruoribus

1166 245 1296 280 νομένοις,
1305 245 1364 272 κατ’
1373 245 1513 271 ἐπίπνοιαν
1523 244 1552 271 δὲ
1561 243 1633 270 θείου
1642 242 1798 278 Πνεύματος
1807 243 1946 270 πείθεσθαι

330 289 486 317 odiosarum
503 290 536 317 ac
552 289 714 317 deformium
742 290 905 322 belluarum,
922 291 949 317 in
964 295 1114 318 venenato-

330 343 390 361 rum
406 337 573 370 serpentium
590 337 762 370 corporibus,
775 340 804 363 ut
815 336 965 364 draconum
977 341 1003 364 et
1014 341 1116 363 muste-

330 381 429 413 larum,
444 386 471 408 et
487 382 603 409 aliorum
626 382 746 416 ejusdem
758 382 876 417 generis,
894 390 942 417 per
957 390 1018 417 qua:
1043 381 1116 408 futu-

330 435 422 455 rarum
439 435 531 455 rerum
547 429 729 463 cognitionem
748 436 763 454 a
779 436 908 462 supremo
928 428 983 455 Deo
998 428 1115 455 indicari

329 474 356 497 et
372 471 460 506 prodi,
472 473 645 501 admirabiles
657 473 702 500 isti
714 477 740 500 et
752 473 852 508 egregii
865 477 1005 506 auctores,
1018 477 1114 500 contra

329 524 399 550 quos
413 517 541 550 dicimus,
564 523 739 553 putaverunt.
757 519 838 553 210
854 518 940 546 Porro
972 519 1044 545 istuc
1065 518 1115 545 ho-

330 562 433 589 minum
449 562 501 589 fuit
516 564 617 590 nullam
631 564 729 591 divinae
742 570 847 592 natura:
866 565 1001 591 rationem
1016 564 1116 591 baben-

330 610 408 641 tium,
430 617 518 644 neque
534 618 597 637 vero
613 618 737 645 quamam
764 611 799 638 sit
822 610 906 637 divini
930 610 1047 645 Spiritus
1060 610 1113 642 vis,

329 655 575 688 considerantium,
590 665 650 691 qua:
666 657 741 683 nullo
754 656 834 684 modo
847 657 966 683 inanima
978 656 1113 690 brutaque

329 700 458 727 animalia
477 701 595 729 incolere
618 702 727 737 gaudet,
745 709 776 728 ac
794 709 828 729 ne
845 702 988 728 rationalia
1004 701 1113 736 quidem

329 749 438 777 cuncta,
451 746 498 773 sed
513 753 545 773 ea
559 750 663 773 tantum
679 747 705 773 in
721 755 837 781 quorum
854 747 952 774 animis
970 747 1057 774 virtus
1071 746 1114 772 in-

328 790 365 817 sit
388 791 520 825 perfecta,
541 792 636 826 quales
652 793 731 827 paulo
751 799 811 819 ante
826 793 972 827 prophetas
987 791 1115 819 Hebraeo-

328 843 389 862 rum
400 836 490 863 oratio
501 841 596 864 nostra
608 836 764 872 descripsit,
781 845 849 872 quos
865 838 986 865 diximus
1003 844 1114 872 magna-

328 888 390 907 rum
406 889 498 908 rerum
521 889 615 914 causa,
635 883 727 910 divino
745 883 847 917 Spiritu
863 883 960 918 dignos
986 890 1048 910 esse
1063 882 1113 909 ha-

1165 292 1328 323 διδάσκουσι,
1343 290 1513 317 παιδεύεσθαί
1528 299 1558 316 τε
1573 290 1607 316 τὰ
1622 289 1687 324 παρ’
1701 289 1792 320 αὐτοῖς
1815 288 1947 324 δόγματα,

1165 337 1212 362 καὶ
1234 336 1282 367 τὰς
1297 336 1418 367 εὐσεϐεῖς
1436 336 1483 362 καὶ
1498 334 1680 366 ἀδιαπτώτους
1695 334 1844 368 θεολογίας,
1858 334 1947 361 οὐκέτ’

1165 382 1328 417 ἀμφιϐολίαν
1347 382 1451 416 ἔχοντα,
1468 382 1504 416 μή
1520 390 1558 416 πη
1572 381 1671 416 ἀρετῆς
1691 379 1738 407 καὶ
1760 380 1888 416 ἀληθείας
1899 381 1948 407 ἀλ-

1164 428 1268 463 λότριον
1281 427 1438 461 ἐπάγονται.
1452 427 1512 463 Φέρ⁵
1526 425 1571 454 οὖν
1587 427 1637 462 ἤδη
1651 427 1753 459 λοιπὸν,
1768 426 1948 459 ἀναλαϐόντες

1164 472 1193 505 ἐξ
1207 473 1332 508 ὑπαρχῆς
1353 473 1398 499 τδν
1418 473 1505 506 λόγον,
1519 472 1568 508 τὴν
1584 473 1613 499 ὲν
1626 474 1681 504 τοῖς
1695 472 1869 506 Εὖαγγελιοις
1883 472 1948 508 περὶ

1163 519 1212 554 τὴν
1227 519 1273 545 τοῦ
1285 519 1408 554 Σωτῆρος
1420 519 1497 554 ἡμῶν
1510 519 1596 553 Ἰησοῦ
1609 519 1656 545 τοῦ
1670 519 1787 554 Χριστοῦ
1799 518 1946 553 Θεολογίαν,

1164 563 1217 590 ἀπὸ
1245 564 1294 599 τῆς
1326 564 1493 598 προφητικῆς
1520 564 1670 599 μαρτυρίας
1701 563 1948 599 πιστωσώμεθα.Ἠ

1165 610 1214 644 μὲν
1236 608 1282 636 οὗν
1303 610 1617 645 εὐαγγελικὴξμαρτυρια
1634 607 1685 636 ὧδε
1700 610 1746 636 τὸν
1760 610 1876 646 Χριστὸν
1890 610 1948 637 θεο-

1163 656 1252 690 λογεῖ·
1270 665 1279 681 ι
1291 657 1334 682 Ἐν
1350 657 1419 691 ἀρχῇ
1437 654 1470 690 ἦν
1493 657 1507 682 ὁ
1528 656 1622 689 Λόγος,
1635 656 1681 682 καὶ
1699 656 1713 682 ὁ
1732 656 1816 689 Λόγος
1829 654 1863 691 ἦν
1880 656 1947 691 πρὸς

1162 702 1208 728 τὸν
1223 702 1297 734 Θεὸν,
1311 703 1357 729 καὶ
1371 702 1437 734 Θεὸς
1452 700 1485 737 ἦν
1501 702 1514 727 ὁ
1529 701 1623 735 Λόγος.
1639 702 1732 728 Πάντα
1744 702 1777 728 δι’
1793 701 1873 728 αὐτοῦ
1887 702 1947 736 ἐγέ-

1163 755 1233 778 νετο,
1253 747 1297 773 καὶ
1314 748 1396 783 χωρὶς
1420 747 1502 773 αὑτοῦ
1521 747 1628 780 ἐγένετο
1650 747 1710 773 οὐδὲ
1723 747 1763 774 ἕν.
1781 757 1790 773 ι
1814 747 1899 774 Καλεῖ
1923 747 1946 774 δ’

1163 794 1242 820 αὐτὸν
1259 794 1304 820 καὶ
1316 793 1372 827 φῶς
1385 793 1486 828 νοερὸν,
1502 793 1579 820 καλεῖ
1600 793 1628 819 δὲ
1650 794 1697 820 καὶ
1715 793 1826 829 Κύριον.
1840 794 1948 829 ὡσπερ-

1162 839 1208 865 οῦν
1231 839 1278 865 καὶ
1300 839 1376 865 Θεόν.
1391 840 1445 866 Καὶ
1463 841 1477 866 ὁ
1501 839 1643 871 θεσπέσιος
1668 840 1696 866 δὲ
1715 839 1831 872 Παῦλος,
1843 838 1888 866 οἶα
1900 840 1947 867 τοῦ

1163 885 1279 920 Χριστοῦ
1298 885 1420 920 μαθητὴς
1436 885 1473 911 ὢν
1488 885 1533 911 καὶ
1548 884 1706 916 ἀπόστολος,
1719 885 1825 921 συνᾴδει
1840 886 1872 920 τῇ
1887 884 1948 911 θεο-

327 927 411 958 bitos,
427 931 520 962 utpote
537 927 582 962 qui
600 928 675 955 orbis
692 928 812 955 universi
829 928 1033 963 hominibusea
1047 935 1111 962 pro-

1163 931 1251 966 λογίᾳ,
1268 931 1353 957 ταῦτα
1375 931 1438 966 περὶ
1457 930 1537 957 αὑτοῦ
1558 930 1662 963 διεξιών
1673 940 1679 946 ι
1699 932 1764 962 (7ος
1777 932 1851 957 ἐστιν
1867 931 1949 958 εἰκὼν

327 971 423 999 derent
439 980 500 1007 quae
513 973 546 999 ad
567 973 689 1008 ipsorum
707 974 734 1000 in
759 975 860 1001 virtute
883 974 1033 1008 profectum
1049 981 1113 1000 con-

327 1017 475 1052 ducerent;
508 1018 578 1053 quod
609 1019 631 1045 si
657 1019 767 1053 quando
799 1019 860 1046 illos
886 1020 973 1046 instar
998 1019 1112 1052 umbrae,

327 1063 410 1090 etiam
437 1071 527 1090 rerum
546 1065 720 1098 praesentium
744 1072 776 1092 ac
792 1065 944 1092 mediarum
969 1069 1051 1100 atque
1070 1065 1113 1091 in-

327 1107 510 1136 diﬂ’erentiu-m
526 1110 646 1144 cognitio
662 1111 791 1138 comitata
815 1114 868 1142 est,
891 1119 977 1145 usque
1002 1111 1069 1137 adeo
1084 1114 1113 1136 ut

326 1153 533 1181 sciscitantibus
559 1163 619 1189 qua:
643 1155 810 1190 ignorarent,
835 1155 868 1182 ad
883 1159 989 1190 tempus
1004 1162 1113 1190 quoque

327 1199 517 1234 praedicerent.
541 1201 621 1227 etiam
639 1201 692 1228 hoc
708 1201 796 1236 ipsum
814 1202 971 1228 necessario
990 1201 1044 1228 illis
1066 1201 1112 1236 qui

326 1243 361 1270 ad
380 1244 453 1278 ipsos
469 1244 647 1277 accederent,
669 1246 823 1280 praebebant
838 1255 844 1272 :
872 1246 1001 1273 nimirum
1017 1255 1052 1274 ne
1067 1247 1111 1274 isti

327 1289 429 1316 curiosi
449 1297 481 1316 ac
509 1297 640 1324 perquam
665 1291 736 1317 avidi
762 1291 971 1323 divinationum,
987 1292 1049 1326 jure
1076 1293 1110 1320 ad

327 1338 449 1361 extrema
465 1335 578 1361 aliarum
593 1336 734 1362 nationum
748 1336 869 1367 oracula,
887 1337 999 1370 penuria
1015 1337 1110 1364 dome-

327 1380 460 1406 sticorum
485 1381 691 1415 prophetarum,
718 1381 847 1408 secedere
870 1382 1037 1409 viderentur.
1057 1382 1109 1410 Sed

326 1424 385 1450 haec
396 1423 531 1451 hactenus
544 1424 617 1451 dicta
633 1426 698 1457 sint,
715 1426 749 1452 ad
767 1426 840 1452 illam
861 1427 916 1453 vim
929 1427 1049 1454 divinam
1064 1427 1111 1454 de-

327 1469 532 1497 monstrandam
547 1477 608 1505 qua:
619 1471 646 1497 in
666 1471 806 1506 prophetis
821 1471 994 1499 Hebraeorum
1011 1473 1109 1500 inerat.

327 1513 448 1550 Tempus
467 1515 551 1550 igitur
570 1516 627 1550 jam
644 1520 686 1543 est
702 1520 729 1543 ut
746 1517 785 1543 illi
800 1520 929 1551 tanquam
949 1517 967 1544 ii
988 1518 1034 1552 qui
1059 1518 1110 1544 viri

327 1560 412 1587 divini
436 1561 638 1596 sapientesque,
663 1568 717 1588 non
742 1562 861 1589 humano
887 1570 972 1594 more,
996 1564 1111 1590 exstite-

1163 977 1209 1003 τοῦ
1224 977 1290 1004 Θεοῦ
1305 977 1429 1012 ἀοράτου,
1445 977 1618 1012 Πρωτότοκος
1631 977 1849 1012 πάσηςκτίσεως,
1864 977 1905 1004 ὅτι
1919 978 1949 1004 ὲν

1163 1023 1238 1057 αὐτῷ
1246 1022 1355 1057 ἐκτίσθη
1371 1022 1405 1048 τὰ
1413 1023 1508 1053 πάντα,
1516 1022 1550 1048 τὰ
1558 1024 1586 1049 ὲν
1601 1024 1658 1054 τοῖς
1669 1023 1792 1058 οὐρανοῖς
1800 1023 1846 1049 καὶ
1857 1023 1892 1049 τὰ
1902 1024 1949 1050 ἐπὶ

1161 1069 1211 1102 τῆς
1227 1069 1287 1103 γῆς,
1297 1068 1351 1094 εἴτε
1366 1068 1464 1103 θρόνοι,
1474 1070 1528 1095 εἴτε
1538 1069 1707 1104 κυριότητες,
1721 1069 1774 1095 εἴτε
1787 1070 1879 1105 ἀρχαὶ,
1894 1070 1948 1096 εἴτε

1162 1113 1291 1146 ἐξουσίαι.
1305 1113 1345 1139 Τὰ
1361 1113 1449 1139 πάντα
1463 1113 1495 1139 δι’
1512 1113 1594 1140 αὐτοῦ
1609 1114 1654 1141 καὶ
1665 1115 1704 1145 εἰς
1719 1114 1800 1141 αὐτὸν
1816 1113 1947 1145 ἔκτισται,

1163 1160 1208 1186 καὶ
1218 1159 1298 1191 αὑτός
1305 1160 1362 1185 ἐστι
1374 1159 1426 1194 πρὸ
1436 1160 1553 1191 πάντων,
1565 1160 1611 1186 καὶ
1618 1159 1652 1185 τὰ
1662 1160 1750 1185 πάντα
1758 1159 1879 1186 διἀὒτοῦ
1887 1168 1948 1186 συν-

1163 1206 1270 1240 έστηκε.
1283 1205 1438 1240 ›Κέκληται
1456 1206 1502 1231 καὶ
1515 1205 1581 1231 Θεοῦ
1592 1205 1705 1240 δύναμις
1718 1206 1762 1232 καὶ
1772 1205 1838 1232 Θεοῦ
1855 1206 1946 1240 σοφία.

1161 1251 1235 1277 Αὺτὰ
1252 1251 1283 1286 δὴ
1301 1249 1346 1277 οὖν
1362 1251 1448 1277 ταῦτα
1472 1251 1614 1286 πρόκειται
1627 1251 1674 1277 καὶ
1687 1250 1733 1276 νῦν
1748 1250 1802 1277 ἀπὸ
1814 1250 1869 1276 τῶν
1881 1251 1946 1286 παρ’

1167 1296 1301 1331 Ἑϐραίοις
1322 1295 1498 1331 προφητικῶν
1512 1296 1626 1330 γραφῶν
1642 1296 1831 1328 ἑξανθίσασθαι
1841 1315 1848 1327 ,
1861 1295 1898 1327 ὡς
1914 1295 1948 1322 ἀν

1161 1342 1204 1368 διὰ
1218 1342 1267 1376 τῆς
1283 1344 1312 1368 ὲν
1330 1342 1469 1377 ἑκατέροις
1489 1343 1544 1373 τοῖς
1570 1342 1665 1377 μέρεσι
1684 1342 1842 1377 συμφωνίας
1860 1342 1877 1377 ἡ
1900 1341 1946 1368 τοῦ

1161 1389 1276 1425 ἀληθοῦς
1291 1388 1426 1421 ἀπόδειξις
1444 1389 1641 1425 παρασταοείη.
1655 1390 1715 1425 Χρὴ
1730 1389 1758 1416 δὲ
1773 1390 1810 1424 μὴ
1827 1390 1945 1423 ἀγνοεῖν,

1160 1436 1201 1461 ὅτι
1215 1435 1238 1460 οἱ
1254 1435 1303 1469 μὲν
1318 1435 1384 1461 θεῖοι
1399 1435 1527 1470 χρησμοὶ,
1543 1435 1609 1461 πολὺ
1624 1435 1653 1462 τὺ
1667 1435 1714 1461 καὶ
1729 1435 1797 1470 πρὸς
1812 1435 1884 1467 λέξιν
1899 1435 1946 1462 καὶ

1161 1481 1229 1515 πρὸς
1250 1481 1371 1506 διάνοιαν
1403 1480 1539 1517 ὑπερφυὲς
1558 1482 1590 1515 τῇ
1621 1480 1751 1516 Ἑϐραίων
1773 1482 1848 1516 φωνῇ
1871 1489 1948 1516 περι-

1160 1527 1276 1561 έχοντες,
1302 1527 1428 1562 διαφόρου
1451 1527 1499 1562 τῆς
1511 1527 1557 1553 ἐπὶ
1579 1527 1608 1553 τὸ
1631 1527 1783 1562 Ἑλληνικὸν
1800 1527 1946 1562 ἑρμηνείας

1160 1572 1390 1608 τετυχήκασι,τοῦ
1401 1572 1591 1608 δυσθεωρήτου
1606 1573 1694 1608 χάριν.
1711 1573 1742 1599 Οἱ
1756 1573 1777 1599 δ’
1790 1570 1835 1599 οὖν
1851 1572 1946 1608 ἄνδρες

327 1610 401 1638 runt,
416 1606 463 1633 sed
475 1606 554 1633 amati
566 1607 658 1634 divino
672 1607 783 1642 Spiritu,
795 1616 854 1643 qua
863 1608 997 1636 credenda
1009 1612 1111 1640 essent,

1163 1606 1267 1654 ἀθρόῲς
1288 1618 1406 1653 Ἑϐραῖοι
1428 1606 1578 1653 συμφώνως
1599 1606 1682 1650 αὐτὰς
1701 1606 1945 1653 μεταϐεϐλήκασιν,

326 1652 481 1684 docuerint,
511 1660 562 1680 sua
586 1654 707 1688 ipsorum
733 1653 854 1685 decreta,
880 1657 906 1681 et
931 1661 994 1681 cum
1012 1654 1111 1688 pietate

326 1699 490 1734 conjunctas
506 1700 734 1734 incorruptasque
762 1700 924 1735 theologias,
952 1701 1010 1728 sine
1035 1701 1109 1727 omni

325 1752 440 1780 prorsus
452 1745 632 1780 ambiguitate
644 1753 695 1773 nos
710 1745 835 1779 doceant,
850 1751 879 1774 ut
893 1747 1033 1774 videmnus
1044 1755 1108 1774 num

307 1799 442 1826 ‘usquam
462 1791 612 1826 quidquam
639 1799 654 1818 a
682 1792 783 1819 virtute
805 1800 837 1820 ac
854 1793 969 1820 veritate
990 1793 1108 1820 alienum

325 1836 484 1871 important.
517 1836 638 1871 Agedum
670 1836 752 1871 igitur
785 1837 840 1872 jam
870 1837 1008 1871 deinceps,
1040 1845 1109 1864 novo

325 1881 444 1917 quodam
460 1881 567 1909 dicendi
582 1882 660 1909 initio
671 1887 824 1917 assumpto,
841 1891 901 1918 qua:
916 1883 943 1910 in
955 1883 1109 1918 Evangeliis

325 1927 361 1955 de
377 1927 519 1955 Salvatore
543 1935 638 1955 nostro
659 1928 723 1956 Jesu
743 1928 853 1957 Christo
868 1930 1003 1964 theologia
1022 1929 1110 1957 conti-

325 1977 415 2004 netur,
432 1980 492 2000 eam
516 1973 682 2008 propheticis
711 1981 820 2008 quoque
845 1974 1009 2002 testimoniis
1033 1983 1109 2002 com-

1160 1663 1200 1697 οἷς
1218 1666 1331 1701 μάλιστα
1347 1666 1392 1692 τὸν
1407 1665 1469 1692 νοῦν
1483 1664 1660 1700 προσέξομεν,
1678 1665 1718 1691 ὅτι
1738 1664 1769 1700 δὴ
1788 1665 1835 1690 καὶ
1851 1666 1882 1699 τῇ
1898 1663 1944 1690 τοῦ

1160 1712 1278 1748 Χριστοῦ
1302 1712 1449 1746 Ἐκκλησία
1466 1711 1570 1743 τούτοις
1585 1711 1735 1746 κεχρῆσθαι
1756 1710 1842 1744 φίλον.
1863 1710 1894 1736 Et
1915 1709 1944 1735 δέ

1161 1767 1211 1784 που
1226 1757 1325 1791 γίνοιτο
1342 1758 1432 1793 χρεία,
1447 1757 1508 1783 οὐδὲ
1521 1757 1569 1789 τὰς
1585 1757 1640 1784 τῶν
1659 1756 1728 1792 μετὰ
1747 1756 1832 1782 ταῦτα
1847 1756 1944 1782 νεωτέ-

1160 1813 1213 1839 ρων
1234 1805 1408 1840 ὲρμηνευτῶν
1427 1804 1558 1836 ἐκδόσεις,
1575 1801 1619 1835 αἷς
1639 1802 1723 1830 εἰσέτι
1739 1802 1785 1829 νῦν
1808 1802 1945 1832 Ἰουδαίοις

1158 1849 1275 1884 χρῆσθαι
1287 1849 1373 1883 φίλον,
1389 1849 1622 1885 παραιτησόμεθα·
1633 1848 1670 1880 ὡς
1684 1848 1716 1875 ἂν
1730 1847 1896 1882 πανταχόθεν
1911 1846 1946 1874 τὰ

1161 1894 1210 1929 τῆς
1234 1894 1396 1927 ἀποδείξεως
1419 1895 1483 1929 ἡμῖν
1508 1893 1682 1929 βεϐαιοτέρας
1705 1893 1780 1928 τύχοι
1805 1891 1945 1925 παραστά-

1165 1949 1242 1972 σεως.
1259 1941 1366 1967 Τούτων
1386 1942 1452 1976 ἡμῖν
1469 1939 1753 1974 πεπροοιμιασμὲνων,
1769 1938 1881 1964 καὶτῶν
1899 1938 1943 1964 ὲν·-

1163 1985 1230 2012 θέων
1245 1985 1340 2020 φωνῶν
1357 1986 1410 2020 ἤδη,
1421 1985 1511 2011 λοιπὸν
1526 1984 1694 2020 ὲφαψόμεθα.

324 2017 481 2052 probemus.
505 2017 668 2054 Evangelica
695 2019 778 2054 igitur
799 2019 954 2047 testiﬁcatio
977 2020 1056 2047 talem
1079 2021 1113 2048 de

323 2063 433 2092 Christo
458 2064 559 2099 profert
587 2065 749 2098 theologiam
768 2075 774 2093 :
795 2075 804 2090 ι
833 2065 862 2092 In
887 2066 1022 2101 principio
1045 2070 1103 2094 erat
1123 2065 1254 2097 Verbum,
1282 2069 1310 2092 ct
1339 2064 1457 2092 Verbum
1476 2069 1534 2091 erat
1564 2063 1634 2098 apud
1651 2062 1735 2090 Deum
1755 2071 1761 2089 :
1782 2061 1874 2089 omnia
1895 2066 1943 2095 per

323 2108 412 2143 ipsum
429 2109 500 2137 facta
512 2114 587 2142 sunt,
611 2115 638 2138 et
660 2112 719 2140 sine
732 2112 792 2146 ipso
811 2111 913 2139 factum
926 2117 969 2140 est
984 2113 1052 2140 nihil
1063 2113 1096 2142 ⁸⁵.
1118 2123 1127 2139 ι
1147 2112 1232 2140 Vocat
1248 2119 1329 2147 porro
1357 2112 1433 2138 illum
1447 2111 1534 2139 lucem
1547 2111 1753 2145 intelligentem,
1770 2112 1850 2136 vocat
1861 2107 1942 2134 etiam

323 2152 481 2186 Dominum,
509 2156 580 2184 sicut
605 2157 713 2184 interim
739 2157 821 2184 Deum
846 2166 964 2193 quoque.
991 2158 1103 2186 Divinus
1123 2163 1214 2186 autem
1236 2157 1348 2189 Paulus,
1380 2161 1508 2191 tanquam
1527 2156 1627 2183 Christi
1650 2153 1801 2189 discipulus
1832 2156 1859 2180 et
1876 2159 1942 2186 apo-

324 2202 422 2234 stolus,
438 2203 524 2231 eidem
542 2204 687 2240 theologia:
709 2206 869 2238 concordat,
893 2205 939 2232 ubi
966 2205 1000 2233 de
1020 2206 1067 2232 illo
1083 2206 1141 2233 haec
1161 2210 1254 2233 narrat
1269 2215 1275 2232 :
1291 2213 1300 2230 ι
1318 2204 1370 2237 Qui
1382 2209 1424 2231 est
1435 2204 1524 2239 imago
1538 2203 1585 2230 Dei
1606 2201 1762 2233 invisibilis,
1779 2199 1943 2236 primogeni-

323 2253 369 2277 tus
384 2251 473 2278 omnis
487 2256 628 2283 creatura‘,
651 2252 782 2286 quoniam
799 2253 826 2279 in
842 2253 901 2287 ipso
916 2253 1026 2280 condita
1056 2257 1120 2280 sunt
1137 2253 1276 2284 universa,
1308 2251 1335 2278 in
1355 2252 1424 2279 coelo
1436 2257 1463 2278 ct
1477 2251 1503 2277 in
1519 2255 1602 2281 terra,
1618 2249 1735 2277 visibilia
1746 2254 1772 2275 et
1783 2246 1941 2276 invisibilia,

323 2294 380 2322 sive
389 2295 490 2330 throni,
499 2297 556 2323 sive
565 2297 774 2328 dominationes.
794 2298 851 2325 sive
861 2299 1043 2333 principatus,
1055 2298 1113 2326 sive
1130 2301 1289 2332 potestates,
1298 2297 1390 2323 omnia
1399 2304 1446 2331 per
1455 2297 1543 2331 ipsum
1554 2300 1581 2322 et
1594 2295 1621 2321 in
1639 2295 1699 2329 ipso
1722 2296 1814 2320 creata
1823 2295 1898 2322 sunt,
1909 2292 1938 2317 et

324 2343 382 2375 ipse
395 2346 437 2368 est
457 2346 519 2369 ante
538 2343 639 2374 omnia,
664 2347 690 2370 et
714 2344 805 2370 omnia
826 2351 872 2379 per
891 2344 981 2378 ipsum
1005 2345 1171 2371 constant".
1185 2354 1194 2370 ι
1212 2343 1332 2370 Vocatur
1348 2346 1439 2370 autem
1464 2346 1490 2369 et
1506 2341 1554 2368 Dei
1580 2342 1666 2367 virtus
1694 2342 1721 2366 et
1739 2338 1785 2365 Dei
1798 2337 1940 2372 sapientia.

322 2387 401 2421 211
419 2387 480 2414 Haec
496 2388 554 2422 ipsa
579 2388 661 2422 igitur
675 2388 727 2415 hoc
758 2393 879 2424 tempore
897 2389 931 2416 de
952 2390 1118 2424 propheticis
1137 2389 1313 2416 Hebraeorum
1334 2389 1535 2421 monumentis,
1561 2387 1637 2422 quasi
1657 2387 1690 2413 de
1720 2385 1804 2412 variis
1829 2384 1940 2411 ﬁoribus

322 2433 471 2468 colligenda
487 2435 565 2462 nobis
593 2436 730 2470 proposita
758 2440 822 2463 sunt
836 2440 866 2463 ut
882 2444 930 2471 per
950 2437 1092 2472 utriusque
1122 2438 1207 2472 partis
1236 2438 1444 2464 consensionem
1471 2435 1667 2463 demonstratio
1685 2436 1790 2461 constet
1806 2431 1939 2459 veritatis.

321 2478 466 2512 Caeterum,
494 2481 621 2515 ignorare
646 2482 800 2516 neutiquam
820 2486 936 2516 oportet,
961 2483 1187 2517 quemadmodum
1203 2482 1295 2511 divina
1312 2482 1433 2515 oracula,
1460 2489 1522 2509 curn
1540 2481 1654 2507 multum
1671 2479 1753 2514 quod,
1770 2482 1826 2504 tum
1839 2477 1866 2504 in
1880 2484 1941 2504 ver-

322 2524 375 2557 bis,
391 2528 447 2551 tum
465 2525 492 2551 iu
516 2526 668 2558 sententiis,
686 2527 799 2554 miriﬁce
817 2528 941 2560 excellat,
958 2527 1090 2555 llebraica
1106 2529 1197 2564 lingua
1214 2529 1382 2561 contineant,
1400 2529 1502 2556 variam
1521 2528 1708 2561 diversamque
1731 2526 1758 2552 in
1779 2524 1873 2550 Grzeca
1889 2524 1942 2551 lin-

323 2579 375 2605 gua
392 2572 655 2606 interpretationem,
683 2574 718 2601 ob
747 2573 931 2602 diﬁicultatem
961 2576 1173 2610 contemplandi,
1197 2576 1293 2603 sortita
1321 2576 1386 2603 sint.
1417 2575 1470 2603 Sed
1496 2583 1556 2602 cum
1576 2574 1640 2602 olim
1662 2573 1713 2600 viri
1730 2572 1834 2599 Hebraei
1862 2571 1940 2599 multi

322 2618 404 2644 snnul
422 2621 608 2652 convenerint,
634 2624 661 2648 et
677 2628 730 2648 una
760 2621 907 2657 eademque
936 2630 1000 2650 voce
1032 2624 1076 2650 illa
1097 2623 1188 2650 omnia
1208 2624 1402 2656 converterint,
1419 2631 1467 2650 eos
1500 2622 1617 2649 maxime
1642 2628 1797 2655 sequemur,
1819 2619 1941 2654 quando‘

321 2662 430 2695 quidem
444 2664 545 2692 Christi
558 2674 666 2701 quoque
682 2667 810 2694 Ecclesiae
838 2668 934 2695 iisdem
953 2668 994 2695 uti
1009 2669 1120 2704 placuit.
1144 2668 1236 2696 Sicubi
1253 2673 1342 2696 autem
1366 2677 1417 2696 usu
1445 2668 1559 2700 venerit,
1575 2676 1609 2697 ne
1621 2667 1758 2701 juniorum
1774 2666 1884 2701 quidem
1898 2666 1940 2692 in-

323 2712 471 2742 terpretum
486 2717 570 2738 novas
584 2712 727 2745 editiones,
743 2721 811 2747 quas
826 2713 908 2740 etiam
932 2722 1004 2741 nunc
1025 2714 1110 2742 Judaei
1130 2715 1246 2742 libenter
1259 2718 1400 2749 usurpant,
1433 2714 1621 2742 recusabimus
1647 2723 1653 2740 :
1685 2716 1714 2740 ut
1725 2719 1758 2740 oa
1771 2719 1832 2747 quae
1844 2711 1878 2738 ad
1891 2719 1942 2738 no-

325 2757 410 2779 stram
437 2753 506 2780 hanc
522 2754 780 2784 demonstrationem
810 2758 954 2792 pertinent,
970 2766 1004 2786 ex
1027 2759 1101 2786 omni
1121 2760 1346 2794 parte,stabilius
1370 2760 1528 2794 ﬁrmiusque
1555 2758 1717 2787 consistant.
1731 2757 1798 2785 Cum
1811 2757 1942 2785 bazchac-

323 2801 404 2826 tenus
416 2799 520 2831 praefati
532 2801 629 2834 simus,
647 2803 783 2838 reliquum
806 2804 863 2839 jam
878 2810 929 2839 est,
943 2809 972 2833 ut
990 2805 1018 2833 in
1032 2805 1107 2841 ipsas
1124 2806 1231 2834 divinas
1248 2814 1328 2835 voces
1345 2807 1514 2835 insistamus.

359 2853 382 2869 "
393 2853 470 2883 Joan.
486 2864 506 2889 ι,
523 2857 578 2884 1-5.
617 2858 639 2873 ’³
652 2857 756 2886 Coloss.
772 2867 791 2892 ι,
811 2859 904 2887 15-17.
