2084 3216
141 183 195 211 δη
606 186 931 219 DEMONSTRATIONIS

982 191 1178 221 iANGELlCAE
1199 193 1262 222 LIB.
1286 194 1318 222 ν.

413 246 611 274 ΚΕΦᾹΛΑιΟΝ
625 249 653 274 Δ¹
659 268 665 275 .

1303 253 1418 282 CAPUT
1436 255 1456 282 l.

111 319 124 334 ο
151 297 200 332 Ὠς
212 300 283 346 παρ’
304 300 449 346 Ἑςραίοις
461 302 477 328 ὁ
490 302 663 346 σοφώτατος
677 304 867 346 Σοζοηιέιὼνξέιί
877 307 931 346 ﬂa-

990 308 1218 346 Quemadmodum
1232 311 1302 345 apud
1321 311 1446 340 Hebru'os
1461 313 1675 346 sapientissimus
1694 315 1774 343 Salo-

1723 200 1776 229 550

178 335 310 369 ροιμίαις
324 335 387 363 οἶδέ
407 345 471 362 τινα
486 335 676 370 πρωτότοκον
691 339 744 365 τοῦ
753 335 833 366 ’Θεοῦ
849 340 938 367 δύνα-

180 378 241 405 μιν,
258 370 299 404 ῆν
322 372 371 409 καί
388 372 498 409 σοφίαν
518 372 601 409 Θερῦ,
622 374 670 400 καὶ
691 373 822 409 γέννημα
846 376 938 403 αὑτοῦ

183 407 409 441 προσαγορεύει,
427 407 585 441 ὡσπεροῦν
601 409 650 435 καὶ
666 407 751 444 ἡμεῖς
767 407 936 445 δοξάζομεν.

188 504 198 521 ι
221 494 293 529 Ἐγὼ
307 496 324 531 ἡ
334 495 418 529 Σοφία
433 496 628 532 κατεσκήνωσα
642 497 750 534 βουλὴν,
766 499 812 525 καὶ
827 499 936 533 γνῶσιν,

149 542 197 568 καὶ
210 541 314 568 ἔννοιαν
335 542 390 576 ἐγὼ
403 542 623 580 ὲπεκαλεσάμην.
641 544 724 576 Φόϐος
741 545 843 580 Κυρίου
864 547 939 581 μισεί

148 588 266 620 ἀδικίαν,
279 587 358 624 ὕϐριν
373 597 402 615 τε
418 589 466 615 καὶ
483 589 682 625 ὑπερηφανίαν,
698 592 744 617 καὶ
760 591 837 623 ὀδοὺς
853 599 937 628 πονη-

150 633 214 669 ρῶν.
230 633 379 669 Μεμίσηκα
393 633 421 660 δὲ
435 634 491 668 εγὼ
507 635 724 671 διεστραμμένας
739 637 816 669 ὁδοὺς
833 637 936 664 κακῶν.

153 678 223 715 Ἐμὴ
250 679 332 715 βουλὴ
355 680 402 706 καὶ
429 680 573 715 ἀσφάλεια,
596 681 650 717 ἐμὴ
673 682 814 718 φρόνησις,
837 683 889 718 ἐμὴ
908 683 936 709 δὲ

148 725 235 761 ισχύς.
252 726 291 751 Δι’
307 724 373 761 ἐμοῦ
386 725 504 761 βασιλεῖς
519 727 699 762 βασιλεύουσι,
713 729 759 755 καὶ
771 729 795 755 οἱ
810 729 937 756 δυνάσται

145 771 283 807 γράφουσι
301 772 493 808 δικαιοσύνην·
515 773 549 799 δι’
571 773 638 809 ἐμοῦ
663 777 825 809 μεγιστᾶνες
851 784 936 811 μεγα-

145 817 282 851 λύνονται,
303 819 351 844 καὶ
362 818 489 854 τύραννοι
505 819 538 846 δι’
553 819 629 854 ὲμοῦ⁹
643 821 771 855 κρατοῦσι
794 821 845 857 γῆς
856 830 863 837 ο
882 822 937 856 ἐγὼ

144 864 209 896 τοὺς
223 865 274 899 ἐμὲ
291 864 434 899 φιλοῦντας
448 865 560 900 ἀγαπῶ·
577 867 601 892 οἱ
613 866 641 893 δὲ
661 868 712 902 ἐμὲ
728 867 873 903 ζητοῦντες
892 869 937 895 εὑ-

146 911 261 947 ρήσουσι
275 912 369 948 χάριν⁹
387 912 502 945 πλοῦτος
515 913 562 940 καὶ
583 913 644 947 δόξα
658 914 721 949 ἐμοὶ
742 915 869 950 ὑπάρχει,
889 917 936 943 καὶ

145 958 244 992 κτῆσις
256 957 359 985 πολλῶν
374 958 422 985 καὶ
435 959 600 995 δικαιοσύνη.
621 959 729 986 Βέλτιον
739 961 789 996 ἐμὲ
805 962 935 997 καρπίζε-

145 1002 208 1028 σθαι
231 1003 301 1039 ὑπὲρ
324 1003 436 1039 χρυσίον
460 1005 507 1031 καὶ
528 1004 600 1032 λίθον
625 1005 714 1041 τίμιον
738 1006 836 1034 πολύν·
854 1007 888 1034 τὰ
906 1008 934 1034 δὲ

144 1046 201 1082 ὲμὰ
227 1049 385 1083 γεννήματα
415 1051 540 1085 κρεῖσσον
564 1051 693 1086 ἀργυρίου
720 1051 860 1080 ὲκλεκτοῦ.
891 1053 934 1080 Ἐν

143 1092 215 1124 ὁδοῖς
233 1093 407 1130 δικαιοσύνης
431 1096 584 1131 περιπατῶ,
601 1097 647 1123 καὶ
666 1097 695 1123 ἐν
713 1097 782 1130 ὁδοῖς
796 1098 933 1125 δικαιοσύ-

143 1148 195 1174 νης
216 1140 439 1177 ἀναστρέφομαι,
458 1142 501 1168 ἵνα
521 1143 625 1178 μερίσω
646 1144 702 1175 τοῖς
722 1144 771 1178 ἐμὲ
792 1144 934 1178 ἀγαπῶσιν

144 1183 274 1220 ὕπαρξιν,
291 1187 338 1212 καὶ
359 1187 422 1218 τοὺς
439 1187 591 1223 θησαυροὺς
608 1189 697 1215 αὐτῶν
714 1189 847 1225 ἐμπλήσω
867 1191 934 1225 ἀγα-

143 1230 216 1257 θῶν·
233 1230 280 1258 ἐὰν
297 1232 448 1266 ὰναγγείλω
465 1233 528 1268 ὑμῖν
544 1234 578 1260 τὰ
595 1235 655 1261 καθ’
673 1235 779 1271 ἡμέραν
794 1237 932 1272 γινόμενα,

144 1277 325 1312 μνημονεύσω
343 1278 376 1305 τὰ
391 1278 420 1311 ἐξ
436 1279 532 1310 αἰῶνος
547 1280 708 1316 ἀριθμῆσαι.
726 1281 828 1317 Κύριος
843 1282 933 1310 ἕκτισέ

143 1330 179 1357 με
194 1323 281 1358 ἀρχὴν
292 1323 359 1350 ὁδῶν
370 1323 452 1351 αὑτοῦ
466 1326 505 1357 εἰς
519 1325 586 1361 ἔργα
600 1326 682 1353 αὑτοῦ
692 1335 699 1342 θ
714 1327 766 1363 πρὸ
776 1328 823 1354 τοῦ
837 1328 934 1361 αἰῶνος

142 1367 310 1403 ὲθεμελίωσέ
333 1379 377 1405 με,
402 1371 431 1397 ὲν
447 1372 517 1407 ἀρχῇ
536 1372 588 1408 πρὸ
606 1373 651 1399 τοῦ
673 1373 722 1409 τὴν
739 1374 791 1409 γῆν
810 1374 931 1409 ποιῆσαι,

141 1415 191 1440 καὶ
202 1415 255 1450 πρὸ
265 1416 312 1442 τοῦ
327 1417 376 1448 τὰς
386 1417 519 1450 ἀϐύσσους
533 1419 655 1454 ποιῆσαι,
667 1420 719 1455 πρὸ
730 1420 777 1446 τοῦ
793 1420 932 1456 προελθεῖν

141 1461 193 1493 τὰς
204 1461 296 1496 πηγὰς
309 1462 363 1490 τῶν
377 1463 490 1496 ὑδάτων,
506 1464 558 1499 πρὸ
570 1464 615 1491 τοῦ
631 1465 681 1501 ὅρη
693 1466 865 1502 ἑδρασθῆναι,
880 1467 933 1503 πρὸ

140 1506 170 1534 δὲ
197 1507 306 1534 πάντων
331 1507 433 1543 βουνῶν
452 1510 533 1545 γεννᾷ
556 1518 601 1544 με.
619 1510 720 1546 Κύριος
745 1511 856 1546 ἐποίησε
878 1512 931 1547 χώ-

141 1563 194 1590 ρας
208 1555 351 1591 ἀοικήτους
367 1556 414 1583 καὶ
435 1555 507 1592 ἄκρα
521 1556 667 1592 οἰκούμενα
683 1557 732 1592 τῆς
746 1558 792 1584 ὑπ’
807 1559 929 1594 οὐρανόν.

1027 346 1143 385 motum:
1161 345 1309 373 Proverbiis
1323 349 1394 374 nouit
1413 345 1559 385 quamdam
1574 351 1775 385 primogenitum

1026 379 1074 420 Dei
1085 381 1206 420 uirtutem
1216 390 1318 420 ,‘quam
1331 387 1355 420 et
1371 379 1527 420 sapientiam
1543 379 1601 417 Dei,
1619 393 1644 412 et
1658 379 1775 420 Ejusdem

1024 414 1139 456 sobolem
1153 416 1276 456 appellat
1292 425 1302 443 :
1328 414 1515 445 sicut't’nterim
1529 428 1577 447 nos
1590 414 1690 456 quoque
1703 430 1776 449 eam-

1023 449 1080 477 dem
1089 451 1282 485 gloriﬁcamus.

1025 515 1036 532 ι
1055 506 1111 542 Ego
1134 506 1271 543 Sapientia
1288 508 1407 536 habitavi
1423 510 1579 542 consilium,
1599 515 1625 538 et
1640 512 1774 552 cognitio-

988 560 1059 586 nem,
1072 557 1099 581 et
1112 554 1304 589 cogitationem
1327 563 1377 590 ego
1394 556 1517 584 invocavi
1531 567 1537 584 :
1562 557 1643 585 timor
1666 558 1773 586 Domini

987 598 1045 625 odit
1059 599 1230 633 injustitiam,
1248 601 1494 637 contumeliamque
1507 607 1534 630 et
1559 605 1726 639 superbiam,
1746 611 1774 633 et

989 645 1046 672 vias
1060 653 1207 680 pravorum
1224 655 1230 672 :
1246 647 1291 674 odi
1310 655 1372 675 vero
1382 656 1431 683 ego
1455 657 1597 684 perversos
1612 651 1669 679 vius
1684 653 1772 680 malo-

988 697 1048 716 rum
1067 700 1072 717 :
1099 699 1189 718 meum
1204 695 1245 719 est
1258 693 1403 720 consilium
1420 699 1446 721 et
1463 696 1599 723 stabilitas
1614 706 1621 724 ι
1649 705 1711 725 mea
1729 702 1772 726 est

988 735 1143 770 prudentia,
1159 745 1219 764 mea
1237 742 1327 765 autem
1344 738 1478 767 fortitudo
1496 751 1502 768 :
1520 749 1567 776 per
1580 750 1623 770 me
1640 751 1716 778 reges
1727 752 1771 772 re-

987 787 1081 817 gnant,
1093 787 1119 811 et
1136 789 1259 818 potentes
1271 786 1533 820 scribuntjustitiam
1549 797 1611 823 iper
1626 797 1668 816 me
1683 791 1773 826 magni

987 827 1039 854 viri
1053 828 1260 863 magniﬁcantur
1270 849 1277 861 ,
1293 833 1319 856 et
1335 831 1443 865 tyranni
1461 839 1510 866 per
1525 840 1568 859 me
1580 832 1705 860 obtinent
1718 837 1774 861 ter-

988 881 1046 900 ram
1062 884 1068 902 :
1083 882 1133 910 ego
1150 880 1272 902 amantes
1299 883 1342 903 me
1363 876 1456 912 diligo,
1476 883 1502 905 et
1517 878 1563 913 qui
1586 883 1711 913 quierunt
1730 888 1774 908 me

988 920 1126 948 invenient
1141 922 1255 956 gratiam
1271 931 1277 948 :
1292 922 1392 949 divitiae
1405 926 1432 950 et
1447 923 1531 958 gloria
1541 924 1607 952 mihi
1623 924 1732 958 adsunt,
1747 930 1774 953 et

986 967 1125 1001 possessio
1133 967 1280 994 multorum
1287 968 1405 1003 justitia.
1414 968 1510 997 Melius
1516 973 1558 997 est
1567 969 1619 997 frui
1628 979 1680 1004 me,
1691 979 1773 1006 quam

985 1020 1053 1040 auro
1069 1018 1096 1041 et
1111 1014 1200 1049 lapide
1216 1016 1336 1050 pretioso
1350 1016 1454 1044 multo:
1473 1017 1524 1043 mei
1539 1025 1603 1044 vero
1616 1016 1698 1050 fetus,
1717 1026 1775 1045 me-

985 1058 1068 1086 liores
1083 1064 1196 1095 argento
1211 1061 1309 1088 electo.
1326 1061 1407 1095 212
1420 1060 1450 1088 In
1464 1062 1636 1097 viisjustitiaa
1652 1063 1772 1096 ambulo,

984 1109 1011 1132 et
1027 1106 1100 1133 inter
1110 1106 1169 1134 vias
1184 1107 1308 1134 veritatis
1325 1115 1432 1140 versor,
1450 1113 1480 1135 ut
1495 1108 1615 1135 dividam
1635 1109 1774 1143 diligenti-

984 1151 1035 1179 bus
1052 1159 1096 1180 me
1110 1153 1305 1185 substantiam,
1321 1157 1348 1181 et
1362 1154 1507 1182 thesauros
1523 1162 1618 1182 eorum
1648 1155 1773 1190 impleam

983 1197 1062 1224 bonis
1076 1207 1082 1225 :
1098 1198 1122 1225 si
1140 1199 1341 1226 annuntiavero
1371 1200 1448 1227 vobis
1472 1208 1532 1235 qua:
1545 1200 1668 1235 quotidie
1693 1201 1772 1234 iiunt,

983 1251 1170 1272 memoravero
1193 1253 1255 1280 qua:
1277 1254 1292 1272 a
1320 1247 1420 1274 saeculo
1433 1251 1496 1274 sunt
1513 1246 1546 1273 ad
1563 1247 1772 1275 numerandum.

984 1289 1116 1318 Dominus
1133 1292 1236 1319 creavit
1249 1300 1290 1319 me
1299 1292 1407 1319 initium
1419 1293 1524 1319 viarum
1539 1300 1650 1320 suarum
1666 1293 1694 1319 in
1706 1299 1773 1327 ope—

983 1343 1015 1362 ra
1031 1343 1080 1363 sua
1100 1345 1106 1363 :
1130 1341 1193 1364 ante
1213 1338 1345 1364 saeculum
1371 1337 1496 1365 fundavit
1512 1345 1572 1370 me,
1593 1338 1621 1365 in
1638 1338 1774 1372 principio

984 1384 1127 1416 antequam
1144 1385 1246 1408 terram
1264 1381 1377 1415 faceret,
1394 1387 1421 1410 et
1438 1387 1584 1418 antequam
1597 1383 1712 1418 abyssos
1729 1382 1771 1409 fa-

983 1430 1066 1459 ceret,
1092 1430 1238 1462 antequam
1260 1427 1401 1461 prodirent
1417 1427 1506 1456 fontes
1530 1435 1674 1462 aquarum,
1692 1432 1770 1455 ante-

984 1480 1064 1508 quam
1083 1476 1190 1500 montes
1204 1473 1261 1501 suis
1277 1473 1388 1501 sedibus
1403 1473 1658 1504 firmarentur.ante
1676 1482 1772 1503 omnes

983 1516 1066 1544 colles
1081 1516 1167 1552 gignit
1183 1524 1241 1544 me:
1256 1516 1387 1545 Dominus
1399 1518 1463 1545 fecit
1477 1519 1646 1554 regiones,et
1657 1527 1704 1547 eas
1712 1527 1773 1554 quae

983 1569 1037 1589 non
1067 1562 1242 1595 habitantur,
1261 1566 1287 1591 et
1311 1564 1429 1592 vertices
1447 1565 1494 1599 qui
1511 1565 1689 1598 habitantur,
1710 1565 1771 1601 ejus

145 1601 244 1627 Ἦνίκα
266 1601 397 1637 ἡτοίμαζε
418 1602 464 1629 τὸν
488 1602 613 1638 οὐρανὸν,
638 1604 828 1640 συμπαρήμην
847 1605 930 1641 αὐτῷ,

983 1615 1043 1642 qua:
1059 1607 1110 1635 sub
1125 1608 1195 1635 caelo
1209 1611 1252 1636 est
1267 1618 1274 1636 :
1301 1610 1409 1645 quando
1429 1611 1543 1645 parabat
1558 1611 1670 1644 coelum,
1690 1611 1772 1638 simul

139 1647 190 1673 καὶ
209 1647 254 1673 ὅτε
280 1647 401 1684 ἀφώριζε
425 1648 470 1675 τὸν
497 1649 593 1676 ἑαυτοῦ
620 1649 713 1685 θρόνον
736 1651 780 1677 ἐπ’
805 1651 929 1687 ἀνέμωνσ

139 1693 224 1727 ἡνίκα
249 1694 346 1729 ισχυρὰ
361 1694 448 1721 ἐποίει
463 1694 498 1721 τὰ
512 1694 568 1721 ἀνω
589 1695 668 1731 νέφη,
684 1697 731 1722 καὶ
750 1697 788 1728 ὼς
802 1697 932 1731 ἀσφαλεῖς

139 1738 225 1764 ἐτίθει
242 1739 332 1773 πηγὰς
346 1739 397 1774 τῆς
413 1739 459 1766 ὑπ’
474 1740 598 1776 οὐρανὸν,
616 1741 644 1767 ὲν
659 1741 698 1776 τῷ
712 1740 816 1768 τιθέναι
833 1744 865 1778 τῇ
885 1742 932 1769 θα-

138 1783 229 1820 λάσσῃ
244 1784 414 1820 ἀκριὸασμὺν
429 1785 521 1817 αὑτοῦ,
547 1786 594 1813 καὶ
611 1786 693 1813 ὕδατα
704 1787 735 1813 οὺ
750 1787 930 1823 παρελεύσον-

137 1838 184 1856 ται
205 1830 293 1866 στόμα
319 1830 401 1857 αὑτοῦ
414 1840 421 1846 ·
439 1831 519 1868 ἡνίκα
542 1832 640 1868 ισχυρά
659 1835 743 1860 ἐποίει
760 1834 795 1860 τὰ
819 1834 931 1870 θεμέλια

137 1875 189 1911 τῆς
206 1875 268 1911 γῆς,
285 1876 359 1912 ήμην
380 1877 445 1913 παρ’
468 1877 543 1914 αὐτῴ
568 1878 736 1914 ἁρμόζουσα.
765 1880 835 1914 Ἐγὼ
857 1881 930 1915 ἥμην

137 1917 344 1956 ᾔπροσέχαιρε.
355 1921 423 1948 Καθ’
434 1922 540 1958 ἡμέραν
554 1922 583 1949 δὲ
599 1924 785 1959 εὐφραινὸμην
800 1925 828 1951 ὲν
845 1933 929 1960 προσ-

138 1964 209 2000 ώπῳ
237 1964 330 1996 αὐτοῦ,
354 1966 383 1992 ὲν
408 1967 489 1993 παντὶ
509 1967 608 2003 καιρῷ,
631 1967 675 1993 ὅτε
696 1968 861 2003 ηὐφραίνετο
881 1968 929 2003 τὴν

137 2011 302 2046 οἰκουμένην
325 2012 494 2045 συντελέσας,
513 2013 560 2039 καὶ
576 2013 740 2049 ηὐφραίνετο
756 2015 784 2040 ἐν
800 2015 867 2045 υἱοῖς
885 2014 930 2040 ἀν-

139 2056 269 2091 θρώπων.
295 2057 327 2084 Ἡ
344 2058 397 2093 πρὸ
415 2059 468 2085 τῶν
482 2059 619 2095 γεννητῶν
639 2059 698 2086 θεία
711 2060 759 2087 καὶ
777 2061 929 2096 πανάρετος

138 2101 230 2134 οὐσία,
255 2102 272 2137 ἡ
289 2102 370 2138 νοερὰ
388 2103 436 2129 καὶ
454 2104 625 2138 πρωτότοκος
642 2105 692 2139 τῆς
713 2106 861 2140 ἀγεννὴτου
877 2105 928 2140 φύ-

139 2154 209 2178 σεως
229 2147 321 2179 εἰκὼν,
339 2149 353 2174 ὁ
365 2148 475 2183 γνήσιος
491 2150 538 2175 καὶ
558 2150 704 2186 μονογενὴς
720 2151 766 2177 τοῦ
783 2151 837 2178 τῶν
860 2152 928 2178 ὅλων

138 2192 207 2219 Θεοῦ
232 2193 306 2226 Υἱὸς,
334 2193 508 2230 πολυώνυμός
533 2203 574 2227 τις
596 2195 643 2227 ὢν,
668 2197 715 2224 καὶ
731 2197 773 2224 διὰ
795 2197 928 2224 πλείστων

137 2240 319 2275 προσρήσεων
336 2240 554 2276 θεολογούμενος,
574 2241 613 2278 τῷ
638 2242 688 2277 τῆς
704 2243 797 2277 σοφίας
814 2243 860 2270 ἐπὶ
880 2243 926 2270 τοῦ

137 2285 272 2320 παρόντος
299 2285 432 2321 ἀξιώματί
452 2295 481 2313 τε
503 2288 550 2314 καὶ
575 2289 744 2324 προσηγορίᾳ
772 2289 925 2324 τετίμηται.
943 2279 965 2306 D

137 2330 225 2365 Λάγον
238 2331 266 2357 δὲ
280 2331 347 2358 Θεοῦ
368 2333 458 2364 αὑτὸν,
477 2334 524 2360 καὶ
533 2334 603 2366 Φῶς.
624 2335 671 2361 καὶ
689 2335 774 2370 Ζωὴν,
793 2336 839 2362 καὶ
851 2335 927 2370 Ἀλή-

138 2375 226 2408 Θειαν,
240 2378 288 2404 καὶ
304 2378 350 2404 ἐπὶ
367 2379 433 2405 πᾶσι
450 2379 565 2415 Χριστὸν
583 2379 650 2408 Θεοῦ
667 2380 779 2416 δύναμιν
797 2381 844 2408 καὶ
860 2381 927 2408 Θεοῦ

137 2422 240 2456 Σοφίαν
262 2423 475 2459 προσαγορεύειν
499 2425 710 2462 μεμαθήκαμεν.
726 2427 757 2452 Εἰ
786 2425 816 2462 δὴ
838 2424 884 2453 οὖν
894 2427 928 2453 τὰ

138 2467 211 2502 μετὰ
232 2469 325 2503 χεῖρας
347 2469 428 2501 αὐτὸς
443 2470 507 2505 περὶ
527 2470 632 2503 ἑαυτοῦ,
654 2471 691 2503 ὡς
712 2471 745 2499 ἂν
761 2471 826 2498 Θεοῦ
844 2472 928 2506 Σοφία

136 2512 214 2545 ζῶσα
234 2514 282 2540 καὶ
298 2515 358 2541 καθ’
374 2515 458 2550 αὐτὴν
476 2516 632 2550 ὑφεστῶσα,
648 2517 692 2544 διὰ
707 2517 754 2544 τοῦ
771 2518 927 2552 σοφωτάτου

137 2559 310 2595 Σολομῶντος
324 2560 490 2597 διεξέρχεται
504 2563 601 2597 λέγων,
624 2573 633 2589 (
657 2564 728 2598 Ἐγὼ
742 2565 758 2599 ἡ
771 2564 857 2598 Σοφία
877 2573 928 2591 κα-

136 2605 297 2639 τεσκήνωσα
325 2605 433 2642 βουλὴν,
465 2608 511 2634 καὶ
526 2609 636 2643 γνῶσιν,
665 2609 713 2636 καὶ
740 2609 844 2636 ἔννοιαν
873 2609 928 2643 ἐγὼ

135 2649 348 2686 ἑπεκαλεσάμην
375 2661 385 2676 ι
407 2653 454 2679 καὶ
475 2654 510 2680 τὰ
536 2654 641 2686 τούτοις
664 2656 839 2691 ὲπαγόμενα·
860 2655 928 2682 ἀλλὰ

137 2697 185 2722 καὶ
221 2697 259 2729 ὡς
286 2698 336 2733 τὴν
362 2699 417 2728 τῶν
451 2702 519 2730 ὅλων
557 2702 690 2738 διοίκησιν
730 2703 777 2729 καὶ
800 2702 928 2738 πρόνοιαν

137 2743 351 2780 ἀναδεδεγμένος
374 2747 516 2783 ἐπιφέρει·
538 2757 548 2774 ι
569 2749 608 2774 Δι’
625 2748 692 2784 ἐμοῦ
710 2748 830 2783 βασιλεῖς
852 2747 928 2783 βασι-

136 2788 256 2823 λεύουσι,
286 2792 334 2818 καὶ
358 2793 382 2819 οξ
407 2793 536 2822 δυνάσται
570 2795 704 2830 γράφουσι
736 2793 926 2829 δικαιοσύνην·

136 2834 170 2860 δι’
196 2835 264 2870 ἐμοῦ
294 2839 455 2872 μεγιστᾶνες
489 2840 700 2875 μεγαλύνονται”
741 2850 750 2866 ι
785 2838 854 2873 εἶτα,
891 2840 928 2865 εί-

173 2913 195 2934 "
209 2914 290 2947 Prov.
308 2923 366 2950 vm,
386 2917 478 2947 12-31.

981 1661 1044 1680 cum
1059 1661 1092 1681 eo
1107 1654 1229 1687 aderam,
1248 1655 1357 1690 quando
1389 1656 1549 1691 segregabat
1574 1656 1665 1684 sedem
1693 1664 1770 1684 suam

983 1706 1064 1733 super
1091 1703 1199 1730 ventos,
1220 1700 1331 1734 quando
1356 1700 1442 1729 fortes
1470 1701 1588 1729 faciebat
1615 1702 1772 1736 superiores

982 1745 1079 1778 nubes,
1093 1748 1120 1772 et
1134 1750 1163 1772 ut
1177 1746 1292 1773 stabiles
1308 1746 1425 1781 ponebat
1444 1746 1534 1774 fontes
1549 1747 1620 1782 ejus,
1646 1755 1707 1782 quae
1719 1748 1771 1776 sub

981 1791 1051 1817 coalo
1060 1795 1113 1819 est.
1126 1790 1190 1817 dum
1202 1796 1315 1826 poneret
1327 1793 1670 1820 mariconsummationem
1679 1801 1769 1827 suam,

981 1839 1008 1863 et
1023 1843 1102 1871 aqua:
1118 1844 1173 1864 non
1190 1837 1368 1872 praeteribunt
1383 1845 1415 1866 os
1426 1838 1497 1872 ejus,
1509 1838 1619 1873 quando
1637 1838 1719 1866 fortia
1733 1839 1772 1866 fa-

981 1882 1070 1909 ciebat
1081 1881 1260 1910 fundamenta
1272 1886 1367 1916 terra},
1387 1891 1461 1911 eram
1473 1884 1545 1918 apud
1561 1885 1636 1912 illum
1659 1892 1771 1920 compo—

980 1937 1049 1958 nens
1063 1941 1068 1957 :
1081 1938 1131 1964 ego
1145 1938 1219 1957 eram
1236 1929 1307 1965 apud
1318 1938 1399 1965 quam
1415 1930 1560 1965 gaudebat,
1578 1931 1770 1966 quotidievero

980 1976 1091 2003 laatabar
1108 1973 1135 2002 in
1152 1975 1227 2002 vultu
1252 1975 1325 2002 illius
1349 1975 1377 2002 in
1391 1975 1464 2002 omni
1487 1980 1629 2012 tempore:
1660 1977 1770 2011 quando

980 2022 1122 2049 laztabatur
1137 2021 1210 2056 quod
1223 2021 1317 2048 orbem
1336 2025 1471 2048 terrarum
1485 2022 1660 2056 perfecisset,
1679 2027 1705 2050 et
1722 2023 1768 2050 la:-

979 2067 1089 2094 tabatur
1100 2067 1127 2093 in
1149 2067 1212 2094 liliis
1236 2067 1377 2094 hominum
1395 2067 1429 2094 ³⁷.
1448 2077 1457 2093 ι
1477 2067 1599 2094 Divinam
1616 2071 1643 2095 et
1659 2075 1768 2095 omnem

979 2113 1007 2140 in
1022 2121 1051 2140 se
1068 2113 1171 2140 habens
1202 2113 1341 2145 virtutem,
1358 2121 1418 2148 qum
1431 2114 1538 2141 cunctis
1562 2114 1643 2141 rebus
1669 2115 1770 2147 genitis

979 2160 1117 2194 antiquior
1132 2163 1173 2187 est
1189 2159 1322 2192 essentia,
1338 2167 1398 2194 qua:
1416 2160 1570 2196 intelligens
1586 2166 1612 2188 et
1632 2161 1769 2196 primoge-

978 2206 1036 2233 nita
1053 2206 1180 2240 ingenita:
1210 2209 1316 2232 naturae
1345 2206 1434 2240 imago
1449 2209 1490 2232 est
1503 2226 1510 2237 ,
1532 2207 1669 2241 legitimus
1687 2210 1769 2241 atque

979 2253 1078 2280 unicus
1089 2253 1200 2280 maximi
1214 2253 1260 2280 Dei
1280 2253 1378 2286 Filius,
1398 2254 1443 2288 qui
1457 2254 1550 2281 multis
1566 2254 1720 2281 nominibus
1730 2253 1770 2281 di-

979 2298 1050 2325 citur
1066 2319 1072 2331 ,
1089 2298 1123 2326 de
1139 2306 1194 2334 quo
1211 2302 1241 2325 ut
1256 2299 1290 2325 de
1306 2298 1361 2326 Deo
1382 2299 1508 2334 pluribus
1540 2300 1768 2334 appellationibus

979 2344 1126 2379 loquimur,
1143 2344 1194 2372 hoc
1217 2344 1244 2372 in
1263 2345 1322 2371 loco
1338 2344 1484 2379 Sapientiae
1500 2345 1660 2380 dignitatem
1688 2349 1768 2380 atque

979 2391 1199 2425 appellationem,
1214 2390 1327 2417 honoris
1344 2394 1370 2418 et
1388 2391 1577 2426 amplitudinis
1591 2391 1678 2426 gratia
1689 2398 1769 2419 acce-

979 2435 1028 2470 pit,
1039 2434 1154 2462 Verbum
1163 2441 1252 2463 autem
1268 2435 1313 2462 Dei
1325 2436 1460 2468 eumdem,
1470 2441 1497 2464 et
1507 2436 1618 2468 Lucem,
1630 2440 1656 2463 et
1666 2435 1766 2467 Vitam,

979 2484 1005 2507 et
1024 2479 1181 2511 Veritatem.
1199 2484 1226 2508 et
1241 2485 1379 2516 postremo
1396 2480 1536 2507 Christum
1556 2481 1601 2508 Dei
1625 2479 1767 2512 Virtutem,

979 2530 1006 2553 et
1022 2525 1068 2553 Dei
1096 2525 1263 2560 Sapientiam
1294 2527 1432 2562 appellare
1446 2526 1502 2561 jam
1525 2526 1693 2553 didicimus:
1710 2526 1767 2560 jam

979 2571 1061 2607 igitur
1075 2573 1103 2598 in
1120 2572 1162 2600 bis
1175 2580 1235 2608 qua!
1249 2581 1322 2601 nunc
1334 2574 1361 2600 in
1374 2573 1500 2600 manibus
1513 2577 1586 2603 sunt,
1602 2572 1660 2606 ipse
1677 2571 1710 2599 de
1723 2579 1767 2598 se—

980 2618 1049 2652 ipso,
1064 2622 1193 2653 tanquam
1207 2619 1253 2646 Dei
1268 2619 1362 2647 vivens
1376 2618 1526 2654 Sapientia,
1540 2623 1565 2645 et
1579 2625 1640 2653 qua:
1655 2625 1703 2652 per
1719 2625 1764 2645 se-

979 2665 1066 2699 ipsam
1097 2665 1245 2696 consistat,
1265 2673 1313 2699 per
1328 2665 1560 2700 sapientissimum
1588 2663 1764 2691 Salomonem

979 2710 1061 2737 verba
1078 2710 1160 2742 facit,
1195 2709 1259 2737 dum
1277 2711 1342 2737 dicit
1358 2720 1379 2737 :i
1406 2710 1460 2745 Ego
1476 2709 1616 2745 Sapientia
1645 2709 1766 2736 habitavi

979 2757 1137 2789 consilium,
1167 2760 1194 2787 et
1211 2757 1411 2792 cognitionem,
1441 2761 1468 2784 et
1495 2757 1690 2792 cogitationem
1715 2763 1766 2791 ego

980 2803 1115 2836 invocavi,
1135 2813 1145 2829 ι
1164 2809 1191 2831 et
1206 2812 1267 2839 qua:
1283 2804 1326 2832 his
1350 2803 1479 2840 adjuncta
1507 2807 1581 2831 sunt.
1605 2803 1658 2831 Sed
1682 2802 1765 2830 etiam

980 2848 1056 2888 quasi
1074 2848 1097 2877 is
1113 2849 1158 2884 qui
1181 2849 1268 2885 ipsius
1295 2849 1414 2882 universi
1443 2849 1711 2880 administrationem
1739 2851 1766 2876 et
