2084 3216
314 163 364 196 551

632 165 770 199 EUSEB"
787 170 1029 198 C-ESANENSIS
1041 170 1117 198 OPP.
1136 170 1236 198 PARS.
1255 169 1290 198 ιι.
1309 185 1344 192 —-
1361 170 1610 199 APOLOGE'I’ICA.

1883 173 1937 201 552

314 227 515 262 providentiam
532 229 680 263 acceperit,
697 229 831 265 adiungit,
850 239 860 255 ‹
887 229 940 257 Per
961 237 1006 257 me
1027 235 1098 264 reges

1156 227 1214 254 πὼν
1251 228 1448 264 μνημονεύσειν
1482 228 1516 255 τὰ
1552 229 1582 261 ἐξ
1616 228 1730 261 αῑῶνος,
1758 229 1857 264 ἐπάγει
1890 231 1936 257 λέ-

314 278 430 309 regnant
450 295 457 307 ,
478 278 506 301 et
524 278 648 308 potentes
667 275 946 310 seribuntjustitiam
962 295 969 308 ,
990 283 1039 310 per
1057 283 1101 302 me

314 320 405 354 magni
431 320 482 346 viri
509 319 742 355 magnificantur;
766 331 776 347 ι
798 322 896 349 deinde
917 321 964 348 ubi
983 321 1052 349 dixit
1071 329 1101 349 se

313 371 527 395 memoraturum
543 375 604 402 qute
613 375 627 394 a
638 368 738 394 saeculo
749 373 823 400 sunt,
844 368 969 404 adiungit
987 368 1098 396 dicens:

315 421 325 438 Ι
352 413 483 441 Dominus
504 414 606 440 creavit
626 421 669 440 me
690 414 797 441 initium
815 414 920 441 viarum
940 422 1051 442 suarum
1073 415 1099 441 in

313 467 395 493 opera
416 467 476 491 sua,
506 463 568 486 ante
598 461 726 487 saeculum
756 460 879 488 fundavit
904 469 955 489 me.
981 471 990 487 ι
1018 461 1100 496 213

318 504 423 537 Quibus
449 505 539 532 verbis
567 505 675 532 interim
697 506 816 540 seipsum
848 506 978 541 genitum,
1013 513 1100 540 neque

312 549 437 576 eumdem
459 558 521 577 cum
548 550 670 585 lngenito
691 551 770 579 docet
781 559 858 583 esse,
875 559 938 578 eum
964 559 1030 578 sane
1052 551 1098 586 qui

312 599 377 622 ante
403 603 483 623 omne
501 603 588 623 aevum
603 597 751 624 essentiam
774 598 920 632 acceperit,
941 601 968 624 et
990 598 1017 624 in
1042 604 1101 623 mo-

312 642 378 670 dum
405 642 573 670 fundamenti
596 644 703 671 cunetis
716 644 815 679 genitis
841 644 922 671 rebus
943 645 1100 679 praemissus

312 689 359 716 sit.
376 688 414 715 Ex
431 697 486 724 quo
501 689 622 716 divinum
640 690 800 724 Apostolum
816 694 1004 725 argumentum
1021 697 1100 716 acce-

311 734 387 769 pisse
399 734 531 761 cretiibile
543 739 594 765 est,
610 738 639 762 ut
655 735 689 762 de
702 735 750 761 illo
765 735 879 766 diceret,
899 744 908 760 ι
919 734 970 767 Qui
985 738 1027 761 est
1038 735 1102 762 ima-

314 787 350 815 go
376 779 422 807 Dei
447 780 610 811 invisibilis,
630 780 826 815 primogenitus
849 781 938 808 omnis
959 785 1099 814 creaturae,

311 825 441 860 quoniam
459 826 486 852 in
501 827 560 861 ipso
576 826 685 853 condita
711 831 773 854 sunt
787 827 925 858 universa,
942 827 968 853 in
990 827 1060 854 caelo
1074 832 1101 854 et

311 871 339 898 in
363 876 435 898 terra
452 871 485 897 ’⁸.
511 880 520 897 ι
544 870 684 906 Siquidem
700 871 898 906 primogenitus
917 871 1007 899 omnis
1023 879 1101 899 erea-

311 921 380 944 turae
394 917 484 944 dictus
498 921 540 944 est
556 917 582 943 in
600 917 666 945 illo:
685 927 694 943 ι
717 917 847 944 Dominus
867 918 968 944 creavit
985 925 1028 944 me
1049 918 1101 944 ini-

312 963 382 989 tium
399 963 503 990 viarum
529 971 641 990 suarum
659 963 686 990 in
710 970 792 998 opera
815 971 874 990 sua.
896 973 904 989 ι
923 962 988 990 Jure
1011 968 1099 990 autem

311 1007 403 1043 imago
436 1009 482 1036 Dei
508 1009 689 1044 intelligetur,
719 1012 811 1044 utpote
837 1009 884 1043 qui
912 1009 1036 1043 genitura
1065 1009 1101 1035 sit

310 1053 437 1089 ingenita:
453 1059 566 1082 naturae.
583 1054 639 1081 lloe
664 1055 747 1090 igitur
776 1055 803 1081 in
830 1054 872 1081 his
900 1063 960 1090 qua
991 1056 1018 1082 in
1043 1063 1100 1082 ma-

310 1100 393 1128 nibus
408 1105 473 1128 sunt
497 1101 652 1132 conﬁtetur.
663 1101 708 1128 ubi
721 1102 757 1128 ait
772 1111 778 1129 :
798 1111 806 1126 ι
822 1103 972 1137 Antequam
995 1106 1102 1130 montes

312 1147 371 1175 suis
386 1147 497 1176 sedibus
515 1147 699 1179 ﬁrmarentur,
718 1158 726 1173 ι
741 1152 778 1180 et,
794 1158 803 1174 ι
817 1148 885 1176 Ante
897 1156 992 1175 omnes
1004 1149 1098 1179 colles.

310 1193 397 1228 gignit
415 1200 468 1220 me.
487 1203 496 1219 ι
513 1193 579 1220 lnde
594 1193 669 1219 illum
689 1193 785 1220 Filium
801 1194 923 1225 unicum,
941 1197 966 1220 et
982 1193 1098 1228 primum

312 1239 434 1273 genitum
452 1238 498 1266 Dei
514 1238 633 1266 Verbum
646 1240 826 1274 appellamus,
841 1241 888 1275 qui
904 1241 1012 1274 quidem
1028 1240 1098 1268 idem

313 1284 350 1310 sit
364 1291 426 1310 eum
440 1291 472 1311 ea
489 1283 629 1319 Sapientia
646 1284 680 1311 de
694 1292 746 1319 qua
763 1285 865 1312 dictum
889 1289 941 1313 est.
958 1285 1100 1318 Quomodo

311 1333 402 1356 autem
416 1329 569 1363 genitlu'am
583 1330 659 1356 illum
676 1338 737 1357 esse
753 1330 798 1358 Dei
815 1331 949 1363 dicamus,
963 1331 1032 1358 alius
1048 1332 1100 1359 erit

309 1377 338 1401 et
350 1374 478 1409 proprius
494 1375 639 1410 indagandi
652 1376 737 1409 locus,
754 1377 882 1411 quoniam
899 1385 986 1412 neque
1001 1385 1099 1405 secun-

313 1420 378 1447 dum
398 1420 604 1455 projectionem,
621 1429 709 1457 neque
731 1422 880 1449 secundum
901 1422 1097 1456 diductionem,

311 1469 359 1492 aut
374 1465 547 1498 divisionem,
569 1471 616 1493 aut
633 1466 854 1500 diminutionem,
876 1472 922 1495 aut
937 1469 1096 1501 sectionem,

311 1516 359 1538 aut
368 1511 480 1539 omnino
492 1512 641 1540 secundum
651 1513 754 1548 aliquid
763 1521 856 1541 eorum
866 1522 926 1549 qua:
935 1514 963 1542 in
973 1516 1098 1550 genitura

314 1557 420 1584 mortali
445 1557 516 1593 exigi
541 1558 640 1590 solent,
657 1559 820 1587 inetfabilem
838 1560 912 1588 illius
929 1561 1098 1596 procreatio-

313 1610 374 1630 nem
398 1603 550 1638 cogitamus
569 1614 574 1631 :
593 1612 680 1640 neque
698 1604 739 1632 fas
760 1609 802 1632 est
818 1605 880 1633 ullis
901 1606 1000 1641 genitis
1016 1607 1098 1635 rebus

313 1648 387 1676 illius
406 1652 453 1675 aut
467 1650 630 1684 genituram,
651 1655 698 1677 aut
713 1652 947 1687 propagationem,
965 1661 1026 1688 qua:
1038 1654 1099 1688 qui-

309 1694 371 1721 dem
389 1695 471 1722 nullis
487 1697 685 1730 nequeverbis,
702 1705 789 1732 neque
803 1699 960 1726 nominibus
975 1707 1100 1734 compre-

310 1740 391 1768 hendi
405 1746 504 1776 potest,
521 1743 637 1770 similem
650 1743 789 1777 arbitrari,
801 1752 890 1779 neque
904 1753 968 1772 vero
980 1745 1098 1780 aliquam

308 1786 348 1814 illi
363 1794 458 1814 eorum
477 1795 537 1823 qua:
560 1789 723 1823 temporaria
740 1793 766 1817 et
789 1791 915 1818 mortalia
932 1795 1006 1822 sunt,
1024 1799 1098 1818 com-

310 1839 408 1867 parare
429 1833 574 1869 imaginem
593 1843 599 1862 :
617 1835 745 1870 quoniam
763 1843 852 1870 neque
878 1837 1028 1864 secundum
1051 1844 1099 1864 eas

311 1876 468 1903 animalium
484 1879 699 1913 procreationes,
723 1887 783 1915 quae
799 1880 869 1915 apud
886 1888 936 1908 nos
958 1882 1097 1912 visuntur,

310 1921 458 1948 essentiam
479 1923 512 1950 de
526 1924 655 1956 essentia,
676 1933 791 1960 eamque
813 1925 977 1953 divisibilem
995 1931 1042 1953 aut
1056 1935 1099 1954 se—

311 1967 472 2001 parabilem,
486 1968 582 1996 Filium
598 1970 632 1998 de
647 1970 736 2003 Patre,
751 1971 879 2006 patiendo
890 1978 937 1999 aut
952 1973 1098 2000 dividendo

310 2012 456 2048 prodiisse,
473 2015 516 2048 pie
530 2015 620 2043 dicere
635 2024 782 2051 possumus
798 2026 804 2044 :
818 2021 909 2051 partes
923 2019 995 2045 enim
1009 2019 1098 2046 nullas

310 2059 403 2092 liabet,
420 2061 620 2096 insecabileque
633 2067 685 2094 est,
699 2063 770 2098 quod
786 2063 908 2090 divinum
921 2067 972 2095 est,
986 2072 1039 2091 non
1055 2072 1097 2091 se-

310 2110 400 2139 catur,
417 2114 471 2134 non
496 2107 636 2139 dividitur,
656 2116 709 2135 non
724 2109 891 2143 extenditur,
909 2118 962 2136 non
979 2111 1096 2144 corripi-

310 2155 365 2183 tur.
382 2160 436 2179 non
461 2153 640 2185 dimiuuitur,
657 2162 710 2181 non
733 2155 832 2189 majus,
848 2164 902 2182 non
928 2156 1017 2190 pejus,
1042 2164 1096 2182 non

310 2198 406 2226 melius
417 2199 464 2232 tit;
477 2207 529 2226 non
539 2199 619 2227 habet
634 2201 660 2227 in
674 2200 764 2234 seipse
775 2201 875 2235 aliquid
889 2201 961 2236 quod
976 2209 990 2227 a
1006 2203 1096 2236 seipso

1116 899 1138 929 B

1113 1577 1134 1605 (ἒ

1151 280 1216 306 γων·
1241 282 1251 298 ι
1279 273 1381 308 Κύριος
1403 273 1494 299 ἐκτισέ
1521 282 1555 309 με
1581 273 1667 309 ἀρχὴν
1689 274 1755 301 οδῶν
1781 275 1864 302 αὑτοῦ
1897 276 1937 307 είς

1151 317 1218 353 ἔργα
1251 318 1348 345 αὑτοῦ·
1381 319 1434 354 πρὸ
1458 319 1505 345 τοῦ
1536 319 1633 352 αἰῶνος
1657 320 1821 355 ἐθεμελίωσέ
1849 330 1882 357 με
1901 331 1907 336 ·
1925 332 1934 348 ο

1150 365 1184 391 δι’
1199 362 1236 392 ὢν
1251 365 1317 400 ὁμοῦ
1333 366 1379 393 καὶ
1399 367 1510 400 γενητὸν
1531 367 1637 399 ἑαυτὸν,
1655 367 1715 402 οὐχὶ
1736 367 1764 394 δὲ
1788 368 1832 394 τὸν
1855 368 1936 396 αὑτὸν

1150 410 1213 436 ὅντα
1225 410 1264 445 τῷ
1277 411 1427 446 Ἀγεννήτῳ
1447 410 1575 446 διδάσκει,
1597 411 1649 446 πρὸ
1666 412 1766 443 παντὸς
1780 412 1876 444 αίῶνος
1889 413 1936 439 οὐ-

1152 457 1293 492 σιωμένον,
1317 457 1441 492 θεμελίου
1456 466 1483 483 τε
1506 459 1604 493 τρόπον
1619 458 1672 485 τῶν
1689 459 1825 492 γεννητῶν
1847 460 1936 486 ἀπάν-

1150 511 1203 528 των
1220 502 1446 538 προϐεϐλημένον.
1459 503 1538 529 Ὅθεν
1549 503 1594 529 τὸν
1607 503 1678 529 θεῖον
1689 504 1848 530 Ἀπόστολον
1864 505 1936 538 εἰκὸς

1150 547 1309 584 ὁρμώμενον
1325 549 1388 584 περὶ
1409 549 1489 575 αὑτοῦ
1506 549 1588 583 φάναι
1600 557 1607 564 ο
1621 559 1630 574 ι
1647 550 1694 582 ’⁵ος
1709 551 1782 576 ἐστιν
1798 551 1877 577 εἰκὼν
1889 551 1936 578 τοῦ

1157 594 1294 629 Ἀοράτου,
1310 595 1479 630 πρωτᾶτοκος
1493 595 1583 630 πάσης
1607 596 1720 628 κτίσεως
1731 605 1738 612 ⁸
1760 597 1799 622 ὅτι
1816 597 1844 623 ἐν
1863 597 1937 632 αὖτῷ

1150 639 1262 675 ἐκτίσθη
1278 639 1313 666 τὰ
1330 641 1427 671 πάντα,
1447 640 1480 667 τὰ
1498 642 1526 667 ἐν
1589 641 1694 677 οὐρανῷ
1716 642 1762 668 καὶ
1780 642 1814 668 τὰ
1828 643 1874 669 ἐπὶ
1887 643 1937 678 τῆς

1150 686 1210 721 γῆς.
1228 696 1237 711 ι
1262 687 1434 722 Πρωτότοκος
1457 687 1506 722 μὲν
1528 687 1582 722 γὰρ
1605 686 1857 724 πάσης”ἀνεὶρηται
1881 689 1939 715 κτί-

1151 740 1229 764 σεως,
1247 732 1315 759 κατὰ
1331 732 1371 764 τὺ,
1389 742 1398 758 ι
1427 733 1528 768 Κύριος
1544 733 1633 759 ἔκτισέ
1650 742 1683 768 με
1700 734 1786 770 ἀρχὴν
1806 735 1873 761 ὁδῶν
1889 736 1939 762 αὑ-

1150 777 1196 804 τοῦ
1209 778 1248 809 είς
1259 777 1327 813 ἔργα
1340 777 1421 804 αὐτοῦ
1433 787 1440 793 ⁸
1453 788 1471 811 ,ι
1491 780 1576 805 νοοῖτο
1586 779 1608 804 δ’
1623 779 1655 805 ἂν
1672 780 1782 812 εἰκότως
1797 781 1878 807 εἰκὼν
1891 781 1938 808 τοῦ

1150 824 1227 856 Θεοῦ,
1242 824 1278 855 ὡς
1294 823 1326 850 ἂν
1345 824 1466 860 γέννημα
1479 825 1528 859 τῆς
1549 825 1696 860 ἁγεννήτου
1713 825 1819 860 φύσεως
1838 827 1939 862 τυγχά-

1151 878 1213 897 νων.
1231 869 1316 896 Τοῦτο
1331 870 1359 896 δὲ
1376 868 1421 896 οὖν
1442 871 1469 897 ὲν
1490 872 1546 902 τοῖς
1564 871 1631 906 μετὰ
1645 873 1738 906 χεῖρας
1755 871 1890 907 ὁμολογεῖ,
1904 873 1938 900 δι’

1151 913 1188 943 ὧν
1205 925 1287 952 φησι·
1310 927 1319 942 ι
1343 917 1399 953 Πρὸ
1419 917 1464 944 τοῦ
1482 918 1532 953 ὅρη
1547 918 1718 953 ἑδρασθῆναι,
1738 928 1747 944 ι
1771 919 1828 952 καὶ,
1848 929 1857 945 ι
1882 919 1940 954 Πρὸ

1151 962 1180 989 δὲ
1203 963 1311 990 πάντων
1333 962 1434 997 βουνῶν
1455 964 1535 998 γεννᾷ
1561 972 1603 998 με.
1624 973 1633 988 ι
1662 963 1757 990 Ἔνθεν
1773 964 1854 991 αὑτὸν
1874 964 1939 991 Υίὺν

1154 1009 1296 1045 μονογενῆ,
1320 1009 1367 1035 καὶ
1388 1009 1558 1044 πρωτότοκον
1581 1008 1625 1035 τοῦ
1650 1008 1717 1035 Θεοῦ
1740 1009 1825 1043 Λόγον
1841 1010 1940 1043 ἀναγο-

1153 1054 1267 1091 ρεύομεν
1280 1054 1324 1081 τὸν
1339 1054 1419 1081 αὐτὸν
1441 1054 1504 1080 ὅντα
1519 1055 1552 1089 τῇ
1571 1054 1721 1090 δηλουμένη
1735 1055 1829 1090 Σοφίᾳ.
1844 1055 1939 1086 Ὅπως

1151 1100 1179 1126 δὲ
1193 1100 1314 1136 γέννημα
1327 1101 1394 1127 Θεοῦ
1417 1101 1495 1127 αὑτὸν
1515 1099 1584 1127 εἷναί
1605 1109 1705 1136 φαμεν,
1725 1101 1793 1133 ἰδίας
1806 1101 1839 1127 ἂν
1853 1101 1939 1128 δέοιτο

1151 1146 1299 1179 ἐξετάσεως
1313 1154 1317 1158 ”
1337 1147 1398 1173 ἐπεὶ
1423 1147 1492 1182 μήτε
1509 1147 1579 1173 κατὰ
1594 1147 1743 1179 διάστασιν,
1759 1147 1775 1183 ἢ
1795 1147 1936 1182 διαίρεσιν,

1152 1192 1167 1227 ἢ
1185 1192 1305 1227 μείωσιν,
1319 1193 1336 1228 ἢ
1354 1192 1448 1227 τομὴν,
1461 1192 1477 1227 ἢ
1494 1192 1564 1218 κατὰ
1576 1201 1601 1218 τι
1612 1193 1680 1224 ὅλως
1694 1192 1746 1219 τῶν
1759 1193 1806 1219 ἐπὶ
1816 1192 1864 1228 τῆς
1878 1192 1939 1227 θνη-

1150 1237 1199 1271 τῆς
1213 1237 1346 1270 γενέσεως
1369 1236 1593 1272 ἐπιτελουμένων,
1615 1237 1664 1273 τὴν
1684 1237 1836 1272 ἀπόρρητον
1853 1237 1937 1264 αὐτοῦ

1150 1281 1353 1316 γενεςιουργίαν
1375 1281 1544 1315 ἐπινοοῦμεν.
1571 1281 1638 1308 Οὐδὲ
1656 1281 1710 1317 γὰρ
1735 1281 1814 1316 θέμις
1835 1282 1889 1308 τῶν
1908 1283 1938 1308 ὲν

1150 1328 1272 1360 γενητοῖς
1296 1335 1350 1352 τισι
1371 1327 1420 1362 τὴν
1437 1327 1555 1362 ἄρρητον
1578 1327 1625 1353 καὶ
1647 1328 1867 1362 ἀκατονόμαστον
1887 1329 1937 1354 αὒ-

1151 1371 1197 1398 τοῦ
1214 1372 1319 1406 γένεσίν
1330 1380 1360 1398 τε
1374 1373 1420 1398 καὶ
1431 1373 1556 1398 οὺσίωσιν
1568 1372 1724 1408 ἀφομοιοῦν,
1738 1373 1798 1400 οὺδέ
1811 1382 1873 1400 τινα.
1882 1374 1937 1400 τῶν

1150 1417 1300 1452 ἐπικαίρων
1325 1417 1373 1443 καὶ
1389 1417 1493 1452 θνητῶν
1518 1417 1702 1452 παραϐάλλειν
1726 1417 1800 1454 αὑτῷ
1822 1418 1935 1446 εἰκόνα·

1150 1463 1211 1489 ἐπεὶ
1228 1463 1294 1498 μηδὲ
1319 1462 1389 1489 κατὰ
1407 1463 1456 1494 τὰς
1479 1465 1543 1499 παρ’
1558 1464 1624 1499 ἡμῖν
1647 1464 1701 1490 τῶν
1717 1463 1795 1496 ζώων
1815 1463 1936 1498 γενέσεις

1150 1513 1243 1538 οὐσίαν
1259 1511 1287 1545 ἐξ
1311 1512 1403 1543 οὐσίας
1419 1512 1488 1538 κατὰ
1505 1512 1588 1544 πάθος
1603 1513 1619 1547 ἥ
1641 1513 1782 1549 διαίρεσιν,
1805 1513 1937 1550 μεριστὴν

1151 1560 1197 1585 καὶ
1212 1558 1348 1594 χωριστὴν
1367 1559 1399 1584 ὲκ
1411 1558 1457 1585 τοῦ
1475 1559 1580 1595 Harpe;
1596 1559 1803 1595 προεληλυθέναι
1815 1559 1861 1586 τὸν
1872 1560 1936 1586 Υίὺν

1151 1605 1231 1640 φάναι
1256 1605 1337 1631 ὅσιον.
1365 1604 1478 1640 Ἀμερὲς
1502 1604 1554 1640 γὰρ
1577 1605 1624 1631 καί
1637 1605 1736 1640 ἄτομον
1751 1605 1782 1631 τὸ
1801 1604 1888 1638 Θεῖον,
1904 1606 1935 1632 οὑ

1150 1650 1324 1685 τεμνόμενον,
1347 1650 1376 1675 οὗ
1399 1649 1595 1685 διαιρούμενον,
1615 1649 1664 1676 οὒκ
1687 1650 1882 1686 ἐκτεινόμενον,
1904 1650 1936 1677 οὐ

1151 1696 1318 1731 μειούμενον,
1334 1696 1364 1721 οὐ
1385 1695 1601 1730 συστελλόμενον,
1619 1696 1649 1722 οὐ
1672 1696 1772 1731 μεῖζον,
1788 1697 1817 1722 οὐ
1834 1697 1935 1732 χεῖρον,

1149 1742 1179 1767 οὐ
1196 1743 1317 1777 κρεῖττον
1335 1741 1416 1767 αὑτοῦ
1435 1741 1587 1777 γινόμενον,
1609 1741 1658 1768 οὐκ
1682 1742 1740 1776 ἔχον
1762 1750 1787 1768 τι
1807 1742 1835 1768 ἐν
1847 1741 1936 1777 ἑαυτῷ

1148 1786 1241 1821 ἕτερόν
1257 1794 1282 1811 τι
1302 1785 1394 1817 αὐτοῦ,
1413 1786 1455 1811 ἵνα
1469 1785 1516 1812 καὶ
1532 1786 1648 1822 πρόηται
1667 1785 1755 1813 τοῦτο.
1769 1787 1826 1813 Πᾶν
1839 1787 1893 1822 γὰρ
1904 1786 1936 1814 τὸ

1150 1829 1176 1855 ἐν
1188 1838 1240 1856 τινι
1256 1829 1297 1863 ὃν,
1317 1829 1332 1865 ἢ
1350 1830 1388 1862 ὠς
1402 1830 1583 1865 συμϐεϐηκὸς,
1601 1828 1655 1857 οἷον
1667 1831 1761 1858 λευκὸν
1776 1833 1805 1859 ἐν
1817 1831 1934 1867 σώματι,

1149 1876 1164 1912 ἦ
1179 1877 1216 1908 ὡς
1231 1877 1323 1913 ἕτερον
1338 1878 1367 1903 ἐν
1385 1877 1469 1911 ἑτέρῳ
1485 1877 1622 1912 τυγχάνει,
1642 1877 1680 1908 ὼς
1696 1877 1726 1904 τὸ
1740 1878 1769 1903 ὲν
1783 1879 1816 1913 τῇ
1833 1886 1934 1913 κυοφο-

1150 1923 1234 1959 ροὺοῃ
1254 1923 1324 1950 κατὰ
1344 1923 1461 1958 γαστρὸς
1477 1923 1728 1958 κυοςςορούμενον,ἢ
1745 1922 1782 1954 ὡς
1804 1923 1886 1958 μέρος
1905 1925 1935 1950 ὲν

1148 1970 1186 2006 τῷ
1210 1970 1271 2006 ὅλῳ,
1287 1971 1323 2002 ὡς
1339 1969 1371 1997 ἂν
1391 1972 1419 1997 ὲν
1442 1970 1546 2005 σώματι
1561 1970 1621 2005 χεὶρ
1637 1969 1653 2004 ἤ
1668 1970 1744 2001 ποῦς,
1767 1969 1784 2004 ἢ
1805 1969 1934 2002 δάκτυλος

1149 2017 1195 2042 τοῦ
1211 2017 1308 2047 παντὸς
1320 2016 1383 2042 ὄντα
1400 2016 1480 2052 μέρη,
1494 2012 1530 2042 ὧν
1545 2015 1686 2050 ἀποκοπὴν
1701 2015 1717 2050 ἧ
1731 2023 1791 2041 τινα
1811 2015 1898 2050 τομὴν
1915 2015 1932 2050 ἦ

1148 2062 1278 2098 διαίρεσιν
1295 2061 1474 2093 πεπονθότων,
1488 2061 1580 2092 ἀτελὲς
1592 2061 1638 2087 καὶ
1649 2060 1766 2092 κολοϐὸν,
1785 2060 1822 2092 ὡς
1836 2060 1870 2087 ἂν
1886 2060 1933 2087 τοῦ

1149 2107 1247 2144 μέρους
1257 2107 1525 2143 ἢκρωτηριασμὲνου,
1538 2106 1727 2133 ἀπολέλειπται
1738 2107 1767 2133 τὸ
1782 2107 1843 2133 πᾶν.
1854 2106 1933 2133 Ἀλλὰ

1147 2153 1201 2188 γὰρ
1221 2154 1267 2180 καὶ
1283 2153 1312 2179 τὸ
1331 2154 1414 2180 εἰκόνι
1429 2153 1515 2187 τοιᾷδε
1533 2152 1579 2178 καὶ
1595 2151 1721 2187 ὁμοιώσει
1744 2151 1861 2188 χρῆσθαι
1885 2152 1934 2178 ἐπὶ

1147 2202 1195 2235 τῆς
1211 2200 1357 2235 ἀγεννήτου
1373 2199 1478 2233 φύσεως
1493 2199 1539 2225 τοῦ
1555 2199 1608 2224 τῶν
1631 2199 1698 2225 ὅλων
1719 2196 1795 2230 Θεοῦ,
1821 2198 1866 2224 καὶ
1882 2197 1933 2232 τῆς

308 2243 344 2271 sit
363 2244 447 2276 aliud,
471 2248 500 2271 ut
511 2245 576 2271 illud
595 2245 684 2279 possit
701 2246 821 2279 abjicere
837 2255 843 2273 z
865 2246 998 2280 quidquid
1020 2248 1092 2274 enim

1148 2246 1207 2274 τοῦ,
1223 2245 1390 2279 Μονογενοῦς
1412 2245 1494 2271 αὑτοῦ
1517 2245 1564 2271 καὶ⁸
1584 2245 1758 2280 Πρωτοτόκου
1789 2244 1931 2278 γενέσεως,

307 2290 442 2325 iri-aliquo
458 2295 510 2322 est,
530 2295 577 2317 aut
592 2295 634 2318 est
650 2295 779 2326 tanquam
795 2292 934 2324 accidens,
957 2296 986 2318 ut
1003 2293 1094 2320 album

307 2335 336 2362 in
353 2343 477 2369 corpore,
496 2340 543 2363 aut
564 2341 692 2371 tanquam
707 2336 780 2364 aiiud
807 2337 833 2363 in
848 2337 911 2367 aiio.
928 2341 958 2364 ut
982 2338 1008 2364 in
1025 2346 1095 2372 prae-

308 2385 408 2417 gnante
429 2381 500 2410 fetus
522 2391 602 2417 quem
624 2383 650 2410 in
673 2387 749 2410 utero
771 2387 873 2418 gestat,
888 2388 943 2410 aut
965 2388 1104 2418 tanquam"

307 2435 371 2462 pars
384 2427 411 2454 in
429 2431 496 2459 toto,
516 2434 544 2454 ut
559 2428 585 2455 in
608 2435 722 2463 corpore
738 2436 846 2459 manus,
864 2428 904 2455 vel
921 2436 978 2463 pes,
995 2429 1037 2456 vel
1053 2428 1102 2455 di-*

307 2473 391 2508 gitus,
407 2481 467 2508 qua:
483 2474 566 2501 totius
581 2478 645 2502 sunt
663 2480 763 2509 partes,
775 2481 891 2509 quarum
907 2475 930 2501 si
946 2475 1096 2501 abscissio-

308 2526 380 2549 nem,
407 2524 454 2545 aut
475 2520 624 2546 sectionem
647 2520 776 2554 aliquam.
799 2524 846 2546 aut
867 2520 1028 2547 divisionem
1046 2527 1094 2554 pa-

309 2566 411 2591 tiantur
435 2573 560 2600 corpora,
583 2566 771 2600 imperfectum
797 2573 828 2592 ac
853 2565 978 2591 mutilum
1005 2565 1093 2600 ipsum

309 2611 407 2639 totum,
424 2610 506 2636 veluti
532 2615 634 2637 innima
657 2614 731 2645 parte
747 2613 897 2644 amputata,
919 2610 1092 2644 relinquitur.

310 2653 343 2678 At
358 2653 430 2679 enim
451 2654 477 2680 in
500 2655 618 2689 ingenita
638 2655 748 2682 maximi
769 2654 816 2682 Dei
833 2660 946 2686 natura,
963 2654 1046 2691 214
1066 2659 1093 2682 et

311 2698 337 2724 in
354 2699 426 2725 unici
439 2700 559 2733 ejusdem
575 2702 716 2736 primoque
723 2701 806 2736 geniti
821 2701 880 2728 Filii
894 2703 1091 2736 procreatione,

309 2744 390 2770 talem
413 2752 544 2779 usurpare
565 2747 708 2782 imaginem
733 2751 780 2774 aut
794 2747 1012 2779 similitudinem,
1034 2755 1093 2774 om-

311 2788 385 2815 nium
400 2797 460 2824 qua:
470 2791 552 2825 impia
566 2796 640 2825 sunt,
652 2793 769 2821 maxime
785 2793 898 2828 impium
910 2794 954 2822 sit.
971 2792 1031 2820 Non
1043 2793 1093 2828 igi-

347 2879 370 2897 "
381 2879 471 2909 Colos.
482 2873 509 2916 il,
531 2883 575 2910 15.

1146 2293 1254 2319 πάντων
1267 2291 1299 2318 ἂν
1316 2290 1358 2321 εἴη
1373 2291 1561 2317 ἀσεϐέστατον.
1577 2290 1614 2316 υῦ
1635 2290 1723 2316 τοίνυν
1738 2289 1774 2321 ὡς
1793 2289 1886 2325 ἕτερον
1903 2291 1932 2316 ὲν

1146 2339 1240 2373 ἑτέρῳ,
1255 2337 1283 2370 ἐξ
1300 2337 1419 2371 ἀπείρων
1444 2336 1491 2362 καὶ
1512 2336 1636 2372 ἀνάρχων
1658 2335 1763 2362 αἰώνων
1781 2333 1816 2371 ἦν
1835 2337 1850 2362 ὁ
1869 2335 1932 2367 Υἱὸς

1145 2385 1290 2420 ἀγέννητος
1305 2385 1333 2410 ἐν
1345 2384 1382 2419 τῷ
1394 2384 1490 2419 Πατρὶ,
1508 2383 1590 2418 μέρος
1603 2382 1640 2409 ὢν
1659 2382 1751 2413 αὑτοῦ,
1767 2381 1781 2408 ὃ
1797 2381 1932 2417 μεταϐλη-

1145 2429 1190 2456 οὲν
1206 2429 1317 2464 ὕστερον
1331 2429 1377 2456 καί
1396 2428 1511 2455 κενωϐὲν
1526 2428 1602 2460 ἐκτὸς
1618 2427 1698 2454 αὐτοῦ
1714 2426 1807 2461 γέγονε
1820 2435 1826 2442 ·
1843 2428 1930 2462 τροπῇ

1145 2476 1199 2512 γὰρ
1219 2477 1287 2511 αὐτῇ
1309 2476 1359 2511 ἤδη
1383 2475 1460 2501 τοῦτο
1478 2475 1576 2500 οἰκεῖον
1589 2483 1595 2488 ·
1619 2477 1665 2500 καὶ
1683 2473 1730 2500 δύο
1747 2473 1772 2507 γ’
1794 2472 1827 2499 ἂν
1843 2471 1930 2503 οὕτως

1144 2522 1278 2557 ἀγέννητοι
1293 2519 1356 2553 εἷεν,
1371 2521 1401 2547 τὸ
1421 2519 1606 2555 προὸεϐληκὺς
1626 2519 1671 2545 καὶ
1688 2519 1717 2545 τὸ
1740 2517 1930 2554 προόεϐλημέ-

1144 2576 1197 2595 νον.
1215 2567 1269 2594 Καὶ
1291 2568 1332 2598 τίς
1344 2566 1377 2602 ἦν
1396 2567 1562 2598 κατάστασις
1583 2566 1732 2602 κρείττωνς
1747 2563 1819 2600 Ἀρα
1839 2565 1856 2600 ἡ
1879 2564 1931 2600 πρὸ

1143 2613 1192 2647 τῆς
1218 2613 1322 2647 τροπῆς
1348 2612 1396 2647 τῆς
1421 2613 1490 2639 κατὰ
1515 2612 1565 2648 τὴν
1589 2611 1721 2647 προϐολὴν
1745 2610 1929 2642 διαστάσεως;

1144 2659 1249 2686 Οὖκουν
1264 2658 1301 2690 ὡς
1318 2658 1398 2694 μέρος
1413 2659 1429 2694 ἦ
1449 2658 1536 2692 μέλος
1559 2658 1713 2693 ἀγεννήτως
1735 2656 1874 2692 ἡνωμένον
1887 2657 1932 2683 ἀεὶ

1143 2705 1284 2740 πρότερον,
1309 2704 1449 2730 ἔπειτα”δὲ
1475 2703 1585 2730 διαπτὰν
1609 2704 1656 2730 καὶ
1677 2703 1760 2738 χωρὶς
1785 2702 1930 2737 γενόμενον

1142 2751 1188 2777 τοῦ
1203 2750 1274 2781 ὅλου,
1288 2750 1333 2776 τὸν
1349 2750 1412 2776 Υἱὸν
1435 2750 1488 2776 ἀπὸ
1507 2749 1554 2776 τοῦ
1570 2749 1674 2784 Πατρὸς
1689 2746 1744 2776 οἷόν
1757 2757 1787 2775 τε
1800 2749 1930 2789 ἐπινοεῖν.

1146 2797 1268 2832 Ἀρῤητα
1283 2796 1336 2832 γὰρ
1359 2797 1404 2823 καὶ
1427 2796 1554 2831 ἄντικρυς
1568 2795 1655 2830 ἀσεϐῆ
1679 2794 1774 2827 ταῦτα,
1792 2794 1859 2830 ὕλης
1880 2794 1931 2832 μὶν

1475 2850 1487 2860 ι
