  <div class='ocr_page' id='page_1' title='image "/cluster/home/n/w/nwhite01/storage/ocr_20150623/22/njp.32101077772497/216.png"; bbox 0 0 2084 3216; ppageno 0'>
   <div class='ocr_carea' id='block_1_1' title="bbox 147 187 205 216">
    <p class='ocr_par' dir='ltr' id='par_1_1' title="bbox 147 187 205 216">
     <span class='ocr_line' id='line_1_1' title="bbox 147 187 205 216; baseline -0.017 0"><span class='ocrx_word' id='word_1_1' title='bbox 147 187 205 216; x_wconf 72' lang='lat'><strong>353</strong></span> 
     </span>
    </p>
   </div>
   <div class='ocr_carea' id='block_1_2' title="bbox 628 183 1349 216">
    <p class='ocr_par' dir='ltr' id='par_1_2' title="bbox 628 183 1349 216">
     <span class='ocr_line' id='line_1_2' title="bbox 628 183 1349 216; baseline 0 -2"><span class='ocrx_word' id='word_1_2' title='bbox 628 185 956 216; x_wconf 72' lang='lat' dir='ltr'><strong>DEMONSTRATlONlS</strong></span> <span class='ocrx_word' id='word_1_3' title='bbox 975 183 1203 215; x_wconf 69' lang='lat' dir='ltr'><strong>EVANGELICAS</strong></span> <span class='ocrx_word' id='word_1_4' title='bbox 1226 184 1293 214; x_wconf 85' lang='lat' dir='ltr'><strong>LIB.</strong></span> <span class='ocrx_word' id='word_1_5' title='bbox 1314 184 1349 214; x_wconf 77' lang='grc' dir='ltr'>ν.</span> 
     </span>
    </p>
   </div>
   <div class='ocr_carea' id='block_1_3' title="bbox 1736 189 1798 218">
    <p class='ocr_par' dir='ltr' id='par_1_3' title="bbox 1736 189 1798 218">
     <span class='ocr_line' id='line_1_3' title="bbox 1736 189 1798 218; baseline 0 -22"><span class='ocrx_word' id='word_1_6' title='bbox 1736 189 1798 218; x_wconf 59' lang='lat' dir='ltr'><strong>m.</strong></span> 
     </span>
    </p>
   </div>
   <div class='ocr_carea' id='block_1_4' title="bbox 151 245 945 283">
    <p class='ocr_par' dir='ltr' id='par_1_4' title="bbox 151 246 945 283">
     <span class='ocr_line' id='line_1_4' title="bbox 151 246 945 283; baseline -0.001 -9"><span class='ocrx_word' id='word_1_7' title='bbox 151 247 218 274; x_wconf 72' lang='lat' dir='ltr'><strong>b-rra</strong></span> <span class='ocrx_word' id='word_1_8' title='bbox 239 246 383 283; x_wconf 80' lang='grc' dir='ltr'>σωμάτων</span> <span class='ocrx_word' id='word_1_9' title='bbox 406 248 503 278; x_wconf 68' lang='grc' dir='ltr'>οἰκεῖα.</span> <span class='ocrx_word' id='word_1_10' title='bbox 523 247 572 283; x_wconf 86' lang='grc' dir='ltr'><strong>τῆς</strong></span> <span class='ocrx_word' id='word_1_11' title='bbox 582 246 613 273; x_wconf 73' lang='grc' dir='ltr'><strong>’δὲ</strong></span> <span class='ocrx_word' id='word_1_12' title='bbox 630 247 778 282; x_wconf 74' lang='grc' dir='ltr'><strong>ἀσωμάτου</strong></span> <span class='ocrx_word' id='word_1_13' title='bbox 802 248 849 274; x_wconf 76' lang='grc' dir='ltr'>καὶ</span> <span class='ocrx_word' id='word_1_14' title='bbox 869 247 945 274; x_wconf 73' lang='grc' dir='ltr'>ἀῡλοι</span> 
     </span>
    </p>
   </div>
   <div class='ocr_carea' id='block_1_5' title="bbox 994 245 1794 283">
    <p class='ocr_par' dir='ltr' id='par_1_5' title="bbox 1006 245 1794 283">
     <span class='ocr_line' id='line_1_5' title="bbox 1006 245 1794 283; baseline 0.001 -9"><span class='ocrx_word' id='word_1_15' title='bbox 1006 250 1051 274; x_wconf 91' lang='lat' dir='ltr'><strong>tur</strong></span> <span class='ocrx_word' id='word_1_16' title='bbox 1067 252 1197 282; x_wconf 85' lang='lat' dir='ltr'><strong>tanquam</strong></span> <span class='ocrx_word' id='word_1_17' title='bbox 1221 245 1295 274; x_wconf 79' lang='lat' dir='ltr'><strong>aliud</strong></span> <span class='ocrx_word' id='word_1_18' title='bbox 1311 245 1339 273; x_wconf 88' lang='lat' dir='ltr'><strong>in</strong></span> <span class='ocrx_word' id='word_1_19' title='bbox 1355 245 1420 278; x_wconf 81' lang='lat' dir='ltr'><strong>alio,</strong></span> <span class='ocrx_word' id='word_1_20' title='bbox 1436 250 1469 274; x_wconf 76' lang='lat' dir='ltr'><strong>ex</strong></span> <span class='ocrx_word' id='word_1_21' title='bbox 1485 245 1599 274; x_wconf 86' lang='lat' dir='ltr'><strong>inlinltis</strong></span> <span class='ocrx_word' id='word_1_22' title='bbox 1613 250 1640 274; x_wconf 86' lang='lat' dir='ltr'><strong>et</strong></span> <span class='ocrx_word' id='word_1_23' title='bbox 1657 245 1794 283; x_wconf 76' lang='lat' dir='ltr'><strong>principio</strong></span> 
     </span>
    </p>
   </div>
   <div class='ocr_carea' id='block_1_6' title="bbox 155 291 949 329">
    <p class='ocr_par' dir='ltr' id='par_1_6' title="bbox 155 291 949 329">
     <span class='ocr_line' id='line_1_6' title="bbox 155 291 949 329; baseline -0.001 -10"><span class='ocrx_word' id='word_1_24' title='bbox 155 293 262 327; x_wconf 71' lang='grc' dir='ltr'>φύσεως</span> <span class='ocrx_word' id='word_1_25' title='bbox 283 292 425 329; x_wconf 78' lang='grc' dir='ltr'>ἀλλότρια.</span> <span class='ocrx_word' id='word_1_26' title='bbox 442 291 487 318; x_wconf 75' lang='grc' dir='ltr'><strong>Διὸ</strong></span> <span class='ocrx_word' id='word_1_27' title='bbox 509 291 580 318; x_wconf 81' lang='grc' dir='ltr'><strong>κατά</strong></span> <span class='ocrx_word' id='word_1_28' title='bbox 604 292 698 327; x_wconf 81' lang='grc' dir='ltr'>καιρὸν</span> <span class='ocrx_word' id='word_1_29' title='bbox 724 292 835 324; x_wconf 71' lang='grc' dir='ltr'>εἰκότως</span> <span class='ocrx_word' id='word_1_30' title='bbox 857 292 888 319; x_wconf 77' lang='grc' dir='ltr'>ἄν</span> <span class='ocrx_word' id='word_1_31' title='bbox 907 300 949 323; x_wconf 88' lang='grc' dir='ltr'><strong>τις</strong></span> 
     </span>
    </p>
   </div>
   <div class='ocr_carea' id='block_1_7' title="bbox 159 337 949 374">
    <p class='ocr_par' dir='ltr' id='par_1_7' title="bbox 159 337 949 374">
     <span class='ocr_line' id='line_1_7' title="bbox 159 337 949 374; baseline -0.003 -8"><span class='ocrx_word' id='word_1_32' title='bbox 159 338 275 366; x_wconf 71' lang='grc' dir='ltr'>ὶνταῦθα</span> <span class='ocrx_word' id='word_1_33' title='bbox 291 339 376 365; x_wconf 84' lang='grc' dir='ltr'>πάλιν</span> <span class='ocrx_word' id='word_1_34' title='bbox 388 338 428 371; x_wconf 82' lang='grc' dir='ltr'>τὸ,</span> <span class='ocrx_word' id='word_1_35' title='bbox 449 348 458 364; x_wconf 82' lang='grc' dir='ltr'><strong>ι</strong></span> <span class='ocrx_word' id='word_1_36' title='bbox 472 337 527 374; x_wconf 84' lang='grc' dir='ltr'><strong>Τὴν</strong></span> <span class='ocrx_word' id='word_1_37' title='bbox 542 338 649 372; x_wconf 82' lang='grc' dir='ltr'>γένεσιν</span> <span class='ocrx_word' id='word_1_38' title='bbox 667 338 750 365; x_wconf 82' lang='grc' dir='ltr'>αὑτοῦ</span> <span class='ocrx_word' id='word_1_39' title='bbox 763 338 805 369; x_wconf 82' lang='grc' dir='ltr'><strong>τίς</strong></span> <span class='ocrx_word' id='word_1_40' title='bbox 819 338 949 373; x_wconf 77' lang='grc' dir='ltr'>διηγήσε-</span> 
     </span>
    </p>
   </div>
   <div class='ocr_carea' id='block_1_8' title="bbox 160 385 949 421">
    <p class='ocr_par' dir='ltr' id='par_1_8' title="bbox 160 385 949 421">
     <span class='ocr_line' id='line_1_8' title="bbox 160 385 949 421; baseline 0 -9"><span class='ocrx_word' id='word_1_41' title='bbox 160 394 217 418; x_wconf 77' lang='grc' dir='ltr'>ταις</span> <span class='ocrx_word' id='word_1_42' title='bbox 239 395 248 412; x_wconf 76' lang='grc' dir='ltr'><strong>ι</strong></span> <span class='ocrx_word' id='word_1_43' title='bbox 267 385 470 420; x_wconf 72' lang='grc' dir='ltr'><strong>ἀναφθέγξαιτο</strong></span> <span class='ocrx_word' id='word_1_44' title='bbox 500 385 551 412; x_wconf 83' lang='grc' dir='ltr'><strong>ἄν·</strong></span> <span class='ocrx_word' id='word_1_45' title='bbox 577 385 670 420; x_wconf 77' lang='grc' dir='ltr'>ἐπειδὴ</span> <span class='ocrx_word' id='word_1_46' title='bbox 692 385 739 411; x_wconf 74' lang='grc' dir='ltr'><strong>καὶ</strong></span> <span class='ocrx_word' id='word_1_47' title='bbox 755 385 803 421; x_wconf 81' lang='grc' dir='ltr'>τὴν</span> <span class='ocrx_word' id='word_1_48' title='bbox 826 385 949 412; x_wconf 71' lang='grc' dir='ltr'>ἐναντίαν</span> 
     </span>
    </p>
   </div>
   <div class='ocr_carea' id='block_1_9' title="bbox 161 430 949 464">
    <p class='ocr_par' dir='ltr' id='par_1_9' title="bbox 161 430 949 464">
     <span class='ocr_line' id='line_1_9' title="bbox 161 430 949 464; baseline -0.003 -5"><span class='ocrx_word' id='word_1_49' title='bbox 161 432 245 459; x_wconf 78' lang='grc' dir='ltr'>ἐλθεῖν</span> <span class='ocrx_word' id='word_1_50' title='bbox 257 433 309 459; x_wconf 81' lang='grc' dir='ltr'><strong>οὐκ</strong></span> <span class='ocrx_word' id='word_1_51' title='bbox 323 431 473 463; x_wconf 83' lang='grc' dir='ltr'>ἀκίνδυνον,</span> <span class='ocrx_word' id='word_1_52' title='bbox 489 432 535 458; x_wconf 75' lang='grc' dir='ltr'>καὶ</span> <span class='ocrx_word' id='word_1_53' title='bbox 551 431 644 462; x_wconf 83' lang='grc' dir='ltr'>ἁπλῶς</span> <span class='ocrx_word' id='word_1_54' title='bbox 656 430 742 457; x_wconf 68' lang='grc' dir='ltr'>οὕτως</span> <span class='ocrx_word' id='word_1_55' title='bbox 754 430 783 464; x_wconf 77' lang='grc' dir='ltr'><strong>ἐξ</strong></span> <span class='ocrx_word' id='word_1_56' title='bbox 803 431 852 457; x_wconf 86' lang='grc' dir='ltr'><strong>οὐκ</strong></span> <span class='ocrx_word' id='word_1_57' title='bbox 865 431 949 457; x_wconf 72' lang='grc' dir='ltr'>ὄντων</span> 
     </span>
    </p>
   </div>
   <div class='ocr_carea' id='block_1_10' title="bbox 159 477 950 514">
    <p class='ocr_par' dir='ltr' id='par_1_10' title="bbox 159 477 950 514">
     <span class='ocr_line' id='line_1_10' title="bbox 159 477 950 514; baseline -0.005 -8"><span class='ocrx_word' id='word_1_58' title='bbox 159 479 288 514; x_wconf 73' lang='grc' dir='ltr'>γεννητὸν</span> <span class='ocrx_word' id='word_1_59' title='bbox 321 478 367 505; x_wconf 82' lang='grc' dir='ltr'><strong>τὸν</strong></span> <span class='ocrx_word' id='word_1_60' title='bbox 388 477 451 503; x_wconf 83' lang='grc' dir='ltr'><strong>Υἱδν</strong></span> <span class='ocrx_word' id='word_1_61' title='bbox 474 478 531 508; x_wconf 86' lang='grc' dir='ltr'>τοῖς</span> <span class='ocrx_word' id='word_1_62' title='bbox 556 477 658 508; x_wconf 80' lang='grc' dir='ltr'>λοιποῖς</span> <span class='ocrx_word' id='word_1_63' title='bbox 681 478 819 512; x_wconf 78' lang='grc' dir='ltr'><strong>γεννητοῖς</strong></span> <span class='ocrx_word' id='word_1_64' title='bbox 849 477 950 512; x_wconf 78' lang='grc' dir='ltr'>ὁμοίως</span> 
     </span>
    </p>
   </div>
   <div class='ocr_carea' id='block_1_11' title="bbox 159 522 947 560">
    <p class='ocr_par' dir='ltr' id='par_1_11' title="bbox 159 522 947 560">
     <span class='ocr_line' id='line_1_11' title="bbox 159 522 947 560; baseline -0.004 -9"><span class='ocrx_word' id='word_1_65' title='bbox 159 524 369 560; x_wconf 78' lang='grc' dir='ltr'>ἀποφήνασθαι·</span> <span class='ocrx_word' id='word_1_66' title='bbox 393 523 458 559; x_wconf 85' lang='grc' dir='ltr'>άλλη</span> <span class='ocrx_word' id='word_1_67' title='bbox 483 523 536 558; x_wconf 81' lang='grc' dir='ltr'><strong>γὰρ</strong></span> <span class='ocrx_word' id='word_1_68' title='bbox 561 522 625 549; x_wconf 85' lang='grc' dir='ltr'>Υίοῦ</span> <span class='ocrx_word' id='word_1_69' title='bbox 651 523 765 556; x_wconf 77' lang='grc' dir='ltr'>γένεσις,</span> <span class='ocrx_word' id='word_1_70' title='bbox 786 522 832 549; x_wconf 74' lang='grc' dir='ltr'><strong>καὶ</strong></span> <span class='ocrx_word' id='word_1_71' title='bbox 848 522 947 558; x_wconf 71' lang='grc' dir='ltr'><strong>ἄλ).ηὴ</strong></span> 
     </span>
    </p>
   </div>
   <div class='ocr_carea' id='block_1_12' title="bbox 158 562 949 606">
    <p class='ocr_par' dir='ltr' id='par_1_12' title="bbox 158 562 949 606">
     <span class='ocr_line' id='line_1_12' title="bbox 158 562 949 606; baseline -0.003 -8"><span class='ocrx_word' id='word_1_72' title='bbox 158 571 202 598; x_wconf 70' lang='grc' dir='ltr'>διὰ</span> <span class='ocrx_word' id='word_1_73' title='bbox 219 570 267 598; x_wconf 79' lang='grc' dir='ltr'>τοῦ</span> <span class='ocrx_word' id='word_1_74' title='bbox 288 570 354 598; x_wconf 84' lang='grc' dir='ltr'>Υἱοῦ</span> <span class='ocrx_word' id='word_1_75' title='bbox 376 562 550 605; x_wconf 68' lang='grc' dir='ltr'>δημιουργία.</span> <span class='ocrx_word' id='word_1_76' title='bbox 575 569 654 595; x_wconf 75' lang='grc' dir='ltr'>Ἀλλὰ</span> <span class='ocrx_word' id='word_1_77' title='bbox 669 569 722 606; x_wconf 73' lang='grc' dir='ltr'><strong>γὰρ</strong></span> <span class='ocrx_word' id='word_1_78' title='bbox 739 569 834 604; x_wconf 79' lang='grc' dir='ltr'>ὥσπερ</span> <span class='ocrx_word' id='word_1_79' title='bbox 849 570 865 604; x_wconf 82' lang='grc' dir='ltr'>ἡ</span> <span class='ocrx_word' id='word_1_80' title='bbox 889 569 949 596; x_wconf 78' lang='grc' dir='ltr'>θεία</span> 
     </span>
    </p>
   </div>
   <div class='ocr_carea' id='block_1_13' title="bbox 158 615 949 652">
    <p class='ocr_par' dir='ltr' id='par_1_13' title="bbox 158 615 949 652">
     <span class='ocr_line' id='line_1_13' title="bbox 158 615 949 652; baseline -0.004 -9"><span class='ocrx_word' id='word_1_81' title='bbox 158 617 254 652; x_wconf 78' lang='grc' dir='ltr'>Γραφὴ</span> <span class='ocrx_word' id='word_1_82' title='bbox 269 615 328 643; x_wconf 73' lang='grc' dir='ltr'>τοτὲ</span> <span class='ocrx_word' id='word_1_83' title='bbox 344 615 394 651; x_wconf 83' lang='grc' dir='ltr'><strong>μὲν</strong></span> <span class='ocrx_word' id='word_1_84' title='bbox 408 615 579 650; x_wconf 78' lang='grc' dir='ltr'><strong>πρωτότοκον</strong></span> <span class='ocrx_word' id='word_1_85' title='bbox 595 615 684 650; x_wconf 76' lang='grc' dir='ltr'>πάσης</span> <span class='ocrx_word' id='word_1_86' title='bbox 701 615 814 646; x_wconf 78' lang='grc' dir='ltr'>κτίσεως</span> <span class='ocrx_word' id='word_1_87' title='bbox 827 615 871 641; x_wconf 64' lang='grc' dir='ltr'><strong>τὸν</strong></span> <span class='ocrx_word' id='word_1_88' title='bbox 887 615 949 640; x_wconf 79' lang='grc' dir='ltr'>Υἱδν</span> 
     </span>
    </p>
   </div>
   <div class='ocr_carea' id='block_1_14' title="bbox 158 660 948 698">
    <p class='ocr_par' dir='ltr' id='par_1_14' title="bbox 158 660 948 698">
     <span class='ocr_line' id='line_1_14' title="bbox 158 660 948 698; baseline -0.003 -9"><span class='ocrx_word' id='word_1_89' title='bbox 158 661 318 698; x_wconf 75' lang='grc' dir='ltr'><strong>ἀναγορεύει</strong></span> <span class='ocrx_word' id='word_1_90' title='bbox 336 662 364 695; x_wconf 76' lang='grc' dir='ltr'><strong>ἐξ</strong></span> <span class='ocrx_word' id='word_1_91' title='bbox 379 661 461 688; x_wconf 72' lang='grc' dir='ltr'>αὐτοῦ</span> <span class='ocrx_word' id='word_1_92' title='bbox 476 660 633 696; x_wconf 76' lang='grc' dir='ltr'><strong>προσώπου,</strong></span> <span class='ocrx_word' id='word_1_93' title='bbox 649 661 688 692; x_wconf 81' lang='grc' dir='ltr'>τὸ,</span> <span class='ocrx_word' id='word_1_94' title='bbox 719 671 726 685; x_wconf 91' lang='grc' dir='ltr'><strong>ι</strong></span> <span class='ocrx_word' id='word_1_95' title='bbox 744 661 845 696; x_wconf 76' lang='grc' dir='ltr'>Κύριος</span> <span class='ocrx_word' id='word_1_96' title='bbox 860 661 948 687; x_wconf 77' lang='grc' dir='ltr'>ἑκτισέ</span> 
     </span>
    </p>
   </div>
   <div class='ocr_carea' id='block_1_15' title="bbox 160 707 949 744">
    <p class='ocr_par' dir='ltr' id='par_1_15' title="bbox 160 707 949 744">
     <span class='ocr_line' id='line_1_15' title="bbox 160 707 949 744; baseline -0.003 -9"><span class='ocrx_word' id='word_1_97' title='bbox 160 717 193 744; x_wconf 84' lang='grc' dir='ltr'>με</span> <span class='ocrx_word' id='word_1_98' title='bbox 205 709 293 744; x_wconf 77' lang='grc' dir='ltr'>ἀρχὴν</span> <span class='ocrx_word' id='word_1_99' title='bbox 306 708 372 735; x_wconf 78' lang='grc' dir='ltr'>ὁδῶν</span> <span class='ocrx_word' id='word_1_100' title='bbox 388 707 481 739; x_wconf 79' lang='grc' dir='ltr'>αὑτοῦ,</span> <span class='ocrx_word' id='word_1_101' title='bbox 499 717 507 732; x_wconf 84' lang='grc' dir='ltr'><strong>ι</strong></span> <span class='ocrx_word' id='word_1_102' title='bbox 528 707 667 742; x_wconf 72' lang='grc' dir='ltr'>φάσκουσα</span> <span class='ocrx_word' id='word_1_103' title='bbox 681 715 688 722; x_wconf 72' lang='grc' dir='ltr'><strong>ο</strong></span> <span class='ocrx_word' id='word_1_104' title='bbox 707 708 766 733; x_wconf 73' lang='grc' dir='ltr'>τοτὲ</span> <span class='ocrx_word' id='word_1_105' title='bbox 783 707 810 733; x_wconf 81' lang='grc' dir='ltr'><strong>δὲ</strong></span> <span class='ocrx_word' id='word_1_106' title='bbox 828 707 949 742; x_wconf 75' lang='grc' dir='ltr'>γέννημα</span> 
     </span>
    </p>
   </div>
   <div class='ocr_carea' id='block_1_16' title="bbox 158 752 949 790">
    <p class='ocr_par' dir='ltr' id='par_1_16' title="bbox 158 752 949 790">
     <span class='ocr_line' id='line_1_16' title="bbox 158 752 949 790; baseline -0.003 -8"><span class='ocrx_word' id='word_1_107' title='bbox 158 754 203 782; x_wconf 75' lang='grc' dir='ltr'>τοῦ</span> <span class='ocrx_word' id='word_1_108' title='bbox 223 755 330 790; x_wconf 71' lang='grc' dir='ltr'>Πατρδς</span> <span class='ocrx_word' id='word_1_109' title='bbox 351 752 433 785; x_wconf 69' lang='grc' dir='ltr'>εἶναι,</span> <span class='ocrx_word' id='word_1_110' title='bbox 448 753 521 787; x_wconf 80' lang='grc' dir='ltr'>λέγει</span> <span class='ocrx_word' id='word_1_111' title='bbox 542 754 611 780; x_wconf 73' lang='grc' dir='ltr'>κατὰ</span> <span class='ocrx_word' id='word_1_112' title='bbox 629 754 668 786; x_wconf 75' lang='grc' dir='ltr'>τὸ,</span> <span class='ocrx_word' id='word_1_113' title='bbox 692 763 701 780; x_wconf 81' lang='grc' dir='ltr'><strong>ι</strong></span> <span class='ocrx_word' id='word_1_114' title='bbox 721 754 777 790; x_wconf 67' lang='grc' dir='ltr'>Πρὸ</span> <span class='ocrx_word' id='word_1_115' title='bbox 797 754 825 780; x_wconf 76' lang='grc' dir='ltr'><strong>δὲ</strong></span> <span class='ocrx_word' id='word_1_116' title='bbox 842 755 949 780; x_wconf 77' lang='grc' dir='ltr'>πάντων</span> 
     </span>
    </p>
   </div>
   <div class='ocr_carea' id='block_1_17' title="bbox 158 799 949 836">
    <p class='ocr_par' dir='ltr' id='par_1_17' title="bbox 158 799 949 836">
     <span class='ocr_line' id='line_1_17' title="bbox 158 799 949 836; baseline -0.003 -9"><span class='ocrx_word' id='word_1_117' title='bbox 158 799 262 835; x_wconf 82' lang='grc' dir='ltr'>βουνῶν</span> <span class='ocrx_word' id='word_1_118' title='bbox 278 800 361 835; x_wconf 77' lang='grc' dir='ltr'>γεννᾷ</span> <span class='ocrx_word' id='word_1_119' title='bbox 379 808 412 835; x_wconf 85' lang='grc' dir='ltr'>με</span> <span class='ocrx_word' id='word_1_120' title='bbox 427 808 433 814; x_wconf 94' lang='grc'><strong>·</strong></span> <span class='ocrx_word' id='word_1_121' title='bbox 457 809 465 824; x_wconf 75' lang='grc' dir='ltr'><strong>ι</strong></span> <span class='ocrx_word' id='word_1_122' title='bbox 483 799 568 836; x_wconf 81' lang='grc' dir='ltr'>ταύτῃ</span> <span class='ocrx_word' id='word_1_123' title='bbox 591 800 637 826; x_wconf 72' lang='grc' dir='ltr'>καὶ</span> <span class='ocrx_word' id='word_1_124' title='bbox 659 800 722 835; x_wconf 74' lang='grc' dir='ltr'><strong>ἡμῖν</strong></span> <span class='ocrx_word' id='word_1_125' title='bbox 739 799 852 826; x_wconf 69' lang='grc' dir='ltr'>ἕπεσθαι</span> <span class='ocrx_word' id='word_1_126' title='bbox 866 799 949 833; x_wconf 79' lang='grc' dir='ltr'>ὐγιῶς</span> 
     </span>
    </p>
   </div>
   <div class='ocr_carea' id='block_1_18' title="bbox 158 845 949 881">
    <p class='ocr_par' dir='ltr' id='par_1_18' title="bbox 158 845 949 881">
     <span class='ocr_line' id='line_1_18' title="bbox 158 845 949 881; baseline -0.001 -9"><span class='ocrx_word' id='word_1_127' title='bbox 158 846 191 872; x_wconf 80' lang='grc' dir='ltr'>ἂν</span> <span class='ocrx_word' id='word_1_128' title='bbox 210 845 278 881; x_wconf 82' lang='grc' dir='ltr'>ἔχοι,</span> <span class='ocrx_word' id='word_1_129' title='bbox 293 845 339 872; x_wconf 70' lang='grc' dir='ltr'>καὶ</span> <span class='ocrx_word' id='word_1_130' title='bbox 355 846 385 872; x_wconf 83' lang='grc' dir='ltr'>τὸ</span> <span class='ocrx_word' id='word_1_131' title='bbox 402 845 454 881; x_wconf 69' lang='grc' dir='ltr'><strong>πρὸ</strong></span> <span class='ocrx_word' id='word_1_132' title='bbox 467 846 574 872; x_wconf 84' lang='grc' dir='ltr'>πάντων</span> <span class='ocrx_word' id='word_1_133' title='bbox 587 845 691 871; x_wconf 80' lang='grc' dir='ltr'>αἰώνων</span> <span class='ocrx_word' id='word_1_134' title='bbox 704 845 772 871; x_wconf 79' lang='grc' dir='ltr'>εἶναι</span> <span class='ocrx_word' id='word_1_135' title='bbox 787 845 871 879; x_wconf 76' lang='grc' dir='ltr'>Λόγον</span> <span class='ocrx_word' id='word_1_136' title='bbox 886 845 949 871; x_wconf 81' lang='grc' dir='ltr'>ὄντα</span> 
     </span>
    </p>
   </div>
   <div class='ocr_carea' id='block_1_19' title="bbox 155 891 947 927">
    <p class='ocr_par' dir='ltr' id='par_1_19' title="bbox 155 891 947 927">
     <span class='ocr_line' id='line_1_19' title="bbox 155 891 947 927; baseline -0.003 -9"><span class='ocrx_word' id='word_1_137' title='bbox 155 892 225 918; x_wconf 71' lang='grc' dir='ltr'>Θεοῦ</span> <span class='ocrx_word' id='word_1_138' title='bbox 241 892 447 927; x_wconf 72' lang='grc' dir='ltr'>δημιουργικὸν,</span> <span class='ocrx_word' id='word_1_139' title='bbox 461 892 508 918; x_wconf 75' lang='grc' dir='ltr'>καὶ</span> <span class='ocrx_word' id='word_1_140' title='bbox 522 892 552 917; x_wconf 73' lang='grc' dir='ltr'>τὸ</span> <span class='ocrx_word' id='word_1_141' title='bbox 567 892 655 927; x_wconf 56' lang='lat' dir='ltr'><strong>Ila-.91</strong></span> <span class='ocrx_word' id='word_1_142' title='bbox 673 893 799 923; x_wconf 79' lang='grc' dir='ltr'>συνεῖναι,</span> <span class='ocrx_word' id='word_1_143' title='bbox 818 891 947 926; x_wconf 78' lang='grc' dir='ltr'>μονογενῆ</span> 
     </span>
    </p>
   </div>
   <div class='ocr_carea' id='block_1_20' title="bbox 156 928 985 972">
    <p class='ocr_par' dir='ltr' id='par_1_20' title="bbox 156 928 985 972">
     <span class='ocr_line' id='line_1_20' title="bbox 156 928 985 972; baseline -0.002 -8"><span class='ocrx_word' id='word_1_144' title='bbox 156 947 186 964; x_wconf 77' lang='grc' dir='ltr'><strong>τε</strong></span> <span class='ocrx_word' id='word_1_145' title='bbox 206 937 271 964; x_wconf 70' lang='grc' dir='ltr'>Υἱὺν</span> <span class='ocrx_word' id='word_1_146' title='bbox 294 934 362 965; x_wconf 70' lang='grc' dir='ltr'>εἶναι</span> <span class='ocrx_word' id='word_1_147' title='bbox 381 936 428 963; x_wconf 76' lang='grc' dir='ltr'>τοῦ</span> <span class='ocrx_word' id='word_1_148' title='bbox 450 936 504 963; x_wconf 77' lang='grc' dir='ltr'>τῶν</span> <span class='ocrx_word' id='word_1_149' title='bbox 520 937 587 963; x_wconf 77' lang='grc' dir='ltr'>ὅλων</span> <span class='ocrx_word' id='word_1_150' title='bbox 607 937 683 968; x_wconf 79' lang='grc' dir='ltr'>Θεοῦ,</span> <span class='ocrx_word' id='word_1_151' title='bbox 701 936 835 972; x_wconf 71' lang='grc' dir='ltr'>ὑπουργὸν</span> <span class='ocrx_word' id='word_1_152' title='bbox 855 945 883 962; x_wconf 83' lang='grc' dir='ltr'><strong>τε</strong></span> <span class='ocrx_word' id='word_1_153' title='bbox 901 936 947 963; x_wconf 68' lang='grc' dir='ltr'><strong>καὶ</strong></span> <span class='ocrx_word' id='word_1_154' title='bbox 964 928 985 954; x_wconf 75' lang='grc' dir='ltr'>Β</span> 
     </span>
    </p>
   </div>
   <div class='ocr_carea' id='block_1_21' title="bbox 157 981 947 1020">
    <p class='ocr_par' dir='ltr' id='par_1_21' title="bbox 157 981 947 1020">
     <span class='ocr_line' id='line_1_21' title="bbox 157 981 947 1020; baseline -0.003 -10"><span class='ocrx_word' id='word_1_155' title='bbox 157 983 289 1020; x_wconf 71' lang='grc' dir='ltr'>συνεργὸν</span> <span class='ocrx_word' id='word_1_156' title='bbox 305 983 343 1018; x_wconf 82' lang='grc' dir='ltr'>τῷ</span> <span class='ocrx_word' id='word_1_157' title='bbox 359 983 446 1018; x_wconf 73' lang='grc' dir='ltr'>Πατρὶ</span> <span class='ocrx_word' id='word_1_158' title='bbox 465 983 513 1018; x_wconf 77' lang='grc' dir='ltr'>τῆς</span> <span class='ocrx_word' id='word_1_159' title='bbox 528 982 581 1009; x_wconf 83' lang='grc' dir='ltr'>τῶν</span> <span class='ocrx_word' id='word_1_160' title='bbox 599 983 667 1009; x_wconf 77' lang='grc' dir='ltr'>ὅλων</span> <span class='ocrx_word' id='word_1_161' title='bbox 686 981 838 1013; x_wconf 76' lang='grc' dir='ltr'>οὐσιώσεώς</span> <span class='ocrx_word' id='word_1_162' title='bbox 858 991 886 1008; x_wconf 85' lang='grc' dir='ltr'><strong>τε</strong></span> <span class='ocrx_word' id='word_1_163' title='bbox 901 983 947 1009; x_wconf 71' lang='grc' dir='ltr'><strong>καὶ</strong></span> 
     </span>
    </p>
   </div>
   <div class='ocr_carea' id='block_1_22' title="bbox 155 1026 946 1064">
    <p class='ocr_par' dir='ltr' id='par_1_22' title="bbox 155 1026 946 1064">
     <span class='ocr_line' id='line_1_22' title="bbox 155 1026 946 1064; baseline -0.003 -8"><span class='ocrx_word' id='word_1_164' title='bbox 155 1029 362 1064; x_wconf 74' lang='grc' dir='ltr'><strong>διακοσμήσεως</strong></span> <span class='ocrx_word' id='word_1_165' title='bbox 385 1028 582 1063; x_wconf 78' lang='grc' dir='ltr'>γεγεννημένον</span> <span class='ocrx_word' id='word_1_166' title='bbox 603 1029 752 1063; x_wconf 75' lang='grc' dir='ltr'>ὁμολογεῖν.</span> <span class='ocrx_word' id='word_1_167' title='bbox 770 1028 800 1054; x_wconf 87' lang='grc' dir='ltr'>Εἰ</span> <span class='ocrx_word' id='word_1_168' title='bbox 825 1028 878 1063; x_wconf 69' lang='grc' dir='ltr'><strong>γὰρ</strong></span> <span class='ocrx_word' id='word_1_169' title='bbox 901 1026 946 1054; x_wconf 79' lang='grc' dir='ltr'>οὖν</span> 
     </span>
    </p>
   </div>
   <div class='ocr_carea' id='block_1_23' title="bbox 157 1074 946 1110">
    <p class='ocr_par' dir='ltr' id='par_1_23' title="bbox 157 1074 946 1110">
     <span class='ocr_line' id='line_1_23' title="bbox 157 1074 946 1110; baseline -0.001 -9"><span class='ocrx_word' id='word_1_170' title='bbox 157 1075 206 1101; x_wconf 74' lang='grc' dir='ltr'><strong>καὶ</strong></span> <span class='ocrx_word' id='word_1_171' title='bbox 220 1074 283 1102; x_wconf 76' lang='grc' dir='ltr'>ἄλλο</span> <span class='ocrx_word' id='word_1_172' title='bbox 294 1084 319 1101; x_wconf 89' lang='grc' dir='ltr'><strong>τι</strong></span> <span class='ocrx_word' id='word_1_173' title='bbox 332 1074 450 1110; x_wconf 75' lang='grc' dir='ltr'>ᾶρρητον</span> <span class='ocrx_word' id='word_1_174' title='bbox 465 1074 510 1100; x_wconf 72' lang='grc' dir='ltr'>καὶ</span> <span class='ocrx_word' id='word_1_175' title='bbox 523 1074 712 1108; x_wconf 72' lang='grc' dir='ltr'><strong>ἀκατάληπτον</strong></span> <span class='ocrx_word' id='word_1_176' title='bbox 725 1075 790 1109; x_wconf 76' lang='grc' dir='ltr'>ἡμῖν</span> <span class='ocrx_word' id='word_1_177' title='bbox 806 1075 834 1101; x_wconf 79' lang='grc' dir='ltr'>ἐν</span> <span class='ocrx_word' id='word_1_178' title='bbox 848 1075 879 1109; x_wconf 81' lang='grc' dir='ltr'>τῇ</span> <span class='ocrx_word' id='word_1_179' title='bbox 894 1074 946 1100; x_wconf 85' lang='grc' dir='ltr'>τῶν</span> 
     </span>
    </p>
   </div>
   <div class='ocr_carea' id='block_1_24' title="bbox 155 1120 946 1155">
    <p class='ocr_par' dir='ltr' id='par_1_24' title="bbox 155 1120 946 1155">
     <span class='ocr_line' id='line_1_24' title="bbox 155 1120 946 1155; baseline -0.001 -7"><span class='ocrx_word' id='word_1_180' title='bbox 155 1121 226 1148; x_wconf 79' lang='grc' dir='ltr'>ὅλων</span> <span class='ocrx_word' id='word_1_181' title='bbox 241 1121 430 1148; x_wconf 75' lang='grc' dir='ltr'>ἀπολέλειπται</span> <span class='ocrx_word' id='word_1_182' title='bbox 444 1120 533 1155; x_wconf 73' lang='grc' dir='ltr'>φύσει,</span> <span class='ocrx_word' id='word_1_183' title='bbox 548 1120 630 1155; x_wconf 85' lang='grc' dir='ltr'>μυρία</span> <span class='ocrx_word' id='word_1_184' title='bbox 645 1121 673 1146; x_wconf 79' lang='grc' dir='ltr'><strong>δὲ</strong></span> <span class='ocrx_word' id='word_1_185' title='bbox 688 1120 721 1146; x_wconf 89' lang='grc' dir='ltr'><strong>τὰ</strong></span> <span class='ocrx_word' id='word_1_186' title='bbox 735 1120 856 1151; x_wconf 74' lang='grc' dir='ltr'>τοιαῦτα,</span> <span class='ocrx_word' id='word_1_187' title='bbox 868 1121 946 1147; x_wconf 72' lang='grc' dir='ltr'>ότίοῖα</span> 
     </span>
    </p>
   </div>
   <div class='ocr_carea' id='block_1_25' title="bbox 157 1166 946 1201">
    <p class='ocr_par' dir='ltr' id='par_1_25' title="bbox 157 1166 946 1201">
     <span class='ocr_line' id='line_1_25' title="bbox 157 1166 946 1201; baseline -0.003 -7"><span class='ocrx_word' id='word_1_188' title='bbox 157 1167 207 1194; x_wconf 69' lang='grc' dir='ltr'>καὶ</span> <span class='ocrx_word' id='word_1_189' title='bbox 218 1166 252 1193; x_wconf 86' lang='grc' dir='ltr'><strong>τά</strong></span> <span class='ocrx_word' id='word_1_190' title='bbox 269 1168 323 1199; x_wconf 78' lang='grc' dir='ltr'>τοῖς</span> <span class='ocrx_word' id='word_1_191' title='bbox 339 1166 488 1201; x_wconf 64' lang='grc' dir='ltr'>θεοφιλέων</span> <span class='ocrx_word' id='word_1_192' title='bbox 510 1166 701 1201; x_wconf 72' lang='grc' dir='ltr'>ἐπηγγελμένα</span> <span class='ocrx_word' id='word_1_193' title='bbox 724 1167 862 1201; x_wconf 80' lang='grc' dir='ltr'>τυγχάνει,</span> <span class='ocrx_word' id='word_1_194' title='bbox 881 1175 890 1192; x_wconf 78' lang='grc' dir='ltr'><strong>ι</strong></span> <span class='ocrx_word' id='word_1_195' title='bbox 914 1167 946 1192; x_wconf 78' lang='grc' dir='ltr'>Ἀ</span> 
     </span>
    </p>
   </div>
   <div class='ocr_carea' id='block_1_26' title="bbox 155 1210 946 1249">
    <p class='ocr_par' dir='ltr' id='par_1_26' title="bbox 155 1210 946 1249">
     <span class='ocr_line' id='line_1_26' title="bbox 155 1210 946 1249; baseline -0.003 -9"><span class='ocrx_word' id='word_1_196' title='bbox 155 1213 295 1249; x_wconf 75' lang='grc' dir='ltr'>ὀφθαλμὸς</span> <span class='ocrx_word' id='word_1_197' title='bbox 308 1213 358 1240; x_wconf 87' lang='grc' dir='ltr'><strong>οὐκ</strong></span> <span class='ocrx_word' id='word_1_198' title='bbox 369 1210 432 1245; x_wconf 80' lang='grc' dir='ltr'>εἷδε,</span> <span class='ocrx_word' id='word_1_199' title='bbox 448 1212 495 1239; x_wconf 72' lang='grc' dir='ltr'>καὶ</span> <span class='ocrx_word' id='word_1_200' title='bbox 505 1211 550 1245; x_wconf 78' lang='grc' dir='ltr'>οὖς</span> <span class='ocrx_word' id='word_1_201' title='bbox 567 1214 616 1239; x_wconf 88' lang='grc' dir='ltr'><strong>οὐκ</strong></span> <span class='ocrx_word' id='word_1_202' title='bbox 628 1214 736 1248; x_wconf 70' lang='grc' dir='ltr'>ἤκουσε,</span> <span class='ocrx_word' id='word_1_203' title='bbox 753 1213 799 1238; x_wconf 78' lang='grc' dir='ltr'><strong>καὶ</strong></span> <span class='ocrx_word' id='word_1_204' title='bbox 818 1213 862 1238; x_wconf 71' lang='grc' dir='ltr'><strong>ἐπὶ</strong></span> <span class='ocrx_word' id='word_1_205' title='bbox 879 1221 946 1248; x_wconf 77' lang='grc' dir='ltr'>καρ-</span> 
     </span>
    </p>
   </div>
   <div class='ocr_carea' id='block_1_27' title="bbox 155 1258 947 1294">
    <p class='ocr_par' dir='ltr' id='par_1_27' title="bbox 155 1258 947 1294">
     <span class='ocr_line' id='line_1_27' title="bbox 155 1258 947 1294; baseline -0.001 -9"><span class='ocrx_word' id='word_1_206' title='bbox 155 1259 218 1286; x_wconf 79' lang='grc' dir='ltr'>δὶαν</span> <span class='ocrx_word' id='word_1_207' title='bbox 230 1258 437 1294; x_wconf 66' lang='grc' dir='ltr'>ἀνθρώπουξιιῢκ</span> <span class='ocrx_word' id='word_1_208' title='bbox 448 1258 542 1294; x_wconf 76' lang='grc' dir='ltr'>ἀνέϐη,</span> <span class='ocrx_word' id='word_1_209' title='bbox 563 1268 571 1284; x_wconf 80' lang='grc' dir='ltr'><strong>ι</strong></span> <span class='ocrx_word' id='word_1_210' title='bbox 589 1258 659 1285; x_wconf 82' lang='grc' dir='ltr'>κατὰ</span> <span class='ocrx_word' id='word_1_211' title='bbox 670 1258 715 1285; x_wconf 83' lang='grc' dir='ltr'>τὸν</span> <span class='ocrx_word' id='word_1_212' title='bbox 730 1258 801 1294; x_wconf 78' lang='grc' dir='ltr'>ἱερὸν</span> <span class='ocrx_word' id='word_1_213' title='bbox 820 1258 947 1285; x_wconf 76' lang='grc' dir='ltr'>’Λπόστο-</span> 
     </span>
    </p>
   </div>
   <div class='ocr_carea' id='block_1_28' title="bbox 155 1304 945 1341">
    <p class='ocr_par' dir='ltr' id='par_1_28' title="bbox 155 1304 945 1341">
     <span class='ocr_line' id='line_1_28' title="bbox 155 1304 945 1341; baseline -0.001 -10"><span class='ocrx_word' id='word_1_214' title='bbox 155 1305 220 1331; x_wconf 87' lang='grc' dir='ltr'>λον·</span> <span class='ocrx_word' id='word_1_215' title='bbox 246 1304 312 1331; x_wconf 76' lang='grc' dir='ltr'>πολὺ</span> <span class='ocrx_word' id='word_1_216' title='bbox 335 1304 465 1341; x_wconf 83' lang='grc' dir='ltr'>πρότερον</span> <span class='ocrx_word' id='word_1_217' title='bbox 489 1304 581 1340; x_wconf 79' lang='grc' dir='ltr'>πάσης</span> <span class='ocrx_word' id='word_1_218' title='bbox 604 1304 708 1336; x_wconf 79' lang='grc' dir='ltr'>ἐννοίας</span> <span class='ocrx_word' id='word_1_219' title='bbox 735 1304 874 1334; x_wconf 80' lang='grc' dir='ltr'><strong>ἐπέκεινα⁷</strong></span> <span class='ocrx_word' id='word_1_220' title='bbox 895 1305 945 1339; x_wconf 80' lang='grc' dir='ltr'><strong>ἄῤ-</strong></span> 
     </span>
    </p>
   </div>
   <div class='ocr_carea' id='block_1_29' title="bbox 156 1349 947 1386">
    <p class='ocr_par' dir='ltr' id='par_1_29' title="bbox 156 1349 947 1386">
     <span class='ocr_line' id='line_1_29' title="bbox 156 1349 947 1386; baseline -0.001 -9"><span class='ocrx_word' id='word_1_221' title='bbox 156 1351 229 1386; x_wconf 78' lang='grc' dir='ltr'>ῥητα</span> <span class='ocrx_word' id='word_1_222' title='bbox 252 1350 300 1377; x_wconf 63' lang='grc' dir='ltr'>καὶ</span> <span class='ocrx_word' id='word_1_223' title='bbox 320 1350 538 1385; x_wconf 63' lang='grc' dir='ltr'>ἀκατονόμαστα,</span> <span class='ocrx_word' id='word_1_224' title='bbox 561 1349 724 1385; x_wconf 83' lang='grc' dir='ltr'>ἀνεπινόητά</span> <span class='ocrx_word' id='word_1_225' title='bbox 747 1359 776 1375; x_wconf 86' lang='grc' dir='ltr'><strong>τε</strong></span> <span class='ocrx_word' id='word_1_226' title='bbox 801 1350 847 1376; x_wconf 80' lang='grc' dir='ltr'>καὶ</span> <span class='ocrx_word' id='word_1_227' title='bbox 871 1350 947 1376; x_wconf 78' lang='grc' dir='ltr'>ἀνεν-</span> 
     </span>
    </p>
   </div>
   <div class='ocr_carea' id='block_1_30' title="bbox 156 1391 947 1432">
    <p class='ocr_par' dir='ltr' id='par_1_30' title="bbox 156 1391 947 1432">
     <span class='ocr_line' id='line_1_30' title="bbox 156 1391 947 1432; baseline -0.001 -10"><span class='ocrx_word' id='word_1_228' title='bbox 156 1391 268 1432; x_wconf 76' lang='grc' dir='ltr'>σῦμητα</span> <span class='ocrx_word' id='word_1_229' title='bbox 282 1395 384 1430; x_wconf 85' lang='grc' dir='ltr'>γένοιτο</span> <span class='ocrx_word' id='word_1_230' title='bbox 399 1395 431 1422; x_wconf 86' lang='grc' dir='ltr'>ἂν</span> <span class='ocrx_word' id='word_1_231' title='bbox 443 1395 477 1422; x_wconf 80' lang='grc' dir='ltr'><strong>τὰ</strong></span> <span class='ocrx_word' id='word_1_232' title='bbox 489 1395 553 1431; x_wconf 79' lang='grc' dir='ltr'>περὶ</span> <span class='ocrx_word' id='word_1_233' title='bbox 571 1395 619 1430; x_wconf 85' lang='grc' dir='ltr'>τῆς</span> <span class='ocrx_word' id='word_1_234' title='bbox 635 1395 745 1430; x_wconf 75' lang='grc' dir='ltr'>πρώτης</span> <span class='ocrx_word' id='word_1_235' title='bbox 761 1395 807 1421; x_wconf 80' lang='grc' dir='ltr'>τοῦ</span> <span class='ocrx_word' id='word_1_236' title='bbox 829 1395 947 1429; x_wconf 85' lang='grc' dir='ltr'>Μονογε-</span> 
     </span>
    </p>
   </div>
   <div class='ocr_carea' id='block_1_31' title="bbox 155 1433 945 1476">
    <p class='ocr_par' dir='ltr' id='par_1_31' title="bbox 155 1433 945 1476">
     <span class='ocr_line' id='line_1_31' title="bbox 155 1433 945 1476; baseline -0.001 -8"><span class='ocrx_word' id='word_1_237' title='bbox 243 1442 290 1468; x_wconf 84' lang='grc' dir='ltr'>τοῦ</span> <span class='ocrx_word' id='word_1_238' title='bbox 308 1441 375 1469; x_wconf 79' lang='grc' dir='ltr'>Θεοῦ</span> <span class='ocrx_word' id='word_1_239' title='bbox 395 1441 534 1476; x_wconf 81' lang='grc' dir='ltr'>γενέσεως,</span> <span class='ocrx_word' id='word_1_240' title='bbox 549 1441 611 1468; x_wconf 80' lang='grc' dir='ltr'>ἄλλο</span> <span class='ocrx_word' id='word_1_241' title='bbox 637 1441 718 1476; x_wconf 79' lang='grc' dir='ltr'>μηδὲν</span> <span class='ocrx_word' id='word_1_242' title='bbox 734 1441 813 1467; x_wconf 82' lang='grc' dir='ltr'>πλέον</span> <span class='ocrx_word' id='word_1_243' title='bbox 830 1441 945 1476; x_wconf 75' lang='grc' dir='ltr'>ἐχόντων</span> 
     </span>
    </p>
   </div>
   <div class='ocr_carea' id='block_1_32' title="bbox 154 1487 945 1523">
    <p class='ocr_par' dir='ltr' id='par_1_32' title="bbox 154 1487 945 1523">
     <span class='ocr_line' id='line_1_32' title="bbox 154 1487 945 1523; baseline -0.003 -9"><span class='ocrx_word' id='word_1_244' title='bbox 154 1487 238 1523; x_wconf 81' lang='grc' dir='ltr'>ἡμῶν</span> <span class='ocrx_word' id='word_1_245' title='bbox 248 1488 313 1523; x_wconf 78' lang='grc' dir='ltr'>περὶ</span> <span class='ocrx_word' id='word_1_246' title='bbox 326 1487 407 1514; x_wconf 80' lang='grc' dir='ltr'>αὐτοῦ</span> <span class='ocrx_word' id='word_1_247' title='bbox 419 1487 508 1521; x_wconf 88' lang='grc' dir='ltr'>λέγειν</span> <span class='ocrx_word' id='word_1_248' title='bbox 519 1496 547 1514; x_wconf 88' lang='grc' dir='ltr'><strong>τε</strong></span> <span class='ocrx_word' id='word_1_249' title='bbox 566 1487 613 1514; x_wconf 80' lang='grc' dir='ltr'><strong>καὶ</strong></span> <span class='ocrx_word' id='word_1_250' title='bbox 622 1489 691 1514; x_wconf 85' lang='grc' dir='ltr'>νοεῖν</span> <span class='ocrx_word' id='word_1_251' title='bbox 705 1487 738 1522; x_wconf 76' lang='grc' dir='ltr'>ἧο</span> <span class='ocrx_word' id='word_1_252' title='bbox 761 1496 770 1512; x_wconf 78' lang='grc' dir='ltr'><strong>ι</strong></span> <span class='ocrx_word' id='word_1_253' title='bbox 784 1487 838 1522; x_wconf 85' lang='grc' dir='ltr'><strong>Τὴν</strong></span> <span class='ocrx_word' id='word_1_254' title='bbox 850 1487 945 1520; x_wconf 79' lang='grc' dir='ltr'>γενεὰν</span> 
     </span>
    </p>
   </div>
   <div class='ocr_carea' id='block_1_33' title="bbox 155 1533 944 1570">
    <p class='ocr_par' dir='ltr' id='par_1_33' title="bbox 155 1533 944 1570">
     <span class='ocr_line' id='line_1_33' title="bbox 155 1533 944 1570; baseline -0.003 -10"><span class='ocrx_word' id='word_1_255' title='bbox 155 1533 241 1560; x_wconf 77' lang='grc' dir='ltr'>αὐτοῦ</span> <span class='ocrx_word' id='word_1_256' title='bbox 254 1534 297 1566; x_wconf 84' lang='grc' dir='ltr'><strong>τίς</strong></span> <span class='ocrx_word' id='word_1_257' title='bbox 310 1534 483 1570; x_wconf 76' lang='grc' dir='ltr'>διηγήσεταις</span> <span class='ocrx_word' id='word_1_258' title='bbox 504 1543 514 1559; x_wconf 75' lang='grc' dir='ltr'><strong>ι</strong></span> <span class='ocrx_word' id='word_1_259' title='bbox 532 1534 563 1560; x_wconf 85' lang='lat' dir='ltr'><strong>El</strong></span> <span class='ocrx_word' id='word_1_260' title='bbox 580 1533 608 1560; x_wconf 83' lang='grc' dir='ltr'><strong>δέ</strong></span> <span class='ocrx_word' id='word_1_261' title='bbox 623 1542 664 1564; x_wconf 80' lang='grc' dir='ltr'><strong>τις</strong></span> <span class='ocrx_word' id='word_1_262' title='bbox 680 1533 774 1559; x_wconf 72' lang='grc' dir='ltr'>τούτου</span> <span class='ocrx_word' id='word_1_263' title='bbox 792 1533 944 1568; x_wconf 77' lang='grc' dir='ltr'>περαιτέρω</span> 
     </span>
    </p>
   </div>
   <div class='ocr_carea' id='block_1_34' title="bbox 154 1579 980 1630">
    <p class='ocr_par' dir='ltr' id='par_1_34' title="bbox 154 1579 980 1630">
     <span class='ocr_line' id='line_1_34' title="bbox 154 1579 980 1630; baseline -0.004 -23"><span class='ocrx_word' id='word_1_264' title='bbox 154 1579 255 1615; x_wconf 85' lang='grc' dir='ltr'>χωρῶν</span> <span class='ocrx_word' id='word_1_265' title='bbox 269 1579 355 1617; x_wconf 80' lang='grc' dir='ltr'>τόλμῃ</span> <span class='ocrx_word' id='word_1_266' title='bbox 363 1579 510 1616; x_wconf 84' lang='grc' dir='ltr'><strong>προαχθείη</strong></span> <span class='ocrx_word' id='word_1_267' title='bbox 523 1580 557 1606; x_wconf 83' lang='grc' dir='ltr'>τὰ</span> <span class='ocrx_word' id='word_1_268' title='bbox 575 1580 661 1614; x_wconf 85' lang='grc' dir='ltr'>πάντη</span> <span class='ocrx_word' id='word_1_269' title='bbox 679 1579 843 1615; x_wconf 84' lang='grc' dir='ltr'>ἀπερινόητα</span> <span class='ocrx_word' id='word_1_270' title='bbox 853 1580 942 1615; x_wconf 83' lang='grc' dir='ltr'>ὁρατι-</span> <span class='ocrx_word' id='word_1_271' title='bbox 958 1600 980 1630; x_wconf 75' lang='lat' dir='ltr'><strong><em>C</em></strong></span> 
     </span>
    </p>
   </div>
   <div class='ocr_carea' id='block_1_35' title="bbox 155 1625 944 1662">
    <p class='ocr_par' dir='ltr' id='par_1_35' title="bbox 155 1625 944 1662">
     <span class='ocr_line' id='line_1_35' title="bbox 155 1625 944 1662; baseline -0.004 -8"><span class='ocrx_word' id='word_1_272' title='bbox 155 1628 218 1656; x_wconf 76' lang='grc' dir='ltr'>κοῖς</span> <span class='ocrx_word' id='word_1_273' title='bbox 232 1626 280 1653; x_wconf 72' lang='grc' dir='ltr'><strong>καὶ</strong></span> <span class='ocrx_word' id='word_1_274' title='bbox 295 1627 461 1661; x_wconf 81' lang='grc' dir='ltr'>σωματικοῖς</span> <span class='ocrx_word' id='word_1_275' title='bbox 471 1626 653 1662; x_wconf 76' lang='grc' dir='ltr'>παραϐάλλειν</span> <span class='ocrx_word' id='word_1_276' title='bbox 672 1626 859 1661; x_wconf 71' lang='grc' dir='ltr'>ὑποδείγμασι,</span> <span class='ocrx_word' id='word_1_277' title='bbox 875 1625 944 1660; x_wconf 89' lang='grc' dir='ltr'>τάχα</span> 
     </span>
    </p>
   </div>
   <div class='ocr_carea' id='block_1_36' title="bbox 154 1672 944 1708">
    <p class='ocr_par' dir='ltr' id='par_1_36' title="bbox 154 1672 944 1708">
     <span class='ocr_line' id='line_1_36' title="bbox 154 1672 944 1708; baseline -0.003 -8"><span class='ocrx_word' id='word_1_278' title='bbox 154 1673 191 1700; x_wconf 73' lang='grc' dir='ltr'>ἂν</span> <span class='ocrx_word' id='word_1_279' title='bbox 207 1672 279 1700; x_wconf 72' lang='grc' dir='ltr'>εἴποι</span> <span class='ocrx_word' id='word_1_280' title='bbox 291 1673 340 1708; x_wconf 79' lang='grc' dir='ltr'>τῆς</span> <span class='ocrx_word' id='word_1_281' title='bbox 354 1672 399 1699; x_wconf 80' lang='grc' dir='ltr'><strong>τοῦ</strong></span> <span class='ocrx_word' id='word_1_282' title='bbox 417 1672 522 1708; x_wconf 63' lang='lat' dir='ltr'><strong>Ila-:96;</strong></span> <span class='ocrx_word' id='word_1_283' title='bbox 542 1672 687 1708; x_wconf 80' lang='grc' dir='ltr'>ἀγεννήτου</span> <span class='ocrx_word' id='word_1_284' title='bbox 708 1672 814 1706; x_wconf 74' lang='grc' dir='ltr'>φύσεως</span> <span class='ocrx_word' id='word_1_285' title='bbox 833 1672 879 1699; x_wconf 76' lang='grc' dir='ltr'><strong>καὶ</strong></span> <span class='ocrx_word' id='word_1_286' title='bbox 895 1672 944 1706; x_wconf 69' lang='grc' dir='ltr'>τῆς</span> 
     </span>
    </p>
   </div>
   <div class='ocr_carea' id='block_1_37' title="bbox 153 1719 944 1756">
    <p class='ocr_par' dir='ltr' id='par_1_37' title="bbox 153 1719 944 1756">
     <span class='ocr_line' id='line_1_37' title="bbox 153 1719 944 1756; baseline -0.001 -10"><span class='ocrx_word' id='word_1_287' title='bbox 153 1719 348 1756; x_wconf 62' lang='grc' dir='ltr'>ἀναφράστου</span> <span class='ocrx_word' id='word_1_288' title='bbox 362 1719 464 1752; x_wconf 81' lang='grc' dir='ltr'>οὐσίας,</span> <span class='ocrx_word' id='word_1_289' title='bbox 481 1719 575 1755; x_wconf 86' lang='grc' dir='ltr'>ὥσπερ</span> <span class='ocrx_word' id='word_1_290' title='bbox 590 1719 703 1746; x_wconf 85' lang='grc' dir='ltr'>εὐωδίαν</span> <span class='ocrx_word' id='word_1_291' title='bbox 723 1719 783 1745; x_wconf 86' lang='grc' dir='ltr'>τινὰ</span> <span class='ocrx_word' id='word_1_292' title='bbox 798 1719 844 1745; x_wconf 74' lang='grc' dir='ltr'>καὶ</span> <span class='ocrx_word' id='word_1_293' title='bbox 857 1719 944 1752; x_wconf 77' lang='grc' dir='ltr'>φωτὸς</span> 
     </span>
    </p>
   </div>
   <div class='ocr_carea' id='block_1_38' title="bbox 154 1765 944 1802">
    <p class='ocr_par' dir='ltr' id='par_1_38' title="bbox 154 1765 944 1802">
     <span class='ocr_line' id='line_1_38' title="bbox 154 1765 944 1802; baseline -0.003 -9"><span class='ocrx_word' id='word_1_294' title='bbox 154 1766 243 1802; x_wconf 65' lang='grc' dir='ltr'>αὐγὴν</span> <span class='ocrx_word' id='word_1_295' title='bbox 257 1766 302 1793; x_wconf 78' lang='grc' dir='ltr'><strong>τὸν</strong></span> <span class='ocrx_word' id='word_1_296' title='bbox 326 1766 390 1793; x_wconf 79' lang='grc' dir='ltr'><strong>Υἱδν</strong></span> <span class='ocrx_word' id='word_1_297' title='bbox 406 1767 434 1799; x_wconf 75' lang='grc' dir='ltr'><strong>ἐξ</strong></span> <span class='ocrx_word' id='word_1_298' title='bbox 451 1766 571 1802; x_wconf 77' lang='grc' dir='ltr'>ἀπείρων</span> <span class='ocrx_word' id='word_1_299' title='bbox 594 1766 708 1798; x_wconf 79' lang='grc' dir='ltr'>αἰώνων,</span> <span class='ocrx_word' id='word_1_300' title='bbox 729 1766 827 1801; x_wconf 85' lang='grc' dir='ltr'>μᾶλλον</span> <span class='ocrx_word' id='word_1_301' title='bbox 847 1765 874 1791; x_wconf 81' lang='grc' dir='ltr'><strong>δὲ</strong></span> <span class='ocrx_word' id='word_1_302' title='bbox 891 1765 944 1801; x_wconf 72' lang='grc' dir='ltr'>πρὸ</span> 
     </span>
    </p>
   </div>
   <div class='ocr_carea' id='block_1_39' title="bbox 154 1812 941 1847">
    <p class='ocr_par' dir='ltr' id='par_1_39' title="bbox 154 1812 941 1847">
     <span class='ocr_line' id='line_1_39' title="bbox 154 1812 941 1847; baseline -0.003 -8"><span class='ocrx_word' id='word_1_303' title='bbox 154 1812 267 1840; x_wconf 75' lang='grc' dir='ltr'>πάντων</span> <span class='ocrx_word' id='word_1_304' title='bbox 291 1812 396 1839; x_wconf 79' lang='grc' dir='ltr'>αἰώνων</span> <span class='ocrx_word' id='word_1_305' title='bbox 425 1812 584 1846; x_wconf 76' lang='grc' dir='ltr'>ὑποστῆναι,</span> <span class='ocrx_word' id='word_1_306' title='bbox 604 1812 748 1847; x_wconf 79' lang='grc' dir='ltr'>γενόμενόν</span> <span class='ocrx_word' id='word_1_307' title='bbox 770 1820 798 1838; x_wconf 91' lang='grc' dir='ltr'><strong>τε</strong></span> <span class='ocrx_word' id='word_1_308' title='bbox 814 1813 941 1842; x_wconf 69' lang='grc' dir='ltr'>συνεῖναι.</span> 
     </span>
    </p>
   </div>
   <div class='ocr_carea' id='block_1_40' title="bbox 156 1856 943 1894">
    <p class='ocr_par' dir='ltr' id='par_1_40' title="bbox 156 1856 943 1894">
     <span class='ocr_line' id='line_1_40' title="bbox 156 1856 943 1894; baseline -0.004 -9"><span class='ocrx_word' id='word_1_309' title='bbox 156 1858 206 1885; x_wconf 67' lang='grc' dir='ltr'>καὶ</span> <span class='ocrx_word' id='word_1_310' title='bbox 225 1858 422 1894; x_wconf 84' lang='grc' dir='ltr'>συγγενόμενον</span> <span class='ocrx_word' id='word_1_311' title='bbox 447 1858 491 1884; x_wconf 80' lang='grc' dir='ltr'><strong>ἀεὶ</strong></span> <span class='ocrx_word' id='word_1_312' title='bbox 517 1858 556 1894; x_wconf 81' lang='grc' dir='ltr'>τῷ</span> <span class='ocrx_word' id='word_1_313' title='bbox 581 1858 668 1893; x_wconf 64' lang='lat' dir='ltr'><strong>flat-9&quot;.</strong></span> <span class='ocrx_word' id='word_1_314' title='bbox 697 1858 734 1889; x_wconf 83' lang='grc' dir='ltr'>ὡς</span> <span class='ocrx_word' id='word_1_315' title='bbox 759 1857 796 1892; x_wconf 82' lang='grc' dir='ltr'>τῷ</span> <span class='ocrx_word' id='word_1_316' title='bbox 819 1858 896 1893; x_wconf 85' lang='grc' dir='ltr'>μύρῳ</span> <span class='ocrx_word' id='word_1_317' title='bbox 913 1856 943 1882; x_wconf 84' lang='grc' dir='ltr'>τὸ</span> 
     </span>
    </p>
   </div>
   <div class='ocr_carea' id='block_1_41' title="bbox 153 1903 943 1939">
    <p class='ocr_par' dir='ltr' id='par_1_41' title="bbox 153 1903 943 1939">
     <span class='ocr_line' id='line_1_41' title="bbox 153 1903 943 1939; baseline -0.004 -8"><span class='ocrx_word' id='word_1_318' title='bbox 153 1903 266 1935; x_wconf 71' lang='grc' dir='ltr'>ευῶδες,</span> <span class='ocrx_word' id='word_1_319' title='bbox 286 1904 333 1930; x_wconf 74' lang='grc' dir='ltr'>καὶ</span> <span class='ocrx_word' id='word_1_320' title='bbox 347 1903 387 1939; x_wconf 88' lang='grc' dir='ltr'>τῷ</span> <span class='ocrx_word' id='word_1_321' title='bbox 404 1904 473 1938; x_wconf 74' lang='grc' dir='ltr'>φωτὶ</span> <span class='ocrx_word' id='word_1_322' title='bbox 503 1903 552 1939; x_wconf 81' lang='grc' dir='ltr'>τὴν</span> <span class='ocrx_word' id='word_1_323' title='bbox 572 1903 668 1938; x_wconf 84' lang='grc' dir='ltr'>αὐγὴν,</span> <span class='ocrx_word' id='word_1_324' title='bbox 687 1903 742 1929; x_wconf 82' lang='grc' dir='ltr'>ἀλλ’</span> <span class='ocrx_word' id='word_1_325' title='bbox 762 1903 792 1929; x_wconf 89' lang='grc' dir='ltr'><strong>οὐ</strong></span> <span class='ocrx_word' id='word_1_326' title='bbox 811 1904 866 1933; x_wconf 84' lang='grc' dir='ltr'>τοῖς</span> <span class='ocrx_word' id='word_1_327' title='bbox 878 1903 943 1928; x_wconf 79' lang='grc' dir='ltr'>ὐπο-</span> 
     </span>
    </p>
   </div>
   <div class='ocr_carea' id='block_1_42' title="bbox 152 1947 940 1985">
    <p class='ocr_par' dir='ltr' id='par_1_42' title="bbox 152 1947 940 1985">
     <span class='ocr_line' id='line_1_42' title="bbox 152 1947 940 1985; baseline -0.004 -9"><span class='ocrx_word' id='word_1_328' title='bbox 152 1949 283 1985; x_wconf 79' lang='grc' dir='ltr'>δείγμασι</span> <span class='ocrx_word' id='word_1_329' title='bbox 299 1949 368 1976; x_wconf 86' lang='grc' dir='ltr'><strong>κατά</strong></span> <span class='ocrx_word' id='word_1_330' title='bbox 393 1949 481 1976; x_wconf 84' lang='grc' dir='ltr'>πάντα</span> <span class='ocrx_word' id='word_1_331' title='bbox 493 1949 592 1984; x_wconf 84' lang='grc' dir='ltr'>τρόπον</span> <span class='ocrx_word' id='word_1_332' title='bbox 608 1948 717 1983; x_wconf 80' lang='grc' dir='ltr'>ὁμοίως,</span> <span class='ocrx_word' id='word_1_333' title='bbox 737 1948 877 1983; x_wconf 82' lang='grc' dir='ltr'>ὡσπεροῠν</span> <span class='ocrx_word' id='word_1_334' title='bbox 892 1947 940 1983; x_wconf 76' lang='grc' dir='ltr'><strong>ἤδη</strong></span> 
     </span>
    </p>
   </div>
   <div class='ocr_carea' id='block_1_43' title="bbox 154 1993 942 2031">
    <p class='ocr_par' dir='ltr' id='par_1_43' title="bbox 154 1993 942 2031">
     <span class='ocr_line' id='line_1_43' title="bbox 154 1993 942 2031; baseline -0.004 -9"><span class='ocrx_word' id='word_1_335' title='bbox 154 1995 289 2031; x_wconf 74' lang='grc' dir='ltr'>πρότερον</span> <span class='ocrx_word' id='word_1_336' title='bbox 314 1995 431 2031; x_wconf 72' lang='grc' dir='ltr'>εἴρηται.</span> <span class='ocrx_word' id='word_1_337' title='bbox 459 1995 499 2021; x_wconf 87' lang='grc' dir='ltr'><strong>Τά</strong></span> <span class='ocrx_word' id='word_1_338' title='bbox 525 1996 574 2030; x_wconf 81' lang='grc' dir='ltr'><strong>μὲν</strong></span> <span class='ocrx_word' id='word_1_339' title='bbox 597 1994 651 2030; x_wconf 80' lang='grc' dir='ltr'><strong>γὰρ</strong></span> <span class='ocrx_word' id='word_1_340' title='bbox 667 1995 756 2029; x_wconf 68' lang='grc' dir='ltr'>ἄψυχα</span> <span class='ocrx_word' id='word_1_341' title='bbox 779 1993 890 2029; x_wconf 80' lang='grc' dir='ltr'>σώματα</span> <span class='ocrx_word' id='word_1_342' title='bbox 912 1993 942 2019; x_wconf 83' lang='grc' dir='ltr'><strong>τὸ</strong></span> 
     </span>
    </p>
   </div>
   <div class='ocr_carea' id='block_1_44' title="bbox 154 2039 940 2076">
    <p class='ocr_par' dir='ltr' id='par_1_44' title="bbox 154 2039 940 2076">
     <span class='ocr_line' id='line_1_44' title="bbox 154 2039 940 2076; baseline -0.004 -8"><span class='ocrx_word' id='word_1_343' title='bbox 154 2040 330 2076; x_wconf 75' lang='grc' dir='ltr'>συμϐεϐηκὸς</span> <span class='ocrx_word' id='word_1_344' title='bbox 346 2042 374 2067; x_wconf 75' lang='grc' dir='ltr'>ἐν</span> <span class='ocrx_word' id='word_1_345' title='bbox 391 2041 514 2076; x_wconf 82' lang='grc' dir='ltr'>ποιότησι</span> <span class='ocrx_word' id='word_1_346' title='bbox 534 2040 681 2075; x_wconf 82' lang='grc' dir='ltr'>κέκτηνται</span> <span class='ocrx_word' id='word_1_347' title='bbox 691 2048 698 2054; x_wconf 85' lang='grc'><strong>”</strong></span> <span class='ocrx_word' id='word_1_348' title='bbox 717 2041 734 2075; x_wconf 78' lang='grc' dir='ltr'><strong>ἧ</strong></span> <span class='ocrx_word' id='word_1_349' title='bbox 748 2048 775 2066; x_wconf 81' lang='grc' dir='ltr'><strong>τε</strong></span> <span class='ocrx_word' id='word_1_350' title='bbox 788 2039 841 2074; x_wconf 78' lang='grc' dir='ltr'><strong>γάρ</strong></span> <span class='ocrx_word' id='word_1_351' title='bbox 853 2039 922 2074; x_wconf 80' lang='grc' dir='ltr'>αὐγὴ</span> <span class='ocrx_word' id='word_1_352' title='bbox 933 2058 940 2070; x_wconf 87' lang='grc'><strong>,</strong></span> 
     </span>
    </p>
   </div>
   <div class='ocr_carea' id='block_1_45' title="bbox 154 2084 941 2124">
    <p class='ocr_par' dir='ltr' id='par_1_45' title="bbox 154 2084 941 2124">
     <span class='ocr_line' id='line_1_45' title="bbox 154 2084 941 2124; baseline -0.006 -9"><span class='ocrx_word' id='word_1_353' title='bbox 154 2086 297 2124; x_wconf 82' lang='grc' dir='ltr'>σύμφυτος</span> <span class='ocrx_word' id='word_1_354' title='bbox 310 2085 377 2114; x_wconf 80' lang='grc' dir='ltr'>οὖσα</span> <span class='ocrx_word' id='word_1_355' title='bbox 398 2088 430 2122; x_wconf 82' lang='grc' dir='ltr'><strong>τῇ</strong></span> <span class='ocrx_word' id='word_1_356' title='bbox 455 2087 502 2113; x_wconf 80' lang='grc' dir='ltr'><strong>τοῦ</strong></span> <span class='ocrx_word' id='word_1_357' title='bbox 527 2087 613 2121; x_wconf 77' lang='grc' dir='ltr'>φωτὸς</span> <span class='ocrx_word' id='word_1_358' title='bbox 635 2086 723 2120; x_wconf 81' lang='grc' dir='ltr'>φύσει,</span> <span class='ocrx_word' id='word_1_359' title='bbox 740 2086 786 2112; x_wconf 70' lang='grc' dir='ltr'>καὶ</span> <span class='ocrx_word' id='word_1_360' title='bbox 806 2084 941 2115; x_wconf 84' lang='grc' dir='ltr'>οὐσιωδῶς</span> 
     </span>
    </p>
   </div>
   <div class='ocr_carea' id='block_1_46' title="bbox 154 2131 941 2169">
    <p class='ocr_par' dir='ltr' id='par_1_46' title="bbox 154 2131 941 2169">
     <span class='ocr_line' id='line_1_46' title="bbox 154 2131 941 2169; baseline -0.005 -9"><span class='ocrx_word' id='word_1_361' title='bbox 154 2133 366 2169; x_wconf 75' lang='grc' dir='ltr'>συνυπάρχουσα</span> <span class='ocrx_word' id='word_1_362' title='bbox 392 2132 431 2168; x_wconf 85' lang='grc' dir='ltr'>τῷ</span> <span class='ocrx_word' id='word_1_363' title='bbox 445 2133 524 2167; x_wconf 76' lang='grc' dir='ltr'>φωτὶ,</span> <span class='ocrx_word' id='word_1_364' title='bbox 544 2133 594 2159; x_wconf 87' lang='grc' dir='ltr'><strong>οὐκ</strong></span> <span class='ocrx_word' id='word_1_365' title='bbox 610 2132 642 2159; x_wconf 76' lang='grc' dir='ltr'>ἂν</span> <span class='ocrx_word' id='word_1_366' title='bbox 658 2132 763 2158; x_wconf 74' lang='grc' dir='ltr'>δύναιτο</span> <span class='ocrx_word' id='word_1_367' title='bbox 792 2131 869 2162; x_wconf 75' lang='grc' dir='ltr'>ἐκτὸς</span> <span class='ocrx_word' id='word_1_368' title='bbox 891 2131 941 2164; x_wconf 79' lang='grc' dir='ltr'><strong>ὑφ-</strong></span> 
     </span>
    </p>
   </div>
   <div class='ocr_carea' id='block_1_47' title="bbox 153 2175 939 2213">
    <p class='ocr_par' dir='ltr' id='par_1_47' title="bbox 153 2175 939 2213">
     <span class='ocr_line' id='line_1_47' title="bbox 153 2175 939 2213; baseline -0.006 -6"><span class='ocrx_word' id='word_1_369' title='bbox 153 2181 266 2207; x_wconf 79' lang='grc' dir='ltr'>ιστάναι</span> <span class='ocrx_word' id='word_1_370' title='bbox 280 2179 327 2207; x_wconf 82' lang='grc' dir='ltr'>τοῦ</span> <span class='ocrx_word' id='word_1_371' title='bbox 339 2180 369 2207; x_wconf 81' lang='grc' dir='ltr'>ὲν</span> <span class='ocrx_word' id='word_1_372' title='bbox 384 2175 405 2213; x_wconf 79' lang='grc' dir='ltr'>ᾧ</span> <span class='ocrx_word' id='word_1_373' title='bbox 418 2180 490 2206; x_wconf 77' lang='grc' dir='ltr'>ἐστιν</span> <span class='ocrx_word' id='word_1_374' title='bbox 500 2189 506 2194; x_wconf 89' lang='grc'>·</span> <span class='ocrx_word' id='word_1_375' title='bbox 525 2180 539 2206; x_wconf 81' lang='grc' dir='ltr'>ὁ</span> <span class='ocrx_word' id='word_1_376' title='bbox 553 2179 581 2205; x_wconf 77' lang='grc' dir='ltr'><strong>δέ</strong></span> <span class='ocrx_word' id='word_1_377' title='bbox 593 2187 624 2213; x_wconf 89' lang='grc' dir='ltr'><strong>γε</strong></span> <span class='ocrx_word' id='word_1_378' title='bbox 641 2178 686 2205; x_wconf 79' lang='grc' dir='ltr'>τοῦ</span> <span class='ocrx_word' id='word_1_379' title='bbox 699 2177 765 2204; x_wconf 85' lang='grc' dir='ltr'>Θεοῦ</span> <span class='ocrx_word' id='word_1_380' title='bbox 782 2177 866 2210; x_wconf 81' lang='grc' dir='ltr'>Λόγος</span> <span class='ocrx_word' id='word_1_381' title='bbox 878 2176 939 2203; x_wconf 73' lang='grc' dir='ltr'>καθ’</span> 
     </span>
    </p>
   </div>
   <div class='ocr_carea' id='block_1_48' title="bbox 155 2222 939 2259">
    <p class='ocr_par' dir='ltr' id='par_1_48' title="bbox 155 2222 939 2259">
     <span class='ocr_line' id='line_1_48' title="bbox 155 2222 939 2259; baseline -0.008 -6"><span class='ocrx_word' id='word_1_382' title='bbox 155 2225 252 2253; x_wconf 64' lang='grc' dir='ltr'>ἑαυτὸν</span> <span class='ocrx_word' id='word_1_383' title='bbox 265 2225 394 2252; x_wconf 82' lang='grc' dir='ltr'>οΰσῐωταί</span> <span class='ocrx_word' id='word_1_384' title='bbox 408 2234 436 2251; x_wconf 87' lang='grc' dir='ltr'><strong>τε</strong></span> <span class='ocrx_word' id='word_1_385' title='bbox 451 2225 497 2251; x_wconf 81' lang='grc' dir='ltr'>καὶ</span> <span class='ocrx_word' id='word_1_386' title='bbox 514 2224 660 2259; x_wconf 78' lang='grc' dir='ltr'>ὑφέστηκε,</span> <span class='ocrx_word' id='word_1_387' title='bbox 671 2223 715 2249; x_wconf 67' lang='grc' dir='ltr'>καὶ</span> <span class='ocrx_word' id='word_1_388' title='bbox 725 2223 773 2249; x_wconf 81' lang='grc' dir='ltr'><strong>οὐκ</strong></span> <span class='ocrx_word' id='word_1_389' title='bbox 788 2222 939 2256; x_wconf 83' lang='grc' dir='ltr'>ἀγεννήτως</span> 
     </span>
    </p>
   </div>
   <div class='ocr_carea' id='block_1_49' title="bbox 998 291 1794 329">
    <p class='ocr_par' dir='ltr' id='par_1_49' title="bbox 998 291 1794 329">
     <span class='ocr_line' id='line_1_49' title="bbox 998 291 1794 329; baseline 0.004 -9"><span class='ocrx_word' id='word_1_390' title='bbox 998 293 1158 321; x_wconf 71' lang='lat' dir='ltr'><strong>carentibus</strong></span> <span class='ocrx_word' id='word_1_391' title='bbox 1180 292 1299 325; x_wconf 66' lang='lat' dir='ltr'><strong>saeculis,</strong></span> <span class='ocrx_word' id='word_1_392' title='bbox 1312 295 1371 320; x_wconf 89' lang='lat' dir='ltr'><strong>erat</strong></span> <span class='ocrx_word' id='word_1_393' title='bbox 1390 291 1476 320; x_wconf 80' lang='lat' dir='ltr'><strong>Filius</strong></span> <span class='ocrx_word' id='word_1_394' title='bbox 1493 293 1632 328; x_wconf 80' lang='lat' dir='ltr'><strong>ingenitus</strong></span> <span class='ocrx_word' id='word_1_395' title='bbox 1655 294 1683 321; x_wconf 90' lang='lat' dir='ltr'><strong>in</strong></span> <span class='ocrx_word' id='word_1_396' title='bbox 1701 294 1794 329; x_wconf 59' lang='lat' dir='ltr'><strong>Patre;</strong></span> 
     </span>
    </p>
   </div>
   <div class='ocr_carea' id='block_1_50' title="bbox 999 337 1790 375">
    <p class='ocr_par' dir='ltr' id='par_1_50' title="bbox 999 337 1790 375">
     <span class='ocr_line' id='line_1_50' title="bbox 999 337 1790 375; baseline 0.004 -9"><span class='ocrx_word' id='word_1_397' title='bbox 999 339 1045 374; x_wconf 86' lang='lat' dir='ltr'><strong>qui</strong></span> <span class='ocrx_word' id='word_1_398' title='bbox 1061 346 1126 374; x_wconf 88' lang='lat' dir='ltr'><strong>pars</strong></span> <span class='ocrx_word' id='word_1_399' title='bbox 1142 339 1216 367; x_wconf 88' lang='lat' dir='ltr'><strong>illius</strong></span> <span class='ocrx_word' id='word_1_400' title='bbox 1228 337 1352 373; x_wconf 71' lang='lat' dir='ltr'><strong>quaedam</strong></span> <span class='ocrx_word' id='word_1_401' title='bbox 1366 342 1451 372; x_wconf 88' lang='lat' dir='ltr'><strong>esset,</strong></span> <span class='ocrx_word' id='word_1_402' title='bbox 1462 346 1523 374; x_wconf 75' lang='lat' dir='ltr'><strong>qua:</strong></span> <span class='ocrx_word' id='word_1_403' title='bbox 1532 340 1641 375; x_wconf 88' lang='lat' dir='ltr'><strong>quidem</strong></span> <span class='ocrx_word' id='word_1_404' title='bbox 1652 341 1790 375; x_wconf 87' lang='lat' dir='ltr'><strong>posterius</strong></span> 
     </span>
    </p>
   </div>
   <div class='ocr_carea' id='block_1_51' title="bbox 999 384 1785 421">
    <p class='ocr_par' dir='ltr' id='par_1_51' title="bbox 999 384 1785 421">
     <span class='ocr_line' id='line_1_51' title="bbox 999 384 1785 421; baseline 0.003 -9"><span class='ocrx_word' id='word_1_405' title='bbox 999 390 1165 412; x_wconf 87' lang='lat' dir='ltr'><strong>commutata</strong></span> <span class='ocrx_word' id='word_1_406' title='bbox 1193 389 1221 412; x_wconf 88' lang='lat' dir='ltr'><strong>et</strong></span> <span class='ocrx_word' id='word_1_407' title='bbox 1243 384 1330 419; x_wconf 69' lang='lat' dir='ltr'><strong>eieota</strong></span> <span class='ocrx_word' id='word_1_408' title='bbox 1353 388 1430 412; x_wconf 78' lang='lat' dir='ltr'><strong>extra</strong></span> <span class='ocrx_word' id='word_1_409' title='bbox 1446 385 1524 413; x_wconf 86' lang='lat' dir='ltr'><strong>illum</strong></span> <span class='ocrx_word' id='word_1_410' title='bbox 1547 387 1693 414; x_wconf 71' lang='lat' dir='ltr'><strong>secesserit</strong></span> <span class='ocrx_word' id='word_1_411' title='bbox 1708 396 1715 414; x_wconf 87' lang='lat'><strong>:</strong></span> <span class='ocrx_word' id='word_1_412' title='bbox 1728 387 1785 421; x_wconf 80' lang='lat' dir='ltr'><strong>jam</strong></span> 
     </span>
    </p>
   </div>
   <div class='ocr_carea' id='block_1_52' title="bbox 998 430 1789 467">
    <p class='ocr_par' dir='ltr' id='par_1_52' title="bbox 998 430 1789 467">
     <span class='ocr_line' id='line_1_52' title="bbox 998 430 1789 467; baseline 0.003 -9"><span class='ocrx_word' id='word_1_413' title='bbox 998 430 1070 458; x_wconf 88' lang='lat' dir='ltr'><strong>enim</strong></span> <span class='ocrx_word' id='word_1_414' title='bbox 1087 431 1159 459; x_wconf 80' lang='lat' dir='ltr'><strong>istud</strong></span> <span class='ocrx_word' id='word_1_415' title='bbox 1175 433 1362 460; x_wconf 77' lang='lat' dir='ltr'><strong>conversionis</strong></span> <span class='ocrx_word' id='word_1_416' title='bbox 1377 432 1516 467; x_wconf 90' lang='lat' dir='ltr'><strong>proprium</strong></span> <span class='ocrx_word' id='word_1_417' title='bbox 1534 431 1613 465; x_wconf 79' lang='lat' dir='ltr'><strong>foret,</strong></span> <span class='ocrx_word' id='word_1_418' title='bbox 1628 436 1655 459; x_wconf 88' lang='lat' dir='ltr'><strong>et</strong></span> <span class='ocrx_word' id='word_1_419' title='bbox 1672 433 1711 460; x_wconf 92' lang='lat' dir='ltr'><strong>sic</strong></span> <span class='ocrx_word' id='word_1_420' title='bbox 1724 441 1789 460; x_wconf 87' lang='lat' dir='ltr'><strong>sane</strong></span> 
     </span>
    </p>
   </div>
   <div class='ocr_carea' id='block_1_53' title="bbox 998 476 1786 514">
    <p class='ocr_par' dir='ltr' id='par_1_53' title="bbox 998 476 1786 514">
     <span class='ocr_line' id='line_1_53' title="bbox 998 476 1786 514; baseline 0.003 -10"><span class='ocrx_word' id='word_1_421' title='bbox 998 476 1054 503; x_wconf 92' lang='lat' dir='ltr'><strong>duo</strong></span> <span class='ocrx_word' id='word_1_422' title='bbox 1077 482 1170 505; x_wconf 87' lang='lat' dir='ltr'><strong>essent</strong></span> <span class='ocrx_word' id='word_1_423' title='bbox 1196 479 1330 514; x_wconf 83' lang='lat' dir='ltr'><strong>ingenita,</strong></span> <span class='ocrx_word' id='word_1_424' title='bbox 1351 486 1434 505; x_wconf 92' lang='lat' dir='ltr'><strong>unum</strong></span> <span class='ocrx_word' id='word_1_425' title='bbox 1461 478 1487 505; x_wconf 89' lang='lat' dir='ltr'><strong>id</strong></span> <span class='ocrx_word' id='word_1_426' title='bbox 1510 479 1582 514; x_wconf 86' lang='lat' dir='ltr'><strong>quod</strong></span> <span class='ocrx_word' id='word_1_427' title='bbox 1608 480 1786 514; x_wconf 83' lang='lat' dir='ltr'><strong>projecisset,</strong></span> 
     </span>
    </p>
   </div>
   <div class='ocr_carea' id='block_1_54' title="bbox 999 523 1822 561">
    <p class='ocr_par' dir='ltr' id='par_1_54' title="bbox 999 523 1822 561">
     <span class='ocr_line' id='line_1_54' title="bbox 999 523 1822 561; baseline 0.002 -11"><span class='ocrx_word' id='word_1_428' title='bbox 999 523 1114 550; x_wconf 86' lang='lat' dir='ltr'><strong>alterum</strong></span> <span class='ocrx_word' id='word_1_429' title='bbox 1131 525 1202 559; x_wconf 92' lang='lat' dir='ltr'><strong>quod</strong></span> <span class='ocrx_word' id='word_1_430' title='bbox 1218 525 1367 560; x_wconf 84' lang='lat' dir='ltr'><strong>projectum</strong></span> <span class='ocrx_word' id='word_1_431' title='bbox 1387 526 1476 552; x_wconf 85' lang='lat' dir='ltr'><strong>esset!</strong></span> <span class='ocrx_word' id='word_1_432' title='bbox 1492 524 1524 552; x_wconf 84' lang='lat' dir='ltr'><strong>Et</strong></span> <span class='ocrx_word' id='word_1_433' title='bbox 1539 525 1661 560; x_wconf 72' lang='lat' dir='ltr'><strong>quinam,</strong></span> <span class='ocrx_word' id='word_1_434' title='bbox 1683 533 1786 561; x_wconf 67' lang='lat' dir='ltr'><strong>quaaso,</strong></span> <span class='ocrx_word' id='word_1_435' title='bbox 1820 539 1822 543; x_wconf 93' lang='lat'><strong><em>-</em></strong></span> 
     </span>
    </p>
   </div>
   <div class='ocr_carea' id='block_1_55' title="bbox 1000 571 1785 605">
    <p class='ocr_par' dir='ltr' id='par_1_55' title="bbox 1000 571 1785 605">
     <span class='ocr_line' id='line_1_55' title="bbox 1000 571 1785 605; baseline 0.006 -10"><span class='ocrx_word' id='word_1_436' title='bbox 1000 573 1087 597; x_wconf 84' lang='lat' dir='ltr'><strong>status</strong></span> <span class='ocrx_word' id='word_1_437' title='bbox 1102 572 1216 598; x_wconf 87' lang='lat' dir='ltr'><strong>melior?</strong></span> <span class='ocrx_word' id='word_1_438' title='bbox 1230 571 1299 597; x_wconf 80' lang='lat' dir='ltr'><strong>Num</strong></span> <span class='ocrx_word' id='word_1_439' title='bbox 1317 571 1339 598; x_wconf 87' lang='lat' dir='ltr'><strong>is</strong></span> <span class='ocrx_word' id='word_1_440' title='bbox 1355 571 1400 605; x_wconf 87' lang='lat' dir='ltr'><strong>qui</strong></span> <span class='ocrx_word' id='word_1_441' title='bbox 1417 574 1479 598; x_wconf 90' lang='lat' dir='ltr'><strong>ante</strong></span> <span class='ocrx_word' id='word_1_442' title='bbox 1501 573 1707 600; x_wconf 72' lang='lat' dir='ltr'><strong>conversionem</strong></span> <span class='ocrx_word' id='word_1_443' title='bbox 1725 572 1785 604; x_wconf 75' lang='lat' dir='ltr'><strong>fuit,</strong></span> 
     </span>
    </p>
   </div>
   <div class='ocr_carea' id='block_1_56' title="bbox 999 617 1786 654">
    <p class='ocr_par' dir='ltr' id='par_1_56' title="bbox 999 617 1786 654">
     <span class='ocr_line' id='line_1_56' title="bbox 999 617 1786 654; baseline 0.005 -12"><span class='ocrx_word' id='word_1_444' title='bbox 999 624 1053 650; x_wconf 91' lang='lat' dir='ltr'><strong>quo</strong></span> <span class='ocrx_word' id='word_1_445' title='bbox 1067 624 1115 651; x_wconf 86' lang='lat' dir='ltr'><strong>per</strong></span> <span class='ocrx_word' id='word_1_446' title='bbox 1129 617 1323 652; x_wconf 86' lang='lat' dir='ltr'><strong>projeetionem</strong></span> <span class='ocrx_word' id='word_1_447' title='bbox 1335 617 1457 644; x_wconf 78' lang='lat' dir='ltr'><strong>diductio</strong></span> <span class='ocrx_word' id='word_1_448' title='bbox 1470 618 1538 644; x_wconf 77' lang='lat' dir='ltr'><strong>facta</strong></span> <span class='ocrx_word' id='word_1_449' title='bbox 1550 619 1612 644; x_wconf 84' lang='lat' dir='ltr'><strong>est?</strong></span> <span class='ocrx_word' id='word_1_450' title='bbox 1623 618 1694 653; x_wconf 80' lang='lat' dir='ltr'><strong>Ergo</strong></span> <span class='ocrx_word' id='word_1_451' title='bbox 1706 620 1786 654; x_wconf 88' lang='lat' dir='ltr'><strong>quasi</strong></span> 
     </span>
    </p>
   </div>
   <div class='ocr_carea' id='block_1_57' title="bbox 1000 663 1786 699">
    <p class='ocr_par' dir='ltr' id='par_1_57' title="bbox 1000 663 1786 699">
     <span class='ocr_line' id='line_1_57' title="bbox 1000 663 1786 699; baseline 0.005 -12"><span class='ocrx_word' id='word_1_452' title='bbox 1000 669 1062 697; x_wconf 70' lang='lat' dir='ltr'><strong>pars</strong></span> <span class='ocrx_word' id='word_1_453' title='bbox 1078 663 1119 689; x_wconf 77' lang='lat' dir='ltr'><strong>vel</strong></span> <span class='ocrx_word' id='word_1_454' title='bbox 1132 663 1282 690; x_wconf 64' lang='lat' dir='ltr'><strong>membrum</strong></span> <span class='ocrx_word' id='word_1_455' title='bbox 1297 667 1375 690; x_wconf 82' lang='lat' dir='ltr'><strong>antea</strong></span> <span class='ocrx_word' id='word_1_456' title='bbox 1387 671 1493 699; x_wconf 78' lang='lat' dir='ltr'><strong>semper</strong></span> <span class='ocrx_word' id='word_1_457' title='bbox 1505 664 1620 698; x_wconf 78' lang='lat' dir='ltr'><strong>iugeuile</strong></span> <span class='ocrx_word' id='word_1_458' title='bbox 1634 664 1786 698; x_wconf 63' lang='lat' dir='ltr'><strong>adha‘rens,</strong></span> 
     </span>
    </p>
   </div>
   <div class='ocr_carea' id='block_1_58' title="bbox 999 708 1786 742">
    <p class='ocr_par' dir='ltr' id='par_1_58' title="bbox 999 708 1786 742">
     <span class='ocr_line' id='line_1_58' title="bbox 999 708 1786 742; baseline 0.008 -9"><span class='ocrx_word' id='word_1_459' title='bbox 999 708 1096 735; x_wconf 79' lang='lat' dir='ltr'><strong>deinde</strong></span> <span class='ocrx_word' id='word_1_460' title='bbox 1113 709 1251 735; x_wconf 78' lang='lat' dir='ltr'><strong>diductum</strong></span> <span class='ocrx_word' id='word_1_461' title='bbox 1274 714 1301 736; x_wconf 91' lang='lat' dir='ltr'><strong>et</strong></span> <span class='ocrx_word' id='word_1_462' title='bbox 1322 718 1443 737; x_wconf 89' lang='lat' dir='ltr'><strong>seorsum</strong></span> <span class='ocrx_word' id='word_1_463' title='bbox 1462 710 1554 737; x_wconf 73' lang='lat' dir='ltr'><strong>abiens</strong></span> <span class='ocrx_word' id='word_1_464' title='bbox 1570 719 1584 736; x_wconf 88' lang='lat' dir='ltr'><strong>a</strong></span> <span class='ocrx_word' id='word_1_465' title='bbox 1599 715 1666 742; x_wconf 83' lang='lat' dir='ltr'><strong>toto,</strong></span> <span class='ocrx_word' id='word_1_466' title='bbox 1683 712 1722 738; x_wconf 72' lang='lat' dir='ltr'><strong>sic</strong></span> <span class='ocrx_word' id='word_1_467' title='bbox 1740 711 1786 739; x_wconf 80' lang='lat' dir='ltr'><strong>Fi-</strong></span> 
     </span>
    </p>
   </div>
   <div class='ocr_carea' id='block_1_59' title="bbox 999 754 1785 791">
    <p class='ocr_par' dir='ltr' id='par_1_59' title="bbox 999 754 1785 791">
     <span class='ocr_line' id='line_1_59' title="bbox 999 754 1785 791; baseline 0.006 -11"><span class='ocrx_word' id='word_1_468' title='bbox 999 754 1052 781; x_wconf 86' lang='lat' dir='ltr'><strong>lius</strong></span> <span class='ocrx_word' id='word_1_469' title='bbox 1073 762 1087 781; x_wconf 87' lang='lat' dir='ltr'><strong>a</strong></span> <span class='ocrx_word' id='word_1_470' title='bbox 1103 754 1181 782; x_wconf 70' lang='lat' dir='ltr'><strong>Pulre</strong></span> <span class='ocrx_word' id='word_1_471' title='bbox 1206 756 1319 791; x_wconf 80' lang='lat' dir='ltr'><strong>cogitari</strong></span> <span class='ocrx_word' id='word_1_472' title='bbox 1337 757 1444 791; x_wconf 86' lang='lat' dir='ltr'><strong>poterit.</strong></span> <span class='ocrx_word' id='word_1_473' title='bbox 1466 756 1518 783; x_wconf 88' lang='lat' dir='ltr'><strong>Sed</strong></span> <span class='ocrx_word' id='word_1_474' title='bbox 1538 759 1609 784; x_wconf 82' lang='lat' dir='ltr'><strong>enim</strong></span> <span class='ocrx_word' id='word_1_475' title='bbox 1632 758 1742 784; x_wconf 78' lang='lat' dir='ltr'><strong>infanda</strong></span> <span class='ocrx_word' id='word_1_476' title='bbox 1758 763 1785 786; x_wconf 78' lang='lat' dir='ltr'><strong>ut</strong></span> 
     </span>
    </p>
   </div>
   <div class='ocr_carea' id='block_1_60' title="bbox 999 801 1784 839">
    <p class='ocr_par' dir='ltr' id='par_1_60' title="bbox 999 801 1784 839">
     <span class='ocr_line' id='line_1_60' title="bbox 999 801 1784 839; baseline 0.008 -14"><span class='ocrx_word' id='word_1_477' title='bbox 999 807 1112 833; x_wconf 82' lang='lat' dir='ltr'><strong>prorsus</strong></span> <span class='ocrx_word' id='word_1_478' title='bbox 1127 801 1208 835; x_wconf 81' lang='lat' dir='ltr'><strong>impia</strong></span> <span class='ocrx_word' id='word_1_479' title='bbox 1223 801 1289 833; x_wconf 65' lang='lat' dir='ltr'><strong>haec.</strong></span> <span class='ocrx_word' id='word_1_480' title='bbox 1303 810 1362 837; x_wconf 63' lang='lat' dir='ltr'><strong>qua:</strong></span> <span class='ocrx_word' id='word_1_481' title='bbox 1378 804 1498 830; x_wconf 60' lang='lat' dir='ltr'><strong>materia!</strong></span> <span class='ocrx_word' id='word_1_482' title='bbox 1513 804 1621 838; x_wconf 83' lang='lat' dir='ltr'><strong>quidem</strong></span> <span class='ocrx_word' id='word_1_483' title='bbox 1637 812 1784 839; x_wconf 78' lang='lat' dir='ltr'><strong>corporum</strong></span> 
     </span>
    </p>
   </div>
   <div class='ocr_carea' id='block_1_61' title="bbox 999 846 1784 883">
    <p class='ocr_par' dir='ltr' id='par_1_61' title="bbox 999 846 1784 883">
     <span class='ocr_line' id='line_1_61' title="bbox 999 846 1784 883; baseline 0.006 -12"><span class='ocrx_word' id='word_1_484' title='bbox 999 846 1164 872; x_wconf 81' lang='lat' dir='ltr'><strong>Conveniunt</strong></span> <span class='ocrx_word' id='word_1_485' title='bbox 1181 850 1208 873; x_wconf 87' lang='lat' dir='ltr'><strong>et</strong></span> <span class='ocrx_word' id='word_1_486' title='bbox 1225 847 1362 874; x_wconf 55' lang='lat' dir='ltr'><strong>adhaerent</strong></span> <span class='ocrx_word' id='word_1_487' title='bbox 1379 852 1408 875; x_wconf 90' lang='lat' dir='ltr'><strong>ut</strong></span> <span class='ocrx_word' id='word_1_488' title='bbox 1433 849 1553 883; x_wconf 81' lang='lat' dir='ltr'><strong>propria,</strong></span> <span class='ocrx_word' id='word_1_489' title='bbox 1576 848 1609 875; x_wconf 83' lang='lat' dir='ltr'><strong>ab</strong></span> <span class='ocrx_word' id='word_1_490' title='bbox 1624 851 1784 883; x_wconf 72' lang='lat' dir='ltr'><strong>incorporea</strong></span> 
     </span>
    </p>
   </div>
   <div class='ocr_carea' id='block_1_62' title="bbox 999 893 1783 928">
    <p class='ocr_par' dir='ltr' id='par_1_62' title="bbox 999 893 1783 928">
     <span class='ocr_line' id='line_1_62' title="bbox 999 893 1783 928; baseline 0.005 -11"><span class='ocrx_word' id='word_1_491' title='bbox 999 899 1064 917; x_wconf 78' lang='lat' dir='ltr'><strong>vero</strong></span> <span class='ocrx_word' id='word_1_492' title='bbox 1082 896 1108 918; x_wconf 91' lang='lat' dir='ltr'><strong>et</strong></span> <span class='ocrx_word' id='word_1_493' title='bbox 1124 893 1244 919; x_wconf 60' lang='lat' dir='ltr'><strong>materia:</strong></span> <span class='ocrx_word' id='word_1_494' title='bbox 1263 897 1374 928; x_wconf 81' lang='lat' dir='ltr'><strong>experte</strong></span> <span class='ocrx_word' id='word_1_495' title='bbox 1390 898 1498 924; x_wconf 87' lang='lat' dir='ltr'><strong>natura,</strong></span> <span class='ocrx_word' id='word_1_496' title='bbox 1515 894 1663 921; x_wconf 85' lang='lat' dir='ltr'><strong>abhorrent</strong></span> <span class='ocrx_word' id='word_1_497' title='bbox 1677 894 1783 921; x_wconf 52' lang='lat' dir='ltr'><strong>alienam</strong></span> 
     </span>
    </p>
   </div>
   <div class='ocr_carea' id='block_1_63' title="bbox 999 938 1784 974">
    <p class='ocr_par' dir='ltr' id='par_1_63' title="bbox 999 938 1784 974">
     <span class='ocr_line' id='line_1_63' title="bbox 999 938 1784 974; baseline 0.004 -10"><span class='ocrx_word' id='word_1_498' title='bbox 999 946 1050 973; x_wconf 82' lang='lat' dir='ltr'><strong>que</strong></span> <span class='ocrx_word' id='word_1_499' title='bbox 1065 943 1136 965; x_wconf 90' lang='lat' dir='ltr'><strong>sunt.</strong></span> <span class='ocrx_word' id='word_1_500' title='bbox 1156 938 1288 971; x_wconf 78' lang='lat' dir='ltr'><strong>Quocirca</strong></span> <span class='ocrx_word' id='word_1_501' title='bbox 1303 941 1400 967; x_wconf 68' lang='lat' dir='ltr'><strong>metito</strong></span> <span class='ocrx_word' id='word_1_502' title='bbox 1421 940 1556 974; x_wconf 88' lang='lat' dir='ltr'><strong>quispiam</strong></span> <span class='ocrx_word' id='word_1_503' title='bbox 1571 941 1621 966; x_wconf 88' lang='lat' dir='ltr'><strong>hoc</strong></span> <span class='ocrx_word' id='word_1_504' title='bbox 1637 940 1663 967; x_wconf 91' lang='lat' dir='ltr'><strong>in</strong></span> <span class='ocrx_word' id='word_1_505' title='bbox 1681 941 1740 967; x_wconf 89' lang='lat' dir='ltr'><strong>loco</strong></span> <span class='ocrx_word' id='word_1_506' title='bbox 1757 945 1784 968; x_wconf 91' lang='lat' dir='ltr'><strong>et</strong></span> 
     </span>
    </p>
   </div>
   <div class='ocr_carea' id='block_1_64' title="bbox 998 985 1782 1020">
    <p class='ocr_par' dir='ltr' id='par_1_64' title="bbox 998 985 1782 1020">
     <span class='ocr_line' id='line_1_64' title="bbox 998 985 1782 1020; baseline 0.003 -9"><span class='ocrx_word' id='word_1_507' title='bbox 998 988 1150 1018; x_wconf 78' lang='lat' dir='ltr'><strong>opportune</strong></span> <span class='ocrx_word' id='word_1_508' title='bbox 1167 992 1263 1012; x_wconf 88' lang='lat' dir='ltr'><strong>rursus</strong></span> <span class='ocrx_word' id='word_1_509' title='bbox 1287 985 1351 1012; x_wconf 88' lang='lat' dir='ltr'><strong>illud</strong></span> <span class='ocrx_word' id='word_1_510' title='bbox 1371 986 1488 1020; x_wconf 77' lang='lat' dir='ltr'><strong>proferet</strong></span> <span class='ocrx_word' id='word_1_511' title='bbox 1508 994 1514 1012; x_wconf 74' lang='grc' dir='ltr'><strong>ι</strong></span> <span class='ocrx_word' id='word_1_512' title='bbox 1538 995 1547 1012; x_wconf 85' lang='grc' dir='ltr'><strong>ι</strong></span> <span class='ocrx_word' id='word_1_513' title='bbox 1574 986 1782 1014; x_wconf 84' lang='lat' dir='ltr'><strong>Generationem</strong></span> 
     </span>
    </p>
   </div>
   <div class='ocr_carea' id='block_1_65' title="bbox 997 1030 1782 1065">
    <p class='ocr_par' dir='ltr' id='par_1_65' title="bbox 997 1030 1782 1065">
     <span class='ocr_line' id='line_1_65' title="bbox 997 1030 1782 1065; baseline 0.003 -8"><span class='ocrx_word' id='word_1_514' title='bbox 997 1030 1056 1063; x_wconf 82' lang='lat' dir='ltr'><strong>ejus</strong></span> <span class='ocrx_word' id='word_1_515' title='bbox 1077 1030 1141 1064; x_wconf 84' lang='lat' dir='ltr'><strong>quis</strong></span> <span class='ocrx_word' id='word_1_516' title='bbox 1160 1031 1321 1057; x_wconf 75' lang='lat' dir='ltr'><strong>enarrabili</strong></span> <span class='ocrx_word' id='word_1_517' title='bbox 1337 1031 1359 1046; x_wconf 67' lang='grc' dir='ltr'><strong>θ’</strong></span> <span class='ocrx_word' id='word_1_518' title='bbox 1378 1041 1387 1057; x_wconf 70' lang='grc' dir='ltr'><strong>ι</strong></span> <span class='ocrx_word' id='word_1_519' title='bbox 1408 1031 1546 1065; x_wconf 88' lang='lat' dir='ltr'><strong>Siquidem</strong></span> <span class='ocrx_word' id='word_1_520' title='bbox 1569 1032 1595 1058; x_wconf 96' lang='lat' dir='ltr'><strong>in</strong></span> <span class='ocrx_word' id='word_1_521' title='bbox 1617 1034 1782 1059; x_wconf 86' lang='lat' dir='ltr'><strong>contrariam</strong></span> 
     </span>
    </p>
   </div>
   <div class='ocr_carea' id='block_1_66' title="bbox 997 1075 1783 1110">
    <p class='ocr_par' dir='ltr' id='par_1_66' title="bbox 997 1075 1783 1110">
     <span class='ocr_line' id='line_1_66' title="bbox 997 1075 1783 1110; baseline 0.004 -9"><span class='ocrx_word' id='word_1_522' title='bbox 997 1075 1072 1102; x_wconf 81' lang='lat' dir='ltr'><strong>abire</strong></span> <span class='ocrx_word' id='word_1_523' title='bbox 1085 1080 1198 1110; x_wconf 84' lang='lat' dir='ltr'><strong>partem,</strong></span> <span class='ocrx_word' id='word_1_524' title='bbox 1217 1080 1243 1102; x_wconf 82' lang='lat' dir='ltr'><strong>et</strong></span> <span class='ocrx_word' id='word_1_525' title='bbox 1256 1075 1416 1110; x_wconf 66' lang='lat' dir='ltr'><strong>simpliciter</strong></span> <span class='ocrx_word' id='word_1_526' title='bbox 1434 1077 1473 1103; x_wconf 87' lang='lat' dir='ltr'><strong>sic</strong></span> <span class='ocrx_word' id='word_1_527' title='bbox 1487 1078 1640 1108; x_wconf 84' lang='lat' dir='ltr'><strong>enuntiare.</strong></span> <span class='ocrx_word' id='word_1_528' title='bbox 1653 1085 1686 1104; x_wconf 74' lang='lat' dir='ltr'><strong>ex</strong></span> <span class='ocrx_word' id='word_1_529' title='bbox 1698 1078 1783 1104; x_wconf 87' lang='lat' dir='ltr'><strong>nihilo</strong></span> 
     </span>
    </p>
   </div>
   <div class='ocr_carea' id='block_1_67' title="bbox 996 1120 1794 1158">
    <p class='ocr_par' dir='ltr' id='par_1_67' title="bbox 996 1120 1794 1158">
     <span class='ocr_line' id='line_1_67' title="bbox 996 1120 1794 1158; baseline 0.004 -11"><span class='ocrx_word' id='word_1_530' title='bbox 996 1121 1115 1155; x_wconf 79' lang='lat' dir='ltr'><strong>genitum</strong></span> <span class='ocrx_word' id='word_1_531' title='bbox 1131 1129 1191 1148; x_wconf 90' lang='lat' dir='ltr'><strong>esse</strong></span> <span class='ocrx_word' id='word_1_532' title='bbox 1206 1120 1303 1147; x_wconf 82' lang='lat' dir='ltr'><strong>Filium</strong></span> <span class='ocrx_word' id='word_1_533' title='bbox 1319 1121 1411 1148; x_wconf 89' lang='lat' dir='ltr'><strong>eadem</strong></span> <span class='ocrx_word' id='word_1_534' title='bbox 1425 1122 1529 1149; x_wconf 87' lang='lat' dir='ltr'><strong>ratione</strong></span> <span class='ocrx_word' id='word_1_535' title='bbox 1539 1130 1591 1157; x_wconf 82' lang='lat' dir='ltr'><strong>qua</strong></span> <span class='ocrx_word' id='word_1_536' title='bbox 1607 1123 1709 1158; x_wconf 88' lang='lat' dir='ltr'><strong>reliqua</strong></span> <span class='ocrx_word' id='word_1_537' title='bbox 1721 1130 1794 1157; x_wconf 29' lang='lat' dir='ltr'><strong>quat:</strong></span> 
     </span>
    </p>
   </div>
   <div class='ocr_carea' id='block_1_68' title="bbox 997 1164 1781 1200">
    <p class='ocr_par' dir='ltr' id='par_1_68' title="bbox 997 1164 1781 1200">
     <span class='ocr_line' id='line_1_68' title="bbox 997 1164 1781 1200; baseline 0.004 -9"><span class='ocrx_word' id='word_1_538' title='bbox 997 1164 1067 1191; x_wconf 81' lang='lat' dir='ltr'><strong>facta</strong></span> <span class='ocrx_word' id='word_1_539' title='bbox 1085 1169 1158 1197; x_wconf 91' lang='lat' dir='ltr'><strong>sunt,</strong></span> <span class='ocrx_word' id='word_1_540' title='bbox 1179 1173 1232 1192; x_wconf 90' lang='lat' dir='ltr'><strong>non</strong></span> <span class='ocrx_word' id='word_1_541' title='bbox 1250 1166 1353 1200; x_wconf 88' lang='lat' dir='ltr'><strong>ahsque</strong></span> <span class='ocrx_word' id='word_1_542' title='bbox 1373 1166 1495 1200; x_wconf 83' lang='lat' dir='ltr'><strong>periculo</strong></span> <span class='ocrx_word' id='word_1_543' title='bbox 1510 1167 1545 1194; x_wconf 89' lang='lat' dir='ltr'><strong>sit</strong></span> <span class='ocrx_word' id='word_1_544' title='bbox 1561 1176 1567 1193; x_wconf 90' lang='lat'>:</span> <span class='ocrx_word' id='word_1_545' title='bbox 1584 1168 1635 1197; x_wconf 82' lang='lat' dir='ltr'><strong>alia</strong></span> <span class='ocrx_word' id='word_1_546' title='bbox 1652 1172 1694 1195; x_wconf 91' lang='lat' dir='ltr'><strong>cst</strong></span> <span class='ocrx_word' id='word_1_547' title='bbox 1708 1168 1781 1195; x_wconf 87' lang='lat' dir='ltr'><strong>enim</strong></span> 
     </span>
    </p>
   </div>
   <div class='ocr_carea' id='block_1_69' title="bbox 995 1210 1781 1247">
    <p class='ocr_par' dir='ltr' id='par_1_69' title="bbox 995 1210 1781 1247">
     <span class='ocr_line' id='line_1_69' title="bbox 995 1210 1781 1247; baseline 0.003 -10"><span class='ocrx_word' id='word_1_548' title='bbox 995 1210 1056 1237; x_wconf 85' lang='lat' dir='ltr'><strong>Filii</strong></span> <span class='ocrx_word' id='word_1_549' title='bbox 1081 1211 1228 1246; x_wconf 81' lang='lat' dir='ltr'><strong>generatio,</strong></span> <span class='ocrx_word' id='word_1_550' title='bbox 1245 1215 1272 1239; x_wconf 86' lang='lat' dir='ltr'><strong>et</strong></span> <span class='ocrx_word' id='word_1_551' title='bbox 1297 1212 1350 1238; x_wconf 89' lang='lat' dir='ltr'><strong>alia</strong></span> <span class='ocrx_word' id='word_1_552' title='bbox 1374 1220 1421 1247; x_wconf 81' lang='lat' dir='ltr'><strong>per</strong></span> <span class='ocrx_word' id='word_1_553' title='bbox 1432 1211 1529 1239; x_wconf 90' lang='lat' dir='ltr'><strong>Filium</strong></span> <span class='ocrx_word' id='word_1_554' title='bbox 1554 1213 1666 1240; x_wconf 89' lang='lat' dir='ltr'><strong>aliarum</strong></span> <span class='ocrx_word' id='word_1_555' title='bbox 1690 1221 1781 1241; x_wconf 82' lang='lat' dir='ltr'><strong>rerum</strong></span> 
     </span>
    </p>
   </div>
   <div class='ocr_carea' id='block_1_70' title="bbox 995 1258 1786 1294">
    <p class='ocr_par' dir='ltr' id='par_1_70' title="bbox 995 1258 1786 1294">
     <span class='ocr_line' id='line_1_70' title="bbox 995 1258 1786 1294; baseline 0.005 -10"><span class='ocrx_word' id='word_1_556' title='bbox 995 1258 1106 1285; x_wconf 78' lang='lat' dir='ltr'><strong>creatio.</strong></span> <span class='ocrx_word' id='word_1_557' title='bbox 1121 1258 1211 1291; x_wconf 86' lang='lat' dir='ltr'><strong>Quare</strong></span> <span class='ocrx_word' id='word_1_558' title='bbox 1226 1266 1287 1285; x_wconf 87' lang='lat' dir='ltr'><strong>cum</strong></span> <span class='ocrx_word' id='word_1_559' title='bbox 1302 1258 1393 1285; x_wconf 80' lang='lat' dir='ltr'><strong>divina</strong></span> <span class='ocrx_word' id='word_1_560' title='bbox 1417 1258 1556 1294; x_wconf 89' lang='lat' dir='ltr'><strong>Scriptura</strong></span> <span class='ocrx_word' id='word_1_561' title='bbox 1573 1259 1653 1286; x_wconf 81' lang='lat' dir='ltr'><strong>motio</strong></span> <span class='ocrx_word' id='word_1_562' title='bbox 1672 1259 1786 1294; x_wconf 84' lang='lat' dir='ltr'><strong>quidem</strong></span> 
     </span>
    </p>
   </div>
   <div class='ocr_carea' id='block_1_71' title="bbox 996 1303 1781 1341">
    <p class='ocr_par' dir='ltr' id='par_1_71' title="bbox 996 1303 1781 1341">
     <span class='ocr_line' id='line_1_71' title="bbox 996 1303 1781 1341; baseline 0.006 -12"><span class='ocrx_word' id='word_1_563' title='bbox 996 1303 1204 1338; x_wconf 77' lang='lat' dir='ltr'><strong>primogenitum</strong></span> <span class='ocrx_word' id='word_1_564' title='bbox 1231 1303 1320 1331; x_wconf 92' lang='lat' dir='ltr'><strong>omnis</strong></span> <span class='ocrx_word' id='word_1_565' title='bbox 1343 1310 1474 1333; x_wconf 78' lang='lat' dir='ltr'><strong>creatura:</strong></span> <span class='ocrx_word' id='word_1_566' title='bbox 1488 1304 1584 1332; x_wconf 86' lang='lat' dir='ltr'><strong>Filium</strong></span> <span class='ocrx_word' id='word_1_567' title='bbox 1601 1306 1726 1341; x_wconf 81' lang='lat' dir='ltr'><strong>appellet.</strong></span> <span class='ocrx_word' id='word_1_568' title='bbox 1747 1315 1781 1334; x_wconf 72' lang='lat' dir='ltr'><strong>ex</strong></span> 
     </span>
    </p>
   </div>
   <div class='ocr_carea' id='block_1_72' title="bbox 996 1348 1782 1383">
    <p class='ocr_par' dir='ltr' id='par_1_72' title="bbox 996 1348 1782 1383">
     <span class='ocr_line' id='line_1_72' title="bbox 996 1348 1782 1383; baseline 0.006 -9"><span class='ocrx_word' id='word_1_569' title='bbox 996 1348 1082 1383; x_wconf 83' lang='lat' dir='ltr'><strong>ipsius</strong></span> <span class='ocrx_word' id='word_1_570' title='bbox 1095 1356 1210 1383; x_wconf 85' lang='lat' dir='ltr'><strong>persona</strong></span> <span class='ocrx_word' id='word_1_571' title='bbox 1226 1349 1266 1376; x_wconf 86' lang='lat' dir='ltr'><strong>sic</strong></span> <span class='ocrx_word' id='word_1_572' title='bbox 1287 1349 1380 1376; x_wconf 90' lang='lat' dir='ltr'><strong>dicens</strong></span> <span class='ocrx_word' id='word_1_573' title='bbox 1399 1359 1404 1376; x_wconf 89' lang='lat'>:</span> <span class='ocrx_word' id='word_1_574' title='bbox 1426 1359 1435 1375; x_wconf 83' lang='grc' dir='ltr'><strong>ι</strong></span> <span class='ocrx_word' id='word_1_575' title='bbox 1456 1350 1589 1378; x_wconf 89' lang='lat' dir='ltr'><strong>Dominus</strong></span> <span class='ocrx_word' id='word_1_576' title='bbox 1614 1351 1715 1379; x_wconf 86' lang='lat' dir='ltr'><strong>creavit</strong></span> <span class='ocrx_word' id='word_1_577' title='bbox 1738 1359 1782 1378; x_wconf 85' lang='lat' dir='ltr'><strong>me</strong></span> 
     </span>
    </p>
   </div>
   <div class='ocr_carea' id='block_1_73' title="bbox 995 1393 1780 1432">
    <p class='ocr_par' dir='ltr' id='par_1_73' title="bbox 995 1393 1780 1432">
     <span class='ocr_line' id='line_1_73' title="bbox 995 1393 1780 1432; baseline 0.006 -13"><span class='ocrx_word' id='word_1_578' title='bbox 995 1393 1100 1420; x_wconf 86' lang='lat' dir='ltr'><strong>initium</strong></span> <span class='ocrx_word' id='word_1_579' title='bbox 1119 1394 1222 1420; x_wconf 83' lang='lat' dir='ltr'><strong>viarum</strong></span> <span class='ocrx_word' id='word_1_580' title='bbox 1238 1402 1360 1426; x_wconf 80' lang='lat' dir='ltr'><strong>suarum,</strong></span> <span class='ocrx_word' id='word_1_581' title='bbox 1382 1404 1391 1421; x_wconf 73' lang='grc' dir='ltr'><strong>ι</strong></span> <span class='ocrx_word' id='word_1_582' title='bbox 1411 1395 1492 1423; x_wconf 90' lang='lat' dir='ltr'><strong>modo</strong></span> <span class='ocrx_word' id='word_1_583' title='bbox 1514 1400 1604 1423; x_wconf 90' lang='lat' dir='ltr'><strong>autem</strong></span> <span class='ocrx_word' id='word_1_584' title='bbox 1627 1397 1780 1432; x_wconf 76' lang='lat' dir='ltr'><strong>genituram</strong></span> 
     </span>
    </p>
   </div>
   <div class='ocr_carea' id='block_1_74' title="bbox 995 1438 1782 1478">
    <p class='ocr_par' dir='ltr' id='par_1_74' title="bbox 995 1438 1782 1478">
     <span class='ocr_line' id='line_1_74' title="bbox 995 1438 1782 1478; baseline 0.008 -14"><span class='ocrx_word' id='word_1_585' title='bbox 995 1438 1083 1466; x_wconf 81' lang='lat' dir='ltr'><strong>Patris</strong></span> <span class='ocrx_word' id='word_1_586' title='bbox 1104 1439 1192 1470; x_wconf 81' lang='lat' dir='ltr'><strong>dicat.</strong></span> <span class='ocrx_word' id='word_1_587' title='bbox 1209 1440 1254 1466; x_wconf 85' lang='lat' dir='ltr'><strong>ubi</strong></span> <span class='ocrx_word' id='word_1_588' title='bbox 1279 1440 1336 1467; x_wconf 84' lang='lat' dir='ltr'><strong>ait:</strong></span> <span class='ocrx_word' id='word_1_589' title='bbox 1359 1450 1367 1465; x_wconf 83' lang='grc' dir='ltr'><strong>ι</strong></span> <span class='ocrx_word' id='word_1_590' title='bbox 1389 1440 1421 1467; x_wconf 86' lang='lat' dir='ltr'><strong>Et</strong></span> <span class='ocrx_word' id='word_1_591' title='bbox 1438 1445 1502 1468; x_wconf 85' lang='lat' dir='ltr'><strong>ante</strong></span> <span class='ocrx_word' id='word_1_592' title='bbox 1525 1449 1620 1469; x_wconf 88' lang='lat' dir='ltr'><strong>omnes</strong></span> <span class='ocrx_word' id='word_1_593' title='bbox 1637 1443 1720 1470; x_wconf 82' lang='lat' dir='ltr'><strong>colles</strong></span> <span class='ocrx_word' id='word_1_594' title='bbox 1741 1443 1782 1478; x_wconf 86' lang='lat' dir='ltr'><strong>gi-</strong></span> 
     </span>
    </p>
   </div>
   <div class='ocr_carea' id='block_1_75' title="bbox 994 1485 1792 1523">
    <p class='ocr_par' dir='ltr' id='par_1_75' title="bbox 994 1485 1792 1523">
     <span class='ocr_line' id='line_1_75' title="bbox 994 1485 1792 1523; baseline 0.009 -13"><span class='ocrx_word' id='word_1_595' title='bbox 994 1485 1051 1518; x_wconf 79' lang='lat' dir='ltr'><strong>gnit</strong></span> <span class='ocrx_word' id='word_1_596' title='bbox 1067 1493 1119 1517; x_wconf 89' lang='lat' dir='ltr'><strong>me,</strong></span> <span class='ocrx_word' id='word_1_597' title='bbox 1141 1495 1149 1511; x_wconf 82' lang='lat' dir='ltr'><strong>I</strong></span> <span class='ocrx_word' id='word_1_598' title='bbox 1168 1485 1237 1512; x_wconf 91' lang='lat' dir='ltr'><strong>hanc</strong></span> <span class='ocrx_word' id='word_1_599' title='bbox 1253 1486 1316 1513; x_wconf 90' lang='lat' dir='ltr'><strong>item</strong></span> <span class='ocrx_word' id='word_1_600' title='bbox 1328 1494 1378 1514; x_wconf 91' lang='lat' dir='ltr'><strong>nos</strong></span> <span class='ocrx_word' id='word_1_601' title='bbox 1390 1487 1466 1522; x_wconf 88' lang='lat' dir='ltr'><strong>sequi</strong></span> <span class='ocrx_word' id='word_1_602' title='bbox 1482 1488 1646 1523; x_wconf 87' lang='lat' dir='ltr'><strong>sanijudicii</strong></span> <span class='ocrx_word' id='word_1_603' title='bbox 1662 1490 1707 1522; x_wconf 87' lang='lat' dir='ltr'><strong>sit,</strong></span> <span class='ocrx_word' id='word_1_604' title='bbox 1718 1497 1792 1519; x_wconf 88' lang='lat' dir='ltr'><strong>con-.</strong></span> 
     </span>
    </p>
   </div>
   <div class='ocr_carea' id='block_1_76' title="bbox 995 1530 1793 1564">
    <p class='ocr_par' dir='ltr' id='par_1_76' title="bbox 995 1530 1793 1564">
     <span class='ocr_line' id='line_1_76' title="bbox 995 1530 1793 1564; baseline 0.01 -8"><span class='ocrx_word' id='word_1_605' title='bbox 995 1530 1118 1564; x_wconf 82' lang='lat' dir='ltr'><strong>ﬁterique</strong></span> <span class='ocrx_word' id='word_1_606' title='bbox 1133 1536 1195 1559; x_wconf 85' lang='lat' dir='ltr'><strong>ante</strong></span> <span class='ocrx_word' id='word_1_607' title='bbox 1210 1533 1301 1560; x_wconf 85' lang='lat' dir='ltr'><strong>omnia</strong></span> <span class='ocrx_word' id='word_1_608' title='bbox 1315 1533 1414 1560; x_wconf 62' lang='lat' dir='ltr'><strong>saecula</strong></span> <span class='ocrx_word' id='word_1_609' title='bbox 1429 1541 1489 1562; x_wconf 86' lang='lat' dir='ltr'><strong>esse</strong></span> <span class='ocrx_word' id='word_1_610' title='bbox 1505 1533 1622 1562; x_wconf 74' lang='lat' dir='ltr'><strong>Verbum</strong></span> <span class='ocrx_word' id='word_1_611' title='bbox 1641 1535 1688 1563; x_wconf 87' lang='lat' dir='ltr'><strong>Dei</strong></span> <span class='ocrx_word' id='word_1_612' title='bbox 1699 1543 1793 1563; x_wconf 60' lang='lat' dir='ltr'><strong>&#39;erca-&#39;</strong></span> 
     </span>
    </p>
   </div>
   <div class='ocr_carea' id='block_1_77' title="bbox 995 1576 1781 1614">
    <p class='ocr_par' dir='ltr' id='par_1_77' title="bbox 995 1576 1781 1614">
     <span class='ocr_line' id='line_1_77' title="bbox 995 1576 1781 1614; baseline 0.009 -13"><span class='ocrx_word' id='word_1_613' title='bbox 995 1576 1062 1603; x_wconf 85' lang='lat' dir='ltr'><strong>toris</strong></span> <span class='ocrx_word' id='word_1_614' title='bbox 1079 1576 1281 1609; x_wconf 85' lang='lat' dir='ltr'><strong>administrum,</strong></span> <span class='ocrx_word' id='word_1_615' title='bbox 1296 1586 1410 1613; x_wconf 86' lang='lat' dir='ltr'><strong>esseque</strong></span> <span class='ocrx_word' id='word_1_616' title='bbox 1427 1586 1481 1606; x_wconf 89' lang='lat' dir='ltr'><strong>una</strong></span> <span class='ocrx_word' id='word_1_617' title='bbox 1498 1587 1559 1607; x_wconf 90' lang='lat' dir='ltr'><strong>cum</strong></span> <span class='ocrx_word' id='word_1_618' title='bbox 1574 1579 1665 1614; x_wconf 84' lang='lat' dir='ltr'><strong>Patre,</strong></span> <span class='ocrx_word' id='word_1_619' title='bbox 1683 1587 1710 1608; x_wconf 87' lang='lat' dir='ltr'><strong>et</strong></span> <span class='ocrx_word' id='word_1_620' title='bbox 1723 1581 1781 1608; x_wconf 91' lang='lat' dir='ltr'><strong>uni-</strong></span> 
     </span>
    </p>
   </div>
   <div class='ocr_carea' id='block_1_78' title="bbox 996 1623 1778 1661">
    <p class='ocr_par' dir='ltr' id='par_1_78' title="bbox 996 1623 1778 1661">
     <span class='ocr_line' id='line_1_78' title="bbox 996 1623 1778 1661; baseline 0.01 -15"><span class='ocrx_word' id='word_1_621' title='bbox 996 1628 1056 1647; x_wconf 92' lang='lat' dir='ltr'><strong>cum</strong></span> <span class='ocrx_word' id='word_1_622' title='bbox 1069 1629 1129 1649; x_wconf 88' lang='lat' dir='ltr'><strong>esse</strong></span> <span class='ocrx_word' id='word_1_623' title='bbox 1144 1623 1253 1649; x_wconf 77' lang='lat' dir='ltr'><strong>maximi</strong></span> <span class='ocrx_word' id='word_1_624' title='bbox 1271 1623 1315 1650; x_wconf 88' lang='lat' dir='ltr'><strong>Dei</strong></span> <span class='ocrx_word' id='word_1_625' title='bbox 1326 1623 1437 1657; x_wconf 84' lang='lat' dir='ltr'><strong>Filium,</strong></span> <span class='ocrx_word' id='word_1_626' title='bbox 1451 1624 1496 1659; x_wconf 91' lang='lat' dir='ltr'><strong>qui</strong></span> <span class='ocrx_word' id='word_1_627' title='bbox 1514 1624 1587 1652; x_wconf 83' lang='lat' dir='ltr'><strong>Patri</strong></span> <span class='ocrx_word' id='word_1_628' title='bbox 1599 1626 1644 1653; x_wconf 89' lang='lat' dir='ltr'><strong>det</strong></span> <span class='ocrx_word' id='word_1_629' title='bbox 1656 1633 1778 1661; x_wconf 86' lang='lat' dir='ltr'><strong>operam,</strong></span> 
     </span>
    </p>
   </div>
   <div class='ocr_carea' id='block_1_79' title="bbox 994 1666 1779 1704">
    <p class='ocr_par' dir='ltr' id='par_1_79' title="bbox 994 1666 1779 1704">
     <span class='ocr_line' id='line_1_79' title="bbox 994 1666 1779 1704; baseline 0.009 -12"><span class='ocrx_word' id='word_1_630' title='bbox 994 1666 1107 1701; x_wconf 75' lang='lat' dir='ltr'><strong>ejusque</strong></span> <span class='ocrx_word' id='word_1_631' title='bbox 1124 1668 1160 1694; x_wconf 92' lang='lat' dir='ltr'><strong>sit</strong></span> <span class='ocrx_word' id='word_1_632' title='bbox 1174 1668 1276 1699; x_wconf 86' lang='lat' dir='ltr'><strong>socius,</strong></span> <span class='ocrx_word' id='word_1_633' title='bbox 1300 1668 1364 1695; x_wconf 90' lang='lat' dir='ltr'><strong>dum</strong></span> <span class='ocrx_word' id='word_1_634' title='bbox 1388 1670 1480 1696; x_wconf 86' lang='lat' dir='ltr'><strong>omnia</strong></span> <span class='ocrx_word' id='word_1_635' title='bbox 1495 1678 1554 1704; x_wconf 69' lang='lat' dir='ltr'><strong>qua:</strong></span> <span class='ocrx_word' id='word_1_636' title='bbox 1572 1675 1647 1703; x_wconf 82' lang='lat' dir='ltr'><strong>sunt,</strong></span> <span class='ocrx_word' id='word_1_637' title='bbox 1667 1671 1731 1699; x_wconf 79' lang='lat' dir='ltr'><strong>facit</strong></span> <span class='ocrx_word' id='word_1_638' title='bbox 1748 1678 1779 1699; x_wconf 89' lang='lat' dir='ltr'><strong>ut</strong></span> 
     </span>
    </p>
   </div>
   <div class='ocr_carea' id='block_1_80' title="bbox 994 1713 1779 1753">
    <p class='ocr_par' dir='ltr' id='par_1_80' title="bbox 994 1713 1779 1753">
     <span class='ocr_line' id='line_1_80' title="bbox 994 1713 1779 1753; baseline 0.008 -13"><span class='ocrx_word' id='word_1_639' title='bbox 994 1713 1058 1746; x_wconf 87' lang='lat' dir='ltr'><strong>sint,</strong></span> <span class='ocrx_word' id='word_1_640' title='bbox 1071 1714 1218 1749; x_wconf 88' lang='lat' dir='ltr'><strong>eademque</strong></span> <span class='ocrx_word' id='word_1_641' title='bbox 1228 1714 1357 1749; x_wconf 88' lang='lat' dir='ltr'><strong>disponit.</strong></span> <span class='ocrx_word' id='word_1_642' title='bbox 1375 1715 1479 1743; x_wconf 86' lang='lat' dir='ltr'><strong>Etenim</strong></span> <span class='ocrx_word' id='word_1_643' title='bbox 1495 1717 1517 1743; x_wconf 86' lang='lat' dir='ltr'><strong>si</strong></span> <span class='ocrx_word' id='word_1_644' title='bbox 1535 1718 1598 1744; x_wconf 77' lang='lat' dir='ltr'><strong>item</strong></span> <span class='ocrx_word' id='word_1_645' title='bbox 1613 1718 1685 1745; x_wconf 86' lang='lat' dir='ltr'><strong>aliud</strong></span> <span class='ocrx_word' id='word_1_646' title='bbox 1697 1720 1779 1753; x_wconf 82' lang='lat' dir='ltr'><strong>quid-</strong></span> 
     </span>
    </p>
   </div>
   <div class='ocr_carea' id='block_1_81' title="bbox 994 1760 1778 1797">
    <p class='ocr_par' dir='ltr' id='par_1_81' title="bbox 994 1760 1778 1797">
     <span class='ocr_line' id='line_1_81' title="bbox 994 1760 1778 1797; baseline 0.01 -12"><span class='ocrx_word' id='word_1_647' title='bbox 994 1760 1076 1794; x_wconf 91' lang='lat' dir='ltr'><strong>piam,</strong></span> <span class='ocrx_word' id='word_1_648' title='bbox 1094 1760 1164 1794; x_wconf 86' lang='lat' dir='ltr'><strong>quod</strong></span> <span class='ocrx_word' id='word_1_649' title='bbox 1177 1768 1264 1796; x_wconf 90' lang='lat' dir='ltr'><strong>neque</strong></span> <span class='ocrx_word' id='word_1_650' title='bbox 1275 1761 1340 1793; x_wconf 90' lang='lat' dir='ltr'><strong>dici,</strong></span> <span class='ocrx_word' id='word_1_651' title='bbox 1358 1770 1446 1797; x_wconf 79' lang='lat' dir='ltr'><strong>neque</strong></span> <span class='ocrx_word' id='word_1_652' title='bbox 1460 1763 1652 1797; x_wconf 77' lang='lat' dir='ltr'><strong>comprehendi</strong></span> <span class='ocrx_word' id='word_1_653' title='bbox 1665 1772 1680 1791; x_wconf 78' lang='grc' dir='ltr'><strong>ιι</strong></span> <span class='ocrx_word' id='word_1_654' title='bbox 1697 1766 1778 1793; x_wconf 78' lang='lat' dir='ltr'><strong>nobis</strong></span> 
     </span>
    </p>
   </div>
   <div class='ocr_carea' id='block_1_82' title="bbox 994 1806 1776 1843">
    <p class='ocr_par' dir='ltr' id='par_1_82' title="bbox 994 1806 1776 1843">
     <span class='ocr_line' id='line_1_82' title="bbox 994 1806 1776 1843; baseline 0.009 -12"><span class='ocrx_word' id='word_1_655' title='bbox 994 1806 1090 1840; x_wconf 79' lang='lat' dir='ltr'><strong>possit,</strong></span> <span class='ocrx_word' id='word_1_656' title='bbox 1115 1806 1141 1833; x_wconf 91' lang='lat' dir='ltr'><strong>in</strong></span> <span class='ocrx_word' id='word_1_657' title='bbox 1165 1811 1262 1833; x_wconf 85' lang='lat' dir='ltr'><strong>natura</strong></span> <span class='ocrx_word' id='word_1_658' title='bbox 1281 1807 1401 1834; x_wconf 86' lang='lat' dir='ltr'><strong>universi</strong></span> <span class='ocrx_word' id='word_1_659' title='bbox 1426 1809 1557 1836; x_wconf 87' lang='lat' dir='ltr'><strong>remansit</strong></span> <span class='ocrx_word' id='word_1_660' title='bbox 1585 1810 1660 1843; x_wconf 91' lang='lat' dir='ltr'><strong>(sunt</strong></span> <span class='ocrx_word' id='word_1_661' title='bbox 1686 1814 1776 1838; x_wconf 82' lang='lat' dir='ltr'><strong>autem</strong></span> 
     </span>
    </p>
   </div>
   <div class='ocr_carea' id='block_1_83' title="bbox 993 1850 1778 1888">
    <p class='ocr_par' dir='ltr' id='par_1_83' title="bbox 993 1850 1778 1888">
     <span class='ocr_line' id='line_1_83' title="bbox 993 1850 1778 1888; baseline 0.008 -12"><span class='ocrx_word' id='word_1_662' title='bbox 993 1850 1201 1878; x_wconf 85' lang='lat' dir='ltr'><strong>innumerabilia</strong></span> <span class='ocrx_word' id='word_1_663' title='bbox 1221 1850 1432 1885; x_wconf 87' lang='lat' dir='ltr'><strong>hujuscemodi),</strong></span> <span class='ocrx_word' id='word_1_664' title='bbox 1449 1853 1529 1887; x_wconf 88' lang='lat' dir='ltr'><strong>quale</strong></span> <span class='ocrx_word' id='word_1_665' title='bbox 1553 1854 1646 1888; x_wconf 86' lang='lat' dir='ltr'><strong>utique</strong></span> <span class='ocrx_word' id='word_1_666' title='bbox 1662 1855 1778 1883; x_wconf 84' lang='lat' dir='ltr'><strong>habetur</strong></span> 
     </span>
    </p>
   </div>
   <div class='ocr_carea' id='block_1_84' title="bbox 993 1896 1773 1931">
    <p class='ocr_par' dir='ltr' id='par_1_84' title="bbox 993 1896 1773 1931">
     <span class='ocr_line' id='line_1_84' title="bbox 993 1896 1773 1931; baseline 0.006 -9"><span class='ocrx_word' id='word_1_667' title='bbox 993 1896 1063 1930; x_wconf 84' lang='lat' dir='ltr'><strong>quod</strong></span> <span class='ocrx_word' id='word_1_668' title='bbox 1081 1896 1127 1922; x_wconf 87' lang='lat' dir='ltr'><strong>Dei</strong></span> <span class='ocrx_word' id='word_1_669' title='bbox 1139 1896 1234 1924; x_wconf 85' lang='lat' dir='ltr'><strong>amicis</strong></span> <span class='ocrx_word' id='word_1_670' title='bbox 1243 1897 1407 1931; x_wconf 89' lang='lat' dir='ltr'><strong>promissum</strong></span> <span class='ocrx_word' id='word_1_671' title='bbox 1423 1901 1475 1929; x_wconf 81' lang='lat' dir='ltr'><strong>est,</strong></span> <span class='ocrx_word' id='word_1_672' title='bbox 1489 1907 1498 1923; x_wconf 81' lang='grc' dir='ltr'><strong>ι</strong></span> <span class='ocrx_word' id='word_1_673' title='bbox 1511 1898 1588 1931; x_wconf 89' lang='lat' dir='ltr'><strong>Quod</strong></span> <span class='ocrx_word' id='word_1_674' title='bbox 1605 1899 1703 1926; x_wconf 90' lang='lat' dir='ltr'><strong>oculus</strong></span> <span class='ocrx_word' id='word_1_675' title='bbox 1719 1908 1773 1927; x_wconf 88' lang='lat' dir='ltr'><strong>non</strong></span> 
     </span>
    </p>
   </div>
   <div class='ocr_carea' id='block_1_85' title="bbox 992 1942 1776 1975">
    <p class='ocr_par' dir='ltr' id='par_1_85' title="bbox 992 1942 1776 1975">
     <span class='ocr_line' id='line_1_85' title="bbox 992 1942 1776 1975; baseline 0.006 -6"><span class='ocrx_word' id='word_1_676' title='bbox 992 1942 1069 1974; x_wconf 87' lang='lat' dir='ltr'><strong>vidit,</strong></span> <span class='ocrx_word' id='word_1_677' title='bbox 1091 1950 1140 1970; x_wconf 91' lang='lat' dir='ltr'><strong>nec</strong></span> <span class='ocrx_word' id='word_1_678' title='bbox 1154 1943 1228 1970; x_wconf 90' lang='lat' dir='ltr'><strong>auris</strong></span> <span class='ocrx_word' id='word_1_679' title='bbox 1244 1943 1357 1975; x_wconf 85' lang='lat' dir='ltr'><strong>audivit,</strong></span> <span class='ocrx_word' id='word_1_680' title='bbox 1372 1951 1423 1970; x_wconf 84' lang='lat' dir='ltr'><strong>nec</strong></span> <span class='ocrx_word' id='word_1_681' title='bbox 1440 1944 1467 1970; x_wconf 94' lang='lat' dir='ltr'><strong>in</strong></span> <span class='ocrx_word' id='word_1_682' title='bbox 1481 1952 1528 1972; x_wconf 89' lang='lat' dir='ltr'><strong>cor</strong></span> <span class='ocrx_word' id='word_1_683' title='bbox 1541 1945 1661 1973; x_wconf 83' lang='lat' dir='ltr'><strong>hominis</strong></span> <span class='ocrx_word' id='word_1_684' title='bbox 1677 1954 1776 1974; x_wconf 77' lang='lat' dir='ltr'><strong>ascen-</strong></span> 
     </span>
    </p>
   </div>
   <div class='ocr_carea' id='block_1_86' title="bbox 992 1988 1791 2026">
    <p class='ocr_par' dir='ltr' id='par_1_86' title="bbox 992 1988 1791 2026">
     <span class='ocr_line' id='line_1_86' title="bbox 992 1988 1791 2026; baseline 0.008 -13"><span class='ocrx_word' id='word_1_685' title='bbox 992 1988 1041 2020; x_wconf 86' lang='lat' dir='ltr'><strong>dit,</strong></span> <span class='ocrx_word' id='word_1_686' title='bbox 1065 1997 1073 2013; x_wconf 79' lang='grc' dir='ltr'><strong>ι</strong></span> <span class='ocrx_word' id='word_1_687' title='bbox 1088 1992 1116 2014; x_wconf 92' lang='lat' dir='ltr'><strong>ut</strong></span> <span class='ocrx_word' id='word_1_688' title='bbox 1133 1992 1245 2015; x_wconf 85' lang='lat' dir='ltr'><strong>sanctus</strong></span> <span class='ocrx_word' id='word_1_689' title='bbox 1259 1989 1297 2015; x_wconf 86' lang='lat' dir='ltr'><strong>ait</strong></span> <span class='ocrx_word' id='word_1_690' title='bbox 1311 1988 1457 2023; x_wconf 83' lang='lat' dir='ltr'><strong>Apostolus</strong></span> <span class='ocrx_word' id='word_1_691' title='bbox 1473 1990 1492 2021; x_wconf 83' lang='grc'>¹,</span> <span class='ocrx_word' id='word_1_692' title='bbox 1509 1990 1593 2017; x_wconf 92' lang='lat' dir='ltr'><strong>multo</strong></span> <span class='ocrx_word' id='word_1_693' title='bbox 1605 1991 1680 2025; x_wconf 88' lang='lat' dir='ltr'><strong>prius</strong></span> <span class='ocrx_word' id='word_1_694' title='bbox 1694 1999 1775 2026; x_wconf 83' lang='lat' dir='ltr'><strong>supra</strong></span> <span class='ocrx_word' id='word_1_695' title='bbox 1789 1999 1791 2001; x_wconf 85' lang='grc'>·</span> 
     </span>
    </p>
   </div>
   <div class='ocr_carea' id='block_1_87' title="bbox 991 2031 1777 2073">
    <p class='ocr_par' dir='ltr' id='par_1_87' title="bbox 991 2031 1777 2073">
     <span class='ocr_line' id='line_1_87' title="bbox 991 2031 1777 2073; baseline 0.008 -14"><span class='ocrx_word' id='word_1_696' title='bbox 991 2031 1099 2060; x_wconf 86' lang='lat' dir='ltr'><strong>omnem</strong></span> <span class='ocrx_word' id='word_1_697' title='bbox 1115 2034 1308 2069; x_wconf 79' lang='lat' dir='ltr'><strong>cogitationem</strong></span> <span class='ocrx_word' id='word_1_698' title='bbox 1328 2035 1451 2067; x_wconf 77' lang='lat' dir='ltr'><strong>ferantur</strong></span> <span class='ocrx_word' id='word_1_699' title='bbox 1466 2043 1498 2062; x_wconf 90' lang='lat' dir='ltr'><strong>ac</strong></span> <span class='ocrx_word' id='word_1_700' title='bbox 1516 2044 1603 2071; x_wconf 89' lang='lat' dir='ltr'><strong>neque</strong></span> <span class='ocrx_word' id='word_1_701' title='bbox 1618 2037 1672 2064; x_wconf 90' lang='lat' dir='ltr'><strong>dici</strong></span> <span class='ocrx_word' id='word_1_702' title='bbox 1687 2045 1777 2073; x_wconf 88' lang='lat' dir='ltr'><strong>neque</strong></span> 
     </span>
    </p>
   </div>
   <div class='ocr_carea' id='block_1_88' title="bbox 991 2079 1776 2119">
    <p class='ocr_par' dir='ltr' id='par_1_88' title="bbox 991 2079 1776 2119">
     <span class='ocr_line' id='line_1_88' title="bbox 991 2079 1776 2119; baseline 0.006 -14"><span class='ocrx_word' id='word_1_703' title='bbox 991 2079 1171 2111; x_wconf 84' lang='lat' dir='ltr'><strong>denominari,</strong></span> <span class='ocrx_word' id='word_1_704' title='bbox 1188 2089 1275 2115; x_wconf 78' lang='lat' dir='ltr'><strong>neque</strong></span> <span class='ocrx_word' id='word_1_705' title='bbox 1287 2081 1411 2116; x_wconf 81' lang='lat' dir='ltr'><strong>intelligi,</strong></span> <span class='ocrx_word' id='word_1_706' title='bbox 1425 2089 1474 2109; x_wconf 91' lang='lat' dir='ltr'><strong>nec</strong></span> <span class='ocrx_word' id='word_1_707' title='bbox 1488 2083 1581 2109; x_wconf 87' lang='lat' dir='ltr'><strong>animo</strong></span> <span class='ocrx_word' id='word_1_708' title='bbox 1593 2083 1698 2117; x_wconf 87' lang='lat' dir='ltr'><strong>concipi</strong></span> <span class='ocrx_word' id='word_1_709' title='bbox 1712 2091 1776 2119; x_wconf 80' lang='lat' dir='ltr'><strong>pos-</strong></span> 
     </span>
    </p>
   </div>
   <div class='ocr_carea' id='block_1_89' title="bbox 991 2124 1774 2165">
    <p class='ocr_par' dir='ltr' id='par_1_89' title="bbox 991 2124 1774 2165">
     <span class='ocr_line' id='line_1_89' title="bbox 991 2124 1774 2165; baseline 0.009 -16"><span class='ocrx_word' id='word_1_710' title='bbox 991 2124 1056 2153; x_wconf 78' lang='lat' dir='ltr'><strong>sint,</strong></span> <span class='ocrx_word' id='word_1_711' title='bbox 1075 2132 1135 2158; x_wconf 65' lang='lat' dir='ltr'><strong>quae</strong></span> <span class='ocrx_word' id='word_1_712' title='bbox 1153 2125 1186 2151; x_wconf 90' lang='lat' dir='ltr'><strong>ad</strong></span> <span class='ocrx_word' id='word_1_713' title='bbox 1205 2126 1320 2165; x_wconf 43' lang='lat' dir='ltr'><strong>prim-am</strong></span> <span class='ocrx_word' id='word_1_714' title='bbox 1340 2127 1412 2153; x_wconf 90' lang='lat' dir='ltr'><strong>unici</strong></span> <span class='ocrx_word' id='word_1_715' title='bbox 1432 2126 1478 2154; x_wconf 87' lang='lat' dir='ltr'><strong>Dei</strong></span> <span class='ocrx_word' id='word_1_716' title='bbox 1496 2127 1554 2154; x_wconf 81' lang='lat' dir='ltr'><strong>Filii</strong></span> <span class='ocrx_word' id='word_1_717' title='bbox 1573 2129 1774 2162; x_wconf 79' lang='lat' dir='ltr'><strong>generationem</strong></span> 
     </span>
    </p>
   </div>
   <div class='ocr_carea' id='block_1_90' title="bbox 990 2169 1775 2209">
    <p class='ocr_par' dir='ltr' id='par_1_90' title="bbox 990 2169 1775 2209">
     <span class='ocr_line' id='line_1_90' title="bbox 990 2169 1775 2209; baseline 0.011 -16"><span class='ocrx_word' id='word_1_718' title='bbox 990 2169 1134 2202; x_wconf 86' lang='lat' dir='ltr'><strong>pertinent.</strong></span> <span class='ocrx_word' id='word_1_719' title='bbox 1149 2169 1185 2197; x_wconf 89' lang='lat' dir='ltr'><strong>De</strong></span> <span class='ocrx_word' id='word_1_720' title='bbox 1197 2178 1252 2205; x_wconf 91' lang='lat' dir='ltr'><strong>quo</strong></span> <span class='ocrx_word' id='word_1_721' title='bbox 1266 2179 1331 2199; x_wconf 89' lang='lat' dir='ltr'><strong>sane</strong></span> <span class='ocrx_word' id='word_1_722' title='bbox 1343 2172 1411 2199; x_wconf 85' lang='lat' dir='ltr'><strong>nihil</strong></span> <span class='ocrx_word' id='word_1_723' title='bbox 1429 2172 1561 2201; x_wconf 86' lang='lat' dir='ltr'><strong>habemus</strong></span> <span class='ocrx_word' id='word_1_724' title='bbox 1569 2174 1686 2209; x_wconf 84' lang='lat' dir='ltr'><strong>amplius</strong></span> <span class='ocrx_word' id='word_1_725' title='bbox 1701 2175 1775 2209; x_wconf 81' lang='lat' dir='ltr'><strong>quod</strong></span> 
     </span>
    </p>
   </div>
   <div class='ocr_carea' id='block_1_91' title="bbox 990 2213 1790 2251">
    <p class='ocr_par' dir='ltr' id='par_1_91' title="bbox 990 2213 1790 2251">
     <span class='ocr_line' id='line_1_91' title="bbox 990 2213 1790 2251; baseline 0.01 -12"><span class='ocrx_word' id='word_1_726' title='bbox 990 2213 1113 2242; x_wconf 81' lang='lat' dir='ltr'><strong>dicamus</strong></span> <span class='ocrx_word' id='word_1_727' title='bbox 1127 2220 1173 2242; x_wconf 90' lang='lat' dir='ltr'><strong>aut</strong></span> <span class='ocrx_word' id='word_1_728' title='bbox 1192 2216 1341 2251; x_wconf 83' lang='lat' dir='ltr'><strong>cogitemus</strong></span> <span class='ocrx_word' id='word_1_729' title='bbox 1354 2225 1433 2251; x_wconf 85' lang='lat' dir='ltr'><strong>quam</strong></span> <span class='ocrx_word' id='word_1_730' title='bbox 1447 2218 1528 2245; x_wconf 78' lang='lat' dir='ltr'><strong>illud:</strong></span> <span class='ocrx_word' id='word_1_731' title='bbox 1543 2228 1552 2244; x_wconf 82' lang='grc' dir='ltr'><strong>ι</strong></span> <span class='ocrx_word' id='word_1_732' title='bbox 1566 2218 1773 2247; x_wconf 86' lang='lat' dir='ltr'><strong>Generatiunem</strong></span> <span class='ocrx_word' id='word_1_733' title='bbox 1786 2233 1790 2237; x_wconf 65' lang='grc' dir='ltr'><strong>ε</strong></span> 
     </span>
    </p>
   </div>
   <div class='ocr_carea' id='block_1_92' title="bbox 155 2259 945 2308">
    <p class='ocr_par' dir='ltr' id='par_1_92' title="bbox 155 2269 938 2308">
     <span class='ocr_line' id='line_1_92' title="bbox 155 2269 938 2308; baseline -0.006 -9"><span class='ocrx_word' id='word_1_734' title='bbox 155 2273 324 2308; x_wconf 82' lang='grc' dir='ltr'>συνυπάρχει</span> <span class='ocrx_word' id='word_1_735' title='bbox 337 2272 376 2307; x_wconf 83' lang='grc' dir='ltr'>τῷ</span> <span class='ocrx_word' id='word_1_736' title='bbox 389 2272 485 2307; x_wconf 70' lang='grc' dir='ltr'>Πατρὶ,</span> <span class='ocrx_word' id='word_1_737' title='bbox 500 2272 556 2298; x_wconf 82' lang='grc' dir='ltr'>ἀλλ’</span> <span class='ocrx_word' id='word_1_738' title='bbox 571 2271 608 2303; x_wconf 83' lang='grc' dir='ltr'>ὡς</span> <span class='ocrx_word' id='word_1_739' title='bbox 626 2269 769 2306; x_wconf 79' lang='grc' dir='ltr'>μονογενὴς</span> <span class='ocrx_word' id='word_1_740' title='bbox 782 2269 846 2300; x_wconf 70' lang='grc' dir='ltr'>Υἱὸς</span> <span class='ocrx_word' id='word_1_741' title='bbox 861 2269 938 2303; x_wconf 77' lang='grc' dir='ltr'>μόνος</span> 
     </span>
    </p>
   </div>
   <div class='ocr_carea' id='block_1_93' title="bbox 994 2259 1790 2308">
    <p class='ocr_par' dir='ltr' id='par_1_93' title="bbox 994 2259 1790 2298">
     <span class='ocr_line' id='line_1_93' title="bbox 994 2259 1790 2298; baseline 0.008 -12"><span class='ocrx_word' id='word_1_742' title='bbox 994 2259 1049 2294; x_wconf 78' lang='lat' dir='ltr'><strong>ejus</strong></span> <span class='ocrx_word' id='word_1_743' title='bbox 1058 2260 1138 2295; x_wconf 78' lang='lat'><strong>215</strong></span> <span class='ocrx_word' id='word_1_744' title='bbox 1149 2262 1211 2295; x_wconf 90' lang='lat' dir='ltr'><strong>quis</strong></span> <span class='ocrx_word' id='word_1_745' title='bbox 1220 2263 1377 2289; x_wconf 85' lang='lat' dir='ltr'><strong>enarrahit?</strong></span> <span class='ocrx_word' id='word_1_746' title='bbox 1389 2273 1398 2289; x_wconf 73' lang='grc' dir='ltr'><strong>ι</strong></span> <span class='ocrx_word' id='word_1_747' title='bbox 1409 2263 1486 2295; x_wconf 87' lang='lat' dir='ltr'><strong>Quod</strong></span> <span class='ocrx_word' id='word_1_748' title='bbox 1495 2263 1517 2290; x_wconf 92' lang='lat' dir='ltr'><strong>si</strong></span> <span class='ocrx_word' id='word_1_749' title='bbox 1529 2264 1590 2298; x_wconf 89' lang='lat' dir='ltr'><strong>quis</strong></span> <span class='ocrx_word' id='word_1_750' title='bbox 1599 2264 1650 2291; x_wconf 84' lang='lat' dir='ltr'><strong>hoc</strong></span> <span class='ocrx_word' id='word_1_751' title='bbox 1661 2265 1775 2292; x_wconf 88' lang='lat' dir='ltr'><strong>ulterius</strong></span> <span class='ocrx_word' id='word_1_752' title='bbox 1788 2275 1790 2281; x_wconf 73' lang='grc' dir='ltr'><strong>ι</strong></span> 
     </span>
    </p>
   </div>
   <div class='ocr_carea' id='block_1_94' title="bbox 154 2314 936 2354">
    <p class='ocr_par' dir='ltr' id='par_1_94' title="bbox 154 2314 936 2354">
     <span class='ocr_line' id='line_1_94' title="bbox 154 2314 936 2354; baseline -0.009 -9"><span class='ocrx_word' id='word_1_753' title='bbox 154 2318 209 2354; x_wconf 78' lang='grc' dir='ltr'><strong>πρὸ</strong></span> <span class='ocrx_word' id='word_1_754' title='bbox 220 2318 328 2345; x_wconf 82' lang='grc' dir='ltr'>πάντων</span> <span class='ocrx_word' id='word_1_755' title='bbox 342 2317 393 2344; x_wconf 81' lang='grc' dir='ltr'><strong>τῶν</strong></span> <span class='ocrx_word' id='word_1_756' title='bbox 401 2316 505 2343; x_wconf 81' lang='grc' dir='ltr'>αἰώνων</span> <span class='ocrx_word' id='word_1_757' title='bbox 518 2317 550 2343; x_wconf 79' lang='grc' dir='ltr'>ὲκ</span> <span class='ocrx_word' id='word_1_758' title='bbox 558 2315 603 2343; x_wconf 74' lang='grc' dir='ltr'><strong>τοῦ</strong></span> <span class='ocrx_word' id='word_1_759' title='bbox 613 2315 717 2351; x_wconf 67' lang='grc' dir='ltr'>[ἰατρὸς</span> <span class='ocrx_word' id='word_1_760' title='bbox 733 2314 936 2349; x_wconf 80' lang='grc' dir='ltr'>γεγεννημένος·</span> 
     </span>
    </p>
   </div>
   <div class='ocr_carea' id='block_1_95' title="bbox 152 2359 938 2399">
    <p class='ocr_par' dir='ltr' id='par_1_95' title="bbox 152 2359 938 2399">
     <span class='ocr_line' id='line_1_95' title="bbox 152 2359 938 2399; baseline -0.009 -8"><span class='ocrx_word' id='word_1_761' title='bbox 152 2364 172 2399; x_wconf 69' lang='grc' dir='ltr'><strong>ἡ</strong></span> <span class='ocrx_word' id='word_1_762' title='bbox 185 2372 216 2390; x_wconf 81' lang='grc' dir='ltr'><strong>τε</strong></span> <span class='ocrx_word' id='word_1_763' title='bbox 228 2363 336 2395; x_wconf 80' lang='grc' dir='ltr'>εὐωδία,</span> <span class='ocrx_word' id='word_1_764' title='bbox 348 2362 469 2398; x_wconf 72' lang='grc' dir='ltr'>ἀπορροή</span> <span class='ocrx_word' id='word_1_765' title='bbox 477 2371 517 2394; x_wconf 89' lang='grc' dir='ltr'><strong>τις</strong></span> <span class='ocrx_word' id='word_1_766' title='bbox 533 2359 600 2388; x_wconf 70' lang='grc' dir='ltr'>οὖσα</span> <span class='ocrx_word' id='word_1_767' title='bbox 615 2360 755 2395; x_wconf 83' lang='grc' dir='ltr'>σωματικὴ</span> <span class='ocrx_word' id='word_1_768' title='bbox 772 2359 818 2385; x_wconf 80' lang='grc' dir='ltr'>τοῦ</span> <span class='ocrx_word' id='word_1_769' title='bbox 829 2360 938 2385; x_wconf 78' lang='grc' dir='ltr'>ὑποκει-</span> 
     </span>
    </p>
   </div>
   <div class='ocr_carea' id='block_1_96' title="bbox 154 2405 938 2445">
    <p class='ocr_par' dir='ltr' id='par_1_96' title="bbox 154 2405 938 2445">
     <span class='ocr_line' id='line_1_96' title="bbox 154 2405 938 2445; baseline -0.009 -8"><span class='ocrx_word' id='word_1_770' title='bbox 154 2409 250 2445; x_wconf 65' lang='grc' dir='ltr'>μένου,</span> <span class='ocrx_word' id='word_1_771' title='bbox 267 2409 328 2436; x_wconf 76' lang='grc' dir='ltr'>καθ’</span> <span class='ocrx_word' id='word_1_772' title='bbox 342 2409 440 2445; x_wconf 81' lang='grc' dir='ltr'>ἑαυτὴν</span> <span class='ocrx_word' id='word_1_773' title='bbox 456 2408 532 2439; x_wconf 75' lang='grc' dir='ltr'>ἐκτὸς</span> <span class='ocrx_word' id='word_1_774' title='bbox 546 2407 593 2434; x_wconf 74' lang='grc' dir='ltr'>τοῦ</span> <span class='ocrx_word' id='word_1_775' title='bbox 605 2406 711 2442; x_wconf 84' lang='grc' dir='ltr'>πρώτου</span> <span class='ocrx_word' id='word_1_776' title='bbox 724 2405 809 2432; x_wconf 83' lang='grc' dir='ltr'>αἰτίου</span> <span class='ocrx_word' id='word_1_777' title='bbox 825 2405 855 2431; x_wconf 81' lang='grc' dir='ltr'>τὸ</span> <span class='ocrx_word' id='word_1_778' title='bbox 869 2405 938 2440; x_wconf 74' lang='grc' dir='ltr'>πλη-</span> 
     </span>
    </p>
   </div>
   <div class='ocr_carea' id='block_1_97' title="bbox 154 2449 939 2490">
    <p class='ocr_par' dir='ltr' id='par_1_97' title="bbox 154 2449 939 2490">
     <span class='ocr_line' id='line_1_97' title="bbox 154 2449 939 2490; baseline -0.008 -8"><span class='ocrx_word' id='word_1_779' title='bbox 154 2454 250 2488; x_wconf 77' lang='grc' dir='ltr'>σιάζον</span> <span class='ocrx_word' id='word_1_780' title='bbox 265 2454 416 2490; x_wconf 75' lang='grc' dir='ltr'>πληροῦσα,</span> <span class='ocrx_word' id='word_1_781' title='bbox 436 2453 511 2480; x_wconf 80' lang='grc' dir='ltr'>οὐδὲν</span> <span class='ocrx_word' id='word_1_782' title='bbox 531 2451 611 2489; x_wconf 85' lang='grc' dir='ltr'>ἦττον</span> <span class='ocrx_word' id='word_1_783' title='bbox 633 2451 775 2486; x_wconf 79' lang='grc' dir='ltr'>σωματικὴ</span> <span class='ocrx_word' id='word_1_784' title='bbox 805 2449 871 2477; x_wconf 71' lang='grc' dir='ltr'>οὖσα</span> <span class='ocrx_word' id='word_1_785' title='bbox 892 2450 939 2477; x_wconf 73' lang='grc' dir='ltr'>καὶ</span> 
     </span>
    </p>
   </div>
   <div class='ocr_carea' id='block_1_98' title="bbox 153 2496 939 2538">
    <p class='ocr_par' dir='ltr' id='par_1_98' title="bbox 153 2496 939 2538">
     <span class='ocr_line' id='line_1_98' title="bbox 153 2496 939 2538; baseline -0.009 -9"><span class='ocrx_word' id='word_1_786' title='bbox 153 2501 226 2538; x_wconf 73' lang='grc' dir='ltr'>αὐτὴ</span> <span class='ocrx_word' id='word_1_787' title='bbox 237 2501 375 2537; x_wconf 79' lang='grc' dir='ltr'>τυγχάνει.</span> <span class='ocrx_word' id='word_1_788' title='bbox 388 2501 425 2527; x_wconf 81' lang='grc' dir='ltr'>οὐ</span> <span class='ocrx_word' id='word_1_789' title='bbox 439 2499 524 2535; x_wconf 83' lang='grc' dir='ltr'>ταύτῃ</span> <span class='ocrx_word' id='word_1_790' title='bbox 532 2497 577 2526; x_wconf 77' lang='grc' dir='ltr'><strong>οὖν</strong></span> <span class='ocrx_word' id='word_1_791' title='bbox 588 2500 653 2534; x_wconf 82' lang='grc' dir='ltr'><strong>ἡμῖν</strong></span> <span class='ocrx_word' id='word_1_792' title='bbox 668 2498 827 2533; x_wconf 77' lang='grc' dir='ltr'>νοηθήσεται</span> <span class='ocrx_word' id='word_1_793' title='bbox 844 2497 890 2523; x_wconf 72' lang='grc' dir='ltr'>καὶ</span> <span class='ocrx_word' id='word_1_794' title='bbox 906 2496 939 2523; x_wconf 73' lang='grc' dir='ltr'>τὰ</span> 
     </span>
    </p>
   </div>
   <div class='ocr_carea' id='block_1_99' title="bbox 154 2541 937 2584">
    <p class='ocr_par' dir='ltr' id='par_1_99' title="bbox 154 2541 937 2584">
     <span class='ocr_line' id='line_1_99' title="bbox 154 2541 937 2584; baseline -0.005 -12"><span class='ocrx_word' id='word_1_795' title='bbox 154 2547 221 2584; x_wconf 73' lang='grc' dir='ltr'>περὶ</span> <span class='ocrx_word' id='word_1_796' title='bbox 245 2546 297 2582; x_wconf 79' lang='grc' dir='ltr'>τῆς</span> <span class='ocrx_word' id='word_1_797' title='bbox 325 2546 437 2582; x_wconf 82' lang='grc' dir='ltr'>πρώτης</span> <span class='ocrx_word' id='word_1_798' title='bbox 469 2544 620 2576; x_wconf 76' lang='grc' dir='ltr'>οὐσιὼσεως</span> <span class='ocrx_word' id='word_1_799' title='bbox 647 2543 693 2570; x_wconf 69' lang='grc' dir='ltr'>τοῦ</span> <span class='ocrx_word' id='word_1_800' title='bbox 707 2542 829 2577; x_wconf 78' lang='grc' dir='ltr'>Σωτῆρος</span> <span class='ocrx_word' id='word_1_801' title='bbox 850 2541 937 2576; x_wconf 65' lang='grc' dir='ltr'><strong>ἡμῶν.</strong></span> 
     </span>
    </p>
   </div>
   <div class='ocr_carea' id='block_1_100' title="bbox 154 2583 938 2628">
    <p class='ocr_par' dir='ltr' id='par_1_100' title="bbox 154 2583 938 2628">
     <span class='ocr_line' id='line_1_100' title="bbox 154 2583 938 2628; baseline -0.011 -8"><span class='ocrx_word' id='word_1_802' title='bbox 154 2583 225 2621; x_wconf 62' lang='grc' dir='ltr'>Οὐδὲ</span> <span class='ocrx_word' id='word_1_803' title='bbox 240 2591 294 2628; x_wconf 81' lang='grc' dir='ltr'><strong>γὰρ</strong></span> <span class='ocrx_word' id='word_1_804' title='bbox 310 2590 340 2624; x_wconf 72' lang='grc' dir='ltr'><strong>ἐξ</strong></span> <span class='ocrx_word' id='word_1_805' title='bbox 364 2591 457 2622; x_wconf 85' lang='grc' dir='ltr'>οὐσίας</span> <span class='ocrx_word' id='word_1_806' title='bbox 472 2583 682 2625; x_wconf 62' lang='grc' dir='ltr'>τῆςάγεννήτου</span> <span class='ocrx_word' id='word_1_807' title='bbox 698 2587 767 2614; x_wconf 84' lang='grc' dir='ltr'>κατά</span> <span class='ocrx_word' id='word_1_808' title='bbox 780 2595 805 2613; x_wconf 90' lang='grc' dir='ltr'><strong>τι</strong></span> <span class='ocrx_word' id='word_1_809' title='bbox 821 2585 904 2617; x_wconf 82' lang='grc' dir='ltr'>πάθος</span> <span class='ocrx_word' id='word_1_810' title='bbox 922 2585 938 2620; x_wconf 85' lang='grc' dir='ltr'>ἦ</span> 
     </span>
    </p>
   </div>
   <div class='ocr_carea' id='block_1_101' title="bbox 153 2632 938 2674">
    <p class='ocr_par' dir='ltr' id='par_1_101' title="bbox 153 2632 938 2674">
     <span class='ocr_line' id='line_1_101' title="bbox 153 2632 938 2674; baseline -0.01 -9"><span class='ocrx_word' id='word_1_811' title='bbox 153 2638 286 2674; x_wconf 80' lang='grc' dir='ltr'>διαίρεσιν</span> <span class='ocrx_word' id='word_1_812' title='bbox 298 2636 473 2672; x_wconf 82' lang='grc' dir='ltr'>οὐσιωμένος,</span> <span class='ocrx_word' id='word_1_813' title='bbox 489 2635 548 2661; x_wconf 86' lang='grc' dir='ltr'>οὐδὲ</span> <span class='ocrx_word' id='word_1_814' title='bbox 565 2643 595 2669; x_wconf 86' lang='grc' dir='ltr'><strong>γε</strong></span> <span class='ocrx_word' id='word_1_815' title='bbox 613 2635 736 2670; x_wconf 83' lang='grc' dir='ltr'>ἀνάρχως</span> <span class='ocrx_word' id='word_1_816' title='bbox 755 2632 938 2667; x_wconf 76' lang='grc' dir='ltr'>συνυφὲστηκε</span> 
     </span>
    </p>
   </div>
   <div class='ocr_carea' id='block_1_102' title="bbox 153 2677 938 2720">
    <p class='ocr_par' dir='ltr' id='par_1_102' title="bbox 153 2677 938 2720">
     <span class='ocr_line' id='line_1_102' title="bbox 153 2677 938 2720; baseline -0.011 -9"><span class='ocrx_word' id='word_1_817' title='bbox 153 2683 193 2719; x_wconf 75' lang='grc' dir='ltr'>τῷ</span> <span class='ocrx_word' id='word_1_818' title='bbox 205 2683 295 2720; x_wconf 77' lang='grc' dir='ltr'>Πατρί</span> <span class='ocrx_word' id='word_1_819' title='bbox 304 2691 311 2698; x_wconf 88' lang='grc'>⁶</span> <span class='ocrx_word' id='word_1_820' title='bbox 327 2682 387 2709; x_wconf 73' lang='grc' dir='ltr'>ἐπεὶ</span> <span class='ocrx_word' id='word_1_821' title='bbox 400 2682 414 2708; x_wconf 83' lang='grc' dir='ltr'><strong>ὁ</strong></span> <span class='ocrx_word' id='word_1_822' title='bbox 429 2682 477 2717; x_wconf 78' lang='grc' dir='ltr'><strong>μὲν</strong></span> <span class='ocrx_word' id='word_1_823' title='bbox 492 2681 647 2715; x_wconf 83' lang='grc' dir='ltr'>ἁγέννητος,</span> <span class='ocrx_word' id='word_1_824' title='bbox 665 2680 679 2705; x_wconf 91' lang='grc' dir='ltr'>ὁ</span> <span class='ocrx_word' id='word_1_825' title='bbox 695 2679 722 2705; x_wconf 73' lang='grc' dir='ltr'><strong>δὲ</strong></span> <span class='ocrx_word' id='word_1_826' title='bbox 735 2678 861 2713; x_wconf 85' lang='grc' dir='ltr'>γεννητός</span> <span class='ocrx_word' id='word_1_827' title='bbox 871 2685 877 2692; x_wconf 92' lang='grc'><strong>·</strong></span> <span class='ocrx_word' id='word_1_828' title='bbox 892 2677 938 2703; x_wconf 80' lang='grc' dir='ltr'>καὶ</span> 
     </span>
    </p>
   </div>
   <div class='ocr_carea' id='block_1_103' title="bbox 153 2724 938 2766">
    <p class='ocr_par' dir='ltr' id='par_1_103' title="bbox 153 2724 938 2766">
     <span class='ocr_line' id='line_1_103' title="bbox 153 2724 938 2766; baseline -0.01 -9"><span class='ocrx_word' id='word_1_829' title='bbox 153 2732 168 2757; x_wconf 79' lang='grc' dir='ltr'><strong>ὁ</strong></span> <span class='ocrx_word' id='word_1_830' title='bbox 179 2730 230 2766; x_wconf 77' lang='grc' dir='ltr'><strong>μὲν</strong></span> <span class='ocrx_word' id='word_1_831' title='bbox 243 2728 351 2764; x_wconf 80' lang='grc' dir='ltr'>Πατὴρ,</span> <span class='ocrx_word' id='word_1_832' title='bbox 374 2729 388 2755; x_wconf 86' lang='grc' dir='ltr'>ὁ</span> <span class='ocrx_word' id='word_1_833' title='bbox 406 2727 434 2754; x_wconf 80' lang='grc' dir='ltr'><strong>δὲ</strong></span> <span class='ocrx_word' id='word_1_834' title='bbox 450 2727 522 2758; x_wconf 82' lang='grc' dir='ltr'>Υἱός.</span> <span class='ocrx_word' id='word_1_835' title='bbox 551 2725 739 2761; x_wconf 86' lang='grc' dir='ltr'>Προῡπάρχειν</span> <span class='ocrx_word' id='word_1_836' title='bbox 756 2725 784 2751; x_wconf 77' lang='grc' dir='ltr'><strong>δὲ</strong></span> <span class='ocrx_word' id='word_1_837' title='bbox 805 2724 852 2750; x_wconf 78' lang='grc' dir='ltr'>καὶ</span> <span class='ocrx_word' id='word_1_838' title='bbox 869 2732 938 2759; x_wconf 87' lang='grc' dir='ltr'>προ-</span> 
     </span>
    </p>
   </div>
   <div class='ocr_carea' id='block_1_104' title="bbox 154 2769 935 2810">
    <p class='ocr_par' dir='ltr' id='par_1_104' title="bbox 154 2769 935 2810">
     <span class='ocr_line' id='line_1_104' title="bbox 154 2769 935 2810; baseline -0.01 -8"><span class='ocrx_word' id='word_1_839' title='bbox 154 2774 304 2810; x_wconf 65' lang='grc' dir='ltr'>ϋφεστάναι</span> <span class='ocrx_word' id='word_1_840' title='bbox 322 2773 429 2808; x_wconf 85' lang='grc' dir='ltr'>Πατέρα</span> <span class='ocrx_word' id='word_1_841' title='bbox 440 2772 520 2803; x_wconf 78' lang='grc' dir='ltr'><strong>Υίοῦ,</strong></span> <span class='ocrx_word' id='word_1_842' title='bbox 535 2772 589 2802; x_wconf 80' lang='grc' dir='ltr'>πᾶς</span> <span class='ocrx_word' id='word_1_843' title='bbox 604 2770 727 2797; x_wconf 77' lang='grc' dir='ltr'>ὁστισοῦν</span> <span class='ocrx_word' id='word_1_844' title='bbox 737 2769 935 2805; x_wconf 79' lang='grc' dir='ltr'>ὁμολογήσειεν.</span> 
     </span>
    </p>
   </div>
   <div class='ocr_carea' id='block_1_105' title="bbox 153 2814 937 2856">
    <p class='ocr_par' dir='ltr' id='par_1_105' title="bbox 153 2814 937 2856">
     <span class='ocr_line' id='line_1_105' title="bbox 153 2814 937 2856; baseline -0.01 -9"><span class='ocrx_word' id='word_1_845' title='bbox 153 2819 204 2856; x_wconf 62' lang='lat' dir='ltr'><strong>Eli]</strong></span> <span class='ocrx_word' id='word_1_846' title='bbox 218 2819 240 2846; x_wconf 77' lang='grc' dir='ltr'><strong>δ’</strong></span> <span class='ocrx_word' id='word_1_847' title='bbox 255 2819 289 2846; x_wconf 74' lang='lat' dir='ltr'><strong>av</strong></span> <span class='ocrx_word' id='word_1_848' title='bbox 305 2817 392 2852; x_wconf 80' lang='grc' dir='ltr'>ταύτῃ</span> <span class='ocrx_word' id='word_1_849' title='bbox 408 2817 454 2844; x_wconf 75' lang='grc' dir='ltr'>καὶ</span> <span class='ocrx_word' id='word_1_850' title='bbox 465 2816 545 2843; x_wconf 77' lang='grc' dir='ltr'>εἰκὼν</span> <span class='ocrx_word' id='word_1_851' title='bbox 562 2815 639 2848; x_wconf 75' lang='grc' dir='ltr'>Θεοῦ,</span> <span class='ocrx_word' id='word_1_852' title='bbox 656 2815 782 2850; x_wconf 70' lang='grc' dir='ltr'>ἀρρήτως</span> <span class='ocrx_word' id='word_1_853' title='bbox 798 2814 876 2841; x_wconf 77' lang='grc' dir='ltr'>πάλιν</span> <span class='ocrx_word' id='word_1_854' title='bbox 892 2814 937 2840; x_wconf 77' lang='grc' dir='ltr'>καὶ</span> 
     </span>
    </p>
   </div>
   <div class='ocr_carea' id='block_1_106' title="bbox 188 2879 628 2939">
    <p class='ocr_par' dir='ltr' id='par_1_106' title="bbox 188 2879 628 2939">
     <span class='ocr_line' id='line_1_106' title="bbox 188 2879 628 2939; baseline -0.02 -1"><span class='ocrx_word' id='word_1_855' title='bbox 188 2909 212 2925; x_wconf 79' lang='grc'><strong>⁹¹</strong></span> <span class='ocrx_word' id='word_1_856' title='bbox 229 2908 282 2937; x_wconf 78' lang='lat' dir='ltr'><strong>lsa.</strong></span> <span class='ocrx_word' id='word_1_857' title='bbox 299 2879 401 2939; x_wconf 36' lang='lat' dir='ltr'><strong>vnn-8.</strong></span> <span class='ocrx_word' id='word_1_858' title='bbox 439 2907 448 2922; x_wconf 71' lang='grc' dir='ltr'><strong>ί</strong></span> <span class='ocrx_word' id='word_1_859' title='bbox 462 2900 547 2933; x_wconf 70' lang='grc' dir='ltr'><strong>10οή</strong></span> <span class='ocrx_word' id='word_1_860' title='bbox 556 2911 586 2936; x_wconf 83' lang='grc' dir='ltr'><strong>ιι,</strong></span> <span class='ocrx_word' id='word_1_861' title='bbox 602 2902 628 2930; x_wconf 90' lang='lat'><strong>9.</strong></span> 
     </span>
    </p>
   </div>
   <div class='ocr_carea' id='block_1_107' title="bbox 990 2307 1775 2345">
    <p class='ocr_par' dir='ltr' id='par_1_107' title="bbox 990 2307 1775 2345">
     <span class='ocr_line' id='line_1_107' title="bbox 990 2307 1775 2345; baseline 0.006 -13"><span class='ocrx_word' id='word_1_862' title='bbox 990 2307 1167 2341; x_wconf 83' lang='lat' dir='ltr'><strong>progrediens</strong></span> <span class='ocrx_word' id='word_1_863' title='bbox 1191 2316 1224 2334; x_wconf 80' lang='lat' dir='ltr'><strong>eo</strong></span> <span class='ocrx_word' id='word_1_864' title='bbox 1252 2308 1419 2343; x_wconf 88' lang='lat' dir='ltr'><strong>provehatur</strong></span> <span class='ocrx_word' id='word_1_865' title='bbox 1432 2309 1563 2342; x_wconf 63' lang='lat' dir='ltr'><strong>audaciae,</strong></span> <span class='ocrx_word' id='word_1_866' title='bbox 1581 2313 1610 2337; x_wconf 87' lang='lat' dir='ltr'><strong>ut</strong></span> <span class='ocrx_word' id='word_1_867' title='bbox 1626 2319 1685 2345; x_wconf 68' lang='lat' dir='ltr'><strong>quae</strong></span> <span class='ocrx_word' id='word_1_868' title='bbox 1700 2311 1775 2337; x_wconf 79' lang='lat' dir='ltr'><strong>nulla</strong></span> 
     </span>
    </p>
   </div>
   <div class='ocr_carea' id='block_1_108' title="bbox 991 2353 1774 2390">
    <p class='ocr_par' dir='ltr' id='par_1_108' title="bbox 991 2353 1774 2390">
     <span class='ocr_line' id='line_1_108' title="bbox 991 2353 1774 2390; baseline 0.005 -11"><span class='ocrx_word' id='word_1_869' title='bbox 991 2360 1104 2387; x_wconf 89' lang='lat' dir='ltr'><strong>prorsus</strong></span> <span class='ocrx_word' id='word_1_870' title='bbox 1120 2353 1300 2388; x_wconf 81' lang='lat' dir='ltr'><strong>intelligentia</strong></span> <span class='ocrx_word' id='word_1_871' title='bbox 1311 2355 1504 2389; x_wconf 89' lang='lat' dir='ltr'><strong>comprehendi</strong></span> <span class='ocrx_word' id='word_1_872' title='bbox 1521 2359 1646 2390; x_wconf 86' lang='lat' dir='ltr'><strong>possunt,</strong></span> <span class='ocrx_word' id='word_1_873' title='bbox 1662 2364 1693 2383; x_wconf 90' lang='lat' dir='ltr'><strong>ea</strong></span> <span class='ocrx_word' id='word_1_874' title='bbox 1708 2357 1774 2384; x_wconf 85' lang='lat' dir='ltr'><strong>visi-</strong></span> 
     </span>
    </p>
   </div>
   <div class='ocr_carea' id='block_1_109' title="bbox 990 2399 1772 2435">
    <p class='ocr_par' dir='ltr' id='par_1_109' title="bbox 990 2399 1772 2435">
     <span class='ocr_line' id='line_1_109' title="bbox 990 2399 1772 2435; baseline 0.006 -11"><span class='ocrx_word' id='word_1_875' title='bbox 990 2399 1091 2427; x_wconf 87' lang='lat' dir='ltr'><strong>hilibus</strong></span> <span class='ocrx_word' id='word_1_876' title='bbox 1115 2405 1142 2426; x_wconf 90' lang='lat' dir='ltr'><strong>et</strong></span> <span class='ocrx_word' id='word_1_877' title='bbox 1169 2400 1310 2434; x_wconf 83' lang='lat' dir='ltr'><strong>corporeis</strong></span> <span class='ocrx_word' id='word_1_878' title='bbox 1333 2401 1464 2435; x_wconf 85' lang='lat' dir='ltr'><strong>exemplis</strong></span> <span class='ocrx_word' id='word_1_879' title='bbox 1487 2401 1630 2433; x_wconf 86' lang='lat' dir='ltr'><strong>assimilet,</strong></span> <span class='ocrx_word' id='word_1_880' title='bbox 1658 2402 1772 2429; x_wconf 77' lang='lat' dir='ltr'><strong>forsitan</strong></span> 
     </span>
    </p>
   </div>
   <div class='ocr_carea' id='block_1_110' title="bbox 989 2445 1773 2482">
    <p class='ocr_par' dir='ltr' id='par_1_110' title="bbox 989 2445 1773 2482">
     <span class='ocr_line' id='line_1_110' title="bbox 989 2445 1773 2482; baseline 0.005 -11"><span class='ocrx_word' id='word_1_881' title='bbox 989 2445 1072 2477; x_wconf 88' lang='lat' dir='ltr'><strong>dicat,</strong></span> <span class='ocrx_word' id='word_1_882' title='bbox 1092 2446 1202 2480; x_wconf 87' lang='lat' dir='ltr'><strong>ingeniti</strong></span> <span class='ocrx_word' id='word_1_883' title='bbox 1221 2445 1310 2473; x_wconf 87' lang='lat' dir='ltr'><strong>Patris</strong></span> <span class='ocrx_word' id='word_1_884' title='bbox 1330 2451 1433 2474; x_wconf 74' lang='lat' dir='ltr'><strong>natura:</strong></span> <span class='ocrx_word' id='word_1_885' title='bbox 1459 2451 1539 2482; x_wconf 88' lang='lat' dir='ltr'><strong>atque</strong></span> <span class='ocrx_word' id='word_1_886' title='bbox 1570 2447 1714 2475; x_wconf 80' lang='lat' dir='ltr'><strong>ineﬂ&#39;abilis</strong></span> <span class='ocrx_word' id='word_1_887' title='bbox 1728 2455 1773 2475; x_wconf 84' lang='lat' dir='ltr'><strong>es-</strong></span> 
     </span>
    </p>
   </div>
   <div class='ocr_carea' id='block_1_111' title="bbox 990 2492 1773 2529">
    <p class='ocr_par' dir='ltr' id='par_1_111' title="bbox 990 2492 1773 2529">
     <span class='ocr_line' id='line_1_111' title="bbox 990 2492 1773 2529; baseline 0.003 -11"><span class='ocrx_word' id='word_1_888' title='bbox 990 2492 1093 2523; x_wconf 76' lang='lat' dir='ltr'><strong>sentiae,</strong></span> <span class='ocrx_word' id='word_1_889' title='bbox 1106 2493 1184 2526; x_wconf 89' lang='lat' dir='ltr'><strong>quasi</strong></span> <span class='ocrx_word' id='word_1_890' title='bbox 1199 2492 1374 2527; x_wconf 77' lang='lat' dir='ltr'><strong>fragrantiam</strong></span> <span class='ocrx_word' id='word_1_891' title='bbox 1385 2494 1542 2528; x_wconf 88' lang='lat' dir='ltr'><strong>quamdam,</strong></span> <span class='ocrx_word' id='word_1_892' title='bbox 1553 2501 1585 2521; x_wconf 89' lang='lat' dir='ltr'><strong>ac</strong></span> <span class='ocrx_word' id='word_1_893' title='bbox 1602 2494 1671 2522; x_wconf 86' lang='lat' dir='ltr'><strong>lueis</strong></span> <span class='ocrx_word' id='word_1_894' title='bbox 1682 2494 1773 2529; x_wconf 87' lang='lat' dir='ltr'><strong>splen-</strong></span> 
     </span>
    </p>
   </div>
   <div class='ocr_carea' id='block_1_112' title="bbox 990 2537 1773 2574">
    <p class='ocr_par' dir='ltr' id='par_1_112' title="bbox 990 2537 1773 2574">
     <span class='ocr_line' id='line_1_112' title="bbox 990 2537 1773 2574; baseline 0.003 -10"><span class='ocrx_word' id='word_1_895' title='bbox 990 2537 1093 2569; x_wconf 83' lang='lat' dir='ltr'><strong>dorem,</strong></span> <span class='ocrx_word' id='word_1_896' title='bbox 1112 2539 1199 2573; x_wconf 86' lang='lat' dir='ltr'><strong>ipsum</strong></span> <span class='ocrx_word' id='word_1_897' title='bbox 1218 2538 1313 2565; x_wconf 82' lang='lat' dir='ltr'><strong>Filium</strong></span> <span class='ocrx_word' id='word_1_898' title='bbox 1328 2547 1360 2566; x_wconf 79' lang='lat' dir='ltr'><strong>ex</strong></span> <span class='ocrx_word' id='word_1_899' title='bbox 1373 2539 1486 2567; x_wconf 83' lang='lat' dir='ltr'><strong>inﬁnitis</strong></span> <span class='ocrx_word' id='word_1_900' title='bbox 1502 2540 1620 2572; x_wconf 68' lang='lat' dir='ltr'><strong>saeculis,</strong></span> <span class='ocrx_word' id='word_1_901' title='bbox 1638 2548 1670 2566; x_wconf 88' lang='lat' dir='ltr'><strong>ac</strong></span> <span class='ocrx_word' id='word_1_902' title='bbox 1683 2540 1773 2574; x_wconf 89' lang='lat' dir='ltr'><strong>potius</strong></span> 
     </span>
    </p>
   </div>
   <div class='ocr_carea' id='block_1_113' title="bbox 990 2585 1773 2619">
    <p class='ocr_par' dir='ltr' id='par_1_113' title="bbox 990 2585 1773 2619">
     <span class='ocr_line' id='line_1_113' title="bbox 990 2585 1773 2619; baseline 0.004 -10"><span class='ocrx_word' id='word_1_903' title='bbox 990 2586 1053 2610; x_wconf 88' lang='lat' dir='ltr'><strong>ante</strong></span> <span class='ocrx_word' id='word_1_904' title='bbox 1067 2585 1158 2610; x_wconf 90' lang='lat' dir='ltr'><strong>omnia</strong></span> <span class='ocrx_word' id='word_1_905' title='bbox 1174 2585 1274 2611; x_wconf 65' lang='lat' dir='ltr'><strong>secula</strong></span> <span class='ocrx_word' id='word_1_906' title='bbox 1292 2585 1448 2618; x_wconf 82' lang='lat' dir='ltr'><strong>exstitisse;</strong></span> <span class='ocrx_word' id='word_1_907' title='bbox 1464 2585 1584 2619; x_wconf 88' lang='lat' dir='ltr'><strong>dumque</strong></span> <span class='ocrx_word' id='word_1_908' title='bbox 1602 2585 1709 2612; x_wconf 82' lang='lat' dir='ltr'><strong>exsistit</strong></span> <span class='ocrx_word' id='word_1_909' title='bbox 1735 2585 1773 2612; x_wconf 90' lang='lat' dir='ltr'><strong>si-</strong></span> 
     </span>
    </p>
   </div>
   <div class='ocr_carea' id='block_1_114' title="bbox 990 2630 1772 2666">
    <p class='ocr_par' dir='ltr' id='par_1_114' title="bbox 990 2630 1772 2666">
     <span class='ocr_line' id='line_1_114' title="bbox 990 2630 1772 2666; baseline 0.003 -10"><span class='ocrx_word' id='word_1_910' title='bbox 990 2630 1045 2656; x_wconf 90' lang='lat' dir='ltr'><strong>mul</strong></span> <span class='ocrx_word' id='word_1_911' title='bbox 1061 2638 1132 2661; x_wconf 83' lang='lat' dir='ltr'><strong>esse,</strong></span> <span class='ocrx_word' id='word_1_912' title='bbox 1154 2638 1242 2665; x_wconf 83' lang='lat' dir='ltr'><strong>neque</strong></span> <span class='ocrx_word' id='word_1_913' title='bbox 1256 2630 1363 2658; x_wconf 87' lang='lat' dir='ltr'><strong>Patrem</strong></span> <span class='ocrx_word' id='word_1_914' title='bbox 1384 2639 1503 2665; x_wconf 89' lang='lat' dir='ltr'><strong>unquam</strong></span> <span class='ocrx_word' id='word_1_915' title='bbox 1521 2631 1684 2666; x_wconf 87' lang='lat' dir='ltr'><strong>relinquere,</strong></span> <span class='ocrx_word' id='word_1_916' title='bbox 1701 2632 1772 2658; x_wconf 89' lang='lat' dir='ltr'><strong>sicut</strong></span> 
     </span>
    </p>
   </div>
   <div class='ocr_carea' id='block_1_115' title="bbox 989 2676 1773 2711">
    <p class='ocr_par' dir='ltr' id='par_1_115' title="bbox 989 2676 1773 2711">
     <span class='ocr_line' id='line_1_115' title="bbox 989 2676 1773 2711; baseline 0 -9"><span class='ocrx_word' id='word_1_917' title='bbox 989 2683 1039 2702; x_wconf 89' lang='lat' dir='ltr'><strong>nec</strong></span> <span class='ocrx_word' id='word_1_918' title='bbox 1055 2680 1220 2710; x_wconf 81' lang='lat' dir='ltr'><strong>unguentum</strong></span> <span class='ocrx_word' id='word_1_919' title='bbox 1251 2677 1338 2703; x_wconf 85' lang='lat' dir='ltr'><strong>bonus</strong></span> <span class='ocrx_word' id='word_1_920' title='bbox 1356 2676 1441 2708; x_wconf 89' lang='lat' dir='ltr'><strong>odor,</strong></span> <span class='ocrx_word' id='word_1_921' title='bbox 1458 2684 1508 2703; x_wconf 86' lang='lat' dir='ltr'><strong>nec</strong></span> <span class='ocrx_word' id='word_1_922' title='bbox 1534 2676 1620 2704; x_wconf 87' lang='lat' dir='ltr'><strong>lucem</strong></span> <span class='ocrx_word' id='word_1_923' title='bbox 1644 2678 1773 2711; x_wconf 88' lang='lat' dir='ltr'><strong>splendor</strong></span> 
     </span>
    </p>
   </div>
   <div class='ocr_carea' id='block_1_116' title="bbox 988 2723 1772 2758">
    <p class='ocr_par' dir='ltr' id='par_1_116' title="bbox 988 2723 1772 2758">
     <span class='ocr_line' id='line_1_116' title="bbox 988 2723 1772 2758; baseline 0.003 -10"><span class='ocrx_word' id='word_1_924' title='bbox 988 2723 1134 2757; x_wconf 84' lang='lat' dir='ltr'><strong>relinquit;</strong></span> <span class='ocrx_word' id='word_1_925' title='bbox 1150 2731 1242 2750; x_wconf 83' lang='lat' dir='ltr'><strong>verum</strong></span> <span class='ocrx_word' id='word_1_926' title='bbox 1252 2724 1374 2758; x_wconf 88' lang='lat' dir='ltr'><strong>exempla</strong></span> <span class='ocrx_word' id='word_1_927' title='bbox 1390 2723 1447 2750; x_wconf 77' lang='lat' dir='ltr'><strong>haec</strong></span> <span class='ocrx_word' id='word_1_928' title='bbox 1463 2731 1516 2750; x_wconf 91' lang='lat' dir='ltr'><strong>non</strong></span> <span class='ocrx_word' id='word_1_929' title='bbox 1530 2724 1686 2750; x_wconf 83' lang='lat' dir='ltr'><strong>omnimodo</strong></span> <span class='ocrx_word' id='word_1_930' title='bbox 1701 2724 1772 2750; x_wconf 75' lang='lat' dir='ltr'><strong>inte-</strong></span> 
     </span>
    </p>
   </div>
   <div class='ocr_carea' id='block_1_117' title="bbox 988 2769 1772 2805">
    <p class='ocr_par' dir='ltr' id='par_1_117' title="bbox 988 2769 1772 2805">
     <span class='ocr_line' id='line_1_117' title="bbox 988 2769 1772 2805; baseline 0.001 -10"><span class='ocrx_word' id='word_1_931' title='bbox 988 2776 1063 2803; x_wconf 80' lang='lat' dir='ltr'><strong>gram</strong></span> <span class='ocrx_word' id='word_1_932' title='bbox 1077 2773 1206 2804; x_wconf 67' lang='lat' dir='ltr'><strong>praestant</strong></span> <span class='ocrx_word' id='word_1_933' title='bbox 1221 2769 1436 2802; x_wconf 88' lang='lat' dir='ltr'><strong>similitudinem,</strong></span> <span class='ocrx_word' id='word_1_934' title='bbox 1453 2770 1498 2797; x_wconf 88' lang='lat' dir='ltr'><strong>sed</strong></span> <span class='ocrx_word' id='word_1_935' title='bbox 1509 2770 1644 2805; x_wconf 87' lang='lat' dir='ltr'><strong>quomodo</strong></span> <span class='ocrx_word' id='word_1_936' title='bbox 1656 2770 1711 2804; x_wconf 72' lang='lat' dir='ltr'><strong>iam</strong></span> <span class='ocrx_word' id='word_1_937' title='bbox 1721 2778 1772 2796; x_wconf 85' lang='lat' dir='ltr'><strong>an-</strong></span> 
     </span>
    </p>
   </div>
   <div class='ocr_carea' id='block_1_118' title="bbox 989 2815 1773 2849">
    <p class='ocr_par' dir='ltr' id='par_1_118' title="bbox 989 2815 1773 2849">
     <span class='ocr_line' id='line_1_118' title="bbox 989 2815 1773 2849; baseline 0.003 -9"><span class='ocrx_word' id='word_1_938' title='bbox 989 2818 1030 2841; x_wconf 86' lang='lat' dir='ltr'><strong>tea</strong></span> <span class='ocrx_word' id='word_1_939' title='bbox 1045 2815 1147 2841; x_wconf 87' lang='lat' dir='ltr'><strong>dictum</strong></span> <span class='ocrx_word' id='word_1_940' title='bbox 1165 2819 1204 2842; x_wconf 86' lang='lat' dir='ltr'><strong>est</strong></span> <span class='ocrx_word' id='word_1_941' title='bbox 1220 2823 1226 2841; x_wconf 89' lang='lat'>:</span> <span class='ocrx_word' id='word_1_942' title='bbox 1247 2822 1309 2841; x_wconf 86' lang='lat' dir='ltr'><strong>nam</strong></span> <span class='ocrx_word' id='word_1_943' title='bbox 1322 2822 1436 2849; x_wconf 86' lang='lat' dir='ltr'><strong>corpora</strong></span> <span class='ocrx_word' id='word_1_944' title='bbox 1454 2815 1601 2842; x_wconf 83' lang='lat' dir='ltr'><strong>iuauimata</strong></span> <span class='ocrx_word' id='word_1_945' title='bbox 1619 2815 1706 2849; x_wconf 87' lang='lat' dir='ltr'><strong>ipsum</strong></span> <span class='ocrx_word' id='word_1_946' title='bbox 1723 2821 1773 2842; x_wconf 72' lang='lat' dir='ltr'><strong>ao-</strong></span> 
     </span>
    </p>
   </div>
   <div class='ocr_carea' id='block_1_119' title="bbox 1773 2937 1781 2955">
    <p class='ocr_par' dir='ltr' id='par_1_119' title="bbox 1773 2937 1781 2955">
     <span class='ocr_line' id='line_1_119' title="bbox 1773 2937 1781 2955; baseline 0 0"><span class='ocrx_word' id='word_1_947' title='bbox 1773 2937 1781 2955; x_wconf 77' lang='lat' dir='ltr'><strong>l</strong></span> 
     </span>
    </p>
   </div>
  </div>
