  <div class='ocr_page' id='page_1' title='image "/cluster/home/n/w/nwhite01/storage/ocr_20150623/22/njp.32101077772497/217.png"; bbox 0 0 2084 3216; ppageno 0'>
   <div class='ocr_carea' id='block_1_1' title="bbox 304 165 358 194">
    <p class='ocr_par' dir='ltr' id='par_1_1' title="bbox 304 165 358 194">
     <span class='ocr_line' id='line_1_1' title="bbox 304 165 358 194; baseline 0 0"><span class='ocrx_word' id='word_1_1' title='bbox 304 165 358 194; x_wconf 74' lang='lat'><strong>555</strong></span> 
     </span>
    </p>
   </div>
   <div class='ocr_carea' id='block_1_2' title="bbox 624 165 1610 195">
    <p class='ocr_par' dir='ltr' id='par_1_2' title="bbox 624 165 1610 195">
     <span class='ocr_line' id='line_1_2' title="bbox 624 165 1610 195; baseline -0.001 -1"><span class='ocrx_word' id='word_1_2' title='bbox 624 167 762 195; x_wconf 83' lang='lat' dir='ltr'><strong>EUSEBII</strong></span> <span class='ocrx_word' id='word_1_3' title='bbox 779 166 1022 195; x_wconf 61' lang='lat' dir='ltr'><strong>CESABIENSIS</strong></span> <span class='ocrx_word' id='word_1_4' title='bbox 1041 165 1117 193; x_wconf 78' lang='lat' dir='ltr'><strong>OPP.</strong></span> <span class='ocrx_word' id='word_1_5' title='bbox 1135 165 1235 194; x_wconf 74' lang='lat' dir='ltr'><strong>PARS.</strong></span> <span class='ocrx_word' id='word_1_6' title='bbox 1257 166 1289 194; x_wconf 92' lang='lat' dir='ltr'><strong>ll.</strong></span> <span class='ocrx_word' id='word_1_7' title='bbox 1308 181 1343 186; x_wconf 95' lang='lat'><strong><em>—</em></strong></span> <span class='ocrx_word' id='word_1_8' title='bbox 1360 166 1610 195; x_wconf 82' lang='lat' dir='ltr'><strong>APOLOGETICA.</strong></span> 
     </span>
    </p>
   </div>
   <div class='ocr_carea' id='block_1_3' title="bbox 1875 165 1930 194">
    <p class='ocr_par' dir='ltr' id='par_1_3' title="bbox 1875 165 1930 194">
     <span class='ocr_line' id='line_1_3' title="bbox 1875 165 1930 194; baseline 0 0"><span class='ocrx_word' id='word_1_9' title='bbox 1875 165 1930 194; x_wconf 72' lang='lat'><strong>356</strong></span> 
     </span>
    </p>
   </div>
   <div class='ocr_carea' id='block_1_4' title="bbox 302 220 1085 261">
    <p class='ocr_par' dir='ltr' id='par_1_4' title="bbox 302 220 1085 261">
     <span class='ocr_line' id='line_1_4' title="bbox 302 220 1085 261; baseline -0.001 -8"><span class='ocrx_word' id='word_1_10' title='bbox 302 225 398 254; x_wconf 82' lang='lat' dir='ltr'><strong>cidens</strong></span> <span class='ocrx_word' id='word_1_11' title='bbox 414 225 441 253; x_wconf 91' lang='lat' dir='ltr'><strong>in</strong></span> <span class='ocrx_word' id='word_1_12' title='bbox 450 226 629 260; x_wconf 86' lang='lat' dir='ltr'><strong>qualitatibus</strong></span> <span class='ocrx_word' id='word_1_13' title='bbox 645 227 779 260; x_wconf 88' lang='lat' dir='ltr'><strong>retinent;</strong></span> <span class='ocrx_word' id='word_1_14' title='bbox 795 226 925 261; x_wconf 82' lang='lat' dir='ltr'><strong>splendor</strong></span> <span class='ocrx_word' id='word_1_15' title='bbox 937 220 1085 257; x_wconf 76' lang='lat' dir='ltr'><strong>enim,curr</strong></span> 
     </span>
    </p>
   </div>
   <div class='ocr_carea' id='block_1_5' title="bbox 1136 220 1930 261">
    <p class='ocr_par' dir='ltr' id='par_1_5' title="bbox 1143 222 1930 261">
     <span class='ocr_line' id='line_1_5' title="bbox 1143 222 1930 261; baseline 0.001 -10"><span class='ocrx_word' id='word_1_16' title='bbox 1143 224 1353 258; x_wconf 80' lang='grc' dir='ltr'>ἀνεπιλογίστως</span> <span class='ocrx_word' id='word_1_17' title='bbox 1371 226 1447 261; x_wconf 81' lang='grc' dir='ltr'>ἡμῖν,</span> <span class='ocrx_word' id='word_1_18' title='bbox 1462 225 1561 257; x_wconf 82' lang='grc' dir='ltr'>ζῶντος</span> <span class='ocrx_word' id='word_1_19' title='bbox 1574 224 1641 251; x_wconf 82' lang='grc' dir='ltr'><strong>Θεοῦ</strong></span> <span class='ocrx_word' id='word_1_20' title='bbox 1655 224 1730 258; x_wconf 78' lang='grc' dir='ltr'>ζῶσά</span> <span class='ocrx_word' id='word_1_21' title='bbox 1742 233 1794 256; x_wconf 80' lang='grc' dir='ltr'>τις,</span> <span class='ocrx_word' id='word_1_22' title='bbox 1808 225 1855 251; x_wconf 77' lang='grc' dir='ltr'>καὶ</span> <span class='ocrx_word' id='word_1_23' title='bbox 1868 222 1930 252; x_wconf 81' lang='grc' dir='ltr'>καθ’</span> 
     </span>
    </p>
   </div>
   <div class='ocr_carea' id='block_1_6' title="bbox 304 272 1089 308">
    <p class='ocr_par' dir='ltr' id='par_1_6' title="bbox 304 272 1089 308">
     <span class='ocr_line' id='line_1_6' title="bbox 304 272 1089 308; baseline -0.001 -9"><span class='ocrx_word' id='word_1_24' title='bbox 304 272 392 307; x_wconf 79' lang='lat' dir='ltr'><strong>ipsam</strong></span> <span class='ocrx_word' id='word_1_25' title='bbox 403 273 474 300; x_wconf 90' lang='lat' dir='ltr'><strong>lucis</strong></span> <span class='ocrx_word' id='word_1_26' title='bbox 487 277 612 299; x_wconf 85' lang='lat' dir='ltr'><strong>naturam</strong></span> <span class='ocrx_word' id='word_1_27' title='bbox 630 273 787 305; x_wconf 86' lang='lat' dir='ltr'><strong>comitetur,</strong></span> <span class='ocrx_word' id='word_1_28' title='bbox 803 280 855 300; x_wconf 88' lang='lat' dir='ltr'><strong>nec</strong></span> <span class='ocrx_word' id='word_1_29' title='bbox 869 273 954 308; x_wconf 80' lang='lat' dir='ltr'><strong>ipsam</strong></span> <span class='ocrx_word' id='word_1_30' title='bbox 970 280 1089 308; x_wconf 87' lang='lat' dir='ltr'><strong>unquam</strong></span> 
     </span>
    </p>
   </div>
   <div class='ocr_carea' id='block_1_7' title="bbox 302 318 1090 354">
    <p class='ocr_par' dir='ltr' id='par_1_7' title="bbox 302 318 1090 354">
     <span class='ocr_line' id='line_1_7' title="bbox 302 318 1090 354; baseline -0.001 -9"><span class='ocrx_word' id='word_1_31' title='bbox 302 318 374 346; x_wconf 88' lang='lat' dir='ltr'><strong>lucis</strong></span> <span class='ocrx_word' id='word_1_32' title='bbox 387 319 535 346; x_wconf 77' lang='lat' dir='ltr'><strong>essentiam</strong></span> <span class='ocrx_word' id='word_1_33' title='bbox 563 319 712 353; x_wconf 87' lang='lat' dir='ltr'><strong>relinquat,</strong></span> <span class='ocrx_word' id='word_1_34' title='bbox 727 323 804 345; x_wconf 75' lang='lat' dir='ltr'><strong>extra</strong></span> <span class='ocrx_word' id='word_1_35' title='bbox 818 319 852 346; x_wconf 92' lang='lat' dir='ltr'><strong>ad</strong></span> <span class='ocrx_word' id='word_1_36' title='bbox 872 319 973 354; x_wconf 78' lang='lat' dir='ltr'><strong>ipsum,</strong></span> <span class='ocrx_word' id='word_1_37' title='bbox 994 319 1021 345; x_wconf 92' lang='lat' dir='ltr'><strong>in</strong></span> <span class='ocrx_word' id='word_1_38' title='bbox 1036 326 1090 353; x_wconf 89' lang='lat' dir='ltr'><strong>quo</strong></span> 
     </span>
    </p>
   </div>
   <div class='ocr_carea' id='block_1_8' title="bbox 302 363 1090 400">
    <p class='ocr_par' dir='ltr' id='par_1_8' title="bbox 302 363 1090 400">
     <span class='ocr_line' id='line_1_8' title="bbox 302 363 1090 400; baseline -0.001 -8"><span class='ocrx_word' id='word_1_39' title='bbox 302 369 354 396; x_wconf 85' lang='lat' dir='ltr'><strong>est,</strong></span> <span class='ocrx_word' id='word_1_40' title='bbox 367 369 441 392; x_wconf 87' lang='lat' dir='ltr'><strong>stare</strong></span> <span class='ocrx_word' id='word_1_41' title='bbox 467 373 521 392; x_wconf 91' lang='lat' dir='ltr'><strong>non</strong></span> <span class='ocrx_word' id='word_1_42' title='bbox 546 369 635 400; x_wconf 87' lang='lat' dir='ltr'><strong>potest</strong></span> <span class='ocrx_word' id='word_1_43' title='bbox 649 374 656 391; x_wconf 71' lang='grc' dir='ltr'><strong>ε</strong></span> <span class='ocrx_word' id='word_1_44' title='bbox 673 369 701 392; x_wconf 88' lang='lat' dir='ltr'><strong>at</strong></span> <span class='ocrx_word' id='word_1_45' title='bbox 723 372 786 391; x_wconf 86' lang='lat' dir='ltr'><strong>vero</strong></span> <span class='ocrx_word' id='word_1_46' title='bbox 800 365 890 399; x_wconf 87' lang='lat' dir='ltr'><strong>ipsum</strong></span> <span class='ocrx_word' id='word_1_47' title='bbox 907 364 954 392; x_wconf 90' lang='lat' dir='ltr'><strong>Dei</strong></span> <span class='ocrx_word' id='word_1_48' title='bbox 972 363 1090 391; x_wconf 71' lang='lat' dir='ltr'><strong>\‘erbum</strong></span> 
     </span>
    </p>
   </div>
   <div class='ocr_carea' id='block_1_9' title="bbox 302 410 1090 445">
    <p class='ocr_par' dir='ltr' id='par_1_9' title="bbox 302 410 1090 445">
     <span class='ocr_line' id='line_1_9' title="bbox 302 410 1090 445; baseline 0.001 -9"><span class='ocrx_word' id='word_1_49' title='bbox 302 417 352 444; x_wconf 88' lang='lat' dir='ltr'><strong>per</strong></span> <span class='ocrx_word' id='word_1_50' title='bbox 366 410 485 445; x_wconf 85' lang='lat' dir='ltr'><strong>seipsum</strong></span> <span class='ocrx_word' id='word_1_51' title='bbox 502 414 529 437; x_wconf 87' lang='lat' dir='ltr'><strong>et</strong></span> <span class='ocrx_word' id='word_1_52' title='bbox 552 410 700 437; x_wconf 82' lang='lat' dir='ltr'><strong>essentiam</strong></span> <span class='ocrx_word' id='word_1_53' title='bbox 716 410 823 437; x_wconf 82' lang='lat' dir='ltr'><strong>obtinet</strong></span> <span class='ocrx_word' id='word_1_54' title='bbox 837 414 864 438; x_wconf 91' lang='lat' dir='ltr'><strong>et</strong></span> <span class='ocrx_word' id='word_1_55' title='bbox 886 411 1024 442; x_wconf 82' lang='lat' dir='ltr'><strong>consistit,</strong></span> <span class='ocrx_word' id='word_1_56' title='bbox 1039 418 1090 437; x_wconf 89' lang='lat' dir='ltr'><strong>nec</strong></span> 
     </span>
    </p>
   </div>
   <div class='ocr_carea' id='block_1_10' title="bbox 302 456 1088 491">
    <p class='ocr_par' dir='ltr' id='par_1_10' title="bbox 302 456 1088 491">
     <span class='ocr_line' id='line_1_10' title="bbox 302 456 1088 491; baseline 0 -8"><span class='ocrx_word' id='word_1_57' title='bbox 302 456 407 491; x_wconf 78' lang='lat' dir='ltr'><strong>absque</strong></span> <span class='ocrx_word' id='word_1_58' title='bbox 419 456 547 491; x_wconf 89' lang='lat' dir='ltr'><strong>gignendi</strong></span> <span class='ocrx_word' id='word_1_59' title='bbox 569 457 675 484; x_wconf 81' lang='lat' dir='ltr'><strong>ratione</strong></span> <span class='ocrx_word' id='word_1_60' title='bbox 690 464 752 483; x_wconf 91' lang='lat' dir='ltr'><strong>cum</strong></span> <span class='ocrx_word' id='word_1_61' title='bbox 777 456 858 484; x_wconf 84' lang='lat' dir='ltr'><strong>Patre</strong></span> <span class='ocrx_word' id='word_1_62' title='bbox 872 457 981 485; x_wconf 78' lang='lat' dir='ltr'><strong>exsistit</strong></span> <span class='ocrx_word' id='word_1_63' title='bbox 996 457 1088 490; x_wconf 85' lang='lat' dir='ltr'><strong>simul,</strong></span> 
     </span>
    </p>
   </div>
   <div class='ocr_carea' id='block_1_11' title="bbox 303 501 1089 537">
    <p class='ocr_par' dir='ltr' id='par_1_11' title="bbox 303 501 1089 537">
     <span class='ocr_line' id='line_1_11' title="bbox 303 501 1089 537; baseline 0 -7"><span class='ocrx_word' id='word_1_64' title='bbox 303 501 351 530; x_wconf 82' lang='lat' dir='ltr'><strong>sed</strong></span> <span class='ocrx_word' id='word_1_65' title='bbox 366 507 494 537; x_wconf 83' lang='lat' dir='ltr'><strong>tanquam</strong></span> <span class='ocrx_word' id='word_1_66' title='bbox 518 502 615 530; x_wconf 87' lang='lat' dir='ltr'><strong>unicus</strong></span> <span class='ocrx_word' id='word_1_67' title='bbox 633 501 729 535; x_wconf 83' lang='lat' dir='ltr'><strong>Filius,</strong></span> <span class='ocrx_word' id='word_1_68' title='bbox 745 503 793 537; x_wconf 89' lang='lat' dir='ltr'><strong>qui</strong></span> <span class='ocrx_word' id='word_1_69' title='bbox 811 503 887 530; x_wconf 88' lang='lat' dir='ltr'><strong>solus</strong></span> <span class='ocrx_word' id='word_1_70' title='bbox 910 507 974 530; x_wconf 83' lang='lat' dir='ltr'><strong>ante</strong></span> <span class='ocrx_word' id='word_1_71' title='bbox 997 504 1089 530; x_wconf 86' lang='lat' dir='ltr'><strong>omnia</strong></span> 
     </span>
    </p>
   </div>
   <div class='ocr_carea' id='block_1_12' title="bbox 301 547 1088 583">
    <p class='ocr_par' dir='ltr' id='par_1_12' title="bbox 301 547 1088 583">
     <span class='ocr_line' id='line_1_12' title="bbox 301 547 1088 583; baseline -0.001 -8"><span class='ocrx_word' id='word_1_72' title='bbox 301 548 401 575; x_wconf 64' lang='lat' dir='ltr'><strong>secula</strong></span> <span class='ocrx_word' id='word_1_73' title='bbox 418 556 450 575; x_wconf 75' lang='lat' dir='ltr'><strong>ex</strong></span> <span class='ocrx_word' id='word_1_74' title='bbox 465 547 545 575; x_wconf 83' lang='lat' dir='ltr'><strong>Patre</strong></span> <span class='ocrx_word' id='word_1_75' title='bbox 557 549 592 575; x_wconf 88' lang='lat' dir='ltr'><strong>sit</strong></span> <span class='ocrx_word' id='word_1_76' title='bbox 607 548 715 583; x_wconf 88' lang='lat' dir='ltr'><strong>genitus</strong></span> <span class='ocrx_word' id='word_1_77' title='bbox 729 558 736 575; x_wconf 90' lang='lat'>:</span> <span class='ocrx_word' id='word_1_78' title='bbox 754 548 842 575; x_wconf 87' lang='lat' dir='ltr'><strong>bonus</strong></span> <span class='ocrx_word' id='word_1_79' title='bbox 859 549 922 576; x_wconf 85' lang='lat' dir='ltr'><strong>item</strong></span> <span class='ocrx_word' id='word_1_80' title='bbox 939 548 1016 579; x_wconf 86' lang='lat' dir='ltr'><strong>odor,</strong></span> <span class='ocrx_word' id='word_1_81' title='bbox 1026 555 1088 574; x_wconf 88' lang='lat' dir='ltr'><strong>cum</strong></span> 
     </span>
    </p>
   </div>
   <div class='ocr_carea' id='block_1_13' title="bbox 301 593 1089 629">
    <p class='ocr_par' dir='ltr' id='par_1_13' title="bbox 301 593 1089 629">
     <span class='ocr_line' id='line_1_13' title="bbox 301 593 1089 629; baseline -0.001 -8"><span class='ocrx_word' id='word_1_82' title='bbox 301 594 419 628; x_wconf 72' lang='lat' dir='ltr'><strong>subjecti</strong></span> <span class='ocrx_word' id='word_1_83' title='bbox 432 593 558 629; x_wconf 90' lang='lat' dir='ltr'><strong>corporis</strong></span> <span class='ocrx_word' id='word_1_84' title='bbox 577 594 714 621; x_wconf 84' lang='lat' dir='ltr'><strong>emanatio</strong></span> <span class='ocrx_word' id='word_1_85' title='bbox 729 594 854 629; x_wconf 63' lang='lat' dir='ltr'><strong>quaedam</strong></span> <span class='ocrx_word' id='word_1_86' title='bbox 877 595 922 627; x_wconf 77' lang='lat' dir='ltr'><strong>sit,</strong></span> <span class='ocrx_word' id='word_1_87' title='bbox 940 594 999 629; x_wconf 84' lang='lat' dir='ltr'><strong>ipsa</strong></span> <span class='ocrx_word' id='word_1_88' title='bbox 1020 601 1089 629; x_wconf 86' lang='lat' dir='ltr'><strong>quo-</strong></span> 
     </span>
    </p>
   </div>
   <div class='ocr_carea' id='block_1_14' title="bbox 300 640 1089 676">
    <p class='ocr_par' dir='ltr' id='par_1_14' title="bbox 300 640 1089 676">
     <span class='ocr_line' id='line_1_14' title="bbox 300 640 1089 676; baseline 0.001 -9"><span class='ocrx_word' id='word_1_89' title='bbox 300 648 354 676; x_wconf 88' lang='lat' dir='ltr'><strong>que</strong></span> <span class='ocrx_word' id='word_1_90' title='bbox 369 648 512 675; x_wconf 72' lang='lat' dir='ltr'><strong>corporea,</strong></span> <span class='ocrx_word' id='word_1_91' title='bbox 530 648 618 676; x_wconf 89' lang='lat' dir='ltr'><strong>neque</strong></span> <span class='ocrx_word' id='word_1_92' title='bbox 633 641 748 668; x_wconf 85' lang='lat' dir='ltr'><strong>seorsim</strong></span> <span class='ocrx_word' id='word_1_93' title='bbox 775 648 790 667; x_wconf 93' lang='lat' dir='ltr'><strong>a</strong></span> <span class='ocrx_word' id='word_1_94' title='bbox 819 640 906 675; x_wconf 88' lang='lat' dir='ltr'><strong>prima</strong></span> <span class='ocrx_word' id='word_1_95' title='bbox 931 647 1014 668; x_wconf 85' lang='lat' dir='ltr'><strong>causa</strong></span> <span class='ocrx_word' id='word_1_96' title='bbox 1042 648 1089 676; x_wconf 88' lang='lat' dir='ltr'><strong>per</strong></span> 
     </span>
    </p>
   </div>
   <div class='ocr_carea' id='block_1_15' title="bbox 300 686 1089 721">
    <p class='ocr_par' dir='ltr' id='par_1_15' title="bbox 300 686 1089 721">
     <span class='ocr_line' id='line_1_15' title="bbox 300 686 1089 721; baseline 0 -8"><span class='ocrx_word' id='word_1_97' title='bbox 300 686 420 720; x_wconf 86' lang='lat' dir='ltr'><strong>seipsum</strong></span> <span class='ocrx_word' id='word_1_98' title='bbox 430 686 539 721; x_wconf 89' lang='lat' dir='ltr'><strong>impleat</strong></span> <span class='ocrx_word' id='word_1_99' title='bbox 553 686 590 718; x_wconf 80' lang='lat' dir='ltr'><strong>id,</strong></span> <span class='ocrx_word' id='word_1_100' title='bbox 604 686 676 721; x_wconf 89' lang='lat' dir='ltr'><strong>quod</strong></span> <span class='ocrx_word' id='word_1_101' title='bbox 690 686 742 721; x_wconf 87' lang='lat' dir='ltr'><strong>ipsi</strong></span> <span class='ocrx_word' id='word_1_102' title='bbox 757 687 911 721; x_wconf 77' lang='lat' dir='ltr'><strong>proximum</strong></span> <span class='ocrx_word' id='word_1_103' title='bbox 923 690 976 720; x_wconf 83' lang='lat' dir='ltr'><strong>est,</strong></span> <span class='ocrx_word' id='word_1_104' title='bbox 989 687 1089 714; x_wconf 75' lang='lat' dir='ltr'><strong>nihilo-</strong></span> 
     </span>
    </p>
   </div>
   <div class='ocr_carea' id='block_1_16' title="bbox 299 732 1086 767">
    <p class='ocr_par' dir='ltr' id='par_1_16' title="bbox 299 732 1086 767">
     <span class='ocr_line' id='line_1_16' title="bbox 299 732 1086 767; baseline -0.001 -8"><span class='ocrx_word' id='word_1_105' title='bbox 299 732 392 760; x_wconf 90' lang='lat' dir='ltr'><strong>minus</strong></span> <span class='ocrx_word' id='word_1_106' title='bbox 409 733 491 759; x_wconf 89' lang='lat' dir='ltr'><strong>etiam</strong></span> <span class='ocrx_word' id='word_1_107' title='bbox 508 732 567 767; x_wconf 90' lang='lat' dir='ltr'><strong>ipse</strong></span> <span class='ocrx_word' id='word_1_108' title='bbox 586 740 601 759; x_wconf 90' lang='lat' dir='ltr'><strong>a</strong></span> <span class='ocrx_word' id='word_1_109' title='bbox 619 736 717 759; x_wconf 86' lang='lat' dir='ltr'><strong>natura</strong></span> <span class='ocrx_word' id='word_1_110' title='bbox 735 739 868 767; x_wconf 86' lang='lat' dir='ltr'><strong>corporea</strong></span> <span class='ocrx_word' id='word_1_111' title='bbox 897 740 951 759; x_wconf 91' lang='lat' dir='ltr'><strong>non</strong></span> <span class='ocrx_word' id='word_1_112' title='bbox 974 732 1086 760; x_wconf 86' lang='lat' dir='ltr'><strong>recedit.</strong></span> 
     </span>
    </p>
   </div>
   <div class='ocr_carea' id='block_1_17' title="bbox 299 778 1088 814">
    <p class='ocr_par' dir='ltr' id='par_1_17' title="bbox 299 778 1088 814">
     <span class='ocr_line' id='line_1_17' title="bbox 299 778 1088 814; baseline 0.001 -8"><span class='ocrx_word' id='word_1_113' title='bbox 299 778 358 806; x_wconf 80' lang='lat' dir='ltr'><strong>Non</strong></span> <span class='ocrx_word' id='word_1_114' title='bbox 374 779 414 807; x_wconf 82' lang='lat' dir='ltr'><strong>sic</strong></span> <span class='ocrx_word' id='word_1_115' title='bbox 430 780 513 814; x_wconf 79' lang='lat' dir='ltr'><strong>igitur</strong></span> <span class='ocrx_word' id='word_1_116' title='bbox 527 787 543 806; x_wconf 92' lang='lat' dir='ltr'><strong>a</strong></span> <span class='ocrx_word' id='word_1_117' title='bbox 560 779 638 806; x_wconf 91' lang='lat' dir='ltr'><strong>nobis</strong></span> <span class='ocrx_word' id='word_1_118' title='bbox 653 787 684 806; x_wconf 84' lang='lat' dir='ltr'><strong>ea</strong></span> <span class='ocrx_word' id='word_1_119' title='bbox 705 787 766 814; x_wconf 66' lang='lat' dir='ltr'><strong>quae</strong></span> <span class='ocrx_word' id='word_1_120' title='bbox 785 780 817 807; x_wconf 86' lang='lat' dir='ltr'><strong>ad</strong></span> <span class='ocrx_word' id='word_1_121' title='bbox 834 779 949 814; x_wconf 86' lang='lat' dir='ltr'><strong>primam</strong></span> <span class='ocrx_word' id='word_1_122' title='bbox 964 778 1088 807; x_wconf 78' lang='lat' dir='ltr'><strong>Salvato-</strong></span> 
     </span>
    </p>
   </div>
   <div class='ocr_carea' id='block_1_18' title="bbox 298 824 1087 860">
    <p class='ocr_par' dir='ltr' id='par_1_18' title="bbox 298 824 1087 860">
     <span class='ocr_line' id='line_1_18' title="bbox 298 824 1087 860; baseline -0.001 -8"><span class='ocrx_word' id='word_1_123' title='bbox 298 824 338 853; x_wconf 90' lang='lat' dir='ltr'><strong>ris</strong></span> <span class='ocrx_word' id='word_1_124' title='bbox 364 825 452 852; x_wconf 86' lang='lat' dir='ltr'><strong>nostri</strong></span> <span class='ocrx_word' id='word_1_125' title='bbox 484 825 708 860; x_wconf 79' lang='lat' dir='ltr'><strong>propagationem</strong></span> <span class='ocrx_word' id='word_1_126' title='bbox 732 825 886 860; x_wconf 84' lang='lat' dir='ltr'><strong>pertinent,</strong></span> <span class='ocrx_word' id='word_1_127' title='bbox 913 824 1087 860; x_wconf 88' lang='lat' dir='ltr'><strong>intelligenda</strong></span> 
     </span>
    </p>
   </div>
   <div class='ocr_carea' id='block_1_19' title="bbox 298 871 1086 907">
    <p class='ocr_par' dir='ltr' id='par_1_19' title="bbox 298 871 1086 907">
     <span class='ocr_line' id='line_1_19' title="bbox 298 871 1086 907; baseline 0.001 -9"><span class='ocrx_word' id='word_1_128' title='bbox 298 875 383 904; x_wconf 75' lang='lat' dir='ltr'><strong>sunt;</strong></span> <span class='ocrx_word' id='word_1_129' title='bbox 405 872 575 907; x_wconf 86' lang='lat' dir='ltr'><strong>nequeenim</strong></span> <span class='ocrx_word' id='word_1_130' title='bbox 591 880 623 899; x_wconf 79' lang='lat' dir='ltr'><strong>ex</strong></span> <span class='ocrx_word' id='word_1_131' title='bbox 641 876 739 898; x_wconf 89' lang='lat' dir='ltr'><strong>natura</strong></span> <span class='ocrx_word' id='word_1_132' title='bbox 753 871 813 906; x_wconf 86' lang='lat' dir='ltr'><strong>ejus</strong></span> <span class='ocrx_word' id='word_1_133' title='bbox 822 871 870 906; x_wconf 87' lang='lat' dir='ltr'><strong>qui</strong></span> <span class='ocrx_word' id='word_1_134' title='bbox 886 871 1022 906; x_wconf 80' lang='lat' dir='ltr'><strong>ingenitus</strong></span> <span class='ocrx_word' id='word_1_135' title='bbox 1033 875 1086 903; x_wconf 89' lang='lat' dir='ltr'><strong>est,</strong></span> 
     </span>
    </p>
   </div>
   <div class='ocr_carea' id='block_1_20' title="bbox 1143 268 1928 308">
    <p class='ocr_par' dir='ltr' id='par_1_20' title="bbox 1143 268 1928 308">
     <span class='ocr_line' id='line_1_20' title="bbox 1143 268 1928 308; baseline 0.003 -11"><span class='ocrx_word' id='word_1_136' title='bbox 1143 271 1227 306; x_wconf 74' lang='grc' dir='ltr'>αὐτὴν</span> <span class='ocrx_word' id='word_1_137' title='bbox 1252 272 1396 306; x_wconf 81' lang='grc' dir='ltr'><strong>ὑφεστῶσα</strong></span> <span class='ocrx_word' id='word_1_138' title='bbox 1425 272 1524 304; x_wconf 79' lang='grc' dir='ltr'>ἀΰλως,</span> <span class='ocrx_word' id='word_1_139' title='bbox 1550 273 1598 298; x_wconf 81' lang='grc' dir='ltr'>καὶ</span> <span class='ocrx_word' id='word_1_140' title='bbox 1616 268 1780 308; x_wconf 76' lang='grc' dir='ltr'>ἀσωμάτως,</span> <span class='ocrx_word' id='word_1_141' title='bbox 1807 273 1854 299; x_wconf 78' lang='grc' dir='ltr'>καὶ</span> <span class='ocrx_word' id='word_1_142' title='bbox 1881 272 1928 299; x_wconf 86' lang='grc' dir='ltr'><strong>τοῦ</strong></span> 
     </span>
    </p>
   </div>
   <div class='ocr_carea' id='block_1_21' title="bbox 1143 318 1928 354">
    <p class='ocr_par' dir='ltr' id='par_1_21' title="bbox 1143 318 1928 354">
     <span class='ocr_line' id='line_1_21' title="bbox 1143 318 1928 354; baseline 0.001 -10"><span class='ocrx_word' id='word_1_143' title='bbox 1143 318 1264 344; x_wconf 82' lang='grc' dir='ltr'><strong>ἐναντίου</strong></span> <span class='ocrx_word' id='word_1_144' title='bbox 1282 319 1382 350; x_wconf 78' lang='grc' dir='ltr'>παντὸς</span> <span class='ocrx_word' id='word_1_145' title='bbox 1406 319 1524 354; x_wconf 82' lang='grc' dir='ltr'>ἀμιγῶς,</span> <span class='ocrx_word' id='word_1_146' title='bbox 1542 318 1598 345; x_wconf 84' lang='grc' dir='ltr'>ἀλλ’</span> <span class='ocrx_word' id='word_1_147' title='bbox 1612 319 1660 353; x_wconf 84' lang='grc' dir='ltr'>οὐχ</span> <span class='ocrx_word' id='word_1_148' title='bbox 1677 319 1721 345; x_wconf 75' lang='grc' dir='ltr'>οἵα</span> <span class='ocrx_word' id='word_1_149' title='bbox 1736 327 1777 350; x_wconf 75' lang='grc' dir='ltr'><strong>τις</strong></span> <span class='ocrx_word' id='word_1_150' title='bbox 1801 318 1882 345; x_wconf 82' lang='grc' dir='ltr'>πάλιν</span> <span class='ocrx_word' id='word_1_151' title='bbox 1911 319 1928 354; x_wconf 82' lang='grc' dir='ltr'><strong>ἡ</strong></span> 
     </span>
    </p>
   </div>
   <div class='ocr_carea' id='block_1_22' title="bbox 1143 365 1928 400">
    <p class='ocr_par' dir='ltr' id='par_1_22' title="bbox 1143 365 1928 400">
     <span class='ocr_line' id='line_1_22' title="bbox 1143 365 1928 400; baseline 0.003 -10"><span class='ocrx_word' id='word_1_152' title='bbox 1143 365 1208 400; x_wconf 74' lang='grc' dir='ltr'>παρ’</span> <span class='ocrx_word' id='word_1_153' title='bbox 1225 365 1290 400; x_wconf 79' lang='grc' dir='ltr'>ἡμῖν</span> <span class='ocrx_word' id='word_1_154' title='bbox 1316 366 1407 397; x_wconf 83' lang='grc' dir='ltr'>εἰκὼν,</span> <span class='ocrx_word' id='word_1_155' title='bbox 1426 365 1519 400; x_wconf 78' lang='grc' dir='ltr'>ἕτερον</span> <span class='ocrx_word' id='word_1_156' title='bbox 1534 365 1582 400; x_wconf 85' lang='grc' dir='ltr'>μὲν</span> <span class='ocrx_word' id='word_1_157' title='bbox 1597 365 1696 400; x_wconf 73' lang='grc' dir='ltr'>ἔχουσα</span> <span class='ocrx_word' id='word_1_158' title='bbox 1706 365 1736 391; x_wconf 79' lang='grc' dir='ltr'><strong>τὸ</strong></span> <span class='ocrx_word' id='word_1_159' title='bbox 1749 366 1808 391; x_wconf 78' lang='grc' dir='ltr'>κατ’</span> <span class='ocrx_word' id='word_1_160' title='bbox 1833 365 1928 392; x_wconf 83' lang='grc' dir='ltr'>οὐσίαν</span> 
     </span>
    </p>
   </div>
   <div class='ocr_carea' id='block_1_23' title="bbox 1143 407 1929 446">
    <p class='ocr_par' dir='ltr' id='par_1_23' title="bbox 1143 407 1929 446">
     <span class='ocr_line' id='line_1_23' title="bbox 1143 407 1929 446; baseline -0.001 -9"><span class='ocrx_word' id='word_1_161' title='bbox 1143 410 1331 445; x_wconf 82' lang='grc' dir='ltr'>ὑποκείμενον,</span> <span class='ocrx_word' id='word_1_162' title='bbox 1345 411 1438 446; x_wconf 75' lang='grc' dir='ltr'>ἕτερον</span> <span class='ocrx_word' id='word_1_163' title='bbox 1455 410 1482 437; x_wconf 77' lang='grc' dir='ltr'>δὲ</span> <span class='ocrx_word' id='word_1_164' title='bbox 1497 411 1527 437; x_wconf 74' lang='grc' dir='ltr'>τὸ</span> <span class='ocrx_word' id='word_1_165' title='bbox 1533 409 1613 443; x_wconf 83' lang='grc' dir='ltr'>εἶδος,</span> <span class='ocrx_word' id='word_1_166' title='bbox 1631 410 1689 436; x_wconf 73' lang='grc' dir='ltr'>ἀλλ’</span> <span class='ocrx_word' id='word_1_167' title='bbox 1696 410 1755 437; x_wconf 84' lang='grc' dir='ltr'>ὅλον</span> <span class='ocrx_word' id='word_1_168' title='bbox 1770 409 1846 442; x_wconf 81' lang='grc' dir='ltr'>αὐτὸ,</span> <span class='ocrx_word' id='word_1_169' title='bbox 1857 407 1929 442; x_wconf 73' lang='grc' dir='ltr'>εἶδος</span> 
     </span>
    </p>
   </div>
   <div class='ocr_carea' id='block_1_24' title="bbox 1142 454 1928 492">
    <p class='ocr_par' dir='ltr' id='par_1_24' title="bbox 1142 454 1928 492">
     <span class='ocr_line' id='line_1_24' title="bbox 1142 454 1928 492; baseline -0.001 -10"><span class='ocrx_word' id='word_1_170' title='bbox 1142 455 1190 487; x_wconf 84' lang='grc' dir='ltr'><strong>ὢν,</strong></span> <span class='ocrx_word' id='word_1_171' title='bbox 1208 456 1255 483; x_wconf 79' lang='grc' dir='ltr'>καὶ</span> <span class='ocrx_word' id='word_1_172' title='bbox 1284 457 1428 492; x_wconf 68' lang='grc' dir='ltr'>αὐτοουσίᾳ,</span> <span class='ocrx_word' id='word_1_173' title='bbox 1442 456 1481 492; x_wconf 72' lang='grc' dir='ltr'>τῷ</span> <span class='ocrx_word' id='word_1_174' title='bbox 1498 456 1586 491; x_wconf 74' lang='grc' dir='ltr'>Πατρὶ</span> <span class='ocrx_word' id='word_1_175' title='bbox 1605 455 1828 490; x_wconf 69' lang='grc' dir='ltr'>ἀφομοιούμενος.</span> <span class='ocrx_word' id='word_1_176' title='bbox 1849 454 1928 482; x_wconf 80' lang='grc' dir='ltr'>Οῦτω</span> 
     </span>
    </p>
   </div>
   <div class='ocr_carea' id='block_1_25' title="bbox 1141 500 1927 537">
    <p class='ocr_par' dir='ltr' id='par_1_25' title="bbox 1141 500 1927 537">
     <span class='ocr_line' id='line_1_25' title="bbox 1141 500 1927 537; baseline -0.003 -9"><span class='ocrx_word' id='word_1_177' title='bbox 1141 501 1170 527; x_wconf 79' lang='grc' dir='ltr'>δὲ</span> <span class='ocrx_word' id='word_1_178' title='bbox 1196 501 1242 528; x_wconf 72' lang='grc' dir='ltr'>καὶ</span> <span class='ocrx_word' id='word_1_179' title='bbox 1268 501 1442 536; x_wconf 78' lang='grc' dir='ltr'>ζωτικωτάτη</span> <span class='ocrx_word' id='word_1_180' title='bbox 1467 501 1514 528; x_wconf 81' lang='grc' dir='ltr'><strong>τοῦ</strong></span> <span class='ocrx_word' id='word_1_181' title='bbox 1539 501 1644 537; x_wconf 80' lang='grc' dir='ltr'>Πατρδς</span> <span class='ocrx_word' id='word_1_182' title='bbox 1673 501 1771 528; x_wconf 82' lang='grc' dir='ltr'>εὐωδία</span> <span class='ocrx_word' id='word_1_183' title='bbox 1788 500 1927 535; x_wconf 78' lang='grc' dir='ltr'><strong>τυγχάνει,</strong></span> 
     </span>
    </p>
   </div>
   <div class='ocr_carea' id='block_1_26' title="bbox 1142 542 1928 582">
    <p class='ocr_par' dir='ltr' id='par_1_26' title="bbox 1142 542 1928 582">
     <span class='ocr_line' id='line_1_26' title="bbox 1142 542 1928 582; baseline -0.006 -9"><span class='ocrx_word' id='word_1_184' title='bbox 1142 547 1267 582; x_wconf 75' lang='grc' dir='ltr'>ἀρῥήτως</span> <span class='ocrx_word' id='word_1_185' title='bbox 1283 547 1348 581; x_wconf 75' lang='grc' dir='ltr'>ἡμῖν</span> <span class='ocrx_word' id='word_1_186' title='bbox 1374 546 1453 573; x_wconf 85' lang='grc' dir='ltr'>πάλιν</span> <span class='ocrx_word' id='word_1_187' title='bbox 1470 546 1516 572; x_wconf 72' lang='grc' dir='ltr'>καὶ</span> <span class='ocrx_word' id='word_1_188' title='bbox 1545 544 1772 578; x_wconf 81' lang='grc' dir='ltr'>ἀνεπιλογίστως·</span> <span class='ocrx_word' id='word_1_189' title='bbox 1797 543 1859 569; x_wconf 62' lang='grc' dir='ltr'>ὶτπὶ</span> <span class='ocrx_word' id='word_1_190' title='bbox 1879 542 1928 569; x_wconf 77' lang='grc' dir='ltr'>καὶ</span> 
     </span>
    </p>
   </div>
   <div class='ocr_carea' id='block_1_27' title="bbox 1142 587 1926 627">
    <p class='ocr_par' dir='ltr' id='par_1_27' title="bbox 1142 587 1926 627">
     <span class='ocr_line' id='line_1_27' title="bbox 1142 587 1926 627; baseline -0.005 -9"><span class='ocrx_word' id='word_1_191' title='bbox 1142 592 1230 619; x_wconf 77' lang='grc' dir='ltr'>πάντα</span> <span class='ocrx_word' id='word_1_192' title='bbox 1245 593 1295 618; x_wconf 85' lang='grc' dir='ltr'>ὃσα</span> <span class='ocrx_word' id='word_1_193' title='bbox 1306 592 1363 618; x_wconf 74' lang='grc' dir='ltr'>ἐστὶ</span> <span class='ocrx_word' id='word_1_194' title='bbox 1375 592 1439 627; x_wconf 84' lang='grc' dir='ltr'>περὶ</span> <span class='ocrx_word' id='word_1_195' title='bbox 1458 591 1538 617; x_wconf 71' lang='grc' dir='ltr'>αὐτὸν</span> <span class='ocrx_word' id='word_1_196' title='bbox 1553 589 1650 625; x_wconf 84' lang='grc' dir='ltr'>ἀληθῆ,</span> <span class='ocrx_word' id='word_1_197' title='bbox 1662 590 1768 625; x_wconf 73' lang='grc' dir='ltr'>ἇρῤητα</span> <span class='ocrx_word' id='word_1_198' title='bbox 1781 587 1814 615; x_wconf 82' lang='grc' dir='ltr'>ἂν</span> <span class='ocrx_word' id='word_1_199' title='bbox 1825 589 1867 624; x_wconf 75' lang='grc' dir='ltr'>εἵη</span> <span class='ocrx_word' id='word_1_200' title='bbox 1878 588 1926 615; x_wconf 90' lang='grc' dir='ltr'>ἀν-</span> 
     </span>
    </p>
   </div>
   <div class='ocr_carea' id='block_1_28' title="bbox 1141 633 1926 671">
    <p class='ocr_par' dir='ltr' id='par_1_28' title="bbox 1141 633 1926 671">
     <span class='ocr_line' id='line_1_28' title="bbox 1141 633 1926 671; baseline -0.004 -9"><span class='ocrx_word' id='word_1_201' title='bbox 1141 635 1257 671; x_wconf 76' lang='grc' dir='ltr'>θρώπων</span> <span class='ocrx_word' id='word_1_202' title='bbox 1266 637 1378 670; x_wconf 75' lang='grc' dir='ltr'>φωναῖς,</span> <span class='ocrx_word' id='word_1_203' title='bbox 1394 636 1440 662; x_wconf 79' lang='grc' dir='ltr'>καὶ</span> <span class='ocrx_word' id='word_1_204' title='bbox 1453 636 1592 670; x_wconf 73' lang='grc' dir='ltr'>λογισμοῖς</span> <span class='ocrx_word' id='word_1_205' title='bbox 1604 634 1708 670; x_wconf 81' lang='grc' dir='ltr'>θνητῶν</span> <span class='ocrx_word' id='word_1_206' title='bbox 1722 633 1926 667; x_wconf 80' lang='grc' dir='ltr'>ἁνεπιλόγιστα,</span> 
     </span>
    </p>
   </div>
   <div class='ocr_carea' id='block_1_29' title="bbox 1141 678 1927 716">
    <p class='ocr_par' dir='ltr' id='par_1_29' title="bbox 1141 678 1927 716">
     <span class='ocr_line' id='line_1_29' title="bbox 1141 678 1927 716; baseline -0.003 -9"><span class='ocrx_word' id='word_1_207' title='bbox 1141 680 1211 707; x_wconf 80' lang='grc' dir='ltr'>κατὰ</span> <span class='ocrx_word' id='word_1_208' title='bbox 1224 681 1270 707; x_wconf 82' lang='grc' dir='ltr'>τὸν</span> <span class='ocrx_word' id='word_1_209' title='bbox 1286 681 1385 716; x_wconf 77' lang='grc' dir='ltr'>ἀκριΒῆ</span> <span class='ocrx_word' id='word_1_210' title='bbox 1402 681 1488 714; x_wconf 83' lang='grc' dir='ltr'>λόγον.</span> <span class='ocrx_word' id='word_1_211' title='bbox 1514 679 1592 706; x_wconf 84' lang='grc' dir='ltr'>’Λλλά</span> <span class='ocrx_word' id='word_1_212' title='bbox 1612 679 1666 715; x_wconf 76' lang='grc' dir='ltr'><strong>γὰρ</strong></span> <span class='ocrx_word' id='word_1_213' title='bbox 1682 679 1719 711; x_wconf 86' lang='grc' dir='ltr'>ὡς</span> <span class='ocrx_word' id='word_1_214' title='bbox 1735 680 1801 715; x_wconf 75' lang='grc' dir='ltr'>ἡμῖν</span> <span class='ocrx_word' id='word_1_215' title='bbox 1817 678 1927 705; x_wconf 80' lang='grc' dir='ltr'><strong>ἀκούειν</strong></span> 
     </span>
    </p>
   </div>
   <div class='ocr_carea' id='block_1_30' title="bbox 1141 724 1927 761">
    <p class='ocr_par' dir='ltr' id='par_1_30' title="bbox 1141 724 1927 761">
     <span class='ocr_line' id='line_1_30' title="bbox 1141 724 1927 761; baseline -0.003 -8"><span class='ocrx_word' id='word_1_216' title='bbox 1141 726 1226 761; x_wconf 81' lang='grc' dir='ltr'>φίλον,</span> <span class='ocrx_word' id='word_1_217' title='bbox 1250 725 1361 753; x_wconf 87' lang='grc' dir='ltr'>τοιῶσδε</span> <span class='ocrx_word' id='word_1_218' title='bbox 1391 727 1437 753; x_wconf 73' lang='grc' dir='ltr'>καὶ</span> <span class='ocrx_word' id='word_1_219' title='bbox 1451 726 1484 752; x_wconf 85' lang='grc' dir='ltr'>τὰ</span> <span class='ocrx_word' id='word_1_220' title='bbox 1509 726 1586 760; x_wconf 88' lang='grc' dir='ltr'>λόγια</span> <span class='ocrx_word' id='word_1_221' title='bbox 1604 725 1733 752; x_wconf 78' lang='grc' dir='ltr'><strong>παιδεύει.</strong></span> <span class='ocrx_word' id='word_1_222' title='bbox 1753 725 1789 752; x_wconf 80' lang='grc' dir='ltr'>Ἣ</span> <span class='ocrx_word' id='word_1_223' title='bbox 1802 724 1863 760; x_wconf 75' lang='grc' dir='ltr'>οὐχὶ</span> <span class='ocrx_word' id='word_1_224' title='bbox 1879 725 1927 752; x_wconf 76' lang='grc' dir='ltr'><strong>καὶ</strong></span> 
     </span>
    </p>
   </div>
   <div class='ocr_carea' id='block_1_31' title="bbox 1141 771 1928 809">
    <p class='ocr_par' dir='ltr' id='par_1_31' title="bbox 1141 771 1928 809">
     <span class='ocr_line' id='line_1_31' title="bbox 1141 771 1928 809; baseline -0.001 -10"><span class='ocrx_word' id='word_1_225' title='bbox 1141 773 1258 809; x_wconf 76' lang='grc' dir='ltr'><strong>Χριστοῦ</strong></span> <span class='ocrx_word' id='word_1_226' title='bbox 1275 773 1387 799; x_wconf 80' lang='grc' dir='ltr'><strong>εὐωδίαν</strong></span> <span class='ocrx_word' id='word_1_227' title='bbox 1403 772 1483 804; x_wconf 75' lang='grc' dir='ltr'>αὐτὸς</span> <span class='ocrx_word' id='word_1_228' title='bbox 1498 773 1603 805; x_wconf 76' lang='grc' dir='ltr'>ἑαυτὸν,</span> <span class='ocrx_word' id='word_1_229' title='bbox 1616 772 1736 804; x_wconf 79' lang='grc' dir='ltr'>καὶτοὺς</span> <span class='ocrx_word' id='word_1_230' title='bbox 1751 771 1825 808; x_wconf 86' lang='grc' dir='ltr'>αὐτῷ</span> <span class='ocrx_word' id='word_1_231' title='bbox 1837 781 1928 808; x_wconf 81' lang='grc' dir='ltr'>παρα-</span> 
     </span>
    </p>
   </div>
   <div class='ocr_carea' id='block_1_32' title="bbox 1141 816 1925 854">
    <p class='ocr_par' dir='ltr' id='par_1_32' title="bbox 1141 816 1925 854">
     <span class='ocr_line' id='line_1_32' title="bbox 1141 816 1925 854; baseline -0.001 -9"><span class='ocrx_word' id='word_1_232' title='bbox 1141 818 1270 854; x_wconf 77' lang='grc' dir='ltr'>πλησίους</span> <span class='ocrx_word' id='word_1_233' title='bbox 1301 819 1316 844; x_wconf 99' lang='lat'><strong>6</strong></span> <span class='ocrx_word' id='word_1_234' title='bbox 1340 819 1411 854; x_wconf 76' lang='grc' dir='ltr'>ἱερὸς</span> <span class='ocrx_word' id='word_1_235' title='bbox 1431 818 1590 850; x_wconf 76' lang='grc' dir='ltr'>Ἀπόστολος</span> <span class='ocrx_word' id='word_1_236' title='bbox 1607 818 1737 854; x_wconf 65' lang='grc' dir='ltr'>προσεῖτπ</span> <span class='ocrx_word' id='word_1_237' title='bbox 1751 817 1795 845; x_wconf 81' lang='grc' dir='ltr'><strong>διὰ</strong></span> <span class='ocrx_word' id='word_1_238' title='bbox 1803 818 1854 854; x_wconf 73' lang='grc' dir='ltr'>τὴν</span> <span class='ocrx_word' id='word_1_239' title='bbox 1877 816 1925 844; x_wconf 84' lang='grc' dir='ltr'><strong>τοῦ</strong></span> 
     </span>
    </p>
   </div>
   <div class='ocr_carea' id='block_1_33' title="bbox 1140 863 1926 901">
    <p class='ocr_par' dir='ltr' id='par_1_33' title="bbox 1140 863 1926 901">
     <span class='ocr_line' id='line_1_33' title="bbox 1140 863 1926 901; baseline -0.001 -10"><span class='ocrx_word' id='word_1_240' title='bbox 1140 865 1257 901; x_wconf 77' lang='grc' dir='ltr'>Χριστοῦ</span> <span class='ocrx_word' id='word_1_241' title='bbox 1290 865 1444 900; x_wconf 79' lang='grc' dir='ltr'>πνεύματος</span> <span class='ocrx_word' id='word_1_242' title='bbox 1466 865 1599 900; x_wconf 80' lang='grc' dir='ltr'>μετοχήν;</span> <span class='ocrx_word' id='word_1_243' title='bbox 1627 864 1711 900; x_wconf 77' lang='grc' dir='ltr'>μύρον</span> <span class='ocrx_word' id='word_1_244' title='bbox 1723 872 1754 890; x_wconf 87' lang='grc' dir='ltr'><strong>τε</strong></span> <span class='ocrx_word' id='word_1_245' title='bbox 1775 863 1926 890; x_wconf 78' lang='grc' dir='ltr'>ὲκκενωθὲν</span> 
     </span>
    </p>
   </div>
   <div class='ocr_carea' id='block_1_34' title="bbox 298 905 1085 952">
    <p class='ocr_par' dir='ltr' id='par_1_34' title="bbox 298 905 1085 952">
     <span class='ocr_line' id='line_1_34' title="bbox 298 905 1085 952; baseline 0.003 -9"><span class='ocrx_word' id='word_1_246' title='bbox 298 916 442 952; x_wconf 90' lang='lat' dir='ltr'><strong>partiendo</strong></span> <span class='ocrx_word' id='word_1_247' title='bbox 449 905 556 951; x_wconf 72' lang='lat' dir='ltr'><strong>aliquid</strong></span> <span class='ocrx_word' id='word_1_248' title='bbox 563 921 610 944; x_wconf 86' lang='lat' dir='ltr'><strong>aut</strong></span> <span class='ocrx_word' id='word_1_249' title='bbox 618 905 773 944; x_wconf 80' lang='lat' dir='ltr'><strong>dividendo</strong></span> <span class='ocrx_word' id='word_1_250' title='bbox 780 905 905 944; x_wconf 82' lang='lat' dir='ltr'><strong>naturam</strong></span> <span class='ocrx_word' id='word_1_251' title='bbox 916 905 959 944; x_wconf 83' lang='lat' dir='ltr'><strong>est</strong></span> <span class='ocrx_word' id='word_1_252' title='bbox 969 921 1066 945; x_wconf 85' lang='lat' dir='ltr'><strong>nactus</strong></span> <span class='ocrx_word' id='word_1_253' title='bbox 1079 926 1085 945; x_wconf 94' lang='lat'><strong>:</strong></span> 
     </span>
    </p>
   </div>
   <div class='ocr_carea' id='block_1_35' title="bbox 1136 905 1924 952">
    <p class='ocr_par' dir='ltr' id='par_1_35' title="bbox 1140 909 1924 947">
     <span class='ocr_line' id='line_1_35' title="bbox 1140 909 1924 947; baseline -0.004 -9"><span class='ocrx_word' id='word_1_254' title='bbox 1140 911 1154 938; x_wconf 84' lang='grc'>6</span> <span class='ocrx_word' id='word_1_255' title='bbox 1166 911 1289 947; x_wconf 84' lang='grc' dir='ltr'>οὐράνιος</span> <span class='ocrx_word' id='word_1_256' title='bbox 1304 911 1428 946; x_wconf 68' lang='grc' dir='ltr'>Νυμφίος</span> <span class='ocrx_word' id='word_1_257' title='bbox 1450 911 1479 936; x_wconf 85' lang='grc' dir='ltr'>ὲν</span> <span class='ocrx_word' id='word_1_258' title='bbox 1499 912 1554 942; x_wconf 82' lang='grc' dir='ltr'>τοῖς</span> <span class='ocrx_word' id='word_1_259' title='bbox 1574 911 1710 945; x_wconf 76' lang='grc' dir='ltr'>’ᾼσμασιν</span> <span class='ocrx_word' id='word_1_260' title='bbox 1726 909 1924 945; x_wconf 73' lang='grc' dir='ltr'>ἀνηγόρευταις</span> 
     </span>
    </p>
   </div>
   <div class='ocr_carea' id='block_1_36' title="bbox 299 961 1090 997">
    <p class='ocr_par' dir='ltr' id='par_1_36' title="bbox 299 961 1090 997">
     <span class='ocr_line' id='line_1_36' title="bbox 299 961 1090 997; baseline 0.001 -8"><span class='ocrx_word' id='word_1_261' title='bbox 299 970 387 997; x_wconf 83' lang='lat' dir='ltr'><strong>neque</strong></span> <span class='ocrx_word' id='word_1_262' title='bbox 403 971 468 989; x_wconf 92' lang='lat' dir='ltr'><strong>vero</strong></span> <span class='ocrx_word' id='word_1_263' title='bbox 483 963 587 997; x_wconf 83' lang='lat' dir='ltr'><strong>absque</strong></span> <span class='ocrx_word' id='word_1_264' title='bbox 606 961 743 997; x_wconf 91' lang='lat' dir='ltr'><strong>principio</strong></span> <span class='ocrx_word' id='word_1_265' title='bbox 768 969 830 988; x_wconf 87' lang='lat' dir='ltr'><strong>cum</strong></span> <span class='ocrx_word' id='word_1_266' title='bbox 847 961 928 989; x_wconf 87' lang='lat' dir='ltr'><strong>Patre</strong></span> <span class='ocrx_word' id='word_1_267' title='bbox 945 962 1026 989; x_wconf 86' lang='lat' dir='ltr'><strong>simul</strong></span> <span class='ocrx_word' id='word_1_268' title='bbox 1045 969 1090 990; x_wconf 83' lang='lat' dir='ltr'><strong>ex-</strong></span> 
     </span>
    </p>
   </div>
   <div class='ocr_carea' id='block_1_37' title="bbox 298 1008 1089 1044">
    <p class='ocr_par' dir='ltr' id='par_1_37' title="bbox 298 1008 1089 1044">
     <span class='ocr_line' id='line_1_37' title="bbox 298 1008 1089 1044; baseline -0.003 -7"><span class='ocrx_word' id='word_1_269' title='bbox 298 1008 380 1040; x_wconf 71' lang='lat' dir='ltr'><strong>stitit,</strong></span> <span class='ocrx_word' id='word_1_270' title='bbox 396 1008 507 1044; x_wconf 86' lang='lat' dir='ltr'><strong>quando</strong></span> <span class='ocrx_word' id='word_1_271' title='bbox 523 1009 568 1036; x_wconf 93' lang='lat' dir='ltr'><strong>ille</strong></span> <span class='ocrx_word' id='word_1_272' title='bbox 582 1008 693 1044; x_wconf 88' lang='lat' dir='ltr'><strong>quidem</strong></span> <span class='ocrx_word' id='word_1_273' title='bbox 707 1008 857 1043; x_wconf 84' lang='lat' dir='ltr'><strong>ingenitus,</strong></span> <span class='ocrx_word' id='word_1_274' title='bbox 875 1008 920 1035; x_wconf 90' lang='lat' dir='ltr'><strong>hic</strong></span> <span class='ocrx_word' id='word_1_275' title='bbox 937 1015 1002 1035; x_wconf 84' lang='lat' dir='ltr'><strong>vero</strong></span> <span class='ocrx_word' id='word_1_276' title='bbox 1012 1008 1089 1043; x_wconf 84' lang='lat' dir='ltr'><strong>geni-</strong></span> 
     </span>
    </p>
   </div>
   <div class='ocr_carea' id='block_1_38' title="bbox 297 1053 1087 1086">
    <p class='ocr_par' dir='ltr' id='par_1_38' title="bbox 297 1053 1087 1086">
     <span class='ocr_line' id='line_1_38' title="bbox 297 1053 1087 1086; baseline -0.004 -3"><span class='ocrx_word' id='word_1_277' title='bbox 297 1059 344 1083; x_wconf 84' lang='lat' dir='ltr'><strong>tus</strong></span> <span class='ocrx_word' id='word_1_278' title='bbox 358 1058 411 1086; x_wconf 90' lang='lat' dir='ltr'><strong>est,</strong></span> <span class='ocrx_word' id='word_1_279' title='bbox 432 1058 460 1082; x_wconf 91' lang='lat' dir='ltr'><strong>et</strong></span> <span class='ocrx_word' id='word_1_280' title='bbox 476 1054 521 1081; x_wconf 87' lang='lat' dir='ltr'><strong>ille</strong></span> <span class='ocrx_word' id='word_1_281' title='bbox 546 1053 638 1086; x_wconf 84' lang='lat' dir='ltr'><strong>Pater,</strong></span> <span class='ocrx_word' id='word_1_282' title='bbox 656 1054 700 1081; x_wconf 86' lang='lat' dir='ltr'><strong>hic</strong></span> <span class='ocrx_word' id='word_1_283' title='bbox 725 1053 810 1081; x_wconf 81' lang='lat' dir='ltr'><strong>Filius</strong></span> <span class='ocrx_word' id='word_1_284' title='bbox 828 1063 834 1080; x_wconf 92' lang='lat'>:</span> <span class='ocrx_word' id='word_1_285' title='bbox 849 1057 877 1080; x_wconf 88' lang='lat' dir='ltr'><strong>at</strong></span> <span class='ocrx_word' id='word_1_286' title='bbox 892 1061 957 1080; x_wconf 92' lang='lat' dir='ltr'><strong>vero</strong></span> <span class='ocrx_word' id='word_1_287' title='bbox 978 1053 1087 1081; x_wconf 85' lang='lat' dir='ltr'><strong>Patrem</strong></span> 
     </span>
    </p>
   </div>
   <div class='ocr_carea' id='block_1_39' title="bbox 297 1099 1086 1133">
    <p class='ocr_par' dir='ltr' id='par_1_39' title="bbox 297 1099 1086 1133">
     <span class='ocr_line' id='line_1_39' title="bbox 297 1099 1086 1133; baseline -0.003 -5"><span class='ocrx_word' id='word_1_288' title='bbox 297 1100 441 1133; x_wconf 74' lang='lat' dir='ltr'><strong>exsistere,</strong></span> <span class='ocrx_word' id='word_1_289' title='bbox 460 1103 487 1127; x_wconf 87' lang='lat' dir='ltr'><strong>et</strong></span> <span class='ocrx_word' id='word_1_290' title='bbox 502 1104 627 1127; x_wconf 84' lang='lat' dir='ltr'><strong>naturam</strong></span> <span class='ocrx_word' id='word_1_291' title='bbox 653 1107 731 1127; x_wconf 87' lang='lat' dir='ltr'><strong>suam</strong></span> <span class='ocrx_word' id='word_1_292' title='bbox 757 1099 883 1127; x_wconf 86' lang='lat' dir='ltr'><strong>obtinere</strong></span> <span class='ocrx_word' id='word_1_293' title='bbox 899 1107 953 1126; x_wconf 90' lang='lat' dir='ltr'><strong>non</strong></span> <span class='ocrx_word' id='word_1_294' title='bbox 976 1109 991 1126; x_wconf 90' lang='lat' dir='ltr'><strong>a</strong></span> <span class='ocrx_word' id='word_1_295' title='bbox 1007 1099 1086 1131; x_wconf 89' lang='lat' dir='ltr'><strong>Filio,</strong></span> 
     </span>
    </p>
   </div>
   <div class='ocr_carea' id='block_1_40' title="bbox 298 1146 1089 1183">
    <p class='ocr_par' dir='ltr' id='par_1_40' title="bbox 298 1146 1089 1183">
     <span class='ocr_line' id='line_1_40' title="bbox 298 1146 1089 1183; baseline -0.003 -8"><span class='ocrx_word' id='word_1_296' title='bbox 298 1148 489 1183; x_wconf 80' lang='lat' dir='ltr'><strong>unusquisque</strong></span> <span class='ocrx_word' id='word_1_297' title='bbox 505 1146 584 1174; x_wconf 79' lang='lat' dir='ltr'><strong>facile</strong></span> <span class='ocrx_word' id='word_1_298' title='bbox 599 1147 784 1178; x_wconf 82' lang='lat' dir='ltr'><strong>conﬁtebitur.</strong></span> <span class='ocrx_word' id='word_1_299' title='bbox 800 1146 895 1174; x_wconf 86' lang='lat' dir='ltr'><strong>eadem</strong></span> <span class='ocrx_word' id='word_1_300' title='bbox 909 1153 991 1181; x_wconf 91' lang='lat' dir='ltr'><strong>porro</strong></span> <span class='ocrx_word' id='word_1_301' title='bbox 1004 1147 1089 1173; x_wconf 86' lang='lat' dir='ltr'><strong>ratio-</strong></span> 
     </span>
    </p>
   </div>
   <div class='ocr_carea' id='block_1_41' title="bbox 298 1192 1088 1228">
    <p class='ocr_par' dir='ltr' id='par_1_41' title="bbox 298 1192 1088 1228">
     <span class='ocr_line' id='line_1_41' title="bbox 298 1192 1088 1228; baseline 0.001 -8"><span class='ocrx_word' id='word_1_302' title='bbox 298 1201 334 1220; x_wconf 89' lang='lat' dir='ltr'><strong>ne</strong></span> <span class='ocrx_word' id='word_1_303' title='bbox 349 1193 438 1228; x_wconf 89' lang='lat' dir='ltr'><strong>imago</strong></span> <span class='ocrx_word' id='word_1_304' title='bbox 452 1192 498 1219; x_wconf 85' lang='lat' dir='ltr'><strong>Dei</strong></span> <span class='ocrx_word' id='word_1_305' title='bbox 511 1193 573 1224; x_wconf 82' lang='lat' dir='ltr'><strong>erit,</strong></span> <span class='ocrx_word' id='word_1_306' title='bbox 585 1192 623 1218; x_wconf 90' lang='lat' dir='ltr'><strong>ita</strong></span> <span class='ocrx_word' id='word_1_307' title='bbox 641 1192 763 1227; x_wconf 86' lang='lat' dir='ltr'><strong>quidem,</strong></span> <span class='ocrx_word' id='word_1_308' title='bbox 775 1196 805 1219; x_wconf 91' lang='lat' dir='ltr'><strong>ut</strong></span> <span class='ocrx_word' id='word_1_309' title='bbox 822 1200 918 1220; x_wconf 87' lang='lat' dir='ltr'><strong>rursus</strong></span> <span class='ocrx_word' id='word_1_310' title='bbox 938 1193 1021 1220; x_wconf 90' lang='lat' dir='ltr'><strong>nullis</strong></span> <span class='ocrx_word' id='word_1_311' title='bbox 1040 1201 1088 1221; x_wconf 90' lang='lat' dir='ltr'><strong>ne-</strong></span> 
     </span>
    </p>
   </div>
   <div class='ocr_carea' id='block_1_42' title="bbox 297 1238 1088 1275">
    <p class='ocr_par' dir='ltr' id='par_1_42' title="bbox 297 1238 1088 1275">
     <span class='ocr_line' id='line_1_42' title="bbox 297 1238 1088 1275; baseline 0 -9"><span class='ocrx_word' id='word_1_312' title='bbox 297 1246 350 1275; x_wconf 86' lang='lat' dir='ltr'><strong>que</strong></span> <span class='ocrx_word' id='word_1_313' title='bbox 371 1239 473 1270; x_wconf 85' lang='lat' dir='ltr'><strong>verbis,</strong></span> <span class='ocrx_word' id='word_1_314' title='bbox 490 1245 578 1273; x_wconf 87' lang='lat' dir='ltr'><strong>neque</strong></span> <span class='ocrx_word' id='word_1_315' title='bbox 599 1238 763 1270; x_wconf 77' lang='lat' dir='ltr'><strong>rationibus,</strong></span> <span class='ocrx_word' id='word_1_316' title='bbox 792 1239 930 1274; x_wconf 80' lang='lat' dir='ltr'><strong>quomodo</strong></span> <span class='ocrx_word' id='word_1_317' title='bbox 947 1239 994 1270; x_wconf 84' lang='lat' dir='ltr'><strong>sit.</strong></span> <span class='ocrx_word' id='word_1_318' title='bbox 1013 1247 1088 1266; x_wconf 91' lang='lat' dir='ltr'><strong>com-</strong></span> 
     </span>
    </p>
   </div>
   <div class='ocr_carea' id='block_1_43' title="bbox 297 1283 1088 1320">
    <p class='ocr_par' dir='ltr' id='par_1_43' title="bbox 297 1283 1088 1320">
     <span class='ocr_line' id='line_1_43' title="bbox 297 1283 1088 1320; baseline -0.001 -8"><span class='ocrx_word' id='word_1_319' title='bbox 297 1283 466 1320; x_wconf 88' lang='lat' dir='ltr'><strong>prehendere</strong></span> <span class='ocrx_word' id='word_1_320' title='bbox 484 1283 622 1318; x_wconf 84' lang='lat' dir='ltr'><strong>possimus</strong></span> <span class='ocrx_word' id='word_1_321' title='bbox 632 1303 640 1315; x_wconf 93' lang='lat'><strong>,</strong></span> <span class='ocrx_word' id='word_1_322' title='bbox 654 1283 755 1318; x_wconf 90' lang='lat' dir='ltr'><strong>quippe</strong></span> <span class='ocrx_word' id='word_1_323' title='bbox 777 1291 838 1310; x_wconf 90' lang='lat' dir='ltr'><strong>cum</strong></span> <span class='ocrx_word' id='word_1_324' title='bbox 859 1284 974 1311; x_wconf 83' lang='lat' dir='ltr'><strong>viventis</strong></span> <span class='ocrx_word' id='word_1_325' title='bbox 988 1283 1035 1311; x_wconf 88' lang='lat' dir='ltr'><strong>Dei</strong></span> <span class='ocrx_word' id='word_1_326' title='bbox 1046 1284 1088 1311; x_wconf 83' lang='lat' dir='ltr'><strong>vi-</strong></span> 
     </span>
    </p>
   </div>
   <div class='ocr_carea' id='block_1_44' title="bbox 298 1329 1088 1364">
    <p class='ocr_par' dir='ltr' id='par_1_44' title="bbox 298 1329 1088 1364">
     <span class='ocr_line' id='line_1_44' title="bbox 298 1329 1088 1364; baseline 0.003 -9"><span class='ocrx_word' id='word_1_327' title='bbox 298 1337 364 1358; x_wconf 86' lang='lat' dir='ltr'><strong>vens</strong></span> <span class='ocrx_word' id='word_1_328' title='bbox 381 1330 439 1364; x_wconf 90' lang='lat' dir='ltr'><strong>ipsa</strong></span> <span class='ocrx_word' id='word_1_329' title='bbox 453 1329 489 1356; x_wconf 87' lang='lat' dir='ltr'><strong>sit</strong></span> <span class='ocrx_word' id='word_1_330' title='bbox 504 1333 530 1356; x_wconf 90' lang='lat' dir='ltr'><strong>et</strong></span> <span class='ocrx_word' id='word_1_331' title='bbox 551 1337 598 1363; x_wconf 90' lang='lat' dir='ltr'><strong>per</strong></span> <span class='ocrx_word' id='word_1_332' title='bbox 609 1329 728 1364; x_wconf 87' lang='lat' dir='ltr'><strong>seipsam</strong></span> <span class='ocrx_word' id='word_1_333' title='bbox 745 1329 912 1361; x_wconf 81' lang='lat' dir='ltr'><strong>consistens,</strong></span> <span class='ocrx_word' id='word_1_334' title='bbox 929 1330 987 1357; x_wconf 85' lang='lat' dir='ltr'><strong>sine</strong></span> <span class='ocrx_word' id='word_1_335' title='bbox 1001 1334 1088 1357; x_wconf 84' lang='lat' dir='ltr'><strong>mate-</strong></span> 
     </span>
    </p>
   </div>
   <div class='ocr_carea' id='block_1_45' title="bbox 297 1374 1086 1409">
    <p class='ocr_par' dir='ltr' id='par_1_45' title="bbox 297 1374 1086 1409">
     <span class='ocr_line' id='line_1_45' title="bbox 297 1374 1086 1409; baseline -0.003 -6"><span class='ocrx_word' id='word_1_336' title='bbox 297 1375 348 1407; x_wconf 89' lang='lat' dir='ltr'><strong>ria,</strong></span> <span class='ocrx_word' id='word_1_337' title='bbox 365 1375 425 1403; x_wconf 91' lang='lat' dir='ltr'><strong>sine</strong></span> <span class='ocrx_word' id='word_1_338' title='bbox 441 1381 568 1409; x_wconf 83' lang='lat' dir='ltr'><strong>corpore.</strong></span> <span class='ocrx_word' id='word_1_339' title='bbox 586 1374 654 1400; x_wconf 86' lang='lat' dir='ltr'><strong>nihil</strong></span> <span class='ocrx_word' id='word_1_340' title='bbox 673 1382 787 1409; x_wconf 85' lang='lat' dir='ltr'><strong>prorsus</strong></span> <span class='ocrx_word' id='word_1_341' title='bbox 811 1375 916 1402; x_wconf 82' lang='lat' dir='ltr'><strong>habens</strong></span> <span class='ocrx_word' id='word_1_342' title='bbox 940 1375 1086 1402; x_wconf 90' lang='lat' dir='ltr'><strong>admistum</strong></span> 
     </span>
    </p>
   </div>
   <div class='ocr_carea' id='block_1_46' title="bbox 297 1421 1087 1457">
    <p class='ocr_par' dir='ltr' id='par_1_46' title="bbox 297 1421 1087 1457">
     <span class='ocr_line' id='line_1_46' title="bbox 297 1421 1087 1457; baseline 0 -8"><span class='ocrx_word' id='word_1_343' title='bbox 297 1422 445 1454; x_wconf 89' lang='lat' dir='ltr'><strong>contrarii;</strong></span> <span class='ocrx_word' id='word_1_344' title='bbox 459 1422 547 1455; x_wconf 87' lang='lat' dir='ltr'><strong>neque</strong></span> <span class='ocrx_word' id='word_1_345' title='bbox 566 1428 631 1448; x_wconf 90' lang='lat' dir='ltr'><strong>vero</strong></span> <span class='ocrx_word' id='word_1_346' title='bbox 652 1421 807 1455; x_wconf 91' lang='lat' dir='ltr'><strong>cujusmodi</strong></span> <span class='ocrx_word' id='word_1_347' title='bbox 830 1421 884 1448; x_wconf 92' lang='lat' dir='ltr'><strong>ulla</strong></span> <span class='ocrx_word' id='word_1_348' title='bbox 903 1422 938 1448; x_wconf 89' lang='lat' dir='ltr'><strong>sit</strong></span> <span class='ocrx_word' id='word_1_349' title='bbox 953 1421 1023 1457; x_wconf 87' lang='lat' dir='ltr'><strong>apud</strong></span> <span class='ocrx_word' id='word_1_350' title='bbox 1036 1429 1087 1449; x_wconf 90' lang='lat' dir='ltr'><strong>nos</strong></span> 
     </span>
    </p>
   </div>
   <div class='ocr_carea' id='block_1_47' title="bbox 297 1467 1085 1503">
    <p class='ocr_par' dir='ltr' id='par_1_47' title="bbox 297 1467 1085 1503">
     <span class='ocr_line' id='line_1_47' title="bbox 297 1467 1085 1503; baseline -0.001 -8"><span class='ocrx_word' id='word_1_351' title='bbox 297 1467 398 1503; x_wconf 86' lang='lat' dir='ltr'><strong>imago,</strong></span> <span class='ocrx_word' id='word_1_352' title='bbox 417 1475 478 1502; x_wconf 63' lang='lat' dir='ltr'><strong>quae</strong></span> <span class='ocrx_word' id='word_1_353' title='bbox 495 1471 522 1494; x_wconf 93' lang='lat' dir='ltr'><strong>et</strong></span> <span class='ocrx_word' id='word_1_354' title='bbox 547 1467 620 1493; x_wconf 85' lang='lat' dir='ltr'><strong>aliud</strong></span> <span class='ocrx_word' id='word_1_355' title='bbox 643 1467 771 1494; x_wconf 66' lang='lat' dir='ltr'><strong>essentiae</strong></span> <span class='ocrx_word' id='word_1_356' title='bbox 797 1467 950 1502; x_wconf 83' lang='lat' dir='ltr'><strong>subjectum</strong></span> <span class='ocrx_word' id='word_1_357' title='bbox 976 1467 1085 1500; x_wconf 73' lang='lat' dir='ltr'><strong>habeat,</strong></span> 
     </span>
    </p>
   </div>
   <div class='ocr_carea' id='block_1_48' title="bbox 296 1511 1085 1547">
    <p class='ocr_par' dir='ltr' id='par_1_48' title="bbox 296 1511 1085 1547">
     <span class='ocr_line' id='line_1_48' title="bbox 296 1511 1085 1547; baseline 0 -7"><span class='ocrx_word' id='word_1_358' title='bbox 296 1517 323 1540; x_wconf 88' lang='lat' dir='ltr'><strong>et</strong></span> <span class='ocrx_word' id='word_1_359' title='bbox 343 1514 425 1540; x_wconf 83' lang='lat' dir='ltr'><strong>aliam</strong></span> <span class='ocrx_word' id='word_1_360' title='bbox 441 1512 571 1547; x_wconf 88' lang='lat' dir='ltr'><strong>speciem,</strong></span> <span class='ocrx_word' id='word_1_361' title='bbox 584 1511 632 1539; x_wconf 84' lang='lat' dir='ltr'><strong>sed</strong></span> <span class='ocrx_word' id='word_1_362' title='bbox 644 1520 706 1547; x_wconf 58' lang='lat' dir='ltr'><strong>qua;</strong></span> <span class='ocrx_word' id='word_1_363' title='bbox 724 1516 781 1539; x_wconf 90' lang='lat' dir='ltr'><strong>tota</strong></span> <span class='ocrx_word' id='word_1_364' title='bbox 797 1512 856 1547; x_wconf 87' lang='lat' dir='ltr'><strong>ipsa</strong></span> <span class='ocrx_word' id='word_1_365' title='bbox 870 1513 905 1540; x_wconf 89' lang='lat' dir='ltr'><strong>sit</strong></span> <span class='ocrx_word' id='word_1_366' title='bbox 921 1513 1037 1547; x_wconf 87' lang='lat' dir='ltr'><strong>species,</strong></span> <span class='ocrx_word' id='word_1_367' title='bbox 1057 1517 1085 1540; x_wconf 90' lang='lat' dir='ltr'><strong>et</strong></span> 
     </span>
    </p>
   </div>
   <div class='ocr_carea' id='block_1_49' title="bbox 297 1557 1083 1594">
    <p class='ocr_par' dir='ltr' id='par_1_49' title="bbox 297 1557 1083 1594">
     <span class='ocr_line' id='line_1_49' title="bbox 297 1557 1083 1594; baseline 0 -8"><span class='ocrx_word' id='word_1_368' title='bbox 297 1566 356 1594; x_wconf 90' lang='lat' dir='ltr'><strong>Ipsa</strong></span> <span class='ocrx_word' id='word_1_369' title='bbox 379 1558 510 1590; x_wconf 82' lang='lat' dir='ltr'><strong>essentia,</strong></span> <span class='ocrx_word' id='word_1_370' title='bbox 539 1557 746 1585; x_wconf 90' lang='lat' dir='ltr'><strong>similitudinem</strong></span> <span class='ocrx_word' id='word_1_371' title='bbox 773 1558 894 1586; x_wconf 81' lang='lat' dir='ltr'><strong>referens</strong></span> <span class='ocrx_word' id='word_1_372' title='bbox 921 1558 1021 1586; x_wconf 86' lang='lat' dir='ltr'><strong>Patris.</strong></span> <span class='ocrx_word' id='word_1_373' title='bbox 1037 1558 1083 1586; x_wconf 92' lang='lat' dir='ltr'><strong>Sic</strong></span> 
     </span>
    </p>
   </div>
   <div class='ocr_carea' id='block_1_50' title="bbox 296 1603 1084 1639">
    <p class='ocr_par' dir='ltr' id='par_1_50' title="bbox 296 1603 1084 1639">
     <span class='ocr_line' id='line_1_50' title="bbox 296 1603 1084 1639; baseline 0.001 -8"><span class='ocrx_word' id='word_1_374' title='bbox 296 1608 388 1632; x_wconf 81' lang='lat' dir='ltr'><strong>autem</strong></span> <span class='ocrx_word' id='word_1_375' title='bbox 407 1603 497 1632; x_wconf 86' lang='lat' dir='ltr'><strong>Patris</strong></span> <span class='ocrx_word' id='word_1_376' title='bbox 513 1611 623 1638; x_wconf 86' lang='lat' dir='ltr'><strong>quoque</strong></span> <span class='ocrx_word' id='word_1_377' title='bbox 635 1603 786 1638; x_wconf 76' lang='lat' dir='ltr'><strong>fragrantia</strong></span> <span class='ocrx_word' id='word_1_378' title='bbox 796 1604 860 1635; x_wconf 86' lang='lat' dir='ltr'><strong>erit,</strong></span> <span class='ocrx_word' id='word_1_379' title='bbox 879 1612 938 1639; x_wconf 76' lang='lat' dir='ltr'><strong>quze</strong></span> <span class='ocrx_word' id='word_1_380' title='bbox 952 1604 1084 1633; x_wconf 85' lang='lat' dir='ltr'><strong>efficacis-</strong></span> 
     </span>
    </p>
   </div>
   <div class='ocr_carea' id='block_1_51' title="bbox 296 1648 1084 1684">
    <p class='ocr_par' dir='ltr' id='par_1_51' title="bbox 296 1648 1084 1684">
     <span class='ocr_line' id='line_1_51' title="bbox 296 1648 1084 1684; baseline 0.001 -6"><span class='ocrx_word' id='word_1_381' title='bbox 296 1649 393 1678; x_wconf 83' lang='lat' dir='ltr'><strong>simam</strong></span> <span class='ocrx_word' id='word_1_382' title='bbox 413 1649 559 1684; x_wconf 81' lang='lat' dir='ltr'><strong>largiendae</strong></span> <span class='ocrx_word' id='word_1_383' title='bbox 573 1649 636 1676; x_wconf 68' lang='lat' dir='ltr'><strong>vita:</strong></span> <span class='ocrx_word' id='word_1_384' title='bbox 657 1649 713 1675; x_wconf 88' lang='lat' dir='ltr'><strong>vim</strong></span> <span class='ocrx_word' id='word_1_385' title='bbox 730 1648 839 1682; x_wconf 85' lang='lat' dir='ltr'><strong>habeat,</strong></span> <span class='ocrx_word' id='word_1_386' title='bbox 851 1649 898 1676; x_wconf 83' lang='lat' dir='ltr'><strong>sed</strong></span> <span class='ocrx_word' id='word_1_387' title='bbox 923 1649 959 1676; x_wconf 79' lang='lat' dir='ltr'><strong>ita</strong></span> <span class='ocrx_word' id='word_1_388' title='bbox 986 1658 1084 1679; x_wconf 88' lang='lat' dir='ltr'><strong>rursus</strong></span> 
     </span>
    </p>
   </div>
   <div class='ocr_carea' id='block_1_52' title="bbox 295 1694 1081 1730">
    <p class='ocr_par' dir='ltr' id='par_1_52' title="bbox 295 1694 1081 1730">
     <span class='ocr_line' id='line_1_52' title="bbox 295 1694 1081 1730; baseline 0.001 -8"><span class='ocrx_word' id='word_1_389' title='bbox 295 1702 383 1730; x_wconf 82' lang='lat' dir='ltr'><strong>neque</strong></span> <span class='ocrx_word' id='word_1_390' title='bbox 397 1694 451 1722; x_wconf 89' lang='lat' dir='ltr'><strong>dici</strong></span> <span class='ocrx_word' id='word_1_391' title='bbox 471 1702 487 1721; x_wconf 85' lang='lat' dir='ltr'><strong>a</strong></span> <span class='ocrx_word' id='word_1_392' title='bbox 505 1694 596 1728; x_wconf 85' lang='lat' dir='ltr'><strong>nobis,</strong></span> <span class='ocrx_word' id='word_1_393' title='bbox 609 1701 697 1729; x_wconf 87' lang='lat' dir='ltr'><strong>neque</strong></span> <span class='ocrx_word' id='word_1_394' title='bbox 716 1694 870 1722; x_wconf 85' lang='lat' dir='ltr'><strong>rationibus</strong></span> <span class='ocrx_word' id='word_1_395' title='bbox 878 1695 968 1730; x_wconf 80' lang='lat' dir='ltr'><strong>colligi</strong></span> <span class='ocrx_word' id='word_1_396' title='bbox 977 1696 1081 1730; x_wconf 75' lang='grc' dir='ltr'>ροεείιε</span> 
     </span>
    </p>
   </div>
   <div class='ocr_carea' id='block_1_53' title="bbox 295 1740 1084 1776">
    <p class='ocr_par' dir='ltr' id='par_1_53' title="bbox 295 1740 1084 1776">
     <span class='ocr_line' id='line_1_53' title="bbox 295 1740 1084 1776; baseline -0.001 -8"><span class='ocrx_word' id='word_1_397' title='bbox 295 1741 430 1776; x_wconf 83' lang='lat' dir='ltr'><strong>siquidem</strong></span> <span class='ocrx_word' id='word_1_398' title='bbox 445 1741 537 1768; x_wconf 85' lang='lat' dir='ltr'><strong>omnia</strong></span> <span class='ocrx_word' id='word_1_399' title='bbox 554 1747 726 1776; x_wconf 69' lang='lat' dir='ltr'><strong>quaecunque</strong></span> <span class='ocrx_word' id='word_1_400' title='bbox 740 1740 774 1768; x_wconf 87' lang='lat' dir='ltr'><strong>de</strong></span> <span class='ocrx_word' id='word_1_401' title='bbox 789 1740 836 1768; x_wconf 92' lang='lat' dir='ltr'><strong>illo</strong></span> <span class='ocrx_word' id='word_1_402' title='bbox 855 1748 918 1768; x_wconf 80' lang='lat' dir='ltr'><strong>vera</strong></span> <span class='ocrx_word' id='word_1_403' title='bbox 933 1740 1084 1773; x_wconf 88' lang='lat' dir='ltr'><strong>sunt,inef—</strong></span> 
     </span>
    </p>
   </div>
   <div class='ocr_carea' id='block_1_54' title="bbox 294 1785 1080 1822">
    <p class='ocr_par' dir='ltr' id='par_1_54' title="bbox 294 1785 1080 1822">
     <span class='ocr_line' id='line_1_54' title="bbox 294 1785 1080 1822; baseline -0.001 -8"><span class='ocrx_word' id='word_1_404' title='bbox 294 1785 386 1814; x_wconf 79' lang='lat' dir='ltr'><strong>fabilia</strong></span> <span class='ocrx_word' id='word_1_405' title='bbox 404 1792 468 1814; x_wconf 93' lang='lat' dir='ltr'><strong>sunt</strong></span> <span class='ocrx_word' id='word_1_406' title='bbox 483 1787 625 1814; x_wconf 83' lang='lat' dir='ltr'><strong>hominum</strong></span> <span class='ocrx_word' id='word_1_407' title='bbox 641 1786 755 1814; x_wconf 88' lang='lat' dir='ltr'><strong>vocibus</strong></span> <span class='ocrx_word' id='word_1_408' title='bbox 765 1806 772 1818; x_wconf 88' lang='lat'><strong>,</strong></span> <span class='ocrx_word' id='word_1_409' title='bbox 790 1790 818 1814; x_wconf 92' lang='lat' dir='ltr'><strong>et</strong></span> <span class='ocrx_word' id='word_1_410' title='bbox 836 1787 992 1814; x_wconf 90' lang='lat' dir='ltr'><strong>mortalium</strong></span> <span class='ocrx_word' id='word_1_411' title='bbox 1006 1787 1080 1822; x_wconf 83' lang='lat' dir='ltr'><strong>cogi-</strong></span> 
     </span>
    </p>
   </div>
   <div class='ocr_carea' id='block_1_55' title="bbox 295 1833 1083 1868">
    <p class='ocr_par' dir='ltr' id='par_1_55' title="bbox 295 1833 1083 1868">
     <span class='ocr_line' id='line_1_55' title="bbox 295 1833 1083 1868; baseline 0 -8"><span class='ocrx_word' id='word_1_412' title='bbox 295 1833 457 1864; x_wconf 87' lang='lat' dir='ltr'><strong>tationibus,</strong></span> <span class='ocrx_word' id='word_1_413' title='bbox 478 1834 631 1861; x_wconf 87' lang='lat' dir='ltr'><strong>secundum</strong></span> <span class='ocrx_word' id='word_1_414' title='bbox 649 1833 814 1868; x_wconf 80' lang='lat' dir='ltr'><strong>exquisitam</strong></span> <span class='ocrx_word' id='word_1_415' title='bbox 828 1833 962 1860; x_wconf 84' lang='lat' dir='ltr'><strong>rationem</strong></span> <span class='ocrx_word' id='word_1_416' title='bbox 979 1833 1083 1868; x_wconf 86' lang='lat' dir='ltr'><strong>incogi-</strong></span> 
     </span>
    </p>
   </div>
   <div class='ocr_carea' id='block_1_56' title="bbox 295 1879 1083 1915">
    <p class='ocr_par' dir='ltr' id='par_1_56' title="bbox 295 1879 1083 1915">
     <span class='ocr_line' id='line_1_56' title="bbox 295 1879 1083 1915; baseline -0.001 -8"><span class='ocrx_word' id='word_1_417' title='bbox 295 1881 398 1908; x_wconf 88' lang='lat' dir='ltr'><strong>tabilia.</strong></span> <span class='ocrx_word' id='word_1_418' title='bbox 414 1881 497 1915; x_wconf 70' lang='lat'><strong>216</strong></span> <span class='ocrx_word' id='word_1_419' title='bbox 511 1879 564 1907; x_wconf 89' lang='lat' dir='ltr'><strong>Sed</strong></span> <span class='ocrx_word' id='word_1_420' title='bbox 588 1881 662 1907; x_wconf 90' lang='lat' dir='ltr'><strong>enim</strong></span> <span class='ocrx_word' id='word_1_421' title='bbox 681 1887 792 1915; x_wconf 92' lang='lat' dir='ltr'><strong>quoquo</strong></span> <span class='ocrx_word' id='word_1_422' title='bbox 815 1879 896 1906; x_wconf 95' lang='lat' dir='ltr'><strong>modo</strong></span> <span class='ocrx_word' id='word_1_423' title='bbox 918 1879 1013 1907; x_wconf 89' lang='lat' dir='ltr'><strong>audire</strong></span> <span class='ocrx_word' id='word_1_424' title='bbox 1032 1886 1083 1906; x_wconf 88' lang='lat' dir='ltr'><strong>nos</strong></span> 
     </span>
    </p>
   </div>
   <div class='ocr_carea' id='block_1_57' title="bbox 295 1925 1082 1960">
    <p class='ocr_par' dir='ltr' id='par_1_57' title="bbox 295 1925 1082 1960">
     <span class='ocr_line' id='line_1_57' title="bbox 295 1925 1082 1960; baseline 0 -8"><span class='ocrx_word' id='word_1_425' title='bbox 295 1928 380 1960; x_wconf 74' lang='lat' dir='ltr'><strong>juvat,</strong></span> <span class='ocrx_word' id='word_1_426' title='bbox 399 1925 492 1953; x_wconf 87' lang='lat' dir='ltr'><strong>itidem</strong></span> <span class='ocrx_word' id='word_1_427' title='bbox 520 1933 599 1953; x_wconf 86' lang='lat' dir='ltr'><strong>sacra</strong></span> <span class='ocrx_word' id='word_1_428' title='bbox 619 1933 670 1953; x_wconf 87' lang='lat' dir='ltr'><strong>nos</strong></span> <span class='ocrx_word' id='word_1_429' title='bbox 697 1925 826 1953; x_wconf 88' lang='lat' dir='ltr'><strong>erudiunt</strong></span> <span class='ocrx_word' id='word_1_430' title='bbox 841 1926 963 1952; x_wconf 90' lang='lat' dir='ltr'><strong>oracula.</strong></span> <span class='ocrx_word' id='word_1_431' title='bbox 983 1925 1082 1953; x_wconf 83' lang='lat' dir='ltr'><strong>Annon</strong></span> 
     </span>
    </p>
   </div>
   <div class='ocr_carea' id='block_1_58' title="bbox 295 1970 1083 2006">
    <p class='ocr_par' dir='ltr' id='par_1_58' title="bbox 295 1970 1083 2006">
     <span class='ocr_line' id='line_1_58' title="bbox 295 1970 1083 2006; baseline 0.003 -8"><span class='ocrx_word' id='word_1_432' title='bbox 295 1971 396 1998; x_wconf 79' lang='lat' dir='ltr'><strong>Christi</strong></span> <span class='ocrx_word' id='word_1_433' title='bbox 411 1971 511 1998; x_wconf 90' lang='lat' dir='ltr'><strong>bonum</strong></span> <span class='ocrx_word' id='word_1_434' title='bbox 523 1970 634 1998; x_wconf 80' lang='lat' dir='ltr'><strong>odorem</strong></span> <span class='ocrx_word' id='word_1_435' title='bbox 654 1971 712 2006; x_wconf 90' lang='lat' dir='ltr'><strong>ipse</strong></span> <span class='ocrx_word' id='word_1_436' title='bbox 732 1971 864 2006; x_wconf 86' lang='lat' dir='ltr'><strong>seipsum,</strong></span> <span class='ocrx_word' id='word_1_437' title='bbox 876 1977 900 1998; x_wconf 86' lang='lat' dir='ltr'><strong>et</strong></span> <span class='ocrx_word' id='word_1_438' title='bbox 921 1972 964 1999; x_wconf 89' lang='lat' dir='ltr'><strong>sui</strong></span> <span class='ocrx_word' id='word_1_439' title='bbox 980 1972 1083 2000; x_wconf 90' lang='lat' dir='ltr'><strong>similes</strong></span> 
     </span>
    </p>
   </div>
   <div class='ocr_carea' id='block_1_59' title="bbox 295 2016 1080 2052">
    <p class='ocr_par' dir='ltr' id='par_1_59' title="bbox 295 2016 1080 2052">
     <span class='ocr_line' id='line_1_59' title="bbox 295 2016 1080 2052; baseline 0.003 -8"><span class='ocrx_word' id='word_1_440' title='bbox 295 2021 408 2044; x_wconf 87' lang='lat' dir='ltr'><strong>sanctus</strong></span> <span class='ocrx_word' id='word_1_441' title='bbox 419 2017 566 2052; x_wconf 85' lang='lat' dir='ltr'><strong>Apostolus</strong></span> <span class='ocrx_word' id='word_1_442' title='bbox 574 2018 595 2048; x_wconf 86' lang='grc'>¹,</span> <span class='ocrx_word' id='word_1_443' title='bbox 611 2021 755 2052; x_wconf 86' lang='lat' dir='ltr'><strong>propterea</strong></span> <span class='ocrx_word' id='word_1_444' title='bbox 766 2016 838 2052; x_wconf 88' lang='lat' dir='ltr'><strong>quod</strong></span> <span class='ocrx_word' id='word_1_445' title='bbox 852 2016 971 2052; x_wconf 86' lang='lat' dir='ltr'><strong>Spiritus</strong></span> <span class='ocrx_word' id='word_1_446' title='bbox 979 2018 1080 2046; x_wconf 86' lang='lat' dir='ltr'><strong>Christi</strong></span> 
     </span>
    </p>
   </div>
   <div class='ocr_carea' id='block_1_60' title="bbox 296 2063 1082 2099">
    <p class='ocr_par' dir='ltr' id='par_1_60' title="bbox 296 2063 1082 2099">
     <span class='ocr_line' id='line_1_60' title="bbox 296 2063 1082 2099; baseline 0 -9"><span class='ocrx_word' id='word_1_447' title='bbox 296 2063 431 2099; x_wconf 87' lang='lat' dir='ltr'><strong>particeps</strong></span> <span class='ocrx_word' id='word_1_448' title='bbox 442 2067 525 2096; x_wconf 84' lang='lat' dir='ltr'><strong>esset.</strong></span> <span class='ocrx_word' id='word_1_449' title='bbox 540 2064 708 2099; x_wconf 79' lang='lat' dir='ltr'><strong>appellavit?</strong></span> <span class='ocrx_word' id='word_1_450' title='bbox 722 2063 819 2091; x_wconf 84' lang='lat' dir='ltr'><strong>Nonne</strong></span> <span class='ocrx_word' id='word_1_451' title='bbox 837 2067 1006 2099; x_wconf 86' lang='lat' dir='ltr'><strong>unguentum</strong></span> <span class='ocrx_word' id='word_1_452' title='bbox 1018 2071 1082 2092; x_wconf 78' lang='lat' dir='ltr'><strong>eva-</strong></span> 
     </span>
    </p>
   </div>
   <div class='ocr_carea' id='block_1_61' title="bbox 295 2109 1081 2145">
    <p class='ocr_par' dir='ltr' id='par_1_61' title="bbox 295 2109 1081 2145">
     <span class='ocr_line' id='line_1_61' title="bbox 295 2109 1081 2145; baseline 0.001 -8"><span class='ocrx_word' id='word_1_453' title='bbox 295 2113 406 2137; x_wconf 91' lang='lat' dir='ltr'><strong>cuatum</strong></span> <span class='ocrx_word' id='word_1_454' title='bbox 424 2111 482 2144; x_wconf 89' lang='lat' dir='ltr'><strong>ipse</strong></span> <span class='ocrx_word' id='word_1_455' title='bbox 507 2110 628 2138; x_wconf 77' lang='lat' dir='ltr'><strong>cmlestis</strong></span> <span class='ocrx_word' id='word_1_456' title='bbox 644 2109 768 2145; x_wconf 87' lang='lat' dir='ltr'><strong>Sponsus</strong></span> <span class='ocrx_word' id='word_1_457' title='bbox 788 2110 815 2136; x_wconf 93' lang='lat' dir='ltr'><strong>in</strong></span> <span class='ocrx_word' id='word_1_458' title='bbox 836 2109 976 2137; x_wconf 81' lang='lat' dir='ltr'><strong>Canticis&#39;</strong></span> <span class='ocrx_word' id='word_1_459' title='bbox 991 2110 1081 2138; x_wconf 89' lang='lat' dir='ltr'><strong>dictus</strong></span> 
     </span>
    </p>
   </div>
   <div class='ocr_carea' id='block_1_62' title="bbox 295 2155 1080 2191">
    <p class='ocr_par' dir='ltr' id='par_1_62' title="bbox 295 2155 1080 2191">
     <span class='ocr_line' id='line_1_62' title="bbox 295 2155 1080 2191; baseline -0.001 -7"><span class='ocrx_word' id='word_1_460' title='bbox 295 2159 347 2188; x_wconf 83' lang='lat' dir='ltr'><strong>est.</strong></span> <span class='ocrx_word' id='word_1_461' title='bbox 360 2156 464 2183; x_wconf 83' lang='lat' dir='ltr'><strong>idcirco</strong></span> <span class='ocrx_word' id='word_1_462' title='bbox 487 2155 559 2190; x_wconf 86' lang='lat' dir='ltr'><strong>quod</strong></span> <span class='ocrx_word' id='word_1_463' title='bbox 582 2163 644 2183; x_wconf 87' lang='lat' dir='ltr'><strong>eum</strong></span> <span class='ocrx_word' id='word_1_464' title='bbox 666 2156 739 2183; x_wconf 89' lang='lat' dir='ltr'><strong>illam</strong></span> <span class='ocrx_word' id='word_1_465' title='bbox 761 2155 848 2191; x_wconf 86' lang='lat' dir='ltr'><strong>ipsius</strong></span> <span class='ocrx_word' id='word_1_466' title='bbox 863 2156 1080 2188; x_wconf 80' lang='lat' dir='ltr'><strong>evacuationem,</strong></span> 
     </span>
    </p>
   </div>
   <div class='ocr_carea' id='block_1_63' title="bbox 295 2200 1079 2235">
    <p class='ocr_par' dir='ltr' id='par_1_63' title="bbox 295 2200 1079 2235">
     <span class='ocr_line' id='line_1_63' title="bbox 295 2200 1079 2235; baseline -0.001 -7"><span class='ocrx_word' id='word_1_467' title='bbox 295 2209 358 2229; x_wconf 87' lang='lat' dir='ltr'><strong>cum</strong></span> <span class='ocrx_word' id='word_1_468' title='bbox 380 2201 510 2229; x_wconf 90' lang='lat' dir='ltr'><strong>omnibus</strong></span> <span class='ocrx_word' id='word_1_469' title='bbox 525 2205 582 2228; x_wconf 91' lang='lat' dir='ltr'><strong>tam</strong></span> <span class='ocrx_word' id='word_1_470' title='bbox 605 2200 762 2228; x_wconf 89' lang='lat' dir='ltr'><strong>visibilibus</strong></span> <span class='ocrx_word' id='word_1_471' title='bbox 781 2208 862 2235; x_wconf 89' lang='lat' dir='ltr'><strong>quam</strong></span> <span class='ocrx_word' id='word_1_472' title='bbox 884 2200 1079 2234; x_wconf 84' lang='lat' dir='ltr'><strong>invisibilibus,</strong></span> 
     </span>
    </p>
   </div>
   <div class='ocr_carea' id='block_1_64' title="bbox 295 2246 1119 2285">
    <p class='ocr_par' dir='ltr' id='par_1_64' title="bbox 295 2246 1119 2285">
     <span class='ocr_line' id='line_1_64' title="bbox 295 2246 1119 2285; baseline -0.001 -11"><span class='ocrx_word' id='word_1_473' title='bbox 295 2251 349 2274; x_wconf 86' lang='lat' dir='ltr'><strong>tam</strong></span> <span class='ocrx_word' id='word_1_474' title='bbox 367 2247 508 2282; x_wconf 87' lang='lat' dir='ltr'><strong>corporeis</strong></span> <span class='ocrx_word' id='word_1_475' title='bbox 529 2254 612 2282; x_wconf 85' lang='lat' dir='ltr'><strong>quam</strong></span> <span class='ocrx_word' id='word_1_476' title='bbox 639 2246 817 2281; x_wconf 86' lang='lat' dir='ltr'><strong>incorporeis,</strong></span> <span class='ocrx_word' id='word_1_477' title='bbox 834 2250 890 2273; x_wconf 91' lang='lat' dir='ltr'><strong>tam</strong></span> <span class='ocrx_word' id='word_1_478' title='bbox 901 2246 1080 2274; x_wconf 88' lang='lat' dir='ltr'><strong>rationalibus</strong></span> <span class='ocrx_word' id='word_1_479' title='bbox 1096 2257 1119 2285; x_wconf 75' lang='grc' dir='ltr'><strong>η</strong></span> 
     </span>
    </p>
   </div>
   <div class='ocr_carea' id='block_1_65' title="bbox 294 2291 1079 2328">
    <p class='ocr_par' dir='ltr' id='par_1_65' title="bbox 294 2291 1079 2328">
     <span class='ocr_line' id='line_1_65' title="bbox 294 2291 1079 2328; baseline 0 -8"><span class='ocrx_word' id='word_1_480' title='bbox 294 2299 376 2328; x_wconf 88' lang='lat' dir='ltr'><strong>quam</strong></span> <span class='ocrx_word' id='word_1_481' title='bbox 402 2292 491 2320; x_wconf 84' lang='lat' dir='ltr'><strong>brutis</strong></span> <span class='ocrx_word' id='word_1_482' title='bbox 505 2291 760 2323; x_wconf 84' lang='lat' dir='ltr'><strong>communicaverlt,</strong></span> <span class='ocrx_word' id='word_1_483' title='bbox 786 2296 845 2319; x_wconf 89' lang='lat' dir='ltr'><strong>tum</strong></span> <span class='ocrx_word' id='word_1_484' title='bbox 870 2299 903 2320; x_wconf 80' lang='lat' dir='ltr'><strong>ea</strong></span> <span class='ocrx_word' id='word_1_485' title='bbox 929 2293 1079 2320; x_wconf 90' lang='lat' dir='ltr'><strong>secundum</strong></span> 
     </span>
    </p>
   </div>
   <div class='ocr_carea' id='block_1_66' title="bbox 295 2336 1080 2373">
    <p class='ocr_par' dir='ltr' id='par_1_66' title="bbox 295 2336 1080 2373">
     <span class='ocr_line' id='line_1_66' title="bbox 295 2336 1080 2373; baseline -0.001 -8"><span class='ocrx_word' id='word_1_486' title='bbox 295 2338 498 2373; x_wconf 89' lang='lat' dir='ltr'><strong>proportionem</strong></span> <span class='ocrx_word' id='word_1_487' title='bbox 510 2337 592 2373; x_wconf 87' lang='lat' dir='ltr'><strong>digna</strong></span> <span class='ocrx_word' id='word_1_488' title='bbox 602 2336 696 2364; x_wconf 79' lang='lat' dir='ltr'><strong>elfecta</strong></span> <span class='ocrx_word' id='word_1_489' title='bbox 708 2341 783 2367; x_wconf 85' lang='lat' dir='ltr'><strong>sunt.</strong></span> <span class='ocrx_word' id='word_1_490' title='bbox 797 2345 858 2372; x_wconf 76' lang='lat' dir='ltr'><strong>quze</strong></span> <span class='ocrx_word' id='word_1_491' title='bbox 871 2337 898 2364; x_wconf 92' lang='lat' dir='ltr'><strong>in</strong></span> <span class='ocrx_word' id='word_1_492' title='bbox 914 2341 1018 2372; x_wconf 90' lang='lat' dir='ltr'><strong>partem</strong></span> <span class='ocrx_word' id='word_1_493' title='bbox 1036 2345 1080 2365; x_wconf 86' lang='lat' dir='ltr'><strong>ac-</strong></span> 
     </span>
    </p>
   </div>
   <div class='ocr_carea' id='block_1_67' title="bbox 295 2383 1079 2420">
    <p class='ocr_par' dir='ltr' id='par_1_67' title="bbox 295 2383 1079 2420">
     <span class='ocr_line' id='line_1_67' title="bbox 295 2383 1079 2420; baseline -0.003 -8"><span class='ocrx_word' id='word_1_494' title='bbox 295 2384 460 2420; x_wconf 86' lang='lat' dir='ltr'><strong>ciperentur,</strong></span> <span class='ocrx_word' id='word_1_495' title='bbox 493 2388 521 2411; x_wconf 90' lang='lat' dir='ltr'><strong>et</strong></span> <span class='ocrx_word' id='word_1_496' title='bbox 548 2384 632 2412; x_wconf 89' lang='lat' dir='ltr'><strong>divini</strong></span> <span class='ocrx_word' id='word_1_497' title='bbox 660 2383 741 2411; x_wconf 76' lang='lat' dir='ltr'><strong>Verbi</strong></span> <span class='ocrx_word' id='word_1_498' title='bbox 772 2383 934 2411; x_wconf 85' lang='lat' dir='ltr'><strong>liberalitate</strong></span> <span class='ocrx_word' id='word_1_499' title='bbox 963 2383 1079 2419; x_wconf 81' lang='lat' dir='ltr'><strong>quadam</strong></span> 
     </span>
    </p>
   </div>
   <div class='ocr_carea' id='block_1_68' title="bbox 295 2429 1080 2465">
    <p class='ocr_par' dir='ltr' id='par_1_68' title="bbox 295 2429 1080 2465">
     <span class='ocr_line' id='line_1_68' title="bbox 295 2429 1080 2465; baseline 0.003 -9"><span class='ocrx_word' id='word_1_500' title='bbox 295 2429 471 2458; x_wconf 86' lang='lat' dir='ltr'><strong>fruerentur?</strong></span> <span class='ocrx_word' id='word_1_501' title='bbox 483 2429 570 2465; x_wconf 86' lang='lat' dir='ltr'><strong>Hujus</strong></span> <span class='ocrx_word' id='word_1_502' title='bbox 582 2430 692 2465; x_wconf 90' lang='lat' dir='ltr'><strong>quidem</strong></span> <span class='ocrx_word' id='word_1_503' title='bbox 709 2430 794 2457; x_wconf 87' lang='lat' dir='ltr'><strong>divini</strong></span> <span class='ocrx_word' id='word_1_504' title='bbox 805 2429 912 2458; x_wconf 76' lang='lat' dir='ltr'><strong>amatus</strong></span> <span class='ocrx_word' id='word_1_505' title='bbox 928 2430 1080 2465; x_wconf 80' lang='lat' dir='ltr'><strong>susceptio-</strong></span> 
     </span>
    </p>
   </div>
   <div class='ocr_carea' id='block_1_69' title="bbox 294 2476 1081 2512">
    <p class='ocr_par' dir='ltr' id='par_1_69' title="bbox 294 2476 1081 2512">
     <span class='ocr_line' id='line_1_69' title="bbox 294 2476 1081 2512; baseline 0 -9"><span class='ocrx_word' id='word_1_506' title='bbox 294 2484 368 2509; x_wconf 90' lang='lat' dir='ltr'><strong>nem,</strong></span> <span class='ocrx_word' id='word_1_507' title='bbox 383 2477 417 2504; x_wconf 88' lang='lat' dir='ltr'><strong>iis</strong></span> <span class='ocrx_word' id='word_1_508' title='bbox 430 2477 475 2512; x_wconf 89' lang='lat' dir='ltr'><strong>qui</strong></span> <span class='ocrx_word' id='word_1_509' title='bbox 494 2477 641 2505; x_wconf 84' lang='lat' dir='ltr'><strong>rationales</strong></span> <span class='ocrx_word' id='word_1_510' title='bbox 662 2484 759 2504; x_wconf 87' lang='lat' dir='ltr'><strong>sensus</strong></span> <span class='ocrx_word' id='word_1_511' title='bbox 783 2476 933 2504; x_wconf 86' lang='lat' dir='ltr'><strong>diminutos</strong></span> <span class='ocrx_word' id='word_1_512' title='bbox 955 2484 1010 2503; x_wconf 93' lang='lat' dir='ltr'><strong>non</strong></span> <span class='ocrx_word' id='word_1_513' title='bbox 1031 2477 1081 2504; x_wconf 83' lang='lat' dir='ltr'><strong>ha-</strong></span> 
     </span>
    </p>
   </div>
   <div class='ocr_carea' id='block_1_70' title="bbox 295 2522 1081 2559">
    <p class='ocr_par' dir='ltr' id='par_1_70' title="bbox 295 2522 1081 2559">
     <span class='ocr_line' id='line_1_70' title="bbox 295 2522 1081 2559; baseline 0.001 -10"><span class='ocrx_word' id='word_1_514' title='bbox 295 2522 370 2555; x_wconf 90' lang='lat' dir='ltr'><strong>bent,</strong></span> <span class='ocrx_word' id='word_1_515' title='bbox 388 2524 533 2552; x_wconf 87' lang='lat' dir='ltr'><strong>universus</strong></span> <span class='ocrx_word' id='word_1_516' title='bbox 560 2523 682 2558; x_wconf 89' lang='lat' dir='ltr'><strong>impertit</strong></span> <span class='ocrx_word' id='word_1_517' title='bbox 704 2523 832 2555; x_wconf 84' lang='lat' dir='ltr'><strong>mundus,</strong></span> <span class='ocrx_word' id='word_1_518' title='bbox 851 2531 937 2559; x_wconf 88' lang='lat' dir='ltr'><strong>usque</strong></span> <span class='ocrx_word' id='word_1_519' title='bbox 963 2523 1031 2550; x_wconf 89' lang='lat' dir='ltr'><strong>adeo</strong></span> <span class='ocrx_word' id='word_1_520' title='bbox 1051 2527 1081 2550; x_wconf 91' lang='lat' dir='ltr'><strong>ut</strong></span> 
     </span>
    </p>
   </div>
   <div class='ocr_carea' id='block_1_71' title="bbox 295 2569 1078 2605">
    <p class='ocr_par' dir='ltr' id='par_1_71' title="bbox 295 2569 1078 2605">
     <span class='ocr_line' id='line_1_71' title="bbox 295 2569 1078 2605; baseline -0.001 -9"><span class='ocrx_word' id='word_1_521' title='bbox 295 2577 356 2604; x_wconf 71' lang='lat' dir='ltr'><strong>qua:</strong></span> <span class='ocrx_word' id='word_1_522' title='bbox 374 2574 480 2597; x_wconf 86' lang='lat' dir='ltr'><strong>terrena</strong></span> <span class='ocrx_word' id='word_1_523' title='bbox 502 2575 529 2597; x_wconf 87' lang='lat' dir='ltr'><strong>et</strong></span> <span class='ocrx_word' id='word_1_524' title='bbox 548 2570 714 2605; x_wconf 90' lang='lat' dir='ltr'><strong>corruptioni</strong></span> <span class='ocrx_word' id='word_1_525' title='bbox 738 2569 855 2596; x_wconf 79' lang='lat' dir='ltr'><strong>obnoxia</strong></span> <span class='ocrx_word' id='word_1_526' title='bbox 875 2574 939 2596; x_wconf 89' lang='lat' dir='ltr'><strong>sunt</strong></span> <span class='ocrx_word' id='word_1_527' title='bbox 953 2577 1078 2604; x_wconf 89' lang='lat' dir='ltr'><strong>corpora,</strong></span> 
     </span>
    </p>
   </div>
   <div class='ocr_carea' id='block_1_72' title="bbox 296 2613 1078 2650">
    <p class='ocr_par' dir='ltr' id='par_1_72' title="bbox 296 2613 1078 2650">
     <span class='ocr_line' id='line_1_72' title="bbox 296 2613 1078 2650; baseline 0.001 -10"><span class='ocrx_word' id='word_1_528' title='bbox 296 2614 384 2641; x_wconf 88' lang='lat' dir='ltr'><strong>omnis</strong></span> <span class='ocrx_word' id='word_1_529' title='bbox 402 2615 521 2642; x_wconf 62' lang='lat' dir='ltr'><strong>materiae</strong></span> <span class='ocrx_word' id='word_1_530' title='bbox 534 2619 672 2650; x_wconf 79' lang='lat' dir='ltr'><strong>expertem</strong></span> <span class='ocrx_word' id='word_1_531' title='bbox 693 2615 937 2650; x_wconf 88' lang='lat' dir='ltr'><strong>incorruptamque</strong></span> <span class='ocrx_word' id='word_1_532' title='bbox 953 2613 1078 2650; x_wconf 86' lang='lat' dir='ltr'><strong>fragran—</strong></span> 
     </span>
    </p>
   </div>
   <div class='ocr_carea' id='block_1_73' title="bbox 296 2659 1079 2696">
    <p class='ocr_par' dir='ltr' id='par_1_73' title="bbox 296 2659 1079 2696">
     <span class='ocr_line' id='line_1_73' title="bbox 296 2659 1079 2696; baseline 0.003 -10"><span class='ocrx_word' id='word_1_533' title='bbox 296 2659 362 2686; x_wconf 77' lang='lat' dir='ltr'><strong>tiam</strong></span> <span class='ocrx_word' id='word_1_534' title='bbox 378 2659 528 2693; x_wconf 84' lang='lat' dir='ltr'><strong>redoleant,</strong></span> <span class='ocrx_word' id='word_1_535' title='bbox 545 2661 608 2688; x_wconf 93' lang='lat' dir='ltr'><strong>dum</strong></span> <span class='ocrx_word' id='word_1_536' title='bbox 626 2661 736 2696; x_wconf 92' lang='lat' dir='ltr'><strong>quidem</strong></span> <span class='ocrx_word' id='word_1_537' title='bbox 754 2669 882 2696; x_wconf 87' lang='lat' dir='ltr'><strong>superne.</strong></span> <span class='ocrx_word' id='word_1_538' title='bbox 897 2661 984 2690; x_wconf 81' lang='lat' dir='ltr'><strong>instar</strong></span> <span class='ocrx_word' id='word_1_539' title='bbox 996 2661 1079 2689; x_wconf 91' lang='lat' dir='ltr'><strong>fontis</strong></span> 
     </span>
    </p>
   </div>
   <div class='ocr_carea' id='block_1_74' title="bbox 298 2705 1080 2742">
    <p class='ocr_par' dir='ltr' id='par_1_74' title="bbox 298 2705 1080 2742">
     <span class='ocr_line' id='line_1_74' title="bbox 298 2705 1080 2742; baseline 0.004 -11"><span class='ocrx_word' id='word_1_540' title='bbox 298 2709 390 2732; x_wconf 84' lang='lat' dir='ltr'><strong>manat</strong></span> <span class='ocrx_word' id='word_1_541' title='bbox 405 2705 476 2733; x_wconf 89' lang='lat' dir='ltr'><strong>Deus</strong></span> <span class='ocrx_word' id='word_1_542' title='bbox 490 2707 621 2740; x_wconf 85' lang='lat' dir='ltr'><strong>universi,</strong></span> <span class='ocrx_word' id='word_1_543' title='bbox 635 2707 681 2742; x_wconf 92' lang='lat' dir='ltr'><strong>qui</strong></span> <span class='ocrx_word' id='word_1_544' title='bbox 698 2714 762 2734; x_wconf 91' lang='lat' dir='ltr'><strong>cum</strong></span> <span class='ocrx_word' id='word_1_545' title='bbox 784 2707 856 2734; x_wconf 81' lang='lat' dir='ltr'><strong>unici</strong></span> <span class='ocrx_word' id='word_1_546' title='bbox 869 2706 951 2735; x_wconf 88' lang='lat' dir='ltr'><strong>Verbi</strong></span> <span class='ocrx_word' id='word_1_547' title='bbox 975 2707 1017 2735; x_wconf 89' lang='lat' dir='ltr'><strong>sui</strong></span> <span class='ocrx_word' id='word_1_548' title='bbox 1043 2708 1080 2734; x_wconf 87' lang='lat' dir='ltr'><strong>sit</strong></span> 
     </span>
    </p>
   </div>
   <div class='ocr_carea' id='block_1_75' title="bbox 298 2749 1078 2788">
    <p class='ocr_par' dir='ltr' id='par_1_75' title="bbox 298 2749 1078 2788">
     <span class='ocr_line' id='line_1_75' title="bbox 298 2749 1078 2788; baseline 0.004 -11"><span class='ocrx_word' id='word_1_549' title='bbox 298 2749 389 2782; x_wconf 80' lang='lat' dir='ltr'><strong>Pater,</strong></span> <span class='ocrx_word' id='word_1_550' title='bbox 402 2751 471 2779; x_wconf 90' lang='lat' dir='ltr'><strong>idem</strong></span> <span class='ocrx_word' id='word_1_551' title='bbox 488 2753 524 2779; x_wconf 89' lang='lat' dir='ltr'><strong>sit</strong></span> <span class='ocrx_word' id='word_1_552' title='bbox 538 2752 655 2786; x_wconf 90' lang='lat' dir='ltr'><strong>primum</strong></span> <span class='ocrx_word' id='word_1_553' title='bbox 667 2761 696 2780; x_wconf 87' lang='lat' dir='ltr'><strong>rc</strong></span> <span class='ocrx_word' id='word_1_554' title='bbox 711 2760 774 2780; x_wconf 90' lang='lat' dir='ltr'><strong>vera</strong></span> <span class='ocrx_word' id='word_1_555' title='bbox 796 2753 910 2786; x_wconf 92' lang='lat' dir='ltr'><strong>bonum,</strong></span> <span class='ocrx_word' id='word_1_556' title='bbox 926 2753 999 2788; x_wconf 89' lang='lat' dir='ltr'><strong>quod</strong></span> <span class='ocrx_word' id='word_1_557' title='bbox 1015 2753 1078 2781; x_wconf 91' lang='lat' dir='ltr'><strong>boni</strong></span> 
     </span>
    </p>
   </div>
   <div class='ocr_carea' id='block_1_76' title="bbox 299 2796 1079 2836">
    <p class='ocr_par' dir='ltr' id='par_1_76' title="bbox 299 2796 1079 2836">
     <span class='ocr_line' id='line_1_76' title="bbox 299 2796 1079 2836; baseline 0.006 -14"><span class='ocrx_word' id='word_1_558' title='bbox 299 2796 424 2831; x_wconf 84' lang='lat' dir='ltr'><strong>gignendi</strong></span> <span class='ocrx_word' id='word_1_559' title='bbox 436 2798 489 2825; x_wconf 84' lang='lat' dir='ltr'><strong>vim</strong></span> <span class='ocrx_word' id='word_1_560' title='bbox 501 2798 609 2831; x_wconf 81' lang='lat' dir='ltr'><strong>habeat,</strong></span> <span class='ocrx_word' id='word_1_561' title='bbox 624 2799 743 2834; x_wconf 90' lang='lat' dir='ltr'><strong>dumque</strong></span> <span class='ocrx_word' id='word_1_562' title='bbox 752 2801 906 2836; x_wconf 82' lang='lat' dir='ltr'><strong>genituram</strong></span> <span class='ocrx_word' id='word_1_563' title='bbox 924 2801 1040 2834; x_wconf 88' lang='lat' dir='ltr'><strong>obtinet,</strong></span> <span class='ocrx_word' id='word_1_564' title='bbox 1051 2804 1079 2828; x_wconf 88' lang='lat' dir='ltr'><strong>et</strong></span> 
     </span>
    </p>
   </div>
   <div class='ocr_carea' id='block_1_77' title="bbox 335 2885 776 2920">
    <p class='ocr_par' dir='ltr' id='par_1_77' title="bbox 335 2885 776 2920">
     <span class='ocr_line' id='line_1_77' title="bbox 335 2885 776 2920; baseline 0.005 -8"><span class='ocrx_word' id='word_1_565' title='bbox 335 2888 345 2902; x_wconf 81' lang='grc'>¹</span> <span class='ocrx_word' id='word_1_566' title='bbox 361 2886 381 2913; x_wconf 95' lang='lat' dir='ltr'><strong>ll</strong></span> <span class='ocrx_word' id='word_1_567' title='bbox 393 2886 454 2914; x_wconf 87' lang='lat' dir='ltr'><strong>Cor.</strong></span> <span class='ocrx_word' id='word_1_568' title='bbox 473 2895 502 2914; x_wconf 87' lang='grc' dir='ltr'>ιι.</span> <span class='ocrx_word' id='word_1_569' title='bbox 522 2888 564 2915; x_wconf 74' lang='grc'>15.</span> <span class='ocrx_word' id='word_1_570' title='bbox 601 2885 699 2913; x_wconf 82' lang='lat' dir='ltr'><strong>&#39;Cant.</strong></span> <span class='ocrx_word' id='word_1_571' title='bbox 715 2894 734 2920; x_wconf 79' lang='grc' dir='ltr'><strong>ι,</strong></span> <span class='ocrx_word' id='word_1_572' title='bbox 750 2886 776 2914; x_wconf 76' lang='lat'><strong>2.</strong></span> 
     </span>
    </p>
   </div>
   <div class='ocr_carea' id='block_1_78' title="bbox 1138 953 1925 992">
    <p class='ocr_par' dir='ltr' id='par_1_78' title="bbox 1138 953 1925 992">
     <span class='ocr_line' id='line_1_78' title="bbox 1138 953 1925 992; baseline -0.003 -9"><span class='ocrx_word' id='word_1_573' title='bbox 1138 957 1184 984; x_wconf 82' lang='grc' dir='ltr'>Διὸ</span> <span class='ocrx_word' id='word_1_574' title='bbox 1193 957 1243 992; x_wconf 85' lang='grc' dir='ltr'>τῆς</span> <span class='ocrx_word' id='word_1_575' title='bbox 1261 957 1342 983; x_wconf 85' lang='grc' dir='ltr'>αὐτοῦ</span> <span class='ocrx_word' id='word_1_576' title='bbox 1357 956 1529 989; x_wconf 83' lang='grc' dir='ltr'>ὲκκενώσεως</span> <span class='ocrx_word' id='word_1_577' title='bbox 1555 956 1589 983; x_wconf 81' lang='grc' dir='ltr'>τὰ</span> <span class='ocrx_word' id='word_1_578' title='bbox 1609 956 1706 989; x_wconf 79' lang='grc' dir='ltr'>πάντα,</span> <span class='ocrx_word' id='word_1_579' title='bbox 1725 955 1811 990; x_wconf 84' lang='grc' dir='ltr'>ὀρατά</span> <span class='ocrx_word' id='word_1_580' title='bbox 1825 963 1856 981; x_wconf 88' lang='grc' dir='ltr'><strong>τε</strong></span> <span class='ocrx_word' id='word_1_581' title='bbox 1876 953 1925 981; x_wconf 80' lang='grc' dir='ltr'>καὶ</span> 
     </span>
    </p>
   </div>
   <div class='ocr_carea' id='block_1_79' title="bbox 1138 1001 1926 1039">
    <p class='ocr_par' dir='ltr' id='par_1_79' title="bbox 1138 1001 1926 1039">
     <span class='ocr_line' id='line_1_79' title="bbox 1138 1001 1926 1039; baseline -0.004 -9"><span class='ocrx_word' id='word_1_582' title='bbox 1138 1003 1250 1038; x_wconf 81' lang='grc' dir='ltr'><strong>ἀόρατα¹</strong></span> <span class='ocrx_word' id='word_1_583' title='bbox 1279 1002 1392 1039; x_wconf 82' lang='grc' dir='ltr'>σώματά</span> <span class='ocrx_word' id='word_1_584' title='bbox 1417 1011 1447 1030; x_wconf 86' lang='grc' dir='ltr'><strong>τε</strong></span> <span class='ocrx_word' id='word_1_585' title='bbox 1471 1003 1519 1030; x_wconf 78' lang='grc' dir='ltr'><strong>καὶ</strong></span> <span class='ocrx_word' id='word_1_586' title='bbox 1539 1002 1681 1038; x_wconf 65' lang='grc' dir='ltr'>ἀσέιματα,</span> <span class='ocrx_word' id='word_1_587' title='bbox 1705 1001 1801 1036; x_wconf 79' lang='grc' dir='ltr'>λογικά</span> <span class='ocrx_word' id='word_1_588' title='bbox 1820 1009 1850 1028; x_wconf 91' lang='grc' dir='ltr'><strong>τε</strong></span> <span class='ocrx_word' id='word_1_589' title='bbox 1875 1009 1926 1027; x_wconf 84' lang='grc' dir='ltr'><strong>και</strong></span> 
     </span>
    </p>
   </div>
   <div class='ocr_carea' id='block_1_80' title="bbox 1138 1046 1924 1085">
    <p class='ocr_par' dir='ltr' id='par_1_80' title="bbox 1138 1046 1924 1085">
     <span class='ocr_line' id='line_1_80' title="bbox 1138 1046 1924 1085; baseline -0.005 -8"><span class='ocrx_word' id='word_1_590' title='bbox 1138 1049 1232 1084; x_wconf 80' lang='grc' dir='ltr'>ἄλογα,</span> <span class='ocrx_word' id='word_1_591' title='bbox 1252 1050 1430 1085; x_wconf 78' lang='grc' dir='ltr'>μετασχόντα,</span> <span class='ocrx_word' id='word_1_592' title='bbox 1444 1049 1583 1083; x_wconf 79' lang='grc' dir='ltr'>ἀναλόγως</span> <span class='ocrx_word' id='word_1_593' title='bbox 1595 1048 1760 1083; x_wconf 78' lang='grc' dir='ltr'>κατηξίωται</span> <span class='ocrx_word' id='word_1_594' title='bbox 1779 1046 1924 1083; x_wconf 76' lang='grc' dir='ltr'>μετουσίας</span> 
     </span>
    </p>
   </div>
   <div class='ocr_carea' id='block_1_81' title="bbox 1138 1093 1925 1131">
    <p class='ocr_par' dir='ltr' id='par_1_81' title="bbox 1138 1093 1925 1131">
     <span class='ocr_line' id='line_1_81' title="bbox 1138 1093 1925 1131; baseline -0.004 -9"><span class='ocrx_word' id='word_1_595' title='bbox 1138 1096 1245 1131; x_wconf 78' lang='grc' dir='ltr'>καὶτῆς</span> <span class='ocrx_word' id='word_1_596' title='bbox 1255 1096 1302 1122; x_wconf 84' lang='grc' dir='ltr'><strong>τοῦ</strong></span> <span class='ocrx_word' id='word_1_597' title='bbox 1323 1096 1395 1122; x_wconf 85' lang='grc' dir='ltr'>θείου</span> <span class='ocrx_word' id='word_1_598' title='bbox 1412 1095 1499 1130; x_wconf 86' lang='grc' dir='ltr'>Λόγου</span> <span class='ocrx_word' id='word_1_599' title='bbox 1526 1094 1671 1131; x_wconf 73' lang='grc' dir='ltr'>μετείληφε</span> <span class='ocrx_word' id='word_1_600' title='bbox 1688 1093 1840 1125; x_wconf 77' lang='grc' dir='ltr'>κοινωνίας.</span> <span class='ocrx_word' id='word_1_601' title='bbox 1851 1093 1925 1120; x_wconf 72' lang='grc' dir='ltr'>Ταύ-</span> 
     </span>
    </p>
   </div>
   <div class='ocr_carea' id='block_1_82' title="bbox 1137 1138 1924 1177">
    <p class='ocr_par' dir='ltr' id='par_1_82' title="bbox 1137 1138 1924 1177">
     <span class='ocr_line' id='line_1_82' title="bbox 1137 1138 1924 1177; baseline -0.005 -9"><span class='ocrx_word' id='word_1_602' title='bbox 1137 1151 1186 1177; x_wconf 87' lang='grc' dir='ltr'><strong>της</strong></span> <span class='ocrx_word' id='word_1_603' title='bbox 1195 1150 1227 1176; x_wconf 89' lang='grc' dir='ltr'><strong>γε</strong></span> <span class='ocrx_word' id='word_1_604' title='bbox 1243 1142 1292 1177; x_wconf 84' lang='grc' dir='ltr'>τῆς</span> <span class='ocrx_word' id='word_1_605' title='bbox 1306 1141 1398 1168; x_wconf 77' lang='grc' dir='ltr'>ἐνθέου</span> <span class='ocrx_word' id='word_1_606' title='bbox 1415 1141 1499 1176; x_wconf 84' lang='grc' dir='ltr'>πνοῆς</span> <span class='ocrx_word' id='word_1_607' title='bbox 1508 1142 1557 1176; x_wconf 79' lang='grc' dir='ltr'>τὴν</span> <span class='ocrx_word' id='word_1_608' title='bbox 1565 1139 1707 1175; x_wconf 71' lang='grc' dir='ltr'>ἀντίληψιν</span> <span class='ocrx_word' id='word_1_609' title='bbox 1718 1140 1774 1170; x_wconf 83' lang='grc' dir='ltr'>τοῖς</span> <span class='ocrx_word' id='word_1_610' title='bbox 1785 1138 1835 1171; x_wconf 75' lang='grc' dir='ltr'>τὰς</span> <span class='ocrx_word' id='word_1_611' title='bbox 1851 1138 1924 1172; x_wconf 90' lang='grc' dir='ltr'>λογι-</span> 
     </span>
    </p>
   </div>
   <div class='ocr_carea' id='block_1_83' title="bbox 1138 1184 1921 1224">
    <p class='ocr_par' dir='ltr' id='par_1_83' title="bbox 1138 1184 1921 1224">
     <span class='ocr_line' id='line_1_83' title="bbox 1138 1184 1921 1224; baseline -0.006 -9"><span class='ocrx_word' id='word_1_612' title='bbox 1138 1188 1189 1221; x_wconf 78' lang='grc' dir='ltr'>κὰς</span> <span class='ocrx_word' id='word_1_613' title='bbox 1215 1189 1352 1224; x_wconf 75' lang='grc' dir='ltr'><strong>αἰσθήσεις</strong></span> <span class='ocrx_word' id='word_1_614' title='bbox 1372 1187 1410 1223; x_wconf 87' lang='grc' dir='ltr'>μὴ</span> <span class='ocrx_word' id='word_1_615' title='bbox 1434 1187 1642 1223; x_wconf 78' lang='grc' dir='ltr'>πεπηρωμένοις</span> <span class='ocrx_word' id='word_1_616' title='bbox 1658 1187 1672 1213; x_wconf 88' lang='lat'><strong>6</strong></span> <span class='ocrx_word' id='word_1_617' title='bbox 1699 1185 1808 1221; x_wconf 79' lang='grc' dir='ltr'>σύμπας</span> <span class='ocrx_word' id='word_1_618' title='bbox 1825 1184 1921 1211; x_wconf 80' lang='grc' dir='ltr'>ἀποδί-</span> 
     </span>
    </p>
   </div>
   <div class='ocr_carea' id='block_1_84' title="bbox 1137 1230 1923 1270">
    <p class='ocr_par' dir='ltr' id='par_1_84' title="bbox 1137 1230 1923 1270">
     <span class='ocr_line' id='line_1_84' title="bbox 1137 1230 1923 1270; baseline -0.005 -9"><span class='ocrx_word' id='word_1_619' title='bbox 1137 1235 1201 1261; x_wconf 86' lang='grc' dir='ltr'>δωσι</span> <span class='ocrx_word' id='word_1_620' title='bbox 1227 1235 1337 1270; x_wconf 84' lang='grc' dir='ltr'>κόσμος,</span> <span class='ocrx_word' id='word_1_621' title='bbox 1367 1235 1405 1266; x_wconf 84' lang='grc' dir='ltr'>ὡς</span> <span class='ocrx_word' id='word_1_622' title='bbox 1424 1233 1458 1260; x_wconf 77' lang='grc' dir='ltr'>τὰ</span> <span class='ocrx_word' id='word_1_623' title='bbox 1487 1235 1520 1269; x_wconf 89' lang='grc' dir='ltr'>τῇ</span> <span class='ocrx_word' id='word_1_624' title='bbox 1538 1233 1618 1268; x_wconf 81' lang='grc' dir='ltr'>φύσει</span> <span class='ocrx_word' id='word_1_625' title='bbox 1639 1231 1726 1267; x_wconf 82' lang='grc' dir='ltr'>γεώδη</span> <span class='ocrx_word' id='word_1_626' title='bbox 1743 1232 1791 1258; x_wconf 77' lang='grc' dir='ltr'>καὶ</span> <span class='ocrx_word' id='word_1_627' title='bbox 1813 1230 1923 1267; x_wconf 73' lang='grc' dir='ltr'>φθαρτὰ</span> 
     </span>
    </p>
   </div>
   <div class='ocr_carea' id='block_1_85' title="bbox 1137 1278 1921 1316">
    <p class='ocr_par' dir='ltr' id='par_1_85' title="bbox 1137 1278 1921 1316">
     <span class='ocr_line' id='line_1_85' title="bbox 1137 1278 1921 1316; baseline -0.006 -9"><span class='ocrx_word' id='word_1_628' title='bbox 1137 1281 1250 1316; x_wconf 80' lang='grc' dir='ltr'>σώματα</span> <span class='ocrx_word' id='word_1_629' title='bbox 1271 1281 1319 1316; x_wconf 79' lang='grc' dir='ltr'>τῆς</span> <span class='ocrx_word' id='word_1_630' title='bbox 1342 1281 1423 1307; x_wconf 77' lang='grc' dir='ltr'>ἀΰλου</span> <span class='ocrx_word' id='word_1_631' title='bbox 1439 1280 1484 1307; x_wconf 77' lang='grc' dir='ltr'>καὶ</span> <span class='ocrx_word' id='word_1_632' title='bbox 1499 1279 1636 1315; x_wconf 75' lang='grc' dir='ltr'>ἀκηράτου</span> <span class='ocrx_word' id='word_1_633' title='bbox 1654 1278 1766 1309; x_wconf 76' lang='grc' dir='ltr'>εὐωδίας</span> <span class='ocrx_word' id='word_1_634' title='bbox 1778 1278 1921 1308; x_wconf 74' lang='grc' dir='ltr'>ἀποπνεῖν,</span> 
     </span>
    </p>
   </div>
   <div class='ocr_carea' id='block_1_86' title="bbox 1137 1320 1922 1363">
    <p class='ocr_par' dir='ltr' id='par_1_86' title="bbox 1137 1320 1922 1363">
     <span class='ocr_line' id='line_1_86' title="bbox 1137 1320 1922 1363; baseline -0.008 -8"><span class='ocrx_word' id='word_1_635' title='bbox 1137 1327 1305 1363; x_wconf 82' lang='grc' dir='ltr'>πηγάζοντος</span> <span class='ocrx_word' id='word_1_636' title='bbox 1320 1327 1368 1362; x_wconf 78' lang='grc' dir='ltr'>μὲν</span> <span class='ocrx_word' id='word_1_637' title='bbox 1388 1327 1490 1354; x_wconf 78' lang='grc' dir='ltr'>ἀνωθεν</span> <span class='ocrx_word' id='word_1_638' title='bbox 1508 1326 1555 1353; x_wconf 84' lang='grc' dir='ltr'><strong>τοῦ</strong></span> <span class='ocrx_word' id='word_1_639' title='bbox 1571 1326 1625 1352; x_wconf 81' lang='grc' dir='ltr'>τῶν</span> <span class='ocrx_word' id='word_1_640' title='bbox 1638 1325 1706 1352; x_wconf 81' lang='grc' dir='ltr'>ὅλων</span> <span class='ocrx_word' id='word_1_641' title='bbox 1718 1323 1798 1355; x_wconf 78' lang='grc' dir='ltr'>Θεοῦ,</span> <span class='ocrx_word' id='word_1_642' title='bbox 1813 1324 1859 1356; x_wconf 78' lang='grc' dir='ltr'>ὃς,</span> <span class='ocrx_word' id='word_1_643' title='bbox 1873 1320 1922 1350; x_wconf 80' lang='grc' dir='ltr'><strong>τοῦ</strong></span> 
     </span>
    </p>
   </div>
   <div class='ocr_carea' id='block_1_87' title="bbox 1138 1365 1927 1407">
    <p class='ocr_par' dir='ltr' id='par_1_87' title="bbox 1138 1365 1927 1407">
     <span class='ocr_line' id='line_1_87' title="bbox 1138 1365 1927 1407; baseline -0.005 -8"><span class='ocrx_word' id='word_1_644' title='bbox 1138 1372 1297 1407; x_wconf 74' lang='grc' dir='ltr'>μονογενοῦς</span> <span class='ocrx_word' id='word_1_645' title='bbox 1309 1371 1392 1399; x_wconf 78' lang='grc' dir='ltr'>αὐτοῦ</span> <span class='ocrx_word' id='word_1_646' title='bbox 1408 1372 1492 1405; x_wconf 82' lang='grc' dir='ltr'>Λόγου</span> <span class='ocrx_word' id='word_1_647' title='bbox 1512 1371 1606 1407; x_wconf 82' lang='grc' dir='ltr'>Πατὴρ</span> <span class='ocrx_word' id='word_1_648' title='bbox 1626 1370 1674 1402; x_wconf 81' lang='grc' dir='ltr'>ὢν,</span> <span class='ocrx_word' id='word_1_649' title='bbox 1700 1370 1780 1401; x_wconf 84' lang='grc' dir='ltr'>αὐτὸς</span> <span class='ocrx_word' id='word_1_650' title='bbox 1792 1368 1826 1396; x_wconf 74' lang='grc' dir='ltr'>ἂν</span> <span class='ocrx_word' id='word_1_651' title='bbox 1837 1368 1880 1404; x_wconf 81' lang='grc' dir='ltr'>εἴη</span> 
     </span>
    </p>
   </div>
   <div class='ocr_carea' id='block_1_88' title="bbox 1137 1413 1922 1457">
    <p class='ocr_par' dir='ltr' id='par_1_88' title="bbox 1137 1413 1922 1457">
     <span class='ocr_line' id='line_1_88' title="bbox 1137 1413 1922 1457; baseline -0.005 -13"><span class='ocrx_word' id='word_1_652' title='bbox 1137 1417 1243 1453; x_wconf 83' lang='grc' dir='ltr'>πρῶτον</span> <span class='ocrx_word' id='word_1_653' title='bbox 1261 1417 1307 1444; x_wconf 79' lang='grc' dir='ltr'>καὶ</span> <span class='ocrx_word' id='word_1_654' title='bbox 1328 1417 1422 1457; x_wconf 78' lang='grc' dir='ltr'>κύριον</span> <span class='ocrx_word' id='word_1_655' title='bbox 1439 1416 1485 1443; x_wconf 78' lang='grc' dir='ltr'>καὶ</span> <span class='ocrx_word' id='word_1_656' title='bbox 1509 1416 1588 1451; x_wconf 86' lang='grc' dir='ltr'>μόνον</span> <span class='ocrx_word' id='word_1_657' title='bbox 1602 1415 1709 1451; x_wconf 85' lang='grc' dir='ltr'>ἁληθῶς</span> <span class='ocrx_word' id='word_1_658' title='bbox 1725 1413 1836 1449; x_wconf 80' lang='grc' dir='ltr'>ἀγαθὸν,</span> <span class='ocrx_word' id='word_1_659' title='bbox 1852 1415 1922 1457; x_wconf 59' lang='grc' dir='ltr'>ἀγρι-</span> 
     </span>
    </p>
   </div>
   <div class='ocr_carea' id='block_1_89' title="bbox 1137 1456 1922 1500">
    <p class='ocr_par' dir='ltr' id='par_1_89' title="bbox 1137 1456 1922 1500">
     <span class='ocr_line' id='line_1_89' title="bbox 1137 1456 1922 1500; baseline -0.006 -9"><span class='ocrx_word' id='word_1_660' title='bbox 1137 1464 1183 1491; x_wconf 84' lang='grc' dir='ltr'><strong>οοῦ</strong></span> <span class='ocrx_word' id='word_1_661' title='bbox 1201 1456 1379 1500; x_wconf 70' lang='grc' dir='ltr'>γεννητικδν,</span> <span class='ocrx_word' id='word_1_662' title='bbox 1402 1464 1606 1499; x_wconf 79' lang='grc' dir='ltr'>δευτερεύοντος</span> <span class='ocrx_word' id='word_1_663' title='bbox 1629 1463 1668 1494; x_wconf 82' lang='grc' dir='ltr'>δὲ,</span> <span class='ocrx_word' id='word_1_664' title='bbox 1692 1462 1738 1489; x_wconf 56' lang='grc' dir='ltr'><strong>καὶ¹</strong></span> <span class='ocrx_word' id='word_1_665' title='bbox 1764 1461 1839 1488; x_wconf 81' lang='grc' dir='ltr'>ὼσᾶν</span> <span class='ocrx_word' id='word_1_666' title='bbox 1867 1456 1922 1487; x_wconf 76' lang='grc' dir='ltr'><strong>ἀπὸ</strong></span> 
     </span>
    </p>
   </div>
   <div class='ocr_carea' id='block_1_90' title="bbox 1136 1503 1922 1546">
    <p class='ocr_par' dir='ltr' id='par_1_90' title="bbox 1136 1503 1922 1546">
     <span class='ocr_line' id='line_1_90' title="bbox 1136 1503 1922 1546; baseline -0.006 -9"><span class='ocrx_word' id='word_1_667' title='bbox 1136 1510 1246 1546; x_wconf 81' lang='grc' dir='ltr'>πρώτης</span> <span class='ocrx_word' id='word_1_668' title='bbox 1262 1510 1308 1537; x_wconf 73' lang='grc' dir='ltr'>καὶ</span> <span class='ocrx_word' id='word_1_669' title='bbox 1335 1508 1488 1545; x_wconf 79' lang='grc' dir='ltr'>ἡγουμένης</span> <span class='ocrx_word' id='word_1_670' title='bbox 1501 1508 1596 1540; x_wconf 83' lang='grc' dir='ltr'>οὐσίας</span> <span class='ocrx_word' id='word_1_671' title='bbox 1614 1505 1859 1542; x_wconf 83' lang='grc' dir='ltr'>ἐπιχορηγουμένου</span> <span class='ocrx_word' id='word_1_672' title='bbox 1874 1503 1922 1532; x_wconf 79' lang='grc' dir='ltr'><strong>τοῦ</strong></span> 
     </span>
    </p>
   </div>
   <div class='ocr_carea' id='block_1_91' title="bbox 1137 1552 1923 1592">
    <p class='ocr_par' dir='ltr' id='par_1_91' title="bbox 1137 1552 1923 1592">
     <span class='ocr_line' id='line_1_91' title="bbox 1137 1552 1923 1592; baseline -0.008 -9"><span class='ocrx_word' id='word_1_673' title='bbox 1137 1556 1213 1589; x_wconf 87' lang='grc' dir='ltr'>Υἱοῦ,</span> <span class='ocrx_word' id='word_1_674' title='bbox 1236 1557 1264 1588; x_wconf 79' lang='grc' dir='ltr'>ὃς</span> <span class='ocrx_word' id='word_1_675' title='bbox 1288 1556 1334 1583; x_wconf 76' lang='grc' dir='ltr'>καὶ</span> <span class='ocrx_word' id='word_1_676' title='bbox 1349 1556 1427 1592; x_wconf 83' lang='grc' dir='ltr'>μόνος</span> <span class='ocrx_word' id='word_1_677' title='bbox 1444 1555 1495 1590; x_wconf 82' lang='grc' dir='ltr'>τῆς</span> <span class='ocrx_word' id='word_1_678' title='bbox 1511 1554 1646 1590; x_wconf 81' lang='grc' dir='ltr'>πατρικῆς</span> <span class='ocrx_word' id='word_1_679' title='bbox 1661 1553 1754 1585; x_wconf 77' lang='grc' dir='ltr'>οὐσίας</span> <span class='ocrx_word' id='word_1_680' title='bbox 1767 1552 1865 1578; x_wconf 87' lang='grc' dir='ltr'>εὐωδία</span> <span class='ocrx_word' id='word_1_681' title='bbox 1880 1560 1923 1582; x_wconf 84' lang='grc' dir='ltr'><strong>τις</strong></span> 
     </span>
    </p>
   </div>
   <div class='ocr_carea' id='block_1_92' title="bbox 1134 1595 1923 1637">
    <p class='ocr_par' dir='ltr' id='par_1_92' title="bbox 1134 1595 1923 1637">
     <span class='ocr_line' id='line_1_92' title="bbox 1134 1595 1923 1637; baseline -0.008 -9"><span class='ocrx_word' id='word_1_682' title='bbox 1134 1603 1200 1637; x_wconf 79' lang='grc' dir='ltr'>ἡμῖν</span> <span class='ocrx_word' id='word_1_683' title='bbox 1230 1601 1372 1637; x_wconf 85' lang='grc' dir='ltr'>ἀνείρηται</span> <span class='ocrx_word' id='word_1_684' title='bbox 1396 1600 1549 1626; x_wconf 81' lang='grc' dir='ltr'>δουλεύουσι</span> <span class='ocrx_word' id='word_1_685' title='bbox 1574 1598 1655 1633; x_wconf 86' lang='grc' dir='ltr'>λογίῳ</span> <span class='ocrx_word' id='word_1_686' title='bbox 1680 1597 1834 1625; x_wconf 82' lang='grc' dir='ltr'>παιδεύοντι</span> <span class='ocrx_word' id='word_1_687' title='bbox 1858 1595 1923 1632; x_wconf 82' lang='grc' dir='ltr'>περὶ</span> 
     </span>
    </p>
   </div>
   <div class='ocr_carea' id='block_1_93' title="bbox 1135 1641 1923 1682">
    <p class='ocr_par' dir='ltr' id='par_1_93' title="bbox 1135 1641 1923 1682">
     <span class='ocr_line' id='line_1_93' title="bbox 1135 1641 1923 1682; baseline -0.009 -7"><span class='ocrx_word' id='word_1_688' title='bbox 1135 1647 1227 1680; x_wconf 78' lang='grc' dir='ltr'>αὐτοῦ,</span> <span class='ocrx_word' id='word_1_689' title='bbox 1241 1648 1281 1674; x_wconf 78' lang='grc' dir='ltr'>ὅτι</span> <span class='ocrx_word' id='word_1_690' title='bbox 1298 1647 1340 1682; x_wconf 81' lang='grc' dir='ltr'><strong>δὴ.</strong></span> <span class='ocrx_word' id='word_1_691' title='bbox 1361 1656 1371 1671; x_wconf 85' lang='grc'><em>‹</em></span> <span class='ocrx_word' id='word_1_692' title='bbox 1388 1646 1481 1681; x_wconf 74' lang='grc' dir='ltr'>’Λτμίς</span> <span class='ocrx_word' id='word_1_693' title='bbox 1494 1646 1551 1672; x_wconf 76' lang='grc' dir='ltr'>ἐστι</span> <span class='ocrx_word' id='word_1_694' title='bbox 1569 1644 1618 1679; x_wconf 77' lang='grc' dir='ltr'><strong>τῆς</strong></span> <span class='ocrx_word' id='word_1_695' title='bbox 1627 1643 1674 1670; x_wconf 85' lang='grc' dir='ltr'><strong>τοῦ</strong></span> <span class='ocrx_word' id='word_1_696' title='bbox 1688 1642 1755 1670; x_wconf 85' lang='grc' dir='ltr'>Θεοῦ</span> <span class='ocrx_word' id='word_1_697' title='bbox 1770 1641 1923 1677; x_wconf 79' lang='grc' dir='ltr'>δυνάμεως.</span> 
     </span>
    </p>
   </div>
   <div class='ocr_carea' id='block_1_94' title="bbox 1133 1688 1922 1729">
    <p class='ocr_par' dir='ltr' id='par_1_94' title="bbox 1133 1688 1922 1729">
     <span class='ocr_line' id='line_1_94' title="bbox 1133 1688 1922 1729; baseline -0.009 -9"><span class='ocrx_word' id='word_1_698' title='bbox 1133 1694 1181 1720; x_wconf 74' lang='grc' dir='ltr'>καὶ</span> <span class='ocrx_word' id='word_1_699' title='bbox 1197 1694 1330 1729; x_wconf 75' lang='grc' dir='ltr'>ἀπόρροια</span> <span class='ocrx_word' id='word_1_700' title='bbox 1346 1693 1393 1728; x_wconf 79' lang='grc' dir='ltr'>τῆς</span> <span class='ocrx_word' id='word_1_701' title='bbox 1417 1691 1464 1718; x_wconf 87' lang='grc' dir='ltr'><strong>τοῦ</strong></span> <span class='ocrx_word' id='word_1_702' title='bbox 1482 1691 1703 1727; x_wconf 85' lang='grc' dir='ltr'>Παντοκράτορος</span> <span class='ocrx_word' id='word_1_703' title='bbox 1718 1688 1796 1724; x_wconf 78' lang='grc' dir='ltr'>δόξης</span> <span class='ocrx_word' id='word_1_704' title='bbox 1809 1688 1922 1723; x_wconf 78' lang='grc' dir='ltr'>εἰλικρι-</span> 
     </span>
    </p>
   </div>
   <div class='ocr_carea' id='block_1_95' title="bbox 1133 1734 1923 1775">
    <p class='ocr_par' dir='ltr' id='par_1_95' title="bbox 1133 1734 1923 1775">
     <span class='ocr_line' id='line_1_95' title="bbox 1133 1734 1923 1775; baseline -0.01 -9"><span class='ocrx_word' id='word_1_705' title='bbox 1133 1741 1192 1775; x_wconf 80' lang='grc' dir='ltr'>νὴς.</span> <span class='ocrx_word' id='word_1_706' title='bbox 1212 1739 1259 1766; x_wconf 76' lang='grc' dir='ltr'>καὶ</span> <span class='ocrx_word' id='word_1_707' title='bbox 1282 1739 1451 1773; x_wconf 79' lang='grc' dir='ltr'>ἀπαύγασμα</span> <span class='ocrx_word' id='word_1_708' title='bbox 1477 1737 1563 1772; x_wconf 75' lang='grc' dir='ltr'>φωτὸς</span> <span class='ocrx_word' id='word_1_709' title='bbox 1587 1736 1688 1768; x_wconf 82' lang='grc' dir='ltr'>ἀϊδίου,</span> <span class='ocrx_word' id='word_1_710' title='bbox 1716 1735 1762 1762; x_wconf 79' lang='grc' dir='ltr'>καὶ</span> <span class='ocrx_word' id='word_1_711' title='bbox 1790 1734 1923 1768; x_wconf 78' lang='grc' dir='ltr'>ἔσοπτρον</span> 
     </span>
    </p>
   </div>
   <div class='ocr_carea' id='block_1_96' title="bbox 1134 1778 1923 1820">
    <p class='ocr_par' dir='ltr' id='par_1_96' title="bbox 1134 1778 1923 1820">
     <span class='ocr_line' id='line_1_96' title="bbox 1134 1778 1923 1820; baseline -0.01 -7"><span class='ocrx_word' id='word_1_712' title='bbox 1134 1785 1299 1820; x_wconf 86' lang='grc' dir='ltr'>ἀκηλίδωτον</span> <span class='ocrx_word' id='word_1_713' title='bbox 1321 1786 1370 1820; x_wconf 78' lang='grc' dir='ltr'>τῆς</span> <span class='ocrx_word' id='word_1_714' title='bbox 1386 1784 1431 1810; x_wconf 85' lang='grc' dir='ltr'><strong>τοῦ</strong></span> <span class='ocrx_word' id='word_1_715' title='bbox 1450 1783 1518 1810; x_wconf 82' lang='grc' dir='ltr'>Θεοῦ</span> <span class='ocrx_word' id='word_1_716' title='bbox 1535 1783 1683 1819; x_wconf 68' lang='grc' dir='ltr'>ἐνεργείας,</span> <span class='ocrx_word' id='word_1_717' title='bbox 1697 1780 1744 1808; x_wconf 79' lang='grc' dir='ltr'>καὶ</span> <span class='ocrx_word' id='word_1_718' title='bbox 1769 1778 1851 1807; x_wconf 85' lang='grc' dir='ltr'>είκὼν</span> <span class='ocrx_word' id='word_1_719' title='bbox 1872 1779 1923 1814; x_wconf 73' lang='grc' dir='ltr'>τῆς</span> 
     </span>
    </p>
   </div>
   <div class='ocr_carea' id='block_1_97' title="bbox 1134 1824 1923 1865">
    <p class='ocr_par' dir='ltr' id='par_1_97' title="bbox 1134 1824 1923 1865">
     <span class='ocr_line' id='line_1_97' title="bbox 1134 1824 1923 1865; baseline -0.011 -7"><span class='ocrx_word' id='word_1_720' title='bbox 1134 1831 1301 1865; x_wconf 82' lang='grc' dir='ltr'>ἀγαθότητος</span> <span class='ocrx_word' id='word_1_721' title='bbox 1324 1829 1417 1857; x_wconf 83' lang='grc' dir='ltr'>αὐτοῦ.</span> <span class='ocrx_word' id='word_1_722' title='bbox 1440 1839 1448 1855; x_wconf 77' lang='grc' dir='ltr'><strong>ι</strong></span> <span class='ocrx_word' id='word_1_723' title='bbox 1466 1828 1538 1864; x_wconf 78' lang='grc' dir='ltr'>Πλὴν</span> <span class='ocrx_word' id='word_1_724' title='bbox 1571 1827 1639 1855; x_wconf 82' lang='grc' dir='ltr'>ἀλλὰ</span> <span class='ocrx_word' id='word_1_725' title='bbox 1655 1826 1740 1859; x_wconf 77' lang='grc' dir='ltr'>ταῦτα</span> <span class='ocrx_word' id='word_1_726' title='bbox 1757 1825 1811 1860; x_wconf 81' lang='grc' dir='ltr'>ὅπη</span> <span class='ocrx_word' id='word_1_727' title='bbox 1829 1824 1862 1851; x_wconf 80' lang='grc' dir='ltr'><strong>ἀν</strong></span> <span class='ocrx_word' id='word_1_728' title='bbox 1879 1831 1923 1854; x_wconf 85' lang='grc' dir='ltr'><strong>τις</strong></span> 
     </span>
    </p>
   </div>
   <div class='ocr_carea' id='block_1_98' title="bbox 1134 1870 1922 1911">
    <p class='ocr_par' dir='ltr' id='par_1_98' title="bbox 1134 1870 1922 1911">
     <span class='ocr_line' id='line_1_98' title="bbox 1134 1870 1922 1911; baseline -0.009 -8"><span class='ocrx_word' id='word_1_729' title='bbox 1134 1877 1180 1904; x_wconf 81' lang='grc' dir='ltr'>καὶ</span> <span class='ocrx_word' id='word_1_730' title='bbox 1197 1876 1278 1909; x_wconf 83' lang='grc' dir='ltr'>Θέλοι,</span> <span class='ocrx_word' id='word_1_731' title='bbox 1287 1876 1371 1911; x_wconf 78' lang='grc' dir='ltr'>ταύτῃ</span> <span class='ocrx_word' id='word_1_732' title='bbox 1387 1875 1501 1902; x_wconf 79' lang='grc' dir='ltr'>τιθέσθω</span> <span class='ocrx_word' id='word_1_733' title='bbox 1513 1884 1518 1889; x_wconf 88' lang='grc'>·</span> <span class='ocrx_word' id='word_1_734' title='bbox 1532 1876 1597 1910; x_wconf 89' lang='grc' dir='ltr'>ἡμῖν</span> <span class='ocrx_word' id='word_1_735' title='bbox 1615 1874 1643 1900; x_wconf 80' lang='grc' dir='ltr'>δὲ</span> <span class='ocrx_word' id='word_1_736' title='bbox 1656 1873 1767 1908; x_wconf 78' lang='grc' dir='ltr'>ἐξαρκεί</span> <span class='ocrx_word' id='word_1_737' title='bbox 1779 1871 1809 1898; x_wconf 83' lang='grc' dir='ltr'>τὸ</span> <span class='ocrx_word' id='word_1_738' title='bbox 1821 1870 1922 1906; x_wconf 78' lang='grc' dir='ltr'>ἀληθὲς</span> 
     </span>
    </p>
   </div>
   <div class='ocr_carea' id='block_1_99' title="bbox 1133 1915 1922 1955">
    <p class='ocr_par' dir='ltr' id='par_1_99' title="bbox 1133 1915 1922 1955">
     <span class='ocr_line' id='line_1_99' title="bbox 1133 1915 1922 1955; baseline -0.01 -5"><span class='ocrx_word' id='word_1_739' title='bbox 1133 1923 1222 1950; x_wconf 78' lang='grc' dir='ltr'>ἐκεῖνο</span> <span class='ocrx_word' id='word_1_740' title='bbox 1237 1922 1283 1949; x_wconf 76' lang='grc' dir='ltr'>καὶ</span> <span class='ocrx_word' id='word_1_741' title='bbox 1306 1922 1416 1954; x_wconf 76' lang='grc' dir='ltr'>εὐσεϐὲς</span> <span class='ocrx_word' id='word_1_742' title='bbox 1434 1919 1512 1953; x_wconf 79' lang='grc' dir='ltr'>αὖθις</span> <span class='ocrx_word' id='word_1_743' title='bbox 1531 1919 1764 1955; x_wconf 77' lang='grc' dir='ltr'>ἐπαναλαμϐάνειν</span> <span class='ocrx_word' id='word_1_744' title='bbox 1786 1917 1872 1953; x_wconf 74' lang='grc' dir='ltr'>ῥῆμα,</span> <span class='ocrx_word' id='word_1_745' title='bbox 1886 1915 1922 1943; x_wconf 84' lang='grc' dir='ltr'>δι’</span> 
     </span>
    </p>
   </div>
   <div class='ocr_carea' id='block_1_100' title="bbox 1133 1963 1922 2003">
    <p class='ocr_par' dir='ltr' id='par_1_100' title="bbox 1133 1963 1922 2003">
     <span class='ocr_line' id='line_1_100' title="bbox 1133 1963 1922 2003; baseline -0.008 -8"><span class='ocrx_word' id='word_1_746' title='bbox 1133 1964 1163 1994; x_wconf 73' lang='grc' dir='ltr'><strong>οὗ</strong></span> <span class='ocrx_word' id='word_1_747' title='bbox 1183 1969 1229 1995; x_wconf 77' lang='grc' dir='ltr'>καὶ</span> <span class='ocrx_word' id='word_1_748' title='bbox 1239 1968 1289 2003; x_wconf 83' lang='grc' dir='ltr'>τὴν</span> <span class='ocrx_word' id='word_1_749' title='bbox 1305 1967 1380 1995; x_wconf 80' lang='grc' dir='ltr'>λύσιν</span> <span class='ocrx_word' id='word_1_750' title='bbox 1403 1967 1568 2003; x_wconf 77' lang='grc' dir='ltr'>ἐπιθήσομεν</span> <span class='ocrx_word' id='word_1_751' title='bbox 1590 1968 1647 1998; x_wconf 83' lang='grc' dir='ltr'>τοῖς</span> <span class='ocrx_word' id='word_1_752' title='bbox 1670 1963 1846 2002; x_wconf 77' lang='grc' dir='ltr'>ὲξῃτημένοις</span> <span class='ocrx_word' id='word_1_753' title='bbox 1857 1963 1922 1990; x_wconf 79' lang='grc' dir='ltr'>πολ-</span> 
     </span>
    </p>
   </div>
   <div class='ocr_carea' id='block_1_101' title="bbox 1133 2009 1922 2049">
    <p class='ocr_par' dir='ltr' id='par_1_101' title="bbox 1133 2009 1922 2049">
     <span class='ocr_line' id='line_1_101' title="bbox 1133 2009 1922 2049; baseline -0.005 -9"><span class='ocrx_word' id='word_1_754' title='bbox 1133 2014 1210 2044; x_wconf 84' lang='grc' dir='ltr'>λάκις</span> <span class='ocrx_word' id='word_1_755' title='bbox 1227 2013 1277 2049; x_wconf 81' lang='grc' dir='ltr'>ἢδη</span> <span class='ocrx_word' id='word_1_756' title='bbox 1303 2013 1478 2044; x_wconf 80' lang='grc' dir='ltr'>ἑπειπόντες·</span> <span class='ocrx_word' id='word_1_757' title='bbox 1498 2022 1507 2038; x_wconf 87' lang='grc'><strong><em>‹</em></strong></span> <span class='ocrx_word' id='word_1_758' title='bbox 1526 2012 1581 2047; x_wconf 81' lang='grc' dir='ltr'><strong>Τὴν</strong></span> <span class='ocrx_word' id='word_1_759' title='bbox 1603 2009 1699 2045; x_wconf 78' lang='grc' dir='ltr'>γενεὰν</span> <span class='ocrx_word' id='word_1_760' title='bbox 1727 2009 1810 2037; x_wconf 85' lang='grc' dir='ltr'>αὐτοῦ</span> <span class='ocrx_word' id='word_1_761' title='bbox 1828 2009 1871 2041; x_wconf 76' lang='grc' dir='ltr'><strong>τίς</strong></span> <span class='ocrx_word' id='word_1_762' title='bbox 1881 2009 1922 2036; x_wconf 85' lang='grc' dir='ltr'>δι-</span> 
     </span>
    </p>
   </div>
   <div class='ocr_carea' id='block_1_102' title="bbox 1133 2053 1920 2095">
    <p class='ocr_par' dir='ltr' id='par_1_102' title="bbox 1133 2053 1920 2095">
     <span class='ocr_line' id='line_1_102' title="bbox 1133 2053 1920 2095; baseline -0.006 -10"><span class='ocrx_word' id='word_1_763' title='bbox 1133 2061 1284 2095; x_wconf 81' lang='grc' dir='ltr'>ηγήσεται;</span> <span class='ocrx_word' id='word_1_764' title='bbox 1299 2067 1308 2083; x_wconf 72' lang='grc' dir='ltr'><strong>ι</strong></span> <span class='ocrx_word' id='word_1_765' title='bbox 1319 2058 1473 2092; x_wconf 78' lang='grc' dir='ltr'>’Δνὲφικτος</span> <span class='ocrx_word' id='word_1_766' title='bbox 1491 2057 1544 2092; x_wconf 82' lang='grc' dir='ltr'><strong>γὰρ</strong></span> <span class='ocrx_word' id='word_1_767' title='bbox 1565 2056 1602 2087; x_wconf 81' lang='grc' dir='ltr'>ὡς</span> <span class='ocrx_word' id='word_1_768' title='bbox 1615 2055 1734 2091; x_wconf 85' lang='grc' dir='ltr'>ἀληθῶς,</span> <span class='ocrx_word' id='word_1_769' title='bbox 1750 2055 1798 2082; x_wconf 83' lang='grc' dir='ltr'>καὶ</span> <span class='ocrx_word' id='word_1_770' title='bbox 1812 2053 1920 2085; x_wconf 67' lang='grc' dir='ltr'>οὐκάν-</span> 
     </span>
    </p>
   </div>
   <div class='ocr_carea' id='block_1_103' title="bbox 1133 2099 1920 2141">
    <p class='ocr_par' dir='ltr' id='par_1_103' title="bbox 1133 2099 1920 2141">
     <span class='ocr_line' id='line_1_103' title="bbox 1133 2099 1920 2141; baseline -0.008 -8"><span class='ocrx_word' id='word_1_771' title='bbox 1133 2106 1251 2141; x_wconf 82' lang='grc' dir='ltr'>Θρώποις</span> <span class='ocrx_word' id='word_1_772' title='bbox 1260 2105 1338 2140; x_wconf 77' lang='grc' dir='ltr'>μόνον</span> <span class='ocrx_word' id='word_1_773' title='bbox 1349 2125 1356 2137; x_wconf 89' lang='grc'><strong>,</strong></span> <span class='ocrx_word' id='word_1_774' title='bbox 1373 2103 1441 2130; x_wconf 83' lang='grc' dir='ltr'>ἀλλὰ</span> <span class='ocrx_word' id='word_1_775' title='bbox 1454 2103 1501 2130; x_wconf 71' lang='grc' dir='ltr'>καὶ</span> <span class='ocrx_word' id='word_1_776' title='bbox 1510 2104 1569 2135; x_wconf 80' lang='grc' dir='ltr'>ταῖς</span> <span class='ocrx_word' id='word_1_777' title='bbox 1586 2103 1674 2137; x_wconf 79' lang='grc' dir='ltr'>πάσης</span> <span class='ocrx_word' id='word_1_778' title='bbox 1689 2100 1816 2128; x_wconf 72' lang='grc' dir='ltr'>ἐπέκεινα</span> <span class='ocrx_word' id='word_1_779' title='bbox 1825 2099 1920 2132; x_wconf 79' lang='grc' dir='ltr'>οὐσίας</span> 
     </span>
    </p>
   </div>
   <div class='ocr_carea' id='block_1_104' title="bbox 1132 2146 1920 2186">
    <p class='ocr_par' dir='ltr' id='par_1_104' title="bbox 1132 2146 1920 2186">
     <span class='ocr_line' id='line_1_104' title="bbox 1132 2146 1920 2186; baseline -0.008 -8"><span class='ocrx_word' id='word_1_780' title='bbox 1132 2151 1289 2186; x_wconf 85' lang='grc' dir='ltr'>δυνάμεσιν,</span> <span class='ocrx_word' id='word_1_781' title='bbox 1306 2151 1322 2186; x_wconf 88' lang='grc' dir='ltr'>ἡ</span> <span class='ocrx_word' id='word_1_782' title='bbox 1338 2149 1385 2176; x_wconf 86' lang='grc' dir='ltr'><strong>τοῦ</strong></span> <span class='ocrx_word' id='word_1_783' title='bbox 1404 2149 1572 2183; x_wconf 83' lang='grc' dir='ltr'>Μονογενοῦς</span> <span class='ocrx_word' id='word_1_784' title='bbox 1583 2148 1630 2175; x_wconf 86' lang='grc' dir='ltr'><strong>τοῦ</strong></span> <span class='ocrx_word' id='word_1_785' title='bbox 1648 2147 1716 2175; x_wconf 86' lang='grc' dir='ltr'>Θεοῦ</span> <span class='ocrx_word' id='word_1_786' title='bbox 1732 2146 1861 2183; x_wconf 83' lang='grc' dir='ltr'>τυγχάνει</span> <span class='ocrx_word' id='word_1_787' title='bbox 1874 2146 1920 2181; x_wconf 75' lang='grc' dir='ltr'><strong>γέο</strong></span> 
     </span>
    </p>
   </div>
   <div class='ocr_carea' id='block_1_105' title="bbox 1132 2192 1920 2232">
    <p class='ocr_par' dir='ltr' id='par_1_105' title="bbox 1132 2192 1920 2232">
     <span class='ocr_line' id='line_1_105' title="bbox 1132 2192 1920 2232; baseline -0.006 -8"><span class='ocrx_word' id='word_1_788' title='bbox 1132 2206 1214 2230; x_wconf 90' lang='grc' dir='ltr'>νεσις,</span> <span class='ocrx_word' id='word_1_789' title='bbox 1230 2196 1370 2232; x_wconf 86' lang='grc' dir='ltr'>ὠσπεροῠν</span> <span class='ocrx_word' id='word_1_790' title='bbox 1386 2196 1432 2222; x_wconf 72' lang='grc' dir='ltr'><strong>καὶ</strong></span> <span class='ocrx_word' id='word_1_791' title='bbox 1447 2195 1527 2227; x_wconf 83' lang='grc' dir='ltr'>αὐτὸς</span> <span class='ocrx_word' id='word_1_792' title='bbox 1538 2196 1552 2221; x_wconf 89' lang='lat'><strong>6</strong></span> <span class='ocrx_word' id='word_1_793' title='bbox 1565 2195 1660 2230; x_wconf 79' lang='grc' dir='ltr'>Σωτὴρ</span> <span class='ocrx_word' id='word_1_794' title='bbox 1673 2194 1719 2221; x_wconf 77' lang='grc' dir='ltr'>καὶ</span> <span class='ocrx_word' id='word_1_795' title='bbox 1728 2192 1830 2229; x_wconf 78' lang='grc' dir='ltr'>Κύριος</span> <span class='ocrx_word' id='word_1_796' title='bbox 1838 2192 1920 2229; x_wconf 79' lang='grc' dir='ltr'>ἡμῶν</span> 
     </span>
    </p>
   </div>
   <div class='ocr_carea' id='block_1_106' title="bbox 1133 2238 1920 2278">
    <p class='ocr_par' dir='ltr' id='par_1_106' title="bbox 1133 2238 1920 2278">
     <span class='ocr_line' id='line_1_106' title="bbox 1133 2238 1920 2278; baseline -0.008 -8"><span class='ocrx_word' id='word_1_797' title='bbox 1133 2244 1195 2276; x_wconf 81' lang='grc' dir='ltr'><strong>τούς</strong></span> <span class='ocrx_word' id='word_1_798' title='bbox 1209 2243 1324 2274; x_wconf 79' lang='grc' dir='ltr'>οἰκείους</span> <span class='ocrx_word' id='word_1_799' title='bbox 1341 2242 1463 2278; x_wconf 81' lang='grc' dir='ltr'>μαθητὰς</span> <span class='ocrx_word' id='word_1_800' title='bbox 1483 2241 1553 2268; x_wconf 85' lang='grc' dir='ltr'><strong>αὐτά</strong></span> <span class='ocrx_word' id='word_1_801' title='bbox 1571 2241 1602 2276; x_wconf 81' lang='grc' dir='ltr'>δὴ</span> <span class='ocrx_word' id='word_1_802' title='bbox 1619 2240 1704 2268; x_wconf 81' lang='grc' dir='ltr'>ταῦτα</span> <span class='ocrx_word' id='word_1_803' title='bbox 1719 2238 1920 2276; x_wconf 80' lang='grc' dir='ltr'>μυσταγωγῶν,</span> 
     </span>
    </p>
   </div>
   <div class='ocr_carea' id='block_1_107' title="bbox 1135 2281 1916 2322">
    <p class='ocr_par' dir='ltr' id='par_1_107' title="bbox 1135 2281 1916 2322">
     <span class='ocr_line' id='line_1_107' title="bbox 1135 2281 1916 2322; baseline -0.01 -7"><span class='ocrx_word' id='word_1_804' title='bbox 1135 2298 1144 2314; x_wconf 78' lang='grc' dir='ltr'><strong>ι</strong></span> <span class='ocrx_word' id='word_1_805' title='bbox 1161 2288 1253 2320; x_wconf 74' lang='grc' dir='ltr'>Οὐδεὶς</span> <span class='ocrx_word' id='word_1_806' title='bbox 1272 2287 1353 2322; x_wconf 78' lang='grc' dir='ltr'>ἔγνω,</span> <span class='ocrx_word' id='word_1_807' title='bbox 1372 2296 1381 2312; x_wconf 70' lang='grc' dir='ltr'><strong>ι</strong></span> <span class='ocrx_word' id='word_1_808' title='bbox 1395 2286 1472 2322; x_wconf 77' lang='grc' dir='ltr'>φησὶ,</span> <span class='ocrx_word' id='word_1_809' title='bbox 1485 2295 1493 2311; x_wconf 81' lang='grc' dir='ltr'><strong>ι</strong></span> <span class='ocrx_word' id='word_1_810' title='bbox 1508 2285 1553 2312; x_wconf 79' lang='grc' dir='ltr'>τὸν</span> <span class='ocrx_word' id='word_1_811' title='bbox 1570 2284 1691 2320; x_wconf 81' lang='grc' dir='ltr'>Πατέρα,</span> <span class='ocrx_word' id='word_1_812' title='bbox 1702 2284 1727 2310; x_wconf 80' lang='grc' dir='ltr'><strong>εί</strong></span> <span class='ocrx_word' id='word_1_813' title='bbox 1739 2283 1777 2318; x_wconf 87' lang='grc' dir='ltr'>μὴ</span> <span class='ocrx_word' id='word_1_814' title='bbox 1789 2283 1804 2309; x_wconf 80' lang='grc'>6</span> <span class='ocrx_word' id='word_1_815' title='bbox 1817 2281 1916 2313; x_wconf 73' lang='grc' dir='ltr'>ΥἱόςῚ</span> 
     </span>
    </p>
   </div>
   <div class='ocr_carea' id='block_1_108' title="bbox 1131 2327 1919 2368">
    <p class='ocr_par' dir='ltr' id='par_1_108' title="bbox 1131 2327 1919 2368">
     <span class='ocr_line' id='line_1_108' title="bbox 1131 2327 1919 2368; baseline -0.01 -7"><span class='ocrx_word' id='word_1_816' title='bbox 1131 2331 1153 2368; x_wconf 83' lang='grc' dir='ltr'>ᾦ</span> <span class='ocrx_word' id='word_1_817' title='bbox 1177 2334 1224 2361; x_wconf 73' lang='grc' dir='ltr'><strong>καὶ</strong></span> <span class='ocrx_word' id='word_1_818' title='bbox 1243 2333 1378 2366; x_wconf 76' lang='grc' dir='ltr'>ἐπιλέγει·</span> <span class='ocrx_word' id='word_1_819' title='bbox 1393 2342 1402 2358; x_wconf 76' lang='grc' dir='ltr'><strong>ι</strong></span> <span class='ocrx_word' id='word_1_820' title='bbox 1426 2331 1480 2358; x_wconf 73' lang='grc' dir='ltr'><strong>Καὶ</strong></span> <span class='ocrx_word' id='word_1_821' title='bbox 1495 2330 1581 2362; x_wconf 77' lang='grc' dir='ltr'>οὐδεὶς</span> <span class='ocrx_word' id='word_1_822' title='bbox 1599 2330 1668 2364; x_wconf 85' lang='grc' dir='ltr'>ἒγνω</span> <span class='ocrx_word' id='word_1_823' title='bbox 1687 2329 1732 2356; x_wconf 78' lang='grc' dir='ltr'>τὸν</span> <span class='ocrx_word' id='word_1_824' title='bbox 1748 2328 1823 2361; x_wconf 81' lang='grc' dir='ltr'>Υἰδν,</span> <span class='ocrx_word' id='word_1_825' title='bbox 1840 2327 1865 2354; x_wconf 84' lang='grc' dir='ltr'><strong>εί</strong></span> <span class='ocrx_word' id='word_1_826' title='bbox 1880 2327 1919 2362; x_wconf 81' lang='grc' dir='ltr'>μὴ</span> 
     </span>
    </p>
   </div>
   <div class='ocr_carea' id='block_1_109' title="bbox 1131 2371 1918 2415">
    <p class='ocr_par' dir='ltr' id='par_1_109' title="bbox 1131 2371 1918 2415">
     <span class='ocr_line' id='line_1_109' title="bbox 1131 2371 1918 2415; baseline -0.011 -8"><span class='ocrx_word' id='word_1_827' title='bbox 1131 2382 1145 2407; x_wconf 86' lang='grc' dir='ltr'>ὁ</span> <span class='ocrx_word' id='word_1_828' title='bbox 1161 2380 1265 2415; x_wconf 84' lang='grc' dir='ltr'>Πατήρ.</span> <span class='ocrx_word' id='word_1_829' title='bbox 1279 2389 1288 2405; x_wconf 71' lang='grc' dir='ltr'><strong>ι</strong></span> <span class='ocrx_word' id='word_1_830' title='bbox 1310 2378 1460 2413; x_wconf 79' lang='grc' dir='ltr'>’Δγνώστου</span> <span class='ocrx_word' id='word_1_831' title='bbox 1472 2377 1560 2404; x_wconf 75' lang='grc' dir='ltr'>τοίνυν</span> <span class='ocrx_word' id='word_1_832' title='bbox 1573 2375 1673 2412; x_wconf 86' lang='grc' dir='ltr'>ὁμοίως</span> <span class='ocrx_word' id='word_1_833' title='bbox 1688 2375 1736 2410; x_wconf 83' lang='grc' dir='ltr'>τῆς</span> <span class='ocrx_word' id='word_1_834' title='bbox 1749 2383 1779 2401; x_wconf 93' lang='grc' dir='ltr'><strong>τε</strong></span> <span class='ocrx_word' id='word_1_835' title='bbox 1787 2373 1852 2409; x_wconf 79' lang='grc' dir='ltr'>περὶ</span> <span class='ocrx_word' id='word_1_836' title='bbox 1869 2371 1918 2399; x_wconf 81' lang='grc' dir='ltr'><strong>τοῦ</strong></span> 
     </span>
    </p>
   </div>
   <div class='ocr_carea' id='block_1_110' title="bbox 1132 2419 1918 2462">
    <p class='ocr_par' dir='ltr' id='par_1_110' title="bbox 1132 2419 1918 2462">
     <span class='ocr_line' id='line_1_110' title="bbox 1132 2419 1918 2462; baseline -0.011 -9"><span class='ocrx_word' id='word_1_837' title='bbox 1132 2426 1238 2462; x_wconf 83' lang='grc' dir='ltr'>Πατρδς</span> <span class='ocrx_word' id='word_1_838' title='bbox 1255 2425 1301 2452; x_wconf 81' lang='grc' dir='ltr'>καὶ</span> <span class='ocrx_word' id='word_1_839' title='bbox 1330 2425 1379 2460; x_wconf 80' lang='grc' dir='ltr'>τῆς</span> <span class='ocrx_word' id='word_1_840' title='bbox 1396 2422 1519 2460; x_wconf 70' lang='grc' dir='ltr'>περὶτοῦ</span> <span class='ocrx_word' id='word_1_841' title='bbox 1538 2421 1603 2449; x_wconf 82' lang='grc' dir='ltr'>Υίοῦ</span> <span class='ocrx_word' id='word_1_842' title='bbox 1618 2421 1756 2455; x_wconf 85' lang='grc' dir='ltr'>θεολογίας</span> <span class='ocrx_word' id='word_1_843' title='bbox 1766 2420 1823 2451; x_wconf 84' lang='grc' dir='ltr'>τοῖς</span> <span class='ocrx_word' id='word_1_844' title='bbox 1838 2419 1918 2450; x_wconf 76' lang='grc' dir='ltr'>πᾶσι,</span> 
     </span>
    </p>
   </div>
   <div class='ocr_carea' id='block_1_111' title="bbox 1132 2465 1919 2507">
    <p class='ocr_par' dir='ltr' id='par_1_111' title="bbox 1132 2465 1919 2507">
     <span class='ocr_line' id='line_1_111' title="bbox 1132 2465 1919 2507; baseline -0.01 -9"><span class='ocrx_word' id='word_1_845' title='bbox 1132 2471 1201 2507; x_wconf 77' lang='grc' dir='ltr'>πλὴν</span> <span class='ocrx_word' id='word_1_846' title='bbox 1218 2471 1309 2502; x_wconf 83' lang='grc' dir='ltr'>αὐτοῖς</span> <span class='ocrx_word' id='word_1_847' title='bbox 1318 2469 1516 2505; x_wconf 79' lang='grc' dir='ltr'>τυγχανούσης,</span> <span class='ocrx_word' id='word_1_848' title='bbox 1529 2468 1567 2500; x_wconf 89' lang='grc' dir='ltr'><strong>ὡς</strong></span> <span class='ocrx_word' id='word_1_849' title='bbox 1583 2468 1612 2495; x_wconf 86' lang='grc' dir='ltr'>ὲν</span> <span class='ocrx_word' id='word_1_850' title='bbox 1629 2467 1794 2503; x_wconf 73' lang='grc' dir='ltr'>ἀπορρήτοις</span> <span class='ocrx_word' id='word_1_851' title='bbox 1809 2465 1839 2491; x_wconf 80' lang='grc' dir='ltr'>ὲν</span> <span class='ocrx_word' id='word_1_852' title='bbox 1857 2465 1919 2496; x_wconf 82' lang='grc' dir='ltr'>ταῖς</span> 
     </span>
    </p>
   </div>
   <div class='ocr_carea' id='block_1_112' title="bbox 1132 2510 1919 2553">
    <p class='ocr_par' dir='ltr' id='par_1_112' title="bbox 1132 2510 1919 2553">
     <span class='ocr_line' id='line_1_112' title="bbox 1132 2510 1919 2553; baseline -0.01 -8"><span class='ocrx_word' id='word_1_853' title='bbox 1132 2517 1342 2553; x_wconf 84' lang='grc' dir='ltr'>παρατεθείσαις</span> <span class='ocrx_word' id='word_1_854' title='bbox 1364 2516 1412 2542; x_wconf 86' lang='grc' dir='ltr'><strong>τοῦ</strong></span> <span class='ocrx_word' id='word_1_855' title='bbox 1437 2515 1606 2550; x_wconf 84' lang='grc' dir='ltr'>Σολομῶντος</span> <span class='ocrx_word' id='word_1_856' title='bbox 1633 2513 1731 2546; x_wconf 79' lang='grc' dir='ltr'>λέξεσι,</span> <span class='ocrx_word' id='word_1_857' title='bbox 1751 2512 1802 2547; x_wconf 81' lang='grc' dir='ltr'>τῆς</span> <span class='ocrx_word' id='word_1_858' title='bbox 1818 2510 1919 2545; x_wconf 78' lang='grc' dir='ltr'>Σοφίας</span> 
     </span>
    </p>
   </div>
   <div class='ocr_carea' id='block_1_113' title="bbox 1130 2556 1919 2597">
    <p class='ocr_par' dir='ltr' id='par_1_113' title="bbox 1130 2556 1919 2597">
     <span class='ocr_line' id='line_1_113' title="bbox 1130 2556 1919 2597; baseline -0.009 -7"><span class='ocrx_word' id='word_1_859' title='bbox 1130 2563 1276 2590; x_wconf 82' lang='grc' dir='ltr'>ἀκουστέον</span> <span class='ocrx_word' id='word_1_860' title='bbox 1306 2561 1437 2597; x_wconf 82' lang='grc' dir='ltr'>λεγούσης</span> <span class='ocrx_word' id='word_1_861' title='bbox 1449 2569 1456 2577; x_wconf 90' lang='grc'><strong>·</strong></span> <span class='ocrx_word' id='word_1_862' title='bbox 1471 2571 1480 2586; x_wconf 88' lang='grc'><strong>‹</strong></span> <span class='ocrx_word' id='word_1_863' title='bbox 1492 2561 1549 2595; x_wconf 82' lang='grc' dir='ltr'>Πρὸ</span> <span class='ocrx_word' id='word_1_864' title='bbox 1562 2560 1608 2586; x_wconf 89' lang='grc' dir='ltr'><strong>τοῦ</strong></span> <span class='ocrx_word' id='word_1_865' title='bbox 1626 2559 1676 2595; x_wconf 75' lang='grc' dir='ltr'>ὅρη</span> <span class='ocrx_word' id='word_1_866' title='bbox 1693 2557 1855 2594; x_wconf 77' lang='grc' dir='ltr'>ἑδρασθῆναι</span> <span class='ocrx_word' id='word_1_867' title='bbox 1870 2556 1919 2583; x_wconf 80' lang='grc' dir='ltr'>καὶ</span> 
     </span>
    </p>
   </div>
   <div class='ocr_carea' id='block_1_114' title="bbox 1132 2603 1914 2644">
    <p class='ocr_par' dir='ltr' id='par_1_114' title="bbox 1132 2603 1914 2644">
     <span class='ocr_line' id='line_1_114' title="bbox 1132 2603 1914 2644; baseline -0.009 -9"><span class='ocrx_word' id='word_1_868' title='bbox 1132 2607 1336 2644; x_wconf 82' lang='grc' dir='ltr'>πλασθῆναιτὴν</span> <span class='ocrx_word' id='word_1_869' title='bbox 1345 2607 1408 2642; x_wconf 78' lang='grc' dir='ltr'>γῆν,</span> <span class='ocrx_word' id='word_1_870' title='bbox 1419 2606 1471 2642; x_wconf 79' lang='grc' dir='ltr'>πρὸ</span> <span class='ocrx_word' id='word_1_871' title='bbox 1481 2607 1509 2632; x_wconf 86' lang='grc' dir='ltr'>δὲ</span> <span class='ocrx_word' id='word_1_872' title='bbox 1523 2606 1630 2633; x_wconf 75' lang='grc' dir='ltr'>πάντων</span> <span class='ocrx_word' id='word_1_873' title='bbox 1643 2603 1745 2639; x_wconf 86' lang='grc' dir='ltr'>βουνῶν</span> <span class='ocrx_word' id='word_1_874' title='bbox 1756 2603 1840 2638; x_wconf 80' lang='grc' dir='ltr'>γεννᾷ</span> <span class='ocrx_word' id='word_1_875' title='bbox 1852 2611 1914 2638; x_wconf 65' lang='grc' dir='ltr'>με.)</span> 
     </span>
    </p>
   </div>
   <div class='ocr_carea' id='block_1_115' title="bbox 1133 2647 1918 2690">
    <p class='ocr_par' dir='ltr' id='par_1_115' title="bbox 1133 2647 1918 2690">
     <span class='ocr_line' id='line_1_115' title="bbox 1133 2647 1918 2690; baseline -0.01 -8"><span class='ocrx_word' id='word_1_876' title='bbox 1133 2656 1193 2682; x_wconf 86' lang='grc' dir='ltr'>Ἔτι</span> <span class='ocrx_word' id='word_1_877' title='bbox 1211 2655 1240 2681; x_wconf 81' lang='grc' dir='ltr'>δέ</span> <span class='ocrx_word' id='word_1_878' title='bbox 1263 2662 1330 2690; x_wconf 76' lang='grc' dir='ltr'>φησι</span> <span class='ocrx_word' id='word_1_879' title='bbox 1358 2653 1541 2688; x_wconf 85' lang='grc' dir='ltr'>συμπαρεῖναι</span> <span class='ocrx_word' id='word_1_880' title='bbox 1567 2651 1605 2686; x_wconf 84' lang='grc' dir='ltr'>τῷ</span> <span class='ocrx_word' id='word_1_881' title='bbox 1623 2649 1711 2686; x_wconf 75' lang='grc' dir='ltr'>Πατρὶ</span> <span class='ocrx_word' id='word_1_882' title='bbox 1737 2649 1783 2676; x_wconf 76' lang='grc' dir='ltr'>τὸν</span> <span class='ocrx_word' id='word_1_883' title='bbox 1801 2647 1918 2684; x_wconf 73' lang='grc' dir='ltr'>οὐρανὸν</span> 
     </span>
    </p>
   </div>
   <div class='ocr_carea' id='block_1_116' title="bbox 1131 2694 1917 2733">
    <p class='ocr_par' dir='ltr' id='par_1_116' title="bbox 1131 2694 1917 2733">
     <span class='ocr_line' id='line_1_116' title="bbox 1131 2694 1917 2733; baseline -0.006 -5"><span class='ocrx_word' id='word_1_884' title='bbox 1131 2699 1378 2732; x_wconf 76' lang='grc' dir='ltr'>κατασκευάζοντι·</span> <span class='ocrx_word' id='word_1_885' title='bbox 1394 2708 1404 2724; x_wconf 85' lang='grc'><strong><em>‹</em></strong></span> <span class='ocrx_word' id='word_1_886' title='bbox 1424 2699 1520 2726; x_wconf 84' lang='grc' dir='ltr'>Ἦνίκα</span> <span class='ocrx_word' id='word_1_887' title='bbox 1531 2697 1595 2732; x_wconf 86' lang='grc' dir='ltr'>γοῦν</span> <span class='ocrx_word' id='word_1_888' title='bbox 1601 2696 1733 2733; x_wconf 78' lang='grc' dir='ltr'>ἡτοίμαζε</span> <span class='ocrx_word' id='word_1_889' title='bbox 1741 2694 1917 2731; x_wconf 69' lang='grc' dir='ltr'>τδνούρανὸν.</span> 
     </span>
    </p>
   </div>
   <div class='ocr_carea' id='block_1_117' title="bbox 1131 2738 1905 2782">
    <p class='ocr_par' dir='ltr' id='par_1_117' title="bbox 1131 2738 1905 2782">
     <span class='ocr_line' id='line_1_117' title="bbox 1131 2738 1905 2782; baseline -0.012 -8"><span class='ocrx_word' id='word_1_890' title='bbox 1131 2745 1319 2782; x_wconf 85' lang='grc' dir='ltr'>συμπαρήμην</span> <span class='ocrx_word' id='word_1_891' title='bbox 1346 2743 1432 2779; x_wconf 83' lang='grc' dir='ltr'>αὐτῷ.</span> <span class='ocrx_word' id='word_1_892' title='bbox 1457 2753 1466 2768; x_wconf 75' lang='grc' dir='ltr'><strong>ι</strong></span> <span class='ocrx_word' id='word_1_893' title='bbox 1489 2743 1544 2770; x_wconf 77' lang='grc' dir='ltr'><strong>Καὶ</strong></span> <span class='ocrx_word' id='word_1_894' title='bbox 1564 2742 1594 2769; x_wconf 77' lang='grc' dir='ltr'>τὸ</span> <span class='ocrx_word' id='word_1_895' title='bbox 1615 2741 1645 2774; x_wconf 74' lang='grc' dir='ltr'>ἐξ</span> <span class='ocrx_word' id='word_1_896' title='bbox 1663 2740 1784 2776; x_wconf 79' lang='grc' dir='ltr'>ἀπείρων</span> <span class='ocrx_word' id='word_1_897' title='bbox 1805 2739 1834 2766; x_wconf 80' lang='grc' dir='ltr'>δὲ</span> <span class='ocrx_word' id='word_1_898' title='bbox 1851 2738 1905 2782; x_wconf 54' lang='lat' dir='ltr'><strong>citi:</strong></span> 
     </span>
    </p>
   </div>
   <div class='ocr_carea' id='block_1_118' title="bbox 1130 2780 1918 2826">
    <p class='ocr_par' dir='ltr' id='par_1_118' title="bbox 1130 2780 1918 2826">
     <span class='ocr_line' id='line_1_118' title="bbox 1130 2780 1918 2826; baseline -0.009 -8"><span class='ocrx_word' id='word_1_899' title='bbox 1130 2780 1182 2819; x_wconf 86' lang='grc' dir='ltr'><strong>νων</strong></span> <span class='ocrx_word' id='word_1_900' title='bbox 1206 2780 1288 2818; x_wconf 64' lang='grc' dir='ltr'>ἀΐδιον</span> <span class='ocrx_word' id='word_1_901' title='bbox 1309 2790 1359 2826; x_wconf 80' lang='grc' dir='ltr'>τῆς</span> <span class='ocrx_word' id='word_1_902' title='bbox 1373 2789 1427 2826; x_wconf 63' lang='grc' dir='ltr'><strong>Δσὺν</strong></span> <span class='ocrx_word' id='word_1_903' title='bbox 1447 2788 1534 2824; x_wconf 84' lang='grc' dir='ltr'>Πατρὶ</span> <span class='ocrx_word' id='word_1_904' title='bbox 1556 2787 1686 2822; x_wconf 83' lang='grc' dir='ltr'>διαμονῆς</span> <span class='ocrx_word' id='word_1_905' title='bbox 1708 2784 1854 2821; x_wconf 70' lang='grc' dir='ltr'>ἐμφαίνει.</span> <span class='ocrx_word' id='word_1_906' title='bbox 1875 2780 1918 2816; x_wconf 76' lang='grc' dir='ltr'>οἷς</span> 
     </span>
    </p>
   </div>
  </div>
