2084 3216
136 175 191 204 557
608 180 934 211 DEMONSTRATIONIS
951 180 1181 210 EVANGELICIE
1197 180 1262 210 LIB.
1283 181 1316 210 ν.
1725 184 1776 212 558

139 236 284 283 tmké-ret'
314 249 325 266 ‹
357 240 449 277 Ἦμην
482 243 546 278 παρ’
576 243 658 278 αὐτῷ’
678 243 850 279 ἁρμόζουσα·
883 242 962 283 ὲγὼι

957 269 968 283 λ
988 244 1067 278 quasi
1091 251 1106 270 a
1129 243 1219 278 primo
1238 247 1264 270 et
1284 243 1405 278 ingenito
1428 242 1509 271 Patre
1526 236 1659 273 sutﬁcitur
1679 245 1775 283 Filius,

142 269 232 319 ἥμην.
308 269 492 323 προσέχαιρε·
516 269 575 315 καθ’
603 269 723 325 ἡμέραν.
737 269 766 316 δέ
801 269 965 325 προσώιίτῲΑ

953 269 974 298 Α
991 269 1037 324 qui
1055 269 1144 316 etiamr
1154 288 1229 314 solus
1250 269 1370 321 paternae
1389 287 1515 315 essentia:
1540 288 1690 324 fragrantia
1702 269 1776 325 quae:

146 329 228 357 αὑτοῦ
251 333 447 369 προσέχαιρον.
472 343 481 360 ι
503 335 560 362 Καὶ
582 335 717 367 ἀϐύσσους
734 335 763 361 δὲ
780 336 827 362 καὶ
846 334 937 370 πηγὰς

991 332 1053 359 dam
1075 332 1165 359 diclus
1186 335 1227 358 est
1245 338 1260 357 a
1275 331 1365 363 nobis,
1392 332 1438 366 qui
1461 333 1573 361 oraculo
1599 334 1777 370 obsequimur

150 376 250 403 ὑδάτων
261 396 268 408 ,
287 377 339 413 δρη
356 387 385 405 τε
398 379 444 405 καὶ
460 379 569 414 βουνοὺς
579 400 586 412 ,
600 381 647 408 καὶ
662 381 712 408 ὃσα
727 380 793 407 ἄλλα.
807 380 877 407 κατά
893 381 938 407 τὸν

991 377 1072 404 talem
1089 378 1122 405 de
1136 378 1182 404 illo
1195 377 1349 404 doctrinam
1367 378 1484 405 tradenti
1503 388 1510 405 :
1530 388 1539 404 ι
1558 378 1651 414 Vapor
1669 384 1722 412 est,
1735 381 1775 408 in-

149 422 228 449 τόπον
251 425 353 455 κοινοῖς
375 424 494 460 ῥήμασιν
512 422 552 457 οἷς
567 426 776 461 ἐπωνόμασται,
790 427 848 462 ἦτοι
872 427 938 462 περὶ

990 423 1059 457 quit,
1075 423 1185 450 virtutis
1196 423 1254 455 Dei,
1269 426 1296 450 et
1315 424 1451 451 emanatio
1462 424 1555 459 gloriae
1572 424 1775 460 Omnipotentis

149 468 197 503 τῆς
232 469 280 495 τοῦ
311 470 414 505 κόσμου
445 471 616 503 συστάσεως.
651 474 682 498 ὲκ
703 473 802 508 μέρους
833 473 862 499 τὸ
884 474 937 500 πᾶν

990 471 1108 502 sincera,
1119 474 1145 498 et
1161 470 1287 506 splendor
1302 471 1372 498 lucis
1384 475 1502 504 aeternae,
1519 476 1546 500 et
1563 473 1703 508 speculum
1715 474 1774 502 sine

147 511 289 546 δηλοῦντος
315 513 476 547 ἀκουστέον,
499 516 516 551 ἢ
541 516 740 552 τροπικώτερον
769 518 935 552 ὲκΛηπτέον,

990 516 1095 542 macula
1120 516 1166 544 Dei
1187 516 1312 544 eﬁ'icaciae
1325 537 1334 550 ,
1349 521 1376 545 et
1397 518 1486 553 imago
1500 518 1707 554 bonitatis-ejus
1719 520 1740 548 ⁸.
1759 530 1768 546 ι

147 558 233 585 ταῦτα
251 559 440 596 μεταφέροντα
458 561 492 588 τὰ
512 563 696 598 σημαινόμενα
716 563 761 590 ἐπὶ
778 564 875 598 νοητὰς
889 565 935 590 οὺ-

989 561 1183 590 Verumtamen
1206 563 1265 590 haec
1286 571 1340 599 quo
1362 563 1422 591 loco
1442 564 1503 599 quis
1519 565 1594 597 velit,
1622 565 1659 592 ibi
1679 565 1773 600 utique

148 603 210 634 σίας
232 604 279 630 καὶ
303 603 377 636 θείας
400 605 542 641 δυνάμεις,
565 603 603 633 ὧν
629 608 738 634 πάντων
766 609 936 644 πρωτότοκος

989 611 1090 642 ponat:
1107 608 1187 635 nobis
1202 612 1293 635 autem
1310 608 1379 636 satis
1394 616 1529 644 superque
1541 610 1587 642 sit,
1598 617 1693 637 verum
1706 610 1772 638 illud

147 649 232 683 Σοφία
247 650 293 676 καὶ
308 651 452 687 μονογενὴς
466 653 513 679 καὶ
526 654 695 689 πρωτόγονος
709 654 756 680 τοῦ
773 653 840 680 Θεοῦ
870 663 936 690 προ-

989 661 1021 681 ac
1040 654 1114 688 pium
1125 662 1220 682 rursus
1235 655 1349 682 verbum
1365 659 1498 690 repetere,
1516 663 1570 690 quo
1581 656 1664 683 etiam
1676 665 1771 684 eorum

148 694 254 730 Ξπέστη
268 695 363 730 Λόγος,
374 698 464 726 ὅντινα
471 699 586 734 Χριστὸν
594 700 673 735 ἡμεῖς
687 700 934 735 προσαγορεύομεν,

989 699 1021 727 de
1030 700 1129 735 quibus
1140 701 1283 735 quaesitum
1298 700 1388 733 fuerit,
1398 701 1569 729 dillicultates
1578 702 1771 736 dissolvemus,

146 741 300 777 διδασκάλῳ
325 743 536 780 μαθητευόμενοι
564 745 602 780 τῷ
631 745 784 781 Ἀποστόλῳ
811 746 933 780 λέγοντι·

988 746 1078 780 ipsum
1091 747 1201 781 inquam
1221 746 1299 778 illud,
1313 746 1385 781 quod
1407 750 1486 774 antea
1508 748 1607 782 saepius
1627 748 1700 775 eﬁ'ati
1726 757 1773 776 su-

149 797 160 813 ί
174 787 292 823 Χριστὸς
307 788 374 816 Θεοῦ
386 790 564 825 δύναμις,καὶ
577 790 644 818 Θεοῦ
661 791 751 826 σοφία.
773 801 782 818 ι
797 792 935 828 Κέκληται

988 799 1049 819 mus
1066 801 1073 818 :
1093 801 1101 817 ι
1125 791 1333 820 Generationem
1350 793 1410 827 ejus
1432 793 1495 828 quis
1518 794 1677 821 enarrabit?
1697 804 1707 821 ›
1733 795 1774 824 Ro

145 834 175 860 δὲ
207 834 322 861 ἐνταῦθα
346 835 384 870 τῷ
403 836 452 870 τῆς
474 836 572 871 Σοφίας
594 837 707 869 εἰκότως
737 838 934 873 προσρήματι,

987 845 1051 865 vera
1067 837 1139 864 enim
1166 846 1219 865 non
1248 838 1336 865 solum
1351 846 1366 865 a
1386 839 1469 867 nullis
1491 839 1661 872 hominibus,
1675 840 1722 868 sed
1738 848 1773 870 ne

146 880 186 911 ὡς
202 879 250 906 τοῦ
270 881 351 916 μόνου
368 881 450 916 σοφοῦ
465 883 570 918 Πατρδς
585 883 633 915 τὰς
650 883 803 917 πανσόφους
817 883 862 910 καὶ
876 884 936 910 ὲπι-

988 884 1022 911 ab
1039 883 1102 911 ullis
1128 884 1237 918 quidem
1263 885 1456 918 potestatibus,
1478 893 1538 920 quae
1566 886 1636 912 ultra
1663 893 1771 914 omnem

148 926 315 960 οτημονικὰς
326 926 379 953 τῶν
389 927 457 954 ὅλων
472 927 588 964 θεωρίας
602 938 665 956 τε...
678 929 780 956 Λείπει
791 929 897 956 τᾶλλα.

987 932 1111 956 naturam
1125 929 1273 960 evaserint,
1290 930 1365 956 unici
1384 929 1431 957 Dei
1446 929 1508 956 Filii
1529 931 1669 966 generatio
1685 934 1774 966 potest

146 973 353 1008 comprehendi,
368 981 434 1001 sane
455 983 509 1003 non
525 976 605 1004 aliter
622 984 703 1011 quam
724 977 783 1012 ipse
804 977 927 1004 Salvator
941 984 973 1004 ac
987 976 1120 1003 Dominus
1149 981 1253 1008 noster,
1280 977 1356 1004 hisce
1386 978 1453 1012 ipsis
1479 978 1561 1005 rebus
1577 987 1642 1006 suos
1661 978 1773 1007 initians

147 1019 298 1055 discipulos
331 1031 337 1048 :
365 1030 377 1047 ί
402 1022 497 1054 Nemo.
528 1024 626 1059 inquit,
666 1024 741 1052 novit
772 1024 878 1052 Patrem
903 1024 955 1052 nisi
984 1023 1071 1051 Filius
1094 1024 1126 1056 ';
1155 1033 1164 1049 ι
1191 1029 1218 1050 et
1260 1024 1383 1058 adjungit
1409 1025 1533 1059 protinus
1557 1034 1564 1052 :
1591 1034 1600 1050 ι
1630 1025 1663 1052 Et
1693 1032 1774 1054 nemo

146 1067 225 1094 novit
238 1067 347 1102 Filium,
359 1069 412 1097 nisi
429 1069 510 1098 Pater
524 1071 544 1099 ⁸.
560 1081 569 1098 ι
583 1071 652 1099 Cum
663 1079 729 1106 ergo
742 1072 877 1107 theologia
892 1072 926 1099 de
940 1071 1019 1098 Patre
1045 1075 1071 1098 et
1092 1070 1162 1098 Filio
1175 1079 1251 1106 atque
1269 1071 1413 1105 omnibus,
1436 1077 1534 1106 praeter
1550 1080 1620 1101 unos
1635 1073 1721 1107 ipsos,
1731 1073 1775 1100 in.

146 1115 257 1150 cognita
272 1116 317 1147 sit,
327 1118 405 1152 quasi
422 1118 449 1145 in
459 1119 604 1146 areanisin
617 1120 671 1147 illis
686 1119 841 1147 Salomonis
851 1119 941 1147 verbis
957 1127 1016 1154 qua:
1035 1118 1161 1153 superius
1175 1119 1364 1153 apposuimus,
1381 1118 1545 1154 Sapientiam
1557 1120 1651 1147 audire
1665 1124 1774 1155 oportet

146 1161 281 1190 dicentem
288 1172 311 1190 ε(
318 1163 468 1201 Antequam
476 1171 581 1194 montes
591 1167 649 1194 suis
658 1167 768 1195 sedibus
777 1167 952 1194 ﬁrmarentur
965 1172 991 1194 et
998 1166 1191 1194 informaretur
1199 1171 1312 1198 terra,et
1325 1171 1388 1194 ante
1397 1175 1491 1194 omnes
1504 1167 1598 1200 colles,
1605 1168 1691 1202 gignit
1699 1175 1751 1195 me.
1759 1177 1770 1194 ι

147 1209 229 1245 217
249 1210 293 1237 Ait
310 1216 452 1247 praeterea,
480 1222 509 1241 se
525 1221 579 1241 una
599 1221 661 1241 cum
679 1213 759 1242 Patre
776 1214 869 1247 fuisse,
895 1222 956 1241 cum
976 1214 1075 1241 caelum
1091 1214 1240 1242 instrueret
1264 1224 1270 1241 :
1288 1224 1296 1239 ι
1315 1214 1440 1247 Quando,
1465 1214 1563 1249 inquit,
1583 1214 1695 1249 parabat
1714 1221 1773 1241 caa-

146 1254 217 1288 lnm,
240 1265 294 1284 una
312 1266 375 1286 cum
401 1267 434 1287 eo
447 1260 566 1287 aderam.
585 1270 594 1286 ι
613 1260 714 1288 Deinde
729 1265 857 1288 aeternam
876 1261 910 1288 ab
929 1260 1043 1288 inﬁnitis
1072 1260 1180 1288 szeculis
1197 1268 1258 1287 cum
1282 1260 1364 1287 Patre
1379 1259 1546 1287 mansionem
1563 1259 1709 1294 signiﬁcat,
1723 1258 1771 1286 ubi

147 1302 292 1340 adjungit:
311 1314 321 1331 ί
345 1306 427 1334 Eram
443 1315 503 1334 cum
529 1308 576 1335 illo
597 1315 775 1344 componens,
794 1316 843 1344 ego
857 1316 932 1336 eram
948 1308 1019 1344 apud
1045 1316 1125 1343 quam
1141 1309 1286 1343 gaudebat,
1301 1308 1424 1344 quotidie
1439 1315 1503 1335 vero
1514 1308 1625 1335 laetabar
1646 1308 1674 1334 in
1696 1307 1772 1334 vultu

145 1350 219 1384 ejus.
235 1359 245 1376 ›
266 1350 351 1378 Porro
367 1356 456 1380 autem
477 1353 590 1388 abyssos
604 1359 631 1382 et
645 1354 732 1381 fontes
746 1362 890 1390 aquarum,
917 1359 943 1382 et
962 1358 1069 1382 montes
1094 1358 1121 1382 et
1141 1354 1236 1387 colles,
1267 1358 1294 1381 et
1315 1354 1368 1381 alia
1388 1362 1559 1389 quaecunque
1581 1352 1773 1382 communibus

145 1396 239 1424 verbis
254 1397 304 1425 hoc
325 1398 353 1426 in
368 1399 429 1426 loco
447 1399 621 1427 denominata
641 1404 715 1432 sunt,
743 1403 789 1427 aut
803 1400 836 1427 de
850 1400 945 1427 mundi
965 1401 1169 1432 constitutione.
1188 1401 1225 1428 ita
1249 1401 1374 1436 accipere
1389 1405 1505 1436 oportet,
1522 1405 1551 1428 ut
1564 1408 1579 1427 a
1594 1405 1670 1436 parte
1684 1404 1772 1428 totum

145 1443 332 1481 intelligatur,
361 1452 407 1473 aut
429 1447 483 1474 alio
504 1455 601 1482 genere
627 1447 719 1482 ﬁgura:
742 1447 927 1482 interpretari,
962 1447 1152 1475 transferendo
1176 1447 1327 1483 signiﬁcata
1345 1455 1438 1475 eorum
1464 1448 1498 1474 ad
1519 1447 1703 1485 intelligibiles
1728 1456 1773 1475 es-

145 1491 262 1524 sentias,
285 1497 488 1529 potestatesque
511 1495 618 1522 divinas
642 1503 648 1520 :
670 1503 738 1530 quas
760 1503 854 1522 omnes
877 1501 938 1522 ortu
967 1503 1016 1523 suo
1039 1496 1176 1523 antecedit
1198 1495 1348 1530 Sapientia,
1375 1495 1529 1530 quibusque
1551 1495 1677 1523 omnibus
1701 1495 1772 1522 anti-

144 1537 230 1571 quius
254 1539 357 1566 exstitit
383 1540 504 1572 unicum,
524 1541 666 1576 primoque
697 1541 816 1577 genitum
842 1541 889 1569 Dei
915 1541 1044 1573 Verbum,
1065 1551 1145 1577 quem
1166 1550 1215 1569 nos
1239 1542 1378 1569 Christum
1407 1543 1542 1577 appellare
1564 1541 1768 1574 consuevimus,

144 1584 239 1611 edocti
260 1592 276 1611 ι
297 1586 428 1619 magistro
440 1586 568 1621 Apostolo
601 1587 726 1615 dicente:
744 1596 753 1612 ‹
771 1587 896 1615 Christus
917 1587 963 1615 Dei
980 1588 1067 1615 virtus
1093 1592 1121 1615 et
1150 1587 1196 1615 Dei
1223 1587 1356 1623 sapientia
1366 1588 1387 1613 ⁷.
1410 1597 1419 1613 ι
1439 1587 1492 1614 Sed
1518 1587 1562 1614 hic
1588 1587 1769 1621 appellatione

146 1631 296 1666 Sapientia:
313 1633 410 1660 merito
426 1639 539 1662 vocatus
552 1639 593 1662 est
610 1634 693 1671 [sicut
720 1635 805 1663 solius
819 1636 950 1671 sapientis
966 1636 1066 1668 Patris,
1085 1635 1302 1671 sapientissimus
1330 1639 1357 1663 ct
1380 1635 1500 1662 scientiae
1516 1638 1642 1669 parentes
1660 1635 1769 1662 univer-

146 1685 242 1706 sorum
255 1679 544 1716 contemplationes]...
560 1680 669 1715 Reliqua
684 1681 786 1708 desunt.

411 1726 607 1753 ΚΕΦΑΛΑΙΟΝ
632 1726 668 1753 B'.
947 1731 969 1758 B

636 1726 668 1753 δ’.
947 1731 969 1758 Β
1292 1722 1407 1751 CAPUT
1429 1723 1459 1751 ll.

441 1771 644 1808 (Ἀκέφαλον.)
1263 1781 1264 1792 ι

1263 1769 1336 1804 (Sine
1351 1769 1500 1804 principio.)

189 1814 235 1841 Ἐν
257 1815 284 1843 δὲ
303 1815 341 1851 τῷ
361 1816 478 1852 δευτέρῳ
502 1818 633 1853 σκήπτρῳ
655 1817 784 1853 βασιλικῷ
803 1819 870 1854 τιμᾷ
882 1827 889 1833 ·
905 1820 934 1845 ἐν

1018 1813 1048 1841 In
1064 1815 1185 1842 secundo
1198 1818 1299 1846 autem,
1315 1816 1416 1850 sceptri
1432 1815 1531 1850 regalis
1544 1816 1647 1844 honore
1663 1816 1765 1845 donat:

146 1859 177 1886 δὲ
190 1860 229 1896 τῷ
246 1861 343 1896 τρίτῳ,
356 1861 404 1896 τὴν
423 1862 481 1888 κατ’
497 1862 595 1897 ἀρετὴν
613 1862 686 1897 αὐτῷ
707 1863 844 1889 τελείωσιν
864 1871 934 1898 μαρ-

985 1859 1012 1887 in
1027 1861 1107 1888 tertio
1117 1868 1182 1888 vero
1198 1860 1325 1895 perfectae
1341 1860 1448 1888 virtutis
1458 1861 1495 1887 illi
1507 1861 1554 1888 dat
1563 1862 1748 1890 testimonium
1758 1885 1767 1897 ,

146 1908 240 1941 τυρεῖ·
259 1905 306 1932 εἶτ’
323 1907 369 1933 ἐπὶ
384 1907 486 1939 τούτοις
501 1908 580 1934 αὑτὸν
595 1908 626 1942 δὴ
643 1908 735 1935 τοῦτον
750 1909 795 1935 τὸν
808 1909 871 1935 Θεὸν
889 1909 934 1935 καὶ

984 1909 1077 1940 postea
1098 1906 1186 1941 ipsum
1207 1906 1278 1932 hunc
1295 1913 1377 1940 super
1392 1906 1426 1934 iis
1441 1909 1469 1934 et
1483 1906 1567 1934 Deum
1583 1911 1610 1934 et
1632 1915 1734 1943 regem,
1752 1916 1767 1935 a

147 1951 262 1987 βασιλέα
274 1953 414 1988 κεχρΞο-Θαι
429 1953 496 1989 πρὸς
512 1953 558 1979 τοῦ
575 1954 711 1981 ἁνωτάτου
725 1954 843 1980 διδάσκει
855 1953 932 1985 Θεοῦ,

985 1959 1112 1986 supremo
1142 1951 1196 1979 Deo
1226 1956 1338 1979 unctum
1365 1960 1424 1980 esse
1448 1952 1537 1985 docet,
1556 1956 1582 1980 et
1607 1960 1638 1980 ea
1661 1954 1766 1981 ratione

147 1998 196 2024 καὶ
207 1997 293 2034 ταύτῃ
310 2007 341 2032 γε
357 1999 473 2034 Χριστὸν
489 1999 635 2033 γεγονέναι.
655 2000 687 2026 Τί
700 2000 752 2036 γὰρ
769 2000 801 2026 ἂν
815 2000 861 2026 καὶ
875 2000 933 2025 ὀνο-

983 1996 1121 2024 Christum
1134 1998 1272 2025 exstitisse
1290 2007 1296 2024 ε
1312 1998 1376 2033 quid
1390 1998 1461 2025 enim
1478 1998 1551 2025 aliud
1567 1999 1700 2033 quispiam
1717 2007 1766 2026 no-

149 2043 266 2077 μάσαιτό
280 2052 322 2075 τις
340 2043 385 2069 τὸν
405 2044 442 2079 μὴ
456 2044 500 2070 ὑπ’
516 2044 665 2079 ἀνθρώπων
677 2045 736 2079 μὲν,
752 2045 797 2071 ὑπ’
813 2044 893 2071 αὐτοῦ
906 2044 933 2070 δὲ

984 2042 1067 2068 minet
1093 2050 1167 2074 eum,
1183 2043 1229 2077 qui
1257 2050 1312 2069 non
1342 2043 1375 2070 ab
1400 2043 1567 2075 hominibus,
1583 2043 1630 2070 sed
1651 2044 1686 2071 ab
1707 2044 1766 2078 ipso

145 2089 196 2115 τοῦ
211 2089 258 2115 ἐπὶ
275 2090 382 2116 πάντων
402 2089 469 2116 Θεοῦ
487 2091 680 2126 κεχρισμένον;
698 2091 743 2117 ἐπὶ
765 2090 851 2125 τούτῳ
869 2090 933 2124 γοῦν

984 2094 1111 2121 supremo
1133 2086 1187 2114 Deo
1207 2087 1243 2114 sit
1270 2087 1389 2114 unctus?
1412 2087 1445 2114 de
1467 2087 1519 2114 hoc
1540 2087 1622 2122 igitur
1642 2086 1680 2113 ait
1710 2095 1716 2112 :
1743 2087 1765 2116 0

147 2143 246 2170 φησιν·
262 2145 272 2160 Ι
291 2133 325 2161 Ὦ
336 2135 386 2162 Θεὲ
399 2135 475 2171 (πρὸς
489 2136 532 2162 τδν
547 2136 691 2171 χρισθέντα
705 2135 931 2171 ἀποτεινόμενος),

983 2130 1065 2163 Deus,
1080 2131 1113 2158 ad
1131 2139 1193 2159 eum
1220 2132 1266 2167 qui
1286 2135 1385 2159 unctus
1400 2136 1442 2159 est
1461 2139 1612 2160 sermonem
1632 2131 1763 2166 dirigens,

146 2181 295 2216 ἠγάπησας
318 2181 499 2216 δικαιοσύνην,
525 2182 572 2208 καὶ
594 2182 727 2217 ἐμίσησας
749 2182 870 2208 ἀδικίαν·
890 2180 933 2207 διὰ

985 2175 1269 2210 (dilexistijustitiam,
1280 2180 1307 2204 et
1331 2177 1412 2204 odisti
1427 2177 1595 2211 iniquitatem
1612 2185 1618 2203 :
1639 2179 1763 2211 propter-

146 2225 227 2252 τοῦτο
240 2226 295 2262 γὰρ
307 2226 399 2262 ἓχρισὲ
413 2235 442 2252 σε
456 2227 469 2252 ό
484 2227 548 2259 Θεὸς
562 2227 576 2252 ὁ
589 2227 656 2258 Θεὸς
673 2236 729 2254 σου.
749 2236 757 2252 ι
784 2227 854 2253 Ὠσεὶ
875 2226 933 2253 ἐλε-

982 2230 1013 2249 ca
1030 2223 1102 2249 enim
1120 2222 1199 2249 unxit
1230 2226 1256 2249 te
1283 2221 1365 2254 Deus,
1382 2222 1452 2250 Deus
1468 2221 1559 2249 tuus“.
1579 2231 1589 2247 θ
1606 2220 1640 2248 Ut
1654 2222 1675 2249 si
1692 2221 1766 2248 dicc-

146 2279 211 2304 γενο
230 2271 258 2297 '0
277 2272 323 2297 ἐπὶ
347 2272 453 2298 πάντων
468 2272 533 2304 Θεὸς
560 2272 651 2308 ἔχρισέ
667 2280 695 2298 σε
708 2272 795 2298 ἔλαιον
807 2271 934 2305 ἀγαλλιά-

982 2271 1038 2301 ret,
1054 2267 1125 2295 Deus
1147 2267 1228 2295 Pater
1250 2268 1326 2295 unxit
1349 2273 1374 2295 te
1401 2268 1461 2295 oleo
1490 2268 1689 2300 exsultationis,
1710 2276 1764 2302 prae

148 2325 219 2348 σεως
236 2317 311 2354 παρὰ
325 2318 387 2349 τοὺς
401 2318 529 2353 μετόχους
545 2326 606 2344 σου·
627 2317 696 2344 ὥστε
709 2318 768 2344 οὐδὲ
784 2317 871 2344 κοινὸν
885 2317 932 2343 καὶ

982 2314 1159 2348 participibus
1174 2314 1229 2341 tuis
1246 2322 1252 2340 :
1269 2313 1305 2340 ita
1323 2321 1410 2348 neque
1421 2321 1565 2341 commune
1581 2317 1608 2340 et
1624 2317 1760 2340 terrenum

147 2362 250 2396 γεῶδες
270 2362 301 2389 τὸ
320 2363 481 2398 δηλούμενον
501 2363 579 2389 τοῦτο
593 2363 695 2398 χρίσμα
708 2361 741 2397 ἦν
752 2382 758 2394 ,
772 2363 831 2388 οὐδὲ
843 2363 932 2397 ὅμοιον
950 2395 965 2398 _

950 2395 965 2398 _
982 2364 1024 2386 est
1037 2359 1089 2386 hoc
1099 2359 1132 2387 de
1150 2367 1204 2394 quo
1217 2359 1305 2394 agitur
1321 2364 1497 2393 unguentum,
1514 2366 1603 2394 neque
1625 2359 1663 2385 illi
1677 2358 1765 2385 simile

146 2407 188 2443 τῷ
201 2408 275 2443 παρὰ
285 2395 378 2435 Μωσεῖ
387 2395 623 2443 νενομοθετημένιμ
638 2395 683 2434 καὶ
695 2395 814 2444 φόαρτῆς
826 2395 932 2443 ἑξηῦλης
946 2395 966 2423 C

946 2395 966 2423 (ἶ
984 2404 1055 2440 quod
1071 2405 1141 2440 apud
1157 2405 1275 2440 Moysem
1292 2405 1349 2439 lege
1362 2405 1500 2432 sancitum'
1511 2408 1563 2436 est,
1580 2408 1607 2432 et
1622 2412 1655 2431 ex
1670 2411 1765 2430 corru-

146 2454 404 2489 κατεσκευασμένῳ,
416 2451 438 2488 ᾧ
449 2454 524 2489 φίλον
535 2452 568 2489 ἦν
582 2455 643 2485 τοὺς
654 2453 784 2484 παλαιοὺς
802 2453 932 2489 Ἑϐραίων

984 2450 1070 2485 ptioni
1080 2450 1198 2477 obnoxia
1210 2450 1321 2478 materia
1333 2454 1529 2485 comparatum,
1539 2457 1593 2485 quo
1605 2457 1671 2477 sane
1681 2450 1764 2477 moris

147 2501 238 2537 ἱερέας
259 2502 306 2528 καὶ
323 2501 446 2536 βασιλέας
471 2500 603 2537 χρίεσθαι.
619 2501 713 2528 Ἔνθεν
736 2501 800 2536 ἡμῖν
822 2500 933 2531 εἰκότως

985 2498 1073 2526 fuerat
1087 2502 1191 2525 veteres
1198 2497 1325 2525 Hebmos
1342 2501 1369 2524 et
1386 2497 1541 2525 sacerdotes
1555 2501 1583 2524 et
1594 2504 1671 2532 reges
1682 2496 1764 2523 inun-

147 2547 195 2574 καὶ
207 2546 272 2578 Θεὸς
283 2546 350 2582 όμοῦ
362 2547 407 2573 καὶ
424 2547 538 2582 Χριστὸς
549 2547 745 2582 ἀνηγόρευται,
768 2545 841 2572 ὡσὰν
855 2545 933 2580 μόνος

985 2552 1048 2579 gere
1065 2553 1071 2571 :
1089 2544 1152 2571 inde
1176 2543 1255 2571 nobis
1278 2544 1384 2574 merito,
1400 2546 1427 2570 et
1449 2542 1520 2570 Deus
1544 2541 1625 2570 simul
1642 2545 1668 2569 et
1684 2540 1765 2568 Chri-

148 2592 187 2628 μὴ
205 2593 239 2619 δι’
256 2593 418 2629 ἀνθρώπων,
435 2593 496 2629 μηδ’
508 2593 537 2625 ἐξ
549 2592 714 2628 ἀνθρώπων,
729 2591 796 2627 πρὸς
808 2590 889 2618 αὑτοῦ
906 2591 934 2617 δὲ

986 2594 1044 2617 stus
1061 2590 1213 2625 appellatus
1229 2593 1281 2620 est.
1296 2594 1424 2624 tanquam
1443 2589 1467 2615 is
1480 2588 1525 2624 qui
1541 2588 1625 2619 solus,
1642 2595 1696 2614 non
1716 2595 1764 2623 per

146 2638 195 2665 τοῦ
206 2638 260 2665 τῶν
269 2639 338 2665 ὅλων
353 2639 469 2675 Ποιητοῦ
482 2640 530 2674 τῆς
544 2639 634 2665 ἐνθέου
646 2639 731 2674 χαρᾶς
746 2638 792 2664 καὶ
806 2637 932 2671 ἀγαλλιά-

985 2635 1118 2667 homines,
1149 2642 1236 2670 neque
1259 2635 1293 2661 ab
1318 2634 1484 2665 hominibus,
1499 2633 1533 2660 ab
1554 2633 1611 2667 ipso
1626 2640 1691 2660 vero
1705 2634 1765 2659 uni-

148 2692 216 2716 σεως
231 2685 369 2720 ἀσωμάτῳ
381 2685 427 2711 καὶ
439 2684 584 2719 θεοπρεπεῖ
599 2683 726 2718 χρίσματι
736 2681 913 2717 κεχρισμένος
921 2689 930 2696 '

983 2680 1055 2707 versi
1071 2680 1190 2708 Auctore
1212 2680 1310 2707 divinae
1327 2679 1426 2706 laetitia:
1452 2682 1533 2714 atque
1561 2678 1761 2710 exsultationis,

147 2730 243 2766 διόπερ
262 2731 374 2762 ἐνδίκως
388 2730 466 2765 μόνος
479 2729 587 2764 ἀγαθῶς
602 2729 648 2756 καὶ
663 2729 764 2764 κυρίως
780 2727 853 2764 παρὰ
867 2727 931 2758 τοὺς

983 2729 1143 2762 incorporeo
1157 2730 1183 2754 et
1200 2725 1245 2753 Dei
1258 2726 1400 2760 majestate
1411 2725 1492 2760 digno
1505 2727 1644 2760 unguento
1660 2724 1696 2751 sit
1709 2731 1761 2750 un-

147 2776 363 2811 ὀνομαζομένους
375 2775 456 2802 αὐτοῦ
474 2774 601 2810 μετόχους
615 2772 729 2808 Χριστὸς
743 2772 775 2798 ἂν
786 2772 932 2807 ἀναγορευ-

984 2779 1045 2801 ctus
1067 2782 1074 2800 :
1095 2776 1260 2807 quapropter
1277 2773 1352 2806 juste
1372 2771 1457 2802 solus,
1474 2771 1532 2798 sine
1555 2769 1656 2797 malitia
1677 2769 1763 2802 solus,

150 2821 219 2857 θείη.
236 2824 267 2849 Οί
284 2822 393 2858 μέτοχοι
405 2821 433 2848 δὲ
442 2820 523 2847 αὑτοῦ
534 2820 603 2851 τίνες
616 2818 648 2846 ἂν
663 2816 726 2850 εἷεν,
735 2818 752 2853 ἣ
761 2818 785 2844 ot
793 2812 842 2844 οἷοί
854 2826 883 2844 τε
891 2818 933 2844 λέ-

986 2818 1054 2845 bene
1068 2821 1095 2845 et
1110 2817 1192 2852 218
1207 2817 1325 2852 proprie,
1339 2824 1393 2852 pra:
1404 2816 1437 2843 iis
1455 2816 1501 2850 qui
1516 2816 1601 2851 ipsius
1616 2815 1760 2850 paiticipcs

185 2900 196 2917 ⁸
211 2900 276 2937 Sap.
296 2909 346 2936 vn,
362 2899 457 2929 25-26.
472 2900 482 2917 '
499 2899 591 2928 Matth.
607 2907 645 2932 ιι,
663 2899 707 2926 27.
759 2899 769 2914 ⁸
783 2899 848 2926 ibid.
908 2900 918 2915 ⁷
937 2899 946 2926 1
978 2898 1008 2926 Ct

585 2921 591 2928 .
607 2907 645 2932 ιι,
663 2899 707 2926 27.
759 2899 769 2914 ⁸
783 2899 848 2926 ibid.
908 2900 918 2915 ⁷
937 2899 946 2926 1
978 2898 1040 2926 Cor.
1058 2907 1077 2932 ι,
1092 2898 1138 2925 24.
1176 2898 1187 2914 ⁸
1201 2896 1273 2925 Psal.
1291 2904 1364 2928 xtlv,
1382 2895 1407 2923 8.
