2084 3216
296 180 350 208 359

616 172 751 201 EUSEBII
767 170 1007 200 CESARIENS-IS
1023 168 1099 197 OPP.
1116 166 1215 194 PARS.
1232 165 1266 194 Π.
1286 181 1321 185 -
1339 163 1589 193 ΑΡοιοοΕτιοΑ.

1869 158 1923 187 560

291 234 479 265 nominantur,
503 232 630 260 Christus
652 230 813 265 appelletur.
839 229 991 264 Participes
1016 235 1082 256 vero

1139 235 1192 260 γειν
1203 234 1210 241 ·
1229 235 1238 251 ι
1253 225 1370 260 Μέτοχοι
1385 224 1439 259 γὰρ
1449 224 1600 258 γεγόναμεν
1613 220 1732 256 Χριστοῦ
1746 228 1754 252 ς
1773 229 1782 245 ι
1803 219 1867 255 περὶ
1885 216 1925 246 ὧν

289 285 349 318 ejus
360 282 471 317 quinam
484 286 578 315 qn:eso
595 278 661 309 sint,
673 277 727 304 nisi
741 277 760 303 ii
776 277 822 311 qui
839 275 931 303 dicere
942 277 1079 310 possunt:

295 338 305 354 ι
325 327 476 362 Partioipes
484 326 556 352 enim
574 324 638 351 facti
648 331 743 351 sumus
757 321 860 350 Christi
870 322 898 348 9?
913 331 921 347 ι
934 320 971 347 De
983 320 1081 355 quibus

290 375 394 402 dictum
411 376 453 400 est
470 381 476 397 :
498 381 507 397 ι
532 370 621 397 Nolite
637 375 748 404 tangere
767 368 888 394 christos
901 374 986 397 meos,
1006 369 1034 392 et
1054 366 1082 392 in

291 421 433 456 prophetis
458 418 526 446 meis
551 418 635 444 nolite
660 415 848 451 malignari“.
873 424 882 440 ι
907 414 971 440 ltcm
1000 412 1082 447 igitur

293 473 355 493 cum
375 465 403 492 in
427 464 470 491 his
497 463 576 498 plane
594 461 720 489 Christus
735 459 900 494 apparuerit,
913 462 939 485 et
953 458 1080 486 dilectus.

294 515 322 539 et
339 510 420 542 Deus,
434 514 462 537 et
485 517 544 539 rex,
559 512 667 542 tempus
679 506 712 533 de
727 506 772 532 illo
787 510 817 532 ut
834 511 1000 539 quaramus,
1014 510 1083 537 quo-

294 557 386 588 modo,
402 555 447 590 qui
458 559 511 581 tam
523 553 635 588 grandis
652 552 696 581 sit.
714 551 839 578 inimicos
851 550 949 576 habere
963 549 1080 580 dicatur,

295 606 322 629 et
335 608 468 637 quosnam
487 600 565 629 istos,
580 602 606 625 et
621 601 732 631 propter
746 603 826 630 quatit
844 602 966 624 causam.
986 594 1083 620 adver—

295 656 342 677 sus
359 655 428 682 quos
451 653 516 673 suas
539 649 663 679 sagittas,
678 651 813 677 suumque
828 642 947 677 gladium
964 641 1082 670 exacuit,

294 698 322 721 et
336 700 390 728 quo
406 697 485 727 pacto
508 691 590 718 nullis
604 691 696 717 armis
721 690 855 716 instructa
871 688 940 719 acie,
957 688 1002 714 sed
1022 694 1084 722 pro-

294 745 355 775 pter
371 742 512 766 veritatem
529 742 555 764 et
578 736 814 763 mansuetudinem
830 740 857 761 et
880 734 1026 768 justitiam,
1043 733 1082 759 in-

294 785 479 814 numerabiles
495 784 545 811 sibi
564 783 614 817 ipsi
632 782 771 817 subegerit
787 782 913 816 populos.
932 781 983 813 Qui
1000 781 1086 815 igitur

295 833 354 860 haec
378 831 536 866 diligentius
551 830 658 865 qumrit.
674 830 747 856 hunc
761 832 870 863 oportet
887 835 921 854 ρει·
936 826 1086 853 transferre

296 878 330 906 ad
346 877 514 905 Salvatorein
528 885 559 904 ac
573 876 716 902 Dominum
732 879 856 902 nostrum
867 873 970 902 Iesum,
983 873 1028 908 qui
1041 876 1082 899 est

1131 269 1239 306 εἴρηται
1250 278 1257 284 ·
1272 279 1281 294 ι
1300 270 1346 304 Μὴ
1364 268 1480 295 ἅπτεσθε
1492 267 1544 294 τῶν
1558 266 1675 302 χριστῶν
1688 274 1737 300 μου
1747 284 1755 296 ,
1769 264 1816 291 καὶ
1831 266 1859 291 ὲν
1869 266 1925 296 τοῖς

1131 316 1284 351 προφήταις
1300 323 1351 350 μου
1370 314 1407 349 μὴ
1420 313 1614 349 πονηρεύεσθε.
1631 321 1639 337 ι
1655 311 1710 338 Καὶ
1724 311 1756 344 δὴ
1771 309 1925 344 πεφηνότος

1131 362 1174 388 διὰ
1185 361 1285 388 τούτων
1299 361 1391 395 σαφῶς
1405 359 1450 386 τοῦ
1463 358 1580 394 Χριστοῦ
1598 356 1740 392 ἀγαπητοῦ
1751 377 1758 386 ,
1777 356 1823 382 καὶ
1838 355 1906 381 Θεοῦ
1916 374 1924 384 .

1131 409 1178 435 καὶ
1193 407 1324 442 βασιλέως
1337 426 1344 437 ,
1359 405 1418 441 ὥρα
1439 413 1467 430 σε
1488 405 1589 439 ζητεῖν,
1607 404 1622 429 ὁ
1638 402 1795 437 τηλικοῦτος
1808 401 1866 432 πῶς
1881 401 1927 436 ἐχ.

1132 455 1213 490 θροῦς
1228 454 1300 489 ἔχειν
1314 453 1436 487 λέγεται,
1452 451 1500 478 καὶ
1513 451 1599 482 τίνας,
1610 451 1657 477 καὶ
1666 450 1699 476 δι’
1708 449 1741 484 ἣν
1752 449 1851 478 αἰτίαν,
1863 447 1926 474 καθ’

1132 499 1170 528 ὧν
1186 500 1220 527 τὰ
1236 500 1332 526 ἑαυτοῦ
1347 499 1424 534 βέλη,
1437 497 1484 525 καὶ
1500 499 1550 532 τὴν
1565 496 1660 524 ἑαυτοῦ
1676 495 1812 531 ῥομφαίαν
1825 494 1926 530 ἠκονή-

1133 556 1215 579 σατο,
1239 547 1312 578 ὅπως
1327 554 1358 572 τε
1381 546 1411 572 οὔ
1437 545 1469 571 δι’
1488 543 1630 578 ὁπλιτικῆς
1652 541 1846 577 παρατάξεως,
1867 540 1926 566 ἀλλ’

1132 594 1223 620 ἕνεκεν
1242 591 1370 626 ἀληθείας
1383 591 1429 617 καὶ
1446 590 1597 625 πραότητος
1621 588 1666 613 καὶ
1684 585 1857 620 δικαιοσύνης
1879 594 1927 618 μυ-

1135 641 1209 676 ρίους
1218 639 1374 674 ὑπηγάγετο
1382 637 1470 671 ἑαυτῷ
1477 635 1567 667 λαούς.
1580 636 1613 661 Ζτ
1619 634 1729 664 τοῦντας
1741 633 1795 668 γὰρ
1807 631 1928 667 ἁκριὸὦς

1133 686 1237 717 ταῦτα,
1252 685 1340 716 καλῶς
1358 683 1390 710 ἂν
1405 683 1460 717 ἔχοι
1478 682 1639 717 μεταφέρειν
1656 680 1724 707 αὐτὰ
1743 679 1789 706 ἐπὶ
1807 678 1852 704 τὸν
1871 678 1929 705 Σωο

1134 733 1204 767 τῆρα
1215 732 1263 757 καὶ
1275 731 1375 766 Κύριον
1390 729 1468 764 ἡμῶν
1480 727 1583 764 Ἰησοῦν
1597 727 1642 753 τὸν
1658 725 1773 761 Χριστὸν
1790 724 1835 751 τοῦ
1848 723 1928 754 Θεοῦ,

1135 777 1316 813 ἀνατρέχοντα
1329 775 1374 802 ἐπὶ
1389 776 1422 801 τα
1436 773 1631 808 διεξωδευμένα
1648 772 1769 807 περὶτῆς
1780 772 1819 802 εἷς
1829 769 1931 806 ἀνθρώ-

1137 832 1204 854 πους
1216 822 1298 849 αὐτοῦ
1310 822 1438 857 παρόδου,
1452 821 1511 848 καθ’
1525 821 1558 855 ἦν
1569 820 1618 850 τὰς
1630 818 1730 854 ἐχθρὰς
1741 817 1788 844 καὶ
1797 818 1931 853 ἀοράτους

1138 869 1265 904 δυνάμεις
1287 868 1340 894 τῶν
1364 867 1507 902 μοχθηρῶν
1524 868 1570 892 καὶ
1591 863 1762 900 λυμαντικῶν
1783 864 1929 898 δαιμόνων,

296 923 424 950 Christus
439 921 495 952 Dei,
511 926 537 948 et
555 921 588 947 ad
617 928 648 947 ea
673 927 814 946 recurrere
838 926 899 953 qua:
912 918 945 945 de
964 918 1036 944 illius
1052 917 1085 943 ad

1139 916 1190 942 τῶν
1206 924 1234 941 τε
1254 913 1380 949 πονηρῶν
1399 914 1445 940 καὶ
1459 912 1622 947 ἀκαθάρτων
1640 910 1803 944 πνευμάτων
1818 917 1931 944 τροπωη

297 968 423 996 bomines
451 966 566 993 adventu
590 973 605 991 a
622 965 702 992 nobis
716 964 838 998 exposita
855 968 919 990 sunt
935 973 943 990 :
962 963 1006 990 ubi
1023 970 1084 989 cum

299 1013 454 1042 hostiles-et
467 1012 555 1038 visum
577 1015 702 1038 nostrum
711 1009 878 1045 .ell‘ugientes
889 1009 1086 1044 ﬂagitiosorum

298 1067 331 1086 ac
347 1058 491 1086 noxiorum
509 1058 661 1084 daemonum
679 1063 880 1090 pravorumque
895 1060 976 1089 atque
997 1055 1087 1090 impu-

298 1112 392 1132 rorum
400 1104 545 1139 spirituum
560 1106 709 1138 potestates
717 1101 782 1129 dare
796 1106 871 1136 terga
884 1101 1015 1136 coegerit,
1026 1109 1088 1136 per-

298 1159 380 1188 quam
405 1149 617 1177 innumerabiles
638 1149 691 1176 sibi
708 1148 760 1183 ipsi
776 1156 809 1176 ex
826 1147 954 1174 omnibus
971 1147 1089 1175 nationi-

297 1198 349 1225 bus
362 1195 654 1232 populoscomparavit
681 1204 689 1222 :
713 1201 794 1229 quem
807 1193 869 1226 inde
884 1194 966 1221 etiam
992 1200 1087 1220 verum

298 1241 347 1270 Dei
363 1242 502 1269 Christum
520 1241 658 1276 appellare
672 1240 830 1272 couveniat,
849 1240 949 1274 quippe
964 1238 1011 1273 qui
1033 1247 1088 1265 nun

299 1288 438 1316 communi
459 1287 530 1318 oleo,
553 1291 584 1314 ut
611 1287 695 1322 prisci
709 1288 920 1316 consueverant,
933 1285 970 1312 sit
990 1289 1089 1312 unctus

301 1334 401 1368 (neque
416 1333 498 1359 etiam
515 1332 568 1359 tale
587 1332 734 1368 quidquam
753 1331 787 1358 de
802 1331 848 1358 illo
863 1330 1002 1358 memoria:
1027 1338 1090 1365 pro-

300 1379 387 1406 ditum
412 1378 476 1414 est),
508 1378 554 1405 sed
577 1377 760 1413 praestantiori
792 1377 910 1411 quodam
944 1376 1091 1411 divinoque

300 1428 451 1459 mgnento,
467 1432 498 1451 ex
512 1431 566 1459 quo
581 1424 674 1458 utique
687 1423 768 1450 etiam
789 1431 838 1458 per
852 1422 961 1453 Isaiam,
979 1423 1019 1450 sic
1033 1423 1070 1449 ait
1082 1431 1088 1449 :

304 1479 314 1496 ι
331 1470 450 1506 Spiritus
474 1466 582 1497 Domini
607 1477 689 1504 super
711 1477 765 1500 me,
790 1473 901 1504 propter
917 1468 990 1504 quod
1013 1469 1092 1495 unxit

302 1517 391 1544 me“.
408 1525 418 1542 ι
435 1515 571 1549 Quocirca
596 1515 667 1542 inter
695 1522 791 1542 omnes
815 1514 1006 1549 potissimum,
1031 1514 1092 1549 qni-

302 1570 410 1598 cunque
435 1569 555 1596 unquam
577 1560 648 1596 apud
677 1560 803 1588 Hebraeos
829 1560 1000 1595 corporalius
1014 1558 1090 1586 untti

303 1612 378 1640 sunt,
396 1606 473 1635 solus
489 1606 517 1633 in
532 1609 591 1633 toto
609 1605 675 1632 orbe
696 1608 832 1631 terrarum
856 1603 929 1638 apud
947 1603 1091 1630 universos

303 1653 406 1681 Christi
430 1652 541 1679 nomine
564 1651 731 1681 celebratur,
756 1653 783 1677 et
807 1649 1030 1676 Christianorum
1057 1647 1093 1675 ab

304 1698 364 1733 ipso
387 1697 502 1725 deducta
527 1696 720 1732 appellatione,
735 1699 820 1722 totam
847 1702 908 1729 quze
934 1694 1093 1722 habitantur

303 1747 404 1770 terram
428 1741 549 1776 implevit
568 1751 574 1768 :
590 1741 791 1776 quodammodo
825 1744 916 1767 autem
943 1740 1019 1767 illum
1042 1747 1094 1766 nn-

303 1791 378 1817 ctum
393 1795 454 1816 esse
468 1787 603 1818 dicamus,
620 1790 648 1814 et
669 1786 735 1821 quid
752 1786 804 1813 hoc
819 1785 856 1813 sit
873 1790 1053 1821 unguentum,
1065 1789 1094 1812 et

304 1834 432 1871 quisnam
470 1833 610 1860 unctionis
637 1832 746 1863 modus,
779 1831 888 1858 abunde
926 1831 993 1859 satis
1023 1831 1094 1858 libro

305 1882 396 1916 priore
422 1879 610 1906 tractavimus.
631 1878 717 1905 Porro
746 1878 773 1905 in
800 1877 883 1912 hujus
907 1877 989 1904 labiis
1013 1881 1095 1911 atque

307 1926 432 1954 doctrina
447 1929 522 1952 tanta
539 1924 625 1951 effusa
640 1929 683 1951 est
698 1923 797 1958 gratia,
816 1927 846 1950 ut
867 1923 942 1950 brevi
961 1926 1092 1956 tempore,

307 1979 339 1999 ea
355 1979 416 2007 quas
433 1971 466 1998 ab
482 1971 542 2006 ipso
554 1970 717 1997 denuntiata
729 1973 782 2001 est,
799 1969 980 1996 sanctimonia
995 1973 1022 1996 et
1038 1969 1095 2003 pie-

308 2022 373 2049 tate.
385 2025 494 2044 omnem
506 2016 595 2043 locum
611 2016 774 2051 impleverit.
791 2015 885 2050 Itaque
899 2015 956 2049 jam
973 2021 1045 2041 nunc
1068 2014 1094 2041 in

309 2063 437 2090 omnibus
460 2062 584 2098 gentibus
603 2061 675 2096 apud
697 2069 745 2089 eos
768 2061 815 2096 qui
836 2061 987 2088 doctrinam
1009 2060 1094 2094 ipsius

309 2107 458 2142 accipiunt,
475 2106 649 2141 comprobata
675 2106 736 2141 ejus
763 2106 921 2142 prophetize,
941 2113 1000 2140 qua:
1024 2113 1095 2132 nunc

311 2155 339 2181 in
371 2153 497 2180 manibus
531 2156 591 2184 est,
636 2152 775 2184 veritate,
816 2156 844 2179 et
881 2151 953 2187 regis
987 2155 1014 2178 et
1048 2150 1096 2178 Dei

310 2198 423 2232 gloriam
458 2196 572 2231 adeptus
594 2199 647 2229 est,
674 2200 702 2223 et
737 2196 810 2231 apud
844 2203 924 2222 omne
956 2195 1095 2222 hominum

1137 962 1270 996 σάμενος,
1293 959 1405 994 μυρίους
1425 959 1505 989 ὅσους
1532 956 1622 991 ἐαυτῷ
1645 956 1724 987 λαοὺς
1751 954 1780 986 ἐξ
1802 953 1931 980 ἁπάντων

1136 1008 1189 1034 τῶν
1202 1007 1286 1034 ἐθνῶν
1303 1006 1499 1040 συνεστήσατο·
1514 1004 1543 1030 ὃν
1555 1004 1601 1030 καὶ
1617 1002 1732 1038 Χριστὸν
1744 1001 1834 1036 ἁληθῆ
1846 1007 1931 1035 προσ-

1138 1054 1198 1089 ήκοι
1214 1053 1246 1079 ἂν
1262 1052 1309 1079 τοῦ
1322 1051 1389 1078 Θεοῦ
1404 1051 1527 1077 ὲνθεῦθεν
1539 1048 1724 1085 ἀναγορεύειν,
1736 1047 1766 1073 οὐ
1783 1046 1866 1081 κοινῷ
1880 1046 1930 1080 μὲν

1138 1099 1220 1134 ἐλαίῳ
1233 1098 1287 1125 τῶν
1301 1098 1386 1125 πάλαι
1412 1096 1534 1132 συνήθως
1547 1095 1691 1131 χρισθέντα
1713 1093 1790 1129 ίοετε
1804 1091 1850 1119 οὖν
1864 1093 1932 1118 ἱστο-

1140 1145 1226 1181 ρεῖταί
1244 1154 1269 1170 τι
1295 1144 1359 1180 περ).
1379 1143 1460 1170 αὐτοῦ
1480 1143 1621 1175 τοιοῦτον),
1636 1140 1770 1177 κρείττονι
1786 1138 1874 1166 δὲκαὶ
1888 1138 1932 1164 ὲν-

1139 1192 1193 1226 θέῳ
1220 1191 1362 1227 χρίσματι,
1382 1190 1445 1225 παρ’
1470 1189 1484 1215 ὃ
1514 1189 1546 1223 δὴ
1569 1188 1616 1215 καὶ
1639 1187 1682 1214 διὰ
1707 1186 1818 1213 Ἡσαΐου
1845 1183 1929 1219 φησί’

1142 1246 1151 1262 ι
1172 1236 1284 1271 Πνεῦμα
1300 1236 1402 1270 Κυρίου
1417 1235 1459 1261 ἐπ’
1483 1234 1532 1269 ἐμὲ
1546 1254 1553 1265 ,
1570 1231 1600 1260 οὗ
1622 1233 1726 1259 εἵνεκεν
1744 1230 1836 1267 ἔχρισε
1853 1238 1896 1265 με.
1919 1237 1928 1253 ι

1141 1283 1222 1310 Ὅθεν
1230 1283 1277 1309 καὶ
1289 1282 1388 1318 μᾶλλον
1402 1281 1529 1308 ἁπάντων
1538 1280 1591 1307 τῶν
1600 1279 1710 1306 πώποτε
1720 1278 1784 1313 παρ’
1796 1275 1932 1311 Ἑϐραίοις

1141 1327 1367 1364 σωματικώτερον
1381 1326 1548 1362 χρισθέντων
1564 1326 1642 1361 μόνος
1658 1324 1709 1351 ἀνα
1727 1324 1816 1350 πᾶσαν
1832 1322 1881 1356 τὴν
1898 1321 1932 1346 οἱ·

1141 1375 1279 1411 κουμένην
1292 1374 1410 1410 Χριστὸς
1424 1372 1498 1408 παρὰ
1511 1374 1567 1404 τοῖς
1586 1372 1653 1398 πᾶσι
1670 1369 1806 1406 βεὸόηται,
1821 1367 1868 1394 καὶ
1882 1365 1932 1401 τῆς

1141 1421 1171 1453 ἐξ
1194 1421 1275 1448 αὐτοῦ
1297 1420 1467 1456 Χριστιανῶν
1494 1417 1681 1454 προσηγορίας
1709 1415 1758 1450 τὴν
1785 1413 1932 1449 σύμπασαν

1141 1467 1258 1503 ἔπλησεν
1266 1466 1438 1500 οἰκουμένην.
1449 1465 1542 1495 ’Ὅπως
1550 1463 1578 1489 δέ
1586 1470 1674 1498 φαμεν
1689 1460 1768 1488 αὐτὸν
1778 1458 1932 1495 κεκρίσθαι,

1142 1514 1189 1540 καὶ
1201 1513 1227 1540 τι
1239 1512 1269 1539 τὺ
1279 1512 1394 1548 χρίσμα,
1413 1511 1459 1537 καὶ
1471 1509 1513 1542 τίς
1529 1510 1543 1535 ό
1558 1509 1608 1544 τῆς
1623 1508 1737 1544 χρίσεως
1753 1506 1865 1542 τρόπος,
1882 1503 1933 1531 αὑ-

1142 1559 1251 1594 τάρκως
1264 1559 1292 1584 ἐν
1303 1557 1342 1592 τῷ
1358 1557 1410 1592 πρὸ
1421 1555 1515 1582 τούτου
1531 1554 1727 1590 συγγράμματι
1743 1551 1932 1586 διειλήφαμεν.

1141 1604 1242 1630 Τούτου
1264 1602 1293 1630 δὲ
1310 1604 1338 1629 ἐν
1356 1603 1412 1634 τοῖς
1432 1601 1534 1637 χείλεσι
1551 1600 1596 1626 καὶ
1619 1600 1647 1625 ἐν
1666 1600 1698 1633 τῇ
1717 1595 1877 1633 διδασκαλίᾳ
1892 1602 1932 1621 το-

1143 1648 1230 1684 σαύτη
1241 1647 1378 1683 κατεχύθη
1392 1647 1472 1683 χάρις
1481 1667 1488 1678 ,
1506 1646 1544 1677 ὡς
1557 1646 1585 1671 ὲν
1601 1644 1683 1678 ὀλίγῳ
1696 1643 1783 1670 πάντα
1794 1642 1874 1668 τόπον
1888 1642 1932 1676 ὲμ-

1142 1695 1242 1731 πλῆσαι
1264 1694 1313 1729 τῆς
1335 1693 1402 1729 πρὸς
1425 1692 1506 1719 αὐτοῦ
1531 1689 1761 1724 καταγγελθεισης
1778 1687 1931 1718 εὐσεϐείας·

1142 1740 1212 1767 ὥστε
1220 1740 1270 1775 ἤδη
1281 1740 1309 1765 ὲν
1321 1740 1402 1765 πᾶσιν
1415 1737 1514 1768 ἔθνεσι,
1529 1735 1604 1771 παρὰ
1617 1736 1673 1765 τοῖς
1696 1734 1744 1768 τὴν
1760 1730 1933 1759 διδασκαλίαν

1143 1787 1226 1814 αὑτοῦ
1247 1785 1400 1822 μετιοῦσιν,
1415 1782 1570 1813 ἀκολούθως
1587 1783 1619 1817 τῇ
1638 1780 1706 1815 μετὰ
1716 1781 1810 1814 χεῖρας
1826 1785 1932 1813 προφη-

1142 1834 1212 1869 τείᾳ,
1226 1833 1273 1859 καὶ
1285 1831 1414 1866 βασιλέως
1422 1829 1470 1856 καὶ
1478 1828 1546 1855 Θεοῦ
1554 1827 1632 1860 δόξαν
1646 1823 1856 1862 περιὸεὸλῆσθαι
1867 1844 1874 1854 ,
1886 1823 1933 1850 καὶ

1145 1888 1182 1906 πα
1187 1879 1219 1915 ρὰ
1226 1879 1306 1905 πᾶσιν
1314 1876 1466 1912 ἀνθρώποις
1473 1874 1494 1902 Χ
1499 1873 1588 1909 ριστὸν
1598 1873 1681 1906 ὰναγο
1685 1869 1819 1907 ρεύεσθαι.
1827 1869 1850 1895 Π
1853 1869 1934 1904 9661}-

1144 1914 1225 1951 λοινδὲ
1237 1924 1284 1950 καὶ
1295 1923 1319 1949 οἱ
1330 1921 1432 1957 ἐχθροὶ,
1441 1921 1472 1947 οὐ
1489 1920 1567 1955 μόνον
1575 1919 1600 1945 οἱ
1609 1919 1672 1953 πρὶν
1684 1917 1825 1952 γεγονότες
1837 1914 1933 1947 αὑτοῦ,

1145 1971 1212 1998 ἀλλὰ
1229 1971 1276 1996 καὶ
1294 1970 1318 1996 οἱ
1338 1969 1383 1995 ἀεὶ
1402 1966 1654 2003 προσπολεμοῦντες
1677 1962 1759 1990 αὑτοῦ
1784 1962 1822 1997 τῷ
1843 1961 1932 1995 λόγῳ,

1145 2017 1200 2043 εἴτε
1216 2017 1245 2042 ἐν
1261 2014 1426 2050 ἀνθρώποις,
1445 2014 1499 2039 εἴτε
1515 2012 1562 2038 καὶ
1583 2012 1612 2037 ἐν
1627 2010 1753 2044 ἀοράτοις
1776 2007 1933 2041 δυνάμεσιν,

1145 2063 1190 2094 οὓς
1203 2061 1310 2098 ἀοράτῳ
1326 2060 1372 2087 καὶ
1386 2058 1514 2094 λεληθυίᾳ
1529 2056 1643 2091 δυνάμει
1658 2056 1773 2082 πάντοτε
1790 2051 1934 2087 καθαιρῶν

1146 2109 1176 2141 ἐξ
1188 2108 1314 2135 ἁπάντων
1325 2106 1378 2133 τῶν
1391 2104 1476 2132 ἐθνῶν
1497 2104 1638 2134 παντοίους
1660 2100 1748 2135 ἑαυτῷ
1771 2099 1852 2130 λαοὺς
1865 2098 1934 2124 ὑπο-

1145 2154 1263 2190 χειρίους
1291 2152 1447 2186 πεποίηται.
1478 2149 1519 2176 Τὰ
1545 2149 1572 2175 δὲ
1603 2148 1666 2182 ἑξῆς
1691 2148 1720 2173 ἐν
1747 2145 1786 2180 τῷ
1812 2143 1933 2179 ψαλμῷ,

1149 2210 1159 2226 ι
1177 2199 1296 2235 Σμύρνα,
1312 2198 1359 2225 καὶ
1371 2196 1483 2231 στακτὴ,
1500 2195 1547 2222 καὶ
1560 2194 1659 2221 κασσία
1673 2193 1726 2220 ἀπὸ
1742 2191 1795 2219 τῶν
1817 2189 1933 2226 ἱματίων

312 2251 398 2278 genus
414 2242 540 2270 Christus
555 2242 715 2278 appellatur.
731 2241 800 2268 Sunt
811 2244 899 2268 autem
911 2241 972 2275 ejus
988 2249 1088 2275 quuqut

1148 2255 1205 2277 σου,
1226 2255 1235 2271 ι
1253 2245 1287 2271 τά
1308 2253 1337 2270 τε
1359 2243 1405 2270 ἐπὶ
1425 2242 1539 2272 τούτοις,
1553 2241 1591 2272 ὡς
1607 2239 1672 2276 περὶ
1689 2237 1820 2274 βασιλίδος
1834 2235 1932 2272 δηλοὺ-

312 2289 416 2316 inimici
443 2288 590 2321 manifesti,
612 2295 666 2315 non
680 2287 760 2314 modo
773 2288 819 2323 qui
836 2287 913 2322 prius
923 2287 1095 2318 exstiterant,

312 2335 361 2363 sed
385 2335 467 2362 etiam
486 2335 533 2369 qui
563 2341 670 2368 semper
695 2333 781 2368 ipsius
806 2333 890 2362 verbo
907 2332 1097 2365 adversantur,

311 2381 396 2416 219
412 2381 470 2408 sive
488 2380 526 2407 illi
546 2382 574 2408 in
590 2380 766 2413 hominibus,
784 2379 841 2407 sive
857 2379 884 2405 in
899 2378 1094 2414 eﬂ‘ugientibus

313 2429 402 2455 visum
422 2432 546 2455 nostrum
565 2426 747 2462 potestatibus
766 2426 840 2457 sint,
857 2433 927 2460 quos
942 2425 986 2452 ille
1002 2425 1098 2452 invisi-

314 2475 362 2502 bili
377 2475 538 2509 occultaque
556 2475 656 2502 virtute
672 2481 705 2501 ex
722 2473 850 2501 omnibus
869 2473 998 2508 gentibus
1019 2473 1094 2499 aufe-

315 2527 378 2547 rens
397 2524 424 2547 et
442 2520 623 2551 subvertens,
642 2519 732 2546 omnis
765 2519 874 2553 generis
907 2518 1023 2553 populos
1042 2518 1096 2545 sibi

316 2565 368 2599 ipsi
383 2566 569 2593 auscultantes
583 2565 683 2593 eﬂ'ecit.
701 2564 768 2597 Quae
781 2572 846 2591 vero
868 2561 895 2591 in
910 2564 1005 2591 eodem
1022 2564 1095 2598 psal-

317 2618 362 2637 mo
381 2616 533 2646 sequuntur
547 2622 554 2639 :
569 2620 579 2637 ι
594 2610 720 2647 Myrrha,
746 2614 774 2638 et
800 2614 895 2646 gutta,
919 2615 946 2638 et
969 2610 1057 2637 eassia
1081 2617 1098 2636 a

1149 2300 1218 2328 μενα
1231 2292 1278 2318 καὶ
1291 2289 1425 2325 θυγατρὸς
1439 2289 1485 2315 τὸν
1500 2286 1624 2322 πατρῷον
1643 2284 1716 2312 οἷκον
1733 2283 1931 2318 ἀπολιπούσης,

1148 2339 1195 2365 καὶ
1210 2337 1248 2372 τῷ
1262 2335 1460 2372 προδηλωθέντι
1475 2332 1594 2369 Χριστῷ,
1612 2333 1658 2358 καὶ
1677 2329 1789 2366 βασιλεῖ,
1807 2329 1854 2356 καὶ
1871 2327 1932 2362 Θεῷ

1147 2383 1357 2418 νυμφευθείσης,
1374 2380 1475 2416 Κύριον
1488 2387 1518 2405 τε
1539 2378 1618 2405 αὑτὸν
1641 2375 1870 2412 ἀναγορευούσης,
1885 2372 1934 2400 ἐπὶ

1146 2431 1194 2465 τὴν
1210 2428 1240 2461 ἐξ
1252 2428 1335 2455 ἐθνῶν
1355 2425 1526 2462 Ἐκκλησίαν,
1541 2425 1590 2460 τὴν
1606 2423 1734 2459 πατρῴαν
1747 2422 1794 2448 καὶ
1810 2420 1933 2455 δαιμονι·

1148 2476 1198 2510 κὴν
1211 2475 1428 2510 ἁποστραφεῖσαν
1442 2472 1554 2506 πλάνην,
1569 2470 1637 2505 καθη
1643 2469 1760 2506 ραμένην
1779 2476 1819 2497 τε,
1835 2466 1883 2492 καὶ
1896 2466 1930 2500 τῇ

1149 2520 1195 2546 τοῦ
1220 2520 1292 2546 θείου
1311 2519 1388 2552 λόγου
1412 2516 1537 2552 κοινωνία
1554 2513 1810 2551 καθαρμοσαμένην,
1827 2510 1915 2544 ἀναφέ

1151 2567 1216 2602 ροντ’
1238 2566 1270 2592 ἂν
1283 2566 1332 2600 τῆς
1352 2563 1541 2600 προσηκούσης
1557 2562 1722 2597 τυγχάνοντα
1739 2559 1808 2586 κατὰ
1832 2556 1931 2592 σχολὴν

1151 2612 1306 2649 ἑρμηνείας.

317 2680 487 2709 vestimentis
519 2683 574 2709 tuis
590 2682 622 2714 “,
638 2691 648 2708 ι
660 2686 687 2709 et
713 2685 812 2708 cetera
830 2680 976 2714 deinceps,
998 2686 1058 2714 quae
1077 2679 1206 2706 dicuntur
1234 2676 1312 2713 quasi
1328 2677 1361 2703 de
1390 2676 1482 2711 regina
1498 2680 1524 2703 et
1541 2675 1610 2707 ﬁlia,
1637 2681 1697 2710 quae
1717 2677 1857 2708 paternam
1882 2672 1930 2700 do-

317 2732 392 2752 mum
408 2723 555 2759 reliquerit,
570 2730 682 2758 quatque
694 2727 721 2749 et
735 2721 853 2752 Clnislo,
871 2724 898 2747 et
910 2720 976 2754 regi,
989 2724 1016 2746 et
1029 2718 1084 2746 Deo
1098 2718 1132 2745 de
1146 2725 1201 2752 quo
1213 2717 1316 2745 dictum
1333 2721 1385 2749 est,
1401 2718 1561 2752 desponsata
1581 2717 1626 2750 sit,
1643 2717 1844 2751 Dominamque
1856 2717 1933 2744 illum

320 2772 434 2806 appellet
449 2781 456 2798 :
474 2763 507 2798 ad
522 2779 582 2798 eam
600 2779 659 2805 que
672 2770 705 2798 de
725 2769 847 2805 gentibus
859 2769 970 2796 collecta
989 2771 1031 2795 est
1048 2766 1206 2795 Ecclesiam.
1226 2774 1242 2793 ιι
1257 2766 1345 2806 patrio
1362 2766 1565 2801 dtemonicoque
1588 2772 1681 2791 errore
1693 2772 1817 2791 aversam
1832 2772 1936 2799 expur-

322 2825 474 2854 gatamque,
498 2827 530 2847 ac
548 2819 631 2846 divini
647 2818 722 2846 verbi
744 2815 989 2845 communicatione
1013 2821 1162 2841 conuexam
1186 2819 1213 2841 et
1227 2814 1404 2848 compositam
1427 2814 1521 2842 referri
1542 2817 1679 2848 poterunt,
1704 2812 1750 2840 ubi
1772 2820 1821 2848 per
1849 2812 1936 2840 otium

324 2866 553 2895 accommodatam
571 2866 621 2894 sibi
639 2865 884 2900 interpretationem
898 2868 976 2891 nacta
992 2862 1102 2889 fuerint.

359 2915 370 2932 ’
387 2914 466 2942 Hebr.
482 2922 524 2947 ιιι,
539 2915 582 2942 M.
621 2914 642 2930 ¹⁰
656 2913 726 2942 Psal.
744 2922 798 2949 ειν,
814 2914 857 2941 15.
896 2913 916 2929 “
931 2911 983 2941 Isa.
996 2920 1052 2944 LXI,
1072 2911 1082 2938 ί

1139 2912 1156 2927 ι’
1173 2910 1243 2939 Psal.
1258 2918 1331 2942 xuv,
1347 2910 1373 2937 9.
