2084 3216
185 193 238 224 Hii

451 259 649 287 ΚΕΦᾹΛΔῘΟΝ
668 261 707 289 Γ’.

190 298 272 341 Ὧς*ιύ
288 302 380 341 αυτὸς
396 303 549 341 προφήτης
563 305 611 331 καὶ
625 306 660 332 ἑν
669 308 714 340 ρθ¹
725 307 835 341 ψαλμῷ
849 308 904 335 δύο
919 311 974 336 Κυ-

215 335 461 376 ρίουςρμῃνῖῶξ
480 335 618 376 ὁμολογεῖ
631 349 638 356 '
655 335 710 368 ἕνα
728 335 781 369 τὸν
789 335 910 376 πρῶτον

219 371 362 418 (ἔγωτάτω
387 374 478 416 Θεὸν,
504 371 656 418 δεύτερος,
683 377 719 402 ὃν
744 371 850 418 ᾳὺξτῦς-
863 379 971 418 ἐᾳυτοῖξ

219 405 392 457 ἀναχορεύει
412 409 529 442 Κύριον.
546 405 600 457 Καὶ
624 405 664 444 ὡζι
684 405 971 445 γενέσθαῖὐπόγτοῦ

220 441 294 457 “an...
312 449 357 457 ηρ.
384 442 438 457 -.ΖΑ
453 443 506 457 -,υ.ἶ
524 453 540 457 ιι.
562 452 637 457 κη-..
661 446 790 457 ...Αμγεῑᾼε
892 449 898 457 1
945 450 950 457 1

220 441 294 480 Θεοῦ
309 442 373 480 πρὸΔ
384 442 438 480 τῆς
453 443 506 469 τοῦ
523 445 638 478 κόσμου
651 441 834 480 deum“
851 449 898 475 καὶ
917 450 971 476 αὺ-

221 475 272 515 τός
286 476 344 515 Iov
358 475 498 515 δεύτερον
518 475 628 512 Κύρὶον
642 479 713 513 οἵδε,
732 483 781 508 καὶ
849 483 969 510 αἰώνιον

218 510 271 536 τοῦ
281 512 396 549 Πατρός
403 513 489 546 ἱερέα,
498 515 546 540 καὶ
554 510 594 547 ὧς
605 510 831 549 σύνθρονον-τού
840 519 888 544 ἐπὶ
900 519 971 545 πάν-

217 553 276 571 των
287 547 370 578 Θεοῦ,
380 547 464 581 ὅμοια
475 549 546 582 ἡμῖν
553 550 618 583 περὶ
629 547 820 585 τοῦ-Χριστοῦ
827 552 967 584 δοξάζων.

219 608 230 626 α
247 598 330 628 Εἶπεν
342 603 355 628 6
370 603 472 638 Κύριος
487 603 525 639 τῷ
539 605 632 641 Κυρίῳ
649 615 701 641 μου
711 615 718 621 '
731 607 821 634 Κάθου
830 609 861 635 ἐκ
875 609 967 642 δεξιῶν

181 653 245 680 μου,
261 646 312 678 ἕως
331 647 363 674 ἂν
378 647 416 674 θῶ
427 650 489 681 τοὺς
501 649 612 686 ἐχθρούς
632 660 678 677 σου
696 653 838 680 ὑποπόδιον
849 655 902 682 τῶν
917 664 967 682 πο-

179 691 234 718 δῶν
250 701 305 718 σου.
325 693 435 721 Ῥἀὸδον
456 695 596 731 δυνάμεως
611 697 786 729 ἐξαποστελεῖ
803 708 843 726 σοι
864 701 966 736 Κύριος

176 737 212 763 ἐκ
232 737 311 769 Σιὼν,
330 740 377 765 καὶ
400 741 624 776 κατακυριεύσεις
646 744 675 769 ὲν
700 744 774 779 μέσῳ
793 745 846 772 τῶν
861 746 965 781 ἐχθρῶν

176 790 236 809 σου.
251 783 329 810 Μετὰ
350 784 395 811 σοῦ
412 786 427 820 ἡ
441 786 511 822 ἁρχὴ
529 787 558 813 ἐν
573 788 665 824 ἡμέρᾳ
685 789 736 824 τῆς
753 790 893 826 δυνάμεως
905 801 962 824 σου,

175 828 206 855 ὲν
219 830 279 860 ταῖς
291 829 464 866 λαμπρότησι
477 832 530 858 τῶν
542 833 626 867 ἁγίων
641 842 698 861 σου.
721 836 767 862 Ἐκ
779 837 895 872 γαστρὸς
911 837 964 873 πρὸ

180 872 336 911 Ἑωσφόρου
351 878 502 912 γεγέννηκά
513 886 552 905 σε.
570 880 671 914 Ὧμοσε
684 881 795 916 Κύριος,
811 883 857 909 καὶ
868 884 897 909 οὐ
913 872 962 918 με-

173 918 411 956 ταμεληθήσεται-
438 923 472 949 Σὺ
496 924 585 958 ἱερεὺς
601 926 640 955 εἰς
663 925 710 952 τὸν
732 926 817 953 αἰῶνα
832 928 900 954 κατὰ
912 928 960 964 τὴν

172 963 252 996 τάξιν
266 965 441 1000 Μελχισεδέκ.
458 967 560 1004 Κύριος
576 971 608 996 ὲκ
623 969 716 1002 δεξιῶν
731 979 788 998 σου.
808 982 816 998 ι
834 973 885 999 Τὸν
905 963 960 1000 Σώ-

171 1009 245 1044 τῆρα
258 1011 304 1037 καὶ
320 1012 422 1047 Κύριον
442 1014 531 1049 ἡμῶν,
546 1015 592 1041 τὸν
613 1017 784 1051 πρωτότοκον
796 1018 885 1054 πάσης
901 1021 959 1046 κτί-

170 1062 243 1087 aut;
257 1056 323 1084 Θεοῦ
340 1058 436 1092 Λόγον.
453 1060 501 1095 τὴν
516 1061 569 1095 πρὸ
593 1061 690 1094 αἰῶνος
715 1063 820 1098 σοφίαν,
837 1064 886 1100 τὴν
912 1066 960 1101 ἀρ-

170 1101 223 1135 χὴν
234 1101 289 1128 τῶν
301 1103 367 1130 όδῶν
383 1105 430 1131 τοῦ
441 1104 519 1137 Θεοῦ,
534 1106 564 1132 τὸ
578 1109 748 1142 πρωτότοκον
759 1110 805 1136 καὶ
817 1112 959 1146 μονογενὲς

169 1145 218 1172 τοῦ
234 1147 339 1183 Πατρὸς
353 1148 486 1185 γέννημα,
508 1151 553 1178 τὸν
566 1153 599 1187 τῇ
622 1152 667 1179 τοῦ
692 1154 811 1190 Χριστοῦ
834 1156 957 1192 τιμώμε-

167 1199 216 1218 νον
231 1193 411 1230 προσηγορεᾳ,
424 1195 470 1222 καὶ
481 1197 495 1222 ό
509 1196 603 1232 παρὼν
619 1197 724 1234 ψαλμὸς
736 1200 838 1236 Κύριον
851 1202 956 1229 ἀποκα-

168 1237 222 1269 λεῖ,
236 1238 367 1266 διδάσκων
383 1240 463 1267 αὐτὸν
488 1239 558 1268 εἶναι
576 1243 719 1280 σύνθρονον
740 1246 808 1281 ὁμοῦ
826 1247 873 1274 καὶ
893 1247 956 1275 Υἱὸν

165 1283 215 1309 τοῦ
233 1284 280 1310 ἐπὶ
294 1284 401 1313 πάντων
422 1286 488 1313 Θεοῦ
505 1296 534 1314 τε
549 1290 594 1315 καὶ
610 1290 713 1327 Κυρίου
728 1291 782 1318 τῶν
797 1292 876 1325 ὅλων,
891 1293 956 1320 αἰώ-

165 1329 224 1356 νιόν
238 1338 267 1356 τε
289 1330 335 1356 τοῦ
349 1332 455 1366 Πατρὺς
474 1333 557 1369 ἱερέα.
572 1335 682 1370 Πρῶτον
695 1335 725 1371 δὴ
738 1334 784 1362 οὖν
798 1337 953 1374 ἐπίστησον,

165 1372 206 1405 ὡς
216 1373 266 1409 ἤδη
283 1375 362 1402 τοῦτο
373 1375 496 1412 δεύτερον
511 1378 633 1415 γέννημα
645 1379 712 1406 Θεοῦ
726 1383 953 1418 προσηγόρευται,

164 1419 214 1445 καὶ
228 1421 289 1446 ἐπεὶ
309 1421 376 1448 Θεοῦ
394 1430 426 1456 γε
447 1424 581 1459 πνεύματι
597 1425 631 1452 τὰ
647 1426 696 1461 τῆς
710 1429 877 1463 προφητείας
889 1431 954 1465 ἡμῖν

162 1465 292 1500 εἰρῆσθαι
312 1467 497 1501 πεπίστευται,
514 1470 564 1505 ὅρα
587 1471 611 1496 εἰ
635 1471 672 1507 μὴ
686 1472 751 1498 αὐτὸ
764 1473 796 1508 δὴ
811 1473 841 1499 τὸ
863 1475 892 1500 ὲν
915 1475 954 1510 τῷ

163 1512 292 1548 προφήτῃ
326 1513 437 1549 Πνεῦμα
462 1515 548 1549 ἅγιον,
576 1517 673 1544 ἑαυτοῦ
705 1518 806 1554 Κύριον
830 1519 953 1556 δεύτερον

163 1557 235 1591 μετὰ
251 1558 296 1584 τὸν
308 1559 362 1585 τῶν
375 1559 443 1586 ὅλων
455 1561 624 1597 ἀναγορεύει·
643 1572 652 1588 ι
672 1561 738 1589 Εἷπε
755 1573 764 1589 ›
782 1564 846 1599 γὰρ,
859 1566 951 1601 φησὶν,

165 1611 175 1628 ε
190 1603 204 1629 ό
221 1603 324 1639 Κύριος
338 1605 376 1640 τῷ
392 1606 487 1642 Κυρίῳ
502 1616 552 1642 μου
566 1616 572 1622 ·
589 1608 681 1635 Κάθου
694 1610 726 1636 ἐκ
742 1610 837 1642 δεξιῶν
855 1620 917 1646 μου.
939 1622 948 1638 ι

161 1647 215 1674 τὸν
242 1647 349 1684 πρῶτον
378 1650 489 1687 Κύριον,
511 1653 584 1679 ὼσὰν
609 1654 723 1680 καθόλου
747 1655 800 1682 τῶν
825 1656 953 1684 ἁπάντων

159 1693 311 1730 Δεσπότην,
342 1695 459 1732 Ἑϐραῖοι
479 1699 662 1735 ἀνεκφωνήτῳ
683 1703 831 1738 προσρήσει
855 1704 887 1738 τῇ
910 1703 954 1730 διὰ

159 1739 215 1766 τῶν
224 1741 365 1777 τεσσάρων
376 1744 514 1779 στοιχείων
529 1745 702 1782 ἀνηγόρευον·
727 1748 774 1774 τὸν
784 1748 812 1774 δὲ
827 1749 952 1785 δεύτερον

157 1786 252 1813 οὐκέθ’
272 1788 382 1822 ὁμοίως,
405 1789 478 1822 ἰδίως
494 1791 515 1817 δ“
531 1792 611 1819 αὑτὸν
625 1792 727 1828 Κύριον
742 1794 890 1830 ὠνόμαζον.
907 1796 953 1822 Ei-

157 1831 248 1864 κότως
260 1831 306 1859 οὖν
320 1835 335 1860 ὁ
351 1835 448 1871 Σωτὴρ
465 1837 511 1863 καὶ
530 1838 632 1873 Κύριος
653 1839 731 1874 ἡμῶν
747 1841 827 1872 αὐτὸς
849 1841 952 1876 Ἰησοῦς

157 1877 173 1905 ὁ
185 1878 303 1914 Χριστὸς
318 1880 364 1907 τοῦ
379 1880 458 1913 Θεοῦ,
476 1882 605 1917 ἐρόμενός
622 1891 687 1911 ποτε
702 1886 764 1917 τοὺς
775 1887 948 1922 Φαρισαίους,

160 1933 170 1950 ι
183 1924 288 1960 Τίὺμῖν
302 1926 365 1962 περὶ
379 1927 426 1953 τοῦ
441 1927 558 1963 Χριστοῦ
573 1929 664 1963 δοκεῖς
679 1931 751 1963 τινος
770 1933 844 1958 ἐστὶν
857 1934 913 1965 υἱός
923 1943 946 1966 ς»

156 1971 299 2002 εἰπόντων,
315 1971 362 1998 τοῦ
378 1973 469 2004 Δαϐὶδ,
487 1973 618 2008 ἐπιλέγει,
637 1983 647 2000 ι
666 1975 729 2006 Πῶς
754 1974 800 2003 οὖν
822 1977 904 2004 Δαόὶδ
920 1979 948 2005 ὲν

156 2015 295 2050 πνεύματι
306 2017 406 2053 Κύριον
417 2018 498 2045 αὐτὸν
511 2019 598 2051 καλεῖ,
616 2019 713 2054 λέγων,
727 2020 810 2048 Εἶπεν
823 2023 836 2048 ὁ
849 2023 949 2058 Κύριος

155 2061 196 2096 τῷ
218 2062 314 2098 Κυρίῳ
338 2072 387 2098 μου
400 2072 407 2078 ”
428 2064 518 2091 Κάθου
536 2066 568 2092 ἐκ
584 2065 678 2098 δεξιῶν
693 2075 761 2102 μους
777 2077 786 2093 ι
809 2071 949 2105 μονονουχὶ

155 2108 318 2143 ἑρμηνεύων
334 2109 383 2144 τὴν
398 2109 480 2142 λέξιν,
499 2111 536 2142 ὡς
553 2111 583 2138 οὑ
598 2111 677 2146 μόνον
691 2113 736 2139 τοῦ
751 2114 834 2140 Δαϐὶδ
847 2115 948 2150 Κύριον

155 2153 238 2180 αὐτὸν
254 2154 481 2190 ἀναγορεύουσαν,
500 2156 568 2183 ἀλλὰ
582 2156 636 2193 γὰρ
653 2159 700 2184 καὶ
723 2159 769 2185 τοῦ
785 2160 813 2185 ἐν
830 2159 868 2195 τῷ
883 2169 948 2196 προ-

155 2199 230 2234 φήτῃ
252 2200 415 2234 πνεύματος.
439 2201 469 2227 Εἰ
490 2201 519 2228 δὲ
547 2202 577 2228 τὸ
601 2203 708 2238 πνεῦμα
729 2204 759 2230 τὸ
780 2207 948 2241 προφητικὸν

155 2244 246 2279 (τοῦτο
258 2245 290 2281 δὴ
314 2246 380 2281 ἡμῖν
395 2245 464 2273 εἶναι
480 2248 658 2275 πεπίστευται.
679 2250 708 2276 τὸ
732 2250 808 2284 ἅγιον
825 2251 946 2287 Πνεῦμα)

154 2291 281 2326 ὁμολογεί
294 2292 388 2319 τοῦτον
403 2291 471 2320 εἶναι
491 2294 602 2330 Κύριον,
614 2295 644 2321 ὃν
661 2295 802 2332 σύνθρονον
818 2295 886 2324 εἷναι
897 2299 944 2325 τοῦ
962 2305 983 2332 D

154 2337 262 2374 Πατρὸς
275 2339 438 2372 ἐκδιδάσκει,
451 2341 497 2367 καὶ
510 2341 559 2367 οὐκ
573 2342 724 2376 ἁπολύτως,
737 2343 805 2370 ἀλλὰ
820 2344 866 2371 καὶ
880 2345 944 2371 ἐαυ-

153 2383 201 2410 τοῦ
217 2384 328 2420 Κύριον,
344 2385 415 2412 κατὰ
438 2386 504 2412 πολὺ
524 2387 605 2414 πλέον
630 2388 677 2414 καὶ
700 2389 800 2423 μᾶλλον
820 2389 891 2417 τοῦτ’
911 2390 944 2417 ἂν

152 2428 256 2456 εἴποιεν
265 2431 292 2456 αι
302 2430 371 2465 μετὰ
379 2431 408 2457 τὸ
418 2431 494 2466 ἆγιον
507 2432 620 2468 Πνεῦμα
628 2433 734 2467 λογικαὶ
742 2435 880 2471 δυνάμεις,
889 2437 906 2471 ἦ
914 2445 944 2463 τε

154 2472 288 2509 σύμπασα
300 2475 426 2511 ὁρωμένη
439 2484 469 2502 τε
483 2477 512 2503 ἐν
531 2477 648 2512 σώμασι,
673 2479 719 2506 καὶ
739 2480 767 2506 ὲν
789 2481 944 2516 ἀσωμάτοις

152 2519 260 2546 ἑστῶσα
277 2519 494 2557 δημιουργία,ἦς
512 2523 619 2559 ἁπάσης
627 2525 740 2556 εξκότως
752 2526 784 2552 ἂν
823 2528 944 2556 καταδειο

153 2563 235 2600 χθείη
246 2565 348 2602 Κύριος
361 2566 375 2591 ὁ
387 2568 466 2602 μόνος
481 2568 528 2594 τοῦ
540 2569 645 2605 Πατρὸς
659 2570 812 2605 σύνθρονος,
821 2572 854 2598 δι’
865 2570 894 2599 οὗ
907 2573 942 2600 τὰ

151 2609 298 2647 σύμπαντα
316 2612 434 2646 ἐγένετο,
446 2614 485 2640 ὃτι
502 2613 622 2649 δὴ,κατὰ
635 2615 681 2642 τὸν
699 2616 848 2652 θαυμάσιον
873 2616 942 2643 ἀπά-

153 2657 256 2689 στολον,
275 2666 284 2683 ι
312 2659 342 2684 ἐν
369 2657 442 2694 αὐτῷ
468 2660 578 2696 ἐκτίσθη
598 2661 632 2687 τὰ
656 2661 754 2693 πάντα,
768 2663 803 2689 τὰ
831 2665 860 2690 ἐν
886 2665 941 2696 τοῖς

149 2702 275 2738 οὐρανοῖς
286 2703 332 2730 καὶ
343 2704 377 2730 τὰ
389 2705 435 2732 ἐπὶ
444 2706 493 2741 τῆς
503 2706 565 2741 γῆς,
576 2706 630 2732 εἴτε
643 2707 727 2743 ὁρατὰ
739 2709 794 2734 εἴτε
808 2709 936 2745 ἀόρατα.»

150 2748 238 2776 Μόνον
255 2748 322 2783 γοῦν
343 2750 415 2782 εἰκὸς
430 2752 511 2778 αὐτὸν
531 2752 580 2787 τῆς
598 2752 643 2779 τοῦ
665 2754 771 2789 Πατρός
787 2754 940 2789 ὁμοιώσεως

149 2793 220 2829 ἔχειν
236 2795 268 2822 τὸ
291 2795 386 2832 κῦρος,
403 2797 476 2825 ὡσὰν
494 2799 541 2825 καὶ
561 2799 641 2834 μόνον
666 2800 807 2835 σύνθρονον
821 2801 868 2828 τοῦ
885 2803 941 2829 Πα-

149 2840 212 2875 τρὸς
225 2841 460 2878 ἀναδεδειγμένον.
483 2844 619 2880 Πρόδηλον
638 2844 696 2877 οὖν,
712 2847 753 2872 ὃτι
777 2847 864 2874 οὐδενὶ
887 2847 942 2874 τῶν

149 2887 287 2923 γεννητῶν
302 2887 449 2923 Θέμις-τῶν
464 2889 558 2926 δεξιῶν
576 2890 667 2926 λαχεῖν
683 2892 733 2927 τῆς
757 2901 942 2927 παντοκρατο-

640 201 966 234 DEMONSTRATIONIS
981 206 1210 236 EVANGELlCAS
1229 209 1292 236 LIB.
1315 210 1346 238 V.

1757 219 1808 248 569

1326 269 1368 297 CA
1374 270 1416 298 PU
1422 271 1442 297 Τ
1468 271 1512 300 Ill.

1028 313 1106 346 Quod
1126 315 1342 354 idcm_Prophcta
1355 318 1433 354 etiam
1446 319 1472 345 in
1484 327 1528 346 cu
1540 321 1642 354 psalmo
1662 322 1701 350 bis
1719 323 1810 354 Domi-

1062 357 1125 375 num
1144 351 1275 387 evidenter
1295 352 1459 386 conﬁtetur:
1479 351 1558 382 suuél
1570 376 1576 386 .
1597 365 1656 384 cum
1669 359 1700 385 de
1719 351 1808 387 eota-

1060 385 1203 424 quitur‘qui
1217 391 1242 412 et
1253 386 1324 413 Deus
1338 392 1362 413 et
1381 388 1462 415 Pater
1485 395 1541 422 est;
1556 385 1651 419 iterum
1668 385 1727 420 cum
1736 385 1808 424 δέξο

1059 427 1138 463 quem
1150 421 1204 454 ipse
1214 429 1289 460 suum
1305 421 1598 463 nuncupatpominum.
1614 427 1648 454 Et
1662 430 1729 463 quod
1741 421 1808 459 nuit;

1059 453 1202 493 Dominum
1217 456 1376 491 ipsequoque
1387 453 1575 493 novitgem'tum
1588 453 1709 491 esseaitle
1717 467 1809 493 mundi

1058 491 1282 522 constitutionem,
1294 497 1319 518 et
1334 493 1403 526 quod
1422 491 1549 522 wtérnum
1572 496 1661 524 Patris
1685 491 1808 527 sacerdo;

1059 528 1120 554 tem,
1136 529 1161 550 et
1182 527 1298 571 supremi
1324 527 1373 553 Dei
1392 536 1579 571 consessorem,
1596 534 1709 561 similem
1718 537 1808 571 utique

1057 560 1202 592 opinionem
1209 561 1234 587 in
1241 561 1289 588 hoc
1296 567 1393 589 nastrtc
1398 564 1461 597 ﬁdei
1466 565 1497 592 de
1503 560 1607 594 Christo
1614 576 1669 602 prw
1674 560 1702 596 se
1708 560 1805 604 {ii-Su.

1062 614 1157 642 «Dixit
1177 615 1307 645 Dominus
1326 617 1442 647 Domino
1459 629 1536 655 meo,
1566 623 1636 653 Sede
1659 633 1674 653 a
1700 626 1805 657 dextris

1021 660 1090 688 meis
1105 681 1112 693 ,
1134 661 1221 689 donec
1241 671 1339 698 ponam
1360 666 1486 695 inimicos
1505 672 1565 696 tuos
1585 671 1734 699 scabellum
1755 682 1804 708 pe-

1019 703 1084 731 dum
1106 709 1228 735 tuorum.
1255 707 1367 743 Virgam
1387 710 1497 739 virtutis
1514 714 1618 741 emittet
1636 716 1685 744 tibi
1710 703 1804 746 Domi-

1018 757 1071 777 nus
1086 758 1118 778 ex
1136 751 1201 779 Sion
1216 772 1224 785 ,
1238 757 1265 780 et
1279 753 1465 783 dominaberis
1479 758 1506 784 in
1521 760 1613 787 medio
1628 761 1802 792 inimicorum

1018 799 1138 823 tuorum.
1158 797 1260 825 Tecum
1278 800 1441 835 principium
1458 802 1485 830 in
1501 803 1546 831 die
1559 806 1670 834 virtutis
1687 812 1754 842 ture,
1773 811 1801 838 in

1019 843 1212 877 splendoribus
1236 851 1396 875 sanctorum
1429 853 1547 878 tuorum.
1570 851 1609 880 Ex
1636 859 1712 883 utero
1738 863 1800 885 ante

1015 887 1172 918 Luciferum
1191 894 1273 926 genui
1294 897 1330 921 te.
1359 894 1466 922 Juravit
1483 896 1613 927 Dominus
1626 905 1652 927 et
1670 909 1724 929 non
1742 911 1801 938 pte-

977 951 997 978 B
1013 935 1112 962 nitebit
1129 943 1191 964 eum
1210 948 1216 965 :
1242 938 1282 966 Tu
1318 948 1348 967 es
1371 942 1500 970 sacerdos
1522 943 1549 970 in
1579 935 1801 980 aiternum,-se-

1015 980 1135 1008 cundum
1164 983 1288 1011 ordinem
1304 985 1493 1016 Melchisedec.
1518 989 1650 1020 Dominus
1665 1001 1680 1019 a
1695 993 1800 1024 dextris
1845 991 1847 998 ¹

1013 1025 1068 1053 tuis
1087 1026 1118 1052 ".
1132 1036 1142 1052 ›
1157 1026 1324 1057 Salvatorem
1338 1039 1371 1058 ac
1385 1031 1531 1061 Dominum
1546 1041 1670 1064 nostrum
1682 1058 1689 1070 ,
1706 1039 1797 1075 ipsum

1016 1071 1227 1107 primogenitum
1240 1077 1330 1104 omnis
1343 1083 1474 1108 creatura:
1486 1081 1532 1108 Dei
1543 1081 1677 1116 Verbum,
1693 1086 1799 1121 sapien-

1013 1117 1078 1143 tiam
1101 1126 1163 1153 qua
1184 1124 1226 1147 est
1248 1128 1311 1149 ante
1341 1131 1447 1157 agrum,
1469 1125 1577 1154 initium
1600 1129 1705 1156 viarum
1730 1130 1794 1163 Dei,

1011 1162 1221 1198 primogenitum
1233 1170 1260 1193 et
1269 1168 1380 1196 unicum
1392 1169 1482 1200 Patris
1494 1181 1606 1208 germen
1617 1194 1623 1206 ,
1636 1175 1718 1210 220
1730 1185 1794 1205 eum

1010 1208 1057 1242 qui
1074 1208 1177 1238 Christi
1193 1213 1374 1247 appellatione
1396 1215 1557 1251 honoratur,
1579 1208 1710 1254 praesens:
1720 1230 1791 1257 quo-

1008 1261 1062 1288 que
1076 1256 1198 1289 psalmus
1220 1257 1365 1286 Dominum
1386 1266 1480 1296 vocat,
1501 1263 1636 1299 docetque
1655 1274 1716 1293 eum
1733 1276 1794 1296 esse

1008 1306 1198 1330 consessorem
1216 1304 1297 1332 simul
1312 1310 1339 1333 et
1354 1305 1454 1335 Filium
1474 1311 1594 1345 supremi
1610 1311 1673 1345 Dei,
1687 1321 1794 1341 rerum-

1008 1353 1060 1380 que
1076 1349 1199 1375 omnium
1219 1349 1343 1385 Domini,
1360 1359 1546 1390 :eternumque
1561 1356 1650 1385 Patris
1666 1360 1794 1387 sacerdo-

1007 1395 1074 1419 tem.
1103 1393 1225 1422 Primum
1251 1405 1316 1432 ergo
1342 1399 1383 1426 sic
1410 1400 1530 1434 habeto,
1560 1405 1791 1438 quemadmodum

1007 1439 1152 1473 progenies
1170 1441 1215 1468 illa
1237 1444 1356 1471 secunda
1382 1444 1429 1473 Dei
1444 1447 1585 1475 nominata
1599 1453 1659 1483 est,
1679 1455 1706 1478 et
1724 1459 1794 1486 quo-

1006 1483 1080 1510 niam
1101 1485 1194 1513 divino
1216 1495 1325 1523 quoque
1347 1490 1445 1525 spiritu
1467 1492 1514 1520 illa
1537 1495 1686 1530 prophetia:
1708 1483 1790 1525 verba

1007 1529 1069 1557 lidei
1090 1536 1190 1559 nostra:
1204 1535 1350 1563 commissa
1366 1542 1445 1571 sunt;
1465 1539 1526 1566 vide
1541 1529 1606 1567 num
1623 1546 1649 1568 et
1665 1542 1710 1571 illc
1728 1543 1792 1578 Spi-

1005 1576 1074 1603 ritus
1090 1583 1201 1605 sanctus
1219 1580 1245 1606 in
1259 1582 1392 1616 propheta
1402 1603 1409 1614 ,
1423 1585 1522 1612 suimet
1537 1586 1625 1621 ipsius
1644 1587 1788 1616 Dominum

967 1634 987 1662 ρ
1005 1624 1153 1650 secundum
1168 1629 1229 1660 post
1243 1634 1305 1654 eum
1319 1627 1364 1662 qui
1377 1628 1508 1659 Dominus
1534 1637 1577 1659 est
1600 1635 1789 1663 universorum

1004 1674 1091 1696 vocet.
1111 1679 1119 1695 ι
1136 1670 1209 1698 Dixit
1225 1681 1234 1698 ›
1257 1673 1348 1706 enim,
1366 1675 1472 1710 inquit,
1493 1686 1501 1701 ι
1518 1677 1650 1707 Dominus
1675 1680 1790 1708 Domino

1004 1721 1077 1746 meo,
1095 1715 1165 1744 Sede
1179 1725 1194 1743 a
1208 1718 1323 1747 dextris.
1343 1729 1352 1745 ι
1369 1720 1455 1748 Sicuti
1472 1730 1561 1750 rerum
1579 1725 1659 1752 etiam
1680 1727 1789 1755 univer-

1004 1759 1054 1786 sim
1076 1762 1197 1788 omnium
1219 1763 1372 1798 Dominum,
1385 1765 1490 1795 Hebraei
1513 1769 1688 1797 inenarrabili
1709 1777 1736 1800 et
1756 1781 1790 1800 ex

1003 1808 1124 1839 quatuor
1138 1807 1281 1836 elementis
1297 1811 1448 1845 composita
1463 1812 1584 1841 dictione
1603 1821 1787 1851 vocaverunt;

1002 1857 1052 1877 nec
1076 1850 1132 1884 jam
1157 1854 1272 1888 amplius
1298 1863 1359 1883 eum
1383 1858 1466 1885 simili
1488 1859 1596 1887 ratione
1617 1862 1787 1896 secundum,

1002 1896 1049 1923 sed
1067 1898 1176 1932 proprie
1191 1898 1335 1927 Dominum
1351 1904 1569 1938 appellaverunt.
1590 1906 1686 1934 Merito
1701 1908 1785 1943 igitur

1002 1940 1128 1969 Salvator
1152 1950 1183 1970 ac
1204 1943 1336 1974 Dominus
1363 1953 1456 1976 noster
1475 1950 1533 1985 ipse
1547 1950 1626 1980 Jesus
1643 1954 1689 1987 qui
1705 1954 1785 1981 Chri-

1000 1991 1060 2015 stus
1088 1992 1131 2016 est
1159 1989 1223 2022 Dei,
1251 1991 1423 2029 interrogans
1449 1995 1595 2030 aliquando
1619 1997 1783 2032 Pharisazos,

1003 2043 1012 2058 ι
1029 2033 1101 2066 Quid
1132 2035 1210 2063 vobis
1240 2037 1348 2065 videtur
1375 2041 1408 2068 de
1430 2041 1560 2070 Chrism?
1581 2044 1660 2080 cujus
1682 2053 1724 2074 est
1752 2048 1785 2074 li-

999 2079 1053 2106 lius
1073 2080 1118 2107 “?
1136 2091 1144 2107 ι
1169 2089 1231 2109 cum
1261 2086 1487 2120 respondissent,
1516 2088 1646 2124 Duvidis,
1681 2093 1785 2127 subdit,

1004 2134 1013 2150 ι
1030 2122 1174 2158 Quomodo
1197 2128 1280 2163 igitur
1296 2130 1381 2158 David
1395 2132 1424 2159 in
1439 2133 1537 2168 spiritu
1560 2134 1704 2164 Dominum
1722 2146 1783 2166 eum

1005 2175 1102 2203 rocat,
1119 2171 1223 2205 dicens,
1246 2174 1319 2202 Dixit
1338 2176 1470 2206 Dominus
1485 2178 1599 2207 Domino
1616 2189 1676 2209 meo
1691 2191 1698 2209 :
1716 2182 1785 2212 Sede

1001 2222 1015 2241 a
1038 2216 1142 2244 dextris
1164 2220 1233 2247 meis
1251 2221 1294 2247 "'t
1308 2231 1316 2247 ι
1330 2223 1526 2257 propemodum
1539 2224 1722 2261 interpretans
1742 2229 1785 2256 di-

1000 2271 1119 2298 ctionem
1134 2292 1140 2303 ,
1166 2279 1228 2308 quae
1251 2279 1306 2299 non
1328 2272 1410 2299 modo
1431 2272 1559 2306 Davidis,
1580 2283 1675 2303 verum
1697 2278 1781 2305 etiam

997 2321 1111 2356 spiritus
1129 2322 1156 2349 in
1189 2322 1322 2357 propheta
1332 2323 1508 2356 exsistentis,
1530 2323 1675 2353 Dominum
1691 2329 1784 2362 appel-

997 2371 1046 2399 lat.
1075 2371 1105 2399 Si
1127 2380 1193 2399 vero
1217 2373 1345 2407 spiritum
1369 2373 1445 2400 illum
1472 2375 1680 2409 propheticum,
1705 2378 1781 2405 illum

997 2429 1087 2458 certe,
1103 2426 1149 2460 qui
1166 2425 1217 2452 ﬁde
1231 2414 1324 2453 nostra
1339 2426 1460 2453 creditus
1489 2431 1531 2454 est
1556 2427 1688 2463 Spiritum
1715 2437 1781 2458 san-

997 2481 1088 2510 ctum,
1109 2477 1206 2504 annuit
1227 2486 1289 2506 esse
1307 2477 1467 2512 Dominum,
1490 2487 1570 2514 quem
1590 2488 1779 2510 consessorem

995 2527 1084 2555 Patris
1100 2536 1161 2557 esse
1176 2529 1327 2564 proﬁtetur,
1343 2537 1394 2557 nec
1408 2529 1549 2562 absolute,
1568 2539 1661 2558 verum
1678 2532 1720 2560 sui
1737 2533 1779 2568 ip-

996 2580 1053 2608 sius
1073 2580 1217 2608 Dominum
1235 2581 1385 2608 secundum
1403 2582 1429 2609 id
1445 2583 1517 2616 quod
1540 2587 1570 2609 ut
1588 2584 1736 2618 plurimum
1751 2589 1780 2612 et

995 2633 1082 2668 magis
1103 2633 1226 2661 dicerent
1246 2633 1394 2661 rationales
1409 2633 1553 2663 facultates
1569 2641 1631 2670 post
1647 2636 1780 2672 Spiritum

995 2692 1139 2720 sanetum,
1165 2693 1248 2723 atque
1266 2696 1346 2716 omne
1366 2689 1503 2724 opiﬁcium
1527 2692 1692 2726 aspectabile
1716 2701 1779 2721 cor-

993 2737 1083 2773 poreis
1108 2742 1134 2765 et
1160 2738 1331 2774 incorporeis
1354 2745 1499 2774 constans,
1523 2744 1603 2778 cujus
1617 2745 1702 2773 totius
1715 2746 1779 2780 jure

992 2791 1091 2818 merito
1105 2790 1345 2819 demonstraretur
1354 2792 1484 2822 DominUS
1507 2803 1578 2824 unus
1602 2795 1692 2826 Patris
1712 2807 1778 2827 cou-

992 2849 1094 2874 sessor,
1111 2851 1159 2878 per
1173 2851 1253 2878 quem
1269 2847 1367 2871 cuncta
1383 2845 1453 2872 facta
1468 2851 1552 2880 sunt;
1568 2849 1632 2882 quia
1647 2850 1776 2878 nimirum

993 2895 1142 2923 secundum
1157 2895 1345 2924 admirabilem
1362 2897 1532 2932 Apostolum,
1545 2909 1554 2925 ι
1564 2899 1592 2927 in
1608 2901 1669 2936 ipso
1684 2906 1777 2930 creata

183 2934 204 2950 "
213 2933 288 2963 Psal.
305 2942 361 2963 ους.
377 2937 434 2963 1-5.
475 2938 496 2953 ιδ
513 2937 607 2967 Matth.
625 2947 694 2974 nu,
708 2940 752 2968 4'2.
793 2940 813 2956 "
831 2940 896 2968 ibid.
912 2941 1008 2974 45,“.

315 2981 451 3014 Ριτιιοι..
473 2984 532 3015 Gn.
556 2984 660 3016 XXII.

1601 2994 1638 3023 12
