2084 3216
309 166 366 195 363
381 162 384 165 ’

637 165 772 194 EUSEBII
791 167 1031 195 CESARIENSlS
1049 168 1124 196 OPP.
1144 168 1234 196 PARS
1254 167 1286 197 ll.
1307 184 1340 189 —
1360 169 1607 198 APOLOGETICA.

1879 170 1932 198 564

305 231 368 252 mut
398 232 504 256 omnia,
527 230 581 252 tam
607 232 666 259 quae
689 229 753 251 sunt
774 225 801 251 in
821 225 915 257 curiis,
932 233 1014 260 quam
1029 235 1080 261 qua

1142 228 1223 262 ρικῆς
1247 227 1335 263 ἀρχῆς
1348 236 1377 254 τε
1401 229 1447 255 καὶ
1465 228 1614 264 βασιλείας,
1630 228 1654 254 ει
1677 227 1714 263 μὴ
1731 228 1784 264 ἄρα
1801 229 1842 255 ἑνὶ
1860 229 1933 265 μόνῳ

302 276 367 298 sunt
380 279 463 306 supra
480 276 579 298 terram
590 292 597 303 ,
617 272 674 298 sive
691 271 819 304 visibilis,
831 271 889 298 sive
905 272 1065 300 invisibilia.
1079 283 1089 299 ι

304 317 422 352 Equum
436 317 517 352 igitur
530 322 583 347 est,
597 317 685 344 solum
697 324 758 343 eum
770 323 890 351 paterna:
903 318 1091 346 similitudinis

303 365 403 392 habere
412 364 562 391 dominium
573 384 580 395 ,
592 364 663 392 sicut
674 368 700 391 et
711 364 798 391 solum
809 371 871 392 esse
881 364 968 393 Patris
979 373 1091 393 conses-

301 418 391 438 sorem
410 410 578 437 declaratum
602 414 653 438 est.
669 409 747 437 Patet
764 409 846 445 igitur
863 410 931 437 nulli
951 415 1091 439 creatura-

302 464 362 482 rum
377 456 417 483 fas
428 463 488 483 esse
500 455 591 482 sortiri
603 457 740 482 dexteram
752 455 946 490 omnipotentis
957 457 1091 492 principa-

302 507 346 529 tus
364 507 391 529 et
406 502 532 536 imperii,
550 502 603 529 nisi
619 501 644 529 ei
660 502 707 529 uni
723 502 774 529 soli
791 509 873 537 quem
890 510 923 529 ex
941 504 1090 538 praemissis

302 548 375 574 varie
392 551 418 575 et
433 547 584 582 theologice
600 547 860 576 demonstravimus.
878 549 957 583 221
975 548 1090 577 Attende

301 593 392 628 igitur,
410 593 640 628 quemadmodum
664 593 709 621 hic
730 602 815 622 unum
838 599 865 622 et
890 595 1017 623 eumdem
1043 604 1090 624 su-

300 647 410 674 premus
429 643 456 666 et
476 640 567 666 omnia
594 640 645 667 sub
670 647 700 668 se
722 640 826 668 habens
848 641 996 674 Dominus,
1023 650 1090 670 voce

300 685 346 711 illa
379 685 482 717 donat,
507 695 516 710 ι
537 684 607 713 Sede
637 693 653 711 a
688 685 791 713 dextris
824 687 910 720 meis;
933 697 942 713 ι
963 691 990 715 et
1022 688 1087 721 illa,

300 741 311 756 ς
331 735 393 758 ante
403 730 560 758 Luciferum
575 732 655 766 genui
679 736 714 758 te.
732 741 741 757 ι
760 731 864 760 Deinde
885 741 947 760 cum
973 733 1088 768 jurisju-

299 777 376 804 randi
395 777 615 811 conﬁrmatione,
639 778 834 806 inconcussum
856 783 937 814 atque
961 780 1088 808 immuta-

299 824 380 851 bilem
402 823 429 850 in
458 823 594 850 inlinitum
623 831 711 850 aevum
738 826 911 859 permansuri
940 826 1087 854 sacerdotii

298 871 430 898 honorem
453 869 478 897 ei
511 870 626 904 largitur
642 879 648 896 :
665 879 674 895 ι
691 869 797 898 Juravit
811 870 959 904 Dominus,
981 877 1008 900 et
1031 881 1086 901 non

1142 272 1180 308 τῷ
1201 272 1245 299 διὰ
1272 272 1325 298 τῶν
1350 274 1538 308 προκειμένων
1565 273 1694 305 ποικίλως
1719 273 1931 310 θεολογονμένῳ.

1148 318 1308 353 Ἐπίστησον
1324 316 1380 350 οὖν,
1395 319 1432 349 ὡς
1448 319 1516 354 πρὸς
1538 319 1586 345 ἕνα
1602 319 1648 345 καὶ
1672 318 1717 345 τόν
1739 319 1818 345 αὐτὸν
1833 321 1846 346 ό
1861 321 1932 346 ἀνω-

1141 364 1214 390 τάτω
1234 364 1281 390 καὶ
1302 364 1347 390 ἐπὶ
1367 364 1475 390 πάντων
1492 364 1593 398 Κύριος
1614 365 1662 390 καὶ
1678 364 1736 399 τὴν,
1757 374 1766 390 ‹
1791 365 1883 392 Κάθου
1900 367 1933 392 ἐκ

1140 408 1235 442 δεξιῶν
1250 418 1311 444 μου,
1328 419 1337 435 ›
1350 410 1475 445 δωρεῖται
1492 409 1593 444 φωνὴν,
1611 410 1658 437 καὶ
1671 411 1730 445 τὴν,
1748 419 1757 435 ε
1774 410 1830 446 Πρὸ
1849 411 1933 437 Ἑωσ-

1141 455 1224 490 φόρου
1252 455 1400 490 γεγέννηκά
1424 463 1463 482 σε.
1486 464 1495 480 ι
1524 455 1591 481 Μεθ’
1613 456 1695 491 ὅρκου
1719 456 1747 482 δὲ
1772 455 1932 482 διαϐεϐαιώ-

1141 507 1220 531 σεως,
1233 499 1356 527 ἄσειστον
1373 500 1420 527 καὶ
1439 499 1616 536 ἀπαράϐατον
1632 500 1705 535 αὐτῷ
1726 500 1775 536 τὴν
1787 500 1868 535 τιμὴν
1883 501 1932 536 τῆς

1140 545 1179 576 εἰς
1195 545 1307 581 ἄπειρον
1321 545 1406 572 αἰῶνα
1422 545 1548 581 διαρκοῦς
1566 546 1715 581 ἱερωσύνης
1731 543 1929 581 παραδίδωσιν·

1142 601 1152 617 (
1171 592 1271 627 Ὠμοσε
1283 592 1394 628 Κύριος,
1409 592 1454 618 καὶ
1466 593 1497 618 οὑ
1510 591 1761 628 μεταμεληθήσεται
1771 601 1778 607 ’
1792 593 1827 618 Σὺ
1843 593 1931 628 ἱερεὺς

1139 639 1179 669 εὶς
1190 639 1284 664 αἰῶνα.
1299 648 1308 664 ι
1318 638 1365 670 Τίς
1381 638 1403 664 δ’
1417 638 1450 664 ἂν
1465 639 1613 671 ἐπινοοῖτο;
1626 638 1684 664 οὔτι
1699 638 1730 674 δὴ
1744 638 1837 674 θνητος
1849 638 1930 674 ἀνὴρ,

1139 684 1207 711 ἀλλὰ
1221 685 1281 711 οὐδὲ
1297 685 1348 719 τῆς
1364 684 1511 719 ἀΠελικῆς
1527 684 1645 719 φύσεως,
1667 685 1719 711 ὑπὸ
1733 685 1800 712 Θεοῦ
1823 686 1873 721 μὲν
1887 690 1930 719 γε.

1138 731 1313 766 γεννημένος,
1331 731 1371 762 εἰς
1387 730 1471 757 αἰῶνα
1490 730 1518 757 δὲ
1542 731 1700 766 ἱερωμένος,
1725 732 1740 757 ό
1760 731 1807 757 καὶ
1825 731 1854 757 ὲν
1875 730 1929 760 τοῖς

1139 777 1255 814 πρόσθεν
1270 776 1369 803 εἰπών·
1389 785 1398 802 ι
1420 775 1522 811 Κύριος
1537 776 1626 803 ἐκτισέ
1645 785 1678 812 με
1691 777 1778 812 ἀρχὴν
1792 777 1859 802 όδῶν
1881 779 1933 803 αὐ-

1138 822 1184 849 τοῦ
1202 824 1241 854 εἰς
1256 823 1324 859 ἔργα
1337 822 1433 850 αὐτοῦ.
1451 822 1508 857 Πρὸ
1523 822 1570 848 τοῦ
1591 822 1687 854 αἰῶνος
1704 822 1869 858 ὲθεμελίωςέ
1883 831 1928 858 με,

1139 869 1167 895 ἐν
1190 870 1260 905 ἀρχῇ
1281 869 1334 904 πρὸ
1354 868 1402 895 τοῦ
1424 868 1474 904 ὅρη
1496 868 1670 904 ἑδρασθῆναι,
1692 869 1745 904 πρὸ
1769 869 1797 896 δὲ
1820 869 1928 896 πάντων

299 917 443 952 paenitebit
458 924 538 944 eum:
556 915 598 943 Tu
617 923 647 944 es
672 917 801 945 sacerdos
824 918 850 945 in
867 923 1008 946 aeternum.
1027 929 1035 945 ι
1051 921 1080 946 AI

1138 915 1240 950 βουνῶν
1263 917 1345 951 γεννᾷ
1366 925 1410 952 με.
1431 925 1440 942 ι
1457 916 1512 942 Καὶ
1537 916 1655 951 πρόσχες
1678 915 1706 942 δὲ
1731 915 1868 950 ἐπιμελῶς
1882 915 1928 941 τὸν

297 963 369 990 enim
397 963 459 998 quis
489 963 534 990 hic
558 963 668 990 tandem
697 959 881 999 intellig'atur?
906 973 1004 1000 nempe
1029 974 1085 993 non

297 1010 339 1036 vir
354 1009 477 1037 mortalis
491 1009 564 1036 ullus
574 1029 581 1038 .
597 1016 629 1036 ac
643 1016 678 1036 ne
702 1011 832 1044 angelicae
846 1010 956 1046 quidem
980 1016 1085 1040 natura:

295 1056 451 1092 quispiam,
470 1055 517 1091 qui
539 1063 553 1083 a
575 1055 631 1083 Deo
647 1056 756 1091 quidem
784 1057 820 1084 sit
841 1057 945 1090 factus,
964 1059 992 1086 in
1007 1063 1086 1087 aeter-

298 1111 364 1130 num
390 1110 456 1130 vero
495 1102 625 1130 sacerdos
648 1104 833 1136 constitutus,
857 1105 904 1132 sed
932 1106 1008 1134 solus
1041 1106 1085 1135 ille

294 1147 342 1184 qui
359 1148 387 1175 in
404 1148 439 1176 iis
452 1168 459 1181 ,
476 1156 537 1184 quae
559 1152 639 1176 antea
666 1149 810 1177 citat-imus
835 1151 969 1183 oraculis,
995 1152 1082 1180 dixit:

298 1194 433 1222 «Creavit
458 1201 502 1221 me
532 1194 639 1221 initium
668 1194 773 1221 viarum
804 1202 916 1222 suarum
946 1196 974 1224 in
1000 1204 1084 1231 opera

295 1248 355 1268 sua.
386 1239 457 1266 Ante
487 1240 617 1266 saac'ulum
645 1238 769 1266 fundavit
798 1248 860 1272 me,
889 1242 917 1268 in
947 1241 1083 1277 principio

295 1291 441 1321 antequam
471 1289 577 1312 montes
604 1285 803 1317 stabilirentur,
837 1289 864 1313 et
892 1291 955 1314 ante
986 1295 1082 1316 omnes

294 1333 378 1360 colles
395 1332 482 1367 gignit
496 1339 538 1358 me
555 1332 587 1358 η.
605 1342 614 1357 ι
629 1331 734 1360 Adhibe
750 1340 814 1360 vero
829 1333 951 1360 animum
967 1334 1082 1370 diligen-

295 1385 347 1409 ter.
370 1383 397 1405 et
416 1378 609 1414 cogitationem
632 1378 759 1410 intende,
781 1383 839 1406 tum
862 1380 896 1407 ad
921 1386 1081 1415 praesentem

294 1424 449 1459 psalmum,
465 1427 524 1450 tum
539 1422 573 1450 ad
595 1430 643 1450 eas
674 1431 736 1458 qua:
753 1427 833 1451 antea
864 1425 994 1460 expositae
1017 1429 1082 1453 sunt

292 1477 387 1497 voces.
400 1469 430 1496 In
442 1469 494 1496 hoc
506 1469 579 1497 enim
592 1469 729 1506 ingenitus
744 1469 817 1496 Deus
832 1477 893 1497 eum
908 1469 954 1504 qui
972 1470 1007 1497 ab
1020 1471 1082 1505 ipso

292 1519 350 1547 est,
365 1519 392 1543 et
413 1519 508 1543 noster
531 1515 664 1543 Dominus
691 1520 752 1547 est,
782 1516 881 1543 sedere
904 1523 997 1543 secum
1026 1524 1080 1543 una

290 1562 384 1596 jubet,
410 1561 524 1589 dicens:
541 1571 551 1586 ι
567 1560 636 1589 Sede
658 1569 673 1588 a
696 1561 801 1589 dextris
818 1561 895 1589 meis.
913 1571 921 1587 ι
938 1560 968 1588 ln
994 1563 1080 1590 altero

1137 960 1208 992 νοῦν,
1223 961 1372 997 ἐπιστήσας
1387 961 1426 997 τῷ
1442 970 1471 988 τε
1488 961 1601 996 παρόντι
1624 961 1734 997 ψαλμῷ,
1752 962 1799 988 καὶ
1817 962 1879 993 ταῖς
1899 961 1928 987 ἐν

1136 1006 1174 1041 τῷ
1189 1007 1240 1043 πρὸ
1259 1007 1354 1034 τούτου
1373 1007 1584 1043 παρατεθείσαις
1603 1009 1714 1043 φωναῖς.
1738 1009 1782 1035 Ἐν
1801 1008 1849 1044 μὲν
1873 1008 1928 1042 γὰρ

1135 1053 1222 1089 τούτῳ
1238 1054 1252 1080 ὁ
1268 1054 1397 1080 ἀνωτάτω
1414 1053 1481 1085 Θεὸς
1498 1053 1641 1089 σύνθρονον
1664 1054 1709 1080 τὸν
1728 1054 1864 1089 δεύτερον,
1880 1054 1928 1080 καὶ

1134 1099 1213 1134 ἡμῶν
1227 1099 1339 1135 Κύριον,
1356 1099 1453 1126 ἑαυτοῦ
1469 1099 1622 1135 καθίστησι,
1636 1099 1736 1134 λέγων·
1756 1109 1765 1126 ι
1785 1099 1878 1126 Κάθου
1894 1100 1927 1126 ἐκ

1134 1144 1227 1178 δεξιῶν
1243 1154 1310 1181 μου·
1331 1156 1339 1172 ›
1356 1147 1384 1171 ἐν
1409 1145 1437 1172 δὲ
1459 1145 1497 1180 τῷ
1520 1146 1572 1181 πρὸ
1591 1146 1687 1172 τούτου
1704 1146 1749 1173 τὸν
1766 1146 1860 1182 θρόνον
1885 1145 1925 1177 εἰς

1135 1191 1220 1218 αἰῶνα
1237 1192 1334 1224 αἰῶνος
1352 1193 1497 1229 διαμένειν,
1515 1195 1529 1220 ὁ
1544 1193 1622 1228 λόγος
1643 1192 1754 1228 ἔφησεν,
1774 1192 1843 1227 ὁμοῦ
1860 1191 1926 1219 Θεὸν

1135 1236 1214 1263 αὐτὸν
1231 1238 1402 1274 ἀναγορεύων
1419 1239 1452 1266 δι’
1472 1235 1509 1265 ὧν
1526 1247 1622 1274 φησιν·
1641 1248 1651 1264 ί
1673 1238 1702 1264 '0
1719 1238 1812 1272 θρόνος
1832 1246 1889 1269 σου,
1910 1237 1926 1264 ό

1133 1283 1209 1315 Θεὸς,
1224 1285 1263 1315 εἰς
1280 1284 1325 1310 τὸν
1340 1285 1426 1312 αἰῶνα
1442 1284 1487 1311 τοῦ
1504 1285 1610 1316 αἰῶνος.
1632 1294 1641 1310 ι
1661 1284 1746 1310 Πάλιν
1762 1284 1791 1310 ὲν
1816 1283 1865 1318 μὲν
1885 1283 1925 1318 τῷ

1135 1328 1205 1363 μετὰ
1220 1330 1322 1363 χεῖρας,
1342 1339 1352 1354 ί
1375 1329 1494 1362 Ῥάϐδον,
1513 1340 1521 1356 ι
1539 1330 1615 1366 φησὶ,
1639 1339 1649 1355 ι
1671 1330 1811 1365 δυνάμεως
1827 1329 1925 1362 ἐξαπου

1134 1374 1220 1400 στελεί
1237 1383 1276 1400 σοι
1290 1375 1390 1410 Κύριος
1404 1377 1435 1402 ἐκ
1450 1375 1532 1402 Σιών·
1554 1386 1562 1401 ι
1578 1377 1607 1402 ὲν
1619 1376 1642 1402 δ’
1657 1376 1764 1418 ἐκείνῳ,
1781 1385 1791 1400 ι
1813 1375 1924 1407 Ῥάϐδος

1133 1420 1278 1455 εὐθύτητος
1293 1422 1309 1456 ἡ
1324 1421 1421 1456 ῥάϐδος
1434 1422 1484 1457 τῆς
1501 1422 1638 1457 βασιλείας
1653 1431 1710 1449 σου.
1732 1433 1741 1448 ι
1759 1423 1813 1449 Καὶ
1824 1421 1923 1453 αὖθιςὸ

1133 1466 1182 1500 μὲν
1207 1466 1301 1502 παρών
1321 1475 1403 1502 φησι·
1421 1477 1431 1493 ι
1452 1468 1543 1495 Κάθου
1567 1470 1598 1495 ὲκ
1618 1468 1713 1501 δεξιῶν
1738 1477 1799 1503 μου,
1818 1468 1870 1499 ἕως
1890 1468 1924 1495 ἂν

1132 1511 1169 1537 θῶ
1185 1512 1248 1544 τοὺς
1268 1512 1381 1548 ἐχθρούς
1401 1522 1448 1540 σου
1468 1514 1612 1541 ὑποπόδιον
1632 1515 1686 1541 τῶν
1700 1514 1787 1541 ποδῶν
1803 1523 1860 1547 σου,
1876 1515 1924 1542 καὶ

1131 1558 1357 1594 κατακυριεύσεις
1379 1560 1408 1585 ὲν
1435 1560 1510 1596 μέσῳ
1532 1560 1586 1587 τῶν
1613 1561 1716 1597 ἐχθρῶν
1740 1569 1804 1587 σου·
1830 1571 1839 1587 ι
1863 1562 1878 1588 ό
1894 1561 1922 1588 δὲ

292 1615 373 1638 vero,
389 1615 469 1642 quem
492 1610 556 1634 ante
571 1607 645 1634 hunc
660 1607 748 1642 ipsum
768 1607 947 1642 exposuimus
958 1628 965 1639 ,
985 1607 1076 1635 sedem

1131 1602 1263 1638 πρόσθεν·
1282 1614 1291 1629 ‹
1307 1605 1346 1630 Τὰ
1364 1604 1426 1641 βέλη
1445 1614 1490 1632 σου
1507 1607 1673 1642 ἠκονημένα,
1691 1607 1792 1634 δυνατὰ
1809 1608 1837 1634 ἐν
1855 1616 1923 1643 καρ-

292 1654 318 1680 in
334 1653 462 1681 saeculum
479 1653 571 1681 saeculi
594 1661 721 1685 manere,
744 1654 884 1680 oraculum
909 1653 1076 1686 aﬂirmahat,

291 1700 376 1728 Deum
394 1700 503 1726 interim
521 1700 598 1727 illum
614 1700 756 1735 appellans
771 1700 799 1726 in
823 1700 878 1727 illis
900 1700 1008 1733 verbis,
1031 1700 1077 1727 ubi

289 1746 349 1773 ait:
370 1755 379 1771 ‹
398 1744 484 1773 Sedes
509 1736 556 1772 tua
583 1745 656 1773 Deus
681 1745 708 1772 in
735 1746 866 1773 saxulum
895 1746 988 1773 saaculi
1012 1746 1044 1774 ”.
1065 1756 1074 1772 ι

289 1791 397 1820 Rursus
422 1791 450 1818 in
479 1799 512 1818 co
538 1791 585 1826 qui
613 1799 687 1818 nunc
716 1791 787 1818 inter
814 1799 911 1820 manus
937 1796 1076 1824 versatur,

291 1847 302 1864 ι
317 1838 436 1872 virgam,
461 1837 573 1871 inquit,
595 1838 705 1865 virtutis
730 1838 836 1865 emittet
862 1837 910 1865 tibi
944 1837 1076 1865 Dominus

287 1892 321 1911 ex
339 1883 403 1910 Sion
420 1883 452 1915 ",
474 1893 482 1908 ι
502 1883 530 1910 in
555 1883 602 1910 illo
625 1887 715 1910 autem
730 1904 737 1916 ,
764 1893 773 1909 ι
791 1884 868 1919 virga
893 1883 1052 1911 directionis
1066 1903 1074 1916 ,

287 1930 363 1964 virga
391 1928 468 1964 regni
498 1929 537 1956 tui
554 1929 584 1955 ".
605 1938 613 1954 ι
631 1928 664 1955 Ει
689 1937 786 1957 rursus
810 1929 854 1956 hic
879 1930 989 1965 quidem
1016 1930 1074 1956 ait:

289 1974 386 2002 «Sede
412 1983 427 2001 a
455 1975 558 2003 dextris
587 1975 676 2005 meis.
701 1975 788 2003 donec
819 1983 918 2010 ponam
949 1976 1075 2007 inimicos

287 2026 350 2048 tuos
377 2021 524 2051 seabellum
549 2021 647 2056 pedum
674 2025 804 2053 tuorum,
833 2026 860 2048 et
888 2022 1074 2050 dominaberis

286 2067 315 2094 in
333 2066 422 2093 medio
439 2066 614 2093 inimicorum
638 2071 746 2094 tuorum
763 2067 797 2094 ¹⁹.
813 2076 822 2092 ι
836 2066 883 2094 llle
902 2075 986 2100 vero,
1005 2077 1014 2093 ι
1029 2075 1074 2094 sa-

285 2112 360 2147 gittae.
385 2116 438 2139 tua:
463 2116 565 2144 acutae,
591 2116 717 2147 potentes
740 2113 769 2140 in
792 2112 875 2141 corde
899 2113 1071 2140 inimicorum

285 2158 368 2192 regis.
383 2167 392 2183 ι
406 2157 476 2192 Ergo
492 2157 574 2185 etiam
590 2166 621 2185 ea
637 2166 697 2192 quae
710 2157 743 2184 ad
759 2158 829 2192 ejus,
839 2158 872 2185 de
886 2166 940 2193 quo
955 2159 1071 2193 agimus,

284 2204 412 2232 inimicos
433 2204 586 2239 pertinent,
612 2204 639 2230 in
660 2207 778 2238 utroque
797 2204 849 2231 sibi
873 2205 931 2239 ipsa
955 2211 1073 2232 consen-

280 2248 367 2276 tiunt.
381 2248 448 2281 Quis
463 2256 528 2283 ergo
543 2249 624 2276 modo
639 2249 698 2275 suis
711 2249 799 2276 oculis
821 2256 938 2276 cernens
959 2249 987 2276 iu
1014 2257 1070 2276 me

281 2294 336 2322 diis
352 2294 467 2322 urbibus
479 2314 486 2325 ,
504 2294 532 2321 in
549 2294 619 2322 vicis
637 2302 670 2322 ac
690 2294 864 2330 regionibus,
881 2295 908 2322 in
926 2299 984 2322 toto
1004 2296 1070 2324 orbe

281 2340 410 2368 ﬂorentes
437 2339 586 2368 Salvatoris
611 2341 699 2368 nostri
725 2339 864 2369 Ecclesias
880 2362 887 2374 ,
914 2345 941 2368 et
968 2349 1017 2369 eos
1041 2342 1069 2370 in

280 2385 382 2421 quibus
407 2385 564 2412 dominatur
589 2386 721 2420 populos,
737 2390 764 2413 et
780 2386 973 2414 innumerabili
995 2388 1070 2415 viro-

282 2438 341 2457 rum
357 2430 532 2458 multitudine
547 2430 662 2458 refertos
685 2435 854 2463 conventus,
879 2432 927 2466 qui
945 2432 982 2459 illi
1003 2441 1070 2460 con-

281 2476 381 2502 secrati
397 2480 476 2508 sunt,
492 2477 596 2511 quique
608 2477 729 2513 undique
744 2481 803 2504 tum
824 2477 859 2504 al)
881 2477 915 2505 iis
930 2478 978 2512 qui
996 2478 1069 2506 inter

281 2520 405 2549 homines
431 2527 591 2554 cernuntur,
618 2528 674 2550 tum
700 2523 735 2550 ab
760 2523 953 2558 ell‘ugientibus
979 2524 1067 2551 visum

280 2571 404 2592 nostrum
415 2586 422 2598 ,
445 2572 472 2594 et
491 2568 608 2595 occultis
633 2568 752 2595 inimicis
768 2572 850 2603 atque
865 2568 990 2595 hostibus
1006 2568 1066 2602 ejus

281 2610 411 2638 doctrina:
429 2621 488 2647 qua:
505 2621 520 2640 a
541 2614 653 2641 Christo
671 2614 770 2640 tradita
786 2618 828 2641 est
840 2634 848 2645 ,
868 2614 1044 2642 circumsessi
1056 2635 1064 2647 ,

281 2663 337 2682 non
352 2657 502 2684 admiretur
516 2667 637 2693 praesens
662 2659 822 2691 oraculum,
849 2659 922 2693 quod
947 2659 981 2686 ad
1006 2659 1065 2694 ejus

281 2708 426 2735 personam
440 2704 611 2731 enuntiatum
627 2708 683 2736 est,
699 2709 726 2732 et
742 2704 775 2732 de
797 2712 852 2739 quo
875 2704 919 2732 hic
943 2705 1063 2737 canitur,

281 2746 347 2772 illud
374 2747 487 2782 utique:
507 2757 517 2773 ι
538 2749 684 2777 Dominare
711 2751 740 2777 in
769 2749 862 2778 medio
888 2752 1064 2780 inimicorum

281 2794 412 2820 morum?
427 2804 436 2819 ι
452 2793 553 2822 Deinde
572 2797 700 2831 quoniam
720 2797 748 2824 in
767 2805 800 2824 eo
824 2799 871 2833 qui
896 2800 1062 2832 antecessit,

280 2839 383 2865 dictum
397 2844 439 2867 est
455 2841 530 2868 illum
554 2847 666 2869 unctum
690 2851 752 2871 esse
766 2844 847 2878 222
861 2844 922 2872 oleo
935 2846 1058 2872 exsulta—

313 2896 337 2914 λ·
357 2894 436 2935 Prov.
455 2905 514 2930 vni,
532 2899 626 2928 2325.
666 2902 685 2916 "
705 2900 776 2932 Psal.
791 2910 864 2936 XLIV,
882 2903 907 2932 7.
946 2903 967 2920 ¹⁸
984 2903 1054 2933 Ρειιι,
1073 2906 1168 2939 crx,2.

1128 1649 1172 1684 δίᾳ
1183 1649 1236 1676 τῶν
1251 1650 1356 1686 ἐχθρῶν
1377 1651 1424 1677 τοῦ
1439 1651 1579 1686 βασιλέως.
1597 1661 1607 1678 ›
1626 1653 1730 1680 Οὐκοῦν
1746 1653 1791 1679 καὶ
1807 1653 1841 1679 τὰ
1858 1652 1923 1688 περὶ

1128 1695 1182 1721 τῶν
1199 1695 1304 1731 ἐχθρῶν
1316 1696 1361 1723 τοῦ
1384 1697 1549 1734 δηλουμένου
1570 1700 1599 1725 ὲν
1619 1699 1784 1735 ἀμφοτέροις
1804 1699 1920 1734 συνᾴδει.

1128 1741 1176 1773 Τίς
1186 1741 1253 1777 δῆτα
1264 1740 1320 1775 οὗν,
1333 1742 1480 1779 ὀφθαλμοῖς
1491 1744 1561 1780 ὁρῶν
1573 1745 1602 1772 ἐν
1616 1745 1712 1780 μέσαις
1726 1746 1786 1776 ταῖς
1800 1745 1921 1777 πόλεσιν,

1128 1787 1156 1814 ἕν
1164 1796 1192 1814 τε
1203 1787 1310 1823 κώμαις
1320 1789 1365 1815 καὶ
1375 1789 1487 1825 χώραις,
1496 1790 1556 1816 καθ’
1568 1790 1631 1826 ὅλης
1642 1799 1672 1817 τε
1686 1791 1736 1826 τῆς
1747 1791 1920 1826 οἰκουμένης,

1127 1832 1260 1865 ἀνθούσας
1282 1834 1332 1866 τὰς
1354 1835 1401 1861 τοῦ
1422 1836 1548 1871 Σωτῆρος
1572 1836 1649 1871 ἡμῶν
1667 1836 1843 1871 Ἐκκλησίας,
1859 1836 1921 1869 τοὺς

1126 1887 1156 1905 τε
1174 1879 1242 1915 πρὸς
1263 1880 1345 1907 αὐτοῦ
1367 1882 1577 1916 κυριευομένους
1601 1881 1692 1914 λαοὺς,
1709 1883 1756 1909 καὶ
1768 1882 1920 1918 μυρίανδρα

1127 1925 1217 1961 πλήθη
1226 1925 1280 1953 τῶν
1290 1926 1364 1966 αύτῷ
1379 1927 1607 1962 καθωσιωμένων,
1619 1929 1785 1963 πανταχόθεν
1799 1930 1852 1955 ὑπὸ
1865 1929 1920 1956 τῶν

1125 1972 1270 2007 ὁρωμένων
1288 1982 1318 1999 τε
1333 1973 1362 2000 ὲν
1382 1973 1546 2010 ἀνθρώποις,
1561 1975 1685 2010 ἀοράτων
1702 1984 1731 2001 τε
1746 1976 1793 2002 καὶ
1806 1976 1919 2009 ἀφανῶν

1126 2018 1240 2053 ἐχθρῶν,
1256 2019 1304 2045 καὶ
1328 2019 1464 2054 πολεμίων
1481 2019 1529 2055 τῆς
1544 2020 1591 2046 τοῦ
1611 2021 1728 2057 Χριστοῦ
1744 2021 1919 2053 διδασκαλίας

1125 2064 1307 2099 κυκλούμενα,
1322 2065 1371 2091 οὑκ
1384 2065 1417 2092 ἂν
1430 2065 1578 2101 θαυμάσειε
1592 2066 1638 2093 τδν
1652 2067 1771 2103 παρόντα
1783 2067 1916 2103 χρησμὸν,

1124 2111 1164 2142 εἰς
1189 2111 1333 2147 πρόσωπον
1350 2112 1563 2147 ἀναφωνηθέντα
1576 2113 1623 2139 τοῦ
1639 2113 1845 2149 θεσπιζομένου,
1867 2115 1898 2141 τό
1909 2123 1916 2129 ·

1127 2166 1136 2182 ‹
1157 2157 1343 2194 Κατακυρῖευε
1367 2158 1396 2184 ἐν
1428 2159 1502 2194 μέσῳ
1529 2159 1583 2186 τῶν
1613 2160 1718 2196 ἐχθρῶν
1742 2169 1807 2194 σούς
1835 2171 1844 2187 ι
1862 2163 1918 2188 Καὶ

1123 2204 1272 2240 ἐπειδήπερ
1293 2205 1322 2231 ἐν
1341 2205 1380 2241 τῷ
1401 2206 1518 2241 πρόσθεν
1543 2207 1684 2242 κεχρίσθαι
1769 2208 1851 2244 ἐλαίῳ
1867 2209 1918 2244 τῆς

1123 2250 1308 2284 ἀγαλλιάσεως
1324 2252 1399 2287 παρὰ
1414 2253 1477 2284 τοὺς
1495 2253 1624 2288 μετόχους
1649 2263 1706 2286 σου,
1718 2247 1816 2290 ’ἱερέων
1831 2255 1859 2281 δὲ
1875 2256 1916 2282 οἱ-

1124 2298 1195 2323 κεῖον
1211 2295 1244 2332 ἦν
1261 2298 1327 2333 παρ’
1347 2297 1481 2333 Ἑϐραίοις
1494 2299 1524 2325 τὸ
1537 2299 1674 2335 χρίεσθαι·
1690 2302 1802 2333 εἰκότως
1815 2303 1828 2329 ό
1847 2303 1916 2337 μετὰ

1124 2344 1217 2378 χεῖρας
1241 2344 1291 2379 ἤδη
1321 2344 1479 2380 λευκότερον
1515 2346 1589 2381 ἱερέα
1622 2348 1702 2374 αὑτὸν
1735 2348 1914 2383 ὲπιφημίζει,

1124 2388 1233 2415 πλείονα
1258 2390 1396 2425 προτιθεὶς
1419 2391 1483 2426 περὶ
1508 2392 1590 2419 αὐτοῦ
1614 2393 1797 2427 διδασκαλίαν,
1825 2395 1859 2421 δι’
1882 2394 1916 2431 ἧς

1124 2434 1203 2470 μόνον
1220 2435 1299 2462 αὑτὸν
1317 2436 1393 2472 παρὰ
1410 2438 1473 2469 τοὺς
1495 2438 1605 2464 πώποτε
1624 2438 1733 2466 αἰώνιον
1749 2440 1823 2476 ἱερέα
1845 2438 1916 2468 εἷναι

1122 2480 1261 2512 παιδεύει,
1285 2482 1353 2517 ὅπερ
1382 2483 1495 2519 οὐδεμιᾷ
1523 2484 1666 2520 ἀνθρώπου
1695 2485 1774 2520 φύσει
1802 2487 1916 2514 δυνατὸν

1121 2525 1297 2561 ἐφαρμόζειν.
1323 2528 1403 2554 Κατὰ
1426 2529 1475 2564 τὴν
1500 2529 1576 2562 τάξιν
1605 2530 1771 2566 Μελχισεδὲκ
1791 2533 1917 2568 ἱερᾶσθαί

1121 2579 1203 2606 φησιν
1222 2572 1312 2604 αὐτὸν,
1329 2574 1396 2610 πρὸς
1421 2575 1621 2612 ἀντιδιαστολὴν
1636 2576 1682 2602 τοῦ
1701 2577 1770 2603 κατὰ
1787 2577 1836 2612 τὴν
1852 2578 1916 2605 Μω-

1121 2617 1190 2649 σέως
1202 2617 1321 2651 διάταξιν
1342 2620 1447 2656 ἱερέως,
1465 2622 1522 2656 ἤτοι
1538 2621 1585 2649 τοῦ
1607 2622 1722 2657 Ἀαρὼν,
1736 2623 1752 2658 ἦ
1779 2633 1825 2650 και
1842 2634 1915 2657 τινος

1119 2662 1173 2689 τῶν
1187 2663 1216 2696 ἐξ
1228 2665 1332 2691 ἐκείνου
1343 2675 1349 2680 -
1367 2664 1405 2693 ὧν
1418 2667 1532 2699 ἕκαστος
1555 2668 1591 2703 μὴ
1612 2667 1648 2695 ὢν
1663 2669 1795 2706 πρότερον
1811 2671 1913 2707 ἱερεὺς,

1120 2708 1232 2745 ὕστερόν
1246 2719 1311 2737 ποτε
1324 2711 1358 2738 δι’
1367 2712 1517 2748 ἀνθρώπων
1528 2714 1625 2749 ἀλοιφῇ
1636 2723 1688 2741 τινι
1699 2718 1835 2752 σκευαστῇ
1843 2718 1916 2753 χριό-

1120 2763 1210 2787 μενος,
1230 2756 1268 2786 ὠς
1293 2757 1321 2783 ὲν
1344 2757 1438 2789 τύποις
1453 2760 1539 2786 εἰπεῖν
1556 2761 1602 2786 καὶ
1625 2761 1777 2794 συμϐόλοις,
1795 2763 1914 2799 σκιώδης

1117 2809 1159 2832 τις
1175 2801 1222 2828 καὶ
1241 2802 1372 2835 εῑκονικὸς
1388 2804 1506 2839 Χριστὸς
1524 2805 1695 2832 ἀπετελεῖτο·
1710 2807 1778 2834 ἀλλὰ
1794 2808 1842 2834 καὶ
1863 2808 1912 2835 ἅτε

1114 2845 1210 2882 θνητὸς
1225 2848 1264 2875 ὥν
1276 2849 1326 2875 οὐκ
1346 2850 1387 2881 εἰς
1401 2850 1506 2886 μακρὸν
1521 2851 1664 2878 ἀπετίθετο
1680 2852 1729 2886 τὴν
1748 2853 1910 2890 ἱερωσύνην.

1215 2908 1236 2923 “
1254 2906 1326 2936 Psal.
1342 2915 1412 2942 xuv,
1435 2909 1460 2936 7.
1512 2909 1621 2946 "_Psal.
1636 2918 1691 2944 cur,
1703 2910 1730 2940 2.
