2084 3216
182 194 240 224 365

635 182 958 229 DEMONSTRATIONIS
976 201 1205 234 EVANGELICA’:
1225 206 1288 234 LIB.
1309 207 1352 235 γρ

1757 215 1809 244 εεσ

186 253 241 280 Καὶ
258 253 334 289 παρὰ
370 255 419 289 μὲν
441 254 479 290 τῷ
498 255 631 283 Ἰουδαίων
652 257 724 292 μόνῳ
752 258 842 292 ἱερᾶτο
861 257 926 293 λαῷ,
943 258 967 283 oi

1027 258 1108 287 tionis
1124 269 1178 296 prae
1195 263 1374 298 participibus
1389 265 1444 293 tuis
1454 287 1461 299 ,
1475 269 1502 294 et
1516 266 1686 294 sacerdotum
1702 269 1729 295 id
1752 276 1810 297 erat

187 299 240 335 μὴν
257 300 304 326 καὶ
319 300 395 335 παρὰ
411 302 465 332 τοῖς
481 300 570 333 ἄλλοις
593 301 705 329 ἔθνεσιν,
728 302 806 329 Ἀλλὰ
830 303 889 329 οὐδὲ
915 304 973 338 μεθ’

185 346 359 382 ὁρκωμοσίας
369 346 436 373 Θεοῦ
454 347 499 373 ἐπὶ
513 347 563 383 τὴν
579 348 747 383 λειτουργίαν
760 349 869 385 παρῄει,
884 349 973 385 κρίσει

184 392 214 419 δὲ
227 391 378 428 ἀνθρώπων
392 392 554 428 τιμώμενος·
578 395 616 427 ὡς
642 395 688 421 καί
705 404 769 422 ποτε
785 397 821 431 μὴ
842 396 915 428 ἄξιον
930 397 974 422 εὐ-

186 437 329 473 ρίσκεσθαι
350 439 379 465 ἐν
401 439 491 472 αὐτοῖς
510 440 559 476 τῆς
583 441 629 467 τοῦ
650 440 716 467 Θεοῦ
740 441 896 477 θεραπείας,
919 440 973 474 οἷος

184 484 390 520 ἀναγέγραπται
403 487 418 512 6
434 485 517 513 Ἡλεί.
541 487 601 513 Ἔτι
624 487 692 523 πρὸς
705 488 809 520 τούτοις
825 489 840 514 6
859 488 972 521 παλαιὸς

183 531 288 562 ἐκεῖνος
304 531 403 566 ἱερεὺς,
420 532 434 557 6
448 532 517 559 κατὰ
537 533 586 568 τὴν
601 533 721 566 Μωσέως
731 534 860 567 διάταξιν,
881 536 912 562 ὲκ
926 535 972 570 μό-

183 585 234 612 νης
247 577 399 613 ἐξεκρίνετο
414 578 500 614 φυλῆς
519 579 568 615 τῆς
589 580 663 606 Δευῖ·
690 581 742 607 ἔδει
762 581 790 608 δὲ
809 582 839 614 ἐξ
855 582 972 615 ἅπαντος

183 623 232 650 καὶ
243 623 273 650 τὸ
284 624 362 658 γένος
372 625 404 650 ἐκ
417 625 466 660 τῆς
475 625 521 652 τοῦ
534 626 637 662 Ἀαρὼν
643 627 767 663 διαδοχῆς
779 628 857 654 αὑτὸν
867 629 969 664 φέρειν,

182 669 285 705 θύμασί
307 679 336 697 τε
360 670 437 703 ζώων
457 672 561 706 ἀλόγων
583 674 629 700 καὶ
646 674 753 708 αἵμασι.
774 677 915 710 σωματικῇ
939 684 969 709 γε

182 715 295 752 λατρεία
311 717 473 752 θεραπεύειν
488 719 518 744 τὸ
533 719 612 745 θεῖον.
637 720 664 746 '0
680 721 707 746 δὲ
725 721 890 756 Μελχισεδὲκ
904 723 971 749 ὠνο-

185 762 334 797 μασμένος,
350 763 364 789 ὂ
378 760 613 799 μεταλαύμὸάνεται
627 766 666 797 εἰς
679 766 727 801 τὴν
745 767 855 794 Ἐλλάδα
868 768 967 804 φωνὴν,

184 807 311 842 βασιλεὺς
326 809 506 844 δικαιοσύνης,
524 810 618 837 ἔπειτα
636 811 762 846 βασιλεὺς
778 813 881 849 Σαλὴμ,
897 814 910 840 ὃ
923 815 969 840 καὶ

182 852 250 878 αὐτὸ
264 853 297 879 ἂν
319 853 361 889 εἴη
388 854 514 889 βασιλεὺς
535 857 662 893 εἰρήνης,
689 859 813 895 ἀπάτωρ,
842 861 967 897 ἀμήτωρ,

180 897 403 934 ἀγενεαλόγητος,
418 901 467 927 οὐκ
487 901 554 937 ἔχων
569 904 638 930 κατὰ
654 904 703 940 τὴν
721 907 839 941 ἱστορίαν
853 908 902 934 οὐκ
919 909 968 944 ἀρ-

182 943 235 980 χὴν
247 945 368 981 ἡμερῶν,
385 947 415 973 οὐ
437 946 509 984 ζωῆς
531 949 616 983 τέλος,
631 939 688 976 ἀλλἑ
701 951 760 978 οὐδὲ
776 939 865 980 κοινόν
881 963 905 980 τι
920 939 968 989 φὲ-
984 939 1005 966 Β

182 998 239 1025 ρων
264 991 332 1026 πρὸς
356 992 403 1018 τὸν
425 993 475 1028 τῆς
496 994 543 1020 τοῦ
562 995 664 1031 Ἀαρὼν
687 997 834 1033 ἱερωσύνης
858 999 966 1033 τρόπον.

181 1035 253 1063 οὗτε
271 1036 325 1073 γὰρ
346 1038 392 1064 ὑπ’
412 1039 562 1076 ἀνθρώπων
580 1041 679 1077 ᾕρητο,
700 1043 750 1070 οὐκ
770 1043 852 1079 ἐλαίῳ
873 1053 969 1072 σκευα-

182 1081 240 1117 στῷ
256 1083 400 1125 κεχριστο,
417 1086 447 1112 οὐ
465 1085 502 1121 (ι)
515 1087 592 1121 γένος
615 1085 649 1124 ἦν
672 1089 726 1115 τῶν
744 1090 810 1124 μηδὲ
833 1091 969 1125 φανέντων

181 1135 244 1154 πω·
267 1123 315 1157 καὶ
343 1129 373 1157 τδ
398 1131 505 1158 πάντων
529 1140 562 1166 γε
583 1123 810 1169 παραδοξότατον,
838 1123 878 1162 δτι
903 1137 969 1172 μηδὲ

180 1172 233 1210 τὴν
260 1174 349 1211 σάρκα
376 1177 573 1212 περιτέτμητο,
600 1179 648 1204 καὶ
674 1179 749 1214 ὅμως
771 1179 816 1206 τὸν
846 1179 969 1215 Ἀϐραὰμ

181 1219 307 1255 εὐλογεῖ,
335 1222 410 1249 ὠσὰν
444 1223 512 1251 πολὺ
545 1223 676 1260 κρείττων
708 1225 790 1251 αὑτοῦ
816 1227 967 1261 τυγχάνων.

188 1265 269 1293 ’Δλλὰ
298 1267 358 1294 οὐδὲ
385 1268 489 1300 θυσίαις
517 1269 563 1296 καὶ
589 1270 713 1302 σπονδαῖς
737 1271 775 1306 τῷ
800 1271 903 1307 ὑψίστῳ
932 1273 970 1299 ἱε-

182 1312 249 1346 ρᾶτο
263 1312 332 1348 Θεῷ.
350 1314 412 1340 οὐδὲ
437 1314 489 1350 μὴν
516 1315 591 1352 παρὰ
615 1315 654 1351 τῷ
676 1317 704 1343 ὲν
726 1317 900 1354 Ἰερουσαλὴμ
914 1319 969 1354 ναῷ

180 1357 230 1393 τὴν
245 1357 414 1395 λειτουργίαν
435 1360 564 1393 ὲξετέλει·
591 1362 650 1394 πῶς
671 1363 726 1399 γὰρ
747 1364 785 1399 τῷ
810 1365 875 1400 μηδὲ
897 1365 967 1398 ΰντι;

179 1402 300 1437 Εἰκότως
307 1403 362 1438 οὖν,
374 1406 435 1433 ἐπεὶ
453 1407 544 1443 καὶτῷ
553 1408 678 1444 ἡμετέρῳ
688 1409 793 1446 Σωτῆρι
800 1411 839 1446 τῷ
848 1412 968 1447 Χριστῷ,

178 1449 257 1477 οὐδὲν
275 1451 324 1486 μὲν
343 1451 382 1487 τῷ
402 1453 504 1490 Ἀαρὼν
526 1455 644 1490 ἐμφερὲς
660 1455 755 1492 ἔμελλε
773 1458 966 1494 συμϐήσεσθαι.

180 1496 252 1524 οὔτε
277 1498 332 1534 γὰρ
361 1499 397 1536 μὴ
419 1499 458 1526 ὣν
479 1501 630 1538 πρότερον,
655 1503 768 1539 ὕστερόν
791 1505 858 1531 ποθ’
880 1506 968 1541 ἱερεὺς

178 1543 382 1578 ἁναδέδεικται,
410 1546 457 1573 καὶ
486 1547 574 1583 ἱερεὺς
596 1550 626 1575 ού
653 1550 810 1586 γενόμενος,
832 1551 899 1578 ἀλλὰ
920 1551 967 1579 ὢν.

179 1589 348 1626 Προσεκτέον
367 1593 421 1629 γὰρ
443 1594 580 1630 ἐπιμελῶς
595 1596 648 1632 τῷ·
673 1607 682 1624 ι
701 1599 736 1625 Σὺ
753 1599 841 1635 ἱερεὺς
865 1602 904 1631 είς
923 1601 968 1628 τὸν
982 1612 1003 1641 c

179 1636 277 1664 αἰῶνα.
298 1647 308 1664 ι
328 1638 365 1665 Οὐ
381 1639 436 1676 γὰρ
451 1640 511 1677 ἔσῃ,
524 1642 600 1678 φησὶ,
619 1643 655 1679 μὴ
675 1644 712 1670 ὢν
731 1645 830 1672 πάλαι·
845 1646 902 1672 ἀλλ’
913 1647 966 1674 οὐδ’

179 1680 254 1718 ἦσθα
268 1684 318 1720 μὲν
329 1685 429 1719 πάλαι,
441 1686 488 1714 νῦν
504 1688 532 1715 δὲ
545 1688 585 1714 06‘
596 1689 663 1716 ἀλλὰ
675 1691 748 1726 παρὰ
759 1691 805 1718 τοῦ
821 1693 965 1729 φήσαντος,

183 1737 194 1755 ι
222 1729 293 1765 Ἐγώ
303 1732 360 1768 εἰμι
372 1733 387 1759 6
400 1732 447 1765 ὢν,
469 1743 478 1760 ι
499 1735 531 1761 σὺ
546 1733 587 1768 εἴ,
602 1737 648 1763 καὶ
665 1737 753 1772 ἱερεὺς
766 1739 806 1770 εἱς
822 1739 866 1765 τὸν
881 1739 967 1767 αἰῶνα

178 1776 326 1812 διαμένεις.
350 1779 426 1807 Ἐπεὶ
441 1778 486 1808 οὖν
499 1781 560 1808 οὔτε
576 1783 630 1809 ἀπὸ
644 1784 739 1819 χρόνου
752 1787 802 1820 τῆς
818 1787 967 1822 ἱερωσύνης

178 1821 332 1858 ἀπήρξατο,
349 1824 410 1852 οὔτε
427 1827 458 1854 ὲκ
471 1827 557 1863 φυλῆς
572 1830 726 1864 ἱερωμένων
741 1832 755 1857 6
769 1821 894 1866 Χριστὸς,
907 1821 966 1860 οὐδὲ

177 1867 223 1894 διὰ
241 1870 389 1898 σκευαστοῦ
410 1873 456 1899 καὶ
473 1875 628 1909 σωματικοῦ
643 1875 731 1903 ελαίου
747 1877 889 1913 κέχριστο,
907 1879 966 1906 οὐδὲ

176 1915 256 1948 τέλος
269 1916 339 1949 ἕξειν
354 1917 450 1953 ἔμελλε
466 1921 515 1956 τῆς
533 1921 697 1957 ἱερωσύνης,
717 1923 777 1949 οὐδὲ
792 1924 882 1959 μόνοις
901 1926 964 1952 Ἰου-

177 1961 274 1996 δαίοις,
287 1963 355 1990 ἀλλὰ
363 1964 411 1991 καὶ
419 1966 500 1993 πᾶσιν
511 1966 598 1994 ἔθνεσι
616 1969 831 2005 καταστήσεσθαι
844 1980 850 1986 ’
864 1972 965 1998 τούτων

178 2006 261 2034 ἕνεκα
278 2008 387 2036 πάντων
399 2011 510 2044 εἰκότως
520 2013 601 2040 αὑτὸν
612 2011 661 2049 τῆς
675 2014 723 2049 μὲν
737 2015 807 2042 κατὰ
821 2016 866 2042 τὸν
880 2010 965 2044 τύπον

182 2053 290 2090 Ἀαρὼν
309 2055 478 2093 λειτουργίας
499 2052 677 2092 ἀπαλλάττει,
696 2061 765 2088 κατὰ
781 2061 830 2098 τὴν
845 2062 920 2096 τάξιν
936 2063 964 2089 δὲ

176 2099 346 2135 Μελχισεδὲκ
364 2103 439 2138 ἱερέα
462 2105 543 2139 φησὶν
562 2105 681 2132 ἔσεσθαι.
702 2107 757 2133 Καὶ
773 2108 802 2134 τό
820 2117 851 2142 γε
865 2109 964 2135 ἀποτέ-

174 2145 267 2182 λεσμα
285 2147 332 2174 τοῦ
359 2150 484 2185 χρησμοῦ
509 2150 659 2187 θαυμάσιον
681 2153 837 2189 συνορῶντι,
856 2155 930 2187 ὅπως
951 2156 965 2182 6

177 2191 273 2230 Σωτὴρ
281 2194 361 2230 Ιἡμῶν
378 2195 480 2230 Ἰησοῦς
489 2198 502 2223 ὁ
513 2197 627 2233 Χριστὸς
639 2198 684 2225 τοῦ
698 2199 776 2232 Θεοῦ,
785 2201 822 2236 τῷ
834 2201 879 2227 τοῦ
895 2202 965 2228 Μελ-

175 2238 285 2274 χισεδὲκ
295 2240 388 2276 τρόπῳ
399 2242 433 2268 τὰ
446 2242 493 2277 τῆς
508 2244 536 2269 ὲν
549 2243 702 2279 ἀνθρώποις
717 2246 871 2281 ἱερουργίας
882 2247 963 2274 εἰσέτι

177 2285 226 2310 καὶ
234 2284 281 2312 νῦν
295 2285 340 2313 διὰ
355 2286 408 2313 τῶν
423 2288 505 2314 αὐτοῦ
522 2288 695 2326 θεραπευτῶν
711 2291 837 2318 ἐπιτελεῖ.
858 2292 963 2329 Ὥσπερ

178 2325 233 2367 γὰρ
243 2333 356 2365 ἐκεῖνος,
374 2334 462 2369 ἱερεὺς
475 2325 560 2362 ἐθνῶν
570 2336 719 2371 τυγχάνων,
737 2338 854 2373 οὐδαμοῦ
871 2325 964 2373 φαῖνε,-

175 2385 223 2404 ται
241 2377 347 2410 θυσίαις
365 2382 534 2415 σωματικαῖς
551 2383 735 2418 κεχρημένος,
754 2384 816 2419 οἴνῳ
836 2384 864 2410 δὲ
890 2385 962 2420 μόνῳ

175 2424 224 2451 at
239 2423 313 2461 ἄρτῳ
324 2425 369 2452 τὸν
391 2426 515 2463 ’Δϐραὰμ
529 2429 656 2463 εὐλογῶν,
669 2430 713 2456 τὸν
727 2431 807 2457 αὐτὸν
819 2431 851 2467 δὴ
863 2432 962 2467 τρόπον

173 2469 285 2503 πρῶτος
301 2471 350 2506 μὲν
367 2472 448 2504 αὐτὸς
459 2474 473 2499 6
485 2473 581 2510 Σωτὴρ
595 2475 641 2501 καὶ
651 2475 751 2511 Κύριος
765 2476 852 2512 ἡμῶν,
867 2477 961 2504 ἔπειτα

172 2515 199 2543 οι
221 2513 251 2548 ἐξ
269 2516 352 2543 αὐτοῦ
369 2517 469 2550 πάντες
488 2520 569 2556 ἱερεῖς
591 2521 644 2548 ἀνὰ
663 2521 751 2548 πάντα
775 2521 809 2548 τὰ
828 2522 891 2558 ἔθνη
913 2523 962 2559 τὴν

172 2561 362 2599 πνευματικὴν
373 2563 559 2597 ἐπιτελοῦντες
570 2565 639 2593 κατὰ
649 2567 711 2598 τοὺς
721 2567 962 2603 ἐκκλησιαστικοὺς

173 2603 292 2643 θωμοὺς
310 2608 476 2645 ἱερουργίαν,
490 2609 553 2646 οίνῳ
569 2611 616 2638 καὶ
630 2612 704 2648 ἄρτῳ
715 2632 722 2644 ,
740 2612 785 2639 τοῦ
794 2621 824 2639 τε
839 2612 962 2648 σώματος

172 2651 257 2679 αὑτοῦ
274 2653 322 2680 καὶ
334 2653 380 2680 τοῦ
395 2656 529 2692 σωτηρίου
547 2657 662 2692 αἵματος
678 2658 838 2685 αἰνίττονται
857 2658 891 2686 τὰ
912 2668 961 2694 μυ-

174 2697 287 2740 στήρια,
297 2699 344 2726 τοῦ
358 2700 525 2737 Μελχισεδὲκ
538 2702 624 2729 ταῦτα
636 2703 770 2738 πνεύματι
785 2704 849 2739 θείῳ
862 2713 961 2740 προτε-

172 2739 360 2781 θεωρηκῖότος,
376 2748 423 2773 καὶ
440 2748 492 2774 τῶν
510 2748 659 2784 μελλόντων
679 2750 739 2782 ταῖς
755 2750 840 2777 εἰκόσι
861 2739 960 2787 προκε-

172 2790 311 2827 χρημὲνου
321 2812 328 2824 ,
341 2792 380 2824 ὡς
391 2792 408 2828 ἡ
418 2793 538 2826 Μωσέως
562 2794 656 2830 Γραφὴ
671 2796 813 2831 μαρτυρεῖ,
833 2796 959 2831 λέγουσα·

175 2846 185 2862 ε
203 2837 260 2865 Καὶ
275 2838 442 2874 Μελχισεδὲκ
459 2839 584 2875 βασιλεὺς
599 2840 693 2877 Σαλὴμ
706 2841 850 2878 ἐξήνεγκεν
862 2844 960 2880 ἄρτους

207 2897 230 2912 ’¹
245 2897 332 2926 Exod.
346 2906 388 2931 ιιι,
405 2899 449 2926 Η.

208 2943 247 2980 (ί)
263 2945 312 2973 Οὐ.
325 2946 402 2974 Anne
417 2943 466 2974 06?
480 2946 557 2975 Enn.

1024 306 1164 340 proprium
1180 307 1252 342 apud
1268 307 1396 336 Hebraeos
1413 315 1443 337 ut
1459 316 1647 347 ungerentur:
1666 315 1765 342 merito
1782 316 1808 343 in

1024 358 1057 377 eo
1072 359 1152 386 quem
1169 361 1242 381 nunc
1260 358 1430 388 tractamus,
1454 357 1511 392 jam
1534 359 1637 387 clarius
1657 365 1685 388 et
1708 363 1809 390 certius

1024 396 1100 423 illum
1117 403 1262 426 consecrat
1277 401 1448 430 sacerdotem
1460 423 1468 435 ,
1485 403 1563 438 plura
1577 405 1657 432 etiam
1679 407 1712 434 de
1735 408 1809 436 illius

1023 442 1148 471 doctrina
1165 453 1338 480 proponens.
1361 456 1408 483 per
1427 457 1509 485 quam
1534 452 1622 485 ipsum
1644 453 1731 480 solum
1753 462 1811 490 pra:

1023 490 1179 519 hominibus
1193 494 1240 528 qui
1257 501 1377 529 unquam
1392 499 1439 522 aut
1456 496 1559 524 fuerint
1572 503 1619 525 aut
1634 499 1718 527 futuri
1735 502 1808 537 siut,

1022 540 1154 563 mternum
1169 538 1339 566 sacerdotem
1361 547 1423 567 esse
1443 541 1632 576 demonstrat,
1654 545 1728 579 quod
1743 554 1809 574 sane

1022 589 1158 616 nusquam
1178 587 1208 610 ut
1231 584 1279 611 ulli
1304 589 1409 613 naturae
1431 587 1551 616 hominis
1574 591 1807 626 accommodetur,

1023 627 1080 654 fieri
1110 630 1220 663 poterit.
1241 629 1396 659 Secundum
1416 633 1539 661 ordinem
1563 635 1742 664 Melclliscdec
1765 646 1810 666 sa-

1021 675 1158 703 cerdotem
1190 679 1321 705 constitui
1351 679 1425 706 illum
1453 681 1507 712 ait,
1535 686 1565 708 ut
1589 682 1624 709 ab
1646 691 1680 710 eo
1703 684 1809 712 differat

1023 721 1070 754 qui
1086 722 1235 749 secundum
1255 723 1338 751 Mosis
1355 725 1577 753 constitutionem
1595 732 1653 754 erat
1668 730 1805 762 sacerdos,

1019 767 1066 801 qui
1084 768 1193 801 quidem
1211 773 1258 795 aut
1278 769 1366 797 Aaron
1391 771 1427 797 sit
1452 771 1643 805 accipiendus.
1667 780 1715 802 aut
1737 775 1808 803 alius

1019 814 1155 848 quispiam
1172 822 1203 841 ex
1220 815 1254 842 iis
1276 816 1322 849 qui
1352 816 1387 843 ab
1403 817 1450 843 illo
1470 818 1578 844 oriundi
1596 819 1671 847 sint:
1690 829 1806 855 quorum

1019 859 1134 894 quisque
1148 867 1209 886 cum
1225 861 1302 895 prius
1316 861 1446 890 sacerdos
1468 871 1522 890 non
1544 870 1636 897 esset,
1666 868 1805 901 posterius

1020 905 1166 940 aliquando
1188 913 1236 940 per
1259 907 1384 935 homines
1410 914 1550 943 unguento
1578 913 1695 946 quodam
1719 915 1806 941 arlili-

1019 951 1094 979 ciose
1112 953 1238 981 confecto
1255 954 1418 990 ungebatur,
1439 959 1466 982 et
1488 956 1529 983 sic
1552 957 1688 990 figurate,
1714 963 1743 985 ut
1768 959 1806 987 ita

1019 991 1108 1025 dicam
1119 1018 1127 1031 ,
1141 1003 1168 1026 et
1186 1007 1233 1034 per
1246 1001 1325 1035 signa
1340 1001 1463 1035 quaedam
1475 1022 1482 1033 ,
1499 1002 1679 1031 adumbratus
1695 1005 1805 1040 quidam

1019 1047 1046 1071 et
1060 1043 1240 1080 imaginarius
1252 1045 1381 1073 Christus
1396 1045 1562 1074 efﬁciebatur
1577 1058 1583 1075 :
1601 1055 1730 1083 przcterea
1744 1055 1806 1078 tan-

1019 1097 1100 1124 quam
1117 1089 1140 1117 is
1156 1091 1202 1125 qui
1229 1092 1352 1119 mortalis
1371 1096 1460 1125 esset,
1483 1092 1554 1120 haud
1575 1094 1611 1121 ita
1637 1096 1722 1123 multo
1744 1103 1806 1132 post

1019 1135 1204 1163 sacerdotium
1231 1137 1395 1171 deponebat.
1425 1137 1501 1165 Adde
1525 1140 1598 1174 quod
1624 1141 1697 1176 apud
1719 1150 1804 1169 unum

1018 1179 1174 1209 Judaeorum
1201 1183 1332 1218 populum
1362 1183 1515 1211 sacerdotio
1543 1185 1718 1222 fungebatur,
1750 1196 1806 1216 non

1019 1231 1111 1255 autem
1132 1229 1203 1264 apud
1217 1229 1285 1257 alias
1303 1231 1367 1258 item
1386 1231 1523 1258 nationes.
1544 1231 1638 1267 Neque
1658 1241 1723 1261 vero
1741 1242 1805 1262 cum

1017 1273 1200 1309 jurejurando
1215 1275 1280 1309 Dei,
1297 1277 1331 1304 ad
1346 1277 1429 1304 talem
1455 1277 1621 1306 functionem
1642 1280 1804 1312 accedebat.

1020 1320 1067 1347 sed
1082 1320 1187 1355 judicio
1211 1321 1352 1350 hominum
1368 1322 1480 1350 electus.
1498 1321 1590 1358 Itaque
1610 1332 1805 1360 nonnunquam

1019 1365 1100 1393 etiam
1122 1367 1222 1402 aliquis
1245 1375 1278 1395 ex
1299 1368 1354 1396 illis
1376 1369 1503 1397 inventus
1522 1374 1563 1397 est
1585 1370 1631 1397 tali
1653 1371 1806 1398 ministerio

1020 1420 1074 1439 non
1089 1412 1205 1448 dignus,
1227 1414 1317 1449 qualis
1334 1413 1393 1442 Heli
1415 1415 1496 1450 plane
1518 1415 1674 1451 descriptus
1695 1422 1747 1445 est.
1766 1418 1806 1445 Ad

1019 1459 1093 1492 haec,
1116 1464 1196 1488 vetus
1220 1460 1266 1488 ille
1291 1462 1419 1489 sacerdos
1433 1481 1440 1494 ,
1463 1462 1509 1497 qui
1536 1470 1551 1489 a
1574 1462 1647 1490 Mose
1663 1463 1806 1491 institutus

1020 1505 1123 1539 fuerat,
1138 1514 1171 1534 ex
1187 1507 1245 1534 sola
1259 1507 1334 1535 tribu
1349 1507 1413 1535 Levi
1430 1509 1492 1544 eligi
1508 1513 1614 1544 poterat
1627 1519 1633 1537 :
1656 1514 1682 1537 et
1696 1514 1808 1545 operte»

1021 1552 1069 1580 bat
1092 1553 1205 1580 omnino
1219 1553 1296 1580 illum
1319 1561 1406 1587 genus
1428 1563 1538 1590 quoque
1557 1555 1665 1583 trahere
1688 1555 1722 1583 de
1741 1563 1806 1583 suc-

1021 1598 1146 1626 cessione
1174 1599 1261 1634 ipsius
1288 1599 1400 1631 Aaron,
1430 1601 1628 1636 sacriﬁciisque
1660 1601 1805 1628 brutorum

1020 1643 1178 1671 animalium
1201 1648 1229 1672 et
1248 1645 1409 1678 cruoribus,
1433 1647 1625 1681 corporalique
1643 1647 1805 1675 adoratione

1019 1691 1059 1718 rei
1074 1683 1335 1719 divinae-inservire.
1351 1691 1386 1718 At
1401 1700 1482 1725 vero,
1506 1693 1553 1727 qui
1569 1693 1748 1721 Melchisedec
1762 1698 1806 1722 est

1018 1737 1191 1769 nominatus,
1208 1737 1281 1772 quod
1297 1745 1395 1765 nomen
1407 1733 1439 1765 in
1457 1743 1579 1767 nostram
1598 1739 1714 1774 linguam
1737 1748 1804 1767 con.

1017 1791 1130 1811 versum
1142 1803 1149 1815 ,
1170 1791 1260 1818 regem
1280 1783 1393 1818 iustitiae
1410 1784 1563 1819 significat,
1585 1789 1611 1812 et
1630 1785 1676 1820 qui
1693 1785 1743 1812 fuit
1757 1793 1805 1813 rex

1019 1829 1108 1855 Salem
1119 1848 1127 1860 ,
1144 1828 1216 1863 quod
1232 1828 1321 1864 ipsum
1337 1829 1400 1855 item
1415 1829 1465 1860 sit.
1490 1837 1537 1857 rex
1558 1830 1650 1865 pacis,
1675 1831 1734 1858 sine
1756 1839 1800 1866 pa-

1017 1878 1075 1907 tre,
1096 1875 1156 1901 sine
1177 1879 1279 1906 matre,
1302 1874 1361 1902 sine
1383 1875 1492 1910 gcneris
1512 1876 1598 1909 serie,
1621 1884 1674 1913 non
1699 1876 1804 1904 habens

1017 1921 1046 1948 in
1068 1921 1203 1954 historia,
1232 1928 1321 1957 neque
1344 1921 1453 1949 initium
1477 1921 1602 1954 dierum,
1630 1931 1718 1957 neque
1742 1923 1804 1950 vita:

1018 1967 1115 2000 finem,
1131 1975 1163 1994 ac
1185 1975 1220 1994 ne
1237 1967 1361 1995 referens
1384 1967 1494 2002 quidem
1518 1975 1579 1995 cum
1601 1968 1692 1995 Aaron
1710 1976 1804 1996 sacer-

1016 2013 1083 2040 dotii
1106 2013 1161 2040 ritu
1177 2020 1324 2040 commune
1339 2012 1488 2048 quidquam
1506 2013 1655 2041 invenitur.
1671 2013 1739 2041 Nam
1755 2022 1802 2042 ne-

1016 2067 1069 2094 que
1085 2058 1119 2086 ab
1133 2059 1293 2086 hominibus
1307 2059 1410 2086 electus
1426 2058 1534 2090 fuerat,
1550 2066 1639 2093 neque
1654 2059 1715 2086 oleo
1727 2066 1803 2086 com-

1016 2105 1105 2140 posito
1121 2107 1219 2131 unctus
1229 2124 1237 2135 ,
1253 2111 1340 2138 neque
1354 2103 1387 2131 de
1402 2111 1500 2139 genere
1512 2103 1621 2131 illorum
1634 2104 1724 2132 editus
1734 2125 1741 2137 ,
1755 2106 1802 2139 qui

1016 2151 1137 2178 nomium
1148 2151 1328 2178 exstiterant:
1338 2153 1365 2177 et
1375 2149 1448 2185 quod
1457 2150 1577 2177 omnium
1588 2149 1706 2178 maxime
1718 2151 1805 2178 admi-

1016 2196 1102 2223 rabile
1116 2200 1173 2229 est,
1189 2203 1224 2222 ne
1238 2202 1352 2230 corpore
1367 2195 1476 2230 quidem
1493 2199 1551 2222 erat
1566 2195 1761 2228 circumcisus,
1777 2201 1804 2224 et

1016 2247 1106 2269 tamen
1121 2242 1173 2277 ipsi
1185 2241 1323 2269 Abraham
1338 2241 1491 2273 benedicit,
1509 2245 1639 2276 tanquam
1655 2241 1679 2268 is
1693 2241 1739 2276 qui
1756 2241 1803 2268 illo

1018 2289 1053 2315 sit
1069 2291 1146 2323 longe
1160 2286 1344 2322 praestantior.
1367 2285 1444 2313 Adde
1461 2286 1533 2321 quod
1555 2293 1644 2321 neque
1659 2286 1803 2313 sacrificiis

1016 2342 1104 2369 neque
1118 2333 1295 2361 libationibus
1306 2352 1314 2364 ,
1337 2332 1471 2360 altissimo
1484 2333 1539 2360 Deo
1559 2334 1732 2376 operabatur,
1753 2341 1802 2360 ne-

1018 2389 1070 2416 que
1082 2388 1147 2407 vero
1161 2381 1188 2407 in
1202 2379 1304 2415 templo
1315 2379 1388 2414 quod
1402 2379 1600 2414 Hierosolymis
1613 2382 1704 2411 esset,
1720 2386 1800 2405 suum

1016 2435 1117 2454 munus
1130 2426 1242 2453 obibat:
1257 2426 1302 2460 qui
1316 2426 1389 2453 enim
1403 2425 1430 2452 in
1443 2433 1486 2457 eo,
1503 2425 1576 2459 quod
1590 2424 1710 2451 nondum
1725 2425 1803 2452 erat?

1015 2473 1095 2508 223
1112 2472 1145 2498 Et
1160 2471 1258 2498 merito
1284 2478 1365 2502 sane,
1383 2470 1495 2505 quando
1510 2478 1544 2497 ne
1570 2474 1663 2497 nostro
1690 2470 1801 2504 quidem

1015 2519 1151 2546 Salvatori
1177 2518 1286 2546 Christo
1297 2537 1304 2549 ,
1321 2521 1484 2545 eventurum
1501 2516 1649 2552 quidquam
1667 2520 1727 2543 erat
1749 2516 1801 2550 ipsi

1013 2566 1104 2592 Aaron
1131 2564 1229 2592 simile.
1252 2563 1320 2590 Nam
1341 2571 1430 2598 neque
1446 2562 1493 2597 qui
1518 2561 1594 2596 prius
1608 2569 1662 2588 non
1692 2561 1800 2594 fuisset,

1014 2611 1150 2647 posterius
1164 2614 1206 2637 est
1224 2609 1372 2644 aliquando
1384 2607 1515 2636 sacerdos
1524 2607 1680 2634 declaratus
1694 2616 1700 2640 ;
1713 2615 1802 2642 neque

1013 2658 1037 2685 is
1061 2657 1106 2693 qui
1119 2656 1269 2684 exstitisset
1295 2655 1441 2687 sacerdos,
1458 2653 1506 2681 sed
1523 2653 1570 2688 qui
1585 2656 1636 2681 est.
1653 2652 1802 2688 Diligenter

1015 2704 1087 2732 enim
1104 2703 1300 2731 attendendum
1316 2707 1358 2729 est
1382 2701 1448 2729 illud
1466 2710 1473 2728 :
1500 2709 1509 2725 ι
1526 2699 1566 2727 Τυ
1579 2707 1608 2727 es
1626 2700 1756 2727 sacerdos
1774 2700 1802 2726 in

1015 2754 1157 2778 aeternum.
1172 2759 1181 2775 ι
1198 2748 1258 2776 Non
1273 2749 1356 2780 enim,
1376 2749 1442 2780 eris,
1454 2747 1504 2781 ait,
1518 2747 1565 2782 qui
1582 2747 1648 2774 olim
1660 2754 1715 2773 non
1739 2746 1799 2773 fue-

1015 2798 1065 2830 ris,
1078 2804 1110 2824 ac
1125 2804 1159 2824 ne
1173 2795 1249 2823 fuisti
1265 2795 1373 2831 quidem
1389 2798 1480 2827 antea,
1495 2801 1569 2821 nunc
1586 2798 1675 2820 autem
1687 2800 1742 2819 non
1759 2800 1802 2823 es,

1017 2844 1063 2873 sed
1079 2843 1112 2871 ab
1125 2850 1157 2871 eo
1171 2843 1218 2878 qui
1230 2842 1309 2875 dixit,
1329 2851 1339 2867 ι
1356 2841 1412 2877 Ego
1428 2848 1488 2869 sum
1504 2841 1550 2875 qui
1565 2847 1627 2869 sum
1635 2840 1670 2872 εί,
1688 2848 1697 2866 ι
1715 2843 1745 2867 ιιι
1760 2846 1802 2872 cs.
