2084 3216
281 179 334 208 567

598 178 732 206 EIISEBTI
751 177 991 206 CASSARI‘ENSIS
1009 177 1084 206 OPP.
1106 178 1196 206 PARS
1216 178 1246 206 ll.
1265 193 1301 199 —
1318 178 1569 207 APOLOGETICA.

1849 181 1902 208 363

279 242 307 264 et
321 237 450 265 sacerdos
465 238 493 265 in
509 242 638 264 aeternum
656 244 810 272 permanes.
824 236 958 269 Quoniam
978 236 1061 272 igitur

1114 239 1160 265 καὶ
1176 236 1256 265 οἶνον.
1274 236 1328 265 Ἦν
1347 238 1375 265 δὲ
1394 239 1483 275 ἱερεὺς
1499 239 1546 265 τοῦ
1562 238 1630 265 Θεοῦ
1647 239 1693 266 τοῦ
1710 240 1820 274 ὑψίστου
1831 260 1838 272 ,
1855 242 1903 268 καὶ

278 291 368 319 neque
381 291 395 311 a
407 288 539 320 tempore,
553 283 700 311 sacerdotii
718 283 826 309 initium
840 283 956 318 accepit,
974 291 1062 318 neque

278 330 400 358 delrith
429 329 602 357 sacerdotum
631 332 743 356 exortus
757 332 800 355 est
811 327 948 360 Christus,
975 336 1063 364 neque

278 377 426 405 artiﬁciose
438 376 573 404 instructo
591 375 783 410 corporalique
797 375 856 402 oleo
870 376 1012 407 inunetus,
1028 383 1063 403 nc

279 424 360 452 ﬁnem
377 423 486 458 quidem
505 423 580 450 illum
595 422 743 450 sacerdotii
758 427 801 450 est
818 422 1064 460 habiturus.,neque

279 471 342 498 item
354 470 420 497 solis
442 468 555 499 Judmis.
573 467 621 495 sed
633 468 763 496 omnibus
781 469 911 504 gentibus
930 469 1065 496 constitu—

277 516 376 543 cadus.
408 514 522 550 Propter
540 516 597 542 haec
623 516 715 542 omnia
726 535 734 547 ,
750 515 848 543 merito
861 515 938 542 illum
953 523 967 541 a
983 515 1064 542 mini-

279 563 362 591 sterio
375 562 466 589 Aaron
491 562 598 593 liberat,
612 562 683 596 quod
709 562 822 597 ﬁguram
839 563 962 597 gerebat,
977 566 1005 589 et
1021 570 1065 590 se»

278 608 397 636 eundum
413 607 535 635 ordinem
550 607 730 636 Melchisedec
747 608 917 635 sacerdotem
942 608 1063 635 futurum

277 654 400 681 aﬁirmat.
419 653 451 680 Et
472 661 537 681 sane
558 654 662 680 oraculi
677 654 767 681 exitus
793 654 962 681 admirabilis
977 654 1001 681 ei
1017 654 1064 689 qui

277 699 475 734 contempletur
501 699 729 734 quemadmodum
759 698 883 727 Salvator
910 703 1004 727 noster
1019 699 1064 727 Je-

277 753 336 776 sus,
353 746 399 780 qui
412 751 454 773 est
467 737 593 772 Christus
612 744 669 776 Dei,
682 744 768 779 ipsius
799 745 979 773 Melchisedec
995 745 1060 778 ritu,

279 799 311 820 ea
324 800 385 827 qua:
396 792 429 819 ad
444 791 627 819 sacerdotium
638 791 665 818 in
677 791 832 818 hominibus
846 792 993 826 gerendum
1002 801 1064 828 spe-

276 841 362 870 ctant,
379 846 428 872 per
441 845 507 865 suos
534 837 676 866 ministros
702 838 834 872 perﬁciat.
851 836 918 864 Nam
933 838 1065 872 quemad—

276 883 388 910 modum
404 883 449 910 ille
470 885 517 918 qui
545 883 674 910 sacerdos
688 883 808 918 gentium
824 887 899 915 erat,
927 891 1062 919 nusquam

276 929 385 957 videtur
414 929 559 956 sacriﬁciis
586 929 775 963 corporalibus
798 928 920 959 functus.
935 930 983 956 sed
1000 930 1064 957 vino

276 975 335 1002 solo
350 979 376 1002 et
397 982 475 1009 pane,
489 974 554 1001 dum
565 974 617 1009 ipsi
631 974 770 1001 Abraham
783 974 932 1007 benedicit,
950 976 987 1002 ita
1000 984 1065 1004 sane

275 1021 381 1057 primus
396 1021 454 1056 ipse
467 1020 595 1048 Salvator
609 1029 642 1048 ac
663 1021 795 1048 Dominus
823 1026 916 1048 noster
930 1041 938 1053 ,
965 1021 1065 1049 deinde

276 1067 323 1102 qui
340 1067 375 1095 ab
395 1067 454 1102 ipso
481 1066 595 1102 profecti
613 1073 687 1099 sunt,
714 1068 870 1096 sacerdotes
887 1068 914 1095 in
936 1069 1065 1097 omnibus

275 1113 413 1148 gentibus,
442 1112 586 1147 spirituale
603 1113 753 1140 secundum
784 1114 986 1141 ecclesiasticas
1001 1122 1065 1142 san-

276 1159 382 1186 ctiones
408 1157 555 1186 sacerdotii
577 1166 676 1186 munus
696 1160 840 1190 obeuntes,
855 1159 920 1186 vino
936 1167 968 1186 ac
983 1168 1063 1195 pane,

273 1207 303 1230 et
316 1203 440 1237 corporis
456 1203 530 1230 illius
543 1208 570 1230 et
583 1204 712 1231 salutaris
728 1203 870 1238 sanguinis
879 1204 1008 1239 mysteria
1019 1213 1064 1232 re-

276 1252 453 1285 pracsentant,
477 1256 539 1283 qua:
553 1256 618 1276 sane
634 1250 765 1284 mysteria
793 1249 974 1277 Mclchisedec
990 1255 1065 1278 tanto

275 1299 340 1322 ante
356 1294 452 1329 spiritu
468 1288 560 1322 divino
575 1300 749 1329 cognoverat,
766 1299 793 1322 et
807 1303 897 1322 rerum
911 1295 1063 1328 futurarum

276 1339 440 1375 imaginibus
451 1347 518 1367 usus
531 1340 629 1371 fuerat,
643 1341 714 1367 sicut
727 1340 808 1367 etiam
822 1339 905 1368 Mosis
917 1340 1062 1376 Scriptura

276 1384 448 1417 testiﬁcatur,
464 1384 510 1412 ubi
528 1384 566 1411 ait
585 1394 591 1411 :
613 1393 622 1409 1
643 1384 674 1410 Et
689 1383 869 1412 Melchisedec
889 1393 936 1412 rex
961 1385 1065 1418 Salem,

228 1463 230 1466 ι
276 1430 391 1466 ;rotulit
405 1437 490 1465 panes
515 1433 543 1456 et
567 1429 671 1457 vinum.
687 1428 752 1456 Erat
767 1434 858 1457 autem
873 1430 1002 1457 sacerdos
1019 1430 1063 1458 Dei

276 1475 416 1508 altissimi,
433 1479 460 1502 et
485 1475 626 1502 benedixit
639 1475 774 1502 Abraham
788 1476 821 1502 ".
844 1486 854 1501 ι
872 1475 969 1503 Merito
983 1476 1065 1511 igitur

276 1525 304 1548 et
321 1528 384 1547 cum
395 1520 578 1554 jurisjurandi
597 1520 749 1555 adjectione
760 1541 768 1552 ,
786 1521 833 1548 uni
857 1522 882 1548 ei
899 1521 932 1548 dc
947 1529 1001 1556 quo
1020 1522 1064 1549 hic

276 1568 383 1602 agimus
401 1566 465 1593 talia
476 1566 612 1601 promissa
628 1570 693 1593 sunt
707 1576 713 1593 :
732 1575 742 1592 1
756 1565 873 1599 Juravit,
890 1567 997 1602 inquit,
1015 1567 1065 1595 Do—

276 1613 367 1640 minus
378 1611 467 1650 Deus,
484 1616 511 1640 et
522 1619 577 1639 non
594 1612 736 1647 paenitebit
748 1620 810 1640 eum
824 1623 830 1641 :
845 1618 873 1640 tu
889 1621 918 1640 es
934 1614 1063 1642 sacerdos

276 1667 305 1686 1n
329 1663 461 1686 aalernum
491 1658 642 1686 secundum
678 1658 802 1686 ordinem
834 1659 1026 1687 Melchisedec.
1051 1669 1060 1685 ι

275 1703 346 1731 Audi
368 1711 432 1731 vero
446 1703 536 1738 qualia
553 1703 608 1730 sint
621 1711 682 1738 qua:
707 1703 740 1731 de
764 1703 860 1731 iisdem
880 1704 962 1731 rebus
981 1706 1062 1732 etiam

274 1750 422 1785 Apostolus
438 1748 512 1776 dicat
527 1757 533 1775 :
549 1758 558 1774 ι
573 1748 602 1776 ln
620 1756 673 1783 quo
686 1749 870 1776 abundantius
882 1750 976 1777 volens
991 1750 1063 1778 Deus

274 1794 421 1822 ostendere
433 1794 587 1821 baeredibus
601 1794 677 1829 regni
690 1793 938 1822 immutabilitatem
955 1796 1063 1822 consilii

276 1841 330 1872 sui,
344 1840 506 1875 interposuit
531 1839 725 1874 jusjurandum
740 1859 746 1871 ,
764 1843 791 1866 ut
808 1847 855 1874 per
871 1840 940 1868 duas
955 1849 996 1868 res
1011 1842 1062 1868 im-

277 1887 422 1915 mutabiles
438 1886 465 1913 in
479 1886 580 1921 quibus
593 1886 762 1920 imp0ssibile
780 1891 821 1913 est
837 1886 947 1913 mentiri
967 1886 1061 1920 Deum,

275 1933 359 1969 224
378 1932 558 1960 fortissimum
585 1932 712 1959 solatium
744 1931 911 1964 habeamus,
936 1933 983 1967 qui
999 1940 1065 1960 con-

277 1979 396 2013 fugimus
411 1977 444 2004 ad
463 1977 641 2005 obtinendam
665 1977 835 2012 propositam
853 1985 929 2012 spem
945 1978 968 1993 ³³
983 1999 991 2011 ,
1011 1988 1020 2004 ι
1038 1983 1065 2006 et

278 2023 400 2058 adjungit
416 2033 422 2050 :
444 2032 453 2048 1
467 2022 499 2049 Et
518 2023 563 2050 alii
579 2023 689 2058 quidem
705 2023 798 2057 plures
815 2022 879 2050 facti
892 2028 956 2051 sunt
970 2032 1064 2052 sacer-

277 2070 366 2101 dotes,
383 2069 486 2096 idcirco
500 2069 572 2104 quod
588 2074 675 2097 morte
692 2070 906 2104 prohiberentur
920 2078 1064 2105 permane-

278 2123 327 2142 re:
349 2115 393 2142 hic
412 2119 513 2147 autem,
529 2123 561 2142 eo
573 2115 645 2150 quod
662 2115 720 2150 ipse
732 2120 852 2148 maneat,
867 2116 1064 2151 sempiternum

277 2160 359 2187 habet
373 2160 566 2187 sacerdotium.
580 2159 618 2186 Ex
632 2168 687 2195 quo
702 2160 784 2187 etiam
804 2169 914 2188 servare
930 2162 956 2188 in
970 2169 1066 2196 perpe-

278 2209 354 2232 tuum
371 2209 460 2240 potest
486 2205 646 2233 accedentes
663 2213 711 2240 per
730 2206 820 2241 ipsum
837 2206 871 2233 ad
886 2207 980 2239 Deum,
998 2215 1068 2234 sem-

278 2258 327 2286 per
338 2251 431 2278 vivens
459 2251 492 2278 ad
520 2251 743 2278 intercedendum
756 2259 806 2286 pro
821 2252 884 2280 illis.
901 2252 975 2280 Talis
991 2254 1063 2280 enim

278 2297 391 2324 decebat
407 2305 458 2324 nos
487 2296 622 2331 pontifex,
650 2301 774 2330 sanctus,
801 2298 949 2331 innocens,
968 2299 1064 2334 impol-

278 2344 363 2376 lutus,
388 2347 547 2378 segregatus
563 2350 578 2369 a
594 2343 804 2378 peccatoribus,
821 2348 849 2371 et
864 2344 998 2371 excelsior
1012 2351 1065 2371 coe-

277 2388 312 2415 lis
328 2388 417 2416 factus
430 2389 462 2416 ".
483 2398 492 2414 ι
509 2387 611 2416 Deinde
624 2388 747 2424 adjungit
766 2399 772 2416 :
789 2399 798 2415 1
814 2389 1000 2424 Caputautem
1017 2397 1065 2417 su-

278 2441 325 2469 per
340 2434 374 2462 iis
385 2438 445 2468 qua:
458 2434 531 2461 dicta
556 2438 628 2463 sunt.
648 2434 740 2462 Talem
755 2436 886 2464 habemus
899 2437 1064 2471 pontiﬁcem,

279 2480 324 2514 qui
342 2479 417 2507 sedet
442 2480 470 2507 in
486 2480 598 2508 dextera
620 2482 777 2517 majestatis
793 2482 821 2509 in
842 2483 968 2515 excelsis,
998 2490 1063 2510 san-

278 2530 384 2554 ctorum
412 2527 546 2561 minister,
577 2531 604 2554 et
635 2528 805 2555 tabernaculi
824 2529 892 2561 veri,
913 2529 985 2564 quod
1005 2529 1064 2556 ﬁxit

279 2571 361 2603 Deus,
385 2576 412 2599 et
428 2579 481 2600 non
496 2573 576 2600 homo
601 2573 634 2600 ".
655 2583 664 2600 ι
690 2573 753 2601 Haec
770 2574 878 2609 quidem
906 2575 1062 2609 Apostolus.

279 2616 404 2645 Psalmus
419 2625 494 2651 vero,
512 2619 627 2647 inferius
653 2627 831 2655 progressus,
848 2621 929 2648 etiam
949 2629 981 2647 ea
1003 2629 1064 2656 qua:

1113 284 1243 319 εὑλόγησε
1255 284 1300 311 τὸν
1319 285 1450 321 Ἀδραάμ.
1468 295 1476 310 ι
1496 285 1616 317 Εἰκότως
1626 283 1672 312 οὖν
1688 287 1736 312 καὶ
1753 287 1812 321 μεθ’
1820 287 1902 322 ὅρκου

1114 330 1295 366 παραλήψεως
1313 331 1386 365 μόνῳ
1402 330 1440 365 τῷ
1462 331 1618 366 δηλουμένῳ
1637 340 1646 356 ι
1667 330 1756 366 ὤμοσε
1771 333 1873 368 Κύριος
1888 335 1903 360 ό

1113 376 1189 407 Θεὸς,
1199 375 1246 402 καὶ
1259 377 1289 402 οὐ
1300 376 1563 412 μεταμεληθήσεταιυ
1573 378 1608 404 Σὺ
1615 375 1650 411 εἷ,
1666 388 1674 404 ι
1683 378 1780 412 λέγων,
1793 389 1800 403 1
1814 379 1902 414 ἱερεὺς

1114 423 1153 453 εἰς
1163 422 1208 448 τὸν
1223 421 1318 455 αἰῶνα,
1330 422 1399 450 κατὰ
1415 422 1464 458 τὴν
1475 422 1550 456 τάξιν
1562 423 1736 458 Μελχισεδέκ.
1749 433 1759 450 ›
1770 425 1902 452 Ἐπάκου-

1115 476 1160 494 σον
1177 468 1205 494 δὲ
1222 465 1266 494 οἷα
1279 469 1325 495 καὶ
1341 469 1404 504 περὶ
1414 468 1496 495 τῶνδε
1510 470 1523 495 ὀ
1545 470 1704 502 "Art/as:on;
1716 480 1807 506 φησιν’
1822 480 1831 496 ι
1858 471 1903 499 Ἐν

1113 510 1135 547 ᾧ
1148 533 1154 545 ,
1179 514 1370 550 περισσότερον
1394 515 1555 550 βουλόμενος
1579 517 1593 541 ὁ
1611 516 1676 548 Θεὸς
1698 517 1829 548 ἐπιδεῖξαι
1846 519 1902 550 τοῖς

1115 560 1291 596 κληρονόμοις
1307 561 1356 595 τῆς
1370 560 1504 595 βασιλείας
1516 561 1547 587 τὸ
1560 562 1725 596 ἀμετάθετον
1741 563 1790 597 τῆς
1805 563 1903 598 βουλῆς

1115 606 1215 638 αὑτοῦ,
1232 607 1408 642 ἐμεσίτευσεν
1427 607 1517 642 ὅρκῳ,
1544 607 1587 633 ἵνα
1603 607 1647 633 διὰ
1667 607 1712 633 δύο
1733 608 1902 642 πραγμάτων

1115 651 1301 687 ἀμεταθέτων,
1318 653 1346 678 ἐν
1363 650 1403 684 οἷς
1420 652 1549 680 ἀδύνατον
1565 653 1714 687 ψεύσασθαι
1732 652 1808 686 Θεὸν,
1828 655 1902 688 ἰσγυ-

1116 699 1166 733 ρὰν
1181 699 1352 734 παράκλησιν
1369 698 1472 733 ἔχωμεν
1489 699 1514 725 οἱ
1531 699 1787 734 προκαταφυγὸντες
1800 699 1903 734 κρατῆ-

1116 753 1160 771 σαι
1172 744 1222 779 τῆς
1239 743 1420 779 προκειμένης
1434 744 1548 775 ἐλπίδος.
1568 754 1577 769 ι
1597 745 1650 770 Καὶ
1661 744 1785 779 ἐπιφέρει
1799 743 1902 778 λέγων’

1118 800 1127 816 1
1148 790 1202 817 Καὶ
1219 790 1243 817 οἱ
1262 790 1310 825 μὲν
1328 789 1448 822 πλείονές
1465 791 1517 815 εἱσι
1533 790 1674 824 γεγονότες
1695 791 1791 826 ἱερεῖς,
1808 790 1852 816 διὰ
1872 790 1903 816 τὸ

1115 835 1222 870 θανάτῳ
1233 835 1385 861 κωλύεσθαι
1407 834 1574 869 παραμένειν
1588 842 1594 848 '
1613 835 1626 860 ὁ
1643 834 1670 860 δὲ
1681 855 1688 866 ,
1704 835 1748 861 διὰ
1763 836 1794 861 τὸ
1812 835 1903 870 μένειν

1115 881 1213 912 αὑτὸν,
1238 880 1411 916 ἀπαράϐατον
1433 881 1488 915 ἔχει
1513 881 1561 916 τὴν
1582 881 1739 916 ἱερωσύνην.
1759 881 1840 907 Ὅθεν
1857 880 1904 907 καὶ

1081 925 1100 951 Β
1116 927 1211 959 σώζειν
1231 928 1269 958 εἰς
1283 927 1311 953 τὸ
1325 927 1454 958 παντελὲς
1470 927 1578 954 δύναται
1595 928 1656 958 τοὺς
1670 927 1904 963 προσερχομένους

1116 973 1149 999 δι’
1162 973 1244 999 αὑτοῦ
1262 972 1299 1007 τῷ
1316 972 1391 1007 Θεῷ,
1415 973 1530 1000 πάντοτε
1548 973 1602 1005 ζῶν
1624 974 1663 1004 είς
1681 973 1710 999 τὸ
1730 973 1905 1007 ἐντυγχάνειν

1116 1017 1185 1053 ὑπὲρ
1201 1017 1301 1043 αὐτῶν.
1320 1017 1445 1049 Τοιοῦτος
1457 1018 1510 1052 γὰρ
1527 1018 1592 1052 ἡμῖν
1609 1017 1656 1043 καὶ
1673 1017 1790 1052 ἔπρεπεν
1808 1018 1903 1053 ἀρχιε-

1118 1065 1196 1099 ρεὺς,
1217 1063 1304 1095 ὅσιος,
1322 1063 1441 1095 ἄκακος,
1466 1064 1605 1098 ἀμίαντος,
1631 1063 1831 1099 κεχωρισμένος
1850 1063 1904 1090 ἀπὸ

1115 1109 1168 1136 τῶν
1185 1109 1363 1145 ἁμαρτωλῶν,
1380 1109 1428 1136 καὶ
1442 1109 1604 1145 ὑψηλότερος
1616 1108 1668 1135 τῶν
1685 1108 1806 1145 οὐρανῶν
1825 1109 1903 1143 γενό-

1117 1164 1206 1191 μενος.
1230 1166 1238 1181 ›
1264 1156 1319 1183 Καὶ⁹
1345 1156 1464 1190 ἐπιλέγει
1483 1164 1489 1171 ·
1520 1165 1529 1181 1
1546 1155 1700 1190 Κεφάλαιον
1729 1155 1758 1181 δὲ
1778 1155 1824 1181 ἐπὶ
1847 1156 1904 1186 τοῖς

1115 1201 1284 1237 εἰρημένοις,
1310 1201 1429 1227 τοιοῦτον
1451 1200 1548 1236 ἔχομεν
1570 1199 1710 1235 ἀρχιερέα,
1730 1199 1760 1230 ὃς
1778 1198 1904 1226 ἐκάθισεν

1117 1248 1145 1273 ἐν
1165 1247 1240 1282 δεξιᾷ
1267 1247 1316 1281 τῆς
1337 1246 1524 1282 μεταλοσύνης
1548 1247 1576 1272 ὲν
1595 1246 1716 1281 ὑψηλοῖς,
1740 1245 1794 1272 τῶν
1818 1245 1903 1279 ἁγίων

1115 1293 1279 1328 λειτουργὸς,
1295 1293 1342 1319 καὶ
1358 1293 1406 1328 τῆς
1422 1292 1524 1327 σκηνῆς
1537 1293 1586 1327 τῆς
1602 1291 1740 1327 ἀληθινῆς,
1758 1291 1791 1326 ἦν
1805 1291 1904 1326 ἔπηξεν

1115 1339 1129 1365 ὁ
1143 1339 1253 1375 Κύριος,
1264 1339 1481 1374 οὐχ’ἆνθρωπος.
1502 1349 1511 1364 ι
1527 1338 1618 1364 Ταῦτα
1635 1338 1683 1373 μὲν
1693 1339 1708 1364 ὁ
1730 1337 1901 1370 Ἀπόστολος.

1121 1384 1150 1410 '0
1160 1384 1186 1410 δὲ
1201 1383 1305 1419 ψαλμὸς
1317 1383 1429 1415 ὑποϐὰς,
1445 1384 1491 1410 καὶ
1504 1383 1534 1408 τὸ
1546 1382 1631 1414 πάθος
1642 1382 1903 1417 ἐπικεκαλυμμένως

1115 1429 1162 1456 τοῦ
1179 1429 1414 1464 προφητευομὲνου
1430 1429 1515 1464 δηλοῖ,
1527 1429 1612 1463 λέγων
1623 1437 1629 1442 ·
1651 1438 1660 1453 1
1687 1428 1735 1454 Ἐκ
1753 1428 1903 1463 χειμάρρου

1115 1475 1144 1501 ἐν
1161 1474 1212 1509 ὁδῷ
1228 1475 1329 1506 πίεται,
1344 1474 1388 1500 διὰ
1402 1474 1480 1500 τοῦτο
1491 1473 1592 1508 ὑψώσει
1609 1473 1738 1508 κεφαλήν.
1755 1482 1763 1498 ι
1783 1473 1905 1508 Χείμαρ-

1116 1521 1161 1554 ῥον
1171 1519 1199 1546 δὲ
1212 1519 1256 1545 τὸν
1269 1519 1361 1555 καιρὸν
1372 1519 1424 1545 τῶν
1435 1518 1595 1554 πειρασμῶν
1609 1519 1654 1549 καὶ
1666 1518 1743 1549 ἄλλος
1751 1518 1826 1553 δηλοῖ
1835 1517 1903 1552 ψαλ-

1116 1565 1175 1600 μὺς,
1191 1565 1277 1599 λέγων
1291 1573 1314 1590 Ἱ
1328 1564 1485 1599 Χειμάρρου
1498 1563 1602 1599 διῆλθεν
1614 1565 1629 1599 ἡ
1644 1563 1716 1598 ψυχὴ
1731 1562 1819 1598 ἡμῶν.
1835 1563 1905 1597 Ἀρι

1113 1611 1246 1646 διῆλθενὴ
1258 1611 1331 1646 ψυχὴ
1348 1611 1426 1646 ἡμῶν
1439 1611 1469 1636 τὸ
1488 1610 1559 1646 ὓδωρ
1572 1611 1601 1636 τὸ
1614 1610 1809 1636 ἀνυπόστατον.
1825 1618 1833 1634 ι
1861 1609 1904 1635 Ἐν

1113 1656 1151 1692 τῷ
1163 1657 1303 1692 χειμάρρῳ
1310 1656 1398 1682 τοίνυν
1415 1655 1516 1686 πίεται,
1533 1655 1599 1690 φησὶ
1609 1675 1615 1686 ,
1628 1654 1658 1680 τὸ
1671 1654 1799 1690 ποτήριον
1814 1654 1904 1690 δηλον-

1114 1703 1169 1735 ότι,
1183 1703 1197 1729 ὃ
1214 1703 1335 1738 ᾐνίττετο
1350 1702 1417 1737 πρὸς
1445 1701 1483 1737 τῷ
1500 1701 1587 1737 καιρῷ
1599 1701 1646 1729 τοῦ
1665 1701 1778 1733 πάθους,
1795 1701 1882 1735 λέγων
1895 1708 1904 1716 '

1118 1761 1126 1776 1
1140 1750 1240 1785 Πάτερ,
1255 1750 1279 1775 εί
1290 1749 1411 1780 δυνατὸν,
1424 1748 1581 1782 παρελθέτω
1589 1748 1618 1774 τὸ
1628 1749 1754 1784 ποτήριον
1767 1748 1845 1774 τοῦτο
1856 1748 1904 1774 ἀπ’

1114 1796 1206 1831 ἐμοῦ.)
1220 1795 1275 1822 Καὶ
1288 1795 1368 1821 πάλιν
1381 1795 1440 1821 -ιΕἰ
1459 1795 1496 1830 μὴ
1511 1794 1623 1821 δυνατόν
1635 1795 1708 1820 ἐστιν
1721 1794 1786 1820 αὐτὸ
1803 1793 1904 1830 παρελ-

1115 1842 1180 1873 θεῖν,
1192 1841 1239 1868 ὲὰν
1250 1841 1287 1876 μὴ
1296 1841 1361 1868 αὐτὸ
1375 1841 1437 1873 πίω,
1450 1840 1591 1876 γενηθήτω
1599 1841 1628 1866 τὸ
1638 1839 1743 1875 θέλημά
1755 1848 1811 1866 σου.
1819 1849 1828 1865 ι
1842 1839 1906 1865 Τοί-

1114 1897 1144 1914 το
1158 1887 1190 1923 δὴ
1201 1885 1248 1914 οὖν
1262 1886 1364 1913 ἐκπιὼν
1375 1886 1406 1913 τὸ
1427 1887 1556 1922 ποτήριον
1567 1906 1573 1918 ,
1592 1886 1682 1921 ῦψωσε
1700 1886 1819 1921 κεφαλὴν
1831 1906 1838 1918 ,
1857 1887 1904 1912 καὶ

1116 1933 1185 1960 κατὰ
1195 1933 1240 1960 τὸν
1257 1932 1426 1966 Ἀπόστολον,
1439 1932 1499 1958 ἐπεὶ
1513 1933 1567 1968 γὰρ
1587 1941 1595 1957 1
1611 1932 1723 1966 γέγονεν
1735 1932 1854 1966 ὑπήκοος
1866 1930 1905 1966 τῷ

1115 1979 1202 2015 Πατρὶ
1214 1979 1294 2014 μέχρι
1305 1978 1429 2010 θανάτου,
1441 1977 1555 2004 θανάτου
1566 1977 1594 2003 δὲ
1605 1976 1731 2012 σταυροῦ,
1742 1976 1786 2002 διὰ
1797 1977 1884 2008 τοῦτο,
1892 1985 1901 2001 ι

1116 2026 1208 2060 φησὶν,
1223 2035 1231 2050 1
1245 2024 1422 2059 ὑπερύψωσεν
1435 2023 1515 2050 αὑτὸν
1527 2022 1633 2054 ὁιΘεδς,
1651 2023 1759 2058 ἐγείρας
1775 2021 1854 2048 ἁυτὸν
1872 2022 1905 2048 ἐκ

1115 2070 1169 2097 τῶν
1179 2069 1282 2105 νεκρῶν
1293 2089 1299 2102 ,
1312 2070 1357 2095 καὶ
1368 2068 1481 2100 καθίσας
1494 2069 1573 2095 αὐτὸν
1587 2069 1615 2094 ὲν
1625 2067 1699 2103 δεξιᾷ
1714 2067 1808 2098 αὑτοῦ,
1819 2067 1906 2101 ὑπερ-

1117 2115 1172 2142 άνω
1189 2114 1277 2150 πάσης
1291 2114 1377 2150 ἀρχῆς
1389 2133 1397 2146 ,
1415 2113 1461 2140 καὶ
1479 2113 1612 2145 ἐξουσίας,
1627 2113 1674 2139 καὶ
1690 2112 1839 2147 δυνάμεως,
1858 2111 1905 2138 καὶ

1116 2161 1289 2197 κυριότητος,
1314 2161 1360 2186 καὶ
1380 2159 1478 2191 παντὸς
1495 2158 1622 2194 ὀνόματος
1639 2157 1855 2192 ὀνομαζομένου,
1872 2156 1904 2182 οὐ

1118 2207 1196 2241 μόνον
1213 2207 1242 2232 ἐν
1256 2206 1295 2241 τῷ
1314 2205 1391 2232 αἰῶνι
1410 2205 1507 2240 τούτῳ,
1524 2204 1590 2231 ἀλλὰ
1607 2204 1654 2230 καὶ
1674 2205 1702 2230 ἐν
1716 2203 1754 2238 τῷ
1769 2202 1902 2238 μέλλοντι.

1117 2253 1171 2279 Καὶ
1183 2252 1270 2279 πάντα
1279 2251 1405 2284 ὑπέταξε,
1419 2251 1524 2286 »φησὶν,
1537 2260 1545 2276 1
1558 2245 1610 2276 ὑπὸ
1621 2251 1683 2281 τοὺς
1695 2249 1776 2279 πόδας
1786 2248 1879 2279 αὑτοῦ,
1893 2257 1902 2272 ι

1116 2299 1186 2324 κατὰ
1198 2297 1246 2333 τὴν
1260 2297 1326 2333 πρὸς
1341 2298 1420 2323 ἁυτὸν
1431 2296 1606 2331 ἐπαγγελίαν,
1621 2295 1654 2330 ἣν
1668 2295 1711 2322 διὰ
1732 2295 1778 2320 τοῦ
1796 2292 1903 2328 ψαλμοῦ

1115 2343 1273 2378 παρίστησι,
1285 2341 1382 2375 λέγων’
1394 2351 1402 2366 1
1416 2341 1505 2368 Κάθου
1523 2341 1554 2367 ὲκ
1569 2339 1661 2371 δεξιῶν
1679 2347 1738 2374 μου,
1752 2338 1804 2369 ἓως
1819 2337 1851 2363 ἂν
1866 2336 1904 2362 θῶ

1115 2389 1177 2420 τοὺς
1193 2388 1305 2424 ἐχθρούς
1317 2396 1363 2414 σου
1382 2387 1524 2415 ὑποπόδιον
1534 2387 1588 2412 τῶν
1603 2385 1690 2412 ποδῶν
1708 2393 1764 2411 σου.
1778 2385 1905 2410 Κατακυ-

1117 2435 1189 2472 ρίευε
1204 2435 1231 2460 ἐν
1250 2434 1324 2470 μέσῳ
1335 2433 1388 2459 τῶν
1405 2433 1508 2469 ἐχθρῶν
1524 2441 1581 2459 σου.
1594 2442 1602 2457 ι
1621 2431 1755 2467 Πρόδηλον
1764 2429 1854 2459 παντὶ,
1867 2427 1904 2458 ὡς

1117 2481 1155 2507 ἔτι
1168 2480 1215 2507 νῦν
1227 2481 1243 2515 ἡ
1253 2479 1300 2506 τοῦ
1311 2479 1436 2514 Σωτῆρος
1444 2479 1521 2514 ἡμῶν
1531 2478 1642 2513 δύναμις
1651 2478 1697 2503 καὶ
1707 2477 1721 2502 ὁ
1728 2477 1777 2508 τῆς
1784 2475 1906 2501 διδασκα-

1116 2526 1175 2557 λίας
1187 2525 1267 2551 αὑτοῦ
1282 2525 1370 2558 λόγος,
1385 2525 1412 2550 ὲν
1425 2523 1516 2559 μέσοις
1528 2523 1700 2558 τοῑςιὲχθροῖς
1710 2521 1756 2548 καὶ
1767 2519 1906 2554 πολεμίοις

1117 2571 1211 2603 αὑτοῦ,
1227 2571 1271 2597 καὶ
1298 2570 1352 2596 τῶν
1379 2569 1597 2596 πεπιστευκότων
1620 2570 1660 2600 εἰς
1673 2567 1754 2595 αὑτὸν
1777 2565 1905 2592 ἁπάντων

1119 2617 1320 2652 καταχυριεύει.

280 2669 412 2698 passurus
423 2667 481 2690 erat
498 2665 531 2697 is,
556 2665 589 2692 de
602 2673 657 2700 quo
686 2666 866 2699 vaticinatur,
880 2671 973 2701 aperte
993 2666 1138 2702 signiﬁcat,
1155 2664 1250 2691 dicens
1265 2673 1271 2690 :
1287 2672 1296 2688 1
1314 2662 1353 2689 De
1371 2666 1492 2690 torrente
1518 2662 1546 2689 in
1576 2662 1620 2689 via
1645 2662 1736 2693 bibet.
1761 2665 1906 2697 propterea

281 2708 408 2735 exaltabit
419 2713 501 2745 caput
517 2710 550 2737 “.
572 2720 581 2736 ι
597 2710 758 2740 Torrentem
769 2720 863 2747 porro,
881 2714 1062 2741 tentationum
1083 2718 1189 2747 tempus
1201 2709 1404 2744 intelligendum
1423 2710 1493 2736 alius
1517 2709 1618 2736 indicat
1645 2710 1766 2744 psalmus
1789 2710 1904 2738 dioens;

284 2761 294 2778 1
317 2752 475 2781 Torrentem
498 2756 670 2789 pertransivit
697 2759 786 2785 anima
804 2763 908 2791 nostra.
934 2758 1061 2786 Forsitan
1081 2757 1241 2793 pertransiit
1266 2757 1357 2784 anima
1372 2761 1465 2784 nostra
1475 2764 1572 2791 aquam
1590 2757 1789 2784 intolerabilem
1804 2757 1838 2785 “.
1855 2766 1866 2784 ι

317 2840 339 2855 "
354 2839 420 2868 Gen.
441 2849 496 2875 xiv,
509 2844 601 2872 18-19.

643 2846 664 2861 ’³
678 2845 759 2874 llcbr.
781 2855 817 2880 γι,
834 2848 874 2874 l8.

279 2881 375 2908 cxxnl,
391 2878 416 2904 5.

913 2848 934 2863 ’δ
953 2846 1034 2874 Hebr.
1055 2855 1102 2878 vn,
1116 2846 1212 2874 2126.

1251 2846 1272 2861 “
1286 2845 1368 2874 llebr.
1386 2853 1445 2880 rm,
1464 2846 1521 2879 1,2.
1534 2846 1556 2862 "
1569 2845 1639 2874 Psal.
1652 2854 1708 2881 cut,
1727 2845 1751 2873 7.
1789 2847 1812 2862 ⁸⁷
1828 2845 1904 2876 Petti.
