2084 3216
185 205 239 232 569
641 202 976 251 DEMONSTRATIONIS'
985 202 1214 232 EVANGELICE'
1232 202 1295 230 LIB.
1315 202 1347 229 V.
1750 201 1802 229 370

185 264 214 292 In
231 269 355 293 torrente
368 265 451 300 igitur
467 265 550 297 bibet,
574 265 673 300 inquit,
699 266 811 293 calicem
831 264 966 297 videlicet,
987 271 1067 300 quem
1087 264 1144 300 ipse
1160 263 1211 292 sub
1230 263 1319 298 ipsum
1337 261 1472 297 passionis
1506 264 1612 295 tempus
1631 258 1802 294 signiﬁcavit,

184 311 300 340 dicens:
321 320 331 337 ι
348 310 440 343 Pater,
457 312 480 339 si
495 311 626 346 possibile
639 316 692 344 est,
704 316 825 340 transeat
839 312 968 340 calixiste
986 319 1002 338 ιι
1017 319 1060 339 me
1073 311 1106 337 ’⁸.
1123 321 1132 337 ι
1152 310 1184 337 Et
1205 317 1301 337 rursus
1318 319 1324 336 :
1349 319 1357 335 :
1376 309 1405 335 Si
1434 315 1490 335 non
1522 307 1651 342 possibile
1664 310 1707 333 est
1725 306 1800 332 illum

185 358 315 388 transire.
332 359 385 386 nisi
402 359 477 385 illum
499 359 609 392 bibam,
626 359 671 387 [lat
685 359 811 387 voluntas
828 364 875 386 tua
897 359 930 385 ".
955 368 964 384 ι
984 357 1052 385 Cum
1082 357 1165 392 igitur
1191 357 1263 384 hunc
1290 357 1404 384 calicem
1432 355 1556 386 bibisset,
1588 358 1645 381 tum
1673 353 1800 380 exaltavit

184 408 275 438 caput.
292 403 326 431 Et
341 405 412 432 sicut
428 405 465 431 ait
482 405 636 440 Apostolus,
651 406 780 440 quoniam
800 415 809 431 (
828 406 915 433 factus
942 408 984 432 est
1001 403 1131 432 obediens
1156 403 1231 430 Patri
1256 410 1343 437 usque
1365 402 1398 429 ad
1432 405 1555 432 mortem,
1574 403 1688 427 mortem
1710 403 1800 426 autem

184 450 287 480 crucis.
314 460 323 476 ι
340 450 452 482 idcirco.
467 452 566 486 inquit,
589 461 599 477 ‹
617 452 765 490 exaltavit"
775 452 850 479 illum
881 451 952 479 Deus
973 451 1007 481 ",
1029 450 1166 478 suscitans
1180 450 1255 477 illum
1268 457 1283 476 a
1299 449 1423 481 mortuis,
1438 452 1465 476 et
1486 448 1579 476 sedere
1602 447 1676 475 illum
1692 446 1756 474 fecit
1773 446 1801 475 in

183 495 295 522 dextera
314 503 374 527 sua,
399 504 483 531 supra
498 504 605 524 omnem
621 497 819 532 principatum,
849 501 876 524 et
910 499 1082 531 potestatem,
1115 499 1142 522 et
1157 495 1297 526 virtutem,
1325 498 1352 522 et
1377 495 1600 526 dominationem,
1617 498 1644 521 et
1658 500 1737 520 omne
1750 500 1801 520 no-

184 550 246 570 men
262 544 334 577 quod
347 543 500 570 nominetur
515 551 570 570 non
583 544 671 572 solum
685 544 713 570 in
730 543 781 570 hoc
794 543 904 576 sreculo,
915 542 962 570 sed
981 542 1062 569 etiam
1074 542 1101 568 in
1113 541 1214 568 futuro.
1232 541 1264 568 Et
1283 542 1374 568 omnia
1399 541 1525 575 subjecit,
1555 539 1652 575 inquit,
1673 539 1724 567 sub
1750 547 1799 574 pe-

183 589 264 616 dibus
280 590 339 624 ejus
349 590 382 621 ⁸⁸,
400 599 409 614 ›
429 590 578 617 secundum
595 598 666 622 eam,
681 598 741 625 quae
753 589 787 617 ad
799 590 888 624 ipsum
899 589 971 616 facta
990 592 1042 620 est,
1068 588 1286 623 promissionem,
1308 595 1389 622 quam
1410 588 1438 614 in
1460 587 1564 621 psalmo
1593 585 1727 617 declarat,
1756 584 1800 612 di-

183 643 269 663 cens:
293 646 302 660 ‹
322 635 392 663 Sede
412 637 544 664 adextris
574 637 653 669 meis,
685 637 772 664 donec
797 644 895 671 ponam
929 636 1054 663 inimicos
1079 639 1141 663 tuos
1173 635 1322 662 scabellum
1343 634 1441 669 pedum
1462 637 1580 660 tuorum.
1611 632 1754 660 Dominare
1769 630 1797 658 in

184 681 275 708 medio
298 682 470 709 inimicorum
501 686 620 709 tuorum.
642 692 651 708 ι
667 682 781 710 Constat
806 689 870 710 vero
903 681 1072 716 planissime,
1087 681 1314 716 quemadmodum
1332 680 1411 707 hodie
1424 687 1532 715 quoque
1545 678 1693 706 Salvatoris
1710 678 1798 705 nostri

183 727 283 761 virtus,
299 735 330 755 ac
344 727 476 755 doctrina:
490 727 563 756 illius
581 729 705 761 verbum,
723 729 750 755 in
765 728 855 755 medio
881 727 1054 755 inimicorum
1082 732 1109 755 et
1136 727 1256 754 hostium
1289 733 1413 757 suorum,
1440 725 1570 752 omnibus
1593 723 1755 759 quicumque
1770 722 1798 749 in

182 775 272 810 ipsum
286 774 410 807 credunt,
426 775 592 803 dominatur.

446 853 642 880 ΚΕΦΑΛΑΙΟΝ
665 854 684 879 Δ
694 873 701 880 .

187 920 311 956 Ὠςμκαὶ
335 920 469 953 Ἡσαΐας,
494 920 658 956 προφητῶν
671 920 839 956 μέγιστος,
865 919 967 956 casamo;-

218 953 280 982 οἵδε
301 956 375 983 Θεὸν
398 956 433 982 ἐν
447 953 618 988 Θεῷέἶναι,
641 953 736 990 λέᾷεωιὶι
765 956 870 990 ὁμοίως
895 955 967 988 ἡμῖν

217 989 374 1022 δοξάζουσι
389 990 505 1025 Πατέρα
519 992 554 1017 ἐν
569 990 634 1024 Υιῷ,
651 989 700 1018 καὶ
721 989 789 1018 mw
804 991 839 1017 ἐν
848 990 964 1024 Πατέρι.

219 1086 229 1103 ε
251 1077 321 1112 Ἐγὼ
348 1078 449 1113 Κύριος
471 1079 587 1114 ἐποίησα
603 1079 666 1114 γῆν,
692 1077 738 1105 καὶ
763 1077 905 1114 ἄνθρωπον
922 1079 966 1104 ἐπ’

179 1123 274 1158 αὐτῆς·
291 1123 345 1158 ἐγὼ
355 1125 388 1159 τῇ
405 1123 475 1159 χειρί
488 1133 538 1159 μου
554 1124 707 1159 ὲστερέωσα
719 1124 764 1151 τὸν
776 1125 898 1160 οὐρανὸν,
911 1123 966 1159 ἐγὼ

180 1170 248 1196 πᾶσι
263 1170 318 1200 τοῖς
332 1169 441 1205 ἄστροις
454 1170 640 1205 ἐνετειλάμην,
655 1169 711 1204 ἐγὼ
723 1170 821 1206 ἤγειρα
837 1171 882 1198 τὸν
897 1171 965 1206 μετὰ

177 1214 350 1250 δικαιοσύνης
362 1214 481 1250 βασιλέα,
493 1215 539 1242 καὶ
552 1216 638 1242 πᾶσαι
651 1216 677 1242 αἱ
690 1215 744 1242 ὁδοὶ
759 1216 840 1242 αὐτοῦ
852 1217 962 1243 εὐθεῖαι.

178 1258 264 1292 Οὗτος
279 1261 450 1296 οἰκοδομήσει
466 1261 515 1296 τὴν
533 1261 608 1288 πόλιν
623 1270 684 1296 μου,
697 1261 744 1288 καὶ
756 1261 806 1297 τὴν
827 1261 965 1297 αἰχμαλω-

178 1307 240 1334 σίαν
252 1307 299 1333 τοῦ
311 1307 375 1334 λαοῦ
392 1307 560 1343 ἐπιστρέψει,
573 1307 602 1334 οὐ
617 1307 685 1343 μετὰ
694 1307 810 1344 λύτρων,
822 1308 882 1334 οὐδὲ
896 1308 964 1344 μετὰ

176 1352 281 1388 δώρων,
295 1351 355 1379 εἷπε
363 1353 464 1389 Κύριος
474 1353 612 1381 Σαϐαὼθ.»
628 1354 702 1386 Τέως
720 1354 768 1389 μὲν
783 1353 868 1380 ταῦτα
883 1355 897 1381 ό
909 1355 964 1381 τῶν

175 1398 245 1425 ὅλων
259 1398 371 1434 ποιητὴς
385 1399 460 1431 Θεὸς,
473 1400 536 1435 περί
553 1404 625 1431 τινος
638 1399 770 1434 βασιλέως
779 1400 826 1426 καὶ
839 1400 963 1435 Σωτῆρος

178 1443 321 1478 μέλλοντος
342 1445 490 1480 οἰκοδομεῖν
510 1444 541 1471 τό
559 1445 609 1479 τῆς
635 1445 774 1476 εὐσεϐείας
796 1444 961 1479 πολίτευμα,

175 1488 365 1524 λυτρώσασθαι
386 1489 434 1524 τὴν
453 1489 642 1524 ἐπισυμϐἄσαν
664 1488 818 1524 ἀνθρώποις
841 1489 892 1516 ὑπὸ
914 1490 963 1524 τῆς

174 1534 335 1570 δαιμονικῆς
356 1535 460 1570 πλάνης
482 1535 679 1570 αἰχμαλωσίαν,
688 1534 737 1561 διὰ
759 1535 805 1561 τοῦ
823 1535 961 1572 προφήτου

175 1580 316 1612 θεσπίζει·
346 1580 408 1616 ἑξῆς
431 1581 458 1607 δὲ
480 1580 585 1612 τούτοις
608 1580 637 1608 τὸ
660 1580 827 1616 προφητικὸν
855 1581 962 1617 πνεῦμα

175 1626 225 1662 τὴν
245 1627 383 1662 ὑποταγὴν
405 1627 460 1654 τῶν
476 1627 631 1661 ἀλλοφύλων
653 1627 737 1654 ὲθνῶν
757 1627 913 1659 αἰνίττεται,
928 1627 961 1662 ἣν

175 1671 390 1707 ὑποταγήσονται
399 1672 437 1708 τῷ
448 1673 687 1709 προφητευομένῳ,
697 1673 744 1700 καὶ
757 1673 794 1705 ὡς
808 1675 961 1710 προσκυνή-

176 1726 269 1745 σουσιν
292 1718 366 1753 αὐτῷ
390 1716 435 1745 οἷα
452 1718 511 1754 Θεῷ
536 1720 560 1746 οἱ
585 1719 827 1755 ὑποταγησόμενοι,
855 1721 901 1747 καὶ
924 1721 962 1753 ὡς

175 1764 369 1800 προσεύξονται
388 1766 418 1791 ὲν
433 1765 517 1800 αὐτῷ,
536 1765 581 1792 διὰ
601 1766 632 1792 τὸ
650 1766 760 1801 μείζονα
782 1768 916 1794 κατοικεῖν
932 1769 961 1794 ἐν

174 1809 250 1844 αὐτῷ
263 1809 339 1840 Θεὸν,
356 1809 402 1836 τὸν
425 1810 554 1837 ἀνωτάτω
576 1811 675 1847 δηλαδὴ
693 1811 811 1848 Πατέρα,
829 1813 875 1839 καὶ
895 1812 960 1839 Θεὸν

174 1854 229 1880 τῶν
249 1854 327 1881 ὅλων.
355 1854 394 1881 Τὰ
420 1855 449 1881 δὲ
470 1855 520 1890 τῆς
544 1854 642 1887 λέξεως
657 1855 742 1888 οὕτως
765 1857 835 1892 ἔχει·
856 1867 864 1883 ι
884 1857 960 1884 Οὕτω

173 1900 248 1935 λέγει
271 1900 391 1937 Κύριος·
418 1902 574 1928 Ἐκοπέασεν
596 1902 750 1936 Αἴγυπτος,
775 1904 822 1930 καὶ
842 1904 960 1940 ἐμπορία

174 1947 327 1979 Αἰθιόπων,
351 1947 398 1974 καὶ
425 1949 449 1974 οἱ
471 1948 591 1983 Σαὸαεὶμ
616 1948 712 1984 ἄνδρες
736 1948 830 1984 ὑψηλοὶ
856 1950 902 1975 ἐπὶ
930 1949 959 1975 σὲ

172 1993 358 2028 διαϐήσονται,
373 1994 419 2020 καὶ
436 1994 476 2020 σοὶ
494 1993 599 2020 ἔσονται
621 1993 718 2026 δοῦλοι,
743 1995 790 2021 καὶ
805 1995 892 2021 ὀπίσω
912 1995 957 2022 σοῦ

172 2038 384 2073 ἀκολουθήσουσι
394 2059 402 2071 ,
417 2038 551 2074 δεδεμένοι
569 2040 754 2075 χειροπέδαις,
777 2040 824 2067 καὶ
839 2049 958 2077 προσκυ-

172 2085 285 2119 νήσουσι
307 2085 372 2116 νέοι,
399 2085 445 2111 καὶ
467 2085 495 2110 ἐν
522 2085 563 2110 σοὶ
584 2085 786 2120 προσεύξονται,
810 2086 850 2112 ὅτι
869 2088 899 2113 ἐν
917 2087 958 2113 σοὶ

172 2131 186 2157 ὁ
198 2130 266 2162 Θεός
283 2131 351 2161 ἐστι,
369 2131 416 2157 καὶ
429 2130 478 2156 οὑκ
496 2130 552 2156 ἔστι
566 2130 630 2162 Θεὸς
650 2131 718 2166 πλὴν
736 2131 792 2158 σοῦ.
817 2133 852 2159 Σὺ
867 2133 921 2168 γὰρ
933 2131 959 2159 εἴ

172 2176 253 2209 Θεὸς,
279 2176 326 2202 καὶ
345 2176 395 2203 οὐκ
418 2176 538 2211 ᾔδειμεν,
563 2176 628 2208 Θεὸς
649 2177 694 2203 τοῦ
722 2178 829 2213 Ἰσραὴλ
851 2179 955 2214 Σωτήρ.
971 2196 991 2225 C

170 2221 401 2257 Αἰσχυνοήσονται
424 2223 469 2248 καὶ
488 2223 699 2258 ἐντραπήσονται
719 2223 817 2255 πάντες
839 2224 864 2250 οἱ
881 2225 954 2251 ἀντι-

175 2268 295 2304 κείμενοι
310 2267 394 2303 αὖτῷ,
412 2268 459 2294 καὶ
472 2267 649 2303 πορεύσονται
662 2269 689 2294 ἐν
706 2269 844 2304 αἰσχύνῃ.»
864 2269 956 2296 Ταῦτα

173 2313 224 2347 μὲν
241 2315 257 2349 ἡ
275 2313 436 2349 προφητεία.
455 2314 511 2349 Οὐχ
531 2312 650 2348 ἡγοῦμαι
669 2313 698 2340 δὲ
717 2314 888 2349 ἁντωπὴσειν
909 2314 954 2340 δύ-

171 2359 268 2386 νασθαι
289 2368 362 2391 τινα,
379 2359 429 2386 κᾶν
453 2359 554 2395 σφόδρα
576 2357 751 2396 ᾔὰγνώμων,
773 2359 812 2394 τῷ
831 2359 956 2396 προδήλῳ

171 2405 219 2432 καὶ
241 2406 322 2439 σαφεῖ
343 2404 392 2439 τῆς
416 2404 523 2437 λέξεως,
543 2404 664 2440 ἐναργῶς
686 2404 770 2436 οὕτως
795 2405 954 2440 εἰσαγούσης

170 2450 238 2477 Θεὸν
254 2451 301 2477 τοῦ
320 2451 426 2486 Ἰσραὴλ
437 2451 561 2486 Σωτῆρα,
573 2451 620 2477 καὶ
641 2450 732 2485 ἕτερον
746 2450 775 2476 ἐν
788 2450 862 2486 αὐτῷ
877 2450 952 2478 Θεὸν·

173 2497 410 2533 «Προσκυνήσουσί
438 2506 495 2528 σοι,
512 2507 521 2523 ι
551 2497 642 2532 φησὶν,
666 2507 676 2522 ι
689 2497 712 2523 οἱ
733 2496 840 2529 δίκαιοι,
858 2497 905 2524 καὶ
924 2498 954 2524 ὲν

171 2543 213 2569 σοὶ
233 2543 424 2578 προσεύξονται
436 2562 443 2575 ,
460 2543 501 2569 ὃτι
521 2544 550 2569 ὲν
566 2543 606 2569 σο).
627 2544 641 2569 ὸ
656 2543 721 2575 Θεός
737 2544 811 2575 ἐστι,
837 2543 883 2570 καὶ
904 2543 954 2570 οὐκ

169 2589 228 2616 ἔστι
253 2588 320 2620 Θεὸς
344 2589 412 2625 πλὴν
433 2589 489 2616 σοῦ·
522 2590 554 2616 σὺ
580 2590 633 2625 γὰρ
657 2588 683 2616 εῐ
701 2591 716 2616 ὁ
735 2589 811 2622 Θεὸς,
837 2590 883 2619 καὶ
903 2591 953 2617 οὐκ

167 2635 292 2670 ᾔδειμεν,
310 2634 376 2666 Θεὸς
394 2634 442 2661 τοῦ
462 2634 567 2670 Ἰσραὴλ
591 2634 696 2670 Σωτήρ.
711 2645 720 2661 ι
747 2635 784 2662 Τὸ
806 2635 850 2668 δὲ,
876 2645 886 2661 ι
903 2636 953 2663 οὐκ

169 2680 290 2715 ᾔδειμεν,
306 2689 316 2706 ι
333 2681 365 2706 ὲκ
380 2680 523 2716 προσώπου
535 2680 589 2707 τῶν
605 2681 669 2716 πρὶν
685 2681 766 2708 αὑτὸν
782 2681 819 2717 μὴ
831 2682 951 2715 ἐπεγνω-

167 2725 255 2751 κότων
278 2724 354 2760 παρὰ
380 2725 469 2759 μόνοις
494 2725 549 2756 τοῖς
578 2724 775 2760 Ἐϐδομήκοντα
799 2726 950 2760 εἰρημένον,

167 2771 268 2806 ιτέρως
283 2769 338 2805 εἶχε
349 2771 378 2797 τὸ
392 2771 543 2806 Ἐϐραῖκὸν,
555 2771 568 2797 ὃ
581 2770 737 2806 μεταλαϐὼν
748 2772 761 2797 ὁ
776 2772 824 2807 μὲν
837 2773 950 2805 Ἀκύλας

167 2816 252 2851 φησι·
277 2826 286 2842 ι
307 2816 372 2848 Θεὸς
394 2817 447 2852 ἄρα
473 2816 581 2852 ἰσχυρὸς
602 2817 860 2853 ἀποκρυπτόμενος,
885 2819 950 2851 Θεὸς

1320 846 1433 874 CAPUT
1450 846 1494 873 IV.

1017 915 1097 949 225
1111 914 1186 947 Quod
1209 915 1287 942 etiam
1314 914 1419 947 Isaias,
1441 923 1487 950 pro
1507 915 1627 941 hetarum
1649 915 1798 946 maximus,

1053 951 1129 976 ulane
1147 951 1217 976 nouit
1243 950 1326 976 Deum
1351 959 1407 976 esse
1432 951 1460 976 in
1482 923 1547 976 Βεο.
1574 950 1649 976 idque
1675 949 1798 976 afﬁrmat.

1051 951 1129 985 plane
1147 951 1217 977 nouit
1243 950 1326 976 Deum
1351 959 1407 977 esse
1432 951 1460 977 in
1482 949 1547 985 Deo“,
1574 950 1649 984 idque
1661 949 1798 985 _a/]irmot,

1053 983 1120 1020 sicut
1141 986 1221 1011 etiam
1239 993 1285 1012 nos
1299 985 1343 1020 qui
1357 985 1465 1013 Patrem
1479 985 1506 1012 in
1521 983 1604 1018 Filio,
1616 990 1639 1012 et
1656 983 1757 1011 Filium
1771 985 1799 1010 in

1053 1019 1134 1046 Patre
1145 1020 1334 1055 gloriﬁcamus.

1055 1084 1064 1100 ι
1080 1075 1136 1110 Ego
1153 1075 1285 1104 Dominus
1301 1076 1352 1104 feci
1375 1080 1488 1109 terram,
1513 1078 1541 1103 et
1563 1075 1699 1103 hominem
1716 1083 1798 1110 super

1015 1128 1047 1148 ea
1061 1130 1068 1154 ;
1084 1129 1133 1156 ego
1149 1129 1232 1149 manu
1254 1129 1314 1150 mea
1335 1121 1502 1150 consolidavi
1517 1122 1627 1153 coelum,
1644 1128 1694 1156 ego
1708 1121 1796 1148 omni-

1015 1166 1067 1194 bus
1087 1167 1169 1196 astris
1191 1167 1329 1200 mandavi,
1346 1175 1396 1202 ego
1423 1167 1553 1195 suscitavi
1569 1174 1658 1202 regem
1675 1174 1737 1193 cum
1750 1166 1796 1201 ju-

1015 1213 1101 1245 stitia,
1125 1217 1152 1241 et
1168 1221 1263 1241 omnes
1280 1214 1329 1241 viae
1348 1213 1408 1248 ejus
1423 1217 1513 1240 rectze.
1535 1212 1585 1239 Hic
1603 1212 1746 1239 :ediﬁcabit
1760 1212 1797 1239 ci-

1014 1259 1124 1287 vitatem
1149 1266 1248 1291 meam,
1274 1263 1301 1287 et
1325 1259 1509 1294 captivitatem
1529 1258 1622 1294 populi
1644 1261 1794 1290 convertet,

1014 1313 1068 1332 non
1088 1305 1187 1340 pretio,
1204 1313 1291 1340 neque
1315 1305 1485 1338 muneribus,
1502 1305 1571 1332 dixit
1594 1305 1727 1334 Dominus
1746 1303 1796 1333 δερ

1014 1351 1096 1378 baoth
1109 1351 1143 1379 ³³.
1159 1361 1168 1377 ι
1190 1351 1300 1378 Interim
1321 1351 1430 1386 quidem
1452 1351 1510 1379 haec
1530 1351 1651 1379 universi
1670 1352 1796 1380 conditor

1013 1396 1096 1429 Deus,
1123 1397 1157 1424 de
1176 1396 1294 1432 quodam
1314 1404 1376 1432 rege
1395 1404 1426 1424 ac
1445 1396 1595 1430 Salvatore,
1611 1398 1657 1432 qui
1676 1397 1795 1425 aediﬁca-

1013 1446 1093 1470 turus
1104 1443 1140 1471 sit
1154 1443 1349 1478 rempublicam
1364 1443 1483 1478 pietatis,
1500 1448 1527 1471 et
1541 1443 1723 1471 conditionem
1740 1450 1794 1478 qua

1013 1488 1136 1516 homines
1163 1496 1178 1517 a
1207 1489 1357 1518 daemonica
1375 1497 1466 1518 errore
1497 1490 1594 1524 captivi
1616 1490 1792 1522 tenebantur,

977 1524 998 1553 Β
1013 1534 1208 1568 dissoluturus,
1226 1543 1274 1571 per
1287 1536 1444 1571 prophetam
1462 1536 1618 1571 respondet.
1635 1535 1663 1563 In
1681 1536 1714 1564 iis
1729 1543 1797 1564 vero.

1014 1590 1073 1617 qua:
1086 1586 1248 1617 sequuntur,
1270 1587 1442 1610 externarum
1461 1590 1570 1617 quoque
1585 1582 1725 1610 nationum
1745 1582 1794 1609 ob-

1013 1627 1148 1662 sequium,
1173 1635 1228 1662 quo
1247 1627 1273 1654 ei
1305 1631 1368 1655 sunt
1396 1627 1566 1654 obsecutum:
1587 1628 1633 1662 qui
1663 1631 1793 1656 venturus

1012 1674 1132 1705 canitur,
1161 1674 1337 1709 propheticus
1366 1673 1502 1709 signiﬁcat
1526 1674 1638 1709 spiritus
1659 1684 1665 1702 :
1687 1682 1793 1702 necnon

1011 1719 1239 1754 quemadmodum
1251 1719 1326 1746 illum
1338 1723 1467 1754 tanquam
1483 1719 1567 1748 Deum
1580 1720 1731 1748 adorabunt
1742 1721 1791 1754 illi.

1011 1765 1057 1801 qui
1074 1765 1110 1792 ita
1128 1765 1161 1792 ad
1179 1765 1339 1799 obsequium
1354 1766 1488 1798 venerint,
1503 1770 1530 1794 et
1544 1766 1616 1801 quod
1633 1766 1715 1794 Deum
1731 1773 1793 1793 ora-

1011 1810 1079 1837 bunt
1101 1810 1129 1837 in
1150 1810 1209 1845 ipso
1222 1819 1228 1836 :
1241 1813 1382 1844 propterea
1403 1811 1477 1846 quod
1501 1811 1530 1838 in
1556 1818 1589 1838 eo
1608 1811 1667 1846 ipse
1689 1811 1792 1838 habitet

1011 1856 1082 1885 Deus
1100 1864 1253 1892 supremus,
1268 1857 1393 1884 videlicet
1407 1857 1496 1889 Pater,
1515 1857 1689 1892 universique
1709 1856 1790 1885 Deus.

1010 1901 1098 1929 Locus
1112 1905 1201 1929 autem
1211 1902 1286 1930 sicse
1297 1902 1376 1930 habet
1388 1902 1421 1930 ad
1431 1903 1541 1930 verbum
1553 1913 1560 1930 :
1573 1912 1582 1928 ι
1596 1902 1641 1930 Sic
1656 1902 1721 1929 dicit
1737 1903 1791 1929 Do-

1009 1948 1100 1975 minus
1123 1958 1128 1976 :
1152 1948 1297 1976 Laboravit
1312 1947 1455 1984 Egyptus,
1471 1954 1497 1976 et
1521 1948 1669 1984 negotiatio
1684 1948 1791 1976 Ethio-

1008 2001 1084 2028 pum,
1107 1999 1134 2022 et
1158 1994 1266 2022 Sabaim
1289 1995 1341 2024 viri
1355 1995 1454 2023 excelsi
1477 1994 1510 2022 ad
1526 1998 1552 2022 te
1575 1995 1741 2026 transibunt,
1763 1998 1790 2022 et

1008 2039 1047 2066 tui
1062 2043 1143 2067 erunt
1155 2040 1238 2071 servi,
1254 2043 1281 2067 et
1303 2047 1317 2067 a
1333 2045 1408 2075 tergo
1423 2044 1449 2067 te
1469 2043 1618 2075 sequentur
1631 2039 1716 2067 vincti
1732 2047 1790 2066 ma-

1008 2085 1089 2118 nicis,
1107 2089 1135 2113 et
1149 2085 1301 2113 adorabunt
1314 2085 1440 2121 juvenes,
1455 2090 1482 2114 et
1498 2086 1524 2113 in
1536 2090 1563 2114 te
1577 2087 1693 2114 orabunt
1705 2095 1711 2113 :
1721 2094 1791 2122 quo-

1008 2131 1081 2157 niam
1094 2131 1121 2158 in
1138 2136 1163 2158 te
1178 2130 1249 2158 Deus
1265 2136 1317 2163 est,
1332 2135 1359 2159 et
1375 2139 1429 2159 non
1447 2136 1490 2159 est
1505 2131 1576 2159 Deus
1593 2136 1689 2166 praeter
1704 2136 1746 2159 te:
1760 2135 1789 2159 tu

1008 2176 1079 2202 enim
1093 2184 1123 2204 es
1143 2176 1224 2207 Deus.
1241 2181 1267 2203 et
1283 2185 1338 2204 nou
1355 2185 1528 2208 noveramus,
1547 2176 1619 2205 Deus
1633 2176 1714 2205 Israel
1730 2176 1790 2204 Sal-

1008 2225 1094 2248 vator.
1113 2220 1281 2249 Erubescent
1305 2225 1332 2249 et
1353 2222 1554 2250 confundantur
1568 2230 1662 2251 onmes
1675 2222 1722 2258 qui
1740 2222 1789 2250 ad-

1005 2271 1151 2294 versantur
1161 2268 1197 2299 ei,
1213 2272 1239 2294 et
1255 2268 1433 2295 ambulabunt
1451 2269 1478 2296 in
1495 2269 1642 2303 pudore“.
1664 2278 1673 2294 )
1691 2268 1788 2297 Hacte-

1006 2321 1057 2340 nus
1077 2313 1134 2348 ipsa
1159 2313 1312 2348 prophetia.
1333 2314 1478 2347 Caeterum,
1499 2315 1655 2350 neutiquam
1673 2315 1789 2343 arbitror

1005 2359 1159 2394 quempiam
1174 2363 1268 2386 contra
1284 2359 1321 2389 id.
1336 2360 1408 2395 quod
1425 2363 1479 2387 tam
1496 2364 1588 2395 aperte
1602 2363 1629 2388 et
1646 2360 1788 2395 perspicue

1005 2404 1123 2436 dicatur,
1137 2405 1179 2432 vel
1194 2406 1288 2433 oculos
1302 2405 1481 2438 directurum,
1500 2405 1625 2441 quamvis
1641 2405 1786 2432 admodum

1005 2449 1041 2476 sit
1065 2450 1198 2485 ingratus,
1222 2451 1269 2478 ubi
1291 2451 1329 2478 ita
1346 2451 1485 2479 evidenter
1505 2455 1532 2479 et
1546 2452 1626 2486 plane
1649 2451 1788 2479 inducitur

1004 2495 1077 2523 Deus
1103 2495 1186 2524 Israel
1210 2495 1344 2529 Salvator,
1368 2501 1397 2525 et
1425 2498 1452 2524 in
1481 2498 1527 2524 illo
1551 2497 1641 2525 Deus:
1658 2507 1668 2523 ‹
1685 2497 1786 2524 Adora-

1004 2541 1072 2568 bunt
1092 2545 1128 2573 te,
1148 2541 1248 2577 inquit,
1267 2543 1346 2577 justi,
1369 2547 1397 2570 et
1412 2543 1439 2570 in
1462 2547 1488 2570 te
1504 2543 1630 2574 orabunt,
1657 2543 1786 2577 quoniam

1005 2588 1032 2616 in
1048 2593 1074 2617 te
1087 2593 1129 2617 est
1145 2588 1228 2621 Deus,
1242 2594 1270 2617 et
1283 2597 1338 2617 non
1350 2593 1392 2617 est
1408 2589 1479 2617 Deus
1495 2595 1592 2624 praeter
1607 2593 1633 2616 te
1648 2598 1654 2615 :
1669 2593 1696 2615 ιιι
1712 2589 1786 2616 enim

1003 2643 1034 2663 es
1053 2635 1141 2667 Deus,
1167 2640 1193 2663 et
1212 2636 1412 2667 nesciebamus,
1436 2634 1507 2662 Deus
1522 2635 1605 2663 Israel
1623 2634 1757 2662 Salvator.
1773 2643 1783 2661 ι

1003 2681 1087 2708 Porro
1112 2681 1197 2714 illud,
1225 2690 1234 2706 ι
1249 2681 1455 2713 nesciebamus,
1472 2690 1481 2706 ›
1503 2681 1575 2715 quod
1606 2689 1638 2708 ex
1668 2689 1785 2715 persona

1003 2735 1097 2756 eorum
1114 2727 1162 2762 qui
1176 2728 1252 2762 prius
1275 2728 1350 2756 illum
1365 2736 1421 2756 non
1432 2732 1610 2763 agnoverunt,
1622 2727 1703 2762 226
1714 2727 1785 2762 apud

1003 2773 1076 2802 solos
1093 2773 1163 2800 LXX
1179 2773 1282 2801 dictum
1299 2777 1352 2807 est,
1378 2774 1406 2802 in
1428 2773 1560 2802 Hebraico
1584 2775 1663 2802 aliter
1685 2773 1784 2807 habet;

1003 2819 1075 2855 quod
1092 2827 1158 2849 sane
1172 2820 1269 2855 Aquila
1286 2825 1459 2854 convertens,
1481 2821 1520 2849 sic
1534 2821 1572 2849 ait
1587 2830 1593 2848 :
1610 2831 1619 2847 ι
1634 2821 1705 2849 Deus
1719 2828 1783 2856 ergo

201 2916 224 2933 ⁸⁸
235 2916 330 2944 Matth.
346 2918 463 2953 χινιυῖθ
511 2919 533 2934 ³⁸
546 2918 600 2945 ibid
623 2918 666 2946 42.
693 2918 715 2934 ⁸⁸
725 2917 840 2954 Philipp.
856 2927 886 2950 ιι,
904 2919 959 2947 8-9.

1006 2919 1121 2955 'Ephes.
1132 2928 1152 2953 ι,
1167 2920 1259 2953 20,21.
1281 2921 1369 2956 Visa.
1383 2928 1443 2953 XLV,
1456 2921 1546 2952 I9,I5.
1584 2922 1605 2938 "
1616 2922 1679 2949 ibid.
1693 2920 1782 2949 liciti.
