2084 3216
279 179 329 208 δτι

596 178 730 207 EUSEBII
754 179 996 208 CrESABlENSlS
1012 178 1063 207 ΟΡΙ

1112 178 1201 206 PARS
1220 178 1253 206 ll.
1272 193 1308 199 —
1327 178 1578 217 APOLOGE'I‘ICA.l

1850 180 1902 208 573

278 240 359 268 fortis
369 239 505 272 occultus,
520 240 592 268 Deus
606 239 689 268 Israel
704 241 750 277 qui
762 241 852 268 salvos
863 240 937 269 facit.
951 250 961 267 ι
975 240 1063 268 Theo-

1121 240 1227 276 Ἰσραὴλ
1244 239 1338 272 σώζων
1347 249 1354 255 ·
1366 249 1375 265 ›
1396 241 1411 266 ὸ
1423 240 1452 267 δὲ
1464 239 1610 267 Θεοδοτίων
1622 248 1629 255 ·
1647 249 1656 265 ι
1670 239 1718 266 Διὰ
1733 239 1812 266 τοῦτο
1825 239 1904 275 ἰσχυ-

278 287 371 315 dotion
394 295 480 315 vero:
500 296 509 314 ι
523 286 670 322 Propterea
688 287 766 315 fortis
794 288 972 316 absconditus
993 287 1065 315 Deus

278 341 401 361 servans.
418 343 427 359 ι
448 332 500 360 Ubi
517 340 584 360 sane
603 333 682 361 valde
697 334 858 361 mirabiliter
874 333 1065 360 absconditum

279 379 364 407 Deum
381 379 522 407 Christum
544 381 667 407 nominat
683 389 689 407 :
706 387 812 407 necnon
825 387 935 407 causam
957 387 1065 415 quoque

280 428 436 462 planissime
453 428 543 460 docet,
560 432 671 463 propter
681 435 762 462 quam
779 435 864 455 unum
882 428 982 462 ipsum,
996 435 1065 462 qua-

278 479 359 502 tenus
375 475 447 501 inter
462 482 492 502 ea
509 482 569 509 quae
590 475 681 509 genita
696 479 770 508 sunt,
795 475 963 507 nominatur,
979 473 1065 502 Deum

279 525 368 551 vocat,
385 521 419 548 ob
430 521 518 548 Patris
528 521 654 548 videlicet
665 522 692 548 in
703 521 762 556 ipso
777 521 973 549 habitationem
987 530 993 547 :
1010 529 1019 546 ι
1034 520 1064 547 In

278 568 338 602 ipso
354 568 439 600 enim,
455 577 465 593 ι
482 572 510 595 ut
523 568 633 595 divinus
655 568 735 596 docet
748 568 896 604 Apostolus
909 569 942 600 ³⁸,
963 577 972 593 ι
990 575 1065 594 com-

278 613 383 647 placuit
398 621 506 641 omnem
521 613 718 648 plenitudinem
731 615 885 643 divinitatis
899 614 1033 642 habitare.
1052 623 1062 638 ι

277 658 335 685 Hoc
349 658 439 694 ipsum
458 659 541 686 verba
564 660 622 695 ipsa
646 660 797 694 declarant,
821 668 882 696 quae
899 660 939 688 sic
964 667 994 687 se
1016 660 1065 686 ha-

278 704 341 730 bent
356 713 362 730 :
381 712 391 728 ‹
405 703 540 736 Quoniam
557 705 585 732 in
607 708 634 732 te
650 704 722 733 Deus
745 709 799 738 est,
819 710 846 734 et
867 713 922 733 non
935 709 977 733 est
992 705 1064 733 Dens

276 753 375 782 praeter
391 753 428 776 te.
446 759 455 775 ι
471 748 526 776 Pro
542 749 588 776 illo
600 757 665 777 vero
687 751 760 785 quod
783 755 836 782 est,
856 760 864 775 ι
884 754 981 785 praater
994 754 1031 782 te,
1052 760 1062 776 ι

275 794 457 826 Theodotion,
479 789 603 830 ιρι-αξιοι*
622 796 711 831 ipsum
727 806 737 822 ›
755 796 950 831 interpretatus
965 799 1017 828 est,
1035 800 1065 823 ut

276 841 329 868 hoc
339 841 420 868 modo
433 842 514 869 verba
528 849 558 869 se
570 841 687 869 habeant
703 852 710 869 :
723 851 734 868 ‹
747 841 806 869 Νοη
822 846 864 870 est
881 842 954 870 Deus
966 845 1065 878 praeter

276 888 378 923 ipsum,
397 897 406 913 ι
433 895 497 914 eum
524 887 651 915 videlicet
678 896 694 915 a
718 896 773 924 quo
790 897 830 922 es,
857 896 905 924 per
929 895 1010 923 quem
1032 891 1062 915 tu

275 921 384 968 quoque
405 932 432 960 id
453 933 548 967 habes,
569 937 599 960 ut
617 933 703 961 Filius
719 921 770 962 sis.
792 933 846 961 Sed
857 921 958 969 'Aquila
970 935 1009 960 ita
1024 933 1063 960 in-
1077 921 1100 948 Β

276 983 442 1015 tcrpretatus
455 984 497 1008 est
513 989 521 1008 :
541 989 551 1006 ι
571 979 766 1008 Verumtamen
783 980 810 1007 in
826 985 852 1007 te
867 980 958 1013 fortis,
970 984 1062 1007 etnon

275 1029 318 1054 est
340 1026 458 1061 amplius
472 1026 544 1062 apud
568 1030 605 1054 te.
629 1026 702 1055 Deus
730 1034 795 1062 ergo
819 1026 898 1054 fortis
914 1030 942 1054 et
961 1026 1060 1058 latens,

273 1072 348 1100 Deus
369 1072 460 1100 salvos
476 1071 590 1100 faciens.
606 1082 615 1098 ι
635 1072 816 1109 Symmachus
828 1080 894 1100 vero
909 1073 984 1100 solus
1002 1072 1060 1099 sic:

277 1127 287 1144 ι
307 1118 335 1145 ln
347 1123 372 1146 te
386 1117 468 1150 Deus,
480 1123 508 1146 et
521 1127 575 1146 non
587 1122 630 1147 est
642 1120 771 1154 amplius,
780 1127 870 1155 neque
881 1119 958 1146 adest
970 1118 1061 1146 Deus:

274 1171 339 1191 vere
366 1168 394 1191 tu
417 1163 489 1192 Deus
513 1164 704 1199 absconditus,
716 1164 789 1193 Deus
804 1164 888 1193 Israel
909 1171 1033 1192 servans.
1049 1173 1058 1189 ι

275 1207 327 1236 Ubi
344 1209 417 1243 quod
433 1209 504 1236 Deus
523 1210 558 1237 sit
583 1209 710 1237 Christus
733 1209 791 1242 Dei,
810 1209 894 1237 verba
908 1209 966 1243 ipsa
983 1209 1063 1244 plane

275 1255 424 1283 declarant.
449 1265 460 1280 ι
473 1255 541 1282 Nam
561 1260 704 1291 propterea
719 1256 791 1291 quod
804 1256 831 1283 in
851 1260 887 1287 te,
905 1255 1004 1290 inquit.
1020 1258 1063 1282 est

276 1301 359 1333 Deus,
376 1305 405 1328 tu
433 1309 498 1329 sane
517 1301 589 1330 Deus
606 1301 684 1329 fortis
707 1305 734 1328 et
756 1301 948 1329 absconditus.
963 1311 973 1327 ι
991 1301 1063 1336 Ergo

273 1355 308 1374 ex
324 1347 376 1379 his,
394 1346 466 1374 Deus
481 1354 553 1374 unus
573 1347 634 1380 erit,
651 1347 697 1382 qui
716 1347 798 1381 hujus
816 1347 1007 1382 appellationis
1020 1350 1063 1374 est

275 1391 419 1420 Dominus.
442 1391 529 1420 Filius
545 1396 636 1420 autem
652 1393 781 1428 quoniam
797 1391 879 1420 Pater
898 1392 922 1419 ei
941 1392 1062 1427 seipsum

274 1438 470 1470 communicat,
498 1438 533 1466 de
560 1438 811 1466 communicatione
839 1438 963 1465 veritatis
989 1438 1062 1465 illius

275 1485 436 1520 dignitatem
451 1485 567 1520 accepit,
588 1485 689 1520 quippe
715 1485 762 1519 qui
776 1492 864 1518 neque
874 1491 889 1510 a
909 1484 1003 1518 seipso
1015 1484 1061 1516 sit,

275 1538 364 1568 neque
378 1531 412 1558 ab
425 1539 468 1563 eo,
480 1531 526 1566 qui
538 1532 626 1566 ipsum
639 1531 744 1567 genuit,
759 1530 840 1558 Patre
850 1529 1003 1562 deseratur,
1015 1529 1062 1557 sed

274 1577 327 1604 hoc
342 1578 431 1612 ipsum
449 1581 548 1610 totum,
565 1577 638 1613 quod
654 1581 706 1610 est,
725 1577 798 1613 quod
817 1576 895 1608 vivit,
911 1576 983 1611 quod
998 1575 1064 1603 sub-
1076 1590 1098 1620 α

272 1622 358 1655 sistit,
382 1622 416 1649 ab
436 1630 469 1650 eo
493 1630 508 1650 a
524 1631 578 1658 quo
593 1626 635 1651 est
651 1622 741 1655 Patre,
760 1621 892 1654 obtineat,
907 1621 955 1657 qui
975 1628 1063 1657 neque

274 1667 382 1695 Patrem
399 1668 512 1701 deserit,
534 1672 562 1696 et
584 1669 618 1696 ab
639 1668 686 1696 illo
700 1668 832 1704 gignitur,
847 1671 875 1696 et
891 1672 947 1694 tum
970 1671 999 1694 ut
1015 1668 1062 1700 sit,

273 1718 332 1740 tum
348 1718 379 1741 ut
393 1714 480 1742 Filius
494 1714 540 1747 sit,
558 1722 613 1742 non
627 1722 642 1742 a
654 1715 757 1750 seipso,
778 1714 825 1742 sed
840 1722 856 1741 a
871 1713 953 1741 Patre
970 1714 1062 1741 habet.

274 1761 419 1795 Quocirca,
437 1762 541 1790 honore
560 1762 633 1789 hunc
657 1769 766 1798 qu0que
790 1766 820 1789 ut
830 1761 916 1789 Deum
935 1761 1062 1796 prosequi

272 1809 362 1836 edocti
383 1817 489 1839 sumus.
510 1809 750 1844 quemadmodum,
775 1817 835 1845 qua;
851 1816 925 1836 nunc
942 1813 1063 1836 tractan-

273 1859 328 1888 tur,
350 1855 499 1890 prophetiae
521 1855 673 1883 declarant.
691 1855 726 1882 Ut
750 1855 823 1883 enim
847 1854 966 1890 alicujus
991 1854 1063 1890 regis

273 1901 364 1936 imago
380 1902 554 1929 veneratione
575 1901 645 1929 allici
664 1902 743 1934 solet,
758 1906 870 1936 propter
889 1902 964 1928 illum
983 1901 1062 1936 cujus

273 1947 439 1975 lineamenta
458 1955 589 1982 expressa
614 1952 642 1976 et
665 1947 872 1976 similitudinem
895 1947 948 1975 fert
970 1948 1062 1982 (caete-

273 2001 346 2025 rum,
364 1995 490 2029 quamvis
505 1998 533 2022 et
553 1994 643 2029 imago
665 1993 748 2028 regis,
772 1997 798 2021 et
816 1994 874 2029 ipse
891 2002 938 2022 rex
957 1994 1062 2022 honore

273 2039 417 2072 afficiatur,
436 2048 507 2066 unus
523 2044 614 2067 tamen
629 2040 681 2066 erit
696 2040 741 2074 qui
755 2039 915 2072 honoretur,
928 2047 984 2067 non
994 2040 1059 2068 duo.

271 2084 333 2111 Non
349 2086 421 2112 enim
441 2085 496 2113 duo
512 2094 602 2121 reges,
620 2094 702 2119 unus,
725 2087 831 2122 primus
847 2091 874 2115 et
889 2095 972 2115 verus
992 2097 999 2114 ε
1022 2088 1061 2114 al-

273 2134 324 2161 ter,
345 2132 391 2166 qui
416 2132 474 2167 ipsa
491 2133 609 2167 imagine
626 2133 662 2161 sit
688 2142 846 2169 expressus,
871 2134 919 2162 sed
941 2143 1013 2162 unus
1033 2135 1060 2162 in

273 2181 390 2212 utroque
400 2186 458 2205 non
473 2178 554 2205 modo
571 2179 742 2214 intelligitur,
756 2188 851 2207 verum
873 2181 956 2207 etiam
972 2180 1061 2208 nomi-

273 2227 355 2249 natur
370 2227 452 2256 atque
468 2222 639 2258 honoratur),
655 2224 695 2251 sic
718 2231 786 2251 sane
814 2225 971 2260 unigenitus
993 2233 1061 2260 quo-

272 2275 326 2302 que
351 2267 446 2300 Filius,
474 2276 537 2295 cum
565 2269 640 2296 solus
661 2269 697 2296 sit
718 2269 807 2305 imago
832 2269 880 2297 Dei
903 2271 1060 2305 invisibilis,

271 2315 353 2350 227
367 2314 464 2342 merito
480 2318 591 2349 propter
607 2322 688 2346 eum,
712 2315 792 2348 cujus
820 2315 872 2343 fert
902 2317 1062 2344 similitudi-

271 2368 353 2392 nem,
375 2363 403 2386 et
429 2359 519 2394 imago
539 2360 691 2394 appellatur
712 2361 760 2388 Dei
785 2360 950 2394 invisibilis,
977 2366 1004 2389 et
1028 2363 1062 2389 ab

272 2407 333 2440 ipso
365 2405 446 2434 Patre
470 2405 585 2433 eﬂicitur
601 2415 608 2434 :
626 2407 726 2441 quippe
756 2407 803 2442 qui
826 2407 874 2434 tali
899 2408 999 2436 existat
1035 2412 1062 2436 et

271 2454 371 2477 natura
389 2455 415 2478 et
429 2451 559 2483 essentia,
571 2451 688 2486 indeque
703 2459 735 2479 ex
748 2460 802 2487 quo
814 2453 931 2486 primum
944 2453 1060 2486 exstitit,

272 2503 329 2522 non
356 2495 563 2530 acquisititiam,
593 2495 641 2523 sed
665 2495 818 2523 naturalem
847 2495 935 2523 Patris
960 2496 1058 2531 imagi-

273 2550 335 2568 nem
355 2542 465 2569 referat.
490 2541 582 2575 Quare
610 2541 681 2569 idem
704 2546 802 2568 natura
830 2541 913 2574 Deus,
941 2546 968 2569 et
989 2543 1061 2570 idem

274 2587 430 2621 unigenitus
451 2586 537 2615 Filius
550 2585 668 2619 exsistit,
690 2593 746 2613 non
773 2590 863 2614 autem
895 2590 924 2614 ut
941 2587 996 2619 illi,
1013 2587 1061 2622 qui

272 2633 446 2660 extrinsecus
461 2636 648 2665 assumuntur,
669 2632 824 2666 adoptatus,
839 2632 941 2667 quique
960 2632 1062 2659 adven-

273 2677 364 2704 titium
381 2678 479 2704 divinae
495 2678 684 2712 appellationis
710 2678 842 2706 honorem
859 2677 1009 2713 possident.
1024 2678 1062 2705 At

272 2723 348 2750 enim
359 2723 411 2750 etsi
428 2727 524 2750 natura
540 2724 696 2759 unigenitus
711 2723 807 2757 Filius,
828 2723 954 2759 Deusque
968 2727 1062 2751 noster

273 2769 440 2801 celebratur,
451 2778 505 2796 non
519 2774 609 2797 tamen
628 2777 643 2796 a
659 2770 750 2804 seipse
768 2770 858 2801 Deus,
880 2770 928 2797 sed
947 2777 982 2797 ex
1007 2769 1062 2797 Deo

273 2812 357 2844 Patre
374 2814 528 2849 unigenitus
544 2814 640 2847 Filius,
655 2819 683 2843 et
695 2815 798 2843 idcirco
812 2815 895 2843 Deus.
908 2814 1062 2850 Totumque

306 2900 331 2920 ”
344 2899 450 2929 Coloss.
468 2909 486 2929 ι,
504 2901 546 2927 l9.

1117 286 1162 321 ρὸς
1185 288 1317 321 κρυφαῖος
1339 286 1405 317 Θεὸς
1435 285 1537 318 σώζων.
1554 295 1564 312 ›
1597 286 1704 321 Σφόδρα
1739 285 1904 321 θαυμαστῶς

1116 333 1248 367 κρυφαῖον
1264 331 1330 358 Θεὸν
1344 332 1389 358 τὸν
1404 332 1520 367 Χριστὸν
1533 332 1674 367 ὀνομάζει·
1693 332 1740 359 καὶ
1752 333 1801 368 τὴν
1815 332 1904 359 αἰτίαν

1115 379 1153 409 δὲ,
1170 379 1202 404 δι’
1219 378 1252 413 ἢν
1267 377 1334 404 Θεὸν
1347 378 1428 405 αὐτὸν
1444 378 1523 413 μόνον
1539 379 1577 410 ὠς
1592 379 1620 405 ἐν
1632 380 1770 414 γεννητοῖς
1789 378 1857 414 μετὰ
1873 378 1904 405 τὸ

1116 424 1224 460 πρῶτον
1248 425 1295 450 καὶ
1314 424 1460 459 ἀγέννητον
1475 425 1617 456 ἀποκαλεῖ,
1632 425 1726 459 σαφῶς
1740 426 1902 458 ἐκδιδάσκει,

1115 469 1164 504 τὴν
1188 469 1234 495 τοῦ
1262 469 1367 505 Πατρός
1391 470 1419 496 ὲν
1443 470 1517 506 αὐτῷ
1541 470 1710 506 κατοίκησιν·
1725 480 1734 496 ι
1757 472 1802 498 Ἐν
1817 471 1904 507 τούτῳ

1115 515 1195 550 γὰρ,ι
1219 515 1289 542 κατὰ
1304 516 1349 541 τὸν
1367 515 1436 542 θεῖον
1453 515 1610 549 ἀπόστολον,
1631 526 1640 542 ι
1652 516 1781 552 εὐδόκησε
1799 518 1852 543 πᾶν
1873 517 1904 544 τὸ

1116 560 1254 596 πλήρωμα
1276 561 1325 595 τῆς
1347 561 1472 596 θεότητος
1496 563 1666 597 κατοικῆσαι.
1684 572 1693 588 ι
1722 563 1806 589 Τοῦτο
1829 563 1905 598 δηλοῖ

1117 606 1258 640 φάσκουσα
1277 605 1394 642 ήλέξις·
1431 616 1440 632 ι
1460 607 1520 634 ’Ότι
1542 608 1571 635 ὲν
1594 608 1636 634 σοι
1661 609 1676 634 ὁ
1689 608 1755 640 Θεός
1771 610 1839 640 ἐστι,
1856 609 1904 635 καὶ

1115 653 1166 679 οὐκ
1189 652 1246 678 ἐστι
1268 653 1333 685 Θεὸς
1358 652 1427 689 πλὴν
1450 653 1508 680 σοῦ.
1527 663 1536 678 ι
1575 654 1647 680 Ἀντὶ
1668 654 1696 680 δὲ
1715 654 1772 686 τοῦ,
1805 664 1814 680 ι
1834 655 1903 690 πλὴν

1117 698 1174 731 σοῦ,
1189 709 1198 724 ι
1224 709 1233 725 ι
1246 699 1314 734 πλὴν
1330 699 1424 732 αὐτοῦ,
1434 709 1443 725 t
1460 701 1474 726 ὁ
1488 700 1635 727 Θεοδοτίων
1650 701 1809 736 πεποίηκεν,
1827 702 1859 727 ἵν’
1873 699 1903 738 ﬁ.

1118 754 1127 770 ι
1145 745 1201 771 Οὐκ
1224 744 1282 772 ἔστι
1299 744 1365 776 Θεὸς
1388 745 1458 780 πλὴν
1482 745 1581 779 αὑτοῦ,
1597 755 1606 771 ι
1629 746 1728 782 δηλαδὴ
1750 746 1796 773 τοῦ
1816 748 1845 773 ἐν
1862 748 1905 775 σοὶ¹

1115 789 1192 823 Θεοῦ,
1215 790 1247 816 δι’
1268 790 1297 817 ὃν
1318 791 1366 817 καὶ
1387 791 1420 817 σὺ
1444 791 1588 827 τυγχάνεις
1613 791 1650 819 ὢν
1673 792 1749 824 Θεός.
1773 794 1851 820 Κατὰ
1875 793 1904 821 δὲ
1950 790 1953 793 ’

1114 835 1160 862 τὸν
1179 835 1294 863 Ἀκύλαν
1317 835 1405 868 οὕτως
1428 836 1502 872 ἔχει·
1538 847 1548 863 ι
1565 838 1640 873 Πλὴν
1663 839 1692 865 ἐν
1712 839 1754 865 σοὶ
1782 839 1904 875 ἰσχυρὸς,

1114 883 1161 910 καὶ
1186 883 1236 910 οὐκ
1259 883 1331 910 ἐστιν
1354 883 1395 910 ἔτι
1425 883 1503 919 παρὰ
1526 884 1576 911 σοί.
1616 884 1682 916 Θεὸς
1705 884 1759 920 ἄρα
1794 887 1903 922 ἰσχυρὸς

1113 929 1161 955 καὶ
1183 928 1435 964 ἀποκρυπτόμενος,
1460 928 1526 961 Θεὸς
1549 929 1652 962 σώζων.
1666 939 1675 956 ι
1707 930 1786 957 Κατὰ
1807 930 1835 957 δὲ
1858 932 1903 958 τὸν

1113 974 1261 1010 Σύμμαχον
1280 975 1370 1010 μόνον’
1390 984 1400 1001 ι
1423 974 1468 1002 Ἐν
1488 975 1529 1002 σοὶ
1545 975 1621 1009 Θεὸς,
1637 976 1685 1002 καὶ
1699 977 1749 1003 οὐκ
1764 977 1838 1004 ἐστιν
1851 977 1903 1011 ἔτι,

1112 1021 1166 1047 οὐδ’
1189 1017 1308 1057 ὗπάρχει
1323 1022 1407 1054 Θεός·
1429 1022 1514 1054 ὅντως
1535 1023 1567 1049 σὺ
1589 1022 1656 1055 Θεὸς
1674 1025 1820 1059 κρυφαῖος,
1837 1024 1904 1057 Θεὸς

1119 1067 1226 1103 Ἰσραὴλ
1249 1067 1352 1100 σώζων.
1366 1077 1376 1093 ι
1407 1069 1446 1094 Δι’
1464 1065 1503 1095 ὧν
1521 1069 1552 1095 τὸ
1574 1069 1659 1096 αἴτιον
1680 1069 1727 1096 τοῦ
1747 1069 1816 1098 εἶναι
1835 1070 1904 1099 Θεὸν

1112 1112 1158 1139 τὸν
1173 1113 1290 1149 Χριστὸν
1311 1114 1359 1140 τοῦ
1372 1114 1451 1148 Θεοῦ,
1473 1115 1567 1150 σαψῶς
1586 1117 1600 1142 ὁ
1616 1116 1694 1150 λόγος
1720 1117 1905 1154 παρέστησεν.

1116 1167 1126 1184 t
1137 1159 1213 1184 Ἐπεὶ
1237 1159 1291 1195 γὰρ
1308 1159 1337 1185 ἐν
1352 1159 1403 1190 σοὶ,
1423 1169 1432 1185 ι
1452 1160 1544 1194 φησὶν,
1576 1169 1585 1185 ι
1598 1160 1658 1186 ἐστὶ
1671 1161 1748 1193 Θεὸς,
1761 1161 1804 1188 διὰ
1823 1161 1904 1189 τοῦτο

1115 1205 1146 1231 σὺ
1160 1205 1226 1237 Θεὸς
1239 1205 1347 1241 ἰσχυρὸς
1361 1206 1408 1232 καὶ
1422 1207 1564 1241 κρυφαῖος.
1580 1215 1589 1232 ι
1615 1206 1719 1233 οὐκοῦν
1735 1207 1779 1234 διὰ
1800 1208 1904 1236 τούτοιν

1113 1252 1128 1278 ό
1146 1251 1195 1287 μὲν
1222 1251 1324 1287 ἀληθὴς
1347 1252 1395 1278 καὶ
1415 1252 1495 1287 μόνος
1516 1252 1592 1285 Θεὸς,
1611 1250 1650 1285 εἷς
1679 1253 1712 1280 ἂν
1736 1253 1794 1289 εἴη,
1823 1254 1904 1289 μόνος

1113 1297 1216 1333 κυρίως
1237 1297 1379 1333 τυγχάνων
1400 1299 1449 1333 τῆς
1471 1299 1672 1335 προσηγορίας”
1697 1301 1712 1326 ὁ
1731 1300 1759 1326 δὲ
1777 1300 1903 1336 δεύτερος

1115 1343 1245 1379 μετουσίᾳ
1262 1343 1310 1370 τοῦ
1334 1343 1450 1379 ἀληθοῦς
1469 1345 1519 1380 τῆς
1538 1345 1678 1376 κοινωνίας
1699 1345 1822 1380 ἠξίωται,
1841 1346 1904 1373 οὔτε

1113 1389 1151 1416 ὣν
1165 1390 1225 1417 καθ’
1239 1391 1345 1422 ἑαυτὸν,
1356 1390 1418 1418 οὔτε
1435 1391 1558 1426 ὑφεστὼς
1572 1392 1633 1428 δίχα
1651 1393 1700 1419 τοῦ
1717 1393 1903 1426 θεοποιοῦντος

1113 1436 1194 1463 αὑτὸν
1206 1437 1327 1473 Πατρὸς,
1347 1437 1403 1464 οὔτ’
1417 1437 1480 1464 ἄνευ
1494 1438 1541 1464 τοῦ
1558 1439 1666 1474 Πατρὸς
1685 1439 1903 1475 ϐεολογούμενος,

1114 1481 1171 1508 ἀλλ’
1187 1483 1247 1509 ὂλον
1268 1483 1334 1510 αὐτὸ
1355 1483 1435 1510 τοῦτο
1456 1483 1494 1510 ὢν
1512 1492 1543 1510 τε
1563 1485 1610 1511 καὶ
1627 1483 1681 1516 ζῶν
1699 1485 1746 1511 καὶ
1767 1485 1902 1520 ὑφεστὼς,

1113 1527 1158 1554 διὰ
1177 1528 1222 1554 τὸν
1241 1529 1271 1555 ὲν
1291 1528 1366 1564 αὐτῷ
1385 1529 1510 1565 Πατέρα,
1534 1529 1620 1556 συνών
1640 1538 1671 1557 τε
1693 1530 1731 1566 τῷ
1743 1531 1841 1567 Πατρὶ,
1856 1531 1904 1558 καὶ

1115 1573 1145 1606 eg
1165 1573 1258 1606 αὑτοῦ,
1280 1574 1327 1601 καὶ
1346 1574 1381 1601 δι’
1399 1575 1479 1601 αὐτὸν
1496 1575 1712 1611 Θεοποιούμενος,
1731 1577 1762 1603 τό
1781 1585 1811 1603 τε
1832 1575 1903 1604 εἶναι

1115 1618 1183 1654 ὁμοῦ
1200 1620 1247 1646 καὶ
1267 1620 1298 1646 τὸ
1309 1619 1374 1652 Θεὸς
1395 1619 1464 1647 εἷναι
1479 1621 1529 1647 οὐκ
1547 1622 1577 1654 ἐξ
1596 1622 1703 1654 ἑαυτοῦ,
1724 1623 1799 1658 παρὰ
1812 1623 1841 1649 δὲ
1854 1623 1902 1649 τοῦ

1115 1665 1221 1700 Πατρὸς
1237 1666 1370 1701 ἐσχηκώς.
1388 1666 1434 1693 Διὸ
1447 1667 1479 1703 δὴ
1498 1667 1568 1702 μετὰ
1581 1668 1627 1694 τὸν
1635 1668 1744 1704 Πατέρα
1758 1670 1839 1704 τιμᾷν
1855 1670 1902 1696 καὶ

1115 1711 1196 1738 αὑτὸν
1211 1712 1249 1744 ὡς
1265 1712 1330 1739 Θεὸν
1351 1712 1539 1749 ἐδιδάχθημεν,
1555 1714 1599 1742 διὰ
1614 1715 1658 1741 τὸν
1674 1717 1703 1743 ἑν
1721 1716 1794 1751 αὐτῷ
1811 1724 1903 1743 κατοι-

1116 1757 1214 1784 κοῦντα
1229 1758 1305 1791 θεὸν,
1322 1759 1465 1796 ὠσπεροῦν
1483 1761 1512 1787 αἱ
1534 1761 1603 1796 μετὰ
1626 1763 1720 1798 χεῖρας
1745 1763 1902 1799 περιέχουσι

1115 1806 1287 1839 προφητεῖαι.
1311 1805 1354 1838 Ὧς
1367 1806 1422 1842 γὰρ
1438 1805 1470 1832 ἂν
1487 1807 1613 1843 τιμηθείη
1626 1808 1756 1842 βασιλέως
1765 1808 1846 1835 εἰκὼν
1857 1808 1902 1835 διὰ

1114 1849 1174 1881 τὸν,
1197 1846 1226 1876 οὗ
1246 1850 1309 1882 τοὺς
1330 1851 1507 1886 χαρακτῆρας
1528 1852 1576 1878 καὶ
1597 1852 1646 1888 τὴν
1668 1853 1796 1888 ὁμοίωσιν
1822 1855 1900 1890 φέρει

1115 1895 1282 1931 (τιμωμένης
1300 1896 1327 1923 δὲ
1343 1898 1392 1932 τῆς
1405 1897 1518 1930 εἰκόνος,
1537 1899 1583 1925 καὶ
1596 1898 1642 1925 τοῦ
1659 1900 1790 1934 βασιλέως
1808 1901 1903 1933 αὐτοῦ,

1114 1939 1154 1974 εἷς
1169 1941 1202 1969 ἂν
1218 1944 1232 1969 ὁ
1244 1942 1398 1978 τιμώμενος
1411 1944 1458 1970 καὶ
1473 1944 1503 1970 οὐ
1518 1943 1564 1971 δύο
1574 1965 1580 1971 .
1595 1945 1632 1971 Οὐ
1644 1946 1698 1981 γὰρ
1711 1946 1756 1973 δύο
1770 1946 1900 1981 βασιλεῖς,

1111 1989 1127 2017 ὂ
1139 1997 1168 2015 τε
1183 1988 1290 2024 πρῶτος
1305 1989 1350 2016 καὶ
1361 1989 1473 2025 ἀληθὴς,
1490 1991 1536 2017 καὶ
1553 1992 1567 2017 ὁ
1581 1991 1627 2018 ἐπὶ
1637 1991 1687 2027 τῆς
1702 1993 1804 2025 εἰκόνος
1820 2002 1900 2020 τετυ-

1112 2035 1248 2070 πωμένος,
1261 2033 1301 2067 εἷς
1311 2036 1333 2062 δ’
1341 2037 1355 2062 ὁ
1367 2037 1425 2063 κατ’
1437 2037 1608 2073 ἀμφοτέρων,
1619 2038 1648 2064 οὐ
1658 2038 1737 2073 μόνον
1748 2039 1902 2074 νοούμενος,

1112 2082 1181 2109 ἀλλὰ
1189 2083 1237 2109 καὶ
1247 2082 1447 2118 ὀνομαζόμενος
1457 2083 1504 2109 καὶ
1513 2083 1688 2118 τιμώμενος),
1698 2084 1768 2110 οὕτω
1778 2085 1844 2120 δῆτα
1856 2085 1904 2112 καὶ

1112 2130 1126 2155 ὁ
1137 2129 1284 2164 μονογενὴς
1293 2128 1367 2160 Υἱὸς,
1381 2128 1462 2155 εἰκὼν
1474 2128 1512 2155 ὢν
1529 2130 1608 2164 μόνος
1619 2129 1665 2156 τοῦ
1677 2130 1744 2156 Θεοῦ
1759 2130 1805 2156 τοῦ
1820 2131 1904 2167 ἀορά-

1112 2183 1169 2207 του,
1188 2175 1300 2207 εξκότως
1316 2175 1360 2202 διὰ
1381 2175 1442 2207 τὸν,
1460 2170 1491 2201 οὗ
1516 2176 1593 2211 φέρει
1617 2177 1762 2211 ὁμοίωσιν,
1778 2178 1859 2204 είκών
1871 2187 1902 2204 τε

1113 2221 1295 2256 ἀνηγόρευται
1313 2221 1360 2247 τοῦ
1374 2221 1490 2256 ἀοράτου
1505 2221 1584 2253 Θεοῦ,
1607 2222 1767 2250 θεοποιεῖταί
1787 2232 1817 2249 τε
1835 2224 1902 2259 πρὸς

1076 2266 1100 2294 D
1114 2266 1195 2292 αὑτοῦ
1208 2265 1255 2292 τοῦ
1269 2266 1376 2302 Πατρός
1385 2275 1392 2281 ·
1406 2266 1477 2292 οὕτω
1496 2266 1625 2300 πεφυκὼς
1638 2267 1687 2302 τὴν
1703 2268 1804 2299 οὐσίαν,
1823 2269 1903 2295 αὑτό-

1114 2311 1160 2338 θεν
1180 2321 1210 2338 τε
1234 2312 1288 2338 ἀπὸ
1313 2312 1426 2348 πρώτης
1445 2312 1589 2349 ὑπάρξεως
1616 2314 1749 2348 φυσικὴν,
1769 2314 1826 2340 ἀλλ’
1851 2315 1903 2342 οὐκ

1114 2357 1259 2392 ἐπίκτητον
1276 2356 1325 2392 τὴν
1346 2357 1438 2383 εἰκόνα
1461 2357 1507 2383 τοῦ
1531 2357 1636 2393 Πατρὸς
1656 2358 1835 2393 ἐπαγόμενος.
1856 2359 1902 2386 Διὸ

1113 2403 1160 2429 καὶ
1177 2402 1256 2437 φύσει
1280 2402 1346 2434 Θεὸς
1370 2402 1438 2438 ὀμοῦ
1465 2402 1511 2429 καὶ
1530 2402 1675 2438 μονογενὴς
1697 2403 1759 2435 Υἱὸς
1779 2404 1816 2430 ὢν
1837 2413 1903 2440 τυγ-

1112 2448 1198 2483 χάνει,
1218 2448 1278 2483 οὐχὶ
1302 2448 1330 2474 δὲ
1356 2449 1457 2483 ὁμοίως
1479 2449 1534 2479 τοῖς
1563 2447 1661 2479 ἔξωθεν
1675 2449 1901 2484 είσποιουμένοις,

1112 2494 1332 2530 ὲπισυμὸεὸηκός
1348 2503 1378 2520 τε
1402 2495 1432 2521 τὸ
1453 2494 1560 2530 ἀξίωμα
1584 2494 1635 2529 τῆς
1658 2495 1705 2521 τοῦ
1721 2495 1788 2522 Θεοῦ
1816 2505 1902 2532 προσ-

1111 2540 1227 2576 ηγορίας
1237 2540 1372 2576 ἐπέχουσι.
1387 2540 1460 2576 Πλὴν
1473 2541 1498 2567 εἰ
1514 2541 1561 2567 καὶ
1576 2541 1655 2575 φύσει
1671 2542 1817 2578 μονογενὴς
1835 2542 1901 2575 Υἱὸς

1113 2588 1161 2614 καὶ
1182 2587 1247 2618 Θεὸς
1269 2586 1348 2623 ἡμῶν
1371 2587 1584 2622 ἀνευφημεῖται,
1604 2587 1671 2614 ἀλλὰ
1688 2588 1737 2622 οὐχ
1753 2588 1768 2613 ὁ
1792 2588 1901 2623 πρῶτος

1113 2631 1188 2664 Θεὸς,
1202 2632 1310 2667 πρῶτος
1328 2632 1357 2659 δὲ
1372 2630 1419 2658 τοῦ
1437 2631 1504 2658 Θεοῦ
1531 2632 1677 2668 μονογενὴς
1700 2632 1773 2666 Υἱὸς,
1787 2632 1836 2660 καὶ⁸
1857 2633 1902 2660 διά

1113 2678 1192 2704 τοῦτο
1207 2678 1279 2709 Θεός.
1298 2679 1353 2705 Καὶ
1366 2678 1426 2705 ὅλον
1440 2687 1472 2713 γε
1489 2678 1568 2705 τοῦτο
1578 2679 1664 2705 αῐτιον
1678 2678 1711 2705 ἂν
1726 2678 1769 2714 εἴη
1786 2679 1833 2706 τοῦ
1854 2680 1901 2707 καὶ

1113 2723 1193 2750 αὐτὸν
1222 2722 1291 2750 εἶναι
1313 2724 1396 2757 Θεὸν,
1423 2724 1454 2750 τὸ
1475 2725 1554 2760 μόνον
1575 2723 1643 2752 εἶναι
1670 2725 1749 2760 φύσει
1766 2725 1812 2752 τοῦ
1831 2725 1900 2752 Θεοῦ

1113 2768 1191 2801 Υἰὸν,
1209 2769 1256 2796 καὶ
1282 2770 1412 2805 μονογενῆ
1433 2769 1633 2806 χρηματίζειν,
1658 2772 1706 2799 καὶ
1727 2771 1757 2798 τὸ
1783 2772 1817 2798 δι’
1838 2771 1900 2800 ὅλου

1087 2852 1099 2857 _
1115 2814 1210 2847 σώζειν
1223 2815 1269 2842 τοῦ
1282 2816 1361 2851 μόνου
1373 2816 1440 2843 Θεοῦ
1452 2817 1502 2852 τὴν
1516 2816 1636 2852 ἔμψυχον
1645 2818 1692 2844 καὶ
1703 2817 1793 2851 ζῶσαν
1804 2818 1902 2854 νοερὰν
