2084 3216
210 166 267 195 573

670 168 998 198 DEMONSTRATIONIS
1017 168 1245 198 EVANGELICIE
1265 168 1328 196 LIB.
1354 168 1386 197 ν.

1783 170 1835 200 571

208 223 313 256 εικόνι,
330 225 401 252 κατὰ
417 224 504 251 πάντα
521 224 559 260 τῷ
572 226 661 262 Harp};
678 226 914 262 παρωμοιωμένην
924 247 932 259 ,
952 235 984 253 κα

1051 225 1103 253 hoc
1118 232 1183 253 sane
1202 232 1285 252 causa
1307 225 1379 257 erit,
1406 231 1455 251 cur
1476 224 1534 260 ipse
1549 232 1658 260 quoque
1679 225 1715 252 sit
1742 224 1833 258 Deus.

207 268 259 303 τῆς
278 269 403 306 θεότητόος
425 279 455 298 τε
471 271 555 306 αὐτῆς
576 271 625 307 τὴν
643 272 770 307 ὁμοίωσιν
787 272 996 308 ἐπιφερομένην.

207 313 305 352 Ταύτῃ
315 315 459 351 τοιγαροῦν
475 317 521 343 καὶ
533 316 624 349 αὑτὸν,
637 316 710 344 ὼσὰν
725 317 805 353 μόνον
818 317 881 344 Υιὸν
895 317 942 344 καὶ
951 317 999 353 μό-

210 369 255 387 νον
274 361 367 389 εἰκόνα
390 361 454 388 ὄντα
481 361 527 389 τοῦ
552 362 636 395 Θεοῦ,
653 363 701 389 καὶ
715 363 766 398 τῆς
779 363 927 399 ἀγεννήτου
952 363 998 390 καὶ

210 407 330 442 ἁνάρχου
354 406 400 433 τοῦ
416 407 524 443 Πατρὸς
543 408 636 439 οὐσίας
657 408 706 440 τὰς
732 408 859 443 δυνάμεις
876 408 945 435 κατὰ
967 408 997 435 τὸ

210 452 384 487 παράδειγμα
400 453 449 487 τῆς
464 452 620 487 ὁμοιώσεως
636 454 876 490 περιϐεϐλημένον,
896 455 948 481 ὑπό
967 463 996 481 τε

208 497 255 523 τοῦ
272 498 380 524 πάντων
401 498 598 532 τεχνικωτὰτου
621 500 667 525 καὶ
687 501 922 536 πανεπιστήμονος
942 501 996 533 ζω-

207 543 314 578 γράφου
329 551 359 569 τε
382 543 429 569 καὶ
445 543 576 575 ζωοποιοῦ
592 545 699 580 Πατρὸς
715 546 754 577 εἰς
775 546 804 572 τὸ
828 546 868 572 ἔτι
885 547 995 582 ἀκριϐὲς

206 588 257 623 τῆς
273 588 429 624 ὁμοιώσεως
440 591 668 626 ἀπειργασμένον,
683 592 749 618 Θεὸν
766 593 877 625 εἰκότως
888 594 912 619 οἱ
929 594 994 620 θεῖοι

205 634 400 670 ἀναγορεύουσι
420 636 504 670 λόγοι,
518 636 556 668 ὡς
577 638 623 663 καὶ
638 637 740 672 ταύτης
757 639 825 673 μετὰ
841 639 894 666 τῶν
908 640 995 666 ἄλλων

205 680 281 716 παρὰ
297 681 344 707 τοῦ
361 682 467 717 Πατρὸς
484 682 634 718 ἠξιωμένον
652 685 847 720 προσηγορίας,
865 686 994 721 εἰληφότα

203 734 244 758 τε,
258 726 315 754 ἀλλ’
325 728 376 754 οὐκ
391 728 538 763 ἰδιόκτητον
560 729 644 764 αὐτὴν
659 730 804 766 ἐσχηκότα.
824 731 852 757 Ὁ
873 732 922 766 μὲν
939 732 993 769 γὰρ

202 772 319 804 δίδωσιν,
335 774 349 800 ὁ
363 773 391 800 δὲ
406 773 554 809 λαμῧάνει·
567 773 638 801 ὥστε
654 776 756 811 κυρίως
772 777 818 803 καὶ
829 776 876 803 ἕνα
890 779 993 805 ἐκεῖνον

201 817 272 847 εἴναι
287 820 363 853 Θεὸν,
390 821 436 847 καὶ
454 820 532 856 μόνον
550 821 598 856 μὲν
614 821 660 847 καὶ¹
682 821 760 856 φύσει
784 822 864 854 οντα,
887 824 933 849 καὶ¹
954 825 991 859 μὴ

202 865 268 900 παρ’
285 865 379 901 ἐτέρου
397 865 514 892 λαϐόντα
525 873 531 880 ⁸
551 865 596 892 τὸν
612 866 641 892 δὲ
657 867 710 892 τῶν
729 867 887 903 δευτερείων
908 867 991 902 ἠξιῶ-

1049 271 1210 307 quod'solus
1226 271 1372 299 sitmatura
1386 270 1432 298 Dei
1447 269 1549 303 Filius,
1566 274 1593 298 et
1613 270 1771 305 unigenitus
1787 278 1836 306 ap-

1049 317 1173 352 pelletur,
1189 321 1217 345 et
1230 317 1512 352 quodusquequaque
1522 320 1666 344 conservet
1681 316 1742 351 ejus
1752 336 1759 348 ,
1787 317 1835 352 qui

1049 362 1124 389 solus
1139 365 1181 389 est
1192 360 1274 393 Deus,
1293 360 1439 387 animatam
1451 363 1479 387 et
1496 359 1586 387 vivam
1598 364 1625 387 et
1638 358 1833 395 intelligentiam

1048 406 1204 441 imaginem,
1216 410 1243 433 et
1254 406 1281 432 in
1294 405 1422 432 omnibus
1433 404 1485 440 ipsi
1497 403 1572 430 Patri
1589 404 1767 432 assimilatam
1778 424 1785 436 ,
1807 408 1834 431 et

1047 460 1106 480 eam
1123 460 1183 487 quze
1198 452 1245 480 Dei
1270 452 1356 487 ipsius
1378 451 1540 479 substantia
1555 450 1761 478 similitudinem
1778 457 1834 485 pra:

1047 506 1077 526 se
1093 499 1170 526 ferat.
1182 498 1238 525 Hac
1248 506 1312 533 ergo
1327 498 1359 525 de
1373 504 1455 525 causa
1469 497 1557 532 ipsum
1573 504 1690 531 quoque,
1702 500 1833 529 tanquam

1046 553 1108 573 eum
1124 546 1170 580 qui
1187 545 1261 573 solus
1278 544 1374 576 Filius,
1390 550 1416 571 et
1429 544 1504 571 solus
1519 542 1567 570 Dei
1584 543 1674 577 imago
1685 542 1732 574 sit,
1748 545 1775 569 et
1788 542 1832 569 in-

1046 591 1129 626 geniti
1146 598 1178 617 ac
1194 590 1327 626 principio
1342 590 1461 616 carentis
1475 588 1564 616 Patris
1584 588 1711 616 essentiae
1721 608 1728 621 ,
1744 588 1832 615 virtu-

1035 641 1086 670 _tes
1099 637 1249 665 secundum
1264 637 1417 671 exemplum
1433 634 1641 663 assimilationis
1658 634 1770 662 indutus
1780 654 1787 666 ,
1805 637 1833 661 et

1045 684 1079 711 ab
1107 684 1246 711 hominum
1268 682 1498 710 artiﬁciosissimo
1515 685 1542 708 et
1565 680 1749 708 scientissime
1769 680 1833 707 vitae

1044 730 1217 765 designatore
1238 733 1265 757 et
1279 733 1390 756 auctore
1406 727 1502 759 Patre,
1530 726 1563 753 ad
1588 725 1719 753 amussim
1743 727 1770 752 et
1796 723 1831 750 ad

1043 781 1145 803 certam
1170 775 1389 810 exquisitamque
1417 773 1643 801 assiuiilationem
1671 779 1830 806 expressus.

1043 821 1128 850 Deum
1140 822 1237 849 merito
1252 821 1344 849 divina
1355 820 1490 856 appellant
1504 818 1614 846 oracula
1625 837 1633 850 ,
1654 821 1684 844 ut
1699 824 1752 844 una
1768 824 1830 844 cum

1043 868 1149 895 ceteris
1164 868 1197 895 ad
1211 867 1280 895 hanc
1299 874 1407 902 quoque
1422 864 1613 901 appellationis
1629 863 1800 899 dignitatem,
1815 870 1830 888 a

200 909 275 942 σθαι,
294 910 340 937 καὶ
360 910 390 936 τὸ
414 910 480 937 Θεὸν
502 908 570 937 εἶναι
585 910 700 938 λαϐόντα
723 912 798 947 παρὰ
818 912 865 939 τοῦ
884 913 984 949 Πατρός

1043 914 1122 942 Patre
1137 919 1280 950 provectus
1302 914 1347 945 εἰι,
1358 920 1473 948 eamque
1494 911 1629 946 acceperit
1641 930 1649 942 .
1671 917 1725 937 non
1740 914 1830 936 autem

200 954 284 991 ἔχειν,
303 955 377 983 ὡσὰν
398 957 491 983 εἰκόνα
505 956 552 983 τοῦ
566 956 644 989 Θεοῦ,
663 958 728 992 μιᾶς
741 959 784 984 ἐπ’
802 959 904 993 ἀμφοῖν
918 960 990 986 κατὰ

197 1000 230 1027 τὸ
252 1001 427 1037 παρῶειγμα
443 1002 492 1037 τῆς
510 1002 635 1037 θεότητος
651 1003 859 1039 ὲπινοουμὲνης,
877 1004 936 1036 ἑνός
957 1014 988 1031 τε

197 1045 275 1078 θντος
292 1046 358 1074 Θεοῦ
372 1047 419 1073 τοῦ
440 1047 501 1074 καθ’
516 1048 610 1074 ἑαυτὸν
627 1048 752 1083 ἀνάρχως
766 1049 813 1075 καὶ
833 1050 988 1086 ἀγεννήτως

196 1090 284 1124 ὄντος,
296 1092 339 1119 διὰ
349 1093 377 1119 δὲ
386 1093 433 1119 τοῦ
447 1093 522 1126 Υἱοῠ,
539 1093 613 1120 ὠσὰν
626 1094 659 1120 δι’
668 1095 799 1130 ἐσόπτρου
814 1096 860 1122 καὶ
872 1097 985 1129 εἰκόνος,

197 1137 444 1174 ἐπιθεωρουμένου.
462 1139 547 1166 Τοῦτό
558 1149 598 1166 τοι
616 1140 664 1166 καὶ
679 1140 709 1166 τὸ
723 1141 906 1176 πνευματικὸν
922 1152 985 1169 παι-

193 1183 269 1211 δεύει
293 1185 392 1220 λόγιον,
410 1186 460 1212 οὐκ
480 1186 566 1218 ἄλλως
580 1187 683 1222 φάσκον
700 1188 765 1214 Θεὸν
780 1186 848 1215 εἶναι
868 1198 985 1224 προσκυ-

195 1230 276 1265 νητὸν
286 1231 332 1258 τὸν
344 1231 516 1268 δηλούμενον,
532 1233 589 1259 ἀλλ’
605 1234 621 1269 ἢ
635 1233 679 1260 διὰ
689 1233 733 1260 τὸν
746 1234 900 1261 ἐνοικοῦντα
912 1235 985 1272 αὑτῷ

195 1277 317 1313 Πατέρω
333 1287 341 1304 ι
357 1279 400 1305 Ἐν
421 1280 462 1305 σοὶ
483 1289 492 1305 ›
512 1279 576 1315 γὰρ,
596 1280 673 1315 φησὶ,
691 1289 701 1306 ‹
719 1280 928 1316 προσεύξονται’
943 1283 983 1309 ὃτι

191 1323 223 1350 ἐν
244 1324 286 1350 σοὶ
298 1326 312 1351 ό
327 1324 394 1357 Θεός
413 1326 482 1352 ἔστι.
498 1335 508 1352 ι
518 1326 574 1353 Καὶ
592 1326 624 1353 σὺ
637 1326 665 1353 δὲ
678 1327 768 1359 αὐτὸς,
784 1327 850 1360 Θεὸς
865 1327 914 1361 ὢν,
928 1329 982 1355 Σω-

191 1368 246 1404 τὴρ
261 1369 308 1396 τοῦ
335 1370 443 1406 Ἰσραὴλ
465 1372 626 1407 τυγχάνεις·
645 1373 692 1399 καὶ
713 1373 756 1399 διὰ
772 1373 850 1400 τοῦτο
875 1374 984 1409 ἰσχυρὸς

191 1415 242 1445 καὶ
258 1418 391 1451 κρυφαῖος
406 1416 474 1449 Θεὸς
495 1416 529 1444 εἷ’
545 1428 554 1444 ι
569 1419 630 1445 ἐπεὶ
648 1420 676 1445 ὲν
692 1420 733 1446 σο)⁴
747 1420 760 1445 ὁ
776 1420 852 1452 Θεὸς,
872 1421 918 1446 καὶ
933 1421 983 1447 οὐκ

192 1461 267 1488 ἐστιν
286 1461 326 1488 ἐτι
343 1462 412 1498 πλὴν
436 1463 530 1490 αὐτοῦ.
551 1473 559 1490 ι
584 1465 656 1491 Ἀντὶ
669 1464 698 1491 δὲ
719 1465 783 1499 τοῦ,
807 1475 815 1491 ι
837 1465 989 1493 ἐκοπίασεν,

191 1507 348 1541 Αἴγυπτος,
369 1518 378 1534 ι
400 1508 431 1534 τὸ
456 1508 615 1544 Ἐϐραῖκὸν,
645 1511 691 1537 καὶ
716 1511 740 1536 οἱ
764 1511 853 1537 λοιποὶ
882 1512 982 1543 πάντες

191 1554 370 1588 ἑρμηνευταὶ,
394 1563 403 1579 ι
417 1554 501 1586 κόπος
517 1555 665 1589 Αἰγύπτου,
678 1566 687 1582 ›
705 1556 884 1584 ὲκδεδὼκασιν
894 1577 901 1589 ,
916 1558 949 1583 ἵν’

189 1598 222 1631 τὸ
238 1599 384 1635 λεγόμενον
404 1600 537 1627 τοιοῦτον-
554 1611 563 1627 ι
574 1602 618 1628 Σοὶ
636 1603 865 1638 προσκυνήσουσι,
881 1604 928 1630 καὶ
940 1604 982 1630 σοὶ

189 1646 298 1673 Εσονται
314 1646 420 1678 δοῦλοι,
440 1648 454 1674 ό
469 1648 553 1680 κόπος
575 1648 730 1683 Αἰγύπτου,
747 1650 792 1676 καὶ¹
817 1651 833 1685 ἡ
863 1650 982 1686 ἐμπορία

189 1691 338 1725 Αἰθιόπων,
354 1693 401 1719 καὶ
413 1694 437 1719 οἱ
455 1693 595 1729 Σεϐωείμ·
610 1705 619 1719 ι
637 1694 670 1721 δι’
681 1690 718 1722 ὧν
733 1694 858 1731 βάρϐαρα
868 1716 875 1728 ,
893 1694 980 1731 οἶμαι,

190 1737 238 1763 καὶ
253 1737 349 1773 ἄσημα
366 1746 426 1764 τινα
439 1738 502 1775 ἔθνη
515 1739 676 1775 δηλοῦσθαι,
691 1741 737 1766 καὶ
758 1741 846 1767 πάντα
861 1741 911 1767 ὅσα
929 1741 979 1776 ἤδη

189 1781 275 1810 πάλαι
298 1784 430 1820 πρότερον
452 1785 486 1820 τῇ
513 1784 656 1820 δαιμονικῇ
678 1785 830 1821 τετρύχωτο
854 1785 980 1812 δεισιδαι-

188 1829 281 1864 μονίᾳ.
303 1829 413 1865 Ἐπειδὴ
432 1830 486 1865 γὰρ
506 1830 650 1865 Αἰγύπτιοι
672 1831 780 1858 ἐδόκουν
802 1832 910 1859 πάντων
925 1831 980 1858 τῶν

187 1874 274 1901 ἐθνῶν
289 1875 562 1911 δεισιδαιμονέστατοι
578 1876 720 1911 τυγχάνειν
731 1896 738 1908 ,
755 1876 856 1912 πρῶτοί
868 1885 897 1904 τε
912 1886 978 1903 κατ-

187 1919 271 1963 ᾴρξαι
298 1922 348 1956 τῆς
370 1921 564 1956 εἰδωλολάτρου
581 1922 695 1958 πλάνης,
720 1922 831 1954 εἰκότως
855 1922 978 1958 πρώτους

187 1967 288 1998 αὐτοὺς
311 1966 418 2003 τίθησιν
445 1967 700 2003 ὑποταγησομένους
723 1968 761 2003 τῷ
786 1969 909 2004 Χριστῷ’
931 1969 978 1996 καὶ

183 2007 220 2039 δι’
237 2011 328 2039 αὐτῶν
353 2013 400 2039 καὶ
426 2013 459 2040 τὰ
488 2014 552 2050 περὶ
578 2014 631 2040 τῶν
653 2014 753 2041 λοιπῶν
777 2014 977 2050 εἰδωλολατρῶν

185 2056 293 2092 φανερὰ
309 2057 470 2084 καθιστᾶσα.
487 2059 541 2085 Καὶ
556 2058 644 2085 ταῦτα
668 2058 844 2094 πεπλήρωται
867 2060 913 2086 ἐπὶ
929 2060 975 2086 τοῦ

184 2102 313 2138 Σωτῆρος
328 2103 375 2130 καὶ
386 2103 489 2139 Κυρίου
501 2105 589 2139 ήμῶν,
600 2104 638 2139 τῷ
650 2105 679 2130 ὲν
695 2106 776 2132 πᾶσιν
788 2104 876 2132 ἔθνεσι
893 2113 976 2141 προσ-

184 2147 326 2175 κυκλεῖσθαι
341 2149 389 2175 καὶ
407 2149 542 2176 δουλεύειν
557 2149 631 2184 αὐτῷ
650 2150 734 2185 μυρία
748 2150 836 2185 πλήθη
850 2149 904 2176 τῶν
923 2150 975 2177 ἀνὰ

184 2192 236 2229 τὴν
251 2193 414 2230 οἰκουμένην
439 2193 535 2222 ἐθνῶν.
562 2194 693 2226 Αἰθίοπας
717 2194 745 2221 δὲ
766 2196 812 2222 καὶ
835 2195 973 2231 Σεϐωεὶμ,

996 1582 1018 1613 C

1039 969 1073 988 ex
1088 960 1200 996 proprio
1214 960 1277 995 jure
1293 959 1485 995 possidendam
1500 956 1636 984 habuerit.
1650 955 1774 990 Namque
1785 955 1831 981 ille

1039 1006 1147 1042 quidem
1165 1005 1222 1039 dat,
1238 1005 1282 1032 hic
1295 1012 1360 1032 vero
1375 1003 1490 1039 accipit;
1507 1003 1600 1038 itaque
1617 1009 1668 1030 suo
1682 1001 1745 1036 jure
1756 1007 1830 1027 unus

1039 1051 1084 1078 ille
1095 1054 1137 1078 est
1148 1049 1285 1084 Deus,qui
1301 1057 1354 1076 non
1370 1048 1404 1075 ab
1416 1047 1501 1074 altero
1517 1046 1631 1081 accepit.
1646 1045 1696 1072 llic
1711 1048 1802 1072 autem
1813 1051 1829 1071 a

1038 1093 1118 1120 Patre
1126 1093 1207 1120 habet
1220 1096 1249 1119 ut
1259 1092 1331 1120 Deus
1341 1092 1387 1124 sit,
1397 1095 1527 1125 tanquam
1541 1090 1586 1117 Dei
1599 1090 1690 1125 imago
1703 1099 1709 1117 :
1723 1092 1826 1124 utpote,

1038 1146 1099 1167 cum
1114 1147 1167 1166 una
1181 1139 1209 1166 in
1225 1138 1368 1169 ambobus,
1383 1137 1460 1172 juxta
1468 1136 1632 1171 exemplum,
1647 1135 1828 1163 divinitusin-

1037 1185 1186 1221 telligatur,
1195 1189 1221 1212 et
1228 1192 1300 1211 unus
1309 1184 1344 1211 sit
1350 1183 1433 1215 Deus,
1440 1182 1486 1218 qui
1495 1189 1542 1217 per
1552 1182 1671 1216 seipsum
1682 1181 1741 1209 sine
1749 1180 1826 1216 prin—

1036 1231 1154 1266 cipio,et
1172 1231 1230 1258 sine
1244 1230 1417 1266 generatione
1426 1229 1525 1256 existat
1539 1238 1545 1255 ε
1563 1227 1714 1263 perFilium
1722 1231 1824 1258 autem,

1035 1281 1164 1313 tanquam
1171 1276 1362 1312 perspeculum
1369 1280 1395 1302 et
1403 1275 1559 1310 imaginem,
1567 1273 1826 1302 consideretur.Hoc

1036 1327 1088 1355 est,
1103 1324 1218 1356 scilicet,
1236 1322 1307 1357 quod
1323 1321 1466 1356 spirituale
1480 1320 1559 1348 docet
1579 1319 1734 1351 oraculum,
1751 1319 1823 1353 quod

1035 1376 1090 1396 non
1105 1368 1171 1395 alias
1183 1368 1249 1394 dicit
1262 1375 1335 1399 cum,
1350 1366 1384 1393 de
1399 1374 1453 1401 quo
1468 1373 1558 1393 sermo
1575 1370 1635 1396 est,
1662 1364 1747 1391 Deum
1761 1372 1824 1391 esse

1035 1415 1203 1442 adorandum
1216 1434 1223 1446 ,
1243 1417 1354 1449 propter
1368 1413 1565 1440 inhabitantem
1580 1412 1606 1438 in
1624 1412 1683 1446 ipso
1700 1410 1820 1439 Patrem.

1037 1470 1047 1486 ‹
1059 1460 1087 1487 1η
1103 1464 1128 1488 te
1141 1469 1150 1485 ι
1161 1460 1244 1492 enim,
1258 1459 1371 1494 inquit,¢
1383 1458 1501 1485 orabunt
1512 1467 1519 1485 :
1532 1457 1660 1492 quoniam
1669 1457 1696 1484 in
1707 1460 1733 1483 te
1751 1456 1823 1483 Deus

1034 1511 1085 1534 est.
1107 1515 1116 1532 ι
1135 1505 1188 1533 Sed
1204 1511 1233 1532 tu
1250 1512 1358 1540 quoque
1373 1504 1431 1539 ipse
1447 1511 1509 1531 cum
1526 1503 1597 1531 Deus
1612 1503 1649 1531 sis
1661 1523 1668 1535 ,
1697 1502 1822 1529 Salvator

1034 1551 1116 1579 lsrael
1130 1551 1252 1579 exsistis.
1279 1550 1398 1578 Proinde
1416 1550 1495 1578 fortis
1514 1553 1541 1577 et
1557 1548 1735 1577 absconditus
1749 1547 1822 1575 Deus

1033 1606 1063 1625 es
1077 1607 1083 1625 :
1103 1606 1113 1623 ι
1131 1597 1260 1632 quoniam
1281 1596 1308 1624 in
1324 1600 1350 1623 te
1363 1595 1445 1628 Deus,
1458 1600 1484 1623 et
1499 1603 1554 1622 non
1566 1599 1608 1622 est
1619 1593 1736 1628 amplius
1753 1600 1822 1628 pra:-

1033 1648 1074 1671 ter
1092 1644 1191 1678 ipsum.
1211 1653 1220 1669 ι
1238 1643 1320 1678 228
1334 1642 1387 1670 Pro
1401 1650 1434 1670 eo
1448 1649 1513 1669 vero
1526 1641 1598 1676 quod
1612 1644 1664 1671 est,
1683 1648 1692 1665 ι
1711 1639 1822 1666 labora-

1033 1689 1071 1716 vit
1086 1688 1230 1724 Egyptus,
1253 1698 1261 1714 ι
1282 1687 1443 1715 Hebraicum
1461 1686 1554 1719 habet,
1573 1691 1599 1713 et
1614 1685 1713 1720 reliqui
1723 1692 1820 1711 omnes

1033 1735 1195 1769 interpretes
1210 1734 1405 1765 reddiderunt,
1432 1742 1441 1758 ι
1461 1732 1538 1759 labor
1551 1731 1679 1767 (Egypti,
1707 1740 1717 1756 ι
1744 1734 1773 1756 ut
1793 1730 1820 1756 id

1031 1782 1103 1816 quod
1119 1781 1219 1808 dicitur
1235 1780 1287 1808 tale
1302 1780 1337 1808 sit
1351 1789 1357 1807 :
1377 1788 1386 1804 ι
1406 1778 1445 1806 Te
1457 1778 1619 1810 adorabunt,
1639 1781 1666 1804 et
1684 1777 1722 1804 tui
1738 1780 1818 1804 erunt

1032 1827 1114 1858 servi,
1129 1827 1206 1854 labor
1223 1825 1330 1861 Egypti
1342 1845 1350 1857 ,
1374 1828 1401 1853 et
1421 1824 1570 1860 negotiatio
1589 1822 1766 1857 Ethiopum,
1791 1825 1819 1848 et

1031 1873 1140 1902 Seboim
1156 1883 1162 1900 :
1183 1883 1192 1899 ι
1212 1873 1312 1908 quibus
1328 1872 1418 1899 verbis
1434 1871 1565 1899 barbaras
1591 1877 1641 1905 ego
1656 1869 1774 1896 arbitror
1790 1872 1818 1895 et

1030 1920 1137 1955 ignotas
1169 1918 1301 1954 quasdam
1338 1919 1464 1945 nationes
1488 1916 1654 1952 signiﬁcari,
1677 1920 1704 1943 et
1723 1923 1818 1942 omnes

1029 1973 1208 2001 quzecumque
1219 1969 1298 1992 antea
1311 1964 1447 1999 quondam
1462 1963 1609 1990 daemonica
1622 1962 1816 1997 superstitione

1029 2012 1208 2040 vexabantur.
1224 2010 1293 2037 Nam
1307 2014 1449 2045 propterea
1461 2008 1533 2043 quod
1551 2007 1670 2043 [Egyptii
1686 2007 1737 2034 visi
1750 2010 1815 2034 sunt

1028 2058 1148 2085 omnium
1164 2057 1307 2084 nationum
1328 2054 1593 2091 superstitiosissimi
1617 2061 1693 2084 esse,
1717 2053 1813 2087 primi—

1027 2112 1080 2142 que
1092 2104 1190 2135 errori,
1204 2111 1258 2138 quo
1277 2103 1423 2130 simulacra
1436 2101 1606 2132 colerentur,
1631 2102 1724 2134 portas
1751 2105 1814 2133 ape-

1026 2150 1135 2178 ruisse:
1154 2150 1252 2177 merito
1275 2156 1322 2176 eos
1344 2149 1446 2183 primos
1462 2147 1598 2177 collocat,
1625 2145 1671 2180 qui
1703 2144 1814 2171 Christo

1027 2197 1082 2225 sint
1099 2195 1261 2230 subjiciendi
1277 2204 1282 2222 :
1306 2194 1403 2222 deinde
1419 2201 1466 2229 pcr
1482 2200 1530 2220 eos
1543 2212 1550 2224 ,
1567 2199 1628 2227 qua:
1641 2191 1674 2217 ad
1692 2189 1814 2224 reliquos

183 2240 249 2270 σοὺς
269 2239 386 2266 ἐνταῦθα
401 2241 598 2276 προσκυνήσειν
613 2240 651 2275 τῷ
678 2241 788 2277 Χριστῷ
805 2250 974 2276 προφητευο-

1036 2242 1237 2269 ίίιηυιιιεῐοτιιῐη
1255 2241 1373 2268 cultores
1390 2240 1542 2274 pertinent,
1564 2242 1594 2265 ut
1623 2241 1714 2271 aperta
1738 2236 1814 2266 sint.

185 2283 294 2320 μένους,
311 2285 357 2311 καὶ
378 2285 421 2311 διὰ
435 2285 480 2311 τοῦ
501 2288 540 2311 oa.’
557 2284 664 2320 ψαλμοῦ
680 2285 799 2321 ἡγοῦμαι
818 2285 972 2321 δηλοῦσθαι,

182 2331 218 2358 δι’
229 2327 267 2357 ὧν
286 2331 406 2367 εἴρηται·
423 2340 432 2357 ι
453 2331 582 2358 Ἐνὼπιον
598 2331 680 2358 αὑτοῦ
699 2331 913 2367 προσπεσοῦνται
929 2334 975 2359 Αἰ-

183 2375 288 2409 θίοπες,
309 2377 356 2404 καὶ
370 2377 488 2412 βασιλεῖς
506 2377 639 2412 Ἀράϐων,
656 2378 702 2404 καὶ
715 2378 788 2404 Σαϐὰ
802 2377 875 2413 δῶρα
890 2387 972 2414 προσ-

182 2422 293 2456 άξουσι·
312 2424 358 2450 καὶ
385 2424 617 2460 προσκυνήσουσιν
635 2423 719 2458 αύτῷ.
740 2433 750 2450 ›
769 2424 851 2459 Δῆλον
873 2425 904 2451 ἐκ
923 2426 971 2460 τῆς

182 2470 378 2506 συμφράσεως,
390 2471 430 2497 ὅτι
447 2470 487 2505 τῷ
501 2471 530 2496 ἐν
541 2470 653 2501 ἐκείνοις
666 2471 894 2507 προφητευομένῳ
906 2472 976 2507 Χριο

181 2514 241 2551 στῷ
257 2517 500 2552 προσκυνήσουσιν.

1028 2288 1119 2316 cilicii.
1136 2288 1169 2314 Et
1185 2288 1242 2314 haec
1256 2287 1365 2321 quidem
1382 2287 1409 2313 in
1429 2286 1569 2312 Salvatore
1584 2292 1616 2311 ac
1632 2283 1748 2310 Domino
1763 2289 1813 2308 no-

1029 2339 1086 2362 stro
1097 2337 1284 2368 exspectatum
1296 2333 1399 2361 exitum
1417 2335 1495 2359 nacta
1513 2334 1586 2358 sunt.
1604 2329 1664 2356 lam
1681 2328 1754 2355 enim
1770 2327 1812 2353 in.-

1028 2378 1222 2410 numerabiles,
1238 2377 1394 2412 perorbcm
1416 2381 1563 2407 terrarum,
1583 2375 1725 2402 nationum
1746 2380 1812 2399 con<

1025 2432 1138 2459 ventus,
1158 2427 1184 2453 in
1200 2426 1327 2453 omnibus
1343 2425 1470 2460 gentibus
1486 2424 1561 2450 illum
1584 2422 1698 2449 adorant
1719 2420 1813 2453 illique

1026 2472 1156 2500 serviunt.
1173 2471 1317 2506 Aﬂthiopas
1344 2478 1408 2498 vero
1429 2477 1461 2496 ac
1482 2469 1590 2496 Seboim
1606 2475 1653 2495 eos
1667 2487 1673 2498 .
1699 2467 1744 2501 qui
1767 2466 1812 2492 hic

1026 2517 1165 2545 adoraturi
1180 2516 1319 2555 Christan
1338 2519 1473 2544 canuntur
1484 2535 1490 2546 ,
1510 2522 1572 2541 Lxxl
1585 2520 1693 2548 quoquc
1706 2510 1810 2546 psalmo

181 2561 332 2596 signiﬁcari
354 2567 430 2598 puto,
452 2563 497 2590 ubi
519 2563 623 2591 dictum
638 2568 705 2592 est:
730 2574 739 2590 ι
759 2564 856 2591 Coram
881 2564 927 2591 illo
951 2565 1093 2599 procident
1112 2564 1268 2600 Ethiopes,
1296 2567 1322 2591 et
1340 2571 1417 2598 rcges
1439 2562 1574 2592 Arabum,
1595 2564 1622 2588 ct
1642 2558 1712 2586 Saba
1739 2557 1810 2584 dona

180 2605 319 2635 adducent
334 2618 340 2635 :
358 2614 388 2636 et
399 2609 552 2637 adorabunt
566 2619 628 2638 eum
645 2611 676 2637 ³⁸.
697 2620 707 2636 ι
723 2610 836 2638 Constat
848 2618 912 2638 vero
932 2619 966 2638 ex
991 2611 1052 2646 ipso
1072 2614 1211 2644 contextu,
1228 2610 1366 2639 Christum
1388 2617 1448 2638 esse
1473 2608 1635 2636 adoraturos
1657 2612 1718 2633 eum
1731 2625 1738 2636 ,
1762 2603 1809 2639 qui

179 2652 210 2679 in
227 2652 281 2680 illis
301 2662 420 2690 quoque,
439 2660 467 2683 ut
483 2660 615 2684 venturus
630 2657 738 2685 canitur
752 2665 767 2684 a
781 2656 929 2692 prophetis.

217 2795 239 2812 ³⁸
255 2795 327 2825 Psal.
342 2805 415 2830 tut,
430 2798 462 2824 i0
