2084 3216
243 115 295 160 573

550 187 665 215 CAPUT
689 188 718 215 V.

575 130 709 158 EUSEBll
728 129 966 159 Ca-ESABIENSIS
977 129 1053 157 OPP.
1068 128 1158 157 PARS
1176 127 1209 155 lt.
1226 142 1262 147 —
1280 126 1530 154 APOLOGETICA.

1813 128 1867 156 570

1347 184 1543 211 ΚΕΦΑΛΑΙΟΝ
1562 185 1599 212 Ε¹.

244 247 267 276 Δ
287 248 390 281 psalmo
406 253 492 274 xxxn.
511 261 547 266 —
567 245 644 278 Quod
671 245 717 272 Dei
736 245 848 281 Verbum
875 253 952 272 suam
981 243 1030 270 lm-

1224 224 1284 276 λβ).
1306 259 1341 263 -
1362 243 1408 281 ης
1418 242 1509 281 -Θεοᾷ
1532 241 1778 281 Λόγυνρὺσιώᾷη
1803 242 1867 281 κεῖς’

279 280 340 309 ben:
357 285 498 309 essentiam
522 281 601 315 jussu
616 281 722 313 Patris,
742 280 826 307 David
844 288 914 314 α’(ιιιε
931 287 1030 315 acino:

279 318 397 352 opificem
419 313 533 344 universi
552 317 641 352 novit;
657 323 682 342 et
703 315 771 350 quod
798 313 877 342 idem'
895 315 943 352 Dei
968 313 1031 341 Ver-

279 353 358 384 bum,
379 353 447 380 idem
464 352 589 386 propheta
606 351 640 378 ad
660 352 794 377 hominum
818 351 946 377 medelam
975 357 1032 376 esse

280 389 389 415 missum
402 397 417 414 a
431 389 511 414 Patre
526 388 683 421 testiﬁcatur
695 395 704 416 ;
718 391 743 412 et
757 385 825 421 quod
840 386 908 411 brevi
919 390 1031 421 tempore

283 423 430 450 universam
447 428 544 449 terram
559 431 608 449 sua
626 421 746 448 doctrina
763 420 935 455 impleturum
949 420 1032 445 canit.

286 553 295 568 ι
315 542 406 570 Verbo
435 542 539 569 Domini
564 543 626 570 caeli
650 542 749 568 ﬁrmati
766 546 850 573 sunt.
875 546 903 569 ct
935 541 1033 576 spiritu

249 591 306 617 oris
320 589 378 623 ejus
394 589 482 616 omnis
498 589 585 615 virtus
600 596 704 615 eorum.
719 597 729 614 δ
746 587 774 615 In
792 588 896 623 psalmo
907 595 971 614 vero
989 595 1033 614 ενι

249 636 290 663 sic
318 635 420 662 dictum
437 638 500 660 est:
519 642 527 658 ι
548 633 620 660 Misit
636 632 754 660 Verbum
782 641 861 660 suum
876 637 903 660 et
929 633 1035 660 sanavit

249 689 311 712 cos,
334 685 361 707 et
377 680 477 714 eripuit
491 687 538 706 eos
564 679 598 706 de
624 680 827 707 interitionibus
851 688 957 707 eorum.
975 690 984 705 ι
1002 679 1036 706 Et

248 734 347 754 rursus
360 733 448 753 cum
464 735 471 752 :
490 735 499 752 ι
524 725 575 758 Qui
597 725 697 754 emittit
721 726 857 760 eloquium
882 733 960 753 suum
979 730 1036 752 ter-

249 780 303 804 nc,
325 771 456 799 velociter
473 772 560 798 currit
590 779 681 798 sermo
703 771 774 806 ejus.
796 781 806 797 ι
836 771 870 798 At
899 772 970 799 enim
989 772 1034 804 ei,

250 818 297 853 qui
315 810 388 844 minc
404 818 431 843 in
450 816 577 844 manibus
600 821 652 848 est,
669 817 774 851 psalmo
790 817 902 849 dicenti,
919 826 929 842 ‹
947 816 1036 844 Verbo

1115 275 1310 308 ἑέικέλευςιν
1337 278 1390 304 τοῦ
1414 277 1540 311 Πατρός,
1571 275 1678 311 ὁμοίως
1704 277 1776 310 ἡμῖν
1804 275 1868 303 οἶδε

1116 313 1299 348 δημιοεξργὸν
1316 312 1374 348 τῶν
1385 312 1525 338 ἁπάντων
1539 314 1555 338 ὀ
1575 311 1663 348 Διιϐίδ
1672 321 1678 326 ·
1693 312 1742 348 xui
1762 312 1803 344 ὡς
1814 311 1868 348 τον

1117 345 1210 376 αὐτὸν
1222 345 1275 375 τοῦ
1293 347 1366 374 Θεοῦ
1383 348 1480 382 Λόγον
1497 349 1513 373 ό
1534 347 1624 380 αὐτὸς
1642 346 1800 382 προφήτης
1818 345 1869 382 ἐπὶ

1118 384 1259 417 θεραπείᾳ
1281 382 1343 410 τῶν
1358 382 1521 416 ἀνθρώπων
1541 382 1575 408 ἐκ
1600 381 1652 408 τοῦ
1674 381 1788 414 Πατρός
1812 381 1870 417 ἀξι-

1117 415 1260 457 εεξτιὶλθίὶι
1265 417 1421 457 μαρςυρεξ·
1432 417 1480 457 κᾳὶ
1492 417 1532 449 ὡς
1544 417 1800 457 ἑνίϐραχεῖἵρόςῳ
1812 415 1869 449 τὴν

1118 451 1283 488 σύμπασαι·
1295 452 1352 486 γῆν
1366 451 1538 486 πληρώσειν
1556 452 1610 486 τῆς
1621 451 1714 479 αὐτοῦ
1728 451 1871 478 διδασκα-

1118 489 1188 521 λίας
1203 487 1341 518 θεσπίζει.

1123 555 1131 570 σ
1147 544 1193 580 Τῷ
1213 544 1291 580 Λόγῳ
1305 544 1407 580 Κυρίου
1427 544 1451 570 οἱ
1465 543 1573 578 οὐρανοὶ
1592 543 1810 578 ἐστερεώθησαν,
1823 542 1872 570 καὶ

1085 590 1123 626 τῷ
1144 590 1278 625 πνεύματι
1301 590 1346 616 τοῦ
1366 589 1497 624 στόματος
1521 588 1603 615 αὑτοῦ
1627 590 1701 615 πᾶσα
1723 590 1739 624 ἡ
1759 589 1872 623 δύναμις

1085 635 1185 663 αὐτῶν.
1203 645 1212 661 ι
1227 635 1281 662 Καὶ
1298 636 1326 661 ἐν
1346 637 1389 670 pg’
1402 634 1429 660 δὲ
1443 634 1542 669 ψαλμῷ
1552 634 1674 669 εἴρηται·
1691 644 1699 659 ι
1717 634 1872 661 Ἀπέστειλε

1085 682 1131 708 τὸν
1148 682 1234 715 Λόγον
1249 679 1342 712 αὑτοῦ,
1361 680 1407 706 καὶ
1431 680 1524 706 ἰάσατο
1541 680 1655 712 αὐτοὺς,
1671 680 1717 706 καὶ
1740 679 1874 715 ἐρρύσατο

1087 729 1184 759 αὐτοὺς
1211 727 1243 753 ἐκ
1261 726 1315 753 τῶν
1337 725 1490 761 διαφθορῶν
1513 726 1633 752 αὐτῶν.»
1655 726 1709 752 Καὶ
1738 726 1818 752 πάλιν
1844 726 1874 753 ὲν

1088 773 1165 809 pug"
1186 782 1195 798 ‹
1214 773 1243 799 Ὀ
1259 772 1429 799 ἀποστέλλων
1441 772 1470 797 τὸ
1484 771 1574 806 λόγιον
1587 771 1668 798 αὺτοῦ
1689 773 1721 806 τῇ
1748 772 1783 807 γῇ
1795 791 1802 804 ,
1821 770 1875 804 ἕως

1087 820 1185 854 τάχους
1212 819 1355 854 δραμεῖται
1377 820 1391 845 ὁ
1422 818 1501 852 λόγος
1526 817 1618 844 αὑτοῦ.
1636 827 1645 843 ι
1664 817 1743 843 Ἀλλὰ
1757 817 1811 853 γὰρ
1835 817 1875 853 τῷ

250 862 359 890 Domini
388 862 450 889 coeli
477 861 577 889 ﬁrmati
604 867 688 895 sunt,
716 873 725 889 ι
753 864 901 890 concordat
928 871 1036 892 sacrum

1094 865 1158 891 ιετὰ
1173 866 1268 900 χεῖρας
1293 863 1401 899 ψαλμῷ,
1427 863 1566 898 φάσκοντι,
1603 861 1670 897 (Τῷ
1704 862 1784 898 Λόγῳ
1815 863 1874 888 Κυ-

251 908 467 943 229'1quoque
493 907 683 943 Evangelium,
710 909 798 943 palam
822 908 940 935 dicens:
970 917 980 934 ι
1006 907 1038 935 1n

253 954 387 989 principio
398 957 457 981 erat
469 953 600 986 Verbum,
613 959 640 981 et
650 953 769 981 Verbum
784 959 843 981 erat
856 953 929 989 apud
941 953 1037 986 Deum,

251 1004 279 1027 et
291 999 362 1026 Deus
376 1002 435 1027 erat
450 998 580 1026 Verbum.
607 998 664 1026 Hoc
690 1003 750 1027 erat
772 1000 800 1026 in
814 1000 951 1035 principio
965 999 1038 1035 apud

253 1045 350 1077 Deum,
367 1046 460 1072 omnia
476 1053 525 1080 per
541 1045 631 1081 ipsum
656 1045 727 1073 facta
744 1050 819 1079 sunt,
840 1050 867 1074 et
892 1047 952 1074 sine
978 1047 1039 1081 ipso

252 1092 353 1118 factum
365 1096 407 1119 est
416 1092 484 1119 nihil
495 1092 528 1120 ³⁸.
545 1101 555 1117 ι
572 1091 644 1120 Sane
657 1093 755 1120 merito
766 1092 940 1128 Evangelium
954 1092 1039 1120 Deum

253 1138 329 1164 illum
345 1138 467 1165 nominat
488 1147 494 1165 :
517 1138 627 1172 quando
649 1139 730 1166 etiam
753 1147 801 1174 per
822 1147 853 1166 ea
876 1147 934 1174 qua:
963 1139 1039 1174 prius

254 1184 327 1211 dicta
343 1189 418 1215 sunt,
434 1183 505 1210 idem
522 1184 584 1216 hoc,
603 1183 676 1219 quod
691 1191 764 1211 nunc
783 1189 812 1210 ut
829 1185 899 1212 Deus
917 1185 1039 1212 celebra-

254 1233 300 1256 tur
313 1229 443 1261 Verbum,
460 1233 486 1256 ct
500 1230 642 1264 sapientia.
659 1233 685 1257 et
702 1238 812 1265 germen
829 1229 886 1261 Dei,
900 1236 927 1257 ct
943 1229 1040 1257 Sacer-

254 1274 316 1306 dos,
340 1278 367 1301 et
392 1273 531 1305 Christus,
558 1277 585 1300 et
611 1273 680 1306 Rex,
702 1278 729 1301 et
755 1273 897 1305 Dominus,
917 1277 944 1301 et
968 1272 1040 1300 Deus

255 1320 344 1355 imago
359 1319 418 1351 Dei,
435 1321 600 1355 appellatum
616 1324 668 1348 est.
689 1319 787 1351 Porro,
806 1323 835 1346 ut
857 1320 902 1354 qui
927 1324 954 1347 et
970 1320 1040 1348 alius

255 1365 292 1393 sit
306 1373 387 1400 quam
404 1365 494 1398 Pater,
509 1370 535 1393 et
552 1366 675 1401 ejusdem
690 1365 851 1392 administer
866 1365 958 1396 fuerit,
973 1365 1041 1393 adeo

255 1415 286 1438 ut
298 1410 378 1444 jussu
394 1411 468 1438 illius
485 1412 544 1446 ipse
569 1411 661 1438 omnia
678 1410 842 1441 condiderit,
869 1410 896 1437 in
912 1411 1040 1445 praesenti

256 1456 384 1491 deinceps
400 1455 509 1484 Psalmo
526 1455 649 1490 adjungit
671 1465 678 1482 :
699 1463 709 1481 ‹
737 1453 854 1486 'l‘imcat.
871 1454 970 1488 inquit,
985 1453 1042 1486 Do_-

257 1502 361 1529 minum
386 1503 476 1530 omnis
494 1505 567 1529 terra
584 1511 591 1528 :
617 1502 651 1528 ab
667 1509 700 1528 eo
714 1505 804 1527 autem
819 1504 1042 1527 commoveantur

256 1557 352 1577 omnes
367 1549 552 1576 inhabitantes
566 1548 670 1575 orbem.
699 1547 833 1580 Quoniam
852 1546 910 1581 ipse
924 1545 1004 1576 dixit,
1017 1550 1043 1573 et
1057 1544 1080 1575 C

257 1595 328 1622 facta
353 1600 432 1625 sunt;
466 1595 524 1629 ipse
549 1593 698 1625 mandavit,
725 1597 752 1621 et
773 1596 864 1620 creata
889 1597 953 1620 sunt
974 1593 1006 1618 ³⁷.
1030 1601 1039 1618 ι

257 1641 371 1669 Constat
386 1641 458 1668 enim
479 1639 551 1675 quod
567 1640 613 1675 qui
631 1639 706 1669 dicit,
726 1639 758 1665 ad
776 1635 890 1665 alterum:
913 1638 978 1664 dicit
994 1646 1001 1664 :
1017 1642 1044 1665 et

257 1686 304 1722 qui
329 1685 449 1717 mandat,
470 1685 547 1712 alteri
565 1689 663 1719 praeter
690 1691 720 1710 se
745 1683 866 1710 mandat.
897 1681 1044 1716 Perspicua

257 1739 322 1758 vero
336 1735 397 1765 post
418 1730 506 1765 ipsam
523 1728 672 1756 Salvatoris
689 1728 777 1755 nostri
801 1729 926 1754 humanm
941 1731 1044 1754 natura:

258 1776 485 1809 assumptiouem,
507 1778 659 1804 conventus
675 1782 708 1801 ex
725 1774 800 1800 omni
817 1777 900 1805 terra,
925 1772 977 1799 hoc
990 1776 1042 1804 est,

257 1831 290 1849 cx
305 1823 443 1853 omnibus,
467 1829 526 1857 quin
543 1825 645 1848 terram
668 1821 802 1852 incolunt,
820 1819 987 1850 nationibus,
1002 1819 1044 1845 in-

258 1868 453 1899 numerabiles,
470 1875 524 1894 non
541 1867 633 1894 itidem
656 1871 686 1894 ut
709 1870 790 1893 antea
806 1867 878 1893 ullos
894 1866 1044 1897 daemones,

260 1914 307 1942 sed
322 1915 412 1949 ipsum
431 1914 576 1940 Dominum
596 1913 688 1940 Jesum
714 1913 875 1946 timuerunt,
899 1916 927 1940 et
950 1920 1046 1940 omnes

261 1960 414 1988 habitantes
440 1961 534 1987 orbem
561 1960 691 1986 commoti
714 1964 790 1990 sunt,
808 1959 836 1985 in
863 1959 923 1994 ipso
943 1958 1046 1986 Christi

260 2006 381 2038 nomine,
403 2007 474 2033 sicut
489 2013 608 2040 praesens
622 2005 763 2032 oraculum
779 2005 854 2032 canit
873 2014 879 2032 :
899 2013 908 2030 ‹
928 2003 1045 2036 Timeat,

261 2052 359 2086 inquit,
377 2052 520 2078 Dominum
538 2052 627 2079 oumis
649 2056 732 2083 terra,
751 2052 785 2078 ab
811 2058 844 2078 eo
868 2054 959 2078 autem
975 2058 1049 2077 com-

261 2101 422 2125 moveantur
436 2105 531 2124 omncs
547 2097 731 2125 inhabitantes
746 2097 850 2124 orbem.
878 2106 887 2121 ι
910 2096 1047 2124 Hactenus

262 2151 322 2178 qua:
341 2143 375 2170 de
397 2150 416 2169 ιι
437 2147 463 2170 et
479 2150 533 2169 xxx
548 2143 653 2177 psalmo
666 2148 778 2177 accepta
795 2147 871 2170 sunt.
888 2142 1047 2170 Consimilia

261 2196 327 2216 vero
342 2188 384 2216 his
406 2193 433 2215 et
447 2196 569 2216 consona
593 2189 620 2215 in
636 2189 741 2223 psalmo
758 2196 868 2223 quoque
888 2197 989 2215 LXLVIII
1005 2189 1048 2215 in-

260 2235 364 2266 venies,
386 2236 434 2269 qui
453 2234 533 2261 docet
549 2242 605 2261 non
627 2241 659 2261 ea
687 2234 780 2266 modo,
805 2241 865 2267 qua:
887 2233 921 2260 ad
946 2238 1046 2261 terram

260 2281 406 2312 duntaxat,
424 2280 470 2308 sed
487 2280 570 2307 etiam
584 2287 617 2307 ea
641 2287 702 2314 quae
716 2279 749 2306 ad
765 2280 875 2311 coelum,
889 2283 917 2307 et
931 2279 1049 2307 breviter

261 2326 294 2353 ad
310 2325 465 2352 universam
482 2327 637 2351 creaturam
655 2324 799 2358 pertinent,
827 2324 886 2358 ipso
911 2322 967 2349 Deo
984 2322 1048 2349 uni-

261 2372 334 2399 versi
360 2371 475 2406 jubente
489 2370 639 2398 exstitisse.
658 2369 729 2396 Dicit
749 2370 833 2405 igitur
856 2379 863 2396 ;
889 2378 898 2394 ι
926 2368 1049 2396 Laudate

262 2419 406 2446 Dominum
421 2418 455 2445 de
468 2417 558 2449 caelis,
572 2417 682 2444 laudate
696 2424 759 2444 eum
780 2416 808 2443 in
823 2416 951 2443 excelsis.
977 2415 1049 2443 Lau-

260 2464 323 2492 date
336 2472 410 2496 eum,
426 2472 523 2491 omnes
536 2464 624 2500 angeli
641 2463 717 2498 ejus;
731 2463 840 2490 laudate
855 2470 929 2495 eum,
952 2469 1049 2490 omnes

261 2511 377 2538 virtutes
391 2511 461 2546 ejus.
493 2510 616 2538 Laudate
631 2518 703 2542 eum,
722 2510 763 2537 sol
783 2513 812 2537 et
838 2510 914 2542 luna,
938 2508 1050 2536 laudate

262 2563 336 2586 euri],
358 2563 453 2583 omnes
468 2555 554 2583 stella:
574 2560 600 2583 et
616 2555 708 2583 lumeu
725 2564 732 2582 :
750 2554 881 2590 quoniam
897 2555 957 2588 ipse
969 2553 1048 2586 dixit,

264 2605 291 2627 et
310 2601 379 2627 facta
397 2606 477 2634 sunt;
495 2601 554 2636 ipse
570 2601 720 2634 mandavit,
740 2604 768 2628 et
789 2604 883 2627 creata
903 2603 968 2627 sunt
983 2599 1016 2626 ³³.
1036 2609 1046 2625 ι

265 2645 343 2679 Quod
373 2647 396 2674 si
419 2647 477 2681 ipse
499 2647 649 2678 mandavit,
675 2647 813 2682 quisnam,
827 2653 932 2681 quaeso,
961 2652 1050 2680 usque

265 2691 334 2718 adeo
350 2699 474 2727 magnus,
493 2696 522 2720 ut
543 2693 701 2720 mandatum
730 2692 765 2720 de
788 2692 873 2720 tantis
895 2692 980 2719 rebus
993 2699 1053 2718 sus-

266 2734 384 2770 ciperet.
411 2742 509 2772 praeter
523 2738 571 2765 Dei
598 2737 736 2766 Verbum?
752 2738 826 2773 quod
845 2738 920 2766 varie
937 2739 965 2764 in
980 2745 1049 2773 prae-

267 2783 338 2810 senti
362 2790 455 2817 opere,
471 2791 485 2810 a
503 2784 593 2817 nobis,
607 2788 737 2819 tanquam
752 2783 823 2812 Deus
844 2783 1007 2815 celebratur,
1022 2787 1050 2810 et

319 2860 341 2876 ³⁸
356 2859 434 2888 Joan.
451 2869 470 2896 ι,
485 2861 541 2892 1,2.
599 2862 619 2878 ³⁷
630 2861 802 2897 Psal.'xuu,
819 2862 877 2892 8-9.

1089 912 1146 947 ρίου
1169 911 1193 937 οἱ
1216 910 1324 946 οὐρανοὶ
1342 908 1562 944 ἐστερεώθησαν,
1586 918 1596 934 ›
1619 908 1724 944 συνᾴδει
1749 908 1779 934 τὸ
1804 907 1877 944 ἱερὸν

1088 956 1263 991 Εὐαγγὲλιον,
1280 954 1428 991 διαρρήδην
1441 954 1519 988 λέγον
1532 962 1538 968 ·
1558 963 1567 979 ‹
1592 954 1635 980 Ἐν
1657 953 1727 988 ἀρχῇ
1742 951 1776 988 ἦν
1798 954 1812 979 6
1825 952 1878 979 Λό-

1088 1011 1145 1036 γος,
1161 1001 1207 1027 καὶ
1222 1002 1235 1027 6
1251 1000 1336 1034 Λόγος
1351 998 1384 1035 ἦν
1405 999 1474 1034 πρὸς
1496 999 1541 1025 τὸν
1560 998 1635 1030 Θεὸν,
1659 999 1706 1024 καὶ
1726 997 1791 1030 Θεὸς
1812 996 1846 1033 ἦν
1861 998 1878 1024 ὁ

1089 1049 1184 1082 Λόγος.
1200 1044 1283 1078 Οὗτος
1300 1043 1334 1081 ἦν
1349 1047 1378 1072 ὲν
1395 1045 1465 1080 ἀρχῇ
1483 1044 1550 1080 πρὸς
1569 1044 1614 1070 τὸν
1633 1043 1714 1070 Θεόν·
1733 1044 1821 1070 πάντα
1842 1042 1877 1070 δι’

1089 1093 1171 1121 αὑτοῦ
1193 1092 1310 1126 ἐγένετο,
1333 1092 1379 1117 καὶ
1401 1091 1485 1126 χωρὶς
1501 1090 1583 1116 αὑτοῦ
1609 1091 1716 1124 ἐγένετο
1732 1089 1792 1115 οὐδὲ
1805 1089 1844 1115 ἓν.
1863 1098 1874 1115 ι

1089 1140 1155 1166 Θεὸν
1169 1139 1282 1170 εἰκότως
1300 1138 1331 1164 τὸ
1343 1137 1508 1171 Εὐαγγέλιον
1524 1136 1652 1171 ὀνομάζει
1664 1145 1670 1150 ·
1696 1135 1756 1162 ἐπεὶ
1771 1135 1818 1161 καὶ
1834 1134 1877 1161 διὰ

1089 1186 1142 1212 τῶν
1158 1184 1274 1220 πρόσθεν
1291 1184 1371 1215 αὐτὸς
1387 1180 1463 1214 οὗτος
1475 1184 1489 1209 ὁ
1505 1182 1552 1209 νῦν
1562 1182 1768 1218 θεολογούμενος
1781 1182 1876 1216 Λόγος,

1090 1231 1137 1258 καὶ
1151 1231 1241 1265 σοφία,
1259 1231 1306 1256 καὶ
1328 1230 1450 1264 γέννημα
1463 1229 1541 1260 Θεοῦ,
1555 1229 1599 1255 καὶ
1626 1229 1724 1264 ἱερεὺς,
1739 1228 1787 1255 καὶ
1810 1229 1876 1264 Χρι-

1091 1278 1162 1309 στὸς,
1179 1277 1226 1303 καὶ
1241 1276 1375 1312 βασιλεὺς,
1393 1277 1440 1302 καὶ
1454 1275 1565 1309 Κύριος,
1579 1275 1626 1301 καὶ
1640 1275 1714 1307 Θεὸς,
1730 1276 1778 1301 καὶ
1797 1274 1884 1302 eludit!-

1091 1324 1257 1358 ἀνηγόρευτο
1269 1322 1316 1348 τοῦ
1329 1321 1407 1348 Θεοῦ,
1421 1321 1475 1348 Καὶ
1489 1321 1530 1347 ὅτι
1545 1329 1586 1355 γε,
1604 1321 1696 1356 ἕτερος
1710 1320 1747 1347 ὣν
1762 1319 1810 1347 τοῦ
1822 1321 1879 1348 Παι-

1090 1368 1165 1403 τρὸς,
1181 1367 1317 1402 ὑπουργὸς
1335 1364 1368 1401 ἦν
1385 1365 1478 1397 αὑτοῦ,
1501 1365 1570 1392 ὥστε
1594 1365 1817 1400 ὲπικελευομένου
1830 1363 1878 1392 τοῦ

1093 1414 1214 1448 μείζονος
1236 1413 1315 1439 αὐτὸν
1332 1412 1515 1447 δημιουργεῖν,
1533 1411 1596 1446 ἑξῆς
1611 1411 1681 1438 κατὰ
1697 1411 1741 1437 τὸν
1759 1411 1880 1446 παρόντα

1093 1460 1211 1493 ἐπιλέγει
1236 1459 1359 1494 ψαλμὸν·
1386 1467 1395 1483 ι
1412 1458 1558 1493 Φοϐηθήτω
1579 1457 1624 1483 τὸν
1649 1457 1750 1492 Κύριον
1770 1459 1844 1484 πᾶσα.
1861 1457 1878 1492 ή

1093 1505 1144 1540 γῆο
1158 1506 1204 1532 ὑπ’
1218 1504 1299 1531 αὑτοῦ
1314 1505 1341 1531 δὲ
1353 1504 1559 1539 σαλευθήτωσαν
1573 1503 1672 1534 πάντες
1683 1504 1707 1529 οἱ
1721 1503 1878 1529 κατοικοῦν-

1094 1561 1140 1583 τες
1155 1551 1325 1586 οἰκουμένην.
1340 1551 1400 1576 "Ut:
1423 1550 1503 1581 αὐτὸς
1527 1548 1597 1581 εἷπε,
1622 1550 1669 1576 καὶ
1690 1548 1877 1584 ἐγενήθησαν·

1093 1597 1174 1627 αὐτὸς
1190 1597 1350 1626 ἐνετείλατο,
1367 1596 1413 1622 καὶ
1436 1595 1607 1629 ἐκτίσθησαν.
1629 1604 1639 1620 ι
1661 1593 1796 1629 Πρόδηλον
1813 1593 1881 1629 γὰρ,

1093 1643 1130 1675 ὡς
1151 1643 1165 1668 6
1177 1643 1272 1676 λέγων,
1292 1642 1376 1678 ἑτέρῳ
1388 1642 1461 1674 λέγει
1470 1650 1476 1656 ·
1492 1641 1539 1667 καὶ
1553 1641 1567 1666 6
1579 1641 1777 1675 ἐντελλόμενος,
1794 1639 1881 1674 ἑτέρῳ

1095 1690 1159 1725 παρ’
1175 1688 1269 1715 ἑαυτὸν
1289 1687 1450 1714 ἐντέλλεται.
1465 1686 1561 1720 Σαφῶς
1573 1686 1599 1712 δὲ
1619 1686 1664 1712 ἐπὶ
1683 1687 1716 1720 τῇ
1729 1685 1776 1711 τοῦ
1791 1685 1883 1720 Σωτῆ-

1096 1744 1141 1771 ρος
1155 1734 1234 1770 ἡμῶν
1251 1732 1466 1769 ὲνανθρωπήσει,
1483 1732 1567 1768 μυρία
1580 1731 1670 1767 πλήθη
1681 1732 1713 1757 ὲκ
1729 1731 1817 1766 πάσης
1831 1730 1881 1766 τῆς

1094 1782 1156 1816 γῆς,
1173 1781 1244 1807 τοῦτ’
1262 1779 1334 1805 ἔστιν
1350 1779 1379 1811 ἐξ
1389 1779 1515 1805 ἁπάντων
1527 1778 1581 1804 τῶν
1598 1779 1643 1804 ἐπὶ
1655 1778 1704 1812 τῆς
1718 1777 1770 1812 γῆς
1785 1775 1881 1808 ἐθνῶν,

1095 1827 1186 1855 οὐκέτι
1201 1827 1239 1858 ὡς
1250 1827 1279 1852 τὸ
1293 1826 1356 1861 πρὶν
1370 1826 1431 1857 τοὺς
1444 1825 1582 1860 δαίμονας,
1599 1823 1655 1850 ἀλλ’
1671 1823 1751 1850 αὑτὸν
1762 1822 1881 1857 ἐφοϐήθη

1095 1872 1141 1899 τὸν
1162 1871 1263 1907 Κύριον
1285 1870 1404 1906 Ἰησοῦν·
1423 1871 1522 1901 πάντες
1537 1878 1567 1896 τε
1588 1871 1612 1895 οἱ
1631 1868 1818 1899 κατοικοῦντες
1833 1868 1882 1902 τὴν

1098 1919 1258 1955 οἰκουμένην
1279 1916 1462 1953 ἐσαλεύθησαν
1487 1917 1532 1942 ἐπὶ
1559 1915 1658 1950 τῷτοῦ
1682 1913 1799 1950 Χριστοῦ
1825 1913 1883 1940 ὀνό-

1101 1974 1175 2001 ματι,
1198 1963 1350 1995 ἀκολούθως
1364 1962 1402 1997 τῷ
1421 1962 1468 1990 νῦν
1491 1962 1621 1996 φάσκοντι
1642 1961 1724 1995 λογίῳ
1737 1969 1743 1974 ·
1771 1970 1779 1985 ι
1797 1960 1884 1995 (Pqu-

1099 2010 1172 2046 θήτω
1187 2009 1232 2035 τὸν
1249 2008 1350 2044 Κύριον
1365 2009 1440 2034 πᾶσα
1455 2008 1471 2042 ἡ
1490 2007 1536 2042 γῆ,
1551 2007 1597 2034 ὑπ’
1612 2006 1692 2033 αὖτοῦ
1707 2006 1735 2032 δὲ
1752 2005 1884 2040 σαλευθή-

1097 2065 1187 2083 τωσαν
1210 2055 1310 2086 πάντες
1338 2055 1362 2080 οἱ
1388 2053 1575 2084 κατοικοῦντες
1600 2053 1648 2088 τὴν
1673 2052 1842 2087 οἰκουμένην.
1871 2061 1881 2077 ι

1098 2102 1190 2128 Ταῦτα
1207 2101 1256 2136 μὲν
1268 2098 1314 2126 οὖν
1326 2101 1357 2126 ἐκ
1372 2099 1418 2126 τοῦ
1441 2099 1462 2133 β’
1478 2099 1525 2125 καὶ
1536 2099 1558 2125 λ’
1574 2098 1692 2134 ψαλμοῦ.
1707 2097 1844 2133 Σύμφωνα
1856 2097 1886 2124 δὲ

1097 2148 1202 2179 τούτοις
1216 2146 1306 2182 εὕροις
1326 2145 1358 2172 ἂν
1375 2146 1421 2172 καὶ
1445 2146 1473 2170 ὲν
1497 2147 1560 2180 ρμη¹
1582 2143 1691 2179 ψαλμῷ,
1714 2143 1743 2175 ὂς
1765 2143 1886 2170 διδάσκει

1099 2193 1129 2219 οὐ
1142 2192 1176 2219 τὰ
1199 2192 1262 2226 περὶ
1273 2190 1324 2225 γῆν
1339 2191 1418 2225 μόνα,
1435 2190 1502 2216 ἀλλὰ
1523 2190 1569 2216 καὶ
1581 2189 1613 2215 τὰ
1627 2189 1687 2215 κατ’
1699 2189 1822 2224 οὐρανὸν,
1838 2188 1886 2215 καὶ

1102 2237 1251 2273 συλλήϐδην
1267 2238 1375 2264 ἅπασαν
1393 2236 1442 2271 τὴν
1461 2236 1559 2267 κτίσιν,
1577 2235 1636 2262 κατ’
1653 2235 1823 2262 ἑπικὲλευσιν
1838 2233 1885 2261 τοῦ

1101 2283 1154 2310 τῶν
1175 2283 1243 2309 ὅλων
1264 2281 1331 2308 Θεοῦ
1355 2281 1504 2315 γεγονέναι.
1530 2279 1609 2313 Λέγει
1625 2279 1646 2306 δ’
1664 2276 1725 2306 οὖν·
1754 2288 1762 2304 ι
1781 2280 1886 2306 Αἰνεῖτε

1100 2328 1146 2355 τὸν
1163 2328 1264 2362 Κύριον
1288 2328 1319 2353 ὲκ
1338 2326 1392 2352 τῶν
1413 2324 1544 2361 οὐρανῶν,
1568 2325 1669 2350 αἰνεῖτε
1690 2323 1771 2350 αὑτὸν
1787 2324 1816 2349 ὲν
1830 2323 1887 2353 τοῖς

1102 2375 1232 2409 ὑψίστοις.
1245 2372 1347 2399 Αἰνεῖτε
1363 2372 1442 2397 αὐτὸν
1453 2370 1552 2401 πάντες
1562 2369 1670 2404 ἄγγελοι
1685 2368 1776 2399 αὐτοῦ,
1786 2369 1886 2394 αἰνεῖτε

1102 2421 1182 2448 αὐτὸν
1198 2421 1284 2446 πᾶσαι
1305 2420 1331 2445 αἱ
1346 2418 1471 2452 δυνάμεις
1489 2416 1580 2442 αὑτοῦ.
1597 2416 1700 2442 Αἰνεῖτε
1716 2415 1796 2442 αὑτὸν
1812 2414 1887 2450 ἣλιος

1103 2466 1150 2493 καὶ
1167 2465 1275 2500 σελήνη,
1300 2464 1400 2490 αἰνεῖτε
1421 2461 1502 2488 αὑτὸν
1525 2461 1612 2487 πάντα
1631 2460 1666 2487 τὰ
1690 2460 1777 2495 ἄστρα
1795 2458 1888 2486 καὶτὸ

1103 2511 1174 2547 φῶς
1200 2511 1241 2537 ὅτι
1263 2509 1343 2540 αὐτὸς
1363 2506 1439 2540 εἶπε,
1465 2506 1512 2533 καὶ
1535 2505 1718 2541 ἐγενήθησαν·
1743 2505 1824 2535 αὐτὸς
1842 2505 1887 2531 ὲν-

1103 2557 1235 2588 ετειλατο,
1252 2556 1299 2582 καὶ
1309 2553 1480 2588 ἐκτίσθησαν.
1496 2562 1505 2579 ι
1519 2553 1550 2578 Εἰ
1565 2552 1619 2586 γὰρ
1633 2552 1712 2582 αὐτὸς
1727 2550 1887 2581 ἐνετείλατο,

1104 2603 1151 2630 καὶ
1176 2602 1217 2633 τίς
1241 2599 1275 2635 ἦν
1295 2598 1435 2630 τοσοῦτος,
1459 2598 1497 2629 ὡς
1522 2597 1571 2632 τὴν
1599 2597 1662 2632 περὶ
1683 2596 1737 2622 τῶν
1762 2594 1889 2631 τηλικού-

1101 2656 1155 2675 των
1170 2646 1278 2681 ἐντολὴν
1302 2643 1492 2677 ὑποδέξασθαι,
1512 2643 1559 2678 ἢὸ
1581 2641 1628 2668 τοῦ
1656 2641 1724 2668 Θεοῦ
1748 2641 1853 2674 Λόγος;
1874 2640 1889 2666 ὸ

1102 2691 1231 2723 ποικίλως
1245 2690 1289 2717 διὰ
1304 2690 1354 2725 τῆς
1377 2689 1517 2724 παρούσης
1537 2688 1604 2722 ἡμῖν
1620 2686 1774 2717 ὑποθέσεως
1797 2685 1888 2712 θεολο-

1101 2737 1242 2772 γούμενος,
1267 2735 1314 2762 καὶ
1334 2735 1419 2768 Λόγος
1437 2733 1504 2760 Θεοῦ
1529 2732 1796 2767 προσαγορευόμενος
1817 2729 1889 2757 εἰκό-

1101 2790 1165 2813 τως,
1178 2782 1218 2808 ὃτι
1239 2780 1271 2816 δὴ
1285 2781 1345 2812 τοὺς
1357 2779 1411 2807 τῶν
1432 2778 1558 2806 ἁπάντων
1572 2777 1603 2813 δη
1609 2775 1781 2812 μιουργικούς
1796 2784 1825 2803 τε
1841 2775 1889 2802 καὶ

916 2862 939 2878 ³⁸
953 2860 1025 2890 Psal.
1041 2868 1153 2895 cuvm,
1171 2860 1227 2888 l-5.
