2084 3216
165 180 219 209 δτι

627 177 956 206 DEMONSTRATIONIS
975 177 1203 206 EVANGELICE
1225 176 1289 206 LIB.
1310 175 1342 204 V.

1741 176 1793 204 378

169 239 329 274 ποιητικοὺς
341 238 438 273 λόγους
451 233 476 265 ό
488 238 685 274 παντοκράτωρ
699 239 729 264 ὲν
747 237 822 273 αὐτῷ
841 236 959 264 κατασέ-

1017 236 1132 264 Verbum
1147 236 1195 264 Dei
1209 236 1372 271 appellatur,
1388 235 1486 262 merito
1503 235 1568 263 illud
1586 235 1706 270 quidem,
1731 243 1792 270 ιιι-(ιη

170 285 276 320 σληται,
297 284 371 319 λόγῳ
391 284 438 310 καὶ
454 282 530 316 τάξει
545 282 579 309 τὰ
599 282 745 318 σύμπαντα
760 282 862 309 διέπειν
884 280 958 316 αὑτῷ

171 331 218 358 καὶ
231 330 412 366 διακυϐερνᾷν
431 329 576 364 παραδούς.
599 329 644 364 Μὴ
661 329 715 364 γὰρ
735 326 782 356 οὖν
804 337 845 360 τις
860 328 959 355 ὑπολά-

172 377 214 403 σοι
229 377 268 412 τῷ
282 376 360 411 παρὰ
375 375 528 412 ἀνθρώποις
548 377 581 402 ἐκ
597 375 736 402 συλλαϐῶν
755 375 911 407 συνεστῶτι,
928 374 959 401 ἐκ

171 431 200 448 τε
221 422 362 457 ὀνομάτων
379 422 425 448 καὶ
438 422 567 456 ῥημάτων
580 421 760 457 συγκειμένῳ,
772 420 896 456 ὲνάρθρῳ
913 421 960 446 καὶ

172 468 332 504 προφορικῷ
346 468 417 503 λόγῳ
428 469 473 494 τὸν
493 467 539 494 τοῦ
553 467 620 494 Θεοῦ
636 468 785 503 παρόμοιον
798 466 940 501 τυγχάνειν
951 474 958 481 ⁸

172 515 257 549 ὁτιδὴ
278 515 292 540 6
311 515 374 550 παρ’
395 515 461 550 ἡμῖν
477 514 555 548 λόγος
569 515 597 540 ὲν
617 515 719 548 φωναῖς
739 513 786 540 καὶ
805 512 959 544 συλλαῆαῖς,

172 561 220 587 καὶ
235 562 291 592 τοῖς
304 560 347 587 διὰ
362 561 464 588 τούτων
478 561 685 596 σημαινομένοις
702 560 832 595 κέκτηται
852 558 901 594 τὴν
917 559 962 584 οὺ-

174 607 246 637 σίαν,
267 606 310 632 διὰ
327 606 449 642 γλώττης
463 607 511 633 καὶ
535 606 682 642 ἀρτηριῶν,
704 605 843 641 φάρυγγός
863 613 893 631 τε
914 604 961 630 καὶ

175 653 308 688 στόματος
327 653 531 688 προφερόμενος
544 661 550 668 ·
570 654 584 679 6
604 653 632 679 δὲ
653 654 703 688 τῆς
720 653 808 679 ἀϊδίου
823 652 870 678 καὶ
887 652 961 678 ἀσω-

175 699 263 734 μάτου
284 698 400 733 φύσεως,
422 699 509 734 πάντη
531 698 599 725 κατὰ
623 699 710 725 πάντα
729 697 776 725 τοῦ
802 698 863 725 καθ’
888 699 961 733 ἡμᾶς

174 745 411 782 παρηλλαγμένος,
429 745 503 772 οὐδὲν
517 745 684 780 ἀνθρώπειον
697 745 819 779 ἐπάγοι-ε’
833 744 876 776 ἂν,
894 744 962 779 μόνῃ

173 792 343 827 κεχρημένος
356 793 389 828 τῇ
401 792 449 827 τῆς
463 792 640 827 προσρήσεως
649 791 807 826 ὁμωνυμίᾳ·
821 791 881 817 ἐπεὶ
894 790 962 825 μήτε

173 837 267 872 φωνὴν
291 836 339 871 τὴν
359 836 393 863 δι’
411 836 491 871 ἀέρος
510 835 647 871 κρούσεως
671 835 866 870 ὑφισταμένην,
891 835 962 869 ,μήτε

175 883 297 918 ῥήματα,
309 884 378 919 μήτε
393 883 537 915 συλλαϐὰς,
552 883 619 918 μήτε
634 882 766 917 γλῶτταν,
782 883 850 917 μήτε
866 882 961 917 στόμα,

176 931 246 965 μήτε
267 930 335 962 ὅλως
354 938 380 956 τι
399 929 453 956 τῶν
472 929 647 965 ἀνθρωπείων
669 930 716 955 καὶ
732 928 836 964 Θνητῶν
853 929 898 955 ἐπὶ
915 929 971 955 τοῦ-

174 976 230 1002 ἰῶν
251 975 320 1002 ὅλων
342 975 409 1002 Θεοῦ
435 975 634 1012 παραληπτέον.
652 975 748 1010 Ψυχῆς
768 974 821 1011 γὰρ
843 974 875 1001 ἂν
893 975 935 1010 εἴη
949 976 963 1001 ὁ

173 1021 253 1056 λόγος
268 1019 354 1053 οὗτος,
368 1023 382 1048 6
394 1021 518 1057 οὐδαμῶς
531 1019 586 1053 οἷός
605 1030 633 1047 τε
650 1021 709 1047 καθ’
727 1021 819 1047 ἑαυτὸν
834 1021 895 1055 δίχα
910 1021 962 1056 ψυ-

173 1069 227 1103 χῆς
240 1065 318 1100 εἶναι,
333 1067 350 1104 ἢ
370 1068 528 1102 ὑποστῆναι.
545 1067 652 1094 Τοιόσδε
667 1067 721 1103 γὰρ
732 1069 746 1093 6
761 1067 788 1092 ὲν
810 1067 963 1102 ἀνθρώποις

173 1114 264 1148 λόγος,
281 1114 351 1145 ἰδίως
368 1114 416 1149 μὲν
438 1113 562 1144 ἀνούσιος
574 1113 611 1140 ὢν
627 1113 673 1139 καὶ
693 1112 888 1145 ἀνυπόστατος,
904 1113 962 1140 ὅλον

173 1159 202 1186 δὲ
216 1160 284 1186 αὐτὸ
295 1159 402 1194 κίνησις
424 1167 452 1185 τε
473 1158 520 1188 καὶ
536 1159 661 1193 ἐνέργεια
675 1158 794 1189 διανοίας
810 1159 961 1193 τυγχάνων.

181 1204 262 1231 Ἀλλὰ
277 1204 331 1240 γὰρ
346 1205 376 1231 οὐ
393 1206 441 1231 καὶ
454 1205 468 1231 6
483 1204 529 1231 τοῦ
544 1204 611 1230 Θεοῦ
623 1204 753 1236 τοιοῦτος,
769 1204 837 1238 ἔχων
861 1204 888 1230 δὲ
901 1204 962 1231 καθ’

175 1250 273 1276 ἑαυτὸν
293 1251 397 1277 οἰκείαν
421 1251 568 1277 ὑπόστασιν
599 1250 668 1277 πάνυ
692 1250 766 1276 Θείαν
790 1251 837 1277 καὶ
858 1250 963 1285 νοεράν,

178 1295 251 1327 ἰδίως
270 1295 318 1331 μὲν
332 1296 502 1331 ὑφεστῶσαν,
519 1296 590 1327 ἰδίως
604 1296 626 1322 δ’
640 1294 672 1323 αὖ
694 1296 774 1322 πάλιν
789 1297 963 1331 ἐνεργοῦσαν,

175 1343 260 1370 ἀῡλόν
273 1351 303 1368 τε
319 1340 402 1369 οὖσαν
423 1343 471 1368 καὶ
492 1342 650 1377 ἀσώματον,
670 1343 716 1369 καὶ¹
739 1342 809 1368 κατὰ
829 1343 919 1369 πάντα
931 1344 963 1378 τῇ

176 1387 226 1415 τοῦ
247 1387 355 1422 πρώτου
381 1388 429 1415 καὶ
453 1389 600 1424 ἀγεννήτου
626 1389 672 1415 καὶ
700 1389 779 1424 μόνου
800 1388 867 1415 Θεοῦ
887 1389 965 1423 φύσει

177 1435 426 1470 παρωμοιωμένην,
449 1435 512 1466 τοὺς
533 1435 587 1461 τῶν
611 1435 747 1471 γεννητῶν
772 1435 897 1462 ἁπάντων
921 1435 966 1462 λό-

178 1489 260 1515 γους,
282 1481 328 1508 καὶ
350 1481 399 1513 τὰς
411 1481 465 1508 τῶν
479 1481 625 1518 ὁρωμένων
641 1482 802 1516 ἀσωμάτους
815 1491 844 1508 τε
859 1483 905 1508 καὶ
923 1483 968 1509 ἀο-

179 1527 278 1563 ράτως
294 1527 365 1558 ἰδέας
379 1527 409 1552 ἐν
421 1527 489 1562 αὐτῇ
502 1527 645 1562 φέρουσαν.
656 1527 700 1553 Διὸ
711 1527 757 1554 καὶ
767 1527 861 1562 σοφίαν
872 1528 967 1564 αὐτὴν,

179 1572 228 1599 καὶ
245 1571 313 1598 Θεὸν
332 1572 416 1606 Λόγον
438 1572 463 1598 οἱ
486 1572 551 1598 θεῖοι
567 1573 685 1608 χρησμοὶ
709 1573 966 1608 προσαγορεύουσιν.

1008 288 1100 319 pterea
1115 283 1188 318 quod
1206 282 1329 310 omnium
1343 289 1435 309 rerum
1460 282 1623 310 artiﬁciosas
1638 285 1719 316 atque
1739 281 1795 309 elli-

1009 337 1089 357 caces
1106 329 1238 361 rationes,
1254 329 1427 363 omnipotens
1454 328 1481 355 in
1505 328 1594 363 ipsum
1620 327 1769 362 conjecerit
1786 336 1793 354 :

1010 377 1092 412 23o
1122 377 1222 412 quippe
1241 376 1289 411 qui
1307 376 1415 402 ratione
1439 379 1520 410 atque
1546 375 1642 402 ordine
1667 374 1795 401 universa

1010 423 1060 454 illi,
1075 427 1101 450 et
1116 421 1301 457 dispensanda
1315 425 1342 448 et
1357 421 1534 456 gubernanda
1544 420 1696 448 tradiderit.
1710 420 1796 447 Nemo

1009 469 1094 504 igitur
1110 472 1185 503 putet
1202 468 1338 498 humanae,
1363 473 1424 501 quae
1439 474 1470 493 ex
1489 466 1601 502 syllabis
1626 469 1744 498 constat,
1769 469 1797 491 et

1010 523 1044 543 ex
1062 515 1220 543 nominibus
1233 519 1259 541 et
1268 514 1360 541 verbis
1372 513 1557 548 componitur,
1575 512 1736 544 articulatze,
1755 515 1798 538 at-

1011 569 1064 596 que
1080 561 1240 588 ennntiabili
1258 560 1387 592 orationi,
1406 559 1454 586 Dei
1474 559 1587 586 verbum
1604 558 1693 585 simile
1709 565 1771 585 esse
1788 566 1796 584 :

1012 608 1141 643 quoniam
1159 611 1252 634 nostra
1269 607 1326 633 hate
1341 606 1430 633 oratiu
1454 605 1482 632 in
1505 604 1618 632 vocibus
1633 608 1660 631 et
1674 603 1797 639 syllabis,

1012 658 1039 682 et
1056 654 1090 681 iis
1101 661 1161 688 quae
1176 661 1224 688 per
1240 653 1297 680 hac
1311 651 1513 687 signillcantur,
1528 649 1657 685 quicquid
1670 650 1729 684 ipsa
1745 653 1796 680 est,

1013 699 1117 727 obtinet
1133 709 1139 726 :
1155 703 1261 734 utpote,
1288 706 1349 733 qum
1371 704 1419 732 per
1434 697 1564 730 linguam,
1588 699 1614 722 et
1629 696 1755 726 arterias,
1771 699 1800 722 et

1014 746 1117 778 fauces,
1137 751 1164 772 et
1184 753 1225 776 os,
1249 744 1406 780 proferatur
1425 753 1431 770 :
1448 743 1701 777 sempiternre'vero
1717 745 1799 776 atque

1013 793 1181 827 incorporea:
1195 795 1299 818 natum
1312 789 1432 817 Verbum
1448 789 1522 816 omni
1546 788 1658 815 omnino
1681 787 1797 818 ratione,

1014 847 1074 874 quae
1090 847 1104 865 a
1122 838 1202 865 nobis
1219 837 1336 872 proferri
1355 836 1443 864 solent
1462 835 1544 862 verba
1562 838 1799 870 praetergressum,

1014 885 1081 912 nihil
1097 885 1223 912 humanae
1234 883 1349 910 rationis
1361 890 1416 918 pra:
1430 889 1459 909 se
1477 881 1555 914 ferat,
1572 880 1620 908 sed
1635 881 1721 907 solam
1738 887 1800 906 cum

1016 932 1137 959 humano
1161 930 1245 958 verbo
1272 936 1447 956 communem
1474 926 1684 962 appellationem
1709 925 1800 960 possi-

1016 976 1078 1004 deat
1099 985 1105 1002 :
1123 975 1231 1011 quando
1245 982 1334 1009 neque
1349 981 1455 1004 vocem,
1482 980 1543 1007 quae
1562 979 1595 998 ex
1623 970 1694 998 aeris
1720 970 1800 1005 pulsu

1017 1025 1136 1052 constet,
1150 1028 1238 1056 neque
1252 1020 1387 1048 dictiones
1403 1019 1484 1050 ullas,
1500 1024 1588 1052 neque
1608 1016 1737 1052 syllabas,
1753 1022 1803 1044 ne:

1017 1074 1069 1101 quc
1087 1067 1218 1101 linguam,
1236 1073 1326 1099 neque
1342 1072 1384 1096 os,
1409 1071 1497 1098 neque
1521 1062 1634 1089 omnino
1662 1060 1803 1096 quidpiam

1017 1111 1128 1138 humani
1154 1111 1212 1137 sive
1232 1109 1367 1142 mortalis,
1388 1108 1416 1136 in
1442 1107 1497 1135 Deo
1520 1106 1642 1134 universi
1667 1105 1802 1139 accipere,

1016 1158 1074 1185 sive
1089 1157 1250 1191 intelligere,
1266 1155 1307 1182 fas
1322 1158 1375 1182 est.
1391 1153 1421 1181 ld
1435 1153 1508 1180 enim
1523 1153 1635 1180 verbum
1652 1153 1750 1179 anime
1760 1158 1804 1178 es-

1016 1207 1068 1235 set,
1086 1201 1158 1237 quod
1180 1201 1256 1228 nullo
1270 1199 1352 1227 modo
1367 1206 1416 1234 per
1438 1198 1559 1232 seipsum
1574 1197 1608 1224 ab
1623 1197 1712 1223 anima
1728 1202 1806 1223 seor-

1017 1255 1078 1275 sum
1093 1249 1186 1281 posset
1200 1252 1272 1276 esse,
1293 1248 1341 1271 aut
1355 1243 1517 1271 consistere.
1534 1241 1600 1269 Tale
1619 1241 1692 1269 enim
1708 1240 1806 1267 huma-

1017 1301 1082 1321 num
1111 1296 1153 1320 est
1175 1291 1299 1323 verbum,
1322 1289 1395 1324 quod
1421 1289 1546 1324 privatim
1564 1287 1673 1323 quidem
1688 1287 1803 1319 nullam,

1018 1347 1106 1374 neque
1128 1338 1287 1368 essentiam,
1316 1343 1404 1370 neque
1427 1334 1607 1362 substantiam
1634 1333 1725 1363 habet.
1757 1331 1805 1360 sed

1018 1390 1105 1413 totum
1123 1385 1208 1412 libera
1226 1382 1350 1418 quaedam
1367 1381 1452 1408 motio
1468 1384 1521 1411 est,
1547 1383 1574 1408 et
1600 1379 1741 1406 ellicientia
1756 1385 1804 1404 co-

1017 1432 1170 1469 gitationis.
1199 1430 1346 1460 Caeterum,
1364 1428 1453 1463 ipsum
1470 1426 1517 1454 Dei
1533 1426 1652 1453 Verbum
1668 1432 1723 1452 non
1740 1424 1804 1458 tale,

1019 1479 1068 1507 sed
1084 1486 1133 1513 per
1149 1477 1270 1512 seipsum
1287 1475 1392 1502 habens
1405 1474 1543 1510 propriam
1556 1471 1749 1503 substantiam,
1759 1479 1807 1498 us-

1019 1532 1182 1561 quequaque
1198 1523 1318 1550 divinam
1336 1525 1418 1556 atque
1436 1519 1641 1553 intelligentem,
1666 1525 1726 1553 qua
1750 1517 1806 1551 pri-

1018 1573 1101 1599 vatim
1123 1570 1232 1605 quidem
1255 1567 1397 1599 subsistit,
1422 1565 1602 1601 privatimque
1625 1563 1695 1590 idem
1714 1562 1806 1594 ellicit,

179 1619 314 1655 quidquid
331 1619 422 1651 ellicit,
438 1626 532 1646 verum
546 1620 668 1646 materiae
683 1620 773 1647 omnis
787 1625 830 1648 est
852 1629 960 1656 expers,
980 1625 1007 1648 et
1021 1621 1196 1654 incorporea,
1211 1620 1237 1643 et
1257 1615 1331 1642 omni
1362 1613 1468 1640 ratione
1482 1611 1564 1648 primi
1582 1615 1610 1638 et
1625 1610 1749 1646 ingeniti,
1776 1612 1804 1637 et

180 1666 267 1694 solius
283 1666 331 1694 Dei
355 1669 459 1692 naturae
475 1665 636 1697 assimilata,
658 1674 752 1693 earum
780 1655 902 1695 omnium
937 1675 1029 1695 rerum
1060 1674 1121 1701 qua:
1141 1664 1220 1691 facta:
1255 1665 1329 1693 sunt,
1349 1659 1481 1690 rationes,
1499 1662 1527 1685 et
1553 1664 1647 1684 earum
1672 1663 1732 1691 qua:
1749 1655 1801 1683 sub

180 1713 270 1740 visum
285 1712 397 1744 cadunt,
415 1712 590 1746 incorporeas
604 1715 631 1739 et
644 1713 796 1741 invisibiles
810 1716 926 1749 species,
954 1714 982 1742 in
1002 1714 1092 1748 seipsa
1127 1711 1227 1738 ferens.
1250 1708 1340 1740 Quare
1357 1707 1432 1733 illam
1456 1709 1483 1733 et
1505 1703 1672 1739 Sapientiam
1702 1706 1729 1730 et
1757 1701 1804 1728 Dei

181 1760 313 1792 Verbum,
329 1759 421 1786 divina
438 1759 548 1786 oracula
561 1760 708 1794 appellant.

447 1805 644 1832 ΚΕΦΛΛΑΙΟΝ
662 1807 690 1839 (1'
691 1809 706 1832 ‘.

185 1850 235 1890 Ὠς
324 1850 445 1890 Ἡσαΐας
464 1850 519 1890 6ρο
541 1851 673 1890 μυρίους
697 1852 804 1890 Quoia);-
823 1850 862 1890 τῷ
883 1853 971 1890 Δαϐὶδ

219 1885 368 1925 ὀροηγνεῒ,
388 1886 437 1925 κᾳὶ
460 1886 513 1912 τὸν
524 1885 678 1925 ,δεύτεροις
696 1886 877 1925 ὃῃμέοτέργὸν
895 1887 971 1916 εἶναι

221 1920 280 1947 τῶν
296 1920 386 1952 ὅλων,
401 1920 559 1954 ὠσπεροῦν
575 1921 623 1947 καὶ
645 1922 728 1947 αὐτοὶ
746 1920 915 1957 δοξάζομεν.

221 1976 230 1992 ι
250 1967 352 1993 Ἀκουέ
378 1975 440 2002 μου,
461 1966 558 1993 Ἰακὼΰ
568 1968 615 1994 καὶ
632 1968 750 2003 Ἰσραὴλ,
760 1968 788 1995 ὂν
808 1968 862 2003 ἐγὼ
885 1969 968 1997 καλῶ,

188 2012 261 2046 Ἐγώ
274 2013 333 2047 εἶμι
350 2012 466 2047 πρῶτος,
483 2013 529 2039 καὶ
544 2012 598 2047 ἐγώ
615 2014 672 2048 εἰμι
687 2014 726 2045 εὶς
747 2014 792 2040 τὸν
812 2014 908 2047 αἰῶνα,
924 2015 972 2042 καὶ

182 2059 200 2093 ἡ
216 2058 279 2093 χείρ
303 2066 352 2092 μου
375 2057 537 2092 ἐΟεμελὶωσε
553 2057 602 2093 τὴν
624 2058 686 2093 γῆν,
713 2059 759 2085 καὶ
779 2060 795 2094 ἡ
820 2059 894 2091 δεξιὰ
919 2069 971 2096 μου

182 2104 334 2139 ὶστερέωσε
354 2104 400 2130 τὸν
419 2104 540 2140 οὐρανόν.
571 2104 686 2131 Καλέσω
711 2106 820 2138 αὐτοὺς,
845 2107 892 2133 καὶ
910 2107 972 2143 στή-

184 2157 278 2176 σονται
302 2150 370 2184 ἅμα,
387 2150 433 2176 καὶ
454 2150 664 2185 συναχθήσονται
685 2151 796 2183 πάντες,
820 2153 867 2178 καὶ¹
888 2152 972 2179 ἁκού-

185 2204 287 2229 σονται,
306 2197 346 2228 τίς
362 2197 452 2228 αὐτοῖς
466 2197 608 2232 ἀνήγγειλε
625 2198 720 2224 ταῦτα,
739 2198 841 2234 Κύριος
858 2199 972 2233 ἀγαπῶν

184 2251 226 2274 σε,
242 2243 353 2277 ἐποίησε
375 2243 404 2268 τὺ
426 2243 530 2278 θέλημά
552 2252 598 2269 σου
615 2244 659 2269 ἐπὶ
675 2244 831 2277 Βαϐυλῶνα,
846 2245 892 2272 τοῦ
908 2243 975 2281 ἆραι

185 2283 460 2322 σπέρμαᾜαλδαίων.
485 2287 553 2322 Ἐγὼ
567 2288 694 2323 ἐλάλησα,
710 2290 756 2315 καὶ
777 2289 831 2323 ἐγὼ
844 2290 972 2317 ἐκάλεσα.

187 2334 311 2367 Ἤγαγον
328 2333 418 2364 αὐτὸν,
435 2334 481 2360 καὶ
497 2334 622 2360 εὐώδωσα
641 2334 689 2369 τὴν
703 2335 761 2362 ὁδὸν
776 2336 867 2362 αὐτοῦ.
887 2337 974 2372 Προσ-

187 2378 307 2412 αγὰγετε
321 2378 388 2413 πρὸς
409 2378 452 2413 μὲ,
470 2379 516 2404 καὶ
535 2378 667 2405 ἀκούσατε
682 2379 776 2406 ταῦτα.
793 2381 850 2407 Οὐκ
865 2381 911 2407 ἀπ’
925 2382 974 2417 ἀρ-

187 2425 238 2459 χῆς
251 2425 279 2450 ὲν
299 2425 389 2460 κρυῳῇ
404 2424 548 2460 λελάληκα.
570 2425 666 2452 Ἦνίκα
681 2426 798 2460 ἐγένετο,
819 2427 877 2454 ἐκεῖ
888 2428 972 2463 ἤμην.

1275 1804 1278 1807 “
1323 1797 1438 1825 CAPUT
1459 1795 1504 1823 Vl.

1022 1849 1098 1884 Quod
1116 1847 1205 1884 Isaias
1223 1844 1345 1873 similiter
1359 1848 1388 1870 ut
1401 1842 1497 1884 David,
1509 1841 1586 1872 duos,
1598 1839 1705 1884 Patrem

1055 1874 1121 1912 fiunt
1135 1874 1288 1917 rcuttﬁlemr,
1308 1884 1333 1917 et
1349 1886 1440 1917 eorum
1460 1877 1575 1904 alterunt
1591 1875 1706 1917 universi
1723 1874 1807 1909 Opifi-

1059 1928 1124 1950 cem,
1141 1912 1361 1953 quemadmodum
1375 1914 1426 1948 ipsi
1443 1919 1543 1948 quoque
1559 1912 1701 1937 credimus.

1059 1976 1068 1992 ‹
1091 1965 1161 1993 Audi
1187 1972 1240 1996 me,
1266 1962 1360 1993 Iacob,
1387 1964 1415 1988 et
1438 1959 1523 1987 Israel
1546 1965 1627 1993 quem
1652 1965 1704 1991 ego
1726 1963 1806 1984 voco.

1021 2012 1078 2047 Ego
1103 2018 1163 2039 sum
1191 2009 1307 2045 primus,
1335 2011 1362 2034 et
1387 2013 1437 2041 ego
1465 2012 1526 2032 sum
1555 2005 1583 2031 in
1610 2006 1753 2033 aeternum,
1782 2004 1810 2028 et

1023 2067 1122 2087 manus
1157 2065 1217 2084 mea
1247 2054 1372 2082 fundavit
1402 2057 1522 2084 terram,
1560 2049 1639 2084 231
1677 2052 1705 2075 et
1741 2048 1811 2075 dex-‘

1022 2109 1080 2132 tera
1111 2111 1170 2130 mea
1202 2099 1384 2130 consolidavit
1414 2098 1511 2126 callos.
1543 2094 1654 2122 Vocaho
1687 2102 1755 2126 eos,
1783 2098 1811 2121 et

1023 2151 1134 2178 stabunt
1156 2148 1248 2180 simul,
1264 2151 1291 2174 et
1314 2144 1552 2180 congregabuntur
1577 2148 1689 2172 omnes,
1711 2143 1738 2166 ct
1760 2146 1811 2165 au-

1023 2197 1107 2228 dient,
1130 2196 1192 2231 quis
1210 2194 1250 2222 eis
1268 2191 1442 2219 annuntiavit
1467 2190 1534 2216 hare.
1552 2187 1685 2214 Dominus
1705 2186 1752 2220 qui
1769 2184 1812 2211 di-

1024 2241 1081 2276 ligit
1095 2245 1122 2267 te
1130 2229 1146 2274 ,ἡ
1159 2239 1222 2267 fecit
1233 2238 1399 2265 voluntatem
1414 2239 1488 2261 tuam
1507 2233 1534 2260 in
1550 2232 1702 2267 Babylone,
1718 2233 1747 2256 ut
1759 2229 1811 2256 tol-

1023 2288 1091 2314 leret
1104 2294 1196 2314 semen
1213 2283 1413 2311 Chaldaaorum.
1431 2280 1489 2315 Ego
1502 2279 1612 2306 locutus
1630 2285 1702 2308 sum,
1715 2280 1741 2303 et
1761 2283 1811 2310 ego

1024 2333 1117 2361 vocavi
1134 2340 1141 2365 ;
1156 2331 1220 2358 duxi
1238 2338 1298 2357 eum
1310 2349 1317 2360 ,
1343 2332 1370 2356 et
1387 2326 1474 2354 direxi
1501 2325 1572 2353 viam
1588 2324 1667 2359 ejus:
1686 2322 1812 2350 adducite

1024 2380 1058 2407 ad
1074 2388 1126 2412 me,
1143 2383 1169 2406 et
1184 2378 1275 2405 audite
1293 2377 1359 2403 luce.
1374 2374 1433 2402 Non
1450 2373 1484 2400 ab
1502 2372 1579 2399 initio
1600 2372 1627 2399 in
1649 2370 1756 2398 occulto
1771 2369 1812 2396 lo-

1025 2430 1104 2454 cutus
1125 2432 1196 2452 sum.
1211 2422 1326 2456 Quando
1342 2421 1431 2451 ﬁebat,
1448 2418 1503 2446 illic
1521 2425 1595 2444 cram
1611 2426 1616 2443 :
1635 2420 1662 2443 et
1674 2422 1747 2441 nunc
1758 2414 1812 2441 Do-

188 2470 244 2496 Καὶ
257 2469 303 2497 νῦν
314 2469 414 2505 Κύριος
425 2470 526 2505 Κύριος
540 2471 692 2498 ἀπέσταλκε
705 2480 750 2506 με,
761 2473 808 2498 καὶ
823 2473 852 2499 τὸ

1026 2473 1117 2500 minus
1133 2469 1264 2508 Doytinus
1279 2467 1354 2495 misit
1368 2474 1421 2497 me,
1433 2468 1460 2492 et
1471 2464 1584 2498 spiritus
1598 2463 1657 2496 ejus
1671 2461 1702 2487 ’9.
1719 2470 1728 2486 ι
1739 2460 1812 2488 Con-

187 2515 282 2543 αὑτοῦ,
301 2525 311 2541 ›
330 2516 400 2552 Ὅρα
427 2516 459 2550 δὴ
484 2517 531 2543 καὶ
559 2517 605 2543 νῦν
631 2517 690 2544 τίνα
714 2518 813 2553 τρόπον
836 2519 849 2545 ὁ
873 2519 971 2553 φήσας,

189 2572 198 2587 ι
227 2562 297 2596 Ἐγώ
310 2563 367 2597 εἰμι
383 2564 397 2589 6
413 2562 530 2598 πρῶτος,
547 2564 593 2590 καὶ
609 2563 664 2598 ἐγώ
678 2565 733 2600 εἰμι
748 2566 787 2597 εἰς
810 2565 855 2592 τὸν
877 2565 971 2597 αἰῶνα,

186 2609 202 2634 6
225 2608 274 2644 τὴν
287 2608 338 2644 γῆν
351 2609 398 2635 καὶ
413 2609 456 2635 τὸν
468 2609 497 2635 οὗ
503 2609 580 2644 ρανὸν
594 2611 805 2646 συστησάμενος,
826 2620 835 2636 ι
852 2611 973 2646 ἐναργῶς

185 2654 274 2686 οὕτως
299 2654 466 2681 ἀπεστάλθαι
492 2655 618 2690 ὁμολογεῖ
645 2655 697 2682 ὑπὸ
722 2656 826 2691 Κυρίου
858 2657 971 2692 Κυρίου,

186 2699 260 2726 οὕτω
275 2700 321 2726 τὸν
334 2699 443 2735 Πατέρα
466 2700 588 2736 συνήθως
604 2700 644 2733 δὶς
664 2701 765 2737 Κύριον
791 2702 974 2738 ἀναγορεύων,

187 2745 227 2776 ὼς
242 2744 274 2771 ἂν
288 2745 359 2780 ἔχοις
381 2747 428 2773 καὶ
451 2746 553 2782 ταύτην
567 2747 766 2782 ἀναμφίλεκτον
785 2748 831 2775 τοῦ
845 2747 976 2784 ζητουμέ-

185 2799 233 2817 νου
248 2790 298 2826 τὴν
316 2791 477 2826 μαρτυρίαν,
496 2792 607 2828 Πρῶτον
625 2792 652 2818 δὲ
676 2793 756 2819 αὑτὸν
776 2793 814 2824 ὡς
836 2794 864 2819 ὲν
878 2802 975 2829 γεννη-

186 2839 244 2868 τοῖς
259 2837 379 2869 εὐσεεῖῶς
393 2836 460 2864 εἷναι
474 2838 558 2873 λέγει,
572 2839 621 2874 τὴν
637 2838 753 2874 ἄναρχον
770 2840 816 2866 καὶ
830 2839 975 2875 ἀγέννητον

224 2904 247 2920 ³³
259 2903 310 2932 lsa.
330 2912 423 2936 ςωίιι.
444 2904 538 2932 12-16.

1027 2517 1127 2548 sidera,
1141 2505 1243 2551 qu’aeso,
1259 2515 1314 2546 hic,
1327 2519 1446 2548 quonam
1463 2510 1543 2537 modo
1554 2509 1599 2543 qui
1614 2506 1683 2534 dixit
1697 2515 1704 2532 :
1725 2515 1735 2531 ‹
1755 2505 1811 2540 Ego

1027 2572 1087 2592 sum
1103 2563 1217 2598 primus,
1229 2565 1255 2588 et
1268 2567 1318 2595 ego
1344 2566 1405 2586 sum
1421 2558 1448 2584 in
1463 2560 1605 2585 aeternum,
1632 2552 1680 2588 qui
1708 2556 1812 2579 terrain

1026 2615 1054 2638 et
1066 2597 1165 2637 ctelum
1175 2605 1365 2638 condiditgita
1379 2605 1458 2639 plane
1471 2610 1500 2629 εει
1510 2601 1623 2628 missum
1636 2606 1698 2626 esse
1712 2597 1812 2625 fatetur

1026 2664 1042 2683 a
1059 2655 1174 2682 Domino
1191 2652 1316 2680 Domino.
1344 2649 1390 2677 Sic
1404 2649 1476 2676 enim
1491 2646 1599 2673 Patrem
1613 2644 1755 2672 consuevit
1768 2642 1812 2671 bis

1025 2700 1171 2728 Dominqu
1182 2697 1328 2733 appellare.
1343 2693 1528 2729 ltaquehabes
1540 2691 1592 2718 hoc
1609 2697 1717 2725 quoque
1731 2689 1812 2716 indu-

1025 2747 1152 2777 bitatum,
1166 2744 1199 2771 de
1215 2751 1247 2771 eo
1264 2743 1297 2770 de
1313 2749 1367 2776 quo
1380 2739 1523 2776 quaeritur,
1538 2736 1724 2765 testimonium
1752 2733 1812 2762 Pri-

1025 2799 1100 2819 mum
1116 2797 1179 2818 vero
1194 2789 1268 2817 illum
1285 2788 1329 2814 hic
1346 2786 1413 2813 dicit
1430 2793 1491 2812 esse
1509 2784 1641 2820 propheta
1655 2802 1662 2815 ,
1680 2789 1759 2817 quem
1782 2780 1812 2808 in

1002 2866 1006 2871 ,
1026 2839 1060 2866 iis
1074 2846 1134 2874 qua:
1147 2837 1237 2873 genita
1254 2838 1317 2863 sunt
1337 2833 1378 2868 pie
1402 2833 1486 2860 colit:
1506 2838 1568 2859 nam
1584 2837 1644 2866 qua:
1665 2829 1724 2858 sine
1736 2827 1813 2863 prin-
