2084 3216
264 139 318 169 379

613 138 749 166 EUSEBII
767 134 1007 168 CESARIENSIS
1017 139 1092 168 OPP.
1111 140 1200 169 PARS
1219 141 1254 169 li.
1272 156 1307 162 —
1325 139 1575 168 APOLOGETICA.

1844 139 1896 168 380

265 197 338 233 cipio
350 200 401 230 est,
414 205 529 233 quisque
541 197 631 233 genita
649 206 705 225 non
717 203 770 231 est,
785 199 917 232 essentia,
929 207 989 227 eam
1011 203 1051 226 at-

1115 201 1149 228 :al.
1162 202 1212 238 τὴν
1225 202 1295 238 ὑπὲρ
1308 202 1339 228 τὸ
1355 201 1462 237 πρῶτον
1475 201 1572 228 οὐσίαν
1585 199 1729 235 ἀπονέμων
1743 199 1782 235 τῷ
1796 200 1886 235 Πατρί

265 243 361 270 tribuit
377 242 462 270 Patri.
480 242 602 270 Primum
618 244 690 270 enim
721 244 749 270 in
764 245 856 280 aliquo
881 245 984 280 majore
1004 253 1055 272 nu-

266 297 343 316 mero
369 289 516 321 antecedit,
534 293 561 316 et
579 289 683 316 honore
708 294 790 325 atque
813 290 910 318 ordine
937 291 1059 326 praeponi

267 335 357 363 solet:
373 335 445 370 quod
473 335 580 369 quidem
607 335 765 370 neutiquam
791 335 866 363 Patri
886 337 1054 364 conveniat:

268 388 325 408 non
346 381 418 407 enim
441 388 537 407 eorum
561 388 622 415 quae
641 381 731 416 genita
747 385 811 408 sunt
835 381 939 417 primus
957 385 998 409 est
1013 390 1060 409 su-

268 433 380 462 premus
395 426 481 460 Deus,
499 426 628 460 quoniam
646 434 679 453 ne
690 427 852 462 principium
867 427 975 462 quidem
986 428 1059 455 illius

269 472 355 498 ullum
372 472 520 507 excogitari
539 475 638 507 potest,
659 472 706 499 sed
721 476 764 499 est
781 473 852 499 ultra
867 473 997 508 primum,
1010 477 1057 499 ut-

269 520 333 550 pote
359 516 406 551 qui
436 516 552 550 primum
575 516 633 550 ipse
657 517 796 551 genuerit,
817 521 898 552 atque
928 522 957 544 ut
974 521 1056 550 esset,

269 561 365 589 fecerit
384 571 392 588 :
411 561 629 596 quandoquidem
653 562 740 589 solum
769 562 893 590 divinum
918 562 1057 594 Verbum,

270 609 392 635 omnium
407 616 501 636 eorum
515 617 575 644 qua!
589 609 681 644 genita
694 613 768 643 sunt,
780 610 896 644 primum
909 609 971 644 jure
987 617 1059 636 nun-

270 661 396 691 eupatur.
415 657 482 684 Cum
496 664 562 691 ergo
577 660 744 692 quareretur
768 657 797 684 in
812 657 870 689 illo,
887 667 896 683 ι
916 657 975 692 ipse
989 657 1058 684 dixit

270 708 296 729 et
314 702 386 729 facta
410 706 485 734 sunt,
503 703 561 737 ipse
584 702 722 729 mandavit
743 706 770 729 et
796 706 887 730 creata
908 707 973 731 sunt
988 703 1023 736 ⁸⁸,
1046 712 1056 729 ι

271 748 379 774 cuinam
401 747 580 774 creandarum
598 755 689 774 rerum
716 747 886 776 mandaverit
909 748 1059 783 opiﬁcium,

272 801 345 820 nunc
363 793 505 827 perspicue
521 793 735 821 demonstratum
757 797 817 826 est,
841 793 915 829 quod
936 794 1061 821 videlicet

1109 248 1145 274 Τὸ
1165 248 1272 283 γάρτοι
1294 247 1401 283 πρῶτον
1417 246 1533 282 ἀριθμοῦ
1552 245 1674 277 τιλείονος
1691 246 1809 280 ἡγεῖται,
1829 245 1896 280 τιμῇ

1108 294 1155 320 καὶ
1170 293 1244 325 τάξει
1260 290 1479 329 προτεταγμένον
1491 300 1497 307 ·
1516 293 1585 327 ὅπερ
1599 292 1649 317 οὐκ
1665 291 1698 318 ἂν
1714 290 1761 317 ἐπὶ
1776 291 1827 317 τοῦ
1839 291 1897 317 Πα-

1107 339 1171 375 τρὸς
1185 340 1348 374 ἁρμόσειεν·
1365 339 1395 365 οὐ
1420 338 1475 373 γὰρ
1488 338 1520 373 δὴ
1537 337 1675 372 γεννητῶν
1694 336 1803 372 πρῶτος
1821 337 1836 362 ὁ
1850 335 1899 362 ἐπὶ

1108 385 1217 411 πάντων
1231 384 1308 415 Θεὸς,
1323 384 1385 410 ἐπεὶ
1402 383 1464 419 μηδ’
1485 384 1555 418 ἀρχή
1577 392 1620 414 τις
1636 383 1782 409 ἐπινοεῖται
1796 381 1878 408 αὐτοῦ
1888 389 1896 396 ·

1108 430 1236 457 ὲήκεινα
1252 430 1273 455 δ’
1287 431 1320 456 ἂν
1335 430 1377 464 εἴη
1393 429 1438 455 καὶ
1453 428 1583 455 ἀνωτάτω
1602 427 1648 454 τοῦ
1664 427 1783 463 πρώτου,
1803 427 1850 453 ἅτε
1865 426 1898 461 δὴ

1109 474 1190 507 αὐτὸς
1206 475 1252 501 καὶ
1268 475 1298 501 τὸ
1314 474 1420 509 πρῶτον
1445 474 1579 508 γεννήσας
1594 473 1641 500 καὶ
1665 473 1897 508 ὑποστησάμενος,

1110 520 1191 554 μόνου
1213 519 1260 547 τοῦ
1283 519 1357 546 Θείου
1371 519 1458 552 Λόγου
1476 518 1584 544 πάντων
1599 517 1651 543 τῶν
1665 516 1768 551 θνητῶν
1789 515 1899 551 πρώτου

1108 565 1332 602 χρηματίζοντος.
1350 564 1519 600 Ζητουμένου
1532 564 1560 590 δὲ
1573 563 1637 599 ἄρα,
1649 563 1719 589 κατὰ
1733 562 1772 594 τὸ,
1790 573 1800 587 ‹
1814 562 1900 593 Αὐτὸς

1109 609 1182 643 εἷπε,
1197 611 1243 637 καὶ
1266 610 1451 646 ἐγενήθησαν
1473 609 1554 640 αὐτὸς
1577 608 1737 639 ἐνετείλατο,
1759 607 1805 633 καὶ
1827 606 1901 632 ἐκτί-

1110 658 1223 693 σθησαν,
1249 667 1258 683 ι
1284 657 1337 684 τίνι
1361 656 1410 692 τὴν
1432 655 1486 683 τῶν
1510 655 1646 690 γεννητῶν
1671 653 1827 680 ἐντέταλται
1852 653 1902 689 δη-

1112 704 1266 740 μιουργίαν,
1280 703 1327 730 νῦν
1341 702 1434 737 σαφῶς
1447 702 1643 731 ἀποδέδεικται,
1659 701 1699 727 ὅτι
1715 700 1754 735 τῷ
1769 701 1900 735 φήσαντι·

1113 758 1122 774 ι
1147 749 1179 775 Ἤ
1194 749 1255 784 χείρ
1274 757 1323 784 μου
1339 747 1502 783 ἐθεμελίωσε
1518 747 1567 782 τὴν
1584 747 1646 781 γῆν,
1661 746 1709 773 καὶ
1721 747 1738 782 ἡ
1758 744 1833 777 δεξιά
1851 753 1902 780 μου

1111 795 1262 831 ὲστερέωσε
1277 795 1323 821 τὸν
1338 794 1452 830 οὐρανόν
1462 802 1469 810 '
1489 803 1498 819 ι
1521 793 1551 825 ὃς
1572 793 1618 820 καὶ
1633 793 1701 828 πρὸς
1716 792 1763 818 τοῦ
1782 792 1905 827 κρείττο-

271 840 296 866 ei
313 839 358 874 qui
375 839 443 866 dixit
465 849 470 866 :
497 849 508 865 ι
527 838 622 867 Manus
654 847 714 866 mea
742 839 866 867 fundavit
892 845 991 867 terram
1005 860 1012 871 ,
1033 844 1061 867 et

1115 850 1158 873 νος
1170 841 1339 867 ἀπεστάλθαι
1359 840 1485 876 ὁμολογεῖ
1507 840 1593 874 λέγων
1603 847 1610 854 ⁸
1628 849 1637 865 ι
1656 839 1714 865 Νῦν
1729 838 1832 874 Κύριος
1845 838 1904 865 Κύ-

272 873 366 912 ᾱρτῑὲα
384 892 443 912 mea
459 885 638 912 consolidavit
653 885 751 912 cmlum
766 895 774 911 ›
785 886 831 920 qui
850 886 931 913 etiam
948 893 977 913 se
987 885 1062 912 aPa-

1115 895 1171 922 ριος
1191 886 1345 913 ἀπέσταλκέ
1365 873 1408 921 με,
1430 873 1477 911 καὶ
1495 884 1525 911 τὸ
1548 883 1657 919 πνεῦμα
1671 882 1764 910 αὐτοῦ.
1776 873 1794 908 7»
1814 881 1864 917 Eii}
1881 881 1903 907 δ’

273 935 316 958 tre
331 931 443 958 missum
464 938 526 958 esse
542 930 685 957 conﬁtetur
701 930 748 957 ubi
775 931 830 957 ait:
849 939 858 955 ι
877 929 955 957 Nunc
970 929 1062 956 Domi-

272 983 326 1003 nus
346 975 475 1002 Dominus
493 975 567 1003 misit
581 983 635 1007 me,
649 979 676 1002 et
691 975 804 1011 spiritus
822 975 892 1009 ejus.
912 985 922 1001 ι
941 974 999 1001 Erit
1014 982 1063 1001 au-

273 1025 328 1048 tem
344 1020 414 1048 Deus
433 1021 547 1048 Verbum
569 1021 615 1056 qui
637 1021 695 1048 haec
719 1021 803 1052 dicat.
819 1030 829 1046 ι
848 1020 957 1056 quando
973 1019 1063 1048 Verbo

274 1065 381 1093 Domini
396 1066 458 1093 mali
477 1065 575 1093 ﬁrmati
590 1070 664 1098 sunt,
679 1073 732 1093 rex
745 1074 778 1094 eo
793 1065 894 1094 Psalmi
908 1065 968 1092 loco
980 1072 1061 1100 quam

273 1119 357 1147 supra
378 1113 575 1147 apposuimus:
597 1112 644 1140 sed
661 1112 732 1140 enim
757 1120 818 1140 cum
844 1113 932 1147 ipsum
950 1119 1060 1147 quoque

273 1156 322 1184 Dei
340 1156 458 1184 Verbum
469 1176 476 1189 ,
497 1157 605 1184 Domini
616 1158 795 1192 appellatione
811 1162 839 1184 ut
854 1157 925 1185 Deus
938 1157 1062 1185 celebre-

274 1206 331 1234 tur,
348 1207 438 1230 tamen
460 1203 549 1238 ipsum
572 1207 675 1238 patrem
691 1203 834 1230 Dominum
845 1223 852 1236 ,
869 1203 988 1230 maxima
1002 1211 1065 1230 cum

275 1249 427 1276 reverentia
441 1256 474 1276 ac
494 1250 592 1283 pietate
608 1249 651 1277 bis
668 1249 812 1276 Dominum
828 1249 964 1284 appellat,
989 1253 1019 1276 ut
1036 1249 1064 1277 in

275 1301 309 1321 eo
327 1294 483 1321 diversitate
495 1294 614 1322 nominis
629 1297 730 1322 utatur.
751 1303 761 1320 ‹
778 1293 857 1321 Nunc
874 1303 884 1319 ι
901 1294 974 1321 enim
985 1313 992 1326 ,

275 1339 347 1374 quit,
366 1348 375 1365 ι
391 1339 522 1367 Dominus
539 1340 681 1371 Dominus
699 1340 772 1368 misit
787 1347 829 1367 me
840 1359 848 1372 ,
869 1349 878 1366 ι
895 1344 989 1375 utpote
1003 1348 1067 1368 cum

276 1381 358 1412 Pater
370 1389 396 1412 et
407 1385 478 1413 Deus
491 1386 537 1417 sit,
553 1390 579 1413 et
596 1391 649 1413 tam
664 1386 708 1413 sui
726 1386 859 1420 unigeniti
879 1385 970 1418 Verbi,
983 1393 1065 1421 quam

277 1439 371 1458 eorum
383 1432 514 1463 omnium,
527 1432 606 1467 232
619 1439 678 1467 qua:
690 1433 736 1459 illo
749 1432 885 1467 posterius
901 1431 971 1459 facta
987 1436 1064 1466 sunt,

277 1481 393 1508 quorum
408 1481 468 1501 cum
484 1479 642 1510 potestatem
657 1483 689 1502 ac
700 1476 849 1503 dominium
861 1483 876 1503 a
888 1475 968 1504 Patre
978 1476 1066 1512 ipsum

1113 933 1146 960 ἂν
1162 934 1176 959 ό
1200 933 1266 963 Θεὸς
1291 932 1377 966 Λόγος
1399 931 1446 958 καὶ
1468 930 1554 958 ταῦτα
1579 930 1700 965 φάσκων,
1722 938 1732 955 ι
1750 928 1844 963 ἐπειδὴ
1866 927 1906 963 τῷ

1114 979 1193 1013 Λόγῳ
1212 978 1316 1013 Κυρίου
1334 978 1358 1004 οἰ
1374 977 1485 1012 οὐρανοὶ
1500 975 1716 1010 ἐστερεώθησαν,
1737 984 1746 1000 ι
1765 974 1836 1001 κατὰ
1856 973 1906 1010 τὴν

1113 1024 1168 1051 ἀπὸ
1180 1023 1226 1050 τοῦ
1240 1022 1347 1058 ψαλμοῦ
1365 1022 1526 1058 παράθεσιν.
1544 1021 1618 1057 Πλὴν
1632 1020 1710 1053 ἀλλὰ,
1722 1021 1747 1046 εί
1764 1020 1811 1047 καὶ
1825 1019 1906 1051 αὐτὸς

1115 1070 1129 1096 ὁ
1145 1069 1192 1096 τοῦ
1209 1068 1277 1095 Θεοῦ
1292 1068 1378 1102 Λόγος
1399 1069 1432 1102 τῇ
1454 1067 1563 1100 Κύριος
1581 1065 1746 1100 θεολογεῖται
1770 1072 1906 1100 προσηγο-

1117 1115 1172 1150 ρίᾳ,
1189 1115 1263 1149 ὅμως
1277 1113 1322 1140 τὸν
1334 1112 1464 1139 ἀνωτάτω
1477 1112 1525 1138 καὶ
1538 1111 1679 1146 κρείττονα
1695 1109 1805 1145 Πατέρα
1821 1108 1905 1135 αὑτοῦ

1116 1161 1163 1186 καὶ
1181 1159 1283 1195 Κύριον
1299 1157 1327 1186 εὖ
1345 1158 1418 1194 μάλα
1433 1157 1552 1189 εὐσεϐῶς
1571 1157 1611 1188 δὶς
1626 1155 1727 1191 Κύριον
1743 1155 1824 1182 αὑτὸν
1841 1155 1906 1182 ἀνα-

1115 1205 1202 1238 καλεῖ,
1211 1205 1249 1240 τῷ
1262 1205 1382 1240 διαφόρῳ
1393 1203 1534 1240 χρώμενος
1541 1203 1584 1228 ἐπ’
1593 1201 1674 1229 αὐτοῦ
1689 1201 1811 1236 ὀνόματι.
1823 1209 1832 1226 ι
1851 1199 1905 1226 Καὶ

1116 1251 1163 1278 νῦν
1177 1260 1186 1276 ι
1196 1251 1345 1286 γὰρμρησὶ,
1365 1260 1374 1275 ι
1385 1249 1488 1284 Κύριος
1499 1248 1599 1283 Κύριος
1613 1245 1766 1274 ἀπέσταλκε
1776 1253 1820 1280 με,
1833 1254 1842 1270 ι
1856 1244 1908 1270 ὠσ-

1118 1296 1149 1323 ὰν
1165 1297 1267 1331 κυρίως
1283 1296 1360 1327 ὄντος
1375 1295 1421 1322 τοῦ
1439 1295 1485 1320 ἐπὶ
1502 1294 1610 1320 πάντων
1632 1291 1699 1318 Θεοῦ
1716 1290 1835 1326 πρώτου,
1859 1289 1907 1316 καὶ

1117 1340 1223 1376 ἀληθῶς
1239 1340 1342 1376 Κυρίου
1365 1339 1448 1365 αὐτοῦ
1463 1347 1493 1364 τε
1508 1337 1555 1364 τοῦ
1578 1335 1740 1372 μονογενοῦς
1756 1333 1838 1361 αὑτοῦ
1854 1333 1906 1360 A6-

1116 1395 1176 1422 γον,
1193 1386 1240 1413 καὶ
1253 1386 1307 1412 τῶν
1325 1387 1384 1421 μετ’
1398 1385 1478 1412 αὐτὸν
1493 1383 1628 1419 γεννητῶν
1643 1382 1779 1414 ἁπάντων,
1794 1379 1854 1407 καθ’
1868 1376 1907 1406 ὧν

1117 1432 1251 1469 δευτέρως
1267 1433 1316 1468 τὴν
1332 1432 1429 1467 κυρίαν
1447 1431 1493 1457 καὶ
1509 1428 1666 1456 δεσποτείαν
1687 1427 1761 1464 παρὰ
1779 1427 1826 1454 τοῦ
1848 1427 1905 1453 Ila-

1117 1479 1181 1516 τρὸς
1199 1480 1214 1505 ὁ
1230 1477 1277 1505 τοῦ
1296 1477 1363 1504 Θεοῦ
1386 1477 1471 1510 Λόγος
1496 1475 1704 1510 ἀναδεξάμενος,
1729 1472 1773 1501 οἷα
1796 1475 1906 1509 γνήσιος

277 1518 325 1547 Dei
339 1519 458 1547 Verbum
479 1522 633 1555 acceperit,
662 1526 791 1558 tanquam
812 1523 847 1554 is,
860 1524 906 1559 qui
922 1529 950 1551 ct
977 1524 1063 1559 legiti-

1119 1526 1183 1557 Υἰὺς
1195 1525 1241 1551 καὶ
1261 1523 1419 1559 μονογενὴς,
1437 1521 1562 1557 δεύτερος
1582 1520 1694 1552 εἰκότως
1711 1520 1758 1547 καὶ
1774 1520 1855 1552 αὐτὸς
1873 1519 1908 1547 ἂν

277 1573 350 1598 mus,
365 1570 392 1592 et
407 1567 504 1594 unicus
518 1567 603 1595 Filius
618 1569 664 1601 sit.
682 1569 779 1596 merito
795 1570 876 1597 etiam
890 1570 947 1605 ipse
964 1570 998 1597 ab
1019 1570 1063 1602 iis,

1118 1556 1237 1602 εὐσεϐῶς
1250 1556 1302 1606 έρη
1308 1556 1415 1605 ματίζοι
1433 1556 1545 1605 Κύριος.

279 1611 326 1645 qui
341 1614 367 1638 et
384 1611 427 1646 pie
442 1615 469 1638 et
486 1612 613 1648 religiose
624 1613 713 1641 colere
728 1613 813 1642 Deum
827 1615 932 1648 volunt,
947 1615 1068 1651 appella-

278 1656 353 1684 bitur
367 1656 511 1685 Dominus.

579 1715 693 1743 CAPUT
715 1716 770 1744 νη.

280 1772 300 1798 Α
321 1771 424 1799 Genesi.
440 1787 475 1791 ——
490 1771 566 1804 Quod
579 1773 659 1799 etiam
681 1773 814 1800 maximus
839 1774 886 1801 Dei
904 1783 993 1802 servus
1009 1775 1071 1803 Ma-

315 1815 370 1845 ξοδ,
406 1807 433 1834 in
469 1807 559 1845 mundi
580 1808 775 1845 fabricatione,
810 1810 929 1845 cognouit
957 1811 1066 1838 Patrem

317 1841 450 1875 Deumque
471 1841 596 1874 universi,
613 1852 671 1870 cum
686 1843 770 1871 altera
782 1841 1017 1873 cominunicnnlem
1035 1846 1066 1873 de

317 1876 428 1903 hominis
443 1877 558 1910 opiﬁcio,
581 1878 627 1904 hoc
647 1886 726 1912 porro
741 1880 858 1906 divinum
880 1889 936 1908 esse
958 1881 1069 1908 Verbum

319 1917 378 1938 unle
397 1911 546 1938 didicimus.

320 2010 329 2025 ι
350 2000 382 2027 Et
397 2001 466 2028 dixit
482 2001 551 2030 Deus
564 2002 866 2031 :Faciamushominem
879 2003 913 2030 ad
923 2003 1069 2039 imaginem

283 2055 314 2074 ac
332 2048 535 2075 similitudinem
544 2049 705 2082 nostram",
723 2059 732 2076 ι
751 2054 778 2076 et
793 2057 890 2077 rursus
908 2059 914 2076 :
930 2059 939 2075 (
952 2049 984 2076 Et
997 2050 1068 2077 dixit

283 2092 366 2126 Deus,
380 2101 433 2120 non
453 2098 494 2120 est
509 2094 610 2121 bonum
624 2102 684 2122 esse
701 2095 837 2122 hominem
861 2095 948 2122 solum
960 2115 967 2127 ,
986 2095 1070 2122 facia-

282 2146 344 2166 mus
360 2139 398 2165 illi
412 2139 574 2173 adjutorium
584 2139 733 2167 secundum
747 2141 835 2174 ipsum
846 2140 938 2168 “.iAc
950 2149 984 2168 ne
994 2142 1067 2176 quis-

283 2185 355 2219 piam
372 2185 524 2219 suspicetur
538 2185 596 2212 haec
610 2185 644 2212 ad
663 2186 781 2221 Angelos
802 2186 875 2212 dicta
896 2185 992 2220 fuisse,
1009 2194 1071 2213 con-

1379 1714 1577 1741 ΚΕΦΑΛΑῘΟΝ
1602 1714 1637 1740 Ζ¹ι

1126 1774 1196 1802 Ἀπὸ
1213 1773 1268 1807 τῆς
1288 1773 1450 1804 Γενέσεως.
1466 1787 1501 1807 -έ
1518 1771 1562 1807 Ὡς
1588 1769 1637 1807 καὶ
1657 1771 1674 1796 ό
1694 1769 1836 1807 μέγιστος
1855 1767 1908 1807 ςσῦ

1155 1809 1227 1835 Θεοῦ
1237 1801 1384 1842 δάεράπων
1401 1801 1524 1842 Μωίζῆςᾷ
1535 1801 1571 1832 ἐκ
1591 1804 1628 1842 τῇ
1648 1801 1826 1842 κοάμοποιίᾳ
1846 1801 1909 1842 οἷᾷε

1154 1844 1269 1877 Πατέρα
1279 1838 1426 1875 ὂιαὶβεὸν
1436 1841 1496 1867 τῶν
1508 1840 1597 1877 ὅλων,
1615 1839 1704 1877 ἑτέρῳ
1715 1838 1908 1877 κοινολογοιῇ-

1152 1873 1246 1914 μενοῖθ
1266 1879 1317 1914 ἐπὶ
1392 1877 1444 1904 τοῦ
1468 1875 1624 1914 ἀνθρώπου
1640 1873 1908 1914 ὃτῃιιοιιργίᾳξφὺν

1155 1907 1235 1941 θεῖον
1260 1913 1294 1940 δὲ
1319 1907 1416 1948 Λόγον
1443 1907 1551 1937 τοῦτον
1575 1909 1652 1937 εἶναι
1673 1907 1907 1944 ἓτρομεμιιαθήιια-

1152 1958 1221 1984 μεν.

1158 2015 1168 2032 ‹
1188 2006 1243 2033 Καὶ
1266 2002 1343 2032 εἶπεν
1358 2005 1372 2030 ὁ
1396 2003 1480 2035 Θεός·
1507 2003 1668 2037 Ποιήσωμεν
1690 2001 1832 2036 ἄνθρωπον
1849 2002 1908 2027 κατ’

1120 2052 1212 2079 εἰκόνα
1221 2052 1354 2087 ἡμετέραν
1367 2051 1414 2077 καὶ
1427 2049 1486 2076 καθ’
1499 2048 1638 2084 ὁμοίωσιν·
1651 2057 1659 2073 ι
1670 2048 1717 2074 καὶ
1731 2045 1808 2078 αὖθις
1818 2054 1840 2072 ἰ
1852 2047 1909 2073 Καὶ

1121 2095 1196 2123 εἶπεν
1217 2097 1232 2122 ό
1250 2096 1334 2127 Θεός”
1355 2095 1392 2122 Οὐ
1419 2094 1500 2120 καλὸν
1532 2092 1600 2120 εἷναι
1622 2092 1668 2119 τὸν
1690 2092 1830 2128 ἄνθρωπον
1860 2093 1909 2126 μό-

1121 2152 1176 2174 νον,
1193 2142 1348 2177 ποιήσωμεν
1364 2140 1438 2175 αὐτῷ
1461 2139 1555 2174 βοηθὸν
1577 2139 1638 2165 κατ’
1661 2138 1750 2165 αὐτόν.
1766 2147 1776 2163 ι
1794 2139 1849 2165 Καὶ
1866 2138 1910 2164 ἵνα

1121 2197 1153 2223 γε
1168 2188 1204 2222 μή
1227 2195 1268 2218 τις
1285 2186 1353 2222 πρὸς
1378 2184 1509 2220 ἀγγέλους
1530 2184 1616 2211 ταῦτα
1631 2184 1756 2219 εἰρῆσθαι
1776 2184 1908 2219 νομίσειε,

283 2230 360 2256 tinuo
374 2229 494 2256 declarat
506 2237 568 2257 eum
582 2230 625 2257 cui
639 2230 802 2265 imperatum
815 2231 860 2263 sit,
874 2239 929 2258 non
945 2240 1007 2260 esse
1023 2239 1063 2258 an-

1121 2232 1292 2269 παραχρῆμα
1315 2231 1390 2267 δηλοῖ
1412 2231 1457 2258 τὸν
1482 2229 1695 2264 κεκελευσμένον
1721 2230 1770 2256 οὐκ
1794 2229 1909 2264 ἄγγελον

282 2275 371 2310 gelum
388 2275 453 2306 Dei.
476 2275 569 2303 dicens
588 2285 593 2303 :
615 2286 624 2301 ι
639 2275 672 2302 Et
686 2276 751 2304 fecit
766 2277 837 2305 Deus
858 2277 1007 2305 boniincm.
1035 2277 1074 2305 ad“

283 2322 426 2357 imaginem
439 2321 485 2349 Dci
500 2321 563 2349 fecit
576 2322 662 2349 illum.
677 2323 701 2338 ”
721 2333 731 2349 ι

568 2380 681 2408 CAPUT
701 2380 769 2407 Vill.

283 2434 438 2472 Ab_eadem.
461 2451 496 2455 —
521 2436 598 2469 Quod
623 2437 724 2472 quidem
742 2435 828 2464 Moses
856 2437 895 2464 bis
917 2437 1072 2470 planissime

319 2469 470 2530 Danaorum,
492 2471 548 2498 sine
564 2469 633 2499 ullis
653 2472 794 2499 involucris
808 2491 815 2504 ,
842 2469 982 2507 theologica
998 2481 1069 2499 com-

319 2513 375 2530 men
397 2510 434 2530 ιιι.

319 2510 434 2532 menaat.

323 2560 332 2575 ε
352 2549 398 2577 Sol
411 2555 488 2579 ortus
501 2555 542 2580 est
557 2560 638 2587 super
656 2557 755 2581 terram
769 2575 776 2587 ,
798 2558 825 2581 et
850 2553 900 2581 Lot
929 2554 1069 2589 ingressus

283 2600 325 2622 est
340 2596 367 2623 in
382 2595 476 2632 Segor,
490 2601 517 2625 et
532 2599 600 2633 pluit
623 2599 756 2628 Dominus
772 2608 853 2635 super
872 2600 989 2628 Sodoma
1013 2600 1069 2627 sul-

284 2641 328 2669 fur
341 2645 368 2669 et
392 2642 479 2678 ignem
497 2651 512 2670 a
533 2644 648 2672 Domino
665 2645 698 2674 “.
719 2655 729 2672 ›
747 2645 831 2673 Plane
858 2646 901 2674 bis
924 2646 1068 2673 Dominum

284 2686 418 2718 nominat.
430 2691 458 2714 et
477 2687 541 2715 huic
557 2688 637 2718 docet
651 2690 685 2717 ab
702 2691 749 2718 illo
762 2691 922 2718 mandatum
939 2699 1015 2724 esse,
1039 2695 1070 2718 ut

285 2732 383 2767 impios
399 2733 491 2761 debito
508 2735 643 2770 supplicio
665 2736 763 2764 alliciat
780 2747 786 2764 :
809 2737 908 2765 etenim
926 2738 988 2765 licet
1014 2745 1067 2765 non

285 2779 369 2806 semel
387 2779 529 2807 Dominum
544 2785 636 2815 aperte
651 2782 790 2815 dicamus,
808 2791 863 2811 non
878 2787 968 2811 tamen
985 2784 1067 2811 simili

1119 2279 1184 2305 ὄντα
1201 2278 1279 2310 Θεοῦ,
1295 2277 1391 2312 λέγων·
1407 2287 1415 2303 ι
1427 2277 1482 2303 Καὶ
1493 2276 1620 2311 ἐποίησεν
1636 2277 1650 2302 ὁ
1665 2276 1731 2308 Θεὸς
1745 2277 1790 2303 τὸν
1803 2275 1908 2311 ἄνθρω-

1120 2334 1170 2352 πον
1183 2333 1190 2341 ⁸
1213 2324 1272 2351 κατ’
1287 2323 1379 2350 εἰκόνα
1393 2322 1460 2349 Θεοῦ
1472 2323 1598 2357 ἐποίησεν
1608 2322 1699 2348 αὐτόν.
1721 2331 1730 2348 ι

1383 2380 1579 2407 ΚΕΦΑΛΑΙΟΝ
1601 2381 1642 2406 Η’.

1129 2437 1195 2465 Ἀπὸ
1210 2437 1264 2471 τῆς
1276 2436 1381 2471 αὐτῆς.
1395 2452 1427 2456 -—
1446 2437 1492 2469 Ὠς
1507 2438 1527 2462 ὁ
1544 2436 1635 2468 αὐτὸς
1653 2435 1764 2469 Μωσῆς
1783 2437 1838 2463 δύο
1852 2445 1907 2464 cap

1158 2473 1292 2507 φέστατα
1314 2473 1444 2506 Κυρίους
1466 2472 1713 2504 ἁνεπικαλύπτως
1730 2471 1871 2506 θεολογεῐ.

1161 2561 1171 2577 ι
1191 2551 1220 2577 '0
1239 2550 1314 2586 ἥλιος
1329 2549 1464 2577 ἀνέτειλεν
1478 2551 1524 2576 ἐπὶ
1539 2549 1588 2586 τὴν
1603 2550 1664 2584 γῆν,
1681 2549 1729 2576 καὶ
1742 2549 1804 2575 Λὼτ
1819 2549 1911 2585 εἰσῆλ-

1122 2597 1168 2623 θεν
1191 2598 1230 2628 είς
1241 2596 1349 2632 Σηγὼρ,
1366 2596 1414 2622 καὶ
1425 2595 1519 2631 ἔϐρεξε
1538 2595 1640 2631 Κύριος
1661 2595 1706 2621 ἐπὶ
1720 2594 1822 2629 Σόδομα
1838 2594 1912 2622 θεῖον

1122 2645 1169 2670 καὶ
1180 2643 1235 2679 πῦρ
1247 2643 1322 2678 παρὰ
1333 2642 1446 2678 Κυρίου.
1463 2651 1472 2668 ι
1491 2642 1588 2676 Σαφῶς
1601 2641 1726 2677 δεύτερον
1737 2640 1910 2677 ἀναγορεύει,

1121 2692 1150 2718 ὃν
1165 2692 1211 2717 καὶ
1229 2690 1348 2717 διδάσκει
1363 2689 1438 2725 παρὰ
1458 2688 1505 2714 τοῦ
1522 2689 1643 2723 μείζονος
1664 2688 1847 2723 ὲπιτρατέντα
1860 2687 1912 2723 τὴν

1123 2737 1193 2764 κατά
1206 2737 1259 2763 τῶν
1283 2735 1388 2762 ἀσεϐῶν
1411 2734 1573 2770 ποιήσασθαι
1596 2734 1740 2769 τιμωρίαν.
1760 2734 1833 2769 Πλὴν
1852 2732 1910 2760 ἀλλ’

1122 2786 1146 2810 εἰ
1158 2784 1204 2810 καὶ
1218 2783 1263 2809 δύο
1276 2783 1393 2818 Κυρίους
1406 2780 1630 2811 ἁνεπικαλύπτως
1646 2779 1838 2816 ὁμολογοῦμεν,
1852 2779 1912 2807 ἁλλῩ

320 2856 342 2871 ⁵⁸
357 2856 428 2885 Psal.
442 2864 526 2891 xxxii,
545 2858 571 2885 9.
611 2859 630 2874 δ’
647 2859 714 2886 Gen.
732 2867 750 2893 ι,
765 2859 810 2887 26.
849 2861 870 2876 δ’
885 2861 951 2889 Gen.
969 2869 999 2894 u,
1016 2861 1049 2888 i8

1115 2860 1201 2888 'Gcn.
1219 2869 1237 2893 ι,
1256 2860 1298 2886 97.
1331 2859 1352 2875 θλ
1369 2859 1434 2886 Ccn.
1452 2866 1507 2892 XIX,
1523 2857 1615 2891 25,24.
