2084 3216
189 156 239 184 381

660 154 984 183 DEMONSTRA'HONIS
1002 154 1241 183 EVANGELICIE.
1262 154 1326 181 LIB.
1349 153 1379 182 ν,

1757 153 1811 182 382

185 215 216 240 οὐ
235 213 281 239 καὶ
301 213 360 244 ταῖς
380 213 485 248 ὁμοίαις
500 212 543 238 ἐπ’
555 211 720 248 ἀμφοτέροις
738 212 868 248 χρώμεθα
885 211 965 239 θεολο

1026 212 1127 248 ubique
1141 212 1243 239 utimur
1255 211 1402 246 theologia,
1419 210 1467 238 sed
1485 209 1528 245 pia
1544 209 1676 244 quadam,
1696 216 1728 236 ac
1745 210 1810 235 reli-

185 259 273 293 γῑαις·
286 258 406 291 εὐσεϐῶς
425 258 453 284 δὲ
470 260 502 294 τῇ
517 258 591 291 τάξει
613 257 757 294 χρώμενοι,
771 259 817 286 τὸν
834 259 884 294 μὲν
903 259 973 286 ἀνω-

184 305 257 331 τάτω
275 304 384 340 Πατέρα
398 304 445 330 καὶ
458 303 523 330 Θεὸν
536 299 707 340 καῐΚύριον,
722 304 770 331 καὶ
782 303 829 330 τοῦ
845 298 971 339 δευτέρου

184 347 286 383 Κύριον
309 349 356 374 καὶ
382 348 446 374 Θεὸν
470 346 538 375 εἶναι
564 348 781 384 πεπαιδεύμεθαο
806 349 851 376 τὸν
870 349 899 375 δὲ
923 348 970 375 τοῦ

183 393 251 420 Θεοῦ
269 394 365 428 Λόγον,
380 394 426 420 τὸν
439 395 564 430 δεύτερον
572 394 684 431 Κύριον,
696 395 750 422 τῶν
765 395 814 431 μὲν
829 395 874 422 ὑπ’
890 395 971 422 αὐτὸν

183 440 328 474 δεσπότην,
343 440 392 467 οὺχ
413 440 453 467 ἔτι
475 441 502 467 δὲ
524 441 624 476 ὁμοίως
644 444 691 468 καὶ
707 440 754 468 τοῦ
779 441 910 476 μείζονος.
933 441 969 468 Οὐ

183 486 238 521 γὰρ
255 485 301 513 τοῦ
324 486 430 521 Πατρὸς
451 486 563 522 Κύριος,
591 487 651 514 οὐδὲ
675 486 721 514 τοῦ
736 487 842 524 Πατρὺς
862 487 938 520 Θεὸς,
954 488 969 514 ὁ

183 531 250 563 Θεὸς
264 532 359 566 Λόγος,
379 531 437 558 ἀλλ’
456 533 559 560 ἐκείνου
575 533 624 568 μὲν
638 532 728 566 εἰκὼν,
750 534 797 560 καὶ
811 534 906 568 Λόγος,
921 534 969 561 καὶ

184 578 277 611 σοφία,
290 577 337 604 καὶ
351 577 474 613 δύναμις,
490 578 544 605 τῶν
557 578 584 604 δὲ
600 579 657 614 μετ’
671 578 752 605 αὑτὸν
765 579 897 614 δεσπότης
914 579 970 605 Κύ-

184 630 252 657 ριος,
270 622 409 656 καὶ,Θεὸς’
427 624 442 649 ὸ
456 623 484 649 δέ
502 631 533 658 γε
549 624 642 659 Πατὴρ
658 623 763 650 καὶτοῦ
780 623 844 650 Υίοῦ
862 624 967 660 Πατὴρ,

182 668 229 694 καὶ
250 668 352 704 Κύριος
374 669 421 695 καὶ
442 669 517 700 Θεός.
534 669 614 696 Ὅθεν
639 669 750 700 εἰκότως
776 669 968 705 ἀνατρέχουσιν

182 714 222 744 εις
238 713 302 748 μίαν
316 713 402 750 ἀρχήν
411 723 418 729 ·
435 715 481 742 καὶ
494 717 532 747 εἰς
547 715 595 742 ἕνα
608 716 673 742 Θεὸν
687 716 842 743 συνίσταται
855 716 919 751 ήμῖν
932 715 967 742 τὰ

180 759 231 794 τῆς
241 759 369 791 εὐσεϐοῦς
386 760 533 795 θεολογίας.

1023 258 1100 293 giosa
1114 258 1291 285 distinctione
1307 260 1434 287 utentes,
1451 256 1526 283 illum
1547 255 1655 290 quidem
1675 259 1702 282 et
1726 254 1810 282 Deum

1022 308 1049 331 et
1063 303 1206 330 Dominum
1219 322 1227 335 ,
1248 302 1332 336 hujus
1346 302 1429 329 etiam
1446 300 1554 328 Patrem
1570 308 1631 328 esse
1648 299 1737 328 edocti
1765 309 1812 328 su-

1022 357 1084 377 mus
1098 358 1106 381 ;
1124 349 1197 376 hunc
1208 356 1274 376 vero
1287 348 1388 383 ipsum,
1408 355 1488 382 quem
1504 352 1531 375 et
1558 346 1641 374 Verbi
1663 352 1690 373 et
1704 346 1810 373 Domini

1023 395 1202 431 appellatione
1212 394 1366 430 signiﬁcare
1377 393 1582 424 consuevimus,
1592 401 1686 420 eorum
1700 392 1810 427 quidem

1021 442 1068 478 qui
1081 445 1142 476 post
1150 441 1249 476 ipsum,
1261 445 1287 468 et
1301 441 1353 467 sub
1366 439 1426 474 ipso
1435 444 1508 471 sunt,
1516 447 1577 466 esse
1585 438 1741 470 Dominum,
1750 439 1811 473 ejus

1022 491 1111 514 autem
1123 488 1169 522 qui
1181 494 1264 514 unum
1279 493 1342 514 cum
1355 485 1414 520 ipso
1423 489 1477 518 est,
1494 485 1651 519 neutiquam
1663 484 1788 511 similiter
1800 494 1808 511 -.

1022 533 1102 568 233
1118 540 1206 567 neque
1225 532 1298 560 enim
1321 530 1409 558 Patris
1431 530 1577 562 Dominus,
1605 537 1694 564 neque
1719 528 1811 557 Patris

1021 578 1104 610 Deus,
1120 579 1144 605 is
1158 580 1205 614 qui
1225 583 1267 606 est
1295 577 1366 605 Deus
1383 576 1500 604 Verbum
1514 596 1522 608 ,
1545 576 1591 603 sed
1608 576 1681 603 illius
1700 575 1810 610 quidem

1022 623 1122 658 imago,
1140 628 1167 650 et
1182 623 1312 655 Verbum,
1330 627 1357 650 et
1373 622 1523 657 Sapientia,
1539 625 1566 649 et
1581 622 1686 653 virtus,
1713 628 1810 648 eorum

1021 677 1086 697 vero
1101 677 1162 705 qua).
1183 673 1246 704 post
1269 670 1359 704 ipsum
1389 669 1559 696 collocantur
1588 667 1731 694 Dominum
1761 667 1809 693 ha-

1019 716 1096 748 bens,
1124 719 1151 743 et
1177 715 1308 743 Dominus
1330 721 1356 742 et
1375 714 1447 742 Deus
1465 725 1471 742 :
1495 714 1539 742 ille
1556 722 1619 741 vero
1634 718 1736 741 cumet
1757 712 1810 739 Do-

1019 763 1119 794 minus,
1137 766 1163 789 et
1177 761 1249 789 Deus
1269 761 1322 793 sit,
1347 761 1429 788 etiam
1457 765 1534 796 pater
1551 764 1593 787 est
1612 759 1710 794 hujus,
1737 758 1810 786 sicut

180 803 226 831 hic
244 805 317 833 illius
335 809 377 833 est
398 806 492 834 Filius.
505 807 594 840 Quare
610 815 672 835 cum
684 807 710 834 hi
728 807 782 835 duo
799 816 883 836 unum
896 808 961 840 sint,
982 809 1079 836 merito
1107 816 1140 836 ea
1167 815 1228 843 qua:
1257 808 1290 835 ad
1309 807 1464 843 religiosam
1490 806 1655 842 theologiam
1674 805 1809 840 pertinent

179 849 305 878 inunum
319 852 481 888 principium
492 853 572 880 nobis
589 853 732 887 recidunt,
750 859 777 882 et
794 854 820 881 in
839 862 892 882 uno
907 854 962 882 Deo
980 855 1144 883 consistunt.

447 919 643 947 ΚΕΦΔΛΑΙΟΝ
666 920 694 947 Θ¹
698 940 705 948 .

186 983 268 1022 Ἀπὸ,
281 985 336 1019 τῆς
360 985 466 1022 αὐτῆς.
481 1002 517 1007 --
532 987 579 1020 Ὧς
606 989 622 1014 ὁ
637 987 729 1021 αὐτὸς
753 989 890 1022 θεράπων
917 989 972 1016 τὸν

216 997 971 1058 ἓὲὸὶηιῖόῗὲπῗιὲἧνῐῖἜὲὐὲεὲἔὶοὲεέῖρέἕὶωὲὐᾶἕῖ

216 1056 497 1100 προξενομιιτσμῇέιςον,
521 1057 558 1100 ἑνί
578 1057 733 1100 ἀνθρώπων
756 1067 788 1085 τε
798 1056 970 1100 μορῆἦκαὶ

217 1090 348 1152 illum?
359 1090 454 1126 ὦφθαι
468 1101 500 1119 τε
512 1092 560 1119 καὶ
571 1090 749 1128 χρηματίσαι
762 1090 825 1127 τοῖς
838 1090 972 1128 ,πὶιὶξὰιοῖς

230 1135 341 1160 στορει.

219 1192 230 1208 ι
255 1183 343 1217 Ὥιρθη
358 1183 385 1209 δὲ
400 1183 502 1219 Κύριος
518 1183 557 1219 τῷ
578 1184 712 1221 Ἀϐραὰμ,
725 1185 772 1212 καὶ
787 1183 862 1212 εἶπεν
877 1186 970 1222 αὐτῷ*

177 1227 225 1262 Τῷ
241 1228 377 1263 σπέρματί
394 1236 440 1255 σου
463 1228 540 1256 δώσω
558 1230 607 1265 τὴν
622 1230 674 1266 γῆν
688 1230 802 1267 ταύτην.
820 1241 828 1257 ι
850 1232 905 1258 Καὶ
918 1231 972 1258 πά-

177 1273 220 1299 λιν
231 1281 237 1287 ·
253 1282 262 1298 ι
285 1273 406 1307 Ἐγένετο
419 1272 543 1309 Ἀϐραὰμ
557 1274 624 1300 ἐτῶν
636 1275 810 1311 ἐννενήκοντα
820 1276 907 1309 ἐννέα,
922 1278 970 1304 καὶ

177 1318 258 1354 ὤφθη
267 1318 368 1354 Κύριος
379 1318 417 1354 τῷ
431 1319 564 1355 Ἀϐραὰμ,
579 1321 624 1347 καὶ
634 1319 710 1348 εἶπεν
727 1322 811 1357 αὐτῷ·
830 1322 899 1357 Ἐγώ
911 1323 969 1358 εἰμι

177 1365 193 1391 ὁ
203 1365 278 1396 Θεὸς.
289 1365 436 1401 Εὐαρέστει
451 1366 565 1393 ἐνώπιόν
588 1375 649 1402 μου,
661 1368 707 1394 καὶ
721 1368 797 1403 γίνου
813 1369 968 1404 ἄμεμπτος,

176 1410 226 1437 καὶ
233 1410 350 1450 ϐήσομαι
360 1411 408 1446 τὴν
425 1411 556 1447 διαθήκην
565 1421 614 1447 μου
624 1413 674 1440 ἀνὰ
684 1414 765 1449 μέσον
776 1415 844 1450 ἐμοῦ
858 1416 901 1443 καὶ
916 1415 969 1443 ἀνὰ

178 1445 324 1491 μέσῶγσου,
333 1458 379 1484 καὶ
388 1445 514 1493 πληθυνῶ
522 1445 552 1485 σε
558 1445 669 1495 σφόδρα.
677 1445 690 1485 ›⁷
697 1461 752 1487 Kal.
760 1445 847 1493 αὖθις·
861 1471 869 1487 ι
879 1462 968 1498 Ὠφθη

175 1502 207 1528 δὲ
222 1503 236 1528 ὁ
248 1502 313 1534 Θεὸς
328 1503 401 1539 αὐτῷ
413 1504 481 1539 πρὸς
499 1506 532 1540 τῇ
548 1504 607 1540 δρυῒ
621 1507 654 1541 τῇ
672 1506 967 1543 Μαμϐρῇ,καθημένου

175 1547 260 1575 αὑτοῦ
284 1550 329 1575 ἐπὶ
343 1550 392 1585 τῆς
406 1550 490 1585 θύρας
508 1552 556 1586 τῆς
577 1553 678 1588 σκηνῆς
690 1553 770 1580 αὑτοῦ
785 1555 965 1591 μεσημϐρίας.

1322 921 1438 949 CAPUT
1459 921 1507 950 lX.

1021 990 1059 1017 Ab
1079 990 1180 1018 eadem.
1192 1005 1227 1010 —
1239 990 1315 1023 Quod
1338 990 1408 1017 idem
1424 989 1508 1017 Deum
1532 989 1656 1020 Verbum,
1676 989 1810 1024 signiﬁcat

1056 1025 1140 1053 Deum
1161 1034 1191 1052 ac
1213 1025 1354 1052 Dominum
1372 1026 1445 1059 prius
1466 1026 1630 1051 nominatum
1652 1029 1677 1050 et
1696 1024 1809 1058 quodin

1057 1061 1168 1088 hominis
1190 1061 1287 1095 forma,
1307 1065 1332 1087 et
1349 1061 1445 1095 ﬁgura,
1465 1064 1490 1086 et
1505 1061 1588 1086 visum
1609 1067 1675 1091 esse,
1694 1066 1718 1085 et
1737 1060 1809 1086 anti-

1054 1096 1112 1130 quis
1126 1094 1251 1131 responsa
1265 1094 1376 1123 dedisse?
1388 1094 1539 1122 conscribit.

1059 1195 1068 1211 ι
1082 1185 1214 1221 Apparuit
1234 1189 1323 1213 autem
1339 1185 1471 1213 Dominus
1487 1185 1614 1216 Abrahae,
1637 1188 1664 1212 et
1679 1184 1748 1212 dixit
1760 1185 1784 1212 ei
1798 1193 1807 1211 :

1021 1229 1123 1258 Semini
1139 1235 1185 1258 tuo
1202 1230 1272 1257 dabo
1286 1235 1386 1257 terram
1401 1230 1510 1257 hanc”.
1525 1239 1534 1256 ι
1546 1229 1579 1256 Ει
1594 1237 1708 1256 rursus:
1720 1238 1729 1254 ‹
1744 1229 1809 1256 Erat

1019 1276 1158 1303 Abraham
1180 1283 1316 1303 annorum
1341 1276 1489 1310 nonaginta
1507 1283 1615 1307 novem,
1632 1279 1660 1302 et
1681 1275 1810 1310 apparuit

1020 1319 1152 1348 Dominus
1176 1321 1302 1352 Abrahae,
1323 1324 1349 1348 et
1375 1321 1445 1348 dixit
1470 1320 1494 1348 ei
1521 1328 1528 1347 ι
1559 1319 1615 1355 Ego
1635 1328 1695 1347 sum
1713 1320 1806 1347 Deus:

1019 1366 1089 1394 bene
1106 1366 1222 1401 placitus
1245 1367 1283 1394 sis
1305 1374 1398 1394 coram
1419 1374 1472 1398 me,
1495 1369 1523 1393 et
1545 1370 1604 1393 esto
1621 1365 1806 1400 inculpabilis,

1019 1416 1046 1440 et
1067 1420 1166 1448 ponam
1191 1416 1383 1441 testamentum
1403 1420 1494 1452 meum
1509 1412 1581 1440 inter
1603 1415 1630 1439 te
1654 1414 1686 1439 et:
1704 1419 1759 1446 me,
1780 1415 1808 1439 ct

1019 1459 1206 1494 multiplicabo
1229 1463 1257 1487 te
1278 1460 1357 1487 valde
1367 1459 1400 1486 ⁸⁸.
1417 1469 1428 1486 ι
1447 1458 1480 1486 Et
1504 1466 1601 1485 rursus
1621 1467 1628 1485 :
1648 1467 1657 1483 ι
1677 1457 1808 1493 Apparuit

1020 1510 1108 1534 autem
1121 1505 1192 1533 Deus
1209 1505 1235 1533 ei
1248 1505 1320 1541 apud
1335 1513 1465 1540 quercum
1477 1504 1610 1537 Mambre,
1622 1504 1686 1532 dum
1699 1504 1807 1532 sederet

1020 1552 1049 1579 in
1072 1553 1144 1580 ostio
1166 1551 1335 1579 tabernaculi
1351 1551 1404 1583 sui,
1422 1551 1483 1586 ipso
1507 1551 1641 1579 meridie:
1658 1558 1719 1577 cum
1740 1556 1807 1577 vero

182 1593 349 1629 ’Δναβλὲψας
366 1596 394 1622 δὲ
410 1598 465 1628 τοῖς
485 1597 634 1632 ὀφθαλμοῖς
648 1598 740 1630 αὐτοῦς
761 1597 814 1625 εἶδε
825 1607 832 1614 ο
847 1600 894 1626 καὶ
910 1600 965 1626 ἰδοὺ

1017 1598 1105 1625 oculis
1123 1598 1181 1625 suis
1197 1599 1373 1632 respexisset,
1388 1597 1467 1630 vidit,
1482 1602 1509 1625 et
1525 1605 1590 1625 ecce
1607 1602 1662 1625 tres
1678 1598 1729 1624 viri
1750 1601 1806 1625 ste-

174 1642 248 1675 τρείς
261 1641 354 1677 ἄνδρες
367 1642 538 1678 εἰστήκεισαν
549 1643 640 1670 ἐπάνω
649 1644 741 1671 αὑτοῦ.
750 1644 803 1671 Καὶ
815 1645 875 1671 ἰδὼν
885 1654 965 1682 προσ-

174 1687 293 1722 ἑὸραμεν
322 1688 361 1719 εἰς
381 1688 542 1723 συνάντησιν
560 1689 651 1721 αὐτοῖς
671 1690 724 1717 ἀπὸ
739 1692 789 1725 τῆς
806 1690 890 1726 Θὺρας
916 1692 964 1727 τῆς

175 1733 288 1768 σκηνῆς,
318 1733 365 1759 καὶ
395 1734 592 1769 προσεκύνησε,
614 1745 623 1760 ι
642 1736 697 1762 Καὶ
727 1736 790 1772 ἑξῆς
820 1737 889 1772 μετὰ
914 1739 964 1774 τὴν

174 1778 307 1806 ὀπτασίαν
329 1781 470 1817 ἐπιφέρει·
490 1791 499 1808 ι
519 1782 548 1809 ’0
570 1782 598 1809 δὲ
630 1783 733 1819 Κύριος
751 1782 842 1811 εἶπεν
863 1786 899 1812 Οὐ
926 1787 963 1822 μὴ

174 1825 271 1859 κρύψω
286 1826 341 1860 ἐγὼ
368 1827 422 1853 ἀπὸ
445 1827 570 1864 ἔΑϐραὰμ
600 1829 647 1855 τοῦ
674 1830 768 1861 παιδός
793 1839 843 1865 μου
867 1831 884 1858 ἃ
910 1831 965 1866 ἐγὼ

174 1870 254 1897 ποιῶ.
277 1871 401 1907 Ἀϐραὰμ
414 1873 442 1899 δὲ
456 1874 596 1909 γινόμενος
607 1874 683 1900 ἐσται
693 1875 732 1906 εἰς
742 1874 817 1907 ἔθνος
833 1878 903 1911 μέγα
917 1877 964 1904 καὶ

174 1914 254 1946 πολὺ,
272 1916 319 1942 καὶ
338 1916 595 1952 ὲνευλογηθήσονται
616 1920 645 1945 ὲν
659 1919 732 1955 αὐτῷ
747 1920 836 1947 πάντα
849 1920 885 1946 τὰ
898 1920 963 1956 ἔθνη

171 1960 224 1995 τῆς
239 1961 301 1996 γῆς.
324 1971 333 1987 ι
357 1963 411 1988 Καὶ
427 1963 530 1996 τούτοις
546 1962 622 1996 αὖθις
636 1964 755 1999 ἐπιλέγει
771 1965 808 1997 ὡς
827 1966 891 2002 περὶ
903 1967 963 1993 ἐτέ-

176 2014 223 2041 ρου
237 2015 242 2021 -
263 2016 272 2032 ι
290 2008 382 2042 "nam
396 2007 459 2043 γὰρ,
478 2009 519 2035 ὅτι
535 2010 659 2042 συντάξει
669 2012 724 2042 τοῖς
736 2012 804 2043 υἱοῖς
816 2011 898 2038 αὐτοῦ
916 2012 965 2039 καὶ

171 2052 212 2088 τῷ
231 2053 297 2088 οἴκῳ
313 2054 394 2080 αὐτοῦ
412 2055 470 2089 μεθ’
486 2056 575 2088 αὑτὸν,
596 2057 643 2083 καὶ
660 2057 806 2091 φυλάξουσι
825 2058 874 2089 τὰς
886 2058 963 2090 ὀδοὺς

172 2099 289 2134 Κυρίου,
303 2102 389 2126 ποιεῖν
399 2101 570 2137 δικαιοσύνην
584 2103 631 2129 καὶ
647 2103 747 2139 κρίσιν,
764 2104 837 2136 ὅπως
856 2105 962 2139 ἐπαγά-

171 2152 208 2181 γῃ
238 2145 339 2180 Κύριος
364 2147 409 2173 ἐπὶ
431 2148 555 2183 Ἀϐραὰμ
578 2148 595 2175 ἃ
622 2149 735 2185 ὲλάλησε
756 2150 825 2186 πρὸς
843 2151 933 2177 αὐτόν.
950 2161 959 2177 ι

171 2191 266 2218 Ταῦτα
283 2192 363 2224 αὐτὸς
376 2193 582 2229 ἀναγέγραπται
596 2194 681 2228 λέγων
701 2196 716 2221 ὁ
730 2196 906 2231 χρηματίζων
922 2196 964 2232 τῷ

1014 1648 1105 1672 terant
1129 1651 1211 1679 supra
1235 1652 1319 1672 eum:
1335 1648 1362 1671 et
1385 1651 1449 1671 cum
1471 1643 1586 1672 vidisset
1613 1643 1733 1670 accurrit
1751 1644 1804 1670 ob-

1014 1691 1086 1717 viam
1101 1690 1166 1721 illis,
1184 1689 1218 1716 ab
1234 1690 1305 1718 ostio
1317 1690 1498 1721 tabernaculi,
1516 1693 1543 1717 et
1560 1689 1684 1716 adoravit
1692 1688 1726 1716 ".
1741 1698 1750 1714 I
1763 1689 1804 1716 Ac

1014 1736 1142 1771 deinceps
1154 1739 1215 1771 post
1228 1736 1361 1763 visionem
1376 1735 1517 1770 adjungit:
1536 1745 1546 1760 ι
1564 1735 1697 1762 Dominus
1712 1738 1802 1761 autem

1014 1782 1092 1813 dixit,
1108 1789 1163 1808 non
1179 1781 1273 1808 celabo
1287 1789 1337 1816 ego
1351 1780 1489 1808 Abraham
1510 1788 1624 1816 puerum
1638 1788 1727 1808 meum
1743 1787 1805 1815 quae

1014 1827 1094 1855 facio.
1111 1824 1247 1854 Abraham
1262 1834 1326 1854 vero
1345 1834 1407 1853 cum
1428 1827 1475 1858 sit,
1489 1827 1542 1853 erit
1568 1826 1595 1853 in
1610 1831 1716 1862 gentem
1745 1834 1806 1852 ma-

1014 1881 1093 1908 gnam
1122 1877 1149 1901 et
1168 1874 1279 1900 multam
1297 1878 1342 1900 :et
1367 1873 1565 1900 benedicentur
1598 1872 1625 1899 in
1651 1880 1684 1900 eo
1707 1880 1803 1899 onmes

1013 1923 1107 1953 gentes
1130 1918 1251 1946 terrae”.
1270 1928 1280 1944 ›
1299 1918 1388 1952 Atque
1413 1917 1455 1945 his
1480 1925 1578 1945 rursus
1599 1917 1722 1952 adjungit
1742 1922 1803 1943 tan-

1013 1973 1094 2000 quam
1112 1965 1145 1992 de
1161 1965 1266 1991 altero:
1282 1973 1291 1989 ι
1306 1963 1373 1990 Novi
1392 1964 1465 1991 enim
1480 1963 1552 1999 quod
1569 1964 1719 1990 constituet
1739 1963 1802 1990 ﬁliis

1014 2012 1083 2043 suis,
1095 2015 1122 2039 et
1135 2011 1227 2038 domui
1242 2018 1308 2044 suae,
1329 2015 1353 2038 et
1373 2010 1531 2038 custodicnt
1547 2011 1606 2038 vias
1622 2010 1740 2041 Domini,
1759 2010 1802 2037 fa—

1013 2065 1076 2085 cere
1089 2057 1224 2092 justitiam
1236 2061 1264 2085 et
1279 2057 1423 2092 judicium_
1442 2060 1472 2084 ut
1484 2056 1596 2084 inducat
1610 2055 1742 2084 Dominus
1755 2063 1801 2083 su-

1014 2111 1062 2139 per
1094 2103 1230 2130 Abraham
1262 2110 1323 2138 quaa
1353 2103 1464 2130 loeutus
1491 2106 1534 2130 est
1570 2103 1604 2130 ad
1640 2103 1716 2129 illum
1736 2104 1769 2131 ".
1789 2113 1799 2128 ι

1014 2149 1095 2186 234
1105 2150 1154 2176 Hic
1178 2149 1257 2184 plane
1275 2150 1407 2184 scriptum
1429 2153 1481 2181 est,
1500 2157 1563 2176 eum
1586 2148 1730 2176 Dominum
1750 2150 1798 2184 qui

1013 2196 1129 2222 Abrahae
1142 2195 1336 2230 respondebat,
1352 2195 1410 2222 hate
1424 2194 1527 2226 dicere,
1543 2194 1590 2222 ubi
1607 2194 1734 2222 videlicet
1749 2194 1803 2221 Do-

178 2237 304 2273 ’Δϐραὸμ
323 2238 434 2274 Κύριος,
452 2239 544 2275 ἕτερον
562 2240 663 2275 Κύριον
685 2242 838 2276 ὁμολογῶν,
860 2242 962 2278 δηλαδὴ

1017 2242 1117 2268 minum
1144 2241 1290 2268 conﬁtetur
1319 2240 1430 2268 Patrem
1457 2248 1548 2273 suum,
1575 2244 1602 2268 et
1625 2240 1801 2268 Conditorem

170 2284 218 2312 τὸν
246 2285 329 2311 αὑτοῦ
352 2286 471 2322 Πατέρα,
491 2287 538 2313 καὶ
559 2287 672 2323 ποιητὴν
689 2288 735 2314 τοῦ
750 2289 860 2325 πανεὸς.
879 2289 912 2316 Ὂ
929 2298 962 2324 γε

1017 2288 1134 2316 universi
1154 2288 1233 2323 :ipse
1253 2291 1345 2315 tamen
1370 2287 1520 2319 Abraham,
1544 2287 1628 2314 veluti
1656 2288 1816 2322 propheta;

173 2332 227 2367 μὴν
248 2331 383 2367 Ἀϐραὰμ,
402 2330 445 2359 οἷα
459 2334 600 2369 προφήτης
614 2333 765 2369 κατάληψιν
773 2334 842 2369 ἔχων
858 2335 959 2371 ἀκριϐῆ

1017 2335 1179 2369 exploratam
1196 2337 1224 2361 et
1238 2339 1341 2362 certam
1358 2334 1419 2369 ejus
1435 2334 1482 2368 qui
1498 2333 1680 2368 respondebat
1696 2333 1800 2368 cogita-

170 2377 218 2403 τοῦ
233 2378 456 2413 χρηματίζοντος,
472 2379 534 2415 ἑξῆς
547 2381 603 2411 τοῖς
615 2379 800 2416 προεκτεθεῖσι
818 2381 961 2408 ποτνιᾶται

1017 2381 1113 2408 tionem
1125 2380 1241 2412 habens,
1257 2379 1387 2415 deinceps
1401 2388 1464 2407 cum
1481 2379 1656 2407 veneratione
1678 2387 1736 2410 eos,
1752 2380 1799 2414 qui

170 2422 258 2456 λέγων
268 2432 275 2438 ·
295 2435 303 2449 ι
322 2425 377 2450 Καὶ
391 2425 428 2460 μὴ
441 2425 624 2461 συναπολέσῃς
641 2425 745 2453 δίκαιον
760 2426 818 2460 μετ’
833 2426 959 2458 ἀσεϐοῦς,

1017 2430 1075 2454 ante
1094 2427 1212 2462 expositi
1235 2422 1310 2459 sunt,
1333 2430 1405 2459 orat,
1431 2426 1544 2454 dicens:
1560 2435 1569 2451 ι
1585 2425 1624 2453 Ne
1644 2425 1799 2461 perdasju-

170 2468 218 2494 καὶ
233 2467 309 2495 ἔσται
324 2469 338 2495 ό
355 2469 457 2501 δίκαιος
469 2470 507 2501 ὡς
521 2470 631 2506 ἀσεϐής.
655 2470 716 2498 Ἐὰν
727 2467 778 2497 ὦσι
791 2472 959 2506 πεντήκοντα

1017 2477 1083 2500 stum
1109 2473 1191 2500 simul
1213 2480 1276 2500 cum
1299 2473 1396 2507 impio,
1412 2477 1440 2500 et
1465 2473 1517 2500 erit
1529 2472 1621 2508 justus
1646 2471 1730 2506 quasi
1747 2472 1799 2498 im—

167 2513 269 2540 δίκαιοι
277 2515 305 2540 ὲν
317 2516 349 2550 τῇ
359 2514 444 2547 πόλει,
461 2515 570 2547 ἀπολεῖς
583 2515 697 2549 αὐτούς;
712 2516 761 2542 οὐκ
771 2516 881 2551 ἀνήσεις
892 2516 959 2543 πάν-

1017 2518 1084 2552 pius.
1099 2517 1128 2544 Si
1146 2518 1202 2545 sint
1215 2518 1414 2553 quinquaginta
1427 2518 1495 2553 justi
1512 2518 1540 2544 in
1561 2517 1683 2550 civitate,
1699 2518 1797 2552 perdes

168 2567 203 2585 τα
221 2559 268 2586 τὸν
284 2560 367 2587 τόπον
382 2560 474 2588 ἕνεκεν
493 2562 547 2588 τῶν
573 2562 739 2597 πεντήκοντα
753 2561 881 2594 δικαίων;
896 2563 958 2598 Μη-

1017 2564 1077 2591 eos?
1091 2571 1182 2591 nonne
1200 2564 1321 2591 dimittes
1335 2571 1443 2591 omnem
1468 2564 1569 2595 locum,
1585 2567 1695 2598 propter
1715 2563 1797 2598 quin-

167 2604 263 2640 δαμῶς
277 2605 308 2632 σὺ
325 2607 448 2643 ποιήσεις
461 2607 492 2634 τὸ
507 2608 581 2644 ῥῆμα
595 2607 683 2640 τοῦτο,
695 2607 742 2635 τοῦ
756 2608 912 2635 ἀποκτεῖναι
923 2608 960 2635 δί-

167 2660 247 2681 καιον
262 2653 331 2687 μετὰ
342 2652 466 2685 ἀσεϐοῦς,
481 2654 530 2680 καὶ
540 2654 615 2680 ἔσται
627 2655 642 2680 ὁ
657 2654 759 2686 δίκαιος
768 2654 806 2686 ὠς
819 2655 834 2680 ὸ
846 2654 956 2690 ἀσεϐής·

168 2697 314 2734 μηδαμῶς
331 2700 346 2725 ὁ
358 2699 458 2735 κρίνων
468 2700 558 2727 πᾶσαν
575 2700 624 2736 τὴν
635 2700 697 2736 γῆν,
711 2701 742 2726 οὐ
759 2701 881 2736 ποιήσεις
899 2700 958 2735 χρί-

168 2753 230 2775 σιν;
247 2754 257 2770 ι
280 2745 417 2779 ’Ᾱγγέλοις
437 2745 469 2781 δὴ
483 2747 597 2781 φάσκειν
608 2745 704 2778 ταῦτα,
730 2746 747 2782 ἠ
767 2755 819 2773 τινι
838 2746 894 2773 τῶν
909 2746 956 2772 τοῦ

166 2790 235 2817 Θεοῦ
259 2790 432 2826 λειτουργῶν,
455 2792 504 2828 οὐχ
530 2791 649 2828 ἡγοῦμαι
667 2792 792 2826 λέγεσθαι
808 2792 954 2828 ἁρμόζειν·

1013 2609 1143 2645 quaginta
1156 2608 1447 2644 justos‘lNequaquam
1464 2613 1493 2636 tu
1509 2608 1593 2637 facies
1608 2609 1720 2636 verbum
1729 2609 1794 2641 hoc,

1011 2659 1042 2682 ut
1065 2655 1215 2682 interﬁcias
1229 2655 1335 2690 justum
1367 2662 1428 2682 cum
1452 2654 1552 2689 impio,
1578 2657 1605 2682 et
1629 2654 1681 2681 erit
1704 2654 1796 2689 justus

1009 2701 1088 2736 quasi
1114 2701 1230 2735 impius;
1242 2709 1435 2736 nequaquam:
1451 2701 1498 2736 qui
1511 2700 1620 2735 judicas
1637 2701 1795 2728 universam

1009 2751 1110 2774 terram
1122 2766 1129 2780 ,
1153 2754 1209 2773 non
1234 2747 1318 2775 facies
1338 2747 1471 2782 judicium
1484 2747 1528 2774 ⁵⁸⁸2
1543 2756 1552 2772 ι
1571 2747 1656 2774 Porro
1678 2747 1736 2774 haec
1761 2746 1795 2773 ad

1011 2792 1133 2827 angeIOS,
1148 2797 1195 2819 aut
1217 2793 1250 2820 ad
1272 2794 1426 2828 quempiam
1451 2801 1484 2821 ex
1503 2792 1550 2820 Dei
1573 2792 1707 2820 ministris
1722 2791 1794 2820 dicta

198 2884 220 2899 "
234 2883 302 2912 Gen.
317 2891 367 2919 xu,
384 2884 408 2912 7.
441 2884 463 2902 “
476 2884 542 2913 Gen.
561 2893 627 2920 xvu,
645 2885 700 2922 ιβ.
722 2885 752 2924 f7
765 2885 832 2914 Gen.
851 2893 927 2921 xvut,
940 2886 996 2919 1,2.
1031 2886 1053 2903 ⁸⁸
1069 2887 1122 2914 ibid
1153 2887 1196 2922 i7,
1208 2888 1249 2915 l8.
1291 2888 1316 2925 l-“V
1326 2888 1391 2916 ibid.
1410 2889 1452 2916 l9.
1492 2888 1513 2904 '°
1531 2887 1597 2917 ibid.
1607 2887 1703 2922 Ἄβδ-
