2084 3216
266 156 320 185 583

608 155 743 185 EUSEBII
762 156 999 186 CESARIENSIS
1014 157 1090 186 OPP.
1111 157 1200 185 PARS
1219 157 1251 185 ll.
1271 173 1306 178 —
1323 157 1572 188 APOLOGETICA.

1837 159 1890 187 38!

267 223 339 248 esse.
360 220 544 245 consentanea
558 216 612 244 dici
627 225 682 244 non
698 218 834 246 arbitror:
846 227 901 247 non
916 220 990 248 enim
1004 228 1054 248 cu-

1110 221 1163 248 )ὗδὲ
1179 220 1234 256 γὰρ
1254 219 1301 246 τοῦ
1321 219 1448 255 τυχόντος
1467 219 1500 246 ἂν
1517 220 1559 256 εἴη
1579 220 1610 246 τὺ
1624 220 1725 255 κρίνειν
1742 220 1832 246 πᾶσαν
1843 220 1894 255 τὴν

265 262 379 298 juslibet
399 263 457 293 sit;
469 263 592 297 judicare
616 266 719 291 terram
743 265 914 293 universam.
929 266 982 294 Sed
1003 275 1054 295 nec

270 308 382 343 angelus
397 308 507 343 quidem
519 313 560 336 est
575 309 743 343 nominatus,
759 319 840 346 quem
853 312 977 347 superior
986 313 1055 341 scri-

270 359 350 390 plura
366 354 511 390 signiﬁcat,
528 363 623 382 verum
638 356 708 384 alius
725 357 861 392 quispiam
876 359 971 394 angelo
986 367 1055 394 pra:-

271 401 397 432 stantior,
414 400 485 428 Deus
500 401 596 436 utique
610 409 642 429 ac
652 401 796 436 Dominus,
812 404 932 439 quicum
948 405 1055 433 duobus

270 446 376 481 angelis
404 447 432 473 in
462 446 549 473 forma
576 447 716 479 hominis,
744 449 778 476 ad
812 456 894 484 supra
925 450 1054 485 scriptam

270 499 403 527 quercum
427 495 469 519 est
490 493 574 520 visus.
593 492 730 521 Przeterea
755 502 790 522 ne
812 494 922 522 Patrem
945 496 1055 530 quidem

272 537 356 565 Deum
371 538 444 565 hunc
466 537 551 566 fuisse
568 539 719 573 putandum
733 544 784 572 est,
799 541 846 576 qui
866 541 1058 576 hujuscemodi

271 585 361 613 verbis
377 585 533 614 indicatur:
550 586 641 614 dicere
654 588 739 619 enim,
763 588 790 615 id
810 590 908 616 mutari
925 590 997 624 quod
1012 589 1056 616 di-

270 631 364 656 vinum
383 635 435 662 est,
448 635 475 658 et
492 630 602 666 ﬁgurari
615 632 642 659 in
659 632 778 667 speciem
795 641 826 660 ac
839 633 953 661 formam
970 634 1057 661 homi-

270 675 324 708 nis,
338 677 496 712 neutiquam
516 677 589 712 pium
608 682 660 705 est.
676 678 808 714 Superest
823 680 907 714 igitur
924 684 954 707 ut
969 680 1055 707 conii-

271 725 378 748 teamur
395 723 470 749 illum
491 723 577 752 fuisse
590 724 636 752 Dei
655 725 784 757 Verbum,
803 727 876 761 quod
898 734 913 753 a
935 727 1015 755 nobis
1029 728 1057 754 in

271 767 305 794 iis
320 776 381 802 qua:
399 770 516 797 antehac
541 771 643 806 scripta
665 772 760 805 habes,
780 772 828 800 Dei
853 774 963 800 nomine
985 774 1058 801 cele-

272 812 379 840 bratum
395 819 438 842 est
454 825 460 842 :
476 823 530 850 qua
548 816 581 843 de
597 824 679 845 causa
695 817 776 845 hodie
790 826 898 853 quoque
915 827 930 846 a
947 819 1056 852 vicinis,

270 862 298 884 et
313 858 340 884 in
363 860 488 894 proximo
510 861 709 895 habitantibus,
726 863 805 898 quasi
822 863 931 892 divinus
946 864 1055 896 colitur,

1104 266 1166 301 γῆν.
1190 265 1259 291 Ἀλλ’
1280 265 1334 291 οὐδ’
1354 264 1468 298 ἅγγελος
1485 265 1500 291 ό
1519 265 1688 301 προγραφεὶς
1701 264 1891 300 ἀνηγόρευται,

1104 312 1236 348 κρείττων
1259 311 1287 338 δέ
1307 320 1349 343 τις
1366 310 1481 345 ἀγγέλου
1499 310 1565 342 Θεὸς
1586 310 1633 337 καὶ
1650 310 1761 346 Κύριος,
1775 311 1844 345 πρὸς
1857 311 1892 347 τῇ

1104 357 1337 394 ἀναγεγραμμένῃ
1350 356 1410 393 δρυῒ
1423 356 1492 392 μετὰ
1509 356 1564 382 τῶν
1577 356 1650 383 δυεῖν
1663 357 1786 391 ἀγγέλων
1801 360 1828 383 ὲν
1843 357 1892 384 ἀν-

1105 404 1214 440 θρώπου
1233 405 1350 439 σχήματι
1368 403 1484 439 ὁραθείς.
1501 402 1584 429 Πάλιν
1599 411 1631 437 γε
1645 402 1696 438 μὴν
1709 403 1770 429 οὐδὲ
1785 402 1830 430 τὸν
1845 403 1892 430 ἐπὶ

1106 451 1215 477 πάντων
1236 450 1302 476 Θεὸν
1317 449 1435 485 ἡγητέον
1454 448 1497 475 διὰ
1516 448 1617 475 τούτων
1633 449 1794 484 δηλοῦσθαι*
1811 458 1893 484 μετα-

1106 495 1212 522 ϐάλλειν
1233 495 1287 530 γὰρ
1304 495 1384 530 φάναι
1406 495 1437 521 τὸ
1456 495 1537 527 Θεῖον,
1555 495 1602 521 καὶ
1615 495 1831 530 χρηματίζεσθαι
1852 497 1892 526 εἰς

1106 541 1201 576 ἀνδρὸς
1217 538 1286 572 εἶδος
1312 541 1359 567 καὶ
1381 541 1498 576 μορφὴν,
1521 541 1570 566 οὐκ
1586 540 1693 574 εὐαγές.
1719 540 1891 576 Λείπεταιδὴ

1106 586 1187 612 αὑτὸν
1202 585 1271 612 εἶναι
1286 585 1331 611 τὸν
1340 585 1387 611 τοῦ
1404 585 1471 611 Θεοῦ
1489 585 1584 619 Λόγον,
1594 585 1639 610 τὸν
1653 584 1696 611 διὰ
1711 585 1766 610 τῶν
1777 585 1891 620 πρόσθεν

1106 631 1338 667 τεθεολογημένον,
1355 630 1504 666 ὁμολογεῖν.
1520 630 1599 657 Ὅθεν
1614 631 1700 657 εἰσέτι
1724 631 1770 657 καὶ
1781 631 1828 657 νῦν
1840 639 1892 657 πα-

1109 678 1142 714 ρὰ
1157 679 1213 709 τοῖς
1229 677 1434 713 πλησιοχώροις,
1455 677 1529 703 ὡσὰν
1552 676 1622 708 θεῖος
1638 677 1652 703 ὁ
1667 677 1748 708 τόπος
1761 677 1801 708 εἰς
1811 676 1893 711 τιμὴν

1106 723 1160 750 τῶν
1186 723 1278 749 αὐτόθι
1301 723 1339 758 τῷ
1361 722 1485 758 Ἀϐραὰμ
1503 722 1687 756 ἐπιφανέντων
1702 721 1893 757 θρησκεύεται,

1107 770 1153 795 καὶ
1163 768 1304 804 θεωρεῖταὶ
1322 777 1353 803 γε
1369 769 1408 799 εἰς
1424 767 1503 804 δεῦρο
1515 767 1678 803 διαμένουσα
1693 768 1709 802 ἠ
1723 767 1893 802 τερέϐινθος*

1107 817 1131 842 οἱ
1146 815 1200 850 γὰρ
1216 814 1255 850 τῷ
1273 814 1397 850 ’Λὸραὰμ
1413 813 1629 846 ὲπιξενωθέντες,
1644 813 1690 839 ἐπὶ
1705 812 1815 848 Γραφῆς
1832 813 1895 838 ἀνα-

1108 862 1237 896 κείμενοι,
1255 860 1300 886 δύο
1322 859 1371 895 μὲν
1393 859 1571 894 ἑκατέρωθεν,
1594 859 1674 894 μέσος
1693 859 1722 885 δὲ
1738 857 1895 893 ὁκρείττων

271 909 354 940 atque
366 906 528 934 observatur
549 909 572 936 is
594 909 683 942 locus,
698 909 812 937 honoris
830 910 940 937 illorum
971 911 1057 943 gratia

1110 906 1248 942 ὑπερέχων
1263 907 1296 941 τῇ
1311 906 1385 940 τιμῇ.
1398 906 1447 940 Εἴη
1462 905 1484 931 δ’
1496 904 1527 931 ἂν
1540 905 1554 930 6
1567 904 1749 940 δεδηλωμένος
1758 905 1824 938 ἡμῖν
1837 903 1894 929 Κύ-

270 950 318 984 qui
330 949 446 977 Abrahae
461 952 487 978 in
504 952 551 980 illo
565 954 616 980 visi
631 958 695 981 sunt
708 957 716 988 ξ
731 958 812 989 atque
824 955 905 981 etiam
920 962 994 982 nunc
1006 955 1059 982 ibi-

271 995 333 1022 dem
347 1004 510 1030 permanens
529 998 703 1026 terebinthus
716 1000 886 1035 conspicitur
904 1009 910 1026 :
926 1000 973 1035 qui
984 1001 1057 1027 enim

271 1041 307 1068 ab
324 1041 461 1069 Abraham
480 1043 599 1078 hospitio
611 1045 731 1079 suscepti
747 1050 822 1077 sunt,
842 1051 871 1072 ut
884 1045 966 1072 habet
981 1045 1057 1072 Scri-

272 1089 362 1120 ptura,
389 1088 579 1116 recutnhcntes
599 1093 677 1116 erant
702 1090 756 1117 duo
781 1090 891 1125 quidem
917 1092 1056 1127 utrinque,

272 1132 379 1160 medius
399 1138 490 1161 autem
515 1135 704 1166 excellentior.
727 1140 755 1164 et
769 1137 815 1171 qui
840 1137 960 1172 reliquos
983 1141 1059 1165 ante-

271 1179 333 1206 iret.
356 1179 406 1208 Hic
426 1188 491 1207 vero
517 1182 552 1208 sit
574 1182 654 1216 plane
673 1182 706 1214 is,
725 1181 758 1209 de
779 1190 833 1217 quo
847 1183 977 1215 diximus,
999 1183 1058 1218 ipse

273 1224 368 1259 utique
391 1224 522 1254 Dominus
545 1233 578 1253 ac
599 1226 726 1254 Salvator
745 1231 850 1260 noster,
868 1236 948 1263 quem
973 1228 1056 1255 etiam

1113 960 1168 987 ριος
1183 951 1271 983 αὐτὸς,
1289 952 1303 977 ὁ
1314 950 1395 986 ήμέτε
1401 959 1444 986 ρος
1458 950 1561 986 Σωτὴρ,
1574 950 1603 976 ὃν
1616 950 1662 976 καὶ
1674 951 1699 975 οἱ
1714 949 1834 983 ἀγνῶτες
1856 947 1895 983 (1)

1111 997 1228 1028 σέϐουσι,
1243 996 1277 1023 τὰ
1290 996 1347 1023 θεῖα
1361 996 1439 1030 λόγια
1452 996 1634 1031 πιστούμενοι.
1652 993 1734 1026 Οὗτος
1751 995 1778 1021 δὲ
1788 993 1834 1022 οὖν
1849 995 1897 1022 αὑ-

1109 1043 1165 1075 τὸς,
1183 1043 1210 1077 ἐξ
1226 1044 1328 1070 ἐκείνου
1351 1043 1384 1070 τὰ
1398 1043 1446 1078 τῆς
1462 1042 1600 1074 εὐσεϐείας
1618 1042 1762 1077 σπέρματα
1784 1043 1824 1073 εἰς
1848 1042 1896 1068 ἀν-

1110 1089 1235 1126 θρώπους
1258 1089 1501 1124 καταϐαλλόμενος,
1528 1088 1693 1124 ἀνθρώπειον
1710 1087 1808 1119 ὑποδὺς
1828 1085 1897 1118 εἶδός

1111 1144 1140 1162 τε
1165 1136 1212 1162 καὶ
1227 1136 1328 1171 σχῆμα,
1345 1135 1383 1170 τῷ
1397 1135 1515 1170 θεοφιλεῖ
1528 1135 1677 1170 προπάτορι
1699 1134 1831 1169 Ἀϐραὰμ,
1849 1134 1895 1159 ὁσ-

1110 1190 1152 1212 τις
1164 1180 1217 1215 εἴη,
1226 1181 1305 1207 αὑτὸν
1319 1181 1440 1215 ἐξέφηνε,
1448 1179 1495 1206 καὶ
1503 1180 1552 1214 τὴν
1561 1179 1608 1206 τοῦ
1620 1179 1724 1216 Πατρὸς
1737 1179 1818 1205 αὺτοῦ
1829 1187 1896 1215 παρ-

1110 1227 1194 1253 εδίδου
1209 1226 1320 1263 γνώμην

272 1271 426 1306 pertinaces
444 1276 471 1299 et
487 1273 630 1305 increduli,
656 1273 748 1301 divina
769 1275 880 1301 oracula
897 1276 1104 1305 conlirmantes.
1119 1279 1285 1302 venerantur
1301 1283 1308 1302 :
1326 1275 1370 1302 hic
1386 1275 1443 1309 ipse
1463 1274 1544 1310 igitur
1564 1283 1596 1302 ex
1632 1275 1689 1306 illo,
1723 1274 1830 1309 pietatis
1858 1273 1898 1307 ja-

271 1319 348 1347 ciens
370 1319 404 1346 ad
429 1320 554 1348 homines
587 1322 702 1353 semina,
729 1322 876 1348 humanam
899 1323 1016 1357 speciem
1040 1330 1072 1349 ac
1092 1323 1205 1357 ﬁguram
1231 1322 1354 1355 indutus,
1379 1321 1426 1349 Dei
1460 1322 1547 1350 amico
1577 1326 1659 1356 atque
1686 1322 1797 1356 antiquo
1821 1320 1896 1349 Patri

274 1365 389 1393 Abrahae
401 1366 520 1401 seipsum
533 1367 658 1402 quisnam
669 1372 752 1401 esset,
767 1369 896 1402 ostendit,
908 1369 1051 1404 Patrisque
1064 1369 1106 1397 sui
1123 1369 1236 1396 tradidit
1250 1369 1423 1396 sententiam.

533 1425 613 1460 235
629 1425 744 1453 CAPUT
764 1426 799 1454 x.

273 1481 557 1518 Δορπία-ρειαί
577 1482 646 1509 idem
660 1484 787 1518 propheta
808 1484 834 1510 in
851 1483 947 1516 Iacob,
973 1493 1060 1511 mant-

311 1517 404 1551 festius
428 1525 486 1544 eum
508 1517 540 1545 de
564 1526 614 1552 quo
634 1517 734 1551 agitur,
760 1519 860 1545 indicat
887 1519 1026 1546 Dominum
1049 1528 1059 1547 :

308 1562 383 1589 quem
407 1561 470 1580 sane
492 1558 518 1580 et
541 1552 626 1580 Deum
649 1558 673 1580 et
698 1554 820 1589 angelum
840 1561 990 1588 supremum
1011 1555 1060 1582 Dei

309 1594 395 1617 υοεαι.

313 1656 321 1671 ι
338 1646 371 1673 Et
387 1647 527 1681 profectus
538 1649 580 1673 est
597 1646 623 1673 in
642 1644 777 1679 Charran,
788 1649 816 1673 et
826 1646 901 1674 venit
915 1646 941 1673 in
956 1645 1058 1678 locum,

272 1697 300 1721 et
310 1693 437 1720 dormivit
452 1693 507 1720 illic
526 1701 532 1721 :
550 1693 687 1720 occiderat
699 1693 771 1720 enim
784 1692 834 1721 sol.
853 1692 885 1719 Et
898 1693 1002 1728 accepit
1018 1693 1060 1719 la-

273 1739 361 1774 pides,
374 1744 401 1766 et
417 1739 509 1774 posuit
520 1739 572 1767 sub
588 1740 675 1774 capite
690 1747 752 1772 suo,
768 1744 795 1767 et
811 1739 941 1767 dormivit
955 1739 983 1766 in
1000 1739 1060 1766 loco

273 1785 330 1817 illo,
343 1789 370 1813 et
386 1786 532 1813 somniavit
545 1795 551 1813 :
566 1791 593 1813 et
609 1793 673 1813 ecce
688 1786 761 1813 scala
778 1789 859 1813 terra:
874 1785 966 1817 infixa,
981 1785 1060 1819 cujus

273 1834 356 1865 caput
370 1830 545 1865 perveniebat
560 1839 648 1866 usque
669 1830 703 1857 ad
725 1831 837 1862 malum,
855 1835 881 1858 et
899 1829 988 1864 angeli
1012 1828 1060 1856 Dei

275 1876 459 1903 ascendebant
474 1884 523 1911 per
552 1885 622 1904 eam.
641 1877 675 1903 Et
697 1875 828 1904 Dominus
844 1876 1010 1903 innitebatur
1023 1876 1059 1908 ei,

273 1926 301 1948 et
317 1921 386 1948 dixit
401 1931 407 1948 :
425 1921 480 1956 Ego
504 1921 636 1949 Dominus
657 1921 728 1950 Deus
743 1922 880 1948 Abraham
906 1921 992 1957 patris
1008 1921 1060 1954 tui,

274 1970 301 1993 et
314 1966 384 1993 Deus
397 1966 484 1998 Isaac,
500 1975 534 1994 ne
550 1967 648 1995 timeas
666 1977 672 1994 :
700 1971 774 1995 terra
797 1967 825 1994 in
840 1975 894 2002 qua
909 1973 937 1995 tu
957 1967 1060 1995 dormis

275 2012 303 2040 in
321 2013 390 2047 ipsa,
409 2013 456 2039 tibi
471 2013 542 2040 dabo
556 2021 626 2045 eam,
649 2016 676 2040 et
691 2013 786 2040 semini
803 2017 860 2040 tuo.
890 2013 923 2040 Et
944 2014 997 2040 erit
1012 2021 1058 2041 se-

275 2067 337 2086 men
351 2063 428 2086 tuum
445 2060 517 2087 sicut
531 2067 613 2087 arena
630 2060 727 2093 maris,
743 2064 769 2087 et
781 2060 940 2087 dilatabitur
956 2061 990 2087 ad
1002 2068 1061 2088 ma-

276 2113 315 2135 re,
327 2109 354 2131 et
377 2104 526 2137 Orientem,
546 2109 573 2133 et
591 2105 624 2132 ad
643 2107 765 2138 boream,
777 2109 805 2133 et
824 2106 950 2133 africum.
966 2105 1000 2132 Et
1014 2106 1062 2133 he-

275 2151 437 2178 nedicentur
450 2152 478 2178 in
493 2155 519 2178 te
541 2159 637 2180 omnes
652 2152 741 2180 tribus
755 2156 846 2184 terrae,
867 2155 895 2179 et
911 2152 940 2179 in
958 2151 1061 2179 semine

276 2201 334 2225 tuo.
356 2197 389 2224 Et
403 2204 468 2224 ecce
480 2205 531 2232 ego
545 2205 606 2224 sum
621 2202 724 2230 tecum,
737 2197 895 2225 custodiens
910 2201 936 2225 te
947 2197 973 2224 in
985 2197 1060 2224 omni

277 2243 332 2274 via,
350 2251 525 2278 quacumque
548 2244 601 2271 iter
619 2243 728 2276 feceris,
746 2248 773 2271 et
796 2248 956 2272 convertam
983 2247 1010 2271 te
1033 2244 1061 2271 in

276 2292 378 2316 terram
401 2289 472 2315 hanc
490 2298 497 2316 :
515 2289 646 2324 quoniam
662 2297 716 2317 non
741 2294 768 2317 te
784 2290 947 2325 relinquam.
974 2290 1061 2317 donec

276 2334 373 2361 faciam
388 2334 480 2362 omnia
492 2342 672 2370 quaecumque
686 2335 793 2364 locutus
813 2344 873 2364 sum
892 2337 952 2363 tibi.
971 2336 1062 2364 Etex-

277 2383 418 2415 perrectus
432 2384 474 2408 est
496 2380 582 2408 Iacob
602 2389 618 2408 a
633 2389 741 2414 somno,
757 2387 784 2409 et
800 2383 839 2409 ait
853 2393 859 2409 ε
878 2382 1008 2411 Dominus
1020 2387 1063 2411 est

276 2427 305 2454 in
330 2427 390 2454 loco
414 2426 476 2459 hoc,
493 2435 543 2462 ego
568 2432 658 2455 autem
674 2428 841 2456 nesciebam.
858 2428 892 2456 Et
916 2429 1018 2461 timuit,
1036 2433 1063 2457 et

277 2472 315 2499 ait
333 2482 340 2500 :
359 2472 445 2505 Quam
460 2473 594 2501 terribilis
617 2477 659 2502 est
687 2474 764 2502 locus
788 2475 849 2502 hic!
874 2482 929 2502 non
952 2479 994 2502 est
1010 2475 1062 2503 hoc

278 2518 361 2550 aliud,
377 2519 430 2546 nisi
445 2518 543 2547 domus
564 2519 624 2552 Dei,
642 2524 670 2547 et
692 2521 750 2548 haec
768 2526 846 2556 porta
860 2521 934 2549 cceli.
951 2521 983 2548 Et
998 2529 1061 2548 sur-

278 2563 349 2590 rexit
366 2562 450 2591 Iacob
465 2572 555 2598 mane,
572 2569 600 2593 et
625 2566 732 2601 accepit
748 2566 877 2601 lapidem,
898 2574 979 2601 quem
997 2575 1062 2601 sup-

280 2609 370 2642 posuit
384 2610 465 2644 eapiti
482 2618 542 2643 suo,
557 2615 584 2638 et
596 2612 682 2639 erexit
698 2611 774 2639 illum
790 2619 839 2647 pro
851 2612 940 2644 titulo,
960 2616 987 2639 et
997 2612 1063 2639 eﬂ‘u—

280 2651 319 2678 dit
329 2652 418 2687 oleum
433 2654 460 2680 in
476 2662 613 2686 summum
628 2656 713 2688 illius,
732 2660 759 2683 et
771 2656 878 2684 vocavit
899 2656 984 2685 Iacob
1013 2665 1063 2685 no-

281 2705 342 2724 men
354 2699 407 2725 loci
422 2699 504 2731 illius,
519 2701 631 2729 domum
645 2701 736 2730 Dei".
758 2713 766 2729 ι
787 2702 865 2736 Eum,
881 2704 926 2739 qui
939 2704 990 2731 hoc
1002 2705 1063 2732 loco

280 2746 336 2769 tam
355 2745 446 2772 multis
461 2747 551 2774 verbis
571 2749 718 2783 respondet
741 2749 899 2784 Dominum,
921 2753 948 2778 et
966 2749 1061 2784 Deum,

329 2819 349 2834 "
367 2820 434 2848 Gen.
449 2830 534 2855 xxvn,
553 2824 643 2851 10-19.

318 2885 357 2922 (ί)
375 2887 508 2924 lnterprcs
522 2890 627 2928 legebat
642 2893 806 2929 ἀγνώμονες.

1378 1426 1578 1454 ΚΕΦᾹΔΑΙΟΝ
1596 1427 1624 1454 ιν.
1836 1438 1854 1452 ο

1118 1484 1183 1512 Ἀπὸ
1206 1484 1260 1518 τῆς
1285 1483 1391 1518 αὐτῆς.
1406 1500 1440 1506 -—
1460 1485 1505 1517 Ὡς
1532 1486 1548 1511 ό
1567 1483 1658 1517 αὐτὸς
1674 1483 1828 1518 προφήτης
1847 1484 1897 1511 ἐπὶ

1146 1519 1199 1546 τοῦ
1219 1519 1326 1551 Ἰακὼϐ,
1340 1520 1528 1554 σαφέστερον
1539 1520 1673 1554 ἐμφαίνει
1686 1520 1738 1545 τὸν
1752 1519 1898 1553 δηλούμε-

1146 1563 1202 1581 νον
1216 1556 1336 1588 Κύριον,
1351 1554 1388 1580 ὃν
1399 1554 1436 1588 δὴ
1451 1555 1500 1581 καὶ
1516 1554 1600 1587 Θεὸν,
1619 1554 1667 1580 καὶ
1680 1554 1809 1588 ἄγγελον
1821 1555 1898 1581 ἀπο»

1072 1591 1093 1619 C
1145 1591 1233 1617 καλεῖ
1241 1590 1293 1617 τοῦ
1307 1590 1356 1616 ἐπὶ
1370 1589 1491 1617 πάντων
1504 1590 1577 1616 Θεοῦ
1596 1589 1776 1623 προσειπών.

1152 1655 1161 1672 t
1172 1646 1228 1672 Καὶ
1238 1645 1372 1681 ἐπορεύθη
1386 1646 1426 1677 εἰς
1442 1645 1554 1681 Χαῤῥὰν
1563 1665 1570 1677 ,
1589 1645 1635 1672 καὶ
1649 1646 1790 1680 ἀπήντησε
1804 1644 1879 1679 τόπῳ
1889 1664 1896 1675 ,

1113 1693 1160 1719 καὶ
1178 1691 1311 1728 ἐκοιμήθη
1325 1692 1396 1718 ὲκεῖο
1413 1691 1456 1717 ἔδυ
1476 1691 1530 1727 γὰρ
1540 1692 1554 1718 ὁ
1567 1691 1651 1726 ἥλιος.
1666 1691 1720 1717 Καὶ
1736 1690 1831 1717 ἔλαϐεν
1845 1689 1898 1715 ἀπὸ

1113 1739 1166 1765 τῶν
1178 1738 1270 1769 λίθων,
1285 1737 1332 1764 xai
1348 1737 1430 1772 ἔθηκε
1444 1737 1511 1772 πρὸς
1527 1737 1647 1772 κεφαλῆς
1659 1735 1751 1768 αὑτοῦ,
1766 1736 1813 1762 καὶ
1825 1737 1897 1762 ἐκοι-

1116 1784 1188 1820 μήθη
1204 1784 1233 1811 ὲν
1247 1783 1285 1819 τῷ
1299 1783 1373 1818 τόπῳ
1391 1782 1497 1818 ἐκείνῳ,
1513 1783 1560 1809 καὶ
1573 1782 1739 1817 ὲνυπνιάσθη
1749 1791 1756 1796 ·
1773 1782 1820 1808 καὶ
1842 1781 1896 1808 ἰδοὺ

1114 1831 1215 1867 κλίμαξ
1229 1831 1413 1866 ὲστηριγμένη
1435 1832 1475 1863 εις
1490 1830 1539 1865 τὴν
1558 1830 1610 1865 γῆν
1620 1849 1627 1861 ,
1641 1828 1676 1865 ἧς
1693 1831 1709 1864 ἡ
1730 1829 1832 1864 κεφαλὴ
1846 1829 1898 1863 ἀφ-

1116 1879 1214 1905 ικνεῖτο
1231 1879 1271 1909 εὶς
1287 1876 1332 1903 τὸν
1344 1876 1467 1912 οὐρανὸν,
1481 1877 1528 1903 καὶ
1540 1877 1564 1902 οἱ
1578 1876 1687 1910 ἄγγελοι
1702 1875 1748 1901 τοῦ
1763 1874 1831 1901 Θεοῦ
1851 1875 1898 1901 ἀν-

1115 1923 1232 1956 έϐαινον,
1244 1923 1292 1949 καὶ
1305 1923 1464 1949 κατέϐαινον
1477 1922 1521 1949 ἐπ’
1536 1922 1630 1957 αὐτὴν.
1647 1922 1676 1947 Ὀ
1692 1921 1720 1948 δὲ
1734 1921 1835 1956 Κύριος
1850 1922 1898 1947 ἐπ-

1114 1970 1258 2005 εστήρικτο
1281 1969 1324 1995 ἐπ’
1347 1969 1448 2004 αὐτῆς,
1469 1968 1516 1994 καὶ
1535 1966 1630 1994 εἷπε-ν’
1658 1967 1728 2001 Ἐγὼ
1754 1967 1855 2002 Κύριος
1882 1967 1897 1992 ὁ

1114 2015 1179 2047 Θεὸς
1198 2015 1322 2051 Ἀὖραὰμ
1342 2015 1389 2041 τοῦ
1405 2014 1507 2050 πατρός
1525 2022 1571 2040 σου
1582 2033 1589 2045 ,
1604 2013 1651 2040 καὶ
1667 2014 1680 2040 ὁ
1701 2012 1766 2044 Θεὸς
1785 2012 1895 2044 Ἰσαὰκ,

1116 2060 1153 2095 μὴ
1169 2059 1252 2095 φοϐοῦ
1262 2068 1268 2074 ·
1286 2060 1302 2094 ἡ
1317 2060 1353 2094 γῆ
1371 2060 1419 2093 ὲφῖ
1432 2059 1465 2094 ἣν
1485 2059 1517 2085 σὺ
1534 2057 1673 2090 καθεύδεις
1687 2057 1729 2084 ἐπ’
1744 2057 1837 2092 αὐτὴν,
1855 2058 1898 2083 σοὶ

1114 2107 1192 2133 δώσω
1208 2106 1307 2142 αὐτὴν,
1325 2106 1372 2133 καὶ
1392 2106 1431 2141 τῷ
1452 2105 1587 2142 σπέρματί
1612 2114 1670 2132 σου.
1692 2105 1747 2131 Καὶ
1770 2105 1844 2130 ἔσται
1867 2104 1898 2130 τὸ

1116 2152 1225 2187 σπέρμα
1237 2160 1283 2178 σου
1295 2152 1333 2183 ὡς
1347 2153 1363 2187 ἡ
1382 2152 1472 2187 ἄμμος
1487 2151 1536 2186 τῆς
1550 2151 1686 2185 θαλάσσης
1696 2170 1704 2182 ,
1721 2150 1766 2176 καί
1780 2149 1898 2176 πλατυν-

1115 2197 1226 2233 θήσεται
1239 2198 1285 2224 ἐπὶ
1300 2197 1436 2224 θάλασσαν
1451 2197 1497 2223 καὶ
1512 2196 1660 2228 ἀνατολὰς,
1676 2196 1723 2222 καὶ
1737 2196 1783 2222 ἐπὶ
1798 2196 1898 2231 βορῤᾱν

1115 2243 1162 2270 καὶ
1172 2243 1242 2270 λίὸα.
1257 2244 1311 2270 Καὶ
1328 2243 1584 2278 ὲνευλογηθήσονται
1601 2244 1629 2268 ἐν
1646 2243 1687 2268 σοὶ
1703 2243 1786 2268 πᾶσαι
1804 2243 1831 2268 αἱ
1848 2250 1899 2275 φυ-

1112 2289 1157 2316 λαὶ
1173 2290 1222 2325 τῆς
1240 2289 1292 2324 γῆς
1303 2309 1310 2321 ,
1325 2290 1372 2316 καὶ
1386 2290 1414 2315 ἐν
1428 2289 1466 2324 τῷ
1481 2288 1616 2324 σπέρματί
1633 2297 1690 2314 σου.
1705 2288 1760 2314 Καὶ
1774 2287 1827 2314 ἰδοὺ
1843 2287 1899 2320 ἐγώ

1113 2337 1170 2371 εἰμι
1193 2336 1261 2371 μετά
1274 2336 1320 2362 σοῦ
1331 2355 1338 2368 ,
1352 2335 1541 2370 διαφυλάσσων
1557 2343 1586 2360 σε
1601 2336 1630 2361 ὲν
1645 2335 1678 2369 τῇ
1694 2333 1746 2368 ὁδῷ
1757 2334 1832 2368 πάσῃ
1842 2353 1849 2365 ,
1867 2329 1898 2359 οὗ

1111 2382 1144 2409 ἂν
1161 2382 1306 2418 πορευθῇς,
1318 2383 1364 2408 καὶ
1376 2382 1539 2417 ἀποστρέψω
1551 2389 1580 2407 σε
1596 2382 1635 2412 εἰς
1650 2380 1698 2415 τὴν
1716 2381 1766 2415 γῆν
1783 2380 1896 2414 ταύτην

1113 2429 1153 2455 ὅτι
1176 2428 1206 2454 οὐ
1229 2429 1265 2463 μή
1292 2437 1321 2455 σε
1344 2428 1550 2463 ἐγκαταλείποι,
1580 2427 1633 2458 ἓως
1653 2426 1699 2453 τοῦ
1726 2425 1837 2460 ποιῆσαί
1864 2434 1898 2459 με

1114 2474 1201 2500 πάντα
1219 2474 1269 2500 ὅσα
1290 2474 1409 2509 ἐλάλησα
1428 2483 1479 2501 σοι.
1497 2474 1553 2501 Καὶ
1573 2472 1707 2508 ἐξηγέρθη
1728 2471 1823 2498 Ἰακὼὸ
1843 2471 1899 2498 ἀπὺ

1112 2519 1160 2546 τοῦ
1175 2519 1259 2547 ὕπνου
1281 2520 1382 2553 αὑτοῦ,
1403 2521 1450 2547 καὶ
1465 2517 1555 2552 εἶπεν,
1570 2520 1621 2551 ὃτι,
1643 2519 1720 2545 Ἐστι
1740 2517 1841 2552 Κύριος
1869 2517 1899 2542 ὲν

1113 2566 1152 2601 τῷ
1164 2566 1239 2602 τόπῳ
1258 2566 1363 2603 τούτῳ,
1380 2565 1435 2601 ἐγὼ
1455 2566 1483 2592 δὲ
1506 2566 1555 2592 οὐκ
1577 2565 1660 2600 ᾔδειν.
1681 2563 1735 2589 Καὶ
1756 2561 1876 2597 ἐφοϐήθη
1890 2580 1898 2592 ,

1114 2613 1162 2638 καὶ
1190 2610 1283 2639 εἶπεν·
1308 2613 1353 2644 Ὦς
1385 2612 1500 2647 φοϐερὸς
1518 2613 1532 2638 ὁ
1551 2611 1631 2642 τόπος
1653 2606 1746 2641 οὗτοςὲ
1768 2609 1818 2635 οὐκ
1840 2608 1899 2634 ἔστι

1113 2658 1190 2685 τοῦτο
1205 2659 1260 2686 ἀλλ’
1277 2659 1293 2694 ἢ
1308 2657 1382 2691 οἶκος
1397 2658 1475 2691 Θεοῦ,
1491 2658 1538 2685 καὶ
1553 2657 1620 2691 αὓτη
1636 2658 1653 2692 ἡ
1672 2656 1742 2691 πύλη
1759 2655 1805 2682 τοῦ
1819 2655 1900 2690 οὐρα-

1112 2703 1169 2731 νοῦ.
1185 2704 1239 2730 Καὶ
1255 2704 1354 2740 ἀνέστη
1376 2704 1473 2731 Ἰακὼϐ
1489 2704 1520 2730 τὸ
1539 2703 1627 2740 πρωϊ.
1645 2705 1692 2730 καὶ
1705 2701 1783 2729 ἔλαϐε
1798 2700 1844 2727 τὸν
1858 2699 1899 2726 λε-

1115 2749 1176 2784 θον,
1189 2751 1218 2777 ὃν
1239 2751 1360 2787 ὑπέθηκε
1380 2751 1447 2787 πρὸς
1461 2750 1583 2785 κεφαλῆς
1598 2749 1696 2781 αὑτοῦ,
1721 2748 1766 2775 καὶ
1785 2747 1899 2781 ἐπησεν
