2084 3216
162 168 215 196 385

618 168 948 200 DEMONSTRATIONIS
966 171 1198 202 EVANGELICE
1219 174 1285 202 LIB.
1307 175 1341 203 V.

1739 182 1793 211 388

162 226 244 253 αὑτὸν
259 226 362 262 στήλην
374 247 381 258 ,
399 227 446 254 καὶ
465 227 578 263 ἐπέχεεν
594 228 683 256 ἔλαιον
696 230 745 257 ἐπὶ
763 230 794 257 τὸ
807 231 892 268 ἄκρον
905 233 954 259 αὑ-

1005 233 1131 269 angelum
1155 241 1265 269 quoque
1292 233 1341 262 Dei
1366 234 1497 271 deinceps
1524 245 1687 273 progressus
1716 239 1792 268 inve-

162 271 226 306 τῆς,
248 271 295 298 καὶ
310 271 423 298 ἐκάλεσε
442 272 537 299 Ἰακὼϐ
553 274 584 300 τὸ
600 274 686 310 ὄνομα
708 274 756 301 τοῦ
770 276 853 302 τόπου
879 277 953 303 ὲκεί-

165 327 221 350 νου,
234 316 310 349 οἶκος
327 318 404 345 Θεοῦ.
423 329 431 344 ι
448 319 548 347 Τοῦτον
562 321 608 347 τὸν
631 321 747 349 ἐνταῦθα
762 322 808 349 διὰ
819 323 953 350 τοσούτων

165 365 366 400 χρηματίζοντα
392 366 492 400 Κύριον
518 367 564 392 καὶ
588 367 662 399 Θεὸν,
688 368 800 402 ἄγγελον
815 369 861 395 τοῦ
885 370 951 396 Θεοῦ

162 410 264 445 προῖὼν
287 411 349 446 ἑξῆς
366 411 491 446 εὑρήσεις
504 433 511 443 ,
530 413 558 438 ἐν
575 411 615 444 οἷς
630 423 695 449 φησι
714 415 781 449 πρὸς
798 414 846 446 τὰς
862 418 953 449 γυναῖ-

160 465 212 488 κας
234 457 314 488 αὐτὸς
342 457 452 483 Ἰακώϐ·
469 468 476 483 ‹
494 459 548 484 Καὶ
574 457 634 485 εἷπέ
659 469 703 494 μοι
729 461 743 486 ὁ
770 461 883 494 ἅγγελος
906 463 950 488 τοῦ

159 503 228 530 Θεοῦ
241 503 300 529 καθ’
318 503 400 530 ὕπνον
411 513 416 518 “
443 505 548 531 Ἰακώϐ.
584 506 653 539 Ἐγὼ
665 507 692 532 δὲ
706 505 781 533 εἶπα·
806 508 837 533 Τί
854 508 927 540 int;
941 519 949 534 ι

161 550 217 576 Καὶ
233 550 295 584 ἑξῆς
306 558 312 564 ⁸
325 560 333 575 ι
353 550 487 587 Ἑώρακα,
506 562 513 576 ι
528 553 602 587 φησι,
617 563 625 577 ι
638 554 726 580 πάντα
741 555 790 579 ὅσα
807 555 898 580 Λάϐαν
912 556 952 581 σο).

161 597 243 621 ποιεῖ.
264 594 334 629 Ἐγὼ
348 596 361 621 ὀ
373 596 439 627 Θεὸς
455 598 468 622 ὁ
483 597 574 631 ὀφθείς
594 607 633 623 σοι
648 599 676 624 ἐν
691 599 776 634 τόπῳ,
791 597 820 626 οὗ
837 600 951 634 ’ἠλειψάς

165 648 210 674 μοι
229 641 287 666 ἐκεῖ
302 641 401 676 στήλην
415 661 421 673 ,
448 642 494 668 καὶ
516 642 589 677 ηὔξω
612 652 655 678 μοι
673 645 764 680 εὐχὴν.
785 646 860 680 »Ἆρ’
873 644 918 671 οὖν
939 647 952 672 ὁ

160 686 289 721 ἀνωτέρω
304 688 402 722 φήσας,
424 697 432 712 ι
454 688 523 721 Ἐγὼ
539 690 640 724 Κύριος
657 691 670 716 ὁ
686 691 750 722 Θεὸς
768 691 892 726 Ἀϐραὰμ
904 691 950 718 τοῦ

160 732 263 767 πατρός
275 741 330 765 σου,
340 734 385 759 καὶ
400 734 413 759 ὁ
428 734 617 768 Θεὺς“1σαὰκ,›
666 737 712 762 καὶ
725 738 824 772 στήλην
840 738 952 773 ἀνέστη-

161 786 206 804 σεν
219 780 233 804 ὁ
244 778 378 814 Θεοφιλὴς,
402 780 467 811 Θεὸς
487 781 535 815 μὲν
550 779 582 815 ἦν
603 783 648 808 καὶ
663 782 772 817 ,Κύριος
800 784 884 818 (αὐτῷ
898 785 951 820 γὰρ

160 823 265 856 λέγοντι
289 824 469 857 πιστευτέον),
496 825 525 850 οὺ
547 825 598 859 μὴν
614 826 627 851 ὀ
653 826 696 852 ἐπὶ
720 826 844 854 πάντων,
864 827 920 853 ἀλλ’
937 828 951 853 ο

160 868 265 894 ἐκείνου
275 868 412 904 δεύτερος,
429 869 461 895 τὰ
477 870 524 896 τοῦ
543 870 647 906 Ματρὸς
663 872 702 902 εἰς
719 872 878 906 ἀνθρώπους
891 873 949 898 δια-

1004 279 1063 307 nies
1078 289 1085 307 :
1110 279 1156 307 ubi
1179 280 1213 307 ad
1230 280 1360 308 mulieres
1374 282 1411 308 ait
1426 282 1485 317 ipse
1499 282 1585 312 Jacob
1602 293 1609 312 ε
1641 294 1651 311 ι
1673 285 1706 312 Et
1720 287 1791 314 dixit

1004 325 1070 352 mihi
1096 325 1208 361 angelus
1232 325 1279 353 Dei
1303 326 1330 353 in
1355 328 1471 360 somnis,
1500 328 1598 357 Jacob.
1619 330 1676 366 Ego
1700 336 1791 360 autem

1003 371 1058 397 dixi
1076 379 1081 398 :
1099 371 1168 404 Quid
1190 376 1231 399 est
1246 372 1289 398 ιιι
1305 382 1314 398 ι
1332 372 1364 399 ΕΙ.
1379 373 1507 409 deinceps
1524 384 1530 402 :
1550 385 1558 401 ι
1577 376 1648 410 Vidi,
1670 387 1679 403 ι
1692 378 1791 412 inquit,

1004 417 1084 452 236
1103 427 1111 442 ι
1128 418 1218 444 omnia
1242 426 1421 453 qumcumque
1440 419 1532 448 Laban
1563 423 1610 449 tibi
1628 424 1701 451 facit.
1734 424 1792 458 Ego

1004 463 1086 494 Deus,
1111 464 1156 498 qui
1179 464 1291 498 apparui
1316 464 1364 491 tibi
1381 465 1408 492 in
1427 465 1497 497 loco,
1521 467 1567 494 ubi
1592 469 1695 496 unxisti
1723 470 1790 497 mihi

1003 509 1122 541 titulum,
1139 513 1166 536 et
1178 511 1276 537 vovisti
1297 511 1362 538 mihi
1378 515 1470 538 votum
1483 513 1515 540 ⁵³.
1538 524 1547 539 ι
1565 514 1636 549 Ergo
1649 515 1694 550 qui
1708 523 1789 551 supra

1003 556 1118 586 dixerat,
1140 565 1149 580 ‹
1174 555 1230 590 Ego
1243 556 1373 584 Dominus
1391 557 1460 585 Deus
1481 558 1618 587 Abraham
1633 561 1718 595 patris
1736 562 1788 593 tui,

1003 607 1028 627 ct
1045 601 1114 628 Deus
1130 601 1215 633 Isaac,
1234 612 1242 628 ι
1257 603 1300 629 cui
1319 607 1345 630 et
1367 603 1476 631 titulum
1504 606 1589 632 erexit
1609 606 1655 634 Dei
1673 609 1788 638 amicus,

1003 647 1073 675 Deus
1089 649 1197 682 quidem
1214 653 1272 676 erat
1294 654 1320 676 et
1347 649 1479 677 Dominus
1502 652 1564 687 (ipsi
1591 652 1663 679 enim
1687 653 1789 681 dicenti

1002 694 1190 729 credendum),
1209 703 1262 721 non
1280 699 1369 722 tamen
1387 696 1409 723 is
1425 697 1470 731 qui
1485 696 1565 724 Pater
1576 702 1626 729 est,
1642 703 1668 725 et
1686 706 1699 725 a
1714 700 1790 726 nullo

1002 744 1053 772 cst,
1073 740 1119 767 sed
1135 740 1181 774 qui
1195 748 1236 772 ea,
1258 749 1318 775 quo:
1332 741 1363 768 ad
1380 741 1487 770 Patrem
1505 743 1651 777 pertinent,
1672 744 1790 771 homini-

1002 786 1053 812 bus
1075 785 1265 813 subministrat
1285 791 1312 813 et
1336 788 1452 814 nuntiat.
1480 788 1615 821 Quocirca
1639 790 1720 817 etiam
1737 798 1784 816 an-

982 832 1091 866 ‘gelum
1119 832 1208 866 ipsum
1237 834 1262 859 in
1291 834 1417 867 praesenti
1447 839 1526 861 vocat
1557 835 1640 862 Jacob
1669 836 1713 862 ubi
1739 836 1814 866 ait,-

1004 887 1012 902 ‹
1033 877 1104 903 Dixit
1120 878 1185 904 mihi
1202 879 1314 912 angelus
1330 879 1375 905 Dei
1390 879 1417 906 in
1430 880 1533 907 somnis
1544 880 1625 907 verba
1644 880 1700 907 haec
1713 891 1718 908 :
1733 880 1790 915 Ego

159 913 322 948 κονούμενος
338 915 384 940 καὶ
395 915 569 949 διαγγέλλων.
590 918 634 942 Διὸ
650 917 693 942 καὶ
709 917 823 950 ἄγγελον
841 919 920 943 αὑτὸν
938 920 950 945 ὁ

1002 929 1061 948 sum
1078 921 1159 953 Deus,
1176 922 1221 956 qui
1235 923 1348 957 apparui
1359 924 1406 950 tibi
1421 925 1447 950 in
1463 924 1533 951 loco.
1556 934 1564 950 ›
1588 925 1658 960 Ergo
1671 926 1742 953 idem
1758 913 1790 953 iet

165 959 172 968 ‘
230 958 236 967 ‘
366 960 378 965 υ
576 962 582 969 1
606 963 615 969 ~v
680 961 701 971 Vr
811 965 816 971 ν
838 964 848 969 1¹
905 964 910 969 ε

176 958 263 985 ῐακωϐ
278 959 323 985 ἐπὶ
334 969 379 986 του
395 961 524 996 παρόντος
539 970 614 988 καΛει
625 971 631 976 ”
648 973 655 987 ι
669 963 735 988 Ιιιπέ
748 972 792 997 μοι
807 972 819 989 ο
835 972 948 996 arva/.0;

157 1005 206 1032 τοῦ
231 1005 298 1032 Θεοῦ
327 1007 437 1040 φάσκων
463 1007 522 1034 καθ’
540 1008 635 1034 ὕπνον⁸
656 1009 724 1042 Ἐγώ
750 1010 806 1043 elo:
823 1010 835 1034 ὀ
852 1010 916 1040 Θεὸς
935 1011 949 1035 ὀ

159 1051 253 1086 ὀφθεὶς
272 1061 312 1079 σοι
331 1054 360 1078 ἐν
379 1053 417 1088 τῷ
439 1054 522 1088 τόπῳ.
540 1064 548 1078 ι
568 1055 671 1081 Οὐκοῦν
694 1056 707 1081 ὁ
731 1056 811 1086 αὐτὸς
835 1056 949 1089 ἄγγελος

159 1098 263 1133 Κυρίου
275 1099 321 1125 καὶ
333 1099 399 1130 Θεὸς
415 1100 460 1126 καὶ
483 1100 594 1135 Κύριος,
612 1101 704 1135 σαφῶς
719 1102 761 1127 διὰ
786 1102 886 1128 τούτων
904 1102 949 1128 ἀν-

158 1144 318 1179 ηγόρευται.
341 1146 395 1172 Καὶ
415 1147 442 1172 ὲν
465 1147 562 1182 Ἡσαΐᾳ
576 1147 603 1173 δὲ
616 1147 654 1182 τῷ
675 1149 810 1183 προφήτῃ,
829 1148 948 1182 μεγάλης

160 1191 259 1226 βουλῆς
281 1191 409 1225 ἅγγελος,
432 1192 498 1227 ὁμοῦ
520 1193 547 1219 δὲ
570 1194 616 1219 καὶ
639 1193 704 1224 Θεὸς
722 1194 768 1219 καὶ
794 1194 884 1228 ἅρχων
901 1195 948 1220 καὶ

158 1236 335 1273 ὲξοντιαστὴς
344 1239 583 1274 προσαγορεύεται,
595 1240 622 1265 ἐν
636 1236 676 1271 οἷς
686 1240 732 1274 τὴν
743 1240 782 1270 εἰς
790 1239 947 1275 ἀνθρώπους

158 1282 241 1310 σξιτοῦ
257 1283 362 1317 γένεσιν
377 1284 509 1316 θεσπίζει,
528 1285 628 1319 λέγων·
649 1295 656 1309 t
675 1286 734 1311 Ὅτι
750 1285 854 1311 παιδίον
870 1286 946 1318 ἐγεν-

158 1327 226 1363 νήθη
242 1329 317 1363 ἡμῖν,
333 1330 380 1356 καὶ
401 1330 458 1362 υἱὸς
471 1330 548 1365 ἐδόοη
572 1332 637 1365 ἡμῖν
650 1352 656 1363 ,
678 1328 706 1357 οὗ
723 1331 738 1365 ή
754 1332 824 1366 ἀρχὴ
841 1331 887 1357 ἐπὶ
901 1331 946 1357 τοῦ

1002 967 1114 1000 angelus
1130 966 1248 999 Domini,
1262 972 1289 995 et
1304 968 1386 1001 Deus,
1401 973 1427 996 et
1449 969 1591 1002 Dominus,
1608 971 1687 1006 plane
1703 972 1729 998 in
1746 972 1789 998 his

1002 1012 1151 1046 appellatus
1176 1017 1227 1040 est.
1247 1013 1280 1040 Ει
1304 1015 1376 1049 apud
1392 1014 1489 1042 Isaiam
1508 1016 1669 1050 prophetam
1697 1017 1787 1052 magni

1001 1058 1107 1084 consilii
1125 1058 1248 1092 angelus,
1267 1058 1431 1094 interimque
1446 1064 1472 1087 et
1495 1060 1576 1092 Deus,
1596 1065 1622 1088 ct
1648 1062 1786 1096 princeps,

1002 1108 1028 1129 et
1042 1107 1204 1137 potestatem
1228 1104 1333 1132 habens
1359 1106 1526 1138 nominatur,
1549 1107 1594 1133 ubi
1614 1111 1691 1133 ortus
1713 1108 1787 1135 illius

1003 1149 1075 1176 inter
1099 1150 1225 1177 homines
1249 1151 1368 1183 canitur,
1382 1159 1396 1178 a
1409 1152 1526 1184 dicente,
1569 1153 1641 1187 quod
1661 1162 1669 1178 ε
1688 1161 1788 1189 pueru-

1002 1196 1044 1221 lus
1061 1200 1141 1222 natus
1157 1201 1199 1222 est
1215 1197 1305 1228 nobis,
1323 1201 1349 1224 et
1369 1197 1439 1224 filius
1457 1198 1537 1225 datus
1550 1203 1590 1226 est
1606 1199 1696 1230 nobis.
1708 1200 1787 1234 cujus

1001 1240 1170 1275 principatus
1182 1249 1264 1275 super
1279 1242 1423 1269 humerum
1441 1244 1510 1278 ejus,
1526 1248 1553 1271 et
1565 1251 1677 1272 vocatur
1688 1253 1787 1273 nomen

1001 1286 1061 1320 ejus
1079 1287 1167 1321 magni
1184 1287 1293 1314 consilii
1310 1289 1434 1323 angelus.
1465 1290 1591 1324 princeps
1614 1291 1698 1325 pacis,
1715 1290 1786 1316 Delli

1002 1331 1091 1365 fortis,
1105 1333 1254 1365 potentiam
1268 1333 1383 1365 habens,
1398 1339 1473 1368 pater
1490 1335 1573 1362 futuri
1587 1337 1671 1363 seculi
1683 1336 1716 1363 ".
1737 1345 1747 1362 ι

157 1374 234 1409 ὤμου
251 1376 348 1408 αὐτοῦ,
374 1378 420 1403 καὶ
437 1377 559 1404 καλεῖται
580 1378 609 1404 τὸ
627 1378 711 1413 ὄνομα
727 1378 807 1405 αὑτοῦ
827 1379 946 1414 μεγάλης
967 1378 1063 1413 βουλῆς
1094 1380 1219 1413 ἄγγελος,
1237 1380 1329 1415 ἅρχων
1359 1382 1480 1417 εἰρήνης,
1495 1383 1561 1414 Θεὸς
1578 1384 1695 1419 ἰσχυρὸς,
1712 1384 1787 1417 ἐξου-

158 1424 271 1459 σιαστὴς
283 1445 290 1456 ,
306 1425 396 1461 πατὴρ
408 1425 455 1451 τοῦ
473 1425 615 1461 μέλλοντος
628 1426 734 1457 αἰῶνος.
760 1436 768 1452 ι

422 1484 617 1510 ΚΕΦΛΛΛΙΟΝ
638 1486 688 1511 IA'.

162 1543 210 1575 Ὠς
227 1541 275 1568 καὶ
297 1540 396 1568 Ἰακὼϐ
415 1541 467 1567 τὸν
493 1541 722 1574 προὸηλωθὲντίι
738 1542 786 1568 καὶ
808 1543 882 1568 Θεδν
897 1543 946 1569 καὶ

192 1579 311 1619 [adp/or,
325 1577 372 1619 θεαὶ
385 1576 422 1610 δὴ
436 1576 485 1617 xui
499 1576 638 1619 (im-sior,
653 1578 758 1619 ἀμιξίης
775 1577 814 1616 τῷ
832 1578 952 1619 Ἀϐραὰμ
967 1585 987 1613 c

191 1613 227 1638 ἐν
251 1612 406 1645 ἀνθρώπου
426 1611 557 1645 σχήματι
581 1613 680 1645 θεωρεῖ
700 1612 749 1638 διὰ
778 1612 833 1646 τῆς
854 1613 948 1646 οὕτως

192 1648 325 1682 ἐχούσης
339 1647 482 1681 ἱστῳίίις.

195 1714 205 1730 ι
228 1704 360 1736 Ἀναστὰς
380 1704 409 1731 δὲ
431 1704 480 1739 τὴν
501 1703 587 1730 νύκτα
609 1704 728 1740 ἐκείνην,
746 1704 826 1731 ἔλαϐε
840 1705 889 1737 τὰς
901 1706 948 1733 δύο

154 1752 299 1785 γυναῖκας,
313 1751 359 1777 καὶ
372 1750 421 1782 τὰς
433 1749 479 1776 δύο
493 1751 649 1783 παιδίσκας,
664 1751 711 1777 καὶ
725 1751 758 1778 τὰ
772 1751 867 1779 ἕνδεκα
885 1761 948 1783 παιτ

154 1797 200 1823 δια
225 1796 306 1823 αὐτοῦ
317 1817 324 1829 ,
343 1797 391 1823 καὶ¹
406 1796 482 1831 διέϐη
495 1796 544 1831 τὴν
561 1796 684 1824 διάϐασιν
703 1796 752 1832 τὴν
771 1797 867 1824 Ἰακώϐ
879 1807 885 1813 ·
902 1799 948 1825 καὶ

156 1843 252 1869 ἔλαϐεν
283 1843 398 1874 αὐτοὺς,
424 1843 471 1869 καὶ
494 1842 630 1869 διεϐίϐασε
668 1843 755 1869 πάντα
781 1843 815 1871 τὰ
840 1844 945 1871 ἑαυτοῦ.

161 1889 328 1923 ’Υπελείφθη
340 1888 367 1915 δὲ
385 1888 481 1915 Ἰακὼϐ
496 1889 585 1923 μόνος,
602 1889 648 1916 καὶ
662 1889 776 1916 ὲπάλαιε
793 1891 851 1924 μετ’
865 1890 947 1917 αὑτοῦ

155 1934 299 1970 ἅνθρωπος
318 1934 370 1966 ἓως
391 1935 473 1970 πρωῒ.
491 1932 552 1961 Bias
579 1935 622 1967 δὲ,
643 1935 683 1961 ὅτι
702 1935 732 1961 οὺ
749 1935 858 1962 δύναται
881 1936 948 1971 πρὸς

155 1981 250 2012 αὑτὸν,
270 1981 318 2007 καὶ
331 1980 419 2016 ἥψατο
433 1981 480 2007 τοῦ
495 1981 614 2012 πλάτους
629 1981 674 2007 τοῦ
691 1980 778 2016 μηροῦ
792 1981 885 2013 αὐτοῦ,
901 1982 948 2009 καὶ

156 2028 292 2064 ἐνάρκησε
304 2027 334 2053 τὺ
346 2027 446 2058 πλάτος
457 2027 504 2053 τοῦ
516 2026 602 2062 μηροῦ
618 2026 725 2058 Ἰακὼϐ,
735 2027 764 2053 ἐν
775 2026 813 2061 τῷ
824 2027 948 2054 παλαίειν

156 2074 237 2100 αὑτὸν
264 2073 323 2108 μετ’
344 2072 437 2099 αὑτοῦ.
469 2073 524 2099 Καὶ
547 2070 624 2099 εἷπεν
648 2072 741 2107 αὐτῷ·
779 2072 947 2100 Ἀπόστειλόν

158 2128 209 2154 με·
235 2118 320 2154 ἀνέϐη
338 2118 393 2154 γὰρ
413 2119 428 2145 ὁ
446 2118 554 2154 ὄρθρος.
585 2119 613 2145 '0
637 2118 665 2145 δὲ
693 2117 786 2145 εἴπενο
810 2119 846 2145 Οὐ
865 2120 902 2154 μή
918 2128 947 2146 σε

155 2165 325 2197 ἀποστείλω,
345 2165 398 2201 ἐὰν.
420 2165 457 2200 μή
488 2173 520 2199 με
545 2164 703 2200 εὐλογήσῃς.
729 2162 795 2191 Εἶπε
816 2165 839 2191 δ’
855 2164 944 2199 αὐτῷ·

155 2210 188 2236 Τί
217 2210 248 2236 τὸ
283 2208 369 2244 ὖνομά
403 2217 465 2241 σου;
495 2209 522 2235 '0
547 2208 575 2234 δὲ
610 2206 703 2234 εἷπεν·
739 2208 845 2236 Ἰακώϐ.
880 2208 947 2236 Εἷπε.

1302 1485 1416 1512 CAPIT
1442 1486 1488 1513 XI.

1003 1540 1078 1573 Quod
1095 1542 1173 1567 etiam
1186 1540 1269 1567 Jacob
1283 1550 1352 1572 eum,
1373 1542 1405 1568 dc
1426 1550 1475 1576 quo
1494 1543 1611 1576 proxime
1626 1543 1724 1570 dictum
1735 1550 1785 1575 est.

1039 1581 1063 1601 et
1081 1577 1161 1602 Deum
1177 1582 1200 1602 et
1217 1576 1369 1608 Dominum,
1381 1582 1508 1611 prarlerm
1522 1580 1640 1612 angelum
1653 1580 1785 1609 similiter.

1037 1617 1064 1637 ut
1077 1612 1209 1637 Abraham
1229 1613 1254 1637 in
1268 1613 1380 1638 hominis
1396 1612 1482 1645 forma
1500 1614 1699 1647 contemplatur,
1717 1616 1743 1642 in
1757 1625 1787 1642 ra

1035 1646 1147 1672 historia
1161 1655 1218 1681 qui?
1236 1648 1273 1673 sic
1297 1655 1324 1673 se
1344 1648 1433 1674 habet.

1037 1712 1046 1729 ι
1064 1703 1186 1739 Surgens
1202 1707 1293 1731 autem
1309 1708 1389 1732 nocte
1402 1704 1458 1736 illa,
1472 1704 1576 1739 accepit
1590 1705 1659 1734 duas
1672 1714 1784 1740 uxores,

999 1756 1030 1776 ac
1052 1749 1120 1777 duas
1144 1749 1273 1781 famulas,
1299 1753 1326 1777 et
1349 1749 1475 1777 undecim
1501 1750 1632 1784 puerulos
1658 1759 1735 1783 suos,
1760 1756 1787 1780 et

998 1796 1125 1824 transivit
1146 1796 1245 1823 vadum
1272 1795 1368 1829 Iacob,
1385 1799 1413 1823 et
1429 1796 1534 1830 accepit
1550 1803 1608 1829 eos,
1627 1801 1655 1825 et
1665 1798 1786 1825 traduxit

998 1842 1089 1870 omnia
1116 1849 1176 1869 sua.
1210 1841 1244 1868 Et
1279 1841 1393 1869 relictus
1423 1845 1466 1869 est
1491 1842 1550 1877 ipse
1579 1841 1664 1870 Iacob
1690 1844 1785 1877 solus,

997 1891 1024 1915 et
1036 1888 1192 1915 luctabatur
1203 1895 1266 1915 cum
1284 1895 1317 1915 eo
1332 1887 1413 1915 homo
1425 1895 1514 1922 usque
1529 1895 1619 1915 mane.
1646 1887 1721 1929 Vidit
1737 1897 1787 1917 au-

998 1939 1050 1962 tem
1063 1934 1134 1969 quod
1147 1942 1201 1961 non
1213 1938 1306 1969 posset
1317 1934 1549 1967 adversus'illum,
1559 1938 1587 1963 et
1598 1935 1688 1971 attigit
1698 1936 1789 1964 latitu-

997 1980 1087 2007 dinem
1099 1980 1211 2008 femoris
1217 1981 1287 2015 ejus,
1296 1984 1323 2008 et
1336 1981 1439 2016 torpuit
1447 1981 1562 2008 latitudo
1572 1981 1683 2010 femoris
1691 1982 1787 2016 Iacob,

997 2025 1062 2052 dum
1077 2025 1229 2053 luctaretur
1243 2026 1287 2053 hic
1302 2033 1365 2053 cum
1381 2026 1438 2053 illo.
1457 2025 1490 2053 Et
1504 2027 1573 2054 dixit
1596 2028 1622 2055 ei
1645 2038 1652 2055 :
1677 2027 1788 2056 Dimitte

998 2078 1051 2103 me,
1068 2071 1193 2098 ascendit
1206 2071 1280 2098 enim
1297 2079 1408 2099 aurora.
1429 2070 1480 2099 Hic
1495 2080 1560 2100 vero
1575 2073 1645 2100 dixit
1660 2083 1667 2101 :
1683 2073 1744 2101 Non
1759 2078 1788 2101 te

997 2118 1142 2151 dimittam,
1164 2118 1218 2145 nisi
1239 2117 1307 2145 mihi
1329 2118 1512 2147 benedixeris.
1535 2118 1609 2146 Dixit
1624 2125 1715 2147 autem
1732 2121 1758 2148 ei
1777 2130 1785 2137 -

998 2163 1075 2197 Quod
1093 2168 1134 2191 est
1148 2171 1248 2192 nomen
1265 2164 1363 2192 tuum?
1377 2165 1411 2192 At
1426 2165 1472 2192 hic
1488 2165 1557 2193 dixit
1572 2167 1597 2193 ei
1615 2175 1622 2194 :
1644 2165 1738 2194 Jacoh.
1753 2166 1788 2195 Et

998 2210 1066 2237 dixit
1078 2210 1103 2237 ei
1115 2219 1122 2237 ι
1136 2209 1198 2237 Νοη
1210 2210 1326 2246 amplius
1334 2210 1420 2239 Jacob
1430 2212 1572 2239 vocabitur
1585 2219 1685 2240 nomen
1699 2217 1786 2242 tuum.

154 2256 177 2283 δ’
203 2255 285 2291 αὐτῷ·
312 2255 410 2282 υὺκὲτι
434 2253 531 2282 Ἰακὼϐ
546 2255 710 2290 κληθήσεται
736 2255 765 2281 τὸ
778 2255 863 2291 ὕνομά
879 2264 942 2287 σου,

999 2254 1077 2290 237
1092 2255 1137 2282 sed
1151 2254 1234 2283 Israel
1252 2256 1304 2283 erit
1318 2264 1418 2284 nomen
1433 2260 1509 2284 tuum
1534 2265 1541 2284 :
1558 2258 1687 2292 quoniam
1712 2258 1786 2286 inva-

155 2302 212 2329 ἀλλ’
229 2301 337 2337 Ἰσραὴλ
351 2301 425 2328 ἔσται
438 2301 468 2328 τὸ
482 2301 568 2337 δνομά
585 2310 631 2327 σου
643 2310 650 2316 ·
664 2301 704 2327 ὃτι
716 2302 859 2337 ἐνίσχυσας
875 2302 943 2337 μετὰ

155 2348 233 2380 Θεοῦ,
250 2349 297 2375 καὶ
315 2347 373 2384 μετ’
390 2346 538 2383 ἀνθρώπων
554 2347 664 2379 δυνατὸς
687 2347 745 2383 ἔσῃ.
769 2348 945 2384 Ἡρώτησεδὲ

161 2394 269 2426 Ἰακὼϐ,
287 2395 334 2420 καὶ
350 2392 441 2420 εἶπεν·
466 2393 636 2428 Ἀνάγγειλόν
660 2402 704 2429 μοι
721 2393 752 2420 τὸ
771 2394 856 2429 ὄνομά
887 2403 943 2421 σου.

154 2441 210 2467 Καὶ
226 2439 318 2467 εἶπεν·
338 2441 397 2467 Ἵνα
421 2440 447 2466 τί
473 2440 554 2467 τοῦτο
580 2441 694 2475 ἐρωτᾷς,
712 2440 742 2467 τὸ
767 2440 851 2476 ὄνομά
877 2450 944 2476 μους

156 2487 210 2513 Καὶ
232 2486 380 2521 εὐλόγησεν
407 2487 488 2513 αὑτὸν
518 2487 585 2518 ἐκεῖ,
603 2487 649 2512 καὶ
672 2486 784 2513 ἐκάλεσε
808 2487 840 2513 τὸ
861 2487 945 2522 ὄνομα

153 2531 201 2558 τοῦ
208 2531 292 2558 τόπου
304 2531 407 2558 ἐκείνου
422 2531 528 2564 Ἰακὼϐ,
538 2529 625 2564 Εἶδος
636 2531 720 2558 Θεοῦ.
730 2529 806 2558 Εἶδον
816 2530 870 2566 γὰρ
880 2531 945 2558 Θεὸν

155 2577 301 2613 πρόσωπον
324 2577 392 2612 πρὸς
414 2577 568 2612 πρόσωπον,
585 2577 633 2603 καὶ
648 2576 737 2612 ἐσώθη
756 2578 772 2612 ἡ
790 2577 862 2612 ψυχή
881 2585 941 2612 μου.

161 2622 293 2650 Ἀνέτειλε
309 2622 337 2649 δὲ
352 2622 426 2658 αὐτῷ
447 2624 461 2649 ὁ
480 2623 564 2658 ἥλιος,
581 2623 661 2658 ήνικα
685 2622 808 2658 παρῆλθε
822 2623 852 2649 τὸ
875 2620 944 2654 εἶδος

154 2669 201 2695 τοῦ
212 2669 292 2695 Θεοῦ.
316 2678 326 2695 ι
341 2668 386 2704 Τῷ
403 2669 451 2704 μὲν
476 2670 570 2696 Μωσεῑ
585 2670 692 2704 εἴρητο·
711 2679 720 2694 ι
736 2669 831 2701 οὐδεὶς
851 2668 946 2703 ὄψεται

153 2715 184 2741 τὸ
197 2714 343 2750 πρόσωπόν
363 2723 413 2750 μου
430 2715 476 2742 καὶ
496 2714 617 2750 ζήσεταν
633 2724 644 2741 ι
660 2715 691 2742 ὲν
701 2715 805 2747 τούτοις
817 2715 846 2741 δὲ
861 2715 876 2741 ὸ
898 2714 948 2741 Ἰα-

154 2760 212 2788 κὼϐ
237 2759 292 2788 εἶδε
316 2760 384 2787 Θεὸν
408 2761 458 2796 οὺχ
482 2760 587 2793 ἁπλὰ.
615 2760 681 2788 ἀλλὰ
708 2761 853 2796 πρόσωπον
880 2761 947 2796 πρὸς

155 2807 315 2842 πρόσωπον·
334 2808 381 2834 καὶ
394 2807 488 2839 σωθείς
504 2815 535 2841 γε
547 2807 577 2834 οὐ
593 2807 625 2834 τὸ
640 2806 730 2842 σῶμα,
748 2806 815 2833 ἀλλὰ
830 2806 879 2842 τὴν
893 2806 947 2842 ψυ-

204 2884 227 2901 ⁵³
245 2885 312 2913 Gcn.
330 2893 407 2919 xxxi,
422 2885 463 2913 lt.

511 2885 535 2902 ”
550 2885 614 2913 ibid.
636 2884 677 2918 12,
692 2885 737 2913 i5.
753 2885 776 2902 "
790 2885 843 2913 lsa.
857 2892 894 2917 Ix,
911 2884 938 2913 ϐ.
977 2885 999 2901 ⁵⁸
1015 2883 1081 2913 Gen.
1100 2891 1188 2918 xxxu,
1205 2883 1303 2912 22-51.

997 2301 1072 2329 luisti
1084 2309 1146 2329 cum
1172 2301 1238 2335 Deo,
1255 2303 1338 2330 etiam
1354 2310 1416 2329 cum
1431 2303 1591 2331 hominibus
1608 2308 1705 2339 potens
1719 2305 1785 2331 eris.

998 2347 1180 2382 interrogavit
1190 2355 1255 2375 vero
1269 2347 1355 2375 Jacob
1368 2353 1395 2376 et
1409 2348 1447 2375 ait
1460 2358 1467 2376 :
1486 2342 1584 2376 Indica
1603 2349 1670 2376 mihi
1685 2357 1786 2377 nomen

998 2398 1087 2422 tuum.
1112 2393 1146 2420 Et
1167 2394 1205 2421 ait
1225 2404 1232 2421 :
1252 2393 1322 2426 Quid
1345 2395 1383 2422 ita
1398 2395 1497 2430 quaeris
1513 2403 1610 2423 nomen
1626 2395 1737 2422 meum?
1753 2395 1786 2422 Et

1000 2439 1140 2467 benedixit
1156 2439 1181 2466 ei
1202 2438 1229 2465 in
1251 2439 1299 2466 illo
1321 2439 1391 2471 loco.
1414 2444 1440 2467 et
1463 2441 1569 2468 vocavit
1588 2439 1672 2468 Jacob
1685 2448 1785 2469 nomen

999 2485 1053 2512 loci
1073 2484 1159 2517 illius,
1176 2483 1295 2519 Speciem
1317 2484 1377 2512 Dei.
1393 2485 1497 2521 Aspexi
1511 2485 1584 2513 enim
1608 2484 1694 2512 Deum
1715 2486 1786 2514 facie

999 2530 1034 2557 ad
1051 2529 1148 2558 faciem
1167 2539 1174 2557 :
1196 2534 1223 2558 et
1237 2534 1346 2559 servata
1370 2535 1412 2558 est
1433 2532 1522 2558 anima
1547 2539 1618 2558 mea.
1646 2530 1729 2559 Ortus
1743 2537 1786 2560 est

998 2581 1088 2604 autem
1108 2576 1146 2603 illi
1162 2577 1214 2610 sol,
1230 2584 1293 2604 cum
1318 2578 1463 2605 transisset
1488 2577 1592 2612 species
1610 2577 1656 2605 Dei
1672 2577 1706 2605 ⁵⁸.
1726 2587 1736 2604 ›
1751 2577 1786 2605 Ει

997 2621 1065 2649 Mosi
1073 2621 1182 2656 quidem
1188 2622 1290 2650 dictum
1297 2627 1340 2650 est
1347 2631 1353 2649 :
1359 2631 1368 2648 ι
1379 2621 1475 2650 Nullus
1483 2622 1584 2649 videbit
1591 2622 1688 2650 faciem
1696 2630 1784 2651 meam

995 2671 1024 2695 et
1040 2668 1113 2695 vivet
1124 2667 1164 2694 "z
1181 2677 1190 2694 ι
1208 2667 1254 2695 hic
1267 2672 1356 2695 autem
1366 2667 1451 2696 Jacob
1466 2667 1535 2695 vidit
1549 2667 1633 2696 Deum
1648 2664 1706 2695 non
1719 2668 1786 2696 sim-

997 2714 1116 2751 pliciter,
1134 2714 1182 2742 sed
1200 2713 1272 2742 facie
1286 2714 1321 2742 ad
1336 2714 1435 2742 faciem
1457 2723 1464 2740 :
1480 2718 1508 2742 et
1524 2723 1587 2742 cum
1601 2719 1725 2743 servatus
1737 2723 1785 2743 es-

999 2764 1051 2793 set,
1065 2768 1120 2788 non
1137 2767 1263 2795 corpore,
1277 2760 1325 2789 sed
1334 2760 1438 2792 animo,
1453 2761 1486 2788 ad
1500 2761 1690 2796 appellationis
1700 2760 1786 2789 lsrael

999 2806 1162 2841 dignitatem
1178 2810 1336 2841 assumptus
1349 2810 1401 2838 est,
1419 2812 1479 2841 qua:
1490 2813 1556 2832 sane
1570 2805 1714 2841 appellatio
1726 2804 1786 2834 ani-

1357 2885 1380 2901 "
1394 2883 1480 2912 Exod.
1498 2890 1587 2917 xxxu,
1601 2881 1646 2913 20.
