2084 3216
174 164 225 192 383
628 169 954 214 ΒΕΜΟΝΞΤΒᾼΤΙΟΝΙΞ
975 169 1202 198 ΕνΑΝϐΕιιεΑε
1222 171 1287 198 LIB.
1311 170 1343 198 ν.
1757 177 1809 205 390

175 224 306 252 Λειπεταί
319 235 363 258 τις
385 227 439 261 ἄρα
457 227 495 254 ὦν
511 229 539 254 ὲν
555 229 611 260 τοῖς
633 227 693 255 οὖσι
709 229 774 261 Θεὸς
799 230 846 257 καὶ
870 230 955 265 Κύριο

1022 237 1059 257 ra:
1075 229 1174 257 divinae
1191 230 1344 258 locutiones
1358 231 1387 258 in
1404 231 1592 267 superioribus
1605 233 1809 262 evidentissime

177 273 244 306 μετὰ
266 272 312 297 τὸν
331 272 505 308 παμϐασιλέα
528 274 574 300 καὶ
594 274 660 301 Θεὸν
675 275 728 302 τῶν
741 276 822 302 ὅλων·
836 275 878 311 εἴη
893 276 915 302 δ’
930 277 955 302 δι’.

1014 276 1171 308 ostendunt,
1196 277 1241 303 ubi
1266 277 1391 312 angelum
1417 277 1464 305 Dci
1488 279 1622 313 appellant
1648 288 1721 314 eum,
1746 282 1793 316 qui

175 315 251 349 οὗτος
267 319 281 344 6
297 318 351 354 πρὸ
365 319 470 346 αἰώνων
484 320 531 347 τοῦ
545 321 612 347 Θεοῦ
629 322 723 355 Λόγος,
743 323 757 347 6
772 321 902 357 κρείττων
915 322 955 356 psi

1017 330 1079 349 cum
1095 322 1128 349 de
1141 321 1227 349 Jaeob
1244 330 1335 350 sermo
1349 327 1434 356 esset,
1458 323 1590 353 Dominus
1611 331 1638 353 et
1666 327 1739 354 Deus
1755 315 1808 355 rest

175 363 191 397 ἢ
206 364 278 389 πᾶσα
293 363 425 399 ἀγγελικὴ
439 363 529 399 φύσις,
546 366 630 400 μείων
647 366 674 392 δὲ
690 366 706 402 ἢ
723 366 792 393 κατὰ
810 365 840 393 τὸ
857 366 955 401 πρῶτον

1022 369 1192 396 nominatus.
1212 368 1344 403 Superest
1357 370 1439 405 igitur
1456 375 1486 398 ut
1501 379 1665 406 qimramus,
1678 374 1806 408 quisnam

176 410 274 436 αἴτιον.
1024 415 1070 447 sit,
1089 416 1116 442 in
1133 416 1167 443 iis
1180 423 1240 452 quae
1253 421 1325 448 sunt,
1345 416 1416 444 Deus
1437 423 1463 444 et
1483 417 1625 451 Dominus,
1649 423 1746 454 praeter
1758 427 1807 454 pa-

1024 466 1091 490 trem
1103 463 1236 494 omnium,
1248 467 1274 490 et
1286 471 1376 497 regem
1384 463 1523 499 Deumque
1532 466 1652 494 universi
1667 476 1674 494 :
1689 467 1741 494 erit
1753 475 1804 494 au-

173 506 227 530 tem
242 504 287 531 hic
303 503 421 533 Verbum
436 505 483 533 Dei
496 507 569 542 quod
583 511 624 534 est
641 511 706 534 ante
723 508 835 540 srecula,
853 508 978 543 superior
995 511 1105 545 quidem
1117 511 1191 538 omni
1203 511 1325 546 angelica
1340 515 1447 544 natura,
1462 512 1602 547 profectus
1623 518 1713 541 autem
1725 513 1759 541 ab
1772 522 1805 541 eo

172 552 218 587 qui
233 557 309 588 pater
327 558 379 583 est.

437 591 635 618 ΚΕΦΑΛΛΙΟΝ
654 592 703 619 IB'.

1314 600 1428 628 CAPUT
1448 600 1506 628 XII.

177 632 226 667 Ὠς
239 631 324 667 αὖθις
338 635 387 662 ἐπὶ
409 637 461 685 τρᾷ
475 637 574 663 Ἰακὼϐ
584 637 722 680 dedamur
743 638 817 665 Θεὸν
832 640 936 674 σαφῶς
950 650 955 665 ι

1020 645 1096 679 Quod
1116 654 1208 673 rursus
1231 647 1259 673 in
1283 645 1367 685 Jacob
1394 647 1509 685 genitum
1531 647 1627 681 Deum,
1651 649 1728 682 plane
1745 652 1802 685 ipsa

416 673 506 706 λόγος
518 673 715 705 παρίστησιν.

1022 673 1040 679 ’”
1274 682 1360 708 oratio
1373 673 1428 715 ρὶ-’ω
1446 691 1473 709 se
1491 683 1551 716 fert.

208 723 218 740 ‹
231 712 297 741 Εἷπε
311 715 338 742 δὲ
356 717 370 742 ὀ
381 717 447 749 Θεὸς
463 718 569 744 Ἰακώ6’
586 719 720 750 Ἀναστὰς
734 719 849 755 ἀναόηθι
869 720 909 750 εἰς
920 718 955 744 τὸν

1057 734 1066 749 l
1086 723 1158 751 Dixit
1173 728 1264 752 autem
1276 724 1348 752 Deus
1364 712 1397 752 ad
1414 712 1498 753 Iacob
1517 736 1523 753 :
1540 726 1626 763 Surge
1641 732 1668 756 et
1685 731 1803 759 ascende

168 760 252 787 τόπον
273 761 383 797 Βαιθὴλ,
401 764 447 790 καὶ
463 764 531 791 οἴκει
547 766 613 797 ἐκεῖ,
631 766 678 791 καὶ
695 765 806 800 ποίησον
818 765 955 800 θυσιαστή-

1017 770 1044 796 in
1059 770 1147 797 locum
1163 770 1266 804 Bcthel,
1283 774 1309 798 et
1329 771 1420 798 habita
1436 772 1502 804 illic,
1525 760 1610 801 et'fae
1641 775 1725 803 altare
1749 776 1804 804 Deo

170 812 229 839 ριον
243 806 281 840 τῷ
299 806 370 841 Θεῷ,
384 807 423 850 τῷ
437 808 546 842 ὀφθέντι
563 817 602 835 σοι
619 810 647 835 ἐν
661 809 700 844 τῷ
713 810 920 845 ἀποδιδράσκειν
937 818 955 836 σς

1017 816 1064 850 qui
1079 816 1127 842 tibi
1144 817 1280 851 apparuit,
1294 824 1356 844 cum
1377 817 1484 853 fugeres
1497 825 1513 844 a
1534 817 1602 846 facie
1624 819 1694 847 Esau
1710 820 1802 849 fratris

168 851 223 877 ἀπὸ
252 852 398 887 προσώπου
440 854 526 881 Ἡσαῦ
556 855 604 882 τοῦ
627 855 740 890 ἀδελῳοῦ
766 865 823 882 σου.
850 854 917 882 Εἶπε
936 856 955 882 δί

1017 861 1066 888 tui.
1085 860 1118 887 Et
1132 861 1200 888 dixit
1213 861 1298 889 Jacob
1310 851 1485 894 domuiﬁsuze,
1500 868 1527 890 et
1536 865 1662 892 omnibus
1678 867 1723 900 qui
1739 874 1802 894 cum

177 895 275 923 Ἰακὼϐ
301 898 339 933 τῷ
362 898 429 934 οἴκῳ
454 900 537 926 αὑτοῦ
562 901 610 927 καὶ
631 902 697 928 πᾶσι
714 903 769 933 τοῖς
787 902 847 937 μεθ’
863 902 944 928 αὑτοῦ

1016 906 1076 941 ipso
1089 911 1168 934 erant
1184 916 1191 934 :
1205 907 1303 935 Tollite
1315 908 1381 936 deos
1402 908 1506 936 alienos
1518 909 1552 936 de
1563 910 1650 937 medio
1665 895 1760 945 vestri,
1775 916 1803 940 et

169 944 274 978 ’Ἄρατε
289 945 356 976 ,τοὺς
373 945 451 978 θεοὺς
472 947 542 978 τοὺς·
552 947 706 983 ἀλλοτρίους
729 949 760 974 ἐκ
777 948 858 982 μέσου
874 948 960 983 ὑμῶν,

166 989 216 1014 καὶ
230 988 425 1024 καθαρίσασθε,
442 991 488 1017 καὶ
503 991 634 1024 ἀλλάξατε
647 991 696 1023 τὰς
708 992 804 1023 στολὰς
816 992 902 1027 ὑμῶν,
914 993 962 1018 καὶ

165 1035 334 1067 ἀναστάντες
356 1036 500 1073 ἀναϐῶμεν
523 1039 562 1069 εὶς
588 1037 878 1074 Βαιοὴλ·ποιήσωμεν
903 1039 962 1065 ἐκεῖ

167 1081 361 1118 θυσιαστήριον
376 1083 414 1118 τῷ
428 1084 533 1120 Κυρίῳ,
549 1077 742 1110 ὲπακούσαντί
752 1093 803 1120 μου
826 1086 855 1111 ἑν
871 1085 961 1120 ἡμέρᾳ

167 1128 298 1163 θλίψεως,
313 1129 342 1161 ὃς
356 1127 389 1165 ἦν
409 1131 468 1165 μετ’
483 1129 559 1165 ἐμοῦ,
578 1131 624 1157 καὶ
639 1130 724 1156 ἔσωσέ
742 1139 774 1165 με
788 1131 816 1156 ἐν
830 1132 861 1166 τῇ
875 1131 927 1166 ὀδῷ

170 1174 335 1210 ἐπορεύθην.
349 1185 358 1201 ι
369 1175 499 1202 Ἐνταῦοα
511 1177 525 1202 6
539 1175 605 1208 Θεὸς
617 1176 697 1208 αὐτὸς
709 1176 724 1202 ὁ
735 1176 789 1202 τῶν
802 1177 879 1208 ὅλων,
891 1177 904 1202 6
918 1177 961 1211 μό-

167 1229 214 1251 νος
223 1220 372 1255 ἁγέννητος
389 1222 436 1247 καὶ
451 1222 580 1248 ἀνωτάτω
597 1222 714 1254 πάντων,
724 1223 773 1248 οὐκ
783 1222 884 1256 ὀφθεὶς,
893 1221 960 1249 ἀλλὰ

165 1266 221 1301 γὰρ
239 1267 360 1302 ἀοράτως
378 1268 550 1302 χρηματίσας
562 1268 601 1304 τῷ
617 1268 724 1301 Ἰακὼϐ,
738 1269 854 1304 δυνάμει
868 1277 898 1294 τε
915 1269 960 1304 ap-

166 1313 243 1348 ρἡῳ
257 1312 336 1340 αὐτὸν
350 1314 526 1350 ἀνακινήσας,
544 1314 609 1350 περὶ
626 1315 719 1351 ἐτέρου
736 1315 828 1350 σαφῶς
844 1316 959 1341 ποιεῖται

164 1358 212 1385 τὸν
229 1358 317 1393 λόγον.
333 1358 399 1386 Εἷπε
411 1360 476 1394 γοῦν
489 1361 503 1387 ὁ
518 1360 583 1392 Θεὸς
597 1359 672 1396 αὐτῷ
682 1369 688 1375 ·
708 1369 717 1386 ε
733 1361 848 1396 Ποίησον
865 1360 960 1387 ουσια-

165 1405 277 1441 στήριον
290 1405 328 1440 τῷ
344 1405 403 1440 Θεῷ
416 1405 455 1441 τῷ
468 1406 575 1440 ὀφθέντι
594 1414 646 1434 σοι,
659 1406 720 1438 »Τίς
729 1406 752 1433 δ’
762 1404 795 1442 ἦν
808 1407 821 1432 ὁ
836 1414 958 1442 προγρα-

164 1450 227 1483 rgat;
253 1445 341 1483 ὦφθαι
366 1450 451 1485 αὐτῷ,
469 1451 570 1486 ἀρτίως
586 1452 808 1486 παρεστήσαμεν,
828 1451 873 1477 τὸν
892 1450 958 1478 Θεὸν

163 1495 252 1529 Λόγον
265 1492 334 1521 εἶναι
345 1495 549 1527 ἀποδείξαντες.

430 1553 627 1580 ΚΕΦΑΛΑΙυΝ
639 1553 689 1580 ll".

170 1609 238 1636 Ἆπὸ
248 1609 303 1642 τῆς
326 1609 458 1642 Ἐξόδου.
471 1626 506 1632 -
524 1610 570 1643 Ὠς
583 1611 598 1636 ό
615 1609 664 1636 ἐπὶ
674 1609 795 1636 πάντων
806 1609 888 1642 Θεὸς,
904 1611 956 1637 αὺ-

201 1645 253 1680 (dg-
270 1645 313 1671 ὢν
329 1647 344 1672 o'
364 1645 400 1671 δι’
425 1644 554 1680 ἀγγέλου
577 1645 617 1677 τῷ
639 1643 954 1680 Μωᾷεῒνχρηματίζῳν,

199 1678 295 1714 ὦφθαι
317 1680 378 1713 τοῖς
397 1678 556 1714 πατράσιν,
575 1679 674 1706 οὐκέτι
691 1679 728 1705 δι’
741 1679 880 1714 ἀγγέλου,
908 1679 956 1706 διὰ

201 1715 236 1741 δὲ
246 1715 300 1742 τοῦ
310 1715 377 1742 Υἱοῦ
385 1715 530 1742 διδάσκει.

203 1781 212 1796 ι
225 1772 279 1798 Kal.
291 1772 394 1807 Μωσῆς
411 1769 444 1808 ἢν
455 1771 606 1807 ποιμαίνων
621 1771 656 1798 τὰ
667 1769 899 1806 πρόϐαταἸωθὼρ
908 1769 955 1797 τοῦ

162 1818 289 1854 γαμϐροῦ
305 1818 386 1845 αὑτοῦ
397 1827 403 1833 ⁵
421 1819 467 1845 καὶ
492 1816 572 1854 ἦλθεν
585 1819 624 1849 είς
637 1817 666 1843 τὸ
678 1816 740 1852 ὅρος
752 1817 782 1842 τὸ
798 1817 826 1842 ἐν
842 1816 954 1852 Χωρήὸ.

164 1865 254 1900 Ὠερθη
269 1865 296 1891 δὲ
313 1864 387 1900 αὑτῷ
411 1863 525 1898 ἄγγελος
544 1863 648 1899 Κυρίου
661 1864 690 1889 ὲν
702 1862 768 1897 πυρὶ
786 1862 883 1897 φλογὸς
907 1862 955 1897 βά-

162 1920 223 1938 του.
245 1921 254 1936 ι
273 1911 327 1937 Καὶ
343 1910 402 1946 μεθ’
419 1911 515 1945 ἔτερα*
537 1919 547 1936 ι
566 1910 609 1940 Ὡς
624 1909 652 1935 δὲ
673 1906 752 1941 εἶδεν,
767 1908 808 1935 ὅτι
824 1908 955 1943 προσάγει

164 1956 241 1988 ἰδεῖν,
265 1957 394 1983 ἐκάλεσεν
421 1956 500 1982 αὑτὸν
518 1957 550 1982 ἐκ
576 1955 658 1990 μέσου
684 1952 735 1988 τῆς
751 1954 832 1988 βάτου
851 1953 953 1987 λέγων·

162 2003 261 2037 Μωσῆ,
282 2003 380 2038 Μωσῆ,
399 2002 435 2037 μὴ
457 2001 570 2037 ὲγγίσῃς
594 1997 654 2027 ὧδε.
672 1999 758 2026 Λῦσαι
774 1999 804 2025 τὸ
830 1999 955 2034 ὑπόδημα

163 2048 253 2074 ποδῶν
277 2057 339 2074 σου·
353 2049 367 2074 6
385 2048 439 2083 γὰρ
452 2048 533 2079 τόπος
546 2048 574 2073 ὲν
591 2043 613 2080 ᾧ
628 2047 660 2073 σὺ
677 2046 805 2080 ἕστηκας,
830 2046 865 2080 γῆ
891 2045 955 2079 ἁγία

163 2094 234 2120 ἐστί.
254 2103 263 2120 ι
277 2095 332 2121 Καὶ
347 2095 405 2129 μετ’
421 2094 499 2128 ὀλίγα
510 2102 516 2108 ·
535 2103 544 2119 ι
561 2094 616 2120 Καὶ
630 2091 690 2119 εἶπε
707 2091 809 2127 Κύριος
822 2091 889 2127 πρὸς
906 2091 954 2118 αὐ-

162 2139 226 2165 τόν·
255 2138 326 2173 Ἐγώ
351 2139 408 2174 είμι
430 2139 444 2165 ὁ
481 2137 528 2164 ὢν.
553 2148 562 2163 ι
588 2138 643 2164 Ka't
670 2134 766 2168 αὖθις
790 2145 799 2161 t
826 2136 954 2170 Ἐλάλησε

162 2185 266 2221 Κύριος
290 2184 361 2218 πρὸς
379 2183 492 2218 Μωσῆν,
515 2183 563 2209 καὶ
587 2181 646 2209 εἷπε
671 2182 739 2217 πρὸς
758 2181 854 2208 αὐτόν·
886 2180 954 2214 Ἐγὼ

162 2230 266 2268 Κύριος
278 2229 372 2265 ὼερθην
383 2229 451 2265 προς
466 2227 601 2265 Ἀϐραὰμ,
613 2228 660 2254 καὶ
673 2228 774 2259 Ἰσαὰκ,
789 2227 835 2254 καὶ
849 2226 953 2259 Ἰακὼϐ,

163 2277 230 2308 Θεὸς
240 2277 278 2303 ὢν
289 2275 389 2308 αὐτῶν,
402 2276 448 2302 καὶ
459 2274 489 2301 τὺ
500 2274 585 2310 ὄνομά
596 2283 646 2310 μου
657 2274 707 2300 οὐκ
716 2274 838 2309 ἐδήλωσα
853 2273 953 2305 αὐτοῖς,

163 2323 212 2349 καὶ
224 2322 326 2357 ἕστησα
341 2321 389 2356 τὴν
406 2321 536 2356 διαθήκην
555 2329 606 2356 μου
624 2320 692 2355 πρὸς
703 2319 809 2350 αὐτούς.
826 2328 836 2344 ι
853 2319 956 2354 ’Ὠσπερ

162 2367 277 2394 ἐπὶτῶν
294 2369 323 2394 ἐν
339 2366 493 2402 ἀνθρώποις
513 2365 670 2402 προσητῶν,
691 2365 812 2396 Ἡσαΐου,
835 2365 900 2400 φέρε
918 2365 956 2390 εί-

162 2415 236 2445 πείν,
251 2414 297 2440 καὶ
326 2413 468 2448 Ἱερεμίου,
489 2413 535 2439 καὶ
554 2412 607 2438 τῶν
624 2411 835 2447 παραπλησίων,
854 2410 955 2446 ἄνθρω-

162 2468 215 2491 πος
232 2459 283 2494 μὲν
299 2457 332 2494 ἦν
348 2459 379 2485 τὸ
404 2457 552 2493 ὁρώμενον,
569 2457 634 2488 Θεὸς
654 2457 682 2483 δὲ
704 2457 718 2483 ὁ
736 2456 780 2483 διὰ
798 2455 844 2482 τοῦ
862 2464 954 2490 φαινο-

164 2505 258 2540 μένου,
281 2504 355 2530 ὡσὰν
381 2503 414 2529 δι’
437 2503 553 2539 ὀργάνου
584 2501 736 2534 θεσπίζων’
758 2501 804 2528 καὶ
825 2500 884 2527 τοτὲ
904 2501 952 2536 μὲν

162 2550 283 2587 Χριστοῦ
316 2550 476 2585 πρόσωπον,
512 2548 573 2575 τοτὲ
605 2548 634 2575 δὲ
663 2547 822 2582 Πνεύματος
856 2546 952 2581 ἁγίου,

161 2597 224 2623 τοτὲ
246 2595 275 2623 δὲ
296 2595 343 2623 τοῦ
372 2596 419 2623 ἐπὶ
449 2595 556 2622 πάντων
583 2593 650 2621 Θεοῦ
676 2591 721 2629 ἧν,
748 2593 792 2619 διὰ
820 2591 867 2619 τοῦ
887 2600 952 2628 προ-

163 2643 250 2677 φήτου
274 2640 458 2677 χρηματίζον·
491 2641 561 2667 οὕτω
592 2639 624 2675 δὴ
643 2639 690 2666 καὶ
712 2638 759 2665 νῦν
781 2636 951 2672 εἰσαγομένῳ

160 2688 201 2724 τῷ
222 2688 318 2715 Μωσεῖ
338 2689 353 2714 6
382 2687 511 2714 ἀνωσάτω
542 2686 589 2714 καὶ
617 2685 663 2712 ἐπὶ
689 2686 797 2713 πάντων
818 2683 884 2715 Θεὸς
908 2682 952 2710 διὰ

160 2734 208 2761 τοῦ
238 2733 368 2768 φανέντος
396 2733 512 2768 ἀγγέλου
547 2732 581 2759 τὰ
612 2732 780 2768 προκείμενα
811 2728 949 2761 Θεσπίζειι

161 2777 199 2806 ὧν
221 2780 328 2814 γένοιτο
349 2779 383 2806 ἃν
397 2780 411 2805 6
433 2778 495 2810 νοῦς
516 2778 634 2805 τοιόσδε·
659 2776 703 2803 Σοὶ
722 2776 780 2811 μὲν,
797 2771 820 2802 ὦ
847 2775 952 2811 προφῆ-

159 2834 204 2857 τα,
229 2825 306 2852 dum
333 2825 500 2860 εἰσαγομένῳ
521 2824 568 2852 καὶ
593 2823 674 2859 μηδὲν
694 2821 776 2849 πλέον
803 2819 952 2855 ἀῃελικῆς

210 2887 233 2904 ⁸³
246 2886 316 2915 Gen.
337 2893 421 2918 xxxv,
435 2885 492 2913 1-5.
543 2885 564 2901 ⁸³
579 2883 664 2912 Exod.
680 2891 722 2917 tu,
738 2883 763 2909 l.

1015 953 1179 987 pungamini,
1195 957 1222 980 et
1233 958 1336 981 mutate
1347 953 1456 981 habitus
1472 959 1588 987 vestros,
1600 960 1627 982 et
1642 964 1800 992 surgamus,

1015 999 1251 1034 ascendamusque
1267 1000 1295 1026 in
1310 999 1405 1027 Bethel
1424 1009 1430 1027 ε
1448 1003 1475 1027 et
1488 1000 1621 1029 faciamus
1641 1002 1723 1037 239
1746 1004 1802 1031 illic

1015 1045 1100 1072 altare
1117 1045 1242 1076 Domino,
1257 1045 1303 1080 qui
1320 1045 1460 1072 exaudivit
1477 1053 1520 1073 me
1533 1046 1560 1073 in
1583 1046 1626 1074 die
1647 1049 1802 1076 tribulatio-

1014 1091 1068 1122 nis,
1080 1091 1127 1126 qui
1142 1091 1193 1118 fuit
1207 1085 1325 1123 mecum;
1338 1095 1365 1118 et
1381 1092 1499 1118 servavit
1512 1100 1565 1124 me,
1582 1093 1609 1119 in
1622 1093 1665 1120 via
1676 1102 1730 1128 qua
1742 1103 1802 1129 pro-

1014 1136 1101 1164 fectus
1116 1145 1176 1165 sum
1189 1137 1223 1164 “.
1244 1146 1253 1163 ι
1270 1137 1326 1164 Hoc
1341 1137 1404 1164 loco
1431 1136 1503 1165 Deus
1527 1138 1584 1172 ipse
1608 1139 1738 1173 universi,
1753 1141 1800 1175 qui

1014 1183 1100 1213 solus.
1119 1191 1206 1218 neque
1223 1183 1322 1215 lactus,
1346 1192 1434 1219 neque
1451 1185 1569 1219 genitus,
1598 1188 1625 1212 et
1655 1193 1800 1220 supremus

1013 1229 1136 1256 omnium
1154 1234 1205 1261 est,
1226 1237 1282 1257 non
1296 1230 1383 1263 visus,
1410 1230 1457 1258 sed
1477 1231 1653 1258 invisibiliter
1670 1232 1739 1259 dans
1757 1239 1800 1260 re-

1013 1283 1112 1310 sponsa
1128 1275 1179 1310 ipsi
1190 1274 1287 1307 Jacob,
1304 1280 1332 1303 et
1347 1277 1448 1304 virtute
1463 1276 1592 1304 ineli‘abili
1607 1277 1726 1312 seipsum
1740 1286 1800 1305 mo-

1012 1329 1088 1354 vens,
1103 1321 1136 1348 de
1155 1321 1208 1348 alio
1227 1322 1308 1349 verba
1325 1322 1390 1350 facit
1405 1321 1574 1357 planissime.
1593 1323 1666 1350 Dixit
1680 1331 1745 1359 ergo
1759 1324 1798 1351 illi

1012 1367 1106 1395 Deus:
1130 1377 1139 1393 ι
1159 1367 1213 1396 Fac
1231 1369 1317 1396 altare
1333 1368 1388 1396 Deo
1409 1369 1455 1404 qui
1470 1370 1598 1404 apparuit
1612 1370 1670 1397 tibi.
1700 1381 1710 1396 ι
1732 1370 1799 1404 Quis

1011 1417 1103 1441 autem
1120 1413 1164 1441 hic
1179 1414 1226 1446 sit,
1240 1415 1286 1449 qui
1301 1415 1420 1449 scriptus
1436 1420 1477 1442 est
1496 1423 1579 1450 supra
1602 1416 1640 1442 illi
1657 1417 1800 1451 apparuis-

1012 1466 1051 1490 se,
1066 1459 1147 1493 paulo
1164 1463 1228 1486 ante
1240 1459 1429 1494 exposuimus,
1446 1460 1493 1487 ubi
1506 1460 1590 1488 Deum
1604 1459 1723 1487 Verbum
1737 1467 1800 1488 esse

1011 1504 1271 1532 demonstravimus.

1300 1550 1416 1578 CAPUT
1436 1550 1505 1579 XIII.

1005 1605 1168 1643 Aquxodo.
1186 1624 1221 1627 —
1234 1607 1310 1640 Quod
1335 1609 1405 1635 Deus
1423 1608 1514 1640 Pater,
1530 1617 1587 1635 cum
1606 1607 1675 1635 110δὶ
1691 1617 1798 1643 respon-

1041 1641 1108 1668 derit
1132 1650 1177 1676 per
1200 1643 1318 1677 angelum
1351 1651 1378 1669 se
1402 1643 1533 1703 funibus
1558 1641 1798 1677 apparuissepuon

1041 1677 1154 1703 amplius
1171 1685 1216 1703 uer
1230 1680 1360 1703 unaelum.
1374 1686 1401 1703 se
1429 1685 1474 1703 ver
1487 1677 1588 1703 Filium
1598 1680 1680 1703 docet.

1041 1677 1154 1711 amplius
1170 1685 1216 1712 per
1230 1680 1360 1713 angelum,
1374 1677 1418 1704 sed
1429 1685 1474 1711 per
1487 1677 1588 1705 Filium
1598 1680 1681 1707 docet.

1044 1775 1054 1792 t
1077 1765 1110 1793 Et
1124 1766 1214 1794 Moses
1226 1771 1285 1794 erat
1299 1775 1417 1802 pascens
1430 1774 1494 1794 oves
1506 1767 1602 1795 Jotbor
1622 1768 1708 1795 soceri
1729 1767 1773 1796 sui
1786 1777 1794 1796 :

1005 1815 1032 1839 et
1046 1812 1120 1839 venit
1131 1812 1165 1839 ad
1184 1817 1303 1840 montem
1319 1812 1365 1839 Dei
1387 1813 1414 1839 in
1434 1813 1550 1840 Choreb.
1567 1813 1599 1839 Et
1629 1814 1753 1848 apparuit
1770 1813 1797 1841 ei

1006 1859 1119 1894 angelus
1133 1858 1239 1885 Domini
1255 1858 1282 1885 in
1304 1857 1414 1884 ﬂamma
1429 1858 1500 1892 ignis
1525 1858 1586 1885 rubi
1601 1858 1633 1885 ”.
1657 1868 1667 1884 ι
1685 1858 1717 1885 Et
1733 1862 1797 1894 post

1006 1905 1078 1932 alia:
1097 1914 1106 1929 ‹
1127 1903 1160 1930 Et
1174 1908 1204 1931 ut
1226 1903 1294 1930 vidit
1318 1904 1390 1939 quod
1406 1903 1547 1931 accederet
1571 1904 1605 1931 ad
1629 1903 1772 1932 videndum
1785 1923 1794 1936 ,

1005 1950 1112 1977 vocavit
1129 1950 1206 1976 illum
1221 1949 1256 1976 de
1273 1949 1362 1977 medio
1386 1949 1447 1976 rubi
1476 1949 1572 1977 dicens
1588 1958 1595 1976 :
1613 1949 1702 1978 Moses
1714 1969 1721 1981 ,
1738 1949 1796 1976 Mo-

1005 2004 1066 2028 ses,
1092 2003 1127 2023 ne
1143 1995 1256 2031 propius
1281 1995 1337 2023 huc
1353 1996 1512 2023 accesseris.
1529 1994 1609 2023 Solve
1625 1995 1795 2023 calceamen-

1006 2044 1062 2068 tum
1078 2040 1176 2075 pedum
1191 2044 1301 2067 tuorum
1318 2049 1324 2067 :
1345 2040 1421 2067 locus
1435 2040 1507 2067 enim
1520 2040 1548 2067 in
1563 2048 1617 2075 quo
1631 2044 1698 2072 stas,
1721 2043 1794 2067 terra

1005 2089 1100 2113 sancta
1115 2088 1157 2113 est
1168 2085 1255 2112 “.iEt
1268 2088 1330 2120 post
1346 2093 1444 2120 pauca,
1462 2094 1471 2111 ι
1490 2090 1518 2112 et
1533 2085 1601 2112 dixit
1616 2085 1746 2112 Dominus
1759 2086 1795 2112 ad

1005 2131 1080 2157 illum
1095 2139 1101 2158 :
1130 2130 1186 2165 Ego
1215 2138 1275 2158 sum
1290 2131 1335 2165 qui
1346 2138 1406 2158 sum
1417 2131 1450 2158 “.
1467 2129 1519 2157 »Ει
1532 2138 1629 2159 rursus
1640 2131 1662 2147 °‘
1679 2140 1685 2158 :
1709 2140 1719 2157 ε
1739 2131 1792 2158 Lo-

1005 2180 1084 2204 cutus
1099 2181 1140 2203 est
1155 2176 1285 2204 Dominus
1301 2176 1335 2203 ad
1358 2175 1459 2204 Mosam
1477 2185 1483 2203 :
1498 2176 1532 2203 Et
1553 2177 1621 2204 dixit
1645 2177 1678 2204 ad
1696 2177 1770 2204 illum
1785 2187 1791 2204 :

1006 2222 1062 2258 Ego
1077 2222 1208 2250 Dominus
1223 2222 1298 2250 visus
1324 2230 1385 2249 sum
1409 2222 1444 2249 ab
1458 2222 1608 2255 Abraham,
1626 2226 1652 2250 et
1665 2222 1749 2255 Isaac,
1765 2227 1793 2249 et

1005 2268 1100 2300 Jacob,
1116 2277 1177 2296 cum
1194 2276 1289 2296 eorum
1308 2269 1359 2296 sim
1379 2268 1460 2301 Deus,
1475 2272 1502 2295 et
1518 2276 1617 2296 nomen
1629 2276 1719 2296 meum
1737 2277 1792 2297 non

1005 2315 1123 2342 iudicavi
1157 2315 1222 2347 illis,
1253 2317 1280 2342 et
1302 2314 1432 2341 constitui
1446 2318 1637 2341 testamentum
1652 2322 1743 2342 meum
1757 2315 1791 2341 ad

1005 2361 1075 2389 illos.
1093 2370 1102 2386 ι
1114 2359 1348 2393 Quemadmodum
1361 2359 1432 2394 apud
1443 2360 1590 2394 prophetas
1599 2360 1626 2386 in
1635 2360 1791 2387 hominibus

1004 2411 1156 2438 versantes,
1169 2406 1243 2433 verbi
1261 2405 1360 2440 gratia.
1385 2404 1482 2432 Isaiam
1503 2409 1530 2432 et
1543 2403 1699 2437 Jeremiam,
1716 2405 1791 2431 etsi-

1003 2452 1092 2484 miles,
1107 2452 1186 2479 homo
1197 2451 1307 2486 quidem
1327 2455 1397 2483 erat,
1412 2451 1439 2478 id
1455 2451 1529 2486 quod
1545 2450 1704 2483 videbatur,
1720 2450 1789 2478 Deus

1006 2502 1097 2525 autem
1113 2497 1159 2532 qui
1172 2505 1219 2532 per
1232 2496 1259 2524 id
1277 2496 1348 2531 quod
1365 2497 1522 2532 apparebat,
1538 2500 1666 2530 tanquam
1684 2503 1733 2531 per
1747 2496 1791 2523 in-

1005 2546 1187 2572 strumentum
1203 2542 1365 2577 loquebatur
1379 2551 1386 2575 ;
1403 2546 1429 2570 et
1447 2541 1528 2569 modo
1543 2541 1645 2568 Christi
1663 2548 1789 2576 persona,

1004 2589 1086 2616 modo
1101 2588 1189 2617 sancti
1203 2587 1331 2623 Spiritus,
1348 2587 1429 2614 modo
1447 2587 1567 2622 supremi
1581 2585 1630 2613 Dei
1642 2589 1710 2620 erat,
1729 2594 1791 2622 quae

1003 2641 1052 2669 per
1067 2633 1227 2669 prophetam
1244 2640 1374 2669 responsa
1401 2632 1500 2666 dabat;
1527 2632 1568 2660 sic
1589 2632 1683 2667 utique
1706 2633 1788 2660 etiam

1004 2687 1077 2707 nunc
1093 2678 1171 2711 Mosi.
1187 2679 1233 2715 qui
1258 2679 1459 2710 introducitur,
1484 2685 1630 2714 supremus
1654 2682 1681 2706 et
1696 2679 1789 2706 omnia

1005 2726 1057 2754 sub
1072 2733 1102 2753 se
1115 2725 1219 2753 habens
1233 2724 1316 2758 Deus,
1327 2733 1375 2760 per
1387 2732 1449 2752 eum
1464 2725 1511 2760 qui
1526 2728 1638 2760 apparet
1650 2725 1788 2760 angelum,

1003 2779 1036 2800 ea
1070 2779 1130 2807 quae
1160 2772 1300 2807 proposita
1331 2775 1419 2803 sunt,
1454 2770 1538 2798 canit.
1577 2769 1698 2803 Quorum
1731 2769 1790 2797 hac

1004 2818 1086 2855 240
1099 2818 1232 2846 sententia
1250 2817 1286 2846 sit
1301 2824 1386 2846 sane:
1402 2817 1463 2845 Tibi
1478 2815 1599 2852 quidem,
1614 2823 1630 2843 ο
1645 2815 1789 2852 propinata.

808 2881 831 2899 “
848 2881 916 2909 ibid.
931 2879 959 2913 4,
971 2880 999 2908 5.
1038 2881 1060 2897 ⁸⁸
1076 2879 1141 2908 ibid.
1157 2880 1201 2908 υ.
1239 2879 1262 2896 ⁸⁸
1277 2878 1363 2906 Exod.
1382 2885 1419 2912 v1,
1436 2877 1494 2905 2-4.
