2084 3216
299 167 349 196 591

630 167 763 197 EUSEBII
782 168 1021 197 C/ESARIENSIS
1041 167 1116 196 OPP.
1138 167 1228 196 PARS
1247 167 1278 196 ll.
1300 184 1334 188 —
1351 168 1600 198 APOLOGETICA.

1873 173 1924 200 διε
1931 164 1934 169 ⁷

299 231 427 262 tanquam
442 218 466 253 ei
478 225 524 261 qui
538 226 627 254 adhuc
640 227 774 259 eruditur,
791 231 818 255 et
832 227 878 262 qui
896 227 964 255 nihil
978 227 1077 256 visions

1135 227 1268 259 ὀπτασίας
1289 227 1433 263 χωροῦντι,
1453 227 1522 259 τέως
1544 228 1590 254 τὸν
1615 228 1680 264 ἐμὸν
1700 229 1822 263 ’ἄγγελον
1850 229 1926 258 ἐϐου-

298 272 421 308 angelica
434 273 552 308 amplius
563 273 646 308 capit,
660 273 770 301 interim
788 275 914 309 angelum
934 282 1024 302 meum
1040 283 1087 302 ex-

300 319 388 347 hiberi
401 320 547 347 videndum
556 320 648 354 volui;
664 320 712 348 sed
725 329 813 348 meum
826 329 924 349 nomen
937 321 985 349 tibi
1000 322 1088 350 solum

298 369 394 393 notum
408 365 489 397 facio,
504 365 569 393 dum
583 366 668 393 doceo
683 371 719 398 te,
732 375 774 394 me
787 374 850 394 eum
865 374 927 395 esse
939 367 986 402 qui
1007 375 1067 395 sum
1078 388 1085 400 ,

298 417 325 439 et
339 420 437 440 nomen
454 420 544 439 meum
560 420 620 440 esse
645 412 801 441 Dominum.
827 413 893 441 Tuis
913 422 977 442 vero
1001 415 1088 449 patri-

297 457 350 484 bus
366 465 421 484 non
437 457 489 485 hoc
504 458 592 485 solum
609 458 746 492 indicavi,
772 458 820 487 sed
844 460 925 487 etiam
953 451 1005 488 hoc
1027 461 1087 495 ipso

297 503 415 538 amplius
431 504 543 538 largitus
558 512 618 531 sum
631 514 637 531 :
653 512 716 531 nam
731 505 766 532 ab
780 505 834 533 illis
846 514 906 534 sum
917 507 1003 534 visus.
1018 507 1086 540 Quis

297 557 361 577 vero
376 551 411 578 sit
426 550 472 585 qui
486 550 610 584 patribus
625 550 702 579 visus
723 551 776 583 sit,
798 555 825 578 et
845 553 916 587 quod
938 560 993 580 non
1009 558 1086 588 pater

297 595 379 628 Deus,
391 599 472 623 antea
491 596 707 623 demonstratum
723 601 775 630 est,
790 597 836 624 ubi
854 597 938 625 Deum
954 604 981 626 et
996 598 1086 626 Domi-

296 650 361 669 num
376 642 501 677 angelum
515 641 561 670 Dei
575 644 744 670 nominatum
755 651 815 671 esse
826 644 1083 673 demonstravimus.

295 688 440 720 Caeterum,
453 695 571 723 quonam
583 689 663 716 modo
674 689 729 721 hic,
741 689 786 716 ille
799 690 845 724 qui
858 695 935 725 pater
949 691 984 718 sit
1001 690 1083 724 Deus,

294 738 321 761 et
333 734 424 761 omnia
440 734 490 762 sub
506 741 535 762 se
548 734 656 767 habeat,
673 735 746 762 dicat
762 743 790 763 se
810 743 825 763 a
843 737 966 771 patribus
977 737 1064 765 visum
1075 757 1082 770 ,

294 781 392 808 merito
407 780 506 815 aliquis
528 784 640 816 quierat.
656 780 843 816 Explicabitur
866 791 948 818 porro
976 783 1003 811 id
1016 804 1023 817 ,
1050 784 1084 812 de

293 833 348 860 quo
361 825 508 860 quzritur,
530 825 554 852 si
568 825 667 853 divina),
681 825 832 861 Scriptura:
857 827 1025 862 diligentiam
1041 833 1083 856 at-

293 871 447 898 tendamus.
463 870 529 898 Nam
549 877 611 898 cum
637 873 709 907 apud
727 872 903 908 Septuaginta
918 875 956 902 ita
980 874 1081 902 dictum

293 919 347 946 sit:
369 927 378 943 ι
399 918 432 944 Et
443 918 518 945 visus
533 925 593 946 sum
609 918 643 945 ab
660 918 807 953 Abraham,
822 925 849 947 et
865 919 958 952 Isaac,
984 925 1011 948 et
1034 921 1080 948 Ja-

292 964 356 998 cob,
371 972 432 991 cum
445 972 538 992 eorum
556 965 608 992 sim
626 964 715 998 Deus,
744 974 754 991 ›
782 966 879 1001 Aquila
904 967 1013 1002 quidem
1041 967 1082 995 sic

292 1010 352 1036 ait:
373 1018 382 1035 ι
402 1008 435 1036 Ει
449 1009 526 1037 visus
555 1017 617 1036 sum
649 1010 684 1037 ab
718 1010 874 1045 Abraham,
901 1016 928 1039 et
945 1013 979 1040 ab
993 1012 1079 1045 Isaac,

291 1058 319 1082 et
333 1055 367 1081 ab
382 1053 466 1082 Jacob
483 1054 511 1081 in
535 1054 590 1082 Deo
612 1055 680 1082 satis
700 1056 804 1088 multo,
837 1066 846 1082 ι
866 1057 966 1092 quibus
990 1058 1080 1086 verbis

291 1100 451 1135 planissime
467 1100 581 1133 indicat,
596 1108 652 1128 non
665 1101 755 1136 ipsum
771 1102 847 1129 illum
863 1103 909 1138 qui
928 1102 1009 1130 Pater
1026 1108 1078 1137 est,

291 1154 339 1181 per
350 1146 470 1181 seipsum
485 1146 656 1182 apparuisse.
673 1145 766 1182 Neque
781 1155 847 1175 vero
862 1149 934 1176 sicut
950 1149 1028 1182 Mosi,
1042 1151 1080 1177 ita

291 1193 372 1219 etiam
387 1192 510 1227 patribus
530 1200 577 1226 per
592 1192 730 1227 angelum,
749 1197 797 1220 aut
825 1202 873 1229 per
889 1195 987 1222 rubum
1000 1215 1007 1227 ,
1034 1200 1080 1222 aut

291 1238 391 1272 ignem,
409 1237 457 1265 sed
478 1238 505 1264 in
520 1237 575 1266 Deo
590 1238 658 1266 satis
674 1239 761 1266 multo
785 1240 897 1267 oracula
915 1241 1077 1275 prebuisse.

290 1282 380 1315 Quare
392 1283 474 1310 etiam
496 1284 619 1317 patribus
643 1292 691 1319 per
715 1284 813 1312 Filium
835 1286 910 1313 visus
924 1290 965 1314 est
987 1286 1078 1320 Pater,

290 1328 520 1363 quemadmodum
539 1328 567 1356 in
583 1328 737 1364 Evangeliis
752 1330 789 1358 ab
801 1331 861 1366 ipso
875 1331 978 1359 dictum
995 1331 1079 1361 habe-

290 1377 335 1399 tur
349 1373 370 1387 "
389 1382 395 1399 :
413 1381 422 1398 ‹
441 1373 493 1405 Qui
515 1373 581 1400 vidit
608 1381 666 1406 me,
694 1374 760 1401 vidit
784 1375 914 1404 Patrem:
941 1386 950 1402 ›
971 1377 998 1404 in
1019 1378 1078 1413 ipso

289 1418 362 1446 enim
373 1423 400 1446 et
414 1426 462 1453 per
476 1419 564 1454 ipsum
584 1418 676 1447 Patris
694 1420 812 1455 cognitio
833 1421 1008 1456 prodebatur.
1025 1423 1077 1451 Sed

289 1471 351 1491 cum
378 1464 534 1493 hominibus
555 1465 684 1493 salutaris
703 1471 861 1500 appareret,
894 1471 950 1495 tum
967 1477 1014 1504 per
1029 1469 1075 1498 ﬁlii

289 1510 436 1538 humanam
454 1510 568 1538 formam
583 1511 726 1538 videbatur
751 1519 766 1538 a
784 1512 830 1540 Dei
856 1514 969 1546 amicis,
995 1518 1077 1551 atque

288 1557 361 1585 inter
375 1557 498 1585 homines
514 1557 634 1584 futuram
665 1557 753 1592 ipsius
783 1558 898 1586 salutem
912 1581 919 1593 ,
949 1561 1076 1590 omnibus

288 1606 461 1637 praesentem,
478 1609 511 1629 ex
535 1602 581 1629 illo
598 1602 676 1637 quasi
691 1602 799 1629 arrham
816 1607 843 1630 et
853 1604 950 1639 pignus
965 1605 1075 1633 exhibe-

287 1648 343 1675 bat.
365 1647 433 1675 Cum
460 1655 526 1675 vero
546 1647 692 1683 impiorum
719 1648 810 1681 ultor,
840 1653 867 1676 et
883 1649 1074 1686 Egyptioruin

286 1694 433 1729 castigator
448 1693 556 1721 futurus
570 1699 653 1727 esset,
680 1703 734 1722 non
750 1695 867 1730 amplius
883 1697 910 1723 in
927 1696 982 1724 Deo
1007 1699 1075 1727 satis

287 1741 389 1774 multo,
410 1741 457 1768 sed
473 1741 501 1768 in
515 1741 611 1776 angelo
628 1741 752 1775 supplicii
779 1741 914 1774 ministro,
926 1746 953 1770 et
969 1743 996 1771 in
1013 1752 1075 1779 spe-

285 1788 327 1815 cie
339 1787 420 1822 ignis,
436 1790 462 1814 et
488 1786 618 1819 ﬂammae,
645 1795 705 1822 quae
727 1787 782 1815 cito
796 1788 884 1815 instar
898 1791 1015 1824 agrestis
1041 1798 1073 1818 ac

287 1833 429 1860 senticosa;
447 1833 567 1860 materiae
582 1833 644 1861 illos
666 1837 725 1861 erat
746 1834 910 1861 devoratura
923 1854 930 1867 ,
957 1843 1074 1871 appare-

286 1879 342 1906 bat.
360 1879 459 1906 Dicunt
483 1879 567 1915 igitur
590 1887 638 1915 per
664 1880 763 1907 rubum
787 1881 896 1915 quidem
924 1882 1072 1917 signiﬁcari

1138 272 1222 309 λήθην
1233 273 1359 308 ὀφθῆναι,
1374 273 1493 309 ἐμαυτοῦ
1510 281 1540 300 τε
1559 274 1677 309 τοῦνομά
1691 282 1732 300 σοι
1748 275 1828 310 μόνον
1839 276 1925 312 ἐμφα-

1138 319 1182 350 νὲς
1197 319 1356 355 καθίστημι,
1373 320 1516 352 διδάσκων,
1532 320 1573 346 ὅτι
1594 320 1649 354 ἐγώ
1663 321 1720 355 εἰμι
1733 321 1748 347 6
1768 320 1816 353 ὢν,
1827 322 1874 348 καὶ
1885 323 1924 350 ὅτι

1137 365 1167 392 τὸ
1179 365 1266 400 ὄνομά
1281 365 1332 400 μού
1357 366 1416 392 ἐστι
1428 365 1540 400 Κύριος.
1552 366 1614 396 Τοῖς
1628 365 1658 391 δὲ
1674 367 1730 397 σοῖς
1745 366 1880 401 πατράσιν
1895 368 1924 393 οὐ

1137 410 1216 436 τοῦτο
1232 411 1312 446 μόνον
1326 411 1459 446 ἐδήλωσα,
1475 411 1542 437 ἀλλά
1553 412 1599 437 καὶ
1609 411 1705 438 τούτου
1717 411 1807 446 μεῖζον
1824 413 1924 448 ἑδωρη-

1138 456 1244 491 σάμην·
1260 455 1354 492 ὤφθην
1374 456 1429 492 γὰρ
1445 456 1545 488 αὐτοῖς.
1565 457 1612 488 Τίς
1628 457 1651 483 δ’
1668 455 1702 492 ἦν
1722 457 1737 483 ὀ
1749 459 1806 489 τοῖς
1821 459 1924 493 πατρά-

1140 510 1183 529 σιν
1207 502 1310 536 ὀφθεὶς,
1337 503 1386 528 καὶ⁵
1409 503 1450 529 ὅτι
1467 503 1504 537 μὴ
1518 503 1532 528 6
1557 503 1603 528 ἐπὶ
1628 503 1737 530 πάντων
1761 503 1838 535 Θεὸς,
1861 513 1925 539 προ-

1137 547 1337 579 αποδέδεικται,
1351 548 1432 583 ἡνίκα
1445 547 1491 574 τὸν
1505 547 1572 574 Θεὺν
1583 547 1686 575 καὶτὸν
1698 547 1800 584 Κύριον
1811 548 1925 583 ἄγγελον

1135 594 1203 621 Θεοῦ
1227 594 1384 630 ὠνομάσθαι
1408 593 1614 630 ὲπεδείκνυμεν.
1630 594 1693 626 Πῶς
1706 593 1752 621 οὖν
1772 595 1890 623 ἐνταῦθα
1909 597 1924 624 6

1135 641 1264 668 ἐπέκεινα
1287 640 1341 667 τῶν
1372 640 1451 672 ὅλων,
1467 640 1547 672 αὐτὸς
1559 640 1596 667 ὢν
1615 641 1630 667 6
1649 640 1728 676 μόνος
1748 641 1796 668 ἐπὶ
1814 642 1922 669 πάντων

1135 687 1210 720 Θεὸς,
1235 684 1325 722 ὧφθαί
1351 696 1417 722 φησι
1439 689 1496 719 τοῖς
1519 688 1666 723 πατράσιν,
1691 687 1807 724 ζητήσαι
1829 689 1862 715 ἄν
1881 697 1922 719 τις

1135 734 1255 765 εἰκότως.
1272 733 1372 768 Λυθείη
1383 733 1405 760 δ’
1419 733 1452 760 ἂν
1462 733 1493 760 τὸ
1506 733 1632 769 ζητηθὲν,
1646 733 1671 760 εἰ
1686 735 1720 769 τῇ
1734 733 1861 769 ἀκριϐείᾳ
1873 734 1923 769 τῆς

1134 779 1208 811 Θείας
1236 780 1347 815 Γραφῆς
1374 780 1583 815 ὲπιστήσαιμεν.
1607 780 1760 814 Λεγομένου
1785 780 1840 816 γὰρ
1867 781 1922 812 τοῖς

1140 825 1338 861 Ἑϐδομὴκοντα
1356 825 1414 857 τοῦ,
1434 835 1443 851 ι
1458 826 1514 852 Καὶ
1525 824 1620 860 ὤφθην
1635 825 1854 861 πρὸς·Ἀ6ραὰμ,
1874 825 1922 852 καὶ

1139 871 1240 904 Ἰσαὰκ,
1256 872 1302 898 καὶ
1321 871 1428 904 Ἰακὼϐ,
1441 871 1507 903 Θεὸς
1522 871 1610 898 αὐτῶν
1624 871 1670 903 ὦν,
1687 881 1697 897 ι
1714 871 1728 897 6
1741 871 1788 906 μὲν
1809 871 1922 903 ’Δκύλας

1098 904 1119 932 Β
1134 918 1200 953 φησί
1210 926 1233 943 ἰ
1251 917 1306 944 Καὶ
1316 917 1426 953 ὠράθην
1439 917 1508 953 πρὸς
1526 917 1660 952 Ἀϐραὰμ,
1676 917 1722 943 κα)¹
1732 904 1799 952 ατρὸς
1817 917 1920 949 Ἰσαὰκ,

1132 965 1178 991 καὶ
1191 965 1258 1000 πρὸς
1273 964 1367 991 Ἰακὼὸ
1382 965 1411 991 ὲν
1424 964 1483 1000 Θεῷ
1499 964 1583 999 ἱκανῷ
1593 973 1599 979 ·
1617 975 1626 990 ι
1638 965 1670 991 δι’
1681 961 1718 990 ὧν
1744 964 1837 999 σαφῶς
1851 973 1921 1001 παρ-

1133 1010 1248 1045 ίστησιν,
1261 1011 1302 1037 ὅτι
1316 1012 1354 1046 μὴ
1369 1011 1449 1043 αὐτὸς
1459 1012 1472 1038 6
1485 1011 1532 1037 ἐπὶ
1549 1011 1657 1037 πάντων
1669 1010 1745 1042 Θεὸς,
1758 1012 1772 1037 6
1786 1009 1919 1045 μόνοςᾶΝ,

1130 1056 1164 1087 δι’
1179 1056 1274 1082 ἑαυτοῦ
1288 1056 1376 1092 ὤφθη.
1396 1056 1465 1083 Ἀλλ’
1482 1056 1536 1083 οὐδ’
1558 1056 1652 1091 ὥσπερ
1673 1055 1712 1090 τῷ
1727 1056 1832 1088 Μωσεῖ,
1849 1055 1920 1082 οὓτω

1130 1103 1178 1129 καὶ
1190 1104 1246 1134 τοῖς
1264 1103 1394 1138 πατράσι,
1408 1104 1442 1129 δι’
1458 1103 1588 1137 ἀγγέλου,
1602 1103 1618 1139 ἢ
1636 1103 1679 1129 διὰ
1692 1102 1784 1137 βάτου,
1795 1102 1811 1138 ἢ
1823 1102 1918 1138 πυρὸς,

1130 1149 1188 1176 ἀλλ’
1202 1151 1230 1176 ὲν
1245 1149 1304 1184 Θεῷ
1318 1149 1401 1184 ἱκανῷ
1416 1149 1612 1185 χρηματίζοντι
1622 1157 1629 1164 ·
1649 1148 1720 1175 ὥστε
1732 1147 1776 1175 διὰ
1787 1147 1835 1174 τοῦ
1851 1147 1918 1175 Υῑοῦ

1130 1196 1239 1230 Πατέρα
1251 1197 1298 1222 καὶ
1322 1197 1377 1227 τοῖς
1392 1196 1527 1231 πατράσιν
1552 1195 1699 1231 ἑωρᾶσθαι,
1712 1195 1782 1222 κατὰ
1800 1195 1832 1221 τὸ
1842 1195 1914 1230 εἰρη-

1131 1242 1210 1277 μένον
1223 1243 1251 1268 ἐν
1267 1241 1440 1276 Εὐαγγελίοις
1455 1242 1522 1277 πρὸς
1536 1241 1634 1268 αὐτοῦ·
1655 1250 1664 1266 ι
1688 1242 1717 1268 '0
1728 1240 1858 1276 ἑωρακὼς
1869 1240 1918 1275 ἐμὲ

1129 1288 1234 1323 ἑώρακε
1256 1289 1301 1315 τὸν
1320 1288 1439 1323 Πατέρα·
1453 1298 1463 1313 ι
1479 1289 1507 1314 ὲν
1522 1288 1596 1323 αὑτῴ
1612 1288 1664 1323 γὰρ
1686 1288 1733 1314 καὶ
1749 1287 1782 1314 δι’
1803 1286 1885 1314 αὑτοῦ
1902 1288 1918 1322 ἡ

1128 1334 1175 1361 τοῦ
1203 1335 1309 1371 Πατρὸς
1337 1334 1543 1362 ἀπεκαλύπτετο
1574 1334 1684 1368 γνῶσις.
1714 1334 1783 1360 Ἀλλ’
1805 1334 1848 1360 ὅτε
1870 1333 1918 1369 μὲν

1108 1399 1110 1401 ι
1129 1379 1278 1416 ἀνθρώπων
1298 1381 1429 1416 σωτήριος
1443 1379 1606 1414 ἀπεφαίνετο
1618 1379 1666 1416 (Ι),
1677 1378 1721 1406 διὰ
1736 1379 1786 1414 τῆς
1795 1378 1842 1405 τοῦ
1854 1378 1918 1405 Tim")

1128 1425 1299 1461 ἀνθρωπείας
1320 1426 1427 1461 μορφῆς
1445 1427 1559 1462 ἑωρᾶτο,
1575 1428 1630 1458 τοῖς
1652 1425 1787 1460 θεοφιλέσι
1809 1424 1859 1460 τὴν
1878 1425 1917 1456 εἰς

1128 1472 1285 1508 ἀνθρώπους
1301 1473 1383 1498 αὑτοῦ
1399 1473 1530 1508 ἐσομένην
1543 1472 1678 1507 σωτηρίαν
1691 1473 1747 1503 τοῖς
1763 1471 1829 1497 πᾶσι
1845 1478 1916 1505 παρ-

1127 1517 1210 1544 οῦσαν
1228 1517 1257 1550 ἐξ
1280 1518 1384 1544 ἐκείνου
1408 1518 1720 1554 προαρῤαὸωνιζόμενος.
1747 1518 1809 1544 ’Ότε
1821 1516 1849 1542 δὲ
1862 1516 1917 1542 τῶν

1128 1562 1234 1589 ἀσεϐῶν
1248 1562 1379 1598 τιμωρὸς,
1393 1563 1439 1589 καὶ
1455 1563 1587 1598 κολαστὴς
1602 1562 1656 1589 τῶν
1669 1563 1825 1596 Αἰγυπτίων
1838 1562 1916 1597 ἐμελ-

1128 1609 1172 1635 λεν
1190 1608 1308 1640 ἔσεσθαι,
1329 1609 1421 1635 οὐκέτι
1443 1609 1471 1634 ἐν
1495 1608 1554 1644 Θεῷ
1572 1608 1665 1643 ἱκανῷ,
1680 1608 1737 1634 ἀλλ’
1760 1609 1788 1634 ὲν
1806 1607 1916 1642 ἀγγέλῳ

1126 1657 1240 1691 διακόνῳ
1263 1656 1314 1691 τῆς
1340 1656 1472 1692 τιμωρίας
1487 1657 1534 1682 καὶ
1560 1656 1589 1682 ὲν
1611 1655 1675 1682 εῖδει
1692 1655 1787 1691 πυρὸς,
1804 1654 1914 1689 καὶτῆς

1125 1703 1187 1729 ὅσον
1197 1701 1272 1728 οὔπω
1289 1702 1437 1737 μελλούσης
1448 1702 1544 1733 αὐτοὺς
1559 1702 1637 1737 δίκην
1654 1701 1751 1737 ἀγρίας
1765 1701 1812 1727 καὶ
1830 1702 1914 1727 ἀκαν-

1127 1747 1226 1779 eum;
1243 1747 1308 1782 ὕλης
1318 1747 1470 1774 κατεσθίειν
1486 1747 1582 1782 φλογὸς
1594 1747 1786 1782 παρεφαίνετο.
1795 1746 1915 1772 Abit-,1:-

1127 1793 1188 1819 σθαι
1196 1792 1241 1819 οὖν
1252 1801 1316 1827 φασι
1322 1793 1371 1828 τὴν
1381 1793 1430 1828 μὲν
1437 1793 1526 1827 βάτον,
1533 1793 1582 1828 τὴν
1591 1791 1806 1826 τῶνΑἰγυπτίων
1814 1791 1915 1826 ἀγρίαν

1126 1840 1172 1866 καὶ
1181 1840 1272 1875 ἀπηνῆ
1280 1840 1326 1866 καὶ
1334 1840 1469 1874 ἀνήμερον
1480 1839 1638 1875 μοχθηρίαν-
1650 1840 1679 1865 τὸ
1690 1839 1718 1865 δὲ
1727 1838 1791 1874 πῦρ,
1800 1838 1849 1872 τὴν
1857 1837 1915 1864 δια-

1125 1885 1255 1913 λωΰῶσαν
1265 1886 1362 1916 αὐτοὺς
1383 1884 1504 1920 τιμωρὸν
1516 1885 1562 1911 καὶ
1588 1884 1764 1920 κολαστήριον
1783 1882 1911 1917 δύναμιν.

287 1925 476 1962 Egyptiorum
495 1929 629 1961 agrestem
649 1930 676 1954 et
690 1928 821 1955 immitem
835 1932 862 1956 et
880 1928 965 1957 feram
983 1933 1155 1966 pravitatem,
1171 1941 1219 1969 per
1234 1934 1322 1969 ignem
1349 1940 1412 1960 vero
1437 1933 1491 1959 vim
1519 1933 1592 1960 illam
1617 1932 1793 1959 ulciscentem
1817 1934 1844 1958 et
1863 1938 1911 1958 ca-

286 1973 429 2008 stigantem
443 1980 503 2008 quae
517 1973 578 2001 illos
596 1973 705 2002 invasit.

522 2021 600 2057 241
619 2020 735 2049 CAPUT
752 2021 823 2049 xw.

286 2066 362 2104 Quod
390 2066 608 2104 quemadmodum
628 2067 747 2104 patribus
775 2068 891 2096 humana
913 2070 1010 2104 forum.
1030 2073 1069 2099 sic

321 2102 347 2138 in
360 2102 444 2136 specie
456 2101 532 2129 nubis
549 2101 648 2137 Moysi,
663 2107 688 2129 et
700 2107 793 2129 cuncto
808 2101 989 2138 popula'Deus
1006 2106 1070 2134 Ver-

320 2137 380 2163 bum
391 2138 527 2171 apparuit.

317 2194 405 2221 «Dixit
419 2198 508 2222 autem
519 2194 652 2222 Dominus
667 2194 699 2221 ad
713 2194 832 2223 Mosem:
849 2196 919 2225 Ecce
929 2206 978 2233 ego
989 2201 1068 2227 venio

1383 2024 1580 2053 ΚΕΦΑΛΑῚΟΝ
1600 2024 1637 2050 ῙΔ¹

1125 2073 1174 2105 Ὧς
1188 2071 1318 2105 καθάπερ
1333 2070 1395 2103 τοῖς
1415 2069 1565 2104 πατράσιν
1582 2069 1616 2095 ἐν
1631 2069 1806 2104 ἀνθρωπίνῳ
1830 2072 1893 2104 σκή
1906 2086 1908 2089 -

1152 2116 1233 2142 μαι-ι,
1245 2107 1338 2138 οὕτως
1354 2106 1389 2142 ἐν
1403 2105 1475 2142 εῖδει
1493 2105 1624 2142 νεφέλης
1642 2105 1745 2131 Μωσεῐ
1754 2106 1803 2133 καὶ
1817 2105 1907 2132 παντὶ

1154 2139 1193 2175 ἶῖῲ
1209 2142 1271 2174 λαῷ
1285 2143 1301 2168 ό
1317 2141 1388 2173 Θεὸς
1403 2141 1498 2175 Λόγος
1514 2139 1659 2174 ἐφαίνετο.

1157 2209 1166 2224 ι
1187 2196 1255 2224 Eine
1275 2197 1303 2223 δὲ
1322 2197 1423 2232 Κύριος
1447 2196 1515 2231 πρὸς
1533 2196 1645 2230 Μωσῆν·
1665 2196 1729 2223 Ἰδοὺ
1744 2196 1798 2230 ἐγὼ
1819 2205 1908 2232 παρα-

282 2240 315 2267 ad
333 2244 360 2267 te
374 2240 402 2267 in
418 2241 545 2267 columna
563 2240 657 2271 nubis,
678 2243 708 2267 ut
723 2240 817 2268 audiat
833 2243 950 2277 populus
966 2251 1009 2271 me
1027 2245 1066 2272 lo-

1126 2244 1226 2278 τίνομαι
1254 2242 1320 2277 πρὸς
1342 2242 1371 2268 σὲ
1388 2242 1416 2268 ὲν
1436 2241 1523 2276 στύλῳ
1545 2240 1669 2276 νεφέλης,
1693 2241 1735 2267 ἵνα
1767 2241 1872 2276 ἀκούσῃ
1892 2243 1907 2267 6

280 2291 406 2322 quenlem
420 2286 454 2313 ad
471 2291 506 2318 le,
526 2290 554 2314 et
567 2286 617 2313 tibi
629 2287 742 2314 credant
755 2287 792 2321 ⁶³;
812 2297 821 2313 ι
835 2292 862 2315 et
875 2296 936 2323 quae
947 2296 1066 2324 sequun-

279 2337 326 2360 tur
341 2342 348 2359 :
364 2342 373 2358 ι
391 2332 464 2359 Deus
478 2336 568 2360 autem
583 2332 761 2360 antecedebat
776 2340 823 2361 eos
836 2333 880 2361 die
897 2335 925 2361 in
939 2335 1065 2363 columna

279 2379 360 2405 nubis
375 2378 401 2404 in
414 2378 468 2410 via,
480 2381 563 2405 noctu
576 2385 640 2405 vero
652 2377 680 2404 in
693 2378 820 2405 columna
837 2377 908 2413 ignis
920 2383 950 2406 ut
964 2380 1066 2408 luceret

278 2425 318 2452 eis
328 2425 362 2452 ".
377 2434 386 2450 ι
397 2424 430 2451 Et
444 2432 556 2452 mrsus:
570 2434 580 2450 ι
595 2424 741 2452 Descendit
751 2423 884 2452 Dominus
899 2425 926 2452 in
938 2426 1065 2453 columna

277 2471 358 2498 nubis
371 2471 405 2497 ".
421 2480 431 2497 ›
447 2470 480 2497 Et
491 2478 588 2498 rursus
600 2481 605 2497 :
625 2480 635 2496 ι
649 2470 717 2498 Cum
731 2464 821 2498 autem
836 2472 977 2506 ingressus
990 2478 1062 2500 esset

277 2514 366 2542 Moses
379 2515 408 2541 in
420 2515 641 2548 tabernaculum,
658 2515 799 2543 descendit
820 2517 946 2544 columna
968 2517 1059 2549 nubis,

275 2565 303 2587 et
315 2561 391 2587 stetit
404 2562 430 2587 in
443 2560 548 2588 foribus
563 2561 734 2588 tabernaculi
748 2581 756 2594 ,
778 2565 805 2589 et
819 2562 983 2596 loquebatur
997 2571 1059 2590 cum

277 2603 361 2638 Mose,
380 2609 406 2633 et
426 2607 553 2634 cernebat
571 2606 661 2634 omnis
674 2607 792 2642 populus
807 2609 961 2635 columnam
978 2608 1059 2636 nubis

277 2654 394 2678 stantem
408 2651 435 2678 in
456 2651 562 2680 foribus
583 2653 768 2686 tabernaculi,
786 2657 815 2680 et
835 2657 951 2681 stantem
968 2654 1057 2681 omnis

276 2696 392 2730 populus
413 2696 607 2730 adoraverunt,
631 2698 823 2734 unusquisque
848 2706 864 2726 a
886 2699 991 2726 foribus
1013 2699 1057 2726 sui

276 2740 443 2769 tabernaculi
456 2742 489 2768 ".
510 2752 519 2768 ι
537 2743 658 2778 Populus
680 2744 791 2779 quidem
807 2744 937 2771 cernebat
952 2744 1057 2771 colum-

277 2793 339 2813 nam
361 2787 441 2814 nubis
462 2788 515 2816 hoc
529 2789 600 2821 loco,
622 2798 685 2817 cum
699 2790 774 2818 Mose
795 2798 862 2818 vero
881 2790 1054 2826 loquebatur.

310 2843 331 2859 ⁸⁷
345 2844 423 2871 Joan.
440 2853 495 2877 xxv,
512 2846 537 2872 9.
576 2847 598 2862 "
613 2846 697 2874 Exod.
709 2856 767 2881 xxx,
795 2848 822 2875 9.
860 2848 882 2864 ⁶⁹
899 2847 984 2875 Exod.
1000 2855 1061 2881 xm,
1073 2847 1119 2877 21.

311 2890 350 2926 (ί)
372 2891 571 2926 Ἀπεφαίνετα
587 2892 668 2921 Forte
682 2894 852 2928 ἐπεφαίνετο.
873 2893 950 2922 Ενιτ.

1115 2289 1178 2320 λαὸς
1190 2288 1332 2318 λαλοῦντός
1345 2296 1395 2322 μου
1409 2287 1476 2323 πρὸς
1486 2287 1524 2317 σὲ,
1537 2287 1583 2313 καί
1599 2295 1638 2312 σοι
1653 2286 1818 2313 πιστεύσωσι
1829 2286 1906 2312 ἰκαὶ

1114 2334 1177 2368 ἑξῆς
1190 2342 1196 2348 ”
1222 2343 1230 2359 ι
1251 2333 1279 2359 '0
1299 2333 1327 2358 δὲ
1347 2332 1427 2364 Θεὸ;’
1444 2334 1534 2368 ἡγεῖτο
1555 2332 1643 2358 αὐτῶν
1668 2333 1775 2368 ἡμέρας
1801 2332 1861 2367 μὲν,
1877 2333 1905 2358 ὲν

1115 2378 1202 2412 στύλῳ
1213 2377 1336 2412 νεφέλης,
1352 2377 1434 2409 δεῖξαι
1449 2378 1539 2409 αὐτοῖς
1555 2377 1603 2412 τὴν
1616 2377 1688 2403 ὁδόν·
1702 2379 1750 2412 τὴν
1764 2377 1792 2403 δὲ
1808 2377 1904 2408 νύκτα,

1113 2425 1141 2449 ὲν
1164 2423 1251 2458 στύλῳ
1275 2423 1374 2458 πυρὸς,
1395 2422 1442 2449 τοῦ
1462 2422 1565 2458 φαίνειν
1586 2423 1687 2454 αὐτοῖς.
1700 2432 1709 2448 ι
1729 2423 1785 2449 Καὶ
1805 2422 1903 2449 πάλιν

1119 2479 1127 2494 ι
1149 2469 1260 2504 Κατέὸη
1280 2469 1382 2503 Κύριος
1403 2469 1432 2494 ἐν
1457 2468 1543 2504 στύλῳ
1563 2468 1687 2503 νεφέλης,
1701 2478 1709 2493 ι
1730 2469 1786 2496 Καὶ
1808 2466 1903 2500 αὖθις·

1118 2523 1127 2538 ι
1150 2514 1244 2540 Ἠνίκα
1259 2515 1282 2540 δ’
1303 2514 1335 2541 ἂν
1348 2513 1455 2548 εἰσῆλθε
1477 2513 1578 2548 Μωσῆς
1594 2514 1633 2545 εἰς
1650 2513 1698 2548 τὴν
1709 2513 1822 2548 σκηνὴν,
1837 2521 1905 2540 κατ-

1114 2559 1219 2585 έϐαινεν
1241 2562 1255 2586 6
1279 2559 1373 2590 στῦλος
1395 2559 1444 2593 τῆς
1463 2558 1592 2594 νεφέλης,
1612 2559 1658 2585 καὶ
1672 2559 1763 2584 ἵστατο
1781 2558 1830 2584 ἐπὶ
1854 2558 1905 2589 τὰς

1114 2604 1197 2640 θύρας
1210 2606 1259 2640 τῆς
1276 2605 1388 2641 σκηνῆς,
1413 2606 1460 2632 καὶ
1480 2605 1567 2631 ἐλάλει
1590 2605 1628 2640 τῷ
1643 2605 1745 2635 Μωσεῖ,
1765 2604 1812 2631 καὶ
1828 2603 1905 2638 ἑώρα

1108 2652 1162 2682 πᾶς
1180 2653 1194 2677 6
1205 2651 1269 2683 λαὸς
1286 2651 1331 2677 τὸν
1346 2651 1441 2678 στῦλον
1460 2651 1510 2686 τῆς
1526 2650 1640 2685 νεφέλης
1655 2650 1759 2676 ἑστῶτα
1780 2650 1828 2676 ἐπὶ
1845 2650 1903 2676 τῶν

1108 2697 1197 2733 θυρῶν
1217 2697 1267 2733 τῆς
1288 2698 1404 2733 σκηνῆς·
1431 2699 1478 2724 καὶ
1491 2698 1601 2728 στάντες
1625 2697 1679 2728 πᾶς
1700 2697 1714 2723 6
1734 2696 1799 2727 λαὸς
1817 2704 1903 2732 προσ-

1109 2743 1254 2779 εκύνησαν,
1266 2743 1380 2775 ἕκαστος
1391 2744 1444 2770 ἀπὺ
1453 2744 1501 2779 τῆς
1514 2743 1597 2778 θύρας
1611 2742 1659 2777 τῆς
1671 2742 1773 2778 σκηνῆς
1787 2742 1880 2770 αὑτοῦ.
1889 2753 1900 2768 ι

1113 2791 1141 2817 ’0
1155 2791 1204 2826 μὲν
1222 2788 1268 2817 οὖν
1282 2790 1345 2821 λαὸς
1361 2789 1434 2825 ἑώρα
1454 2789 1503 2821 τὸν,
1514 2789 1608 2816 στῦλον
1622 2790 1671 2824 τῆς
1687 2788 1812 2824 νεφέλης,
1831 2789 1901 2817 Μω-

1162 2849 1186 2865 "
1204 2847 1284 2876 Num.
1303 2855 1352 2882 xu,
1369 2847 1395 2875 5.
1434 2848 1456 2863 “
1473 2846 1558 2874 Exod.
1576 2855 1675 2881 xum,
1691 2847 1718 2880 9,
1731 2847 1774 2874 l0.
