2084 3216
174 176 229 204 395

637 175 961 203 DEMONSTRATIONIS
980 173 1207 203 EVANGEIJCA‘J
1228 173 1291 202 LIB.
1313 173 1344 202 ν.

1750 176 1802 204 ’594

178 235 220 261 σεῖ
233 234 256 260 δ’
269 234 372 262 ἐλάλει.
388 235 435 267 Τίς
448 236 470 262 δ’
484 236 571 262 ἐλάλει
582 255 589 267 ,
604 236 620 271 ἢ
640 236 759 271 δηλονότι
773 238 787 262 ὸ
807 236 900 267 στύλος
919 237 967 272 τῆς

1020 235 1086 268 Quis
1102 242 1180 269 porro
1202 233 1385 269 loquebatur?
1402 233 1529 260 columna
1556 233 1636 261 nubis
1664 234 1801 267 videlicet,

180 280 304 315 νεφέλης,
320 281 334 307 ὁ
346 281 475 317 πρότερον
489 282 545 312 τοῖς
557 281 693 316 πατράσιν
705 283 734 308 ὲν
751 281 894 316 ἀνθρώπου
914 291 966 317 φα.-

180 327 234 357 νεὶς
248 327 385 362 axium“;
403 328 644 363 Προαποεὲδεικται
659 328 698 359 δὲ,
711 329 752 354 ὅτι
767 328 803 364 μὴ
817 328 831 354 ὁ
843 328 889 354 ἐπὶ
901 327 968 354 πάν-

180 379 234 398 των
248 371 315 403 Θεὸς
330 369 408 404 οὗτος
422 371 466 408 ἦν,
482 373 575 408 ἔτερος
588 372 627 406 δὲ,
646 373 674 399 ὃν
688 373 756 399 Θεοῦ
776 373 860 407 Λόγον
880 372 968 409 ὑπάρ-

180 425 262 452 χοντα
278 417 396 453 Χριστὸν
419 419 499 453 ἡμεῖς
520 418 775 453 προσαγορεύομεν·
798 418 827 450 ὃς
842 419 888 444 καὶ
907 419 967 444 τότε

180 463 227 489 τοῦ
248 463 366 499 πλήθους
382 464 473 490 ἕνεκεν
490 464 583 491 Μωσεί
601 473 630 490 τε
660 464 733 499 αὐτῷ
748 465 794 490 καὶ
807 463 846 499 τῷ
863 464 920 499 λαῷ
939 465 967 491 ὲν

181 509 270 544 στύλῳ
288 509 401 544 νεφέλης
415 508 571 544 ὲθεωρείτο,
585 508 629 535 διὰ
642 509 671 535 τὺ
691 509 727 544 μὴ
749 511 847 545 χωρεῖν
869 510 968 542 αὐτοὺς

180 554 281 589 ὁμοίως
300 556 356 585 τοῖς
382 555 518 590 πατράσιν
537 555 565 580 ἐν
588 553 732 588 ἀνθρώπου
759 555 877 590 σχήματι
902 555 968 590 ὁρᾷν

180 600 273 627 αὐτόν.
287 601 400 627 Τελείων
424 601 479 636 γάρ
491 609 517 627 τι
536 599 569 636 ἦν
583 601 613 627 τὸ
633 602 752 637 προορᾷν
768 601 897 628 δύνασθαι
918 601 968 637 τὴν

181 645 330 680 μέλλουσαν
355 645 463 672 ἔσεσθαί
493 654 558 672 ποτε
586 647 626 678 είς
651 646 812 682 ἀνθρώπους
838 646 968 682 ἐνσαρκον

179 692 340 727 ἐπιφάνειαν
356 692 449 724 αὐτοῦ,
468 693 511 727 ἢν,
529 693 589 719 ἐπεὶ
613 693 680 729 μηδὲ
695 693 755 720 τότε
780 691 835 725 οἶός
853 702 882 719 τε
902 692 936 728 ἦν
953 695 968 720 ὁ

179 738 234 769 πᾶς
247 737 312 769 λαὸς
330 739 437 774 χωρεῖν,
453 739 565 770 είχότως
578 739 638 765 τοτὲ
652 738 700 774 μὲν
716 740 807 771 αὐτοῖς
817 739 862 766 διὰ
870 737 967 774 πυρὸς,

179 781 262 816 φόϐου
274 782 354 817 χάριν
369 783 414 809 καὶ
433 783 646 818 καταπλήξεως,
663 783 723 810 τοτὲ
737 783 764 810 δὲ
783 783 828 810 διὰ
842 783 966 819 νεφέλης,

178 827 253 855 ὠσὰν
266 829 488 864 ὲπεσκιασμένως
511 830 558 856 καὶ
580 830 793 866 κεκαλυμμὲνως
817 830 968 866 νομοθετῶν

177 874 287 906 αὐτοὺς,
302 875 397 911 ὁρῷτο,
409 876 508 911 ὁμοίως
524 875 552 903 δὲ
585 876 631 903 καὶ
646 875 684 911 τῷ
705 877 799 904 Μωσεῖ
811 876 844 903 δι’
858 876 965 908 αὐτούς.

441 1022 640 1049 ΚΕΦΑΛΑΙΟΝ
660 1024 709 1050 1Ε’.

177 1079 245 1107 ὀτι
259 1079 336 1114 μηδὲ
356 1079 500 1114 ἀγγελικὴ
527 1080 619 1115 φύσις
630 1077 668 1115 ἦν
684 1079 763 1115 ἠᾷτῷ
781 1080 881 1107 Μωσεῖ
894 1090 966 1115 χρη-

210 1090 245 1107 ντι
259 1090 336 1114 μηοε
356 1090 500 1114 αγγελικη
527 1090 600 1114 scum
630 1090 668 1115 ην
684 1090 703 1114 η
723 1090 763 1112 τῳ
781 1090 881 1107 Μωσει
894 1090 966 1115 χρη-

210 1115 385 1178 ζίιέξίζουσα,
406 1115 546 1149 κρείττων
576 1090 619 1141 δέ
631 1123 676 1148 τις
701 1113 740 1151 ἦν
753 1115 772 1150 ἢ
798 1117 862 1143 κατ’
884 1117 968 1152 ἀγγε-

215 1208 225 1223 ‹
242 1196 308 1225 Εῐπε
328 1199 442 1234 Κύριος·
464 1197 528 1224 Ἰδοὺ
555 1196 610 1232 ἐγὼ
626 1197 782 1225 ἀποστέλλω
795 1198 840 1225 τὸν
854 1199 968 1234 ἄγγελόν

178 1252 230 1279 μου
248 1244 300 1279 πρὸ
315 1243 460 1280 προσώπου
482 1252 544 1279 μου,
567 1244 609 1270 ἵνα
627 1243 732 1280 φυλάξῃ
749 1252 778 1270 σε
803 1245 831 1272 ὲν
845 1247 878 1281 τῇ
905 1245 967 1280 ὁδῷ,

176 1290 251 1321 ὅπως
262 1289 397 1326 εἰσαγάγῃ
406 1298 435 1316 σε
446 1291 486 1321 et;
497 1289 545 1325 τὴν
559 1289 620 1325 γῆν,
630 1289 662 1324 ἣν
674 1289 810 1325 ὴτοίμασά
822 1299 871 1316 σοι.
882 1290 970 1326 Πρόσ-

176 1345 222 1370 εχε
243 1335 315 1371 αὑτῷ
333 1336 378 1362 καὶ
399 1336 524 1363 εἰσάκουε
550 1335 647 1368 αὐτοῦ,
665 1336 711 1362 καὶ
731 1336 768 1371 μὴ
790 1336 897 1363 ἀπείθει
922 1337 969 1363 αὐ-

175 1381 233 1416 τῷ·
250 1381 280 1407 οὐ
304 1381 358 1415 γὰρ
376 1381 413 1416 μὴ
430 1381 623 1416 ὑποστείληται
639 1390 681 1407 σε·
699 1382 729 1408 τὺ
749 1381 802 1417 γὰρ
817 1382 902 1418 ὄνομά
918 1391 968 1418 μου

177 1425 253 1451 ἐστὶν
272 1426 315 1451 ἐπ’
333 1425 415 1460 αὐτῷ.
436 1435 446 1450 ι
469 1425 524 1452 Καὶ
546 1426 576 1452 ὲν
600 1426 685 1461 ἑτέρῳ
708 1426 799 1462 τόπιχν
823 1437 832 1453 ι
851 1425 919 1453 Εῑπε
940 1427 969 1454 δὲ

176 1470 281 1506 Κύριος
307 1471 376 1507 πρὸς
405 1471 521 1507 Μωσῆν·
543 1472 664 1504 Βάδισον,
689 1472 737 1498 καὶ
767 1472 898 1509 ὸδήγησον
923 1473 969 1500 τὸν

175 1516 244 1543 λαὸν
259 1518 299 1548 εις
311 1517 356 1543 τὸν
370 1515 452 1543 τόπον
465 1516 493 1543 ὃν
507 1516 605 1553 εἴρηκά
619 1525 675 1544 σοι·
695 1517 749 1544 ἰδοὺ
762 1518 776 1544 ὁ
788 1518 903 1552 ἄγγελός
919 1527 970 1554 μου

177 1561 379 1598 προπορεὺεται
399 1563 451 1598 πρὸ
461 1562 606 1597 προσώπου
621 1572 678 1590 σου.
694 1573 703 1589 ι
719 1564 773 1590 Καὶ
786 1564 880 1591 ’πάλιν⁹
894 1574 903 1590 ι
915 1565 970 1591 Καὶ

175 1606 238 1635 εἷπε
257 1607 360 1644 Κύριος
392 1608 460 1643 πρὸς
481 1608 584 1643 Μωσῆν
597 1617 603 1623 ·
625 1609 763 1645 Πορεύου,
785 1610 833 1637 καὶ
853 1610 970 1646 ἀνάϐηθι

178 1654 305 1682 ἐντεῦθεν
333 1654 364 1680 σὺ
383 1654 430 1680 καὶ
452 1655 466 1680 ὁ
485 1654 562 1685 λαός·
583 1664 592 1680 ι
610 1655 657 1681 καὶ
678 1654 713 1682 τὰ
724 1655 797 1690 ἑξῆς·
817 1657 892 1683 «Καὶ
910 1665 971 1684 συν-

179 1699 321 1727 αποστελῶ
345 1699 398 1734 πρὸ
425 1699 572 1734 προσώπου
595 1709 641 1726 σου
667 1701 711 1727 τὸν
738 1701 853 1736 ἄγγελόν
874 1710 936 1737 μου.
956 1712 966 1729 ι

176 1744 263 1774 Δῦται
278 1746 326 1772 -ὃτι
353 1746 390 1781 μὴ
411 1746 538 1780 ἀγγέλου,
558 1746 639 1781 μόνου
652 1746 680 1773 δὲ
705 1747 772 1774 Θεοῦ
795 1748 915 1782 γένοιντο
937 1748 971 1776 ἂν

177 1792 277 1826 φωναὶ,
292 1791 372 1818 παντί
387 1800 426 1825 τῳ
442 1791 582 1827 πρόδηλον.
595 1792 664 1818 Θεοῦ
677 1792 706 1819 δὲ
718 1793 806 1826 τινος,
824 1793 898 1829 ἢτοῦ
914 1795 971 1826 τοῖς

176 1838 364 1873 προπάτορσιν
389 1837 565 1873 ἐωραμένου;
591 1838 621 1865 ὃν
647 1839 760 1873 ἄγγελον
782 1839 849 1867 Θεοῦ
877 1840 971 1874 σαφῶς

177 1885 326 1920 προσεῖπεν
341 1885 355 1911 ὀ
372 1884 476 1911 Ἰακώϐ.
492 1881 575 1916 Οὗτος
592 1885 619 1911 δὲ
636 1883 670 1921 ἦν
680 1887 745 1921 ἡμῖν
759 1887 772 1912 ό
788 1886 855 1914 Θεοῦ
873 1887 969 1921 Λόγος,

176 1929 253 1956 ὠσὰν
271 1931 319 1956 καὶ
334 1930 400 1956 Θεοῦ
417 1931 481 1961 παῖς
492 1929 636 1962 καίαὺτὸξ,
645 1930 722 1963 Θεὸς,
732 1932 778 1958 καὶ
792 1931 893 1967 Κύριος
905 1932 972 1958 ὠνο-

179 1977 331 2012 μασμένος.

437 2023 633 2050 ΚΕΦΑΛΑΙΟΝ
654 2024 711 2057 ις’.

183 2068 232 2101 Ὠς
248 2069 264 2095 ὁ
277 2068 370 2102 αὐτὸς
385 2069 494 2102 Κύριος
508 2069 575 2103 περὶ
587 2069 689 2103 ἑτέρου
705 2069 840 2098 διδάσκει
849 2071 969 2105 Κυρίου.

409 2104 481 2131 Ἀπὸ
498 2104 552 2132 τοῦ
572 2105 751 2139 Δεκαλότου.

216 2160 226 2176 ι
248 2149 319 2183 Ἐγώ
334 2151 391 2185 ειμι
405 2149 507 2185 Κύριος
517 2151 533 2177 ὁ
550 2150 617 2182 Θεός
632 2159 690 2182 σου,
705 2152 719 2177 ὁ
732 2151 872 2186 ἐξαγαγών
887 2160 916 2178 σε
939 2153 972 2180 ὲκ

180 2196 382 2231 τῆςΑίγύπτου
395 2216 402 2228 ,
430 2197 459 2230 ἐξ
474 2197 549 2224 οἴκου
573 2197 701 2229 δουλείας.
717 2198 772 2224 Οὐκ
799 2198 905 2224 ἔσονταί
931 2207 971 2225 σοι

179 2242 236 2270 θεοὶ
251 2242 417 2278 ἓτεροιπ).ὴν
430 2243 507 2278 ἐμοῦ,
521 2253 530 2268 ι
545 2243 634 2270 καὶτὰ
645 2243 718 2279 ἑξῆς·
734 2254 743 2269 ‹
762 2241 831 2278 Ἐγὼ
845 2245 899 2279 γάρ
913 2245 970 2280 εἰμι

1020 289 1082 308 cum
1101 281 1170 308 idem
1194 280 1265 308 Deus
1280 286 1360 307 antea
1384 280 1506 314 patribus
1526 280 1554 306 in
1574 280 1694 307 hominis
1715 280 1804 307 forma

1020 327 1200 362 apparuisset.
1231 326 1318 361 Supra
1344 333 1408 353 vero
1430 325 1486 361 jam
1508 325 1724 353 demonstratum
1749 331 1803 358 est,

1019 372 1093 408 quod
1108 380 1161 399 non
1181 372 1261 399 Pater
1273 372 1342 398 Deus
1352 371 1396 398 hic
1407 375 1491 403 esset,
1505 372 1545 399 sic
1557 372 1637 404 alter,
1648 380 1728 407 quem
1740 379 1803 402 nos.

1019 426 1080 445 cum
1105 418 1151 445 Dei
1173 418 1209 445 sit
1231 416 1361 449 Verbum,
1379 417 1517 445 Christum
1540 425 1741 453 nuncupamus.
1756 418 1803 453 qui

1019 467 1084 490 tunc
1097 468 1207 497 propter
1218 463 1419 490 multitudinem
1434 464 1583 498 vulgarem,
1613 468 1640 491 et
1656 464 1708 498 ipsi
1723 463 1803 495 Mos;,

1019 513 1044 535 et
1064 509 1164 544 populo
1179 509 1205 536 in
1226 509 1352 536 columna
1369 509 1450 536 nubis
1467 509 1640 541 cernebatur,
1659 514 1803 544 propterea

1019 555 1091 589 quod
1115 563 1169 581 non
1189 555 1282 582 itidem
1299 560 1327 582 ut
1342 560 1444 589 patres,
1465 555 1556 587 videre
1573 555 1649 582 illum
1673 556 1700 582 in
1718 555 1804 584 forma

1020 600 1148 631 hominis,
1167 600 1255 627 idonei
1266 604 1368 628 essent.
1386 599 1572 628 Pcrfectorum
1585 601 1656 628 enim
1669 601 1719 628 hoc
1732 606 1802 634 erat,

1019 655 1100 682 posse
1117 647 1189 674 illius
1207 647 1353 674 adventum
1367 647 1521 682 providere,
1537 648 1581 682 qui
1598 648 1662 674 olim
1674 649 1701 674 in
1715 648 1802 675 homi-

1019 692 1100 720 nibus
1126 699 1240 727 corpore
1269 692 1388 719 humano
1419 698 1570 728 assumpto,
1596 693 1704 722 futurus
1730 697 1802 725 erat,

1019 746 1100 774 quem
1119 745 1195 770 sane,
1215 745 1276 765 cum
1293 745 1327 765 ne
1343 743 1409 765 tunc
1423 739 1533 773 quidem
1550 739 1695 767 universus
1716 747 1802 775 popu-

1019 785 1061 812 lus
1071 789 1160 820 posset
1174 792 1281 819 capere,
1294 785 1392 812 merito
1401 785 1469 812 alias
1478 785 1587 820 quidem
1599 785 1639 814 eis
1648 793 1695 821 per
1703 786 1804 821 ignem.

1018 830 1137 858 terrendi
1160 830 1359 865 cohibendique
1386 838 1481 862 causa,
1513 830 1581 858 alias
1603 839 1650 865 per
1687 831 1801 863 nubem,

1019 877 1096 912 quasi
1121 877 1282 904 adumbrate
1306 881 1388 911 atque
1407 876 1527 904 involute
1550 877 1618 904 dans
1641 877 1694 904 illis
1718 878 1802 913 leges.

980 919 1001 947 Β
1017 923 1188 954 cernebatur,
1199 922 1348 957 cadentque
1366 923 1471 949 ratione
1492 922 1558 949 Mosi
1570 930 1678 957 quoque
1695 927 1805 958 propter

1019 968 1091 995 illos.

1328 1022 1443 1050 CAPUT
1458 1022 1505 1050 XV

1018 1080 1097 1116 242
1121 1080 1197 1113 Quod
1214 1080 1332 1115 angelica
1361 1088 1412 1107 non
1427 1081 1506 1115 fuerit
1529 1086 1637 1112 natura,
1653 1089 1713 1116 qua
1735 1079 1805 1108 Mosi

1052 1115 1132 1142 (labat
1157 1124 1294 1149 responsa,
1313 1116 1358 1142 sed
1378 1115 1549 1151 prwstantior
1567 1124 1647 1151 quam
1663 1121 1693 1143 ut
1709 1116 1744 1143 ad
1759 1125 1806 1143 tm-

1050 1152 1136 1186 gelum
1151 1151 1244 1185 referri
1258 1151 1352 1185 possit.

1052 1206 1061 1222 I
1075 1196 1147 1224 Dixit
1162 1196 1310 1224 Dominus:
1331 1196 1400 1224 Ecce
1410 1205 1461 1232 ego
1479 1197 1557 1224 mitto
1574 1198 1699 1233 angelum
1714 1205 1805 1225 meum

1019 1247 1082 1270 ante
1097 1242 1194 1270 faciem
1219 1246 1304 1275 tuam,
1321 1247 1350 1269 ut
1364 1243 1501 1270 custodiat
1521 1249 1546 1272 te
1558 1244 1585 1270 in
1603 1245 1657 1276 via,
1673 1248 1702 1271 ut
1716 1244 1806 1271 intro.

1019 1287 1101 1315 ducat
1116 1294 1141 1315 te
1158 1288 1184 1314 in
1200 1292 1314 1319 terram.
1331 1296 1412 1323 quam
1423 1289 1515 1323 paravi
1526 1290 1574 1316 tibi
1586 1296 1593 1322 ;
1606 1290 1721 1317 observa
1730 1297 1804 1324 eum,

1019 1337 1045 1360 et
1061 1332 1122 1360 audi
1140 1341 1211 1365 eum,
1228 1341 1276 1361 nec
1292 1334 1329 1362 sis
1341 1335 1472 1362 adversus
1484 1335 1559 1362 illum
1570 1339 1715 1362 contumax
1730 1345 1737 1369 ;
1750 1343 1806 1363 non

1019 1379 1091 1406 enim
1105 1379 1222 1407 dimittet
1239 1385 1280 1413 te;
1296 1388 1396 1408 nomen
1407 1381 1479 1408 enim
1492 1388 1581 1408 meum
1592 1385 1635 1409 est
1649 1381 1677 1409 in
1690 1382 1778 1409 illo".
1793 1392 1803 1408 ι

1021 1424 1054 1452 Et
1070 1425 1097 1452 in
1111 1426 1166 1452 alio
1175 1426 1235 1454 loco
1250 1436 1256 1453 :
1270 1436 1279 1451 ι
1292 1426 1365 1454 Dixit
1384 1431 1473 1454 autem
1486 1426 1616 1455 Dominus
1640 1428 1673 1456 ad
1687 1428 1787 1456 Mosem
1799 1437 1804 1456 :

1021 1469 1108 1502 Vade,
1124 1474 1150 1497 et
1165 1471 1219 1498 dux
1235 1475 1296 1498 esto
1305 1471 1388 1506 hujus
1403 1472 1496 1507 populi
1512 1472 1545 1498 ad
1558 1472 1647 1499 locum
1661 1479 1740 1507 quem
1751 1472 1806 1500 dixi

1020 1516 1080 1549 tibi;
1093 1524 1157 1544 ecce
1176 1518 1289 1552 angelus
1300 1525 1377 1545 mens
1385 1518 1522 1546 antecedit
1536 1519 1602 1546 te".
1619 1528 1628 1544 ι
1643 1518 1675 1545 Et
1687 1526 1784 1547 rursus
1799 1529 1806 1546 :

1024 1571 1033 1587 ι
1046 1561 1157 1589 Etdixit
1169 1562 1301 1590 Dominus
1319 1563 1352 1590 ad
1370 1563 1470 1592 Mosem
1480 1574 1486 1591 :
1497 1564 1559 1597 Ahi,
1574 1569 1601 1592 et
1612 1564 1729 1592 ascende
1743 1565 1807 1592 hinc

1021 1608 1050 1633 tu
1071 1609 1099 1633 et
1113 1607 1242 1642 populus,
1264 1617 1273 1634 ι
1286 1612 1312 1635 et
1333 1613 1430 1636 caetera
1446 1618 1452 1636 :
1466 1608 1520 1636 «Et
1541 1617 1594 1636 una
1616 1609 1721 1637 mittam
1745 1614 1809 1638 ante

1020 1650 1117 1678 faciem
1134 1656 1208 1679 tuam
1228 1653 1355 1688 angelum
1385 1662 1475 1681 meum
1490 1655 1541 1681 η.»
1568 1654 1615 1682 Hae
1632 1663 1699 1684 sane
1715 1664 1806 1689 voces,

1019 1697 1092 1732 quod
1112 1705 1167 1725 non
1188 1699 1277 1734 angeli
1292 1699 1341 1727 sed
1358 1701 1443 1728 solius
1461 1700 1509 1728 Dei
1524 1702 1590 1732 sint,
1608 1702 1755 1737 unicuique
1767 1703 1809 1729 fa—

1020 1744 1072 1772 cile
1083 1748 1210 1773 constare
1224 1749 1325 1780 potest.
1340 1745 1427 1780 Cujus
1442 1754 1523 1781 porro
1536 1746 1594 1780 Dei,
1609 1747 1659 1775 nisi
1677 1748 1738 1783 ejus
1760 1753 1807 1784 qut

1019 1790 1118 1825 priscis
1129 1791 1256 1825 patribus
1271 1791 1307 1819 sit
1317 1792 1413 1819 visus?
1423 1800 1503 1827 quem
1518 1792 1644 1828 angelum
1659 1793 1707 1821 Dei
1726 1795 1807 1829 plane

1021 1836 1168 1872 appellavit
1190 1835 1286 1864 Jacob.
1311 1837 1369 1865 Hoc
1391 1841 1483 1866 autem
1509 1839 1590 1867 nobis
1617 1838 1663 1867 Dei
1685 1838 1806 1873 Verbum

1020 1882 1081 1915 fut,
1097 1887 1192 1920 utpote
1207 1891 1269 1911 cum
1287 1890 1313 1912 et
1330 1885 1376 1912 Dei
1394 1884 1414 1911 Γ
1416 1885 1490 1918 ilius,
1501 1891 1528 1913 et
1543 1885 1623 1920 Deus,
1636 1892 1662 1914 et
1676 1886 1808 1916 Dominus

1021 1929 1079 1965 ipse
1096 1930 1132 1957 sit
1146 1930 1314 1958 nominatus.

1320 2020 1437 2050 CAPUT
1455 2022 1523 2051 XVI.

1022 2068 1098 2101 Quod
1113 2067 1182 2095 idem
1190 2068 1318 2096 Dominus
1332 2070 1363 2097 dc
1377 2070 1429 2097 alio
1439 2070 1524 2101 docet,
1534 2070 1632 2098 scilicet
1642 2069 1726 2100 Filia.
1739 2086 1774 2092 —
1785 2073 1808 2100 Α

1249 2104 1337 2132 decem
1355 2106 1492 2140 prwceplis
1505 2106 1579 2140 legis.

1060 2158 1069 2174 ‹
1083 2144 1139 2185 Ego
1156 2157 1215 2176 sum
1232 2150 1363 2178 Dominus
1385 2150 1456 2179 Deus
1477 2158 1549 2184 tuus,
1565 2151 1612 2187 qui
1631 2151 1713 2179 eduxi
1733 2157 1758 2180 te
1771 2153 1806 2182 de

1022 2199 1093 2223 terra
1104 2195 1224 2231 Egypti,
1234 2195 1267 2223 dc
1283 2197 1365 2224 domo
1380 2198 1531 2225 servitutis.
1545 2196 1604 2225 Non
1616 2202 1696 2226 erunt
1706 2197 1755 2224 tibi
1770 2197 1808 2224 dii

1023 2242 1070 2268 alii
1085 2246 1184 2277 praeter
1199 2250 1251 2274 me,
1264 2252 1273 2268 ι
1292 2247 1319 2270 et
1334 2246 1442 2271 caetera.
1463 2252 1473 2268 ‹
1486 2243 1542 2279 Ego
1553 2244 1625 2272 enim
1642 2252 1702 2272 sum
1715 2243 1809 2271 Domi-

180 2287 283 2323 Κύριος
296 2289 310 2314 ό
334 2288 399 2320 Sed;
415 2296 471 2320 σου,
488 2288 554 2320 Θεὸς
573 2289 706 2325 ζηλωτής.
722 2299 730 2315 ι
757 2290 810 2316 Καὶ
833 2290 969 2325 ἐπιλέγει·

1024 2295 1076 2315 nus
1090 2288 1160 2315 Deus
1175 2292 1237 2315 tuus
1247 2289 1390 2316 aemulator
1398 2289 1449 2321 ⁷⁵.»
1466 2293 1493 2316 et
1508 2289 1649 2324 adjungit:
1667 2299 1676 2315 ι
1687 2288 1747 2316 Νοη
1763 2297 1810 2316 su-

183 2341 192 2358 a
205 2333 243 2359 0'3
258 2333 331 2369 λήψῃ
345 2332 375 2359 τὸ
386 2334 470 2369 ὄνομα
480 2334 582 2370 Κυρίου
597 2334 643 2362 τοῦ
655 2335 722 2361 Θεοῦ
737 2344 783 2361 σου
796 2336 841 2362 ἐπὶ
853 2336 969 2372 ματαίῳ.

180 2379 219 2406 Οὐ
230 2378 285 2414 γὰρ
299 2379 336 2415 μὴ
353 2379 489 2417 καθαρίσῃ
506 2380 607 2416 Κύριος
619 2381 664 2407 τὺν
685 2381 854 2417 λαμϐάνοντα
867 2382 897 2409 τὸ
913 2382 971 2408 δνο-

182 2433 222 2459 μα
242 2425 324 2451 αὐτοῦ
343 2425 390 2451 ἐπὶ
411 2425 548 2461 ματαίῳ.»
567 2425 713 2453 Κάνταῦθα
737 2427 816 2458 αὐτὸς
835 2427 850 2453 ὁ
870 2424 970 2463 Κύριος

181 2470 247 2505 περὶ
261 2469 354 2504 ἐτέρου
371 2469 475 2506 Κυρίου
490 2470 524 2497 τὰ
546 2470 714 2506 προκείμενα
727 2470 857 2497 διδάσκει.
878 2470 971 2497 Εἰπὼν

180 2514 265 2549 γοῦν,
282 2524 292 2539 ι
312 2514 383 2549 Ἐγώ
399 2516 457 2550 εἰμι
474 2515 576 2551 Κύριος
598 2517 611 2542 ὁ
637 2515 703 2548 Θεὸς
727 2525 785 2548 σου,
807 2526 816 2541 ι
835 2516 970 2550 ὲπιλέγει⁸

184 2570 194 2587 ι
207 2561 247 2587 Οὐ
259 2560 333 2597 λήψῃ
343 2560 374 2587 τὸ
383 2560 467 2596 ὄνομα
479 2561 582 2597 Κυρίου
597 2561 644 2588 τοῦ
661 2562 728 2588 Θεοῦ
745 2569 805 2588 σου·
820 2573 829 2587 ι
844 2562 908 2598 περὶ
924 2561 971 2589 τοῦ

182 2604 292 2640 Πατρὸς
310 2605 408 2641 δηλαδὴ
421 2607 467 2632 καὶ
482 2606 548 2632 Θεοῦ
564 2606 618 2632 τῶν
628 2606 694 2633 ὅλων
705 2607 718 2632 ὁ
729 2607 854 2643 δεύτερος
871 2607 973 2643 Κύριος

181 2651 229 2677 τὸν
245 2651 397 2686 Θεράποντα
419 2652 615 2687 μυσταγωγῶν.
631 2652 728 2688 Εὖροις
743 2653 765 2679 δ’
784 2653 816 2679 ἂν
836 2654 883 2680 καὶ
906 2653 973 2681 ἄλλα

184 2697 270 2733 μυρία
284 2697 318 2724 δι’
331 2698 395 2733 ὅλης
407 2698 456 2733 τῆς
476 2699 551 2734 ιερᾶς
567 2699 687 2735 Γραφῆς,
705 2699 901 2735 παραπλησίως
911 2699 973 2727 τού-

183 2751 242 2775 τοις
260 2743 470 2779 ἐξενηνεγμένα,
490 2745 524 2771 δι’
538 2743 575 2772 ὧν
595 2746 610 2772 ὁ
631 2744 711 2777 Θεὸς,
734 2745 771 2777 ὡς
793 2746 857 2782 περὶ
880 2746 972 2782 ἐτέρου

183 2788 264 2820 Θεοῦ,
281 2790 329 2816 καὶ
345 2790 426 2821 αὐτὸς
442 2791 456 2817 ὁ
474 2790 586 2827 Κύριος,
608 2791 644 2822 ὡς
663 2791 727 2826 περὶ
747 2791 839 2827 ἑτέρου
860 2792 972 2828 Κυρίου,

183 2835 247 2866 τοὺς
263 2836 406 2870 χρησμοὺς
420 2836 548 2863 ἐποιεῖτο.

1023 2340 1081 2359 mes
1094 2340 1192 2360 nomen
1213 2332 1321 2360 Domini
1335 2334 1381 2361 Dei
1400 2334 1438 2361 tui
1446 2334 1472 2361 in
1496 2342 1594 2361 vanum
1606 2334 1640 2362 ".
1662 2335 1719 2362 Nec
1738 2335 1810 2362 enim

1023 2378 1134 2405 habebit
1147 2379 1282 2406 insontem
1295 2377 1426 2407 Dominus
1437 2387 1498 2407 eum
1512 2380 1558 2415 qui
1570 2379 1750 2414 assumpscrit
1764 2387 1812 2406 no-

1024 2431 1084 2451 men
1093 2424 1199 2451 Domini
1207 2425 1248 2452 sui
1256 2424 1366 2452 frustra.
1374 2434 1383 2451 ι
1395 2424 1452 2452 Hoc
1459 2426 1539 2453 etiam
1547 2425 1606 2452 loco
1615 2425 1673 2460 ipse
1680 2424 1811 2451 Dominus

1023 2477 1054 2496 ea
1075 2478 1135 2505 quae
1150 2472 1272 2506 exposita
1287 2475 1351 2499 sunt
1367 2472 1400 2499 de
1420 2472 1472 2499 alio
1481 2471 1570 2499 docet.
1589 2470 1727 2506 Siquidem
1746 2478 1809 2509 cum

1023 2516 1140 2548 dixerit,
1152 2525 1160 2541 ε
1174 2516 1229 2552 Ego
1245 2525 1304 2545 sum
1317 2518 1447 2545 Dominus
1472 2518 1540 2545 Deus
1553 2521 1628 2551 tuus,
1643 2527 1652 2543 ›
1668 2517 1811 2552 adjungit:

1026 2571 1036 2587 ί
1048 2561 1106 2588 Νοιι
1128 2570 1221 2590 sumes
1235 2571 1336 2591 nomen
1349 2564 1456 2591 Domini
1472 2564 1518 2592 Dei
1527 2564 1583 2590 tui:
1600 2573 1609 2589 ι
1621 2563 1701 2599 243
1713 2563 1814 2598 quippe

1023 2607 1124 2635 cumde
1138 2607 1218 2636 Patre
1229 2613 1256 2636 et
1267 2609 1322 2637 Deo
1333 2610 1463 2643 universi,
1476 2611 1499 2638 is
1507 2610 1553 2645 qui
1568 2610 1602 2637 ab
1612 2610 1658 2637 illo
1669 2615 1711 2637 est
1723 2609 1814 2637 Domi-

1023 2661 1087 2686 nus,
1104 2661 1182 2681 suum
1195 2662 1303 2682 servum
1316 2657 1403 2684 sacris
1417 2656 1515 2683 initiet.
1524 2654 1721 2692 Aliapraeterea
1730 2656 1811 2683 innu-

1024 2700 1167 2727 merabilia
1190 2701 1312 2729 invenies
1330 2710 1377 2737 per
1398 2706 1482 2730 totam
1501 2701 1671 2738 Scripturam
1692 2709 1812 2734 sacram,

1025 2753 1085 2780 qua:
1106 2747 1201 2773 eadem
1224 2747 1329 2775 ratione
1343 2756 1397 2784 qua
1421 2748 1479 2776 hac
1501 2749 1643 2776 enuntiata
1665 2752 1741 2781 sunt,
1767 2748 1814 2775 ubi

1024 2790 1104 2819 Pater
1124 2796 1253 2827 tanquam
1279 2793 1312 2820 de
1327 2794 1379 2821 alia
1394 2802 1523 2829 persona,
1548 2800 1575 2823 et
1601 2795 1661 2830 ipse
1683 2794 1814 2823 Dominus

1025 2841 1154 2873 tanquam
1166 2838 1199 2866 de
1223 2839 1276 2867 alio
1300 2840 1429 2875 quodam,
1447 2842 1558 2869 oracula
1574 2842 1716 2870 reddebat.

222 2913 245 2928 "
260 2912 345 2939 Exod.
361 2921 439 2945 χχιιι,
456 2913 552 2945 20,2l.
590 2914 613 2929 ”
631 2914 703 2941 Exod
732 2923 818 2948 xxx”,
834 2915 878 2942 34.
916 2917 937 2933 ⁷³
957 2915 969 2943 Ε

1019 2917 1040 2944 1.
1057 2925 1153 2950 xxxnt,
1173 2917 1232 2952 με.
1272 2919 1294 2935 τ’
1310 2917 1395 2954 Εξοά.
1417 2919 1533 2952 Χι,Ξ-5.
1571 2920 1594 2937 ⁷⁸
1614 2920 1682 2948 ibid.
1704 2938 1726 2949 ..

347 2960 482 2990 ΡΑτιιοι..
500 2962 557 2992 Gn.
575 2962 678 2996 ΧΧΗ.

1637 2966 1674 2995 13
