2084 3216
302 177 351 204 595

581 234 690 263 CAPU'I
712 233 794 260 XVII.

300 293 376 328 Quod
393 302 415 321 is
431 300 522 320 rursus
535 292 672 323 Dominus,
696 291 740 326 qui
756 289 825 328 Mosi
847 296 973 328 respousa
987 286 1080 328 dabat,

328 330 411 356 alium
433 338 448 355 a
468 337 517 363 qua
533 333 589 354 erat
607 323 760 362 agnoscens,
777 325 884 352 Putrem
900 326 998 360 utique,
1014 323 1082 349 hunc

334 367 419 400 ipsum
434 372 511 390 suum
525 363 609 390 Deum
621 362 740 389 vocabat.

336 432 346 448 ι
359 422 391 448 Et
406 421 475 449 dixit
487 421 619 447 Dominus
639 420 672 447 ad
688 419 806 454 Moysem
821 429 827 446 :
841 418 873 445 Et
893 418 944 445 hoc
960 417 1007 444 tibi
1026 424 1083 444 ver-

300 470 374 499 bum,
393 469 466 503 quod
479 467 582 498 dixisti,
598 466 706 493 faciam.
727 465 856 492 Invenisti
873 464 945 491 enim
965 463 1081 498 gratiam

298 523 390 541 coram
399 522 452 546 me,
462 519 488 541 et
497 513 558 540 novi
566 518 591 540 te
599 517 808 548 praateromnes.
816 521 825 537 ›
838 511 870 538 Et
882 511 950 538 dixit
960 510 1081 546 Moyses:

301 570 310 586 ι
321 559 439 588 Ostende
449 560 595 586 mihituatn
605 559 730 592 gloriam.
739 568 747 583 I
757 558 789 584 Et
797 558 866 585 dixit
874 567 880 584 :
888 568 896 583 ι
907 557 963 592 Ego
974 556 1083 583 anteibo

298 607 373 641 prior
394 611 420 633 te
436 605 522 640 gloria
540 613 612 636 mea,
629 608 656 632 et
669 606 771 631 vocabo
790 604 816 630 in
833 604 943 631 nomine
956 611 1014 630 meo
1029 602 1082 629 [lo-

298 651 401 677 minum
420 658 510 678 coram
527 655 562 682 te,
580 654 607 676 et
626 649 779 677 miscrabor
795 649 985 683 cujuscunque
1000 648 1083 675 mise—

297 704 370 728 reor,
394 700 421 723 et
443 696 565 723 clemens
589 703 637 722 ero
657 703 721 730 erga
739 702 930 729 quemcunque
948 701 1009 721 sum
1027 693 1082 720 cle-

297 742 415 769 mens".
430 752 438 768 ι
451 741 483 767 Ει
497 747 559 776 post
573 741 627 768 alia
646 741 781 776 adjungit,
795 745 876 776 atque
890 741 944 767 ait:
958 749 967 764 ‹
987 739 1019 766 Et
1039 739 1083 766 de-

297 788 405 815 srendit
416 787 583 814 Dominusin
595 787 676 819 nube,
690 790 717 814 et
726 787 830 814 adstitit
843 787 868 813 ci
884 787 947 813 illic.
961 790 988 813 et
1002 793 1082 813 voca-

295 833 334 860 vit
356 833 384 859 in
418 832 528 859 nomine
551 831 674 858 Domini:
700 835 727 858 et
746 831 872 858 transivit
897 830 1028 857 Dominus
1054 829 1082 856 in

295 879 406 906 nomine
431 879 527 913 ipsius,
545 881 572 906 et
592 877 716 904 vocavit:
729 877 854 908 Domine,
869 875 994 907 Domine,
1013 875 1082 902 Deus

295 925 416 952 clemens
428 928 456 951 et
473 923 640 954 misericors,
656 923 832 957 longanimis,
850 926 876 949 et
891 922 982 948 multa!
1004 921 1082 947 mise-

294 969 421 1001 rationis,
443 972 472 996 et
494 976 587 1001 verax,
608 971 635 994 et
657 967 793 1001 justitiam
824 973 948 997 servans,
977 965 1080 992 faciens

294 1014 512 1043 misericordiam
537 1015 564 1041 in
597 1013 692 1045 millia,
717 1012 845 1040 auferens
874 1011 1033 1046 iniquitates
1053 1015 1080 1038 et

294 1061 453 1096 injustitias,
467 1063 493 1086 et
503 1063 612 1094 peccata
631 1066 637 1084 :
653 1062 680 1085 et
702 1057 862 1093 purgalione
874 1065 929 1084 non
954 1057 1081 1091 purgabit

294 1113 386 1133 reum:
404 1104 537 1134 inducens
554 1107 665 1138 peccata
681 1107 789 1138 patrum
813 1103 841 1129 in
857 1098 938 1134 filios,
962 1108 988 1128 et
1009 1102 1080 1129 lilios

294 1150 424 1182 ﬁliorum,
441 1151 468 1177 in
488 1150 597 1177 tertiam
628 1154 655 1178 et
670 1154 795 1185 quartam
811 1146 1014 1184 generationem
1029 1157 1035 1175 :
1052 1153 1079 1176 et

293 1203 355 1224 cum
370 1196 528 1224 festinasset
557 1196 656 1228 Moses,
679 1200 809 1223 curvatus
827 1196 854 1223 in
871 1198 970 1223 te'rram
981 1196 1079 1222 adora-

292 1242 330 1268 vit
339 1242 372 1268 7‘.
385 1251 394 1268 ι
410 1241 646 1277 Contemplamini,
659 1249 761 1277 quatso,
774 1250 891 1276 quonam
905 1242 984 1268 modo
997 1242 1078 1269 etiam

293 1295 367 1315 nunc
394 1288 452 1323 ipse
475 1288 615 1322 Dominus,
641 1289 687 1324 qui
717 1290 744 1316 in
775 1289 846 1316 nube
871 1288 1024 1320 descendit,
1051 1293 1079 1315 et

293 1334 361 1362 Mosi
390 1335 495 1362 adstitit
517 1336 544 1362 in
568 1336 677 1362 nomine
697 1335 814 1367 Domini,
835 1335 971 1362 vocaverit
994 1335 1076 1361 alium

292 1386 392 1416 praeter
407 1382 539 1417 seipsum,
556 1382 603 1416 qui
622 1382 718 1409 solitus
734 1382 770 1410 sit
788 1389 822 1409 ex
839 1381 1077 1416 conduplicatione

291 1427 333 1454 bis
349 1426 481 1453 Dominus
504 1427 646 1461 appellari,
664 1431 793 1461 tauquam
815 1434 888 1458 eum,
913 1434 927 1452 a
945 1434 998 1461 quo
1019 1426 1076 1461 ipse

291 1473 337 1504 sit.
357 1473 523 1507 reliquorum
538 1473 659 1499 omnium
674 1472 719 1506 jus
731 1475 949 1508 potestatemque
961 1473 1074 1505 habens,

292 1518 338 1545 Dei
353 1518 464 1545 nomine
478 1518 641 1548 celebretur,
651 1525 730 1544 suum
748 1517 841 1552 utique
853 1516 960 1544 Patrem
972 1526 979 1550 ;
993 1521 1074 1552 atque

644 174 778 203 EUSEBII
799 171 1035 202 cassamsusxs
1054 170 1130 198 orr.
1151 170 1248 197 rans.
1269 170 1301 198 u.
1321 185 1355 190 -
1375 171 1623 200 APOLOGETICA.

1100 231 1122 258 Α

1872 177 1923 206 396

1400 230 1595 258 ΚΕΦΑΛΑΙΟΝ
1609 232 1658 257 IZ'.

1140 283 1188 323 Ὧς
1199 285 1291 318 αὐτὸς
1303 284 1389 323 αὖθις
1405 288 1421 313 ό
1432 286 1484 323 τῷΔ
1495 287 1598 313 Μωσεῖ
1609 287 1792 321 χιηῃιατίζων
1802 289 1921 323 Κύριος.

1168 320 1270 358 ἕτερον
1291 321 1575 358 Κύριονᾷκρείττονα
1600 320 1709 349 ἑαυτοῦ
1733 323 1785 350 τὸν
1809 320 1925 358 Πὰτέρα

1170 355 1352 389 γιγνώσκων,
1367 356 1474 383 τοῦτον
1486 357 1632 391 ἀληθινὸν
1649 358 1722 384 Θεὸν
1738 355 1922 386 ἀνεκαλεῖτο.

1175 421 1184 437 ‹
1209 413 1264 438 Καὶ
1296 410 1355 438 εἷπε
1386 413 1487 448 Κύριος
1507 414 1574 449 πρὸς
1599 414 1720 450 Μωσῆν·
1752 415 1807 441 Καὶ
1827 415 1921 443 τοῦτόν

1136 467 1177 485 σοι
1202 458 1248 485 τὸν
1273 459 1362 493 λόγον,
1383 459 1413 485 6v
1439 460 1563 495 εἴρηκας,
1582 460 1696 495 ποιήσω.
1719 461 1847 496 Εὖρηκας
1868 462 1921 498 γὰρ

1134 505 1214 540 χάριν
1227 505 1342 532 ἐνώπιόν
1359 514 1422 540 μου,
1439 506 1486 532 καὶ
1496 504 1555 532 οἶδά
1570 515 1599 532 σε
1613 506 1688 542 παρὰ
1705 507 1820 539 πάντας.
1841 517 1850 533 ι
1869 508 1922 534 Καὶ

1133 549 1193 578 εἷπε
1210 552 1321 586 Μωσῆς·
1337 561 1345 577 ί
1360 551 1449 583 Δεῖξόν
1468 561 1514 587 μοι
1540 553 1590 588 τὴν
1611 552 1725 579 σεαυτοῦ
1736 553 1824 586 δόξαν.
1845 563 1854 579 ι
1868 555 1921 580 Καὶ

1135 595 1210 623 εἶπεν
1220 605 1227 611 ·
1243 606 1252 622 ε
1275 597 1345 631 Ἐγὼ
1361 598 1584 634 προπορεύσομαι
1601 599 1733 634 πρότερός
1752 608 1798 626 σου
1810 602 1843 636 τῇ
1858 600 1919 637 δόξῃ

1136 652 1198 678 μου,
1209 644 1257 670 καὶ
1269 644 1375 670 καλέσω
1386 645 1415 677 ὲν
1427 645 1539 679 ὀνόματί
1552 654 1602 680 μου
1615 645 1715 681 Κύριον
1729 647 1849 672 ἐναντίον
1863 655 1919 679 σου,

1133 691 1181 717 καὶ
1195 691 1298 726 ἐλεήσω
1329 690 1359 717 ὃν
1385 691 1418 717 ἂν
1438 691 1515 723 ἐλεῶ,
1538 692 1585 718 καὶ
1610 693 1772 728 οἰκτειρήσω
1787 693 1816 719 ὃν
1835 693 1867 720 ἂν
1883 695 1921 720 οἰ-

1134 737 1244 772 κτείρω.
1264 746 1273 762 ›
1290 737 1345 762 Καὶ
1375 738 1434 772 μεθ’
1457 737 1538 772 ἕτερα
1561 738 1687 773 ἐπιφέρει
1715 739 1815 772 λέγων’
1837 748 1846 764 ε
1865 739 1920 766 Καὶ

1133 784 1234 819 κατέϐη
1242 784 1344 820 Κύριος
1352 785 1380 810 ὲν
1390 784 1500 821 νεφέλῃ,
1511 785 1558 811 καὶ
1566 785 1691 820 παρέστη
1705 785 1780 820 αὐτῷ
1797 786 1866 816 ἐκεῖ,
1875 787 1922 812 καὶ

1133 830 1263 866 ἐλάλησεν
1280 832 1308 857 ὲν
1331 830 1442 866 ὀνόματι
1468 831 1570 866 Κυρίου
1583 839 1590 845 ·
1606 831 1654 858 καὶ
1676 831 1800 866 παρῆλθε
1819 831 1922 867 Κύριος

1134 878 1162 903 ὲν
1185 877 1296 912 ὀνόματι
1315 876 1409 909 αὑτοῦ,
1432 877 1480 903 καὶ
1503 877 1634 903 ἐκάλεσε·
1654 877 1751 912 Κύριε,
1779 877 1877 913 Κύριε,
1905 878 1921 904 6

1133 922 1198 954 Θεὸς
1217 923 1364 958 οἰκτίρμων
1394 924 1440 949 καὶ
1456 923 1589 958 ἐλεήμων,
1615 923 1790 958 μακρόουμος
1808 924 1855 950 καὶ
1871 932 1919 950 τιο-

1130 968 1252 1000 λυέ).εος,
1275 969 1322 995 καὶ
1341 968 1485 1003 ἀληθινὸς,
1509 969 1556 996 καὶ
1579 969 1749 1004 δικαιοσύνην
1771 969 1917 1005 διατηρῶν,

1131 1014 1214 1040 ποιῶν
1228 1014 1301 1046 ἕλεος
1316 1015 1355 1045 είς
1375 1014 1505 1049 χιλιάδας,
1518 1014 1641 1050 ἀφαιρῶν
1658 1015 1782 1050 ἀνομίας,
1799 1015 1846 1041 καὶ
1862 1015 1919 1042 ἁδι-

1130 1060 1202 1091 κίας,
1219 1060 1266 1086 καὶ
1281 1060 1418 1095 ἁμαρτίας
1428 1069 1434 1075 ·
1451 1060 1496 1086 καὶ
1513 1060 1676 1096 καθαρισμῷ
1689 1061 1719 1087 οὐ
1736 1061 1862 1096 καθαριεῖ
1873 1061 1918 1087 τὸν

1130 1106 1231 1141 ἔνοχον,
1256 1107 1370 1140 ἀπάγων
1393 1106 1531 1142 ἁμαρτίας
1553 1107 1679 1142 πατέρων
1693 1107 1740 1133 ἐπὶ
1755 1107 1849 1139 τέκνα,
1872 1108 1918 1134 καὶ

1130 1153 1213 1179 τέκνα
1225 1153 1338 1184 τέκνων,
1357 1153 1403 1180 ἐπὶ
1418 1153 1512 1188 τρίτην
1525 1153 1570 1179 καὶ
1586 1154 1719 1189 τετάρτην
1732 1154 1828 1186 γενεάν
1843 1163 1849 1168 ·
1869 1155 1917 1180 καὶ

1131 1199 1250 1230 σπεύσας
1273 1200 1391 1234 Μωσῆς,
1417 1199 1505 1234 κύψας
1524 1199 1571 1225 ἐπὶ
1592 1199 1642 1234 τὴν
1665 1199 1717 1234 γῆν
1744 1199 1917 1235 προσεκύνη-

1130 1253 1184 1271 σεν.
1205 1254 1213 1270 ι
1229 1245 1300 1280 ’Ὁρα
1317 1244 1348 1279 δὴ
1361 1245 1422 1272 τίνα
1434 1245 1534 1280 τρόπον
1548 1245 1594 1271 καὶ
1606 1245 1653 1271 νῦν
1670 1245 1750 1276 αὐτὸς
1764 1247 1777 1271 6
1791 1245 1891 1280 Κύριος
1902 1246 1916 1271 6

1131 1290 1250 1322 καταϐὰς
1262 1290 1391 1317 ἐκάλεσεν
1413 1291 1442 1317 ἐν
1470 1291 1579 1326 νεφέλῃ,
1597 1291 1644 1318 καὶ
1663 1290 1701 1325 τῷ
1716 1291 1809 1318 Μωσεῖ
1826 1299 1917 1326 παρα-

1129 1336 1195 1367 στὰς
1211 1337 1240 1362 ὲν
1270 1335 1381 1371 ὀνόματι
1406 1335 1520 1371 Κυρίου,
1537 1336 1630 1370 ἕτερον
1648 1336 1711 1370 παρ’
1728 1335 1834 1366 ἑαυτὸν,
1853 1343 1916 1361 συν-

1128 1381 1201 1417 ήθως
1214 1381 1285 1408 κατὰ
1306 1381 1488 1408 ἀναδίπλωσιν
1501 1381 1542 1412 δὶς
1565 1381 1666 1416 Κύριον
1690 1381 1913 1416 ἐπικαλούμενον,

1128 1427 1201 1454 ὼσὰν
1222 1428 1269 1453 καὶ
1287 1427 1383 1453 ἑαυτοῦ
1399 1428 1445 1453 καὶ
1459 1427 1512 1453 τῶν
1526 1427 1626 1453 λοιπῶν
1639 1427 1765 1453 ἁπάντων
1781 1427 1915 1462 δεσπότην

1127 1473 1345 1509 θεολογούμενον,
1362 1474 1406 1500 τὸν
1426 1474 1522 1500 ἑαυτοῦ
1546 1475 1670 1510 Πατέρα·
1692 1474 1740 1501 καὶ
1762 1475 1802 1500 ὅτι
1828 1482 1860 1508 γε
1887 1475 1916 1500 ὲν

1128 1520 1230 1552 τούτοις
1249 1521 1279 1547 οὐ
1303 1521 1422 1556 Μωσῆς,
1440 1521 1478 1553 ὠς
1499 1521 1532 1547 ἂν
1555 1521 1684 1548 ὑπολάϐοι
1709 1530 1760 1553 τις,
1777 1520 1845 1547 άλλὰ
1861 1520 1916 1556 γὰρ

291 1565 354 1591 utin
366 1564 409 1591 his
424 1571 479 1590 non
506 1563 604 1594 Moses,
623 1563 694 1590 sicut
707 1563 822 1590 forsitan
834 1562 968 1597 quispiam
984 1563 1074 1596 suspi-

1127 1566 1208 1599 αὺτδς
1224 1569 1238 1594 ὁ
1262 1567 1364 1603 Κύριος
1387 1567 1479 1602 ἕτερον
1501 1567 1602 1601 Κύριον
1626 1567 1670 1593 τὸν
1692 1567 1801 1602 Πατέρα
1825 1567 1915 1598 καλεῖ,

290 1614 378 1642 cetur,
399 1610 446 1638 sed
472 1611 532 1646 ipse
554 1610 685 1637 Dominus
700 1610 782 1636 alium
802 1617 883 1637 suum
898 1608 1006 1636 Patrem
1024 1617 1074 1637 vo-

289 1662 351 1685 cat:
366 1662 429 1685 ante
451 1657 524 1685 enim
544 1657 567 1684 is
596 1657 642 1691 qui
664 1656 730 1684 Mosi
748 1657 898 1691 respondit,
923 1657 976 1684 ait:
996 1666 1005 1682 ι
1018 1656 1074 1692 Ego

288 1704 412 1731 transibo
425 1703 502 1740 prior
518 1707 544 1730 te
568 1703 655 1739 gloria
674 1711 745 1735 mea,
759 1707 786 1730 et
797 1702 900 1730 vocabo
915 1703 943 1730 in
964 1705 1074 1732 nomine

289 1749 406 1778 Domini.
421 1761 431 1776 ι
449 1749 501 1777 Ubi
517 1750 599 1785 igitur
615 1749 667 1777 hoc
685 1749 764 1778 dixit.
790 1748 930 1784 Scriptura
946 1750 1073 1786 deinceps

288 1797 375 1824 instar
381 1797 545 1824 narrationis
551 1797 673 1831 adiungit
682 1795 774 1832 ε244
783 1805 791 1821 ί
798 1795 975 1824 Etdescendit
982 1796 1075 1823 Domi-

289 1851 341 1871 nus
356 1844 383 1870 in
398 1844 480 1875 nube,
493 1847 520 1871 et
533 1843 640 1870 adstitit
651 1844 675 1871 ei
687 1844 753 1875 illic,
767 1847 793 1871 et
805 1844 911 1871 vocavit
924 1844 951 1870 in
964 1844 1072 1871 nomine

288 1887 423 1915 Domini.»
449 1888 534 1923 Igitur
552 1889 611 1924 ipsc
625 1889 757 1917 Dominus
770 1890 834 1916 dum
849 1895 902 1921 est,
921 1890 992 1925 quod
1009 1898 1072 1924 pro-

287 1933 409 1965 miserat,
428 1938 617 1968 przestaturus,
633 1934 785 1967 descendit,
798 1938 825 1961 et
841 1935 1071 1969 quemadmodum

286 1979 369 2006 verba
386 1979 443 2014 ipsa
454 1980 618 2014 significant,
631 1980 804 2015 progreditur
819 1985 881 2008 ante
905 1980 1001 2008 faciem
1015 1981 1072 2009 Mo-

287 2024 337 2051 sis.
352 2024 411 2059 Ipse
431 2029 521 2052 autem
542 2025 673 2052 Dominus
696 2029 774 2052 vocat
794 2026 905 2054 dicens:
935 2035 944 2051 ι
958 2026 1071 2053 Domine

287 2067 369 2098 Deus.
389 2068 509 2096 clemens
523 2074 550 2096 et
562 2070 729 2101 misericors,
748 2081 756 2096 ι
776 2075 803 2097 et
818 2078 879 2106 qua}
895 2076 1068 2106 sequuntur:

285 2114 385 2147 quibus
404 2114 494 2142 verbis
517 2115 596 2150 plane
617 2116 676 2150 ipse
692 2117 822 2144 Dominus
842 2126 921 2145 suum
949 2126 1069 2152 sentum,

285 2163 314 2186 ct
327 2160 448 2194 seipsum
462 2160 589 2194 quisnam
609 2166 691 2193 esset,
708 2166 734 2189 et
748 2162 860 2197 ingeniti
875 2163 981 2190 Domini
999 2165 1068 2191 uoti-

286 2203 362 2236 tiatn,
379 2205 458 2238 quasi
482 2206 568 2232 sacris
586 2206 698 2233 initians
720 2207 809 2234 docet.
831 2207 887 2234 Hoc
904 2217 967 2236 vero
980 2209 1068 2244 ipsum

1129 1611 1294 1647 παραλαϐὼν
1317 1612 1396 1644 αὐτὸς
1409 1613 1423 1638 6
1438 1612 1614 1648 χρηματίζων
1635 1611 1673 1647 τῷ
1689 1613 1783 1638 Μωσεῖ
1813 1620 1896 1647 φησιν
1906 1620 1914 1627 ’

1131 1666 1140 1682 ι
1152 1656 1222 1691 Ἐγὼ
1236 1657 1437 1692 παρελεύσομαι
1452 1657 1585 1693 πρότερός
1599 1666 1645 1684 σου
1661 1659 1694 1692 τῇ
1711 1657 1772 1693 δόξῃ
1789 1666 1850 1692 μου,
1867 1666 1916 1684 κα-

1127 1703 1197 1728 λέσω
1220 1704 1248 1729 ἐν
1269 1702 1381 1737 ὀνόματι
1397 1703 1510 1738 Κυρίου.
1531 1713 1541 1728 ι
1564 1702 1649 1729 Τοῦτο
1672 1702 1736 1737 γοῦν
1760 1702 1914 1738 εἰρηκότος,

1127 1749 1190 1785 ἑξῆς
1202 1750 1321 1784 ἐπιλέγει
1338 1752 1353 1785 ἡ
1366 1750 1459 1785 Γραφὴ
1473 1749 1677 1785 διηγηματικῶς
1689 1758 1696 1765 '
1713 1759 1721 1775 ι
1741 1750 1795 1776 Kal
1810 1749 1914 1785 κατέϐη

1126 1796 1228 1831 Κύριος
1254 1797 1283 1823 ὲν
1307 1796 1415 1831 νεφέλῃ,
1441 1797 1488 1822 καὶ
1514 1796 1637 1832 παρέστη
1667 1795 1741 1831 αὐτῷ
1770 1797 1836 1827 ἐκεῖ,
1866 1795 1914 1822 καὶ

1126 1842 1255 1868 ἐκάλεσεν
1275 1843 1304 1867 ὲν
1326 1842 1437 1877 ὀνόματι
1459 1842 1571 1878 Κυρίου.
1589 1852 1598 1867 ι
1613 1842 1715 1868 Οὐκοῦν
1733 1842 1813 1873 αὐτὸς
1825 1842 1840 1868 6
1857 1842 1914 1868 Κύ-

1128 1896 1184 1924 ριος
1194 1887 1242 1923 τὴν
1255 1888 1400 1923 ὑπόσχεσιν
1415 1887 1464 1923 τὴν
1476 1888 1557 1914 αὐτοῦ
1569 1888 1721 1924 πληρώσων
1737 1888 1852 1920 κάτεισι,
1866 1888 1913 1915 καὶ

1125 1933 1219 1969 ὥσπερ
1231 1935 1246 1960 6
1262 1934 1338 1968 λόγος
1363 1933 1440 1968 φησι.
1463 1928 1568 1969 πρόεισι
1586 1933 1639 1968 πρὸ
1657 1932 1801 1968 προσώπου
1813 1932 1911 1967 Μωσῆ.

1125 1979 1179 2006 Καὶ
1193 1979 1273 2011 αὐτὸς
1289 1979 1319 2015 δὴ
1335 1980 1348 2005 ὁ
1361 1979 1461 2014 Κύριος
1476 1978 1553 2005 καλεῖ
1563 1978 1649 2012 λέγων
1659 1986 1665 1992 ·
1683 1987 1691 2003 ι
1709 1977 1794 2012 Κύριε
1806 1978 1821 2003 6
1835 1977 1912 2009 Θεὸς,

1124 2025 1273 2060 οἰκτίρμων
1297 2025 1343 2051 καὶ
1361 2024 1492 2060 ἐλεήμων,
1523 2034 1532 2049 ι
1555 2024 1602 2050 καὶ
1624 2023 1659 2050 τὰ
1679 2023 1758 2058 ἑξῆς·
1785 2023 1878 2057 σαφῶς
1898 2023 1913 2048 6

1125 2071 1226 2106 Κύριος
1239 2071 1284 2097 τὸν
1304 2070 1466 2106 θεράποντα,
1481 2070 1576 2096 ἑαυτόν
1592 2078 1622 2096 τε
1639 2070 1712 2101 ὅστις
1726 2069 1780 2104 εἴη,
1799 2069 1847 2095 καὶ
1863 2068 1913 2103 τὴν

1124 2117 1170 2144 τοῦ
1186 2118 1337 2153 κρείττονος
1361 2117 1464 2152 Κυρίου
1490 2117 1590 2151 γνῶσιν
1613 2115 1807 2151 μυσταγωγῶν,
1827 2114 1913 2141 Τοῦτο

1123 2164 1152 2190 δέ
1174 2173 1214 2190 σοι
1236 2165 1417 2200 παραστήσει,
1434 2163 1508 2196 ἔνθα,
1534 2163 1750 2199 προσευχόμενος
1772 2161 1842 2197 ὑπὲρ
1863 2161 1912 2188 τοῦ

1123 2210 1197 2242 λαοῦ,
1227 2209 1281 2236 τῶν
1314 2210 1501 2245 προκειμένων
1527 2208 1573 2235 τοῦ
1608 2209 1712 2244 Κυρίου
1744 2207 1913 2243 μνημονεύει

284 2249 333 2277 tibi
351 2250 508 2285 planissime
525 2251 722 2279 demonstrabit
738 2253 794 2287 ipse
807 2252 922 2289 Moyses,
932 2254 977 2282 ubi
991 2263 1073 2283 orans

1127 2256 1232 2291 φωνῶν,
1245 2257 1291 2283 τὸν
1302 2256 1403 2292 Κύριον
1419 2256 1504 2282 ταῦτα
1518 2255 1667 2290 εἰρηκέναι,
1679 2254 1736 2280 ἀλλ’
1750 2255 1799 2280 οὐκ
1817 2254 1911 2286 αὑτὸν,

284 2302 334 2330 pro
349 2295 458 2329 populo,
478 2303 561 2329 supra
581 2296 719 2330 expositas
738 2297 843 2324 Domini
862 2306 943 2326 voces
953 2306 1073 2328 comme-

284 2345 390 2367 morat:
407 2340 462 2368 illic
477 2342 550 2368 enim
567 2341 712 2377 intelliges,
726 2341 870 2370 Dominum
883 2344 941 2372 haec
954 2345 1070 2379 dixisse,

284 2394 338 2413 non
350 2386 438 2421 ipsum
454 2387 585 2423 Moysem,
596 2396 657 2415 cum
673 2389 755 2417 dicit:
769 2400 778 2416 ι
789 2390 822 2417 Et
839 2399 912 2418 nunc
927 2393 1073 2420 extollatur

284 2440 382 2460 manus
395 2437 453 2464 tua,
464 2433 588 2466 Domine,
601 2436 827 2470 quemadmodum
840 2438 942 2471 dixisti,
959 2439 1071 2468 dicens:

283 2477 415 2506 Dominus
438 2480 616 2515 longanimis,
638 2486 665 2509 et
689 2483 781 2510 multm
814 2485 1019 2518 misericordia),
1045 2490 1072 2514 et

284 2532 376 2558 verax,
387 2526 683 2562 auferensiniquitates
696 2532 722 2555 et
738 2529 888 2563 injustitias
903 2534 930 2557 et
944 2535 1067 2565 peccata,

284 2575 311 2597 ct
337 2572 497 2606 purgatione
516 2581 571 2600 non
589 2575 715 2609 purgabit
735 2582 821 2609 reum,
834 2577 881 2610 qui
901 2577 991 2605 reddis
1007 2586 1070 2612 pec-

285 2619 346 2642 cata
359 2620 465 2650 patrum
484 2618 510 2644 in
526 2618 605 2650 filios,
627 2627 714 2654 usque
729 2619 756 2647 in
779 2622 885 2649 tertiam
903 2627 930 2649 et
943 2627 1070 2657 quartato

285 2662 497 2693 generationem.
511 2673 520 2689 ι
546 2663 667 2692 Observa
689 2669 780 2692 autem
804 2674 922 2701 quonam
943 2668 1024 2696 modo
1041 2669 1068 2696 in

285 2705 329 2732 his
343 2706 400 2740 ipse
416 2707 546 2736 Dominus
560 2710 603 2736 ubi
617 2710 724 2739 Patrem
737 2713 929 2747 longanimem,
940 2719 966 2741 et
978 2715 1069 2743 multae

287 2750 480 2780 misericordia:
496 2755 650 2788 appellavit,
666 2761 725 2784 tum
743 2757 876 2794 adjungit,
902 2760 989 2794 ipsum
1007 2769 1068 2789 esse

288 2803 421 2829 vcracem,
442 2799 514 2832 quod
536 2807 602 2828 sane
625 2810 687 2830 cum
710 2811 743 2831 eo
763 2806 923 2837 concordat,
946 2807 1019 2842 quod
1039 2808 1066 2835 in

336 2874 357 2889 ⁷⁷
372 2873 456 2901 Exod.
473 2883 567 2907 tum.
582 2878 673 2908 I7-I9.
721 2882 743 2897 "
762 2881 846 2910 Exod.
864 2891 960 2916 xxnv,
982 2884 1007 2914 I,
1026 2885 1085 2914 5-8.

1123 2304 1151 2329 ὲν
1165 2300 1206 2334 οἷς
1218 2311 1300 2338 φησι-
1321 2312 1330 2328 ι
1349 2303 1403 2329 Kal
1417 2302 1465 2328 νῦν
1478 2301 1610 2341 ὑψωθήτω
1626 2301 1643 2336 ἡ
1660 2299 1720 2335 χείρ
1737 2308 1796 2329 σου.
1812 2299 1912 2335 Κύριε.

1122 2348 1152 2375 6v
1172 2349 1272 2384 τρόπον
1295 2347 1374 2380 εἶπας
1399 2347 1502 2382 λέγων·
1533 2346 1634 2383 Κύριος
1667 2345 1842 2381 μακρόθυμος
1863 2345 1913 2371 καὶ

1122 2395 1275 2426 πολυέλεος,
1291 2395 1337 2421 καὶ
1351 2394 1486 2429 ἀληθινὸς,
1502 2393 1626 2429 ἀφαιρῶν
1656 2392 1770 2427 ἀνομίας
1787 2393 1833 2418 καὶ
1855 2392 1914 2418 ἀδι-

1121 2440 1193 2472 κὶας,
1212 2440 1258 2466 καὶ
1273 2439 1424 2474 ἁμαρτίας·
1442 2439 1488 2465 καὶ
1500 2437 1662 2473 καθαρισμῷ
1675 2438 1704 2463 οὐ
1722 2437 1850 2472 καθαριεῖ
1865 2436 1912 2463 τὸν

1121 2486 1222 2521 ἔνοχον,
1241 2485 1382 2517 ἀποδιδοὺς
1399 2485 1535 2520 ἁμαρτίας
1557 2484 1682 2519 πατέρων
1698 2483 1744 2510 ἐπὶ
1760 2483 1841 2509 τέκνα
1858 2483 1913 2514 ἕως

1124 2533 1170 2559 ἐπὶ
1184 2533 1278 2568 τρίτην
1292 2532 1339 2558 καὶ
1352 2531 1484 2566 τετάρτην
1497 2530 1601 2564 γενεάν.
1622 2539 1630 2555 ι
1654 2530 1790 2564 Ἐπιτὴρει
1807 2528 1835 2554 δὲ
1848 2528 1912 2554 τίνα

1122 2579 1222 2615 τρόπον
1243 2579 1272 2604 ὲν
1296 2577 1398 2609 τούτοις
1413 2577 1492 2609 αὐτὸς
1512 2577 1526 2602 ὁ
1545 2576 1657 2612 Κύριος,
1671 2575 1716 2601 τὸν
1731 2574 1840 2610 Πατέρα
1859 2583 1913 2608 μα-

1123 2624 1259 2659 κρόθυμον
1276 2623 1323 2650 καὶ
1338 2622 1480 2649 πολυέλεον
1497 2621 1626 2653 ἐπειπὼν,
1644 2620 1806 2656 προστίθησι
1822 2619 1912 2653 λέγων

1122 2670 1203 2696 αὑτὸν
1233 2670 1279 2696 καὶ
1311 2669 1456 2705 ἀληθινὸν,
1484 2667 1635 2704 συμφώνως
1669 2666 1717 2702 τῷ,
1745 2677 1754 2692 ‹
1775 2666 1833 2692 ’Ἰνα
1865 2674 1912 2699 γι-

1122 2715 1265 2750 γνώσκωσι
1300 2725 1329 2742 σε
1365 2716 1410 2742 τὸν
1448 2716 1526 2750 μόνον
1563 2713 1689 2749 ἀληθινὸν
1721 2712 1803 2744 Θεὸν,
1837 2720 1847 2736 ›
1881 2711 1911 2736 ἐν

1122 2763 1296 2797 Εὐαγγελίοις
1317 2763 1361 2797 ὑφ’
1376 2762 1434 2793 ἐνὸς
1455 2762 1502 2788 καὶ
1524 2759 1569 2786 τοῦ
1586 2758 1669 2786 αὑτοῦ
1687 2757 1814 2792 Σωτῆρος
1829 2755 1912 2791 ἡμῶν

1121 2810 1266 2845 εἰρημένῳ.
1287 2809 1375 2836 Μόνον
1396 2808 1461 2842 γοῦν
1486 2806 1610 2843 ἀληθινὸν
1626 2804 1692 2832 Θεὸν
1714 2803 1817 2839 σφόδρα
1831 2802 1910 2829 εὗσε-
