2084 3216
171 201 224 229 397
655 199 982 230 DEMONSTRATIONIS
999 200 1226 229 EVANGELICAE
1245 199 1308 228 LIB.
1330 200 1360 229 V.
1745 201 1794 227 S‘J‘i

172 261 225 292 εὼς
240 258 375 289 ἀποκαλεῖ
398 262 443 289 τὸν
463 261 581 297 Πατέρα,
601 261 631 288 τὸ
653 262 791 297 προσῆκον
814 261 951 298 ἀπονέμων

1013 263 1168 298 Evangeliis
1192 263 1296 290 dictum
1311 266 1355 290 est
1373 262 1407 289 ab
1430 266 1484 288 uno
1497 265 1523 289 et
1545 260 1640 288 eodem
1655 259 1794 287 Salvatore

173 306 255 338 σέϐας
269 308 303 343 τῇ
321 307 461 343 ἀγεννήτῳ
479 307 568 342 φύσει,
584 304 617 342 ἧς
632 307 712 333 αὐτὸν
729 307 820 334 εἰκόνα
830 305 899 333 εἶναι
913 307 951 334 κα

1013 311 1124 335 nostro:
1138 317 1147 333 ί
1161 308 1195 335 Ut
1209 313 1378 343 cognoscam
1391 311 1418 334 te
1438 307 1526 334 solum
1538 314 1630 333 rerum
1643 306 1726 333 Deum
1737 306 1770 332 τ’.
1784 315 1794 331 ι

172 353 296 388 γέννημα
308 354 333 379 οἰ
346 352 410 379 θεῖοι
423 352 496 388 λόγοι
512 352 694 380 παιδεύουσιν.

1015 353 1107 381 Solum
1132 354 1214 389 igitur
1239 361 1333 382 verum
1362 353 1444 381 Deum
1463 353 1607 380 admodum
1626 352 1668 387 pie
1687 359 1718 379 ac
1734 351 1794 378 reli-

170 397 246 433 giose
261 396 369 425 Patrem
387 402 477 430 vocat,
492 402 522 424 ut
537 399 576 425 sic
595 403 698 424 naturae
714 399 841 433 ingenitae
862 398 1069 426 convenientem
1097 399 1229 427 honorem
1254 403 1281 427 et
1296 400 1398 426 cultum
1408 399 1550 431 attribuat,
1583 398 1663 434 cujus
1692 402 1796 425 natura,

169 448 196 470 et
210 443 300 479 ipsum
318 443 464 480 imaginem
481 451 542 471 esse
555 447 582 471 et
606 444 727 471 sobolem
747 443 837 470 divina
856 444 955 471 docent
973 442 1093 472 oracula.

429 499 626 526 ΚΕΦΑΛΑΙΟΝ
647 499 700 526 IH'.

174 545 246 572 Ἀπὸ
261 544 320 571 τῶν
343 544 493 579 Ἀριθμῶν.
505 561 540 565 -
556 545 603 578 Ὡς
618 545 671 572 τὸν
687 545 760 572 Θεὸν
779 544 818 577 τῷ
841 545 959 579 Ἰσραὴλ

205 580 316 614 ὁρατὸν
333 577 408 606 εἶναι
419 577 444 614 ’ἡ
460 581 524 607 θεία
537 577 673 607 ὄιδάσκει
689 579 805 615 Γραφὶι,
817 579 870 606 τὸν
878 577 960 606 Θεὸν

204 616 302 650 Λόγον
316 616 514 649 αἰνιττομένη,

209 671 253 697 Ἐν
273 672 328 703 τοῖς
359 671 497 708 Ἀριθμοῖς
523 671 538 697 6
559 671 660 706 Μωσῆς
690 670 834 706 εὐχόμενός
859 678 956 705 φησιν·

1292 498 1406 528 CAPUT
1425 497 1520 526 XVIII.

1011 546 1033 573 A
1051 544 1186 573 Numeris.
1201 562 1236 566 —
1249 546 1326 579 Quod
1342 545 1424 572 Deum
1439 547 1487 580 ipsi
1504 545 1590 572 Israel
1604 544 1730 572 visibilem
1741 551 1793 573 esst

1047 582 1137 608 diuina
1160 581 1233 608 docet
1245 581 1394 615 Scriptura,
1419 589 1476 616 qua:
1501 582 1586 616 ipsimi
1608 580 1658 607 Dei
1683 581 1794 608 Verbum

1047 617 1190 651 signiﬁcat.

1044 672 1073 699 In
1100 672 1226 700 Numeris
1249 672 1338 702 Moses
1369 681 1451 702 orans
1471 674 1522 700 ait:
1547 673 1701 706 «Quoniam
1718 677 1747 700 tu
1764 681 1795 702 es
1826 704 1833 713 Ι

170 718 249 744 ι”Οτι
262 718 294 744 σὺ
303 716 329 743 εἴ
342 718 443 753 Κύριος
455 718 483 744 ἐν
496 717 534 752 τῷ
548 717 604 752 λαῴ
614 717 710 752 τούτῳ,
722 718 795 748 ὅστις
808 715 951 751 ὀφθαλμοῖς

1009 717 1141 745 Dominus
1160 719 1186 745 in
1204 719 1303 753 populo
1319 720 1370 746 hoc
1391 720 1437 754 qui
1455 719 1543 746 oculis
1563 719 1595 746 ad
1608 720 1703 746 oculos
1718 719 1795 747 vidc-

166 765 227 790 κατ’
248 763 403 798 ὀφθαλμοὺς
419 764 522 799 ὀπτάνῃ
544 764 586 796 σὺ,
604 762 689 799 Κύριε
702 771 709 778 ⁸
728 772 736 788 ι
756 762 814 789 ἀνθ’
828 759 858 788 οὗ
875 763 889 788 6
907 763 951 798 μὲν

1009 764 1047 791 ris
1065 768 1104 796 tn,
1124 763 1236 791 Domine
1250 763 1288 791 ⁸ος
1308 774 1317 790 ›
1331 772 1380 799 pro
1393 772 1447 799 quo
1463 773 1529 792 sane
1543 764 1640 799 Aquila
1658 765 1794 792 reddidit:

172 811 288 842 Ἀκύλας
309 811 456 844 ἐξέδωκεν·
474 820 482 836 ι
501 812 561 837 Ὂτι
588 811 620 837 σὺ
635 806 669 842 εἴ,
688 810 783 845 Κύριε,
802 810 830 835 ὲν
845 809 951 844 ὲγκάτιι

1012 817 1022 834 ι
1036 808 1171 841 Quoniam
1188 813 1216 836 tu
1231 817 1273 841 es,
1290 809 1413 843 Domine,
1426 810 1453 837 in
1468 810 1619 838 visceribus
1636 811 1727 845 populi
1742 811 1796 837 hu-‘

165 856 214 884 τοῦ
229 856 294 883 λαοῦ
315 856 418 888 τούτου,
435 855 464 888 ὃς
479 855 616 892 ὀφθαλμὸν
632 858 661 884 ἐν
675 855 822 891 ὀφθαλμοῖς
839 855 889 890 ὁρᾷ
909 855 951 886 σὺ,

1005 855 1063 890 jus,
1087 855 1133 890 qui
1159 856 1269 882 oculum
1293 855 1320 882 in
1345 857 1432 883 oculis
1459 856 1560 884 videris
1585 862 1623 889 tu,
1645 857 1766 883 Domine.
1782 864 1792 882 ι

165 900 254 937 Κύριε
265 911 271 916 ·
297 911 305 927 ι
320 902 334 928 ὁ
348 902 376 928 δὲ
390 900 550 937 Σύμμαχος·
567 911 575 927 t
591 902 652 928 Ὅτι
669 902 701 928 σὺ
716 898 750 933 εἷ,
764 899 858 936 Κύριε.
874 909 884 926 ›
900 899 951 926 Καὶ

1007 901 1088 937 245
1102 901 1284 936 Symmachus
1296 907 1386 929 autem
1405 911 1413 929 τ
1434 911 1443 927 ι
1460 901 1594 935 Quoniam
1624 908 1652 929 tu
1675 910 1717 934 cs,
1741 902 1794 929 Ι)οά

164 948 195 974 ὲν
215 947 310 983 Ἐξόδῳ
323 948 438 984 εἴρηταιο
454 957 462 974 ι
477 944 532 974 Καὶ
546 947 628 983 ἀνέὸη
658 947 771 983 Μωσῆς,
783 947 829 974 καὶ
841 945 951 982 Ἀαρὼν.

1009 949 1092 975 mine.
1108 957 1117 973 ι
1135 947 1168 973 Ει
1190 947 1218 974 in
1234 947 1326 974 Exodo
1341 947 1443 975 dictum
1459 953 1497 975 est
1513 959 1541 975 ε(
1554 948 1585 974 Et
1602 949 1725 976 ascendit
1738 949 1796 975 Mo-

165 993 214 1018 καὶ
246 993 358 1025 Ναδὰὸ,
387 994 433 1019 καὶ
461 993 580 1025 Ἀϐιοὺδ,
607 993 653 1020 καὶ
683 993 868 1028 ἐϐδομήκοντα
900 991 955 1019 τῶν

164 1039 359 1074 πρεσῧυτέρων
379 1038 426 1065 τοῦ
449 1039 572 1074 Ἰσραὴλ,
587 1039 634 1065 καὶ
650 1036 718 1065 εἶδον
734 1038 779 1065 τὸν
790 1039 871 1065 τόπον
888 1038 954 1065 ὅπου

163 1085 280 1119 ἕστηκεν
304 1085 318 1111 6
338 1085 404 1116 Θεὸς
429 1085 553 1120 Ἰσραήλ”
573 1095 582 1110 ι
601 1085 658 1111 ἀνθ’
674 1082 705 1111 οὗ
725 1086 739 1111 6
761 1085 810 1120 μὲν
829 1085 956 1117 Ἀκύλας·

166 1140 177 1156 «
193 1131 249 1158 Καὶ
275 1129 343 1157 εἶδον
354 1151 361 1161 ,
384 1131 461 1166 φησὶ,
485 1131 530 1157 τὸν
555 1131 620 1158 Θεὸν
641 1131 764 1167 Ἰσραήλ*
781 1140 790 1156 ι
808 1133 822 1157 6
836 1131 864 1157 δὲ
881 1131 954 1167 Σύμ-

165 1185 253 1212 μαχος
266 1185 273 1191 ·
289 1186 298 1202 ι
318 1177 371 1203 Καὶ
383 1174 452 1202 εἶδον
461 1177 580 1211 ὁράματι
594 1176 640 1202 τὸν
656 1177 721 1203 Θεὸν
742 1177 859 1213 Ἰσραήλ.
876 1187 885 1202 ι
905 1177 954 1204 Διὰ

161 1221 204 1253 τὸ,
222 1231 231 1246 ‹
241 1221 306 1248 Θεὸν
322 1221 408 1253 οὐδεὶς
422 1221 526 1257 ἑώρακε
542 1221 650 1248 πώποτε
661 1242 668 1254 ,
691 1232 700 1248 ι
717 1222 775 1258 τάχ’
788 1222 819 1249 ἄν
829 1231 870 1254 τις
880 1223 955 1248 ἐνανι

161 1267 224 1293 τίαν
239 1265 354 1302 εἶναιτῷ
371 1267 536 1303 σωτηριώδει
555 1268 634 1303 Λόγῳ
652 1268 701 1304 τὴν
724 1268 865 1304 παροῦσαν
888 1269 955 1295 ὑπο-

163 1310 242 1340 λάϐοι
257 1313 344 1346 λέξιν,
361 1313 398 1345 ὡς
416 1314 512 1349 ὁρατὸν
530 1312 725 1349 ὑποτιθεμένην
742 1315 788 1340 τὸν
807 1315 856 1350 τὴν
874 1314 954 1349 φύσιν

164 1361 290 1396 ἀόρατον.
313 1359 381 1386 Ἀλλ’
398 1360 422 1385 εἰ
442 1360 488 1386 καὶ
499 1359 585 1386 ταῦτα
601 1357 646 1386 ἐπὶ
660 1359 704 1386 τὸν
715 1360 799 1393 Λόγον
811 1360 855 1386 τοῦ
868 1359 936 1386 Θεοῦ
945 1380 952 1392 ,

161 1405 208 1431 τὸν
227 1404 386 1440 πολυμερῶς
398 1404 444 1431 καὶ
459 1404 635 1441 πολυτρόπως
649 1404 765 1439 ὀφθέντα
778 1406 834 1436 τοῖς
849 1404 954 1440 πυράς

163 1459 206 1477 σιν
231 1450 372 1482 ἐκλάὸοις,
402 1451 501 1486 ὁμοίως
525 1451 580 1482 τοῖς
605 1450 855 1486 προαποδειχϐεῖσιν
877 1452 952 1486 ἡμῖν,

161 1497 253 1524 οὐκέτ’
273 1498 305 1524 ἂν
315 1497 397 1530 δόξειε
410 1498 466 1529 τοῖς
475 1498 607 1528 ἐναντίοις
622 1497 804 1535 περιπίπτειν.
818 1497 883 1524 Θεὸν
905 1498 955 1524 Ὶσ-

163 1544 237 1581 ραὴλ
252 1543 355 1570 ἐνταῦθ’
372 1543 508 1579 ὁρώμενον
525 1543 604 1570 αὑτὸν
616 1544 718 1569 ἐκεῖνον
732 1541 800 1570 εἶναι
817 1543 953 1575 διδάσκει,

161 1590 191 1617 ὃν
210 1591 258 1617 καὶ
278 1590 317 1625 τῷ
339 1589 447 1626 Ἰσραὴλ
465 1588 590 1624 ὀφθέντα,
610 1589 654 1615 ὅτε
665 1589 791 1615 ὲπάλαιεν
811 1588 954 1624 ἅνθρωπος

1007 1001 1051 1021 ses
1065 997 1092 1020 et
1111 993 1213 1024 Aaron,
1232 998 1259 1020 et
1274 993 1379 1027 Nadab,
1401 998 1427 1020 et
1447 994 1545 1025 Abiud,
1573 998 1600 1021 et
1619 995 1795 1030 septuaginta

1006 1048 1038 1068 ex
1055 1040 1208 1068 senioribus
1225 1039 1319 1071 Israel,
1342 1044 1368 1066 et
1387 1039 1516 1067 viderunt
1532 1040 1620 1066 locum
1648 1041 1694 1067 ubi
1711 1045 1794 1068 stete-

1006 1091 1048 1114 rat
1061 1086 1132 1114 Deus
1148 1085 1274 1116 Israel“:
1289 1095 1299 1111 ι
1311 1092 1360 1120 pro
1369 1093 1424 1119 quo
1432 1085 1529 1120 Aquila
1546 1095 1552 1112 :
1575 1095 1584 1110 ι
1604 1085 1637 1113 Ει
1653 1087 1791 1118 viderunt,

1006 1132 1106 1168 inquit,
1122 1131 1206 1159 Deum
1224 1130 1326 1164 Israel;
1341 1141 1350 1157 ι
1366 1130 1547 1166 Symmachus
1561 1137 1651 1159 autem
1663 1142 1669 1159 :
1683 1141 1692 1157 ι
1709 1132 1742 1159 Et
1751 1133 1792 1159 vis

1005 1179 1105 1206 derunt
1119 1179 1224 1206 visione
1238 1178 1322 1205 Deum
1338 1176 1432 1205 Israel.
1449 1188 1458 1204 ι
1476 1178 1621 1210 Caeterum,
1635 1185 1746 1214 propter
1759 1180 1777 1206 il
1792 1195 1794 1198 -

1006 1225 1052 1252 Iud
1065 1234 1071 1252 :
1085 1233 1094 1250 ‹
1110 1223 1195 1251 Deum
1206 1231 1286 1250 nemo
1301 1223 1368 1250 vidit
1380 1231 1500 1257 unquam
1512 1223 1545 1255 δ’,
1560 1233 1568 1249 ι
1584 1223 1701 1251 fortasse
1713 1224 1794 1251 verba

1006 1277 1066 1304 qua:
1079 1269 1132 1296 hoc
1146 1269 1206 1295 loco
1222 1269 1310 1303 posita
1327 1272 1401 1300 sunt,
1419 1269 1532 1295 salutari
1548 1267 1637 1295 Verbo
1655 1269 1794 1295 contraria

1005 1322 1066 1342 esse
1090 1314 1226 1349 quispiam
1249 1314 1424 1348 suspicetur:
1443 1318 1546 1348 utpote,
1572 1321 1634 1340 cum
1659 1314 1794 1341 visibilem

1006 1360 1082 1388 illum
1101 1359 1213 1392 faciant,
1228 1360 1274 1394 qui
1287 1364 1385 1386 natura
1400 1360 1547 1387 invisibilis
1563 1364 1614 1387 est.
1632 1359 1685 1387 Sed
1699 1361 1721 1388 si
1737 1360 1794 1387 haec

1005 1406 1039 1434 de
1053 1406 1142 1434 Verbo
1159 1406 1205 1434 Dei
1222 1406 1372 1440 acceperis,
1389 1406 1436 1440 qui
1452 1407 1629 1433 multifariam
1645 1406 1793 1440 multisque

1005 1451 1093 1478 modis
1113 1459 1127 1478 a
1150 1451 1274 1486 patribus
1297 1457 1338 1478 est
1352 1451 1438 1484 visus,
1462 1451 1535 1478 sicut
1556 1459 1607 1479 nos
1631 1452 1659 1478 in
1687 1451 1721 1479 iis
1733 1459 1795 1486 quae

1006 1503 1088 1531 supra
1107 1500 1218 1523 ostensa
1232 1500 1297 1523 sunt
1311 1497 1478 1530 accepimus.
1504 1497 1663 1531 neutiquam
1682 1497 1709 1524 in
1724 1505 1793 1524 con-

1005 1543 1089 1569 traria
1111 1543 1246 1570 videberis
1266 1542 1315 1569 tibi
1342 1539 1474 1570 t’ecidere.
1499 1542 1551 1575 Qui
1568 1544 1640 1570 enim
1656 1543 1700 1570 hic
1721 1543 1793 1572 Deus

1005 1587 1089 1615 Israel
1106 1589 1238 1620 cernitur,
1257 1588 1345 1623 ipsum
1363 1588 1439 1615 illum
1457 1596 1518 1616 esse
1529 1590 1638 1622 docent,
1656 1591 1703 1625 qui
1717 1595 1744 1618 et
1759 1591 1793 1618 ab

164 1636 224 1671 μετ’
235 1635 317 1662 αὑτοῦ
330 1655 338 1667 ,
355 1635 384 1666 ὃς
403 1635 450 1661 καὶ¹
466 1634 573 1670 πρῶτος
592 1633 674 1661 αὑτοῦ
694 1634 742 1669 τὴν
760 1634 951 1671 προσωνυμίαν

1006 1633 1091 1661 Israel
1111 1634 1188 1661 visus
1212 1622 1272 1666 est,
1289 1633 1398 1668 quando
1420 1633 1501 1660 homo
1523 1633 1642 1662 luctatus
1664 1622 1708 1662 est
1729 1642 1792 1662 cum

162 1683 196 1709 ἑκ
211 1681 258 1708 τοῦ
279 1680 373 1707 Ἰακὼϐ
388 1680 433 1706 ἐπὶ
443 1679 487 1706 τὸν
503 1679 610 1715 Ἰσραὴλ
627 1680 837 1716 μεταϐέϐληκεν,
850 1679 951 1711 εἰπὼν,

165 1736 176 1753 ς
192 1727 253 1753 Ὅτι
275 1726 417 1761 ὲνίσχυσας
439 1725 507 1761 μετὰ
528 1725 614 1758 Θεοῦ,
643 1735 652 1751 ι
675 1726 718 1752 ὅτε
739 1727 784 1752 καὶ
804 1726 854 1761 τῆς
878 1725 952 1758 θείας

162 1772 247 1800 αὐτοῦ
265 1772 405 1807 δυνάμεως
428 1771 552 1807 αἴσθησιν
567 1771 656 1798 λαὸὼν
676 1772 690 1797 6
711 1771 818 1803 Ἰακὼϐ,
839 1771 951 1799 ἐκάλεσε

161 1817 208 1844 τὸν
231 1817 312 1844 τόπον
332 1818 434 1843 ἐκεῖνον
450 1815 526 1848 Εἶδος
548 1816 633 1849 Θεοῦ,
655 1816 739 1843 εἰπὼν
751 1835 759 1848 ,
777 1827 786 1842 ‹
807 1815 882 1843 Εἶδον
897 1817 951 1852 γὰρ

162 1863 229 1890 Θεὸν
252 1863 396 1899 πρόσωπον
418 1861 486 1898 πρὸς
506 1862 667 1898 πρόσωπον,
688 1863 733 1889 καὶ
750 1862 837 1898 ἐσώθη
863 1871 914 1898 μου
932 1864 948 1898 ὴ

162 1906 237 1942 ψυχὴ
247 1926 254 1938 ,
273 1915 283 1931 ι
295 1906 343 1940 οὐχ
363 1905 455 1942 ἕτερον
473 1906 606 1942 ὑπάρχειν
621 1906 668 1932 τοῦ
683 1906 750 1933 Θεοῦ
766 1907 864 1941 Λόγου,
882 1907 951 1934 κατὰ

161 1951 208 1978 τὸν
223 1952 321 1978 οξκεῖον
338 1951 430 1986 καιρὸν
445 1951 668 1986 παρεστήσαμεν.

422 2052 618 2080 ΚΕΦΑΔΑΙΟΝ
639 2052 689 2080 19.

173 2108 239 2137 Δπό
253 2109 306 2136 τοῦ
320 2109 416 2143 Ἰησοῦ
431 2109 485 2136 τοῦ
495 2108 590 2143 Ναυῆ.
601 2124 634 2128 -
645 2109 691 2142 Ὠς
707 2111 723 2136 o’
735 2110 808 2142 Θεὸς
819 2110 923 2144 Λόγος,
933 2112 948 2136 ὁ

194 2144 236 2176 τῷ
245 2144 348 2172 Μωσεῐ
368 2144 560 2178 χρηματίζων,
576 2145 682 2178 ὁμοίως
696 2144 757 2177 τοῖς
772 2144 865 2171 πάλαι
879 2153 949 2178 προ-

192 2179 357 2213 πάτορσιν,
383 2179 465 2213 ὤφθη
490 2180 537 2206 καὶ
559 2179 656 2213 Ἰησοῦ
674 2179 715 2212 τῷ
728 2179 857 2213 Μωσέως
886 2180 948 2206 διαρ-

193 2214 275 2248 δόχῳ
289 2215 324 2241 ὲν
338 2214 494 2248 ἀνθρώπου
508 2213 639 2249 σχήματι

199 2279 208 2295 ε
222 2271 278 2297 Kal.
294 2269 420 2305 ἐγενήθη,
434 2270 471 2301 ὡς
485 2267 519 2305 ἦν
533 2269 636 2304 Ἰησοῦς
651 2270 680 2296 ὲν
699 2269 867 2306 ’1εριχὼ,καὶ
884 2271 947 2297 ἀνα-
965 2292 987 2320 D

157 2316 260 2351 ϐλέψας
273 2317 324 2352 ὁρᾷ
336 2316 477 2351 ἄνθρωπον
487 2316 620 2352 ἑστηκότα
637 2316 780 2343 κατέναντι
795 2316 888 2348 αὐτοῦ,
902 2317 948 2344 κα).

157 2364 175 2398 ἠ
194 2363 316 2398 ῥομφαία
331 2363 488 2398 ἐσπασμένη
507 2363 534 2389 ἐν
549 2364 581 2398 τῇ
597 2363 669 2398 χειρὶ
685 2362 778 2390 αὑτοῦ.
791 2363 845 2389 Καὶ
862 2371 948 2396 προσ-

156 2409 244 2435 ελθὼν
255 2409 269 2434 6
284 2408 385 2444 Ἰησοῦς
399 2403 473 2434 εἶπεν
484 2417 490 2423 ·
517 2408 664 2444 Ἦμέτερος
676 2407 711 2440 εἶ,
767 2408 819 2435 τῶν
833 2409 948 2435 ὑπεναν-

156 2455 240 2486 τίων;
258 2455 313 2481 Kal.
331 2451 407 2481 εἶπεν
431 2453 505 2489 αὐτῷ
517 2463 524 2469 ·
547 2453 618 2488 Ἐγὼ
635 2455 853 2490 ἀρχιστράτηγος
869 2454 947 2481 δυνά-

157 2510 232 2536 μεως
249 2500 351 2536 Κυρίου
369 2500 554 2536 παραγέγονα⁶
584 2501 631 2527 καὶ
649 2500 753 2536 Ἰησοῦς
783 2500 880 2526 ἔπεσεν
900 2499 946 2526 ἐπὶ

157 2546 305 2582 πρόσωπον
319 2547 366 2572 ἐπὶ
379 2546 429 2581 τὴν
443 2547 504 2582 γῆν,
521 2547 567 2573 καὶ
592 2544 667 2572 εἶπεν
694 2544 768 2581 αὺτῷ
778 2554 784 2561 ’
813 2543 945 2578 Δέσποτα,

155 2592 182 2618 τί
204 2592 385 2627 προστάσσεις
407 2591 446 2627 τῷ
468 2591 507 2627 σῷ
533 2591 644 2627 οὶκέτῃ;
671 2593 724 2618 Kal.
745 2592 819 2626 λέγει
833 2592 847 2617 6
867 2592 946 2626 ἁρχι-

156 2638 310 2673 στράτηγος
324 2637 441 2673 Κυρίου”
461 2646 470 2662 ι
497 2636 582 2672 Ἰησοῦ
593 2658 600 2670 ,
613 2636 691 2664 λῦσαι
709 2637 738 2664 τὸ
753 2637 878 2672 ὑπόδημα
892 2637 946 2663 τῶν

155 2683 244 2710 ποδῶν
262 2691 326 2709 σουσ
343 2683 357 2709 6
372 2682 426 2718 γὰρ
441 2683 523 2715 τόπος
536 2683 577 2718 ἐφ’
594 2680 617 2717 ᾧ
634 2684 665 2709 σὺ
682 2683 811 2718 ἕστηκας,
828 2682 863 2718 γῆ
879 2682 944 2716 ἁγία

154 2729 239 2755 ἐστίν.
252 2728 343 2755 mena
355 2728 387 2764 δὴ
399 2728 485 2755 ταῦτα
499 2729 545 2756 καὶ
557 2724 818 2764 Μωῧσεῖἁρχομένῳ
825 2728 873 2762 τῆς
880 2727 947 2753 Θεω-

155 2774 216 2809 pia;
230 2775 276 2800 ἐπὶ
291 2774 340 2809 τῆς
358 2773 437 2808 βάτου
451 2774 518 2810 πρὸς
528 2773 575 2800 τοῦ
590 2774 693 2809 Κυρίου
706 2773 808 2809 εἴρητο,
819 2772 856 2804 ὡς
870 2772 944 2808 δηλοῖ

153 2821 168 2854 ἠ
186 2820 283 2855 Γραφή
294 2828 300 2834 ι
322 2829 331 2844 ι
356 2820 399 2851 Ὠς
412 2820 440 2846 δὲ
454 2817 507 2847 εἶδε
524 2819 642 2855 Κύριος,
658 2820 699 2846 ὄτι
716 2819 848 2855 προσάγει
868 2816 942 2850 ἰδεῖν,

181 2898 207 2913 τ’
221 2897 302 2924 Joan.
322 2905 387 2927 xvn.
404 2898 430 2925 5.

150 2933 193 2960 50.
235 2934 258 2948 ⁸⁸
270 2934 329 2960 .‘os.
349 2941 373 2964 ν.
390 2933 482 2961 ίὸιίϐ.

1005 1680 1066 1715 ipso
1084 1688 1090 1706 :
1107 1680 1256 1715 quinetiam
1274 1680 1379 1714 primus
1400 1679 1474 1707 illius
1497 1688 1596 1707 nomen
1612 1681 1739 1712 mutavit,
1758 1689 1790 1708 cx

1004 1725 1088 1754 Iacob
1104 1726 1131 1753 in
1147 1726 1241 1758 Israel,
1257 1726 1351 1753 dicens
1365 1735 1370 1753 :
1390 1735 1398 1751 ι
1415 1726 1549 1758 Quoniam
1567 1727 1706 1754 invaluisti
1729 1735 1791 1754 cum

1004 1773 1060 1801 Deo
1072 1773 1105 1804 ⁵³,
1120 1783 1129 1798 ›
1144 1780 1198 1808 quo
1215 1777 1336 1807 tempore
1351 1773 1471 1800 divinam
1489 1773 1562 1800 illius
1578 1774 1707 1800 virtutem
1725 1781 1792 1800 sen-

1004 1819 1076 1847 tiens
1096 1819 1191 1851 Jacob,
1221 1819 1329 1846 vocavit
1358 1819 1449 1846 locum
1474 1819 1560 1853 illum,
1582 1820 1706 1856 Speciem
1731 1820 1790 1852 Dei,

1003 1872 1066 1891 eum
1083 1863 1152 1891 dixit
1165 1874 1171 1891 :
1185 1874 1193 1890 ι
1209 1863 1272 1891 Vidi
1291 1863 1363 1891 enim
1388 1863 1473 1891 Deum
1491 1864 1558 1892 facie
1579 1865 1612 1892 ad
1633 1864 1741 1898 faciem,
1763 1869 1791 1892 et

1003 1914 1110 1938 servata
1127 1913 1169 1937 est
1187 1911 1277 1937 anima
1294 1917 1354 1937 mea
1363 1910 1408 1936 ’δε
1424 1920 1433 1936 ι
1453 1918 1533 1945 quem
1549 1918 1616 1939 sane
1632 1910 1716 1938 Deum
1730 1919 1787 1939 non

1003 1957 1086 1983 alium
1110 1963 1172 1984 esse
1196 1964 1279 1992 quam
1298 1956 1344 1984 Del
1374 1956 1506 1988 Verbum.
1529 1964 1580 1984 suo
1596 1962 1717 1993 tempore
1741 1958 1790 1986 de“

1002 2003 1226 2031 monstravimus.

1291 2059 1406 2087 CAPUT
1426 2057 1498 2087 XIX.

1001 2107 1021 2133 Α
1035 2105 1101 2133 Iesu
1116 2106 1201 2134 Nave.
1214 2121 1248 2126 ——
1261 2106 1337 2139 Quod
1362 2106 1409 2133 Dei
1429 2101 1552 2138 Verbum,
1574 2105 1642 2139 quod
1653 2104 1722 2132 Mosi
1738 2108 1790 2133 non

1034 2150 1107 2169 secus
1138 2143 1360 2177 atqueipntiquis
1391 2142 1509 2176 patribus
1539 2141 1620 2177 debat
1646 2148 1787 2176 responsa,

1033 2178 1114 2218 etiam
1136 2177 1201 2204 Jesu
1220 2176 1304 2204 Musis
1327 2177 1473 2204 successori
1499 2177 1526 2203 in
1549 2176 1661 2203 hominis
1685 2177 1787 2211 forma,

1035 2221 1106 2239 usus
1121 2217 1170 2239 est.

1039 2278 1048 2294 ι
1063 2268 1095 2296 Et
1112 2268 1214 2296 factum
1232 2272 1283 2301 est,
1305 2267 1351 2295 ubi
1371 2267 1423 2294 fuit
1439 2266 1518 2295 Jesus
1529 2267 1556 2294 in
1568 2265 1687 2298 Iericho,
1699 2270 1726 2294 et
1743 2274 1788 2294 rc-

1002 2315 1120 2350 spiciens
1134 2315 1207 2342 videt
1225 2314 1361 2342 hominem
1384 2317 1501 2342 stantem
1522 2320 1614 2340 coram
1631 2321 1670 2345 se,
1688 2316 1715 2340 et.
1731 2313 1788 2347 glas

999 2361 1062 2389 dius
1077 2361 1174 2395 vagina
1192 2365 1290 2388 exutus
1305 2361 1333 2388 in
1350 2363 1434 2388 manu
1456 2360 1526 2395 ejus,
1544 2363 1572 2387 et
1597 2358 1729 2386 accedens
1742 2358 1788 2386 1c-

999 2415 1047 2435 sus
1058 2406 1126 2434 dixit
1136 2416 1142 2434 :
1152 2406 1251 2434 Noster
1261 2415 1301 2439 es,
1315 2414 1350 2433 an
1365 2405 1604 2433 adversariorum?
1616 2405 1648 2431 Et
1660 2405 1729 2431 dixit
1740 2405 1765 2432 ei
1778 2413 1785 2432 τ

1000 2451 1056 2487 Ego
1071 2452 1199 2488 princeps
1217 2453 1413 2486 imperatorum
1426 2450 1563 2478 exercitus
1579 2450 1697 2483 Domini,
1711 2457 1786 2477 nunc

998 2498 1071 2524 veni.
1084 2496 1117 2523 Et
1129 2496 1209 2524 Jcsus
1228 2496 1326 2524 cecidit
1345 2496 1414 2523 facie
1430 2495 1458 2522 in
1474 2500 1587 2527 terram,
1610 2499 1636 2521 et
1652 2494 1722 2521 dixit
1734 2494 1758 2522 ei
1777 2503 1785 2521 :

999 2542 1129 2575 Domine,
1153 2542 1235 2578 246
1249 2542 1314 2577 quid
1341 2542 1460 2577 imperas
1488 2547 1567 2568 servo
1595 2540 1663 2567 tuo?
1690 2539 1723 2566 Et
1750 2540 1787 2567 ait

998 2589 1126 2624 princeps
1143 2589 1338 2622 imperatorum
1351 2586 1459 2613 Domini
1477 2585 1571 2618 :Jcsu,
1589 2586 1664 2613 solve
1679 2586 1786 2613 calceaa

999 2637 1120 2661 mentum
1139 2632 1238 2666 pedum
1262 2636 1382 2664 tuorum,
1406 2631 1483 2658 locus
1500 2630 1572 2658 enim
1591 2630 1619 2656 in
1639 2637 1694 2665 quo
1716 2635 1784 2662 stas,

998 2685 1070 2707 terra
1085 2683 1180 2707 sancta
1194 2683 1236 2706 est
1245 2678 1280 2706 “.
1295 2677 1414 2704 iEadcm
1439 2684 1506 2704 sane
1526 2676 1584 2703 haec
1598 2675 1663 2703 Mosi
1677 2683 1786 2711 quoque

999 2725 1076 2752 initio
1090 2724 1205 2752 visionis
1222 2724 1250 2751 in
1265 2723 1343 2755 rubo,
1363 2723 1397 2750 ab
1410 2723 1469 2758 ipso
1482 2721 1597 2749 Domino
1620 2722 1693 2749 dicta
1709 2727 1784 2755 sunt,

999 2772 1070 2798 sicut
1090 2770 1231 2806 Scriptura
1254 2770 1375 2797 indicat:
1394 2769 1451 2796 «Ut
1464 2776 1530 2796 vero
1549 2769 1618 2796 vidit
1643 2768 1783 2799 Dominus,

997 2817 1071 2853 quod
1089 2816 1232 2845 accederet
1253 2815 1287 2843 ad
1303 2814 1462 2848 videndum,
1479 2815 1587 2842 vocavit
1609 2822 1670 2842 eum
1692 2814 1783 2842 Domi—

481 2899 504 2914 "
520 2897 599 2926 Num.
616 2905 671 2931 xxv,
690 2897 732 2925 Η.
772 2897 793 2913 ⁸¹
808 2896 895 2925 Exod.
913 2903 951 2923 xm

1004 2894 1087 2928 9,10.
1124 2894 1147 2911 ³¹
1158 2893 1236 2922 Joan.
1256 2902 1275 2927 ι,
1296 2894 1337 2921 18.
1376 2893 1398 2909 ⁸⁸
1414 2893 1481 2922 Gen.
1496 2901 1583 2927 xxx”,
1598 2893 1642 2921 98.
1681 2892 1704 2909 "
1717 2891 1785 2921 ibid:
