2084 3216
303 186 354 213 59.)

635 183 770 212 EUSEBII
785 185 1023 214 CAESARlENSIS
1043 189 1117 216 OPP.
1139 188 1229 215 PARS
1246 188 1278 217 ll.
1298 205 1332 210 ~—
1348 188 1594 217 APOLOGETICA.

1880 190 1927 216 100

303 251 356 271 nus
372 243 405 271 de
419 243 508 271 medio
522 241 594 271 rubi.
612 241 726 270 dicens:
745 242 843 276 Moses,
860 243 960 277 Moses,
979 254 1013 273 ne
1024 254 1080 281 pro«

1139 247 1265 274 ἐκάλεσεν
1278 248 1356 274 αὑτὸν
1370 248 1384 273 6
1399 247 1500 282 Κύριος
1513 248 1544 273 ἐκ
1558 247 1640 282 μέσου
1656 246 1705 280 τῆς
1725 246 1804 281 βάτου
1824 246 1927 280 λέγων·

302 291 363 325 pius
383 291 534 318 accesseris
564 290 619 318 huc
633 299 640 318 :
654 290 730 318 solve
753 291 966 319 calceamentqu
989 293 1087 327 pedum

301 342 432 371 tuorum,
467 338 544 364 locus
585 336 658 364 enim
700 337 726 364 in
763 345 817 372 quo
849 341 877 364 tu
909 341 987 369 stas.
1017 343 1089 366 terra

301 388 396 411 sancta
421 389 463 411 est
473 384 506 411 ".
525 393 535 410 ι
556 383 632 411 Unus
651 391 716 418 ergo
742 390 823 418 atque
839 383 909 411 idem
935 384 984 410 I‘uit
1007 384 1087 417 Deus,

301 429 347 463 qui
372 428 506 456 ambobus
531 428 690 463 respondit,
718 428 947 463 quemadmodum
972 436 1004 456 ex
1029 429 1089 465 ipso

301 476 437 506 praecepto
451 476 569 499 constat.
585 471 636 499 Sed
654 480 726 499 nunc
742 473 853 507 quidem
875 481 923 507 per
939 474 1087 509 principem

301 518 497 552 imperatorum
519 519 657 545 exercitus
681 518 759 553 ejus:
776 518 842 546 Mosi
865 527 930 547 vero
956 528 1004 555 per
1025 528 1086 548 eum

301 564 424 599 angelum
441 563 487 598 qui
503 564 578 591 visus
602 563 701 596 fuerat,
719 565 859 592 oraculum
875 565 994 593 exhibet.
1017 565 1089 593 Mili-

301 610 344 636 tia:
359 616 423 635 vero
443 609 541 635 cmlum
559 609 612 636 sub
634 617 664 636 se
678 609 812 641 habentis.
833 614 859 637 et
877 611 1015 638 exercitus
1028 611 1088 646 ipso

266 690 272 696 .
299 655 402 682 mundo
424 655 585 689 superioris,
597 659 624 682 et
640 655 787 690 spirituum
811 656 1000 689 invisibilium,
1018 657 1088 684 divi-

298 709 452 736 norumque
473 702 632 736 angelorum
657 705 739 736 atque
771 703 996 738 arcliangelorum
1018 704 1086 739 regi,

298 747 472 782 perfectoque
484 747 603 775 universi
621 746 675 774 Deo
691 747 894 775 inservientium
911 749 1003 781 (sicuti
1016 750 1086 784 apud

298 792 435 820 Danielem
460 792 562 819 dictum
587 797 650 821 est:
666 802 676 817 ί
692 793 764 821 Mille
783 794 868 821 millia
895 795 1087 822 ministrabant

297 838 333 870 ei,
349 841 377 865 et
391 838 495 865 centies
511 838 583 865 mille
595 838 679 865 millia
688 839 853 866 assistebant
860 847 951 867 coram
965 848 996 868 eo
1007 840 1028 856 ⁸⁷
1039 842 1059 875 ):
1073 850 1082 867 ι

297 883 432 913 omnium.
454 884 576 918 inquam,
598 883 693 910 talium
716 892 871 918 supremus.
892 886 954 920 quis
976 886 1084 914 tandem

1142 293 1239 328 Μωσῆ.
1257 293 1354 328 Μωσῆ,
1374 293 1411 328 μὴ
1429 293 1541 328 ἑγγῐσῃς
1571 289 1632 318 ὦδε.
1646 291 1732 318 Λῦσαι
1746 292 1776 318 τὸ
1802 292 1927 327 ὑπόδημα

1139 338 1193 365 τῶν
1215 339 1302 365 ποδῶν
1322 348 1384 364 σου⁸
1400 340 1414 365 6
1428 339 1482 373 γὰρ
1501 341 1580 369 τόπος
1599 339 1627 364 ἐν
1646 335 1668 372 ᾧ
1690 338 1724 364 σὺ
1742 338 1863 372 ἕστηκας
1885 339 1927 364 ἐπ’

1138 384 1220 410 αὑτοῦ
1237 384 1272 419 γῆ
1293 383 1357 418 ἁγία
1379 383 1461 410 ἐστίν.
1477 394 1485 409 i
1502 381 1548 415 Εἷς
1562 384 1615 419 ἄρα
1626 383 1672 410 καὶ
1686 384 1701 410 6
1712 383 1791 415 αὐτος
1802 381 1835 418 ἦν
1848 385 1861 409 6
1873 385 1925 415 τοῖς

1139 429 1302 466 ἀμφοτέροις
1317 430 1489 465 χρηματίσας
1505 429 1581 460 Θεὸς,
1601 429 1638 460 ὼς
1653 430 1685 455 ἐκ
1703 428 1750 455 τοῦ
1770 429 1924 463 παραγγέλ-

1140 485 1223 511 ματος
1241 476 1385 502 δείκνυται.
1410 475 1489 501 Ἀλλὰ
1518 475 1564 500 νῦν
1585 475 1633 509 μὲν
1654 475 1698 501 διὰ
1713 475 1760 501 τοῦ
1782 475 1920 510 ἀρχιστρα-

1138 524 1220 558 τήγου
1234 522 1284 556 τῆς
1299 521 1438 556 δυνάμεως
1454 521 1546 552 αὐτοῦ,
1558 521 1652 546 Μωσεῖ
1671 521 1699 546 δὲ
1716 520 1759 546 διὰ
1772 520 1817 547 τοῦ
1834 521 1922 555 ὀφθέν-

1137 576 1182 598 τος
1197 567 1312 601 ἀγγέλου
1325 566 1456 598 Θεσπίζει.
1467 565 1604 601 Στρατιῶν
1615 565 1642 591 δὲ
1654 566 1868 601 ὑπερουρανίων,
1881 567 1925 592 καὶ

1137 613 1279 648 δυνάμεων
1308 611 1499 647 ὑπερκοσμίων
1523 612 1570 638 καὶ
1596 611 1760 646 πνευμάτων
1785 611 1923 646 ἀοράτων,

1138 659 1263 693 ἀγγέλων
1281 667 1309 684 τε
1334 658 1414 684 Θείων
1436 657 1482 684 καὶ
1507 656 1684 692 ἀρχαγγέλων
1705 655 1743 691 τῷ
1762 656 1924 691 παμὸασιλεὶ

1137 705 1184 732 καὶ
1213 703 1380 739 πανηγεμόνι
1395 703 1453 738 Θεῷ
1467 702 1693 738 λειτουργούντων
1708 703 1788 736 (κατὰ
1806 703 1836 728 τὺ
1851 704 1924 736 εἰρη-

1139 751 1218 786 μένον
1239 750 1313 785 παρὰ
1326 749 1364 784 τῷ
1378 749 1493 784 Δανιὴλ⁸
1515 758 1524 774 ι
1545 749 1635 775 Χίλιαι
1653 748 1770 782 χιλιάδες
1790 748 1924 784 ἐλειτούρ-

1137 805 1202 831 γουν
1215 796 1289 832 αὐτῷ
1299 816 1307 827 ,
1322 796 1368 822 καὶ
1385 796 1479 831 μύριαι
1495 795 1623 830 μυριάδες
1639 795 1868 830 παρειστήκεισαν
1881 795 1924 829 ἔμ-

1141 842 1259 878 προσθεν
1269 841 1349 868 αὐτοῦ
1359 842 1379 876 )·
1396 851 1405 866 ι
1421 843 1435 867 6
1451 841 1558 867 πάντων
1570 842 1699 867 ἀνωτάτω
1716 840 1757 871 τίς
1773 840 1805 866 ἂν
1822 840 1924 873 γένοιτο

1138 889 1230 924 ἕτερος
1247 888 1293 915 τοῦ
1308 888 1375 914 Θεοῦ
1395 888 1492 921 Λόγου,
1507 887 1554 913 καὶ
1568 887 1616 921 τῆς
1631 886 1802 922 πρωτοτόκου
1815 885 1924 919 Σοφίας,

296 928 333 955 sit
350 929 430 959 alius,
453 935 535 963 quam
560 927 607 955 Dei
624 927 755 960 Verbum,
782 933 809 956 et
825 930 1005 964 primogenita
1033 930 1080 958 Sa-

1133 934 1180 961 τοῦ
1193 943 1222 960 τε
1238 934 1329 960 ἐνθέου
1345 935 1532 969 γεννήματοςς
1564 932 1682 963 Εἰκότως
1714 932 1767 968 ἄρα
1783 932 1829 958 καὶ
1845 932 1924 967 ἀρχι-

296 972 411 1007 pient-ia.
435 977 462 1000 et
485 972 594 1000 soboles
616 972 729 1000 divina?
755 973 850 1000 Merito
871 982 936 1009 ergo
955 975 1083 1010 princeps

295 1019 489 1053 imperatorum
513 1019 652 1046 exercitus
673 1019 778 1046 Domini
802 1019 853 1046 hoc
870 1020 896 1046 in
918 1021 978 1048 loco
994 1021 1083 1049 dictus

295 1069 348 1098 est,
363 1069 456 1101 utpote
468 1066 516 1101 qui
531 1065 608 1099 alibi,
633 1070 658 1093 et
676 1065 767 1100 magni
787 1066 895 1092 consilii
910 1066 1034 1101 angelus,
1056 1072 1083 1094 et

293 1119 440 1139 consessor
456 1111 563 1142 Patris,
579 1115 606 1139 et
628 1116 747 1139 attentus
769 1119 801 1138 ac
823 1119 937 1147 magnus
955 1113 1082 1140 sacerdos

293 1165 365 1190 esse,
383 1158 418 1185 sit
431 1158 646 1186 demonstratus.
665 1157 718 1185 Sed
735 1158 801 1184 illud
821 1166 929 1192 quoque
941 1163 1081 1186 ostensum

293 1208 346 1236 est.
368 1204 442 1239 quod
460 1204 531 1231 idem
553 1209 580 1230 et
599 1204 740 1236 Dominus,
758 1207 786 1231 et
803 1203 885 1234 Deus.
907 1209 934 1231 et
954 1204 1081 1232 Christus

294 1250 340 1279 sit.
355 1251 401 1284 qui
417 1258 432 1276 a
442 1249 522 1277 Patre
533 1250 594 1277 oleo
604 1249 796 1277 exsultationis
813 1254 856 1277 est
870 1254 978 1277 unctus.
995 1249 1082 1277 Abra-

294 1295 335 1322 hae
352 1295 434 1330 igitur
454 1295 524 1330 apud
550 1303 681 1330 quercum
706 1295 782 1323 visus
798 1295 826 1322 in
848 1295 968 1322 hominis
991 1294 1078 1322 forma

293 1342 396 1376 quieta,
413 1341 563 1376 habituque
579 1341 704 1377 Paciﬁco,
725 1341 847 1376 seipsum
869 1341 1000 1372 ostendit,
1017 1349 1079 1368 cum

293 1395 325 1415 ex
342 1387 387 1414 illo
403 1395 489 1422 usque
504 1391 626 1422 tempore
647 1388 795 1415 salutarem
810 1395 889 1415 suum
907 1388 940 1414 ad
955 1387 1079 1415 homines

293 1433 438 1461 adventum
468 1434 649 1461 exordiretur.
675 1433 728 1469 Ipsi
751 1441 815 1462 vero
837 1433 923 1461 Jacob
949 1438 1077 1469 tanquam

293 1479 506 1506 exercitahundo
518 1486 550 1506 ac
567 1480 708 1511 certatori.
723 1481 769 1515 qui
783 1480 916 1508 adversus
933 1480 1036 1512 hostes.
1050 1484 1078 1507 et

293 1524 456 1554 luctaturus.
476 1529 502 1552 et
519 1525 692 1560 przeliaturus
706 1531 789 1558 esset,
805 1526 887 1553 veluti
908 1526 999 1552 homo.
1024 1525 1076 1552 Sed

293 1570 393 1599 Mnsem
410 1576 437 1599 et
453 1573 581 1607 populum
601 1572 628 1599 in
644 1573 734 1607 specie
750 1572 830 1599 nubis
844 1576 925 1607 atque
939 1572 1008 1607 ignis
1026 1572 1077 1599 du-

292 1617 381 1650 cebat,
409 1619 556 1646 terribilem
582 1619 690 1646 interim
715 1622 796 1653 atque
821 1618 1011 1644 adumbratum
1034 1609 1112 1646 se-C

291 1664 381 1698 ipsum
397 1664 555 1692 ostendens.
574 1664 608 1691 At
623 1664 752 1699 quoniam
769 1663 852 1690 Mosis
872 1671 1017 1691 successor
1029 1662 1076 1690 Je-

291 1716 348 1740 sus.
371 1714 468 1736 contra
485 1710 578 1739 hostes
602 1714 661 1738 erat
684 1710 873 1741 instruendus,
897 1710 944 1744 qui
960 1709 1076 1737 antehac

291 1757 390 1782 terram
417 1754 589 1783 Palaestinam
620 1755 802 1787 incoluerant,
824 1760 951 1783 externas
981 1756 1076 1790 utique

290 1801 462 1836 maximeque
485 1801 583 1837 impias
606 1801 748 1834 nationes,
773 1801 871 1828 merito
899 1809 961 1828 cum
983 1801 1074 1836 gladio

291 1846 387 1881 vagina
401 1851 494 1879 exuto,
516 1852 543 1875 et
558 1853 652 1875 contra
668 1849 761 1875 hostes
783 1854 898 1875 acumen
917 1855 972 1882 pra:
987 1855 1017 1875 se
1036 1847 1075 1875 fe-

291 1896 368 1919 rente
376 1892 590 1925 demonstratur,
606 1895 652 1920 tali
665 1895 861 1930 propemodum
875 1894 979 1922 visione
990 1893 1076 1928 signi-

290 1937 386 1971 ﬁcans,
397 1939 625 1973 quemadmodum
638 1941 696 1976 ipse
706 1940 797 1968 divina
807 1941 918 1974 virtute,
925 1939 1004 1976 24⁵1
1015 1943 1076 1966 tan-

289 1990 370 2017 quam
386 1983 514 2011 invisibili
530 1985 629 2020 gladio,
645 1993 708 2013 cum
729 1987 787 2014 suis
799 1986 908 2013 interim
924 1985 1005 2013 simul
1023 1985 1075 2012 mi-

1137 981 1291 1017 στράτηγος
1307 981 1448 1015 δυνάμεως
1463 980 1564 1015 Κυρίου
1585 979 1631 1005 ἐπὶ
1647 978 1692 1005 τοῦ
1708 979 1840 1014 παρόντος
1856 978 1924 1004 ἀνεί-

1135 1036 1231 1063 ρηται,
1249 1027 1287 1058 ὡς
1304 1027 1350 1053 καὶ
1366 1027 1488 1061 μεγάλης
1502 1026 1599 1061 βουλῆς
1621 1026 1734 1059 ἄγγελος
1751 1027 1779 1051 ὲν
1800 1025 1924 1060 ἑτέροις,

1134 1073 1181 1100 καὶ
1198 1073 1340 1109 σύνθρονος
1359 1072 1406 1098 τοῦ
1423 1072 1538 1108 Πατρὸς,
1552 1071 1659 1103 αἰώνιός
1672 1080 1700 1097 τε
1717 1072 1762 1098 καὶ
1775 1071 1861 1106 μέγας
1876 1071 1924 1106 ἀρ-

1132 1118 1248 1154 χιερεύς.
1266 1118 1465 1145 Ἀποὸἐδεικται
1482 1118 1520 1150 δὲ,
1531 1119 1572 1144 ὅτι
1589 1119 1635 1144 καὶ
1652 1117 1753 1153 Κύριος
1767 1118 1814 1144 καὶ
1827 1117 1893 1147 Θεὸς
1908 1117 1922 1142 ό

1132 1165 1212 1197 αὐτὸς
1224 1185 1232 1197 ,
1247 1165 1294 1192 καὶ
1310 1165 1426 1200 Χριστὸς
1443 1165 1494 1191 ὑπὸ
1508 1164 1553 1190 τοῦ
1574 1163 1679 1199 Πατρὺς
1698 1164 1780 1199 ἐλαίῳ
1795 1163 1922 1198 ἀγαλλιά-

1133 1220 1201 1243 σεως
1223 1211 1409 1247 κεχρισμένος.
1430 1210 1474 1246 Τῷ
1499 1211 1548 1246 μὲν
1571 1208 1618 1237 οὖν
1641 1210 1764 1245 Ἀϐρααμ
1790 1210 1865 1245 παρὶ
1885 1212 1917 1246 τῇ

1130 1257 1190 1293 δρυῒ
1203 1257 1296 1292 φανεὶς
1309 1257 1337 1283 ἐν
1352 1256 1494 1292 ἀνθρώπου
1510 1256 1573 1283 εἴδει
1589 1256 1710 1291 γαληνῴ,
1725 1257 1771 1283 καὶ
1788 1257 1917 1291 εἰρηναίῳ

1131 1304 1260 1338 σχήματι,
1277 1303 1372 1329 ἑαυτὸν
1380 1302 1616 1336 ὑποδείκνυσι,τὴν
1628 1302 1758 1338 σωτήριον
1769 1303 1808 1333 εἰς
1819 1301 1922 1338 ἀνθρὼ-

1130 1357 1197 1380 πους
1214 1348 1295 1375 αὑτοῦ
1319 1347 1469 1384 παρουσίαν
1487 1347 1516 1380 ἐξ
1533 1348 1637 1375 ἐκείνου
1660 1348 1920 1384 προοιμιαζόμενος*

1128 1393 1168 1429 τῷ
1180 1394 1208 1420 δὲ
1224 1392 1329 1425 Ἰακὼὸ,
1341 1393 1378 1426 ὡς
1389 1393 1493 1428 ἀσκητῇ
1510 1393 1556 1419 καὶ
1571 1393 1705 1428 ἀγωνιστῇ
1722 1393 1843 1420 παλαίειν
1854 1394 1920 1429 πρὶς

1129 1439 1241 1474 ἐχθροὺς
1262 1439 1309 1466 καὶ
1334 1438 1513 1472 ἀγωνίζεσθαι
1538 1439 1670 1473 μέλλοντι,
1689 1437 1733 1465 οἷα
1754 1438 1912 1474 ἄνθρωπος·

1129 1484 1224 1510 Μωσεῖ
1239 1483 1267 1509 δὲ
1296 1484 1343 1510 καὶ
1363 1483 1403 1518 τῷ
1417 1482 1473 1516 λαῷ
1493 1484 1522 1509 ὲν
1542 1483 1606 1509 εῖδει
1631 1483 1745 1518 νεφέλης
1768 1484 1815 1510 καὶ
1836 1483 1920 1518 πυρὸς

1128 1529 1286 1564 ωθηγεῖτο,
1318 1527 1431 1564 φοϐερὸν
1456 1527 1523 1563 ὁμοῦ
1546 1528 1593 1554 καὶ
1614 1527 1830 1563 ἐπεσκιασμένον
1851 1537 1921 1564 παρ-

1128 1575 1197 1610 έχων
1211 1574 1316 1602 ἑαυτόν.
1325 1574 1400 1600 Ἐπεὶ
1414 1574 1441 1600 δὲ
1456 1575 1470 1600 6
1483 1572 1529 1600 τοῦ
1546 1574 1667 1605 Μωσέως
1682 1573 1801 1608 διάδοχος
1817 1574 1920 1609 Ἰησοῦς

1130 1619 1269 1654 πολεμίοις
1291 1618 1386 1654 ἔμελλε
1407 1618 1625 1654 παρατάττεσθαι
1641 1620 1707 1650 τοῖς,
1731 1619 1761 1645 τὸ
1778 1620 1842 1655 πρὶν
1865 1620 1919 1645 Πα-

1130 1666 1272 1692 λαιστίνων
1283 1665 1334 1701 γῆς
1348 1666 1513 1701 οἰκήτορσιν,
1528 1665 1686 1699 ἀλλοφύλοις
1698 1665 1784 1691 ἔθνεσι
1800 1665 1846 1692 καὶ
1857 1666 1921 1692 ἀσε-

1130 1711 1269 1742 ϐεστάτοις
1280 1729 1286 1741 ,
1303 1710 1415 1742 εἰκότως
1438 1709 1508 1746 μετὰ
1531 1710 1668 1746 ῥομφαίας
1684 1710 1857 1746 ὲσπασμένης
1873 1711 1920 1737 καὶ

1128 1756 1199 1784 κατὰ
1213 1756 1266 1783 τῶν
1280 1756 1417 1791 πολεμίων
1431 1756 1514 1792 ὴκονη
1520 1756 1602 1791 μένης
1621 1755 1809 1790 ὑποφαίνεται,
1820 1765 1916 1791 μονον-

1127 1803 1188 1838 ουχὶ
1208 1802 1252 1829 διὰ
1271 1802 1322 1837 τῆς
1335 1802 1421 1836 ὅψεως
1433 1802 1603 1835 ἀποδεικνὺς,
1617 1802 1659 1828 ὃτι
1673 1802 1704 1837 δὴ
1719 1802 1798 1833 αὐτὸς
1813 1802 1920 1838 ἀοράτῳ

1126 1848 1257 1885 ῥομφαίᾳ,
1269 1847 1352 1882 ἑνθέῳ
1358 1847 1480 1883 δυνάμει,
1488 1848 1558 1879 ,τοὺς
1569 1847 1675 1879 ἀσεϐεῖς
1685 1847 1800 1882 μετιέναι
1813 1847 1919 1882 ἔμελλε,

1128 1894 1182 1925 τοῖς
1214 1892 1322 1923 οἰκείοις
1355 1892 1602 1928 συστρατευόμενος
1627 1893 1673 1919 καὶ
1700 1892 1918 1927 συναγωνιζόμε-

1129 1947 1182 1970 νος.
1216 1938 1263 1964 Διὸ
1286 1937 1356 1964 κατὰ
1379 1937 1472 1972 καιρὸν
1508 1937 1555 1963 καὶ
1575 1937 1791 1972 ἀρχιστράτηγον
1814 1937 1919 1972 Κυρίου

1128 1984 1224 2011 ἑαυτὸν
1237 1983 1428 2019 ἀνηγόρευσεν.

291 2027 381 2060 litans,
395 2028 490 2064 eisque
502 2037 580 2067 opem
597 2030 708 2058 assidue
721 2031 823 2062 ferens,
839 2035 898 2059 erat
916 2030 1014 2066 impios
1032 2030 1150 2058 ulturus.
1167 2029 1257 2062 Quare
1271 2029 1352 2056 etiam
1375 2032 1528 2064 opportune
1557 2029 1677 2064 seipsum
1696 2028 1846 2064 principem
1867 2029 1915 2055 im-

291 2078 443 2109 peratorum
460 2073 567 2102 Domini
583 2076 735 2111 appellavit.

588 2131 702 2159 CAPUT
719 2132 778 2159 XX.

291 2177 328 2203 Ab
343 2176 403 2213 Job,
420 2193 454 2197 —
468 2177 543 2210 Quod
556 2178 677 2213 similiter
701 2179 752 2213 ipsi
770 2178 821 2205 Job
832 2198 839 2210 ,
855 2177 1075 2213 quemadmodum

322 2212 453 2246 patribus.
477 2213 530 2245 ipse
551 2212 645 2247 Opt'fea:
665 2215 778 2240 universi
807 2213 875 2240 Deus
902 2213 1027 2245 Verbum,
1049 2217 1074 2239 et

325 2247 500 2282 respondisse,
512 2252 537 2274 et
551 2249 634 2283 o;ulis
652 2249 722 2275 risus
738 2257 793 2275 esse
808 2248 915 2275 dicitur.

1392 2128 1589 2154 ΚΕΦΑΛΔΙΟΝ
1610 2128 1652 2155 Κ¹.

1132 2175 1204 2202 Ἀπὸ
1219 2175 1272 2201 τοῦ
1299 2173 1365 2201 Ἰώὸ.
1383 2188 1418 2194 -σ
1437 2174 1484 2206 Ὠς
1500 2173 1606 2207 ὁμοίως
1632 2173 1694 2206 τοῖς
1715 2174 1846 2208 πατράσι
1869 2175 1920 2202 καὶ

1160 2210 1200 2243 τῷ
1221 2210 1289 2241 Ἰὼϐ,
1315 2208 1406 2241 αὐτὸς
1428 2210 1444 2235 d
1471 2208 1651 2242 Δημιουργὸς
1664 2208 1722 2235 τῶν
1743 2209 1824 2237 ὅλων
1846 2210 1918 2243 Θεὸς

1160 2246 1266 2280 Λόγος,
1285 2243 1397 2279 ἔχρησέ
1413 2252 1444 2270 τε
1460 2243 1509 2270 καὶ
1526 2243 1689 2277 ὀφθαλμοῖς
1708 2244 1855 2279 ἑωρᾶσθαι
1865 2245 1917 2272 λέ-

1163 2289 1254 2315 γεται.

325 2348 334 2363 ι
348 2337 419 2365 Dixit
434 2341 523 2365 autem
537 2338 666 2366 Dominus
679 2339 711 2365 ad
725 2337 777 2366 Job
789 2339 821 2365 dc
835 2338 943 2365 turbine
954 2342 982 2365 et
995 2338 1073 2366 nubi-

1166 2347 1176 2363 ‹
1193 2335 1260 2364 Eine
1274 2336 1303 2363 δὲ
1313 2335 1414 2371 Κύριος
1424 2335 1462 2371 τῷ
1478 2334 1539 2361 Ἰὼϐ
1548 2335 1591 2361 διὰ
1608 2334 1738 2368 λαίλαπος
1751 2337 1798 2364 καὶ
1812 2337 1917 2372 νεφῶν·

286 2385 337 2413 bus
351 2394 358 2412 :
373 2383 424 2412 Ubi
441 2392 504 2412 eras
513 2384 576 2411 dum
585 2392 634 2420 ego
644 2384 785 2411 fundarem
795 2388 894 2411 terram
908 2383 1074 2419 ?Rcsponde

288 2431 340 2464 iam
356 2430 434 2464 mihi,
447 2435 539 2457 utrum
551 2431 660 2458 noveris
676 2431 855 2462 intellectum,
876 2431 938 2465 quis
952 2430 1073 2465 posuerit

288 2484 430 2505 mensuras
444 2477 503 2511 ejus
515 2477 537 2504 si
555 2477 626 2504 nosti
641 2476 674 2508 ⁸⁸,
691 2486 699 2502 ι
714 2480 740 2504 et
755 2481 851 2505 caetera
869 2487 875 2504 :
890 2487 899 2502 σ
919 2477 986 2504 Cum
1003 2477 1072 2504 facta

287 2526 360 2553 sunt,
392 2522 491 2557 inquit,
509 2526 594 2554 astra,
621 2521 802 2549 laudaverunt
831 2530 874 2550 me
895 2530 960 2550 voce
974 2529 1072 2557 magna

288 2575 381 2596 omnes
395 2567 483 2604 angeli
500 2568 563 2596 mei.
576 2567 705 2596 Obstruxi
720 2571 810 2595 autem
826 2575 900 2595 mare
911 2569 997 2602 portis
1007 2567 1047 2599 ";
1061 2576 1069 2592 ι

287 2622 318 2640 ac
330 2613 459 2649 deinceps
475 2615 547 2649 quod
563 2614 708 2649 sequitur:
728 2623 737 2639 ‹
750 2613 819 2640 Num
833 2621 894 2642 eras
911 2618 938 2641 tu
963 2613 1072 2649 quando

287 2659 415 2686 constitui
432 2660 521 2687 lumen
530 2661 712 2688 matutinum?
727 2660 835 2688 Lucifer
845 2663 937 2687 autem
948 2659 1073 2694 despexit

288 2712 366 2730 suum
381 2705 504 2732 ordinem
518 2706 560 2732 ’°?
577 2716 586 2731 ι
604 2705 637 2733 Et
651 2714 764 2734 rursus:
782 2715 791 2732 ι
809 2704 879 2733 Num
897 2710 938 2738 tu,
960 2709 1072 2740 accepto

287 2752 365 2776 terra:
381 2750 450 2782 luto,
478 2750 566 2778 fecisti
584 2752 701 2779 animal?
717 2756 744 2780 et
761 2752 794 2779 ad
821 2751 987 2787 loquendum
1012 2751 1071 2779 ido-

287 2802 366 2821 neum
380 2795 468 2829 ipsum
495 2797 608 2830 posuisti
631 2798 658 2825 in
672 2799 764 2825 terra?
789 2798 926 2826 abstulisti
949 2806 1014 2826 vero
1037 2798 1071 2824 ab

288 2837 378 2873 impiis
396 2840 511 2867 lumen?
530 2841 671 2870 brachium
690 2849 780 2872 autem
805 2845 984 2880 superborum
1004 2851 1072 2871 con~

1128 2383 1183 2410 Ποῦ
1201 2381 1235 2418 ἧς
1254 2382 1283 2408 ὲν
1301 2381 1339 2417 τῷ
1352 2381 1491 2417 θεμελιοῦν
1521 2390 1555 2416 με
1571 2381 1620 2416 τὴν
1649 2382 1718 2417 γῆν;
1738 2383 1918 2417 Ἀπάγγειλον

1126 2429 1159 2465 δή
1178 2437 1221 2464 μοι
1238 2425 1262 2454 εἰ
1275 2429 1418 2454 ἐπίστασαι
1440 2427 1555 2457 σύνεσιν,
1571 2426 1613 2458 τίς
1627 2426 1703 2453 ἔθετο
1718 2428 1751 2454 τὰ
1766 2428 1853 2464 μέτρα
1870 2429 1917 2455 αὐ-

1126 2475 1185 2510 τῆς,
1199 2475 1222 2500 εί
1236 2471 1318 2505 οἶδας,
1333 2483 1341 2499 ι
1361 2472 1447 2500 καὶτὰ
1459 2471 1531 2508 ἑξῆς·
1547 2482 1556 2499 ι
1568 2472 1631 2499 Ὀτε
1647 2473 1824 2508 ἐγενήθησαν,
1839 2483 1848 2500 i
1866 2483 1918 2509 φη-

1127 2520 1179 2552 σὶν,
1198 2530 1207 2546 ‹
1225 2520 1322 2556 ἄστρα,
1340 2520 1438 2555 ᾔνεσάν
1454 2529 1487 2555 με
1500 2522 1575 2556 φωνῇ
1594 2520 1697 2555 μεγάλῃ
1720 2519 1820 2551 πάντες
1834 2520 1918 2554 ἄγγε-

1123 2566 1164 2593 λοί
1183 2575 1244 2601 μου.
1263 2566 1388 2602 Ἐφραξα
1404 2566 1432 2592 δὲ
1447 2566 1584 2593 θάλασσαν
1601 2565 1708 2597 πύλαις.
1729 2575 1738 2591 ι
1756 2566 1812 2592 Καὶ
1836 2566 1916 2601 ἑξῆς·

1126 2621 1134 2638 ι
1153 2611 1189 2639 Ἦ
1207 2613 1253 2639 ἐπὶ
1267 2612 1312 2638 σοῦ
1331 2613 1478 2647 συντέταχα
1493 2612 1592 2647 φέγγος
1605 2611 1737 2647 πρωῖνόν.
1761 2611 1918 2647 Ἑωσφόρος

1123 2658 1150 2685 δὲ
1170 2658 1260 2684 ἐπεῖδε
1282 2658 1330 2694 τὴν
1353 2658 1450 2684 ἑαυτοῦ
1473 2658 1563 2690 τάξιν;
1586 2667 1594 2683 ι
1612 2657 1667 2684 Καὶ
1685 2656 1780 2684 πάλιν·
1800 2667 1809 2682 ι
1827 2655 1867 2684 Ἦ
1883 2659 1917 2684 σὺ

1123 2703 1213 2729 λαϐὼν
1229 2703 1281 2738 γῆς
1298 2703 1381 2739 πηλὸν
1402 2703 1521 2735 ἔπλασας
1535 2702 1613 2734 ζῶον,
1630 2702 1676 2729 καὶ
1698 2702 1814 2738 λαλητὸν
1834 2703 1918 2729 αὑτὸν
1947 2693 1953 2697 ⁴

1125 2750 1186 2777 ἔθου
1196 2750 1243 2777 ἐπὶ
1258 2750 1306 2784 τῆς
1326 2750 1393 2784 γῆς;
1411 2749 1518 2784 ἀφεῖλες
1537 2749 1565 2775 δὲ
1586 2749 1639 2776 ἀπὸ
1662 2748 1768 2775 ἀσεϐῶν
1787 2749 1818 2775 τὺ
1840 2749 1914 2782 φῶς

1125 2796 1253 2832 βραχίονα
1275 2795 1296 2821 δ’
1317 2795 1496 2831 ὑπερηφάνων
1513 2794 1688 2830 συνέτριψαςς
1716 2792 1798 2829 ἦλθες
1817 2793 1846 2820 δὲ
1868 2795 1916 2820 ἐπὶ

1124 2844 1214 2878 πηγὴν
1229 2842 1380 2877 θαλάσσης,
1400 2843 1427 2868 ὲν
1446 2841 1473 2867 δὲ
1489 2841 1588 2876 ἴχνεσιν
1609 2840 1726 2867 ἀϐύσσου
1743 2841 1909 2876 περιεπάτη-

322 2917 345 2933 ⁸·
360 2917 445 2946 Exod.
467 2926 508 2950 tu.
521 2919 546 2950 ι,
559 2919 585 2947 5.
623 2920 644 2936 "’
661 2919 728 2948 Dan.
741 2929 788 2953 vn.
809 2921 851 2950 £0.
891 2923 914 2939 "
932 2921 993 2950 Job.
1008 2930 1080 2951 xxxv

1142 2923 1168 2954 ι.
1182 2922 1226 2950 45.
1266 2922 1288 2939 ⁸⁸
1303 2921 1369 2950 ibid.
1390 2921 1415 2948 'l.
1451 2920 1475 2937 '°
1499 2919 1564 2947 ibid.
1585 2919 1628 2947 12.
