2084 3216
171 171 217 199 ιοι

621 169 945 198 οΕιιοΝδτιιΑτιοΝιε
964 167 1189 196 ΕῩΑΝΕΕΙΛΕΛΕ
1209 165 1272 194 LIB.
1290 165 1325 194 Υ.

1744 161 1795 189 ιος

173 238 220 261 σας
231 237 239 261 ;
255 228 410 263 ἀνοίγονται
421 228 448 255 δέ
462 236 503 254 σοι
516 227 591 263 φόὸῳ
602 228 683 254 πύλαι
697 227 826 261 θανάτου;
839 227 958 262 πυλωροὶ

1011 225 1128 253 trivisti?
1142 224 1239 252 venisti
1255 227 1343 250 autem
1360 221 1393 249 ad
1411 220 1511 248 fontem
1533 218 1617 248 maris
1632 239 1640 250 ,
1658 223 1682 247 et
1696 218 1722 245 in
1745 225 1792 245 ve-

174 275 200 302 Βὲ
225 274 288 310 ᾅδου
317 274 416 305 [δόντες
439 282 469 300 σε
495 273 630 308 ξπτηξαν;
651 283 660 298 i
679 273 733 299 Καὶ
757 273 802 298 ἐπὶ
824 272 893 298 τέλει
914 272 961 298 τοῦ

177 320 273 352 παντὸς
285 320 411 356 χρησμοῦ
425 319 597 355 ἀποκρίνεται
611 318 671 346 ’1ὼὸ
688 319 725 353 τῷ
742 318 844 354 Κυρίῳ,
860 318 959 352 λέγων·

176 375 186 392 ι
206 366 337 393 Ἄκουσον
350 365 380 400 δή
400 373 462 400 μου,
478 364 575 400 Κύριε,
591 364 634 390 ἵνα
647 363 723 397 κάγὼ
736 363 854 398 λαλήσω.
878 363 961 398 Ἐρω-

175 413 248 448 τήσω
275 411 303 438 δέ
338 420 378 444 σε,
405 412 436 438 σὺ
461 411 488 437 δέ
514 419 546 446 με
566 410 678 443 δίδαξον.
700 410 795 445 Ἀχοὴν
821 409 869 445 μὲν
893 408 962 439 ὠτὸς

174 457 272 493 ἡκουόν
288 466 334 483 σου
347 457 376 483 τὸ
390 456 530 492 πρότερον,
550 456 595 482 νῦν
616 456 644 482 δὲ
657 457 670 482 ὁ
682 455 818 490 ὀφθαλμός
839 464 888 491 μου
911 454 962 481 ἑώ-

171 504 242 539 ρακέ
259 511 299 529 σε.
315 503 359 529 Διδ
374 503 504 537 ἐφαύλισα
519 502 646 537 ἐμαυτὸν,
659 502 706 528 καὶ
721 501 819 536 ὲτάκην
830 511 836 516 ·
852 502 958 536 ἥγημαι

173 548 201 574 δὲ
220 547 339 583 ἐμαυτὸν
354 547 405 582 γῆν
430 547 477 573 καὶ
500 547 605 573 σποδόν.
628 555 637 572 ι
653 547 713 573 ’Ὁτι
728 546 776 581 μὲν
793 544 838 572 οὖν
861 545 961 581 Κυρίου

173 593 407 630 τοῦνΔημιουργοῦ
423 594 598 628 τυγχάνουσιν
622 593 649 620 αἱ
669 593 844 628 προκείμεναι
866 591 961 627 φωναὶ,

172 640 225 666 οὐκ
238 641 270 666 ἐκ
281 640 334 667 τῶν
348 639 531 675 προτεθέντων
550 639 638 673 μόνον,
654 638 721 664 ἀλλὰ
743 638 789 664 καὶ
808 638 840 664 ὲκ
856 638 908 663 τῶν
923 645 962 663 σοι

174 685 343 720 φαινομένων
361 683 505 718 διαγνῶναι
528 683 631 718 ῥᾴδιον·
651 683 691 708 ὅτι
716 683 744 709 δὲ
767 682 807 713 τὸ,
834 691 843 707 ι
862 680 963 711 Ἷιλθες

173 732 220 757 ἐπὶ
233 730 324 766 πηγὴν
343 730 489 764 θαλάσσης,
514 729 542 755 ὲν
565 728 592 754 δὲ
616 729 717 763 ἴχνεσιν
742 727 860 754 ἀϐύσσου
888 736 964 762 περι-

173 776 330 811 emitque;
348 785 357 801 ι
370 775 416 802 καὶ
430 775 470 806 τὺ,
487 784 496 799 ι
513 774 675 808 Ἀνοίγονται
694 773 721 800 δέ
734 782 773 799 σοι
789 773 862 807 φόϐῳ
883 772 964 798 πύλαι

173 821 300 854 Oud-too;
316 821 434 857 πυλωροὶ
452 821 479 846 δὲ
499 820 561 855 ᾅδου
579 821 676 852 ἰδόντες
691 829 719 846 σε
734 819 866 854 ἕπτηξαν;
888 828 896 844 ι
915 818 964 853 τὴν

176 868 217 899 εἰς
234 867 298 903 ᾆδου
313 866 424 893 κάθοδον
438 866 485 893 τοῦ
502 867 627 902 Σωτῆρος
652 866 728 902 ἡμῶν
745 865 877 897 θεσπίζει,
895 864 964 891 κατὰ

1012 270 1100 305 srigiis
1117 269 1206 305 abyssi
1236 265 1663 300 deanibulasti?aperiiinturque
1685 262 1733 289 tibi
1757 262 1792 288 ti-

1012 324 1087 344 more
1099 320 1182 350 porta!
1195 313 1311 342 mortis?
1324 317 1350 339 et
1359 313 1491 347 janitores
1502 311 1650 339 inferorum
1671 308 1795 336 videntes

1013 366 1038 389 te
1053 361 1138 388 territi
1157 364 1220 388 sunt
1236 359 1256 375 “
1270 360 1281 385 ?
1297 368 1304 383 ι
1324 358 1426 385 Deinde
1455 358 1480 384 in
1511 357 1562 384 ﬁne
1577 356 1660 383 totius
1678 353 1794 384 oraculi,

1013 408 1156 443 respondet
1168 405 1219 433 Job
1232 404 1356 435 Domino,
1373 404 1485 431 dicens:
1502 411 1512 428 α
1524 401 1592 429 Audi
1608 401 1663 435 jam
1677 408 1728 433 inc,
1743 399 1796 426 Do-

1012 454 1095 485 mine,
1110 457 1139 479 ut
1153 452 1235 480 etiam
1251 458 1301 485 ego
1317 450 1423 484 loquar,
1441 453 1467 476 et
1484 447 1655 482 interrogabo
1672 450 1708 479 te,
1725 449 1756 478 et_
1765 449 1795 474 tu

1013 507 1055 527 me
1072 499 1178 526 docete.
1201 497 1302 524 Audiiu
1325 496 1433 531 quidem
1456 494 1531 522 auris
1555 493 1645 520 audivi
1660 496 1686 519 te
1708 492 1794 527 prius,

1013 553 1085 573 nunc
1099 549 1188 572 autem
1216 543 1312 570 oculus
1335 549 1412 569 meus
1428 541 1495 567 vidit
1510 544 1546 567 te.
1564 540 1696 573 Quocirca
1715 538 1795 566 vilem

1014 591 1095 618 habui
1121 590 1265 624 meipsum.
1299 591 1326 615 et
1353 586 1515 622 liquefactus
1543 593 1614 617 sum,
1648 588 1675 611 et
1705 582 1795 619 putavi

1013 637 1146 671 meipsum
1162 639 1262 662 terram
1287 638 1314 660 et
1334 633 1453 660 cinerem
1463 633 1496 659 ⁹¹.
1514 640 1523 657 ι
1543 630 1649 658 Domini
1661 630 1742 665 igitur
1753 636 1794 655 re-

1013 690 1073 709 rum
1091 681 1202 716 Opiﬁcis
1222 679 1361 714 expositas
1389 677 1469 705 modo
1486 685 1547 705 esse
1572 684 1662 708 voces.
1676 683 1730 702 non
1751 683 1795 703 so-

1014 729 1069 756 lum
1082 735 1116 755 ex
1130 727 1174 758 iis,
1190 734 1250 761 quae
1263 725 1403 760 proposita
1420 727 1494 754 sunt,
1508 730 1600 751 verum
1612 722 1692 749 etiam
1705 728 1737 747 ex
1751 720 1795 751 iis,

1014 782 1074 810 qua
1096 774 1144 801 tibi
1162 773 1214 808 ipsi
1242 772 1397 803 videantur,
1421 771 1581 805 dignoscere
1598 768 1675 795 facile
1685 771 1727 794 est
1740 786 1747 792 .
1766 767 1798 793 il-

1014 821 1059 848 lud
1072 828 1135 848 vero
1148 840 1155 853 ,
1174 830 1183 845 i
1197 818 1301 846 Venisti
1316 818 1350 845 ad
1365 817 1466 844 fontem
1480 816 1573 847 maris,
1590 819 1617 842 et
1632 815 1660 842 in
1676 813 1796 848 vestigiis

1016 867 1107 902 abyssi
1137 864 1335 893 deambulasti?
1352 874 1361 890 ι
1386 867 1413 890 et
1432 861 1509 893 illud,
1528 870 1537 886 ι
1552 861 1717 895 Aperiuntur
1734 866 1796 886 vero

174 913 220 938 τὸν
246 912 418 948 προσήκοντα
440 912 534 947 καιρὸν
557 912 744 946 ἀποδείξομεν·
766 910 890 938 τοσοῦτον
915 910 960 936 νῦν

1012 914 1059 940 tibi
1075 912 1171 940 timore
1185 916 1270 947 portae
1285 910 1380 938 mortis
1392 929 1399 941 ,
1431 913 1458 936 et
1486 908 1619 943 jaiiitores
1649 906 1795 933 inferorum

173 959 418 993 ὲπισημηνάμενοι,
438 958 475 989 ὡς
498 958 595 992 μᾶλλον
613 957 652 992 τῷ
667 957 725 992 Θεῷ
743 957 821 991 Λόγῳ
835 957 906 991 ἥπερ
921 956 959 991 τῷ

172 1004 234 1040 Θεῷ
241 1004 294 1030 τῶν
306 1004 372 1031 ὃλων
383 1003 416 1030 τὰ
429 1003 498 1031 κατὰ
508 1004 552 1030 τὸν
561 1004 641 1030 τόπον
652 1002 805 1029 ἀνατιθέναι
816 1003 955 1037 προσήκει.

179 1049 209 1077 '0
216 1049 282 1084 γοῦν
290 1049 359 1080 Ἰὼϐ,
369 1049 442 1083 ἑξῆς,
454 1049 553 1083 ὁμοίως
562 1049 617 1080 τοῖς
629 1048 762 1083 πατράσιν
771 1047 849 1073 αὐτὸν
859 1047 890 1082 δὴ
898 1046 959 1073 τοῦ-

172 1104 220 1122 τον
232 1095 277 1123 τὸν
289 1096 317 1121 ὲν
331 1096 427 1131 ἀρχαῖς
441 1094 484 1121 διὰ
500 1094 627 1126 λαίλαπος
648 1094 694 1120 καὶ
720 1093 806 1128 νεφῶν
827 1102 877 1128 χρη
883 1093 959 1128 ματί-

174 1139 254 1172 ζοντα
267 1139 340 1174 αὑτῷ
354 1139 464 1175 Κύριον,
476 1139 589 1174 αιτοψίᾳ
604 1139 801 1174 τεθεωρηκέναι
817 1140 956 1174 μαρτυρεῖ,

173 1185 270 1219 λέγων·
285 1195 294 1210 ι
309 1185 440 1211 Ἄκουσον
461 1184 489 1210 δέ
507 1183 670 1219 μου,Κύριε,
690 1183 733 1210 ἵνα.
749 1182 825 1217 κάγὼ
839 1183 956 1217 λαλήσω.

178 1230 324 1265 Ἐρωτήσω
339 1230 367 1256 δέ
385 1238 424 1262 σε,
444 1231 474 1256 σὺ
491 1229 519 1255 δέ
536 1238 568 1264 με
583 1229 696 1261 δίδαξον.
718 1229 813 1264 ’Δκοὴν
829 1228 877 1264 μὲν
891 1229 958 1260 ὠτὸς

172 1275 272 1310 ἧκουόν
285 1284 331 1301 σου
351 1275 536 1311 τδπρότερον,
550 1275 596 1302 νῦν
614 1275 641 1301 δὲ
662 1276 675 1301 ὁ
692 1274 827 1309 ὀιρθοιλμός
845 1283 893 1309 μου
908 1273 958 1300 ἐώ-

175 1321 244 1356 ρακέ
257 1329 286 1354 σε
312 1321 357 1347 Aab
373 1321 503 1355 ὲῳαύλισα
520 1321 647 1356 ἐμαυτὸν,
661 1321 707 1347 καὶ
724 1320 836 1354 ὲτάκην·
851 1320 958 1355 ἥγημαι

172 1367 201 1393 δὲ
215 1366 332 1402 ἐμαυτὸν
348 1367 397 1402 γῆν
414 1367 460 1393 καὶ
477 1366 582 1393 σποδόν.
603 1377 612 1392 ι
627 1366 689 1398 Πῶς
702 1366 723 1392 δ’
736 1366 767 1392 ἂν
777 1366 821 1393 τὸν
831 1366 958 1392 ἀνωτάτω

171 1412 250 1444 Θεὸν,
264 1412 309 1439 τὸν
320 1412 373 1439 τῶν
385 1413 452 1439 ὅλων
465 1413 601 1441 ἐπέκεινα,
615 1413 663 1448 τὴν
675 1412 807 1447 ἄτρεπτον
821 1412 866 1438 καὶ
881 1411 959 1445 ἀγέν-

171 1467 252 1494 νητον
265 1459 368 1490 οὐσίαν,
384 1458 473 1494 σάρκα.
486 1458 702 1494 περιϐεϐλημένη
714 1458 786 1493 ψυχὴ
801 1458 847 1484 καὶ
860 1457 959 1492 ὀφθαλ-

173 1505 221 1541 μοὶ
238 1505 342 1540 θνητῶν
358 1505 513 1537 ἐθεάσαντο,
532 1506 554 1531 εί
576 1506 612 1541 μὴ
635 1506 687 1540 ἄρα
710 1505 802 1539 σαφῶς
823 1504 960 1532 κάνταῦθα

172 1550 353 1578 ὺποῆαίνοντα
373 1551 419 1578 τοῦ
441 1552 540 1578 οἰκείου
564 1552 694 1587 μεγέθους
713 1552 758 1578 τὸν
779 1552 843 1578 Θεὸν
863 1551 957 1585 Λόγον,

171 1597 201 1624 ὃν
215 1597 347 1633 διαφόρως
358 1597 553 1632 ἀποδείκνυμεν
569 1598 678 1632 Κύριον,
696 1597 817 1632 εἴποιμεν
840 1598 872 1624 ἂν
889 1606 957 1633 παρ-
972 1587 992 1615 C

174 1643 316 1674 ίστασθαι,
334 1643 372 1674 ὡς
390 1642 446 1669 ἐστι
466 1645 512 1669 καὶ
525 1642 555 1674 ἐξ
576 1643 664 1669 αὐτῶν
687 1642 740 1669 τῶν
761 1641 889 1677 χρησμῶν
907 1651 957 1677 μοι·

172 1689 239 1721 θεῖν,
256 1689 289 1716 δι’
307 1685 343 1715 ὧν
363 1688 440 1721 αὖθις
456 1690 469 1715 ὁ
487 1689 586 1724 Κύριος
604 1689 671 1724 πρὸς
691 1689 735 1715 τὸν
758 1689 816 1715 ’1ὼό
836 1690 870 1715 τὰ
896 1690 958 1724 περὶ

171 1733 219 1760 τοῦ
243 1733 364 1760 διαϐόλου
389 1733 425 1765 ὡς
452 1734 515 1769 περὶ
538 1734 681 1769 δράκοντος
707 1733 781 1761 διιὼν
805 1734 957 1769 ὲπεχείρει;

175 1788 186 1805 ε
203 1779 240 1806 υὺ
262 1778 382 1810 δέδοικας
404 1779 444 1805 ὄτι
460 1779 620 1814 ἡτοίμασταί
642 1787 704 1813 μοι;
724 1788 732 1803 i
748 1779 884 1814 Δράκοντα
905 1778 959 1813 τὰρ

171 1824 337 1860 ἡτοιμάσθαι
350 1825 418 1859 ποίῳ
426 1824 519 1859 Κυρίῳ
532 1825 662 1860 προσήκει
675 1823 804 1859 νομίζειν,
820 1823 835 1858 ἢ
849 1824 886 1858 τῷ
901 1823 960 1858 Θεῷ

172 1871 252 1905 Λόγῳ
263 1871 310 1897 καὶ
330 1870 435 1905 Σωτῆρι
454 1870 548 1905 ἡμῶν,
564 1870 592 1901 ὃς
607 1869 651 1895 τὸν
673 1869 788 1905 ἄρχοντα
805 1870 850 1896 τοῦ
866 1869 961 1900 αἰῶνος

173 1916 278 1948 τούτου,
297 1916 379 1943 πάλαι
395 1916 525 1951 πρότερον
540 1914 731 1949 πολιορκοῦντα
745 1914 775 1940 τὺ
788 1914 840 1940 τῶν
859 1913 962 1949 ἀνθρώ-

173 1971 232 1989 πων
247 1963 334 1996 γένος,
351 1961 468 1993 καθεῖλε,
483 1961 566 1992 λύσας
588 1961 637 1994 τὰς
656 1961 752 1993 ὠδῖνας
766 1960 812 1987 τοῦ
832 1961 959 1987 θανάτου·

172 2009 186 2035 δ
197 2008 245 2035 καὶ
258 2008 338 2040 αὐτὸς
353 2008 500 2043 παρίστησι
517 2008 605 2043 φήσας
615 2028 621 2039 ,
637 2018 645 2033 ι
665 2005 764 2039 ἾΙλθες
775 2008 796 2033 δ’
812 2008 857 2034 ἐπὶ
872 2007 961 2042 πηγὴν

173 2055 327 2091 Θαλάσσης
344 2056 372 2081 ἐν
384 2055 411 2081 δὲ
425 2055 523 2090 ἴχνεσιν
535 2055 651 2081 ἀϐύσσου
660 2055 877 2090 περιεπάτησας;
893 2054 962 2081 ἀνοί-

172 2109 266 2134 γονται
280 2100 309 2126 δέ
325 2108 365 2126 σοι
382 2099 456 2134 φόϐῳ
472 2099 554 2126 πύλαι
571 2100 684 2126 θανάτου
696 2108 703 2132 ;
717 2099 835 2135 πυλωροὶ
855 2099 883 2126 δὲ
900 2099 961 2134 ᾅδου

174 2146 273 2178 ἰδόντες
297 2154 327 2172 σε
352 2145 491 2181 ἑπτηξαν;
513 2156 521 2171 i
536 2145 627 2172 Ταῦτα
653 2145 680 2171 δὲ
697 2145 808 2177 εἰκότως
832 2146 900 2181 πρὸς
919 2145 962 2173 τὸν

178 2192 239 2219 ’ἰὼὸ
256 2191 419 2228 χρηματίζει
439 2191 507 2226 μετὰ
518 2192 563 2218 τὸν
580 2191 665 2226 μέγαν
682 2191 842 2226 πειρασμὸν,
869 2190 898 2217 ὃν
913 2191 963 2216 ὑπ-

1011 959 1134 986 videntes
1145 963 1171 985 te
1185 958 1273 984 territi
1285 956 1373 984 sunt?
1392 965 1401 980 ι
1421 954 1572 982 Salvatoris
1588 953 1673 980 nostri
1683 951 1796 979 descen-

1012 1013 1072 1032 sum
1101 1004 1134 1032 ad
1162 1003 1265 1031 inferos
1295 1002 1460 1037 signiﬁcare,
1478 1008 1528 1028 suo
1555 1003 1675 1033 tempore
1686 997 1798 1025 demon-

1012 1051 1169 1083 strabimus,
1187 1049 1300 1078 simodo
1317 1049 1367 1076 hoc
1379 1048 1439 1075 loco
1455 1047 1480 1074 id
1494 1054 1576 1074 unum
1593 1045 1795 1073 notaverimus:

1012 1097 1066 1125 Deo
1082 1097 1170 1125 Verbo
1185 1096 1271 1130 magis
1285 1102 1364 1130 quain
1385 1093 1439 1120 Deo
1450 1092 1535 1125 Patri,
1546 1099 1606 1126 quae
1620 1090 1654 1117 ad
1674 1090 1744 1117 hunc
1758 1090 1797 1116 lo-

1011 1150 1072 1169 cum
1086 1141 1229 1177 pertinent.
1242 1148 1302 1167 esse
1311 1138 1463 1166 tribuenda.
1475 1137 1557 1173 248
1570 1136 1622 1163 Job
1635 1136 1726 1171 igitur,
1743 1136 1797 1163 sic-

1012 1192 1042 1215 ut
1065 1188 1146 1215 etiam
1167 1186 1263 1221 reliqui
1288 1189 1390 1220 patres,
1420 1184 1508 1218 ipsum
1538 1183 1610 1210 hunc.
1625 1183 1659 1209 ab
1672 1181 1749 1208 initio
1765 1180 1798 1208 de

1012 1235 1117 1263 turbine
1139 1239 1166 1261 et
1186 1233 1304 1261 nubibus
1329 1233 1538 1267 respondentem
1566 1230 1617 1258 sibi
1641 1229 1796 1261 Dominum,

1011 1288 1102 1308 coram
1113 1288 1142 1308 se
1160 1280 1287 1307 intuitum
1305 1287 1365 1306 esse
1381 1278 1554 1309 testiﬁcatur,
1571 1275 1666 1302 dicens
1680 1282 1686 1301 :
1706 1284 1714 1300 ι
1727 1275 1796 1302 Audi

1011 1334 1076 1354 vero
1087 1334 1139 1358 me,
1158 1326 1279 1358 Domine,
1310 1329 1339 1352 ut.
1357 1325 1438 1352 etiam
1454 1331 1504 1360 ego
1521 1324 1627 1359 loquar,
1642 1327 1669 1350 et
1681 1321 1798 1350 interro~

1011 1373 1081 1408 gabo
1102 1375 1139 1405 te,
1159 1375 1186 1399 et
1213 1376 1242 1398 tu
1264 1380 1308 1399 me
1334 1371 1430 1398 doceto
1448 1378 1454 1396 :
1471 1369 1566 1397 auditu
1589 1369 1698 1404 quidem
1724 1368 1798 1395 auris

1011 1418 1103 1445 audivi
1120 1422 1145 1445 te
1163 1418 1249 1452 prius,
1265 1425 1339 1445 nune
1362 1422 1451 1444 autem
1466 1416 1564 1443 oculus
1582 1422 1658 1442 meus
1674 1414 1741 1440 vidit
1761 1418 1796 1440 te.

1012 1463 1145 1497 Quocirca
1157 1464 1237 1491 vilem
1251 1463 1334 1490 habui
1349 1463 1494 1497 meipsum,
1510 1466 1536 1489 et
1555 1460 1716 1496 liquefactus
1726 1466 1796 1490 sum,

1011 1513 1038 1537 et
1053 1510 1144 1544 putavi
1161 1509 1296 1544 meipsum
1314 1513 1414 1536 terram
1429 1511 1456 1534 et
1470 1507 1601 1534 cinerem.
1613 1516 1622 1532 ι
1644 1505 1696 1538 Qui
1709 1511 1797 1532 autem

1013 1555 1071 1582 ﬁeri
1086 1558 1186 1590 potest,
1217 1558 1246 1581 ut
1270 1562 1427 1590 supremum
1450 1553 1546 1585 Deum,
1562 1557 1588 1580 et
1610 1560 1672 1579 eum
1692 1551 1739 1587 qui
1755 1555 1798 1578 est

1010 1599 1080 1626 ultra
1095 1599 1196 1632 omnia,
1213 1600 1409 1627 immutabilem
1428 1599 1522 1634 utique
1543 1602 1570 1625 et
1590 1598 1739 1633 ingenitam
1752 1604 1796 1624 es-

1009 1645 1134 1676 sentiam,
1151 1645 1240 1672 anima
1251 1645 1344 1672 induta
1358 1652 1481 1680 corpore,
1494 1649 1520 1672 et
1542 1644 1613 1671 OCuli
1635 1643 1788 1670 mortalium

1009 1690 1100 1717 intuiti
1109 1690 1174 1723 sint,
1189 1690 1241 1718 nisi
1257 1690 1337 1726 plane
1360 1691 1412 1717 hoc
1440 1690 1521 1718 etiam
1537 1689 1607 1721 loco.
1632 1688 1724 1723 egredi
1755 1687 1790 1716 de

1009 1736 1118 1771 propria
1145 1737 1332 1772 magnitudine
1355 1736 1401 1764 Dei
1415 1735 1545 1769 Verbum,
1562 1735 1651 1770 ipsum
1674 1734 1720 1769 qui
1745 1733 1799 1761 Do-

1010 1783 1100 1809 minus
1122 1790 1184 1810 esse
1200 1802 1208 1814 ,
1234 1783 1318 1810 variis
1347 1782 1551 1809 demonstratur
1579 1780 1677 1812 modis,
1708 1788 1794 1815 eoque

1011 1828 1091 1855 modo
1103 1828 1232 1855 exhibere
1253 1836 1281 1855 se
1307 1828 1452 1855 videndum
1481 1827 1648 1859 dixerimus,
1666 1828 1796 1862 quemad-

1011 1874 1119 1902 modum
1135 1874 1198 1901 licet
1216 1874 1258 1901 vel
1282 1882 1315 1900 ex
1337 1874 1403 1909 ipsis
1427 1874 1548 1901 oraculis
1563 1873 1678 1906 discere,
1696 1873 1722 1900 in
1735 1873 1797 1908 qui-

1012 1921 1062 1948 bus
1075 1928 1173 1948 rursus
1187 1920 1244 1955 ipse
1256 1919 1388 1947 Dominus
1403 1920 1435 1947 ad
1464 1919 1515 1947 Job
1526 1927 1557 1947 ea
1580 1927 1640 1955 quia
1654 1919 1687 1946 ad
1701 1919 1796 1947 diabo-

1012 1966 1066 1993 lum
1091 1966 1237 2001 pertinent,
1269 1970 1398 2001 tanquam
1419 1965 1451 1993 de
1473 1965 1592 1992 dracone
1607 1972 1739 1992 enarrans
1757 1965 1794 1991 iii-

1012 2011 1113 2044 stabat,
1142 2010 1220 2038 «Non
1237 2011 1317 2038 times
1346 2011 1472 2045 quoniam
1503 2016 1612 2045 paratus
1623 2015 1665 2037 est
1679 2009 1766 2037 mihi?
1785 2019 1794 2036 ι

1012 2056 1061 2083 Cui
1072 2056 1143 2084 enim
1160 2056 1284 2087 Domino,
1298 2056 1444 2083 draconem
1455 2060 1578 2091 paratum
1591 2064 1651 2083 esse
1671 2056 1796 2083 arbitrari

1013 2103 1150 2135 convenit,
1167 2103 1219 2130 nisi
1234 2102 1288 2130 Deo
1303 2102 1392 2130 Verbo
1410 2106 1437 2130 et
1452 2102 1584 2130 Salvatori
1599 2107 1702 2134 nostro,
1717 2110 1796 2137 quem

1012 2149 1160 2184 principem
1176 2149 1256 2183 hujus
1272 2149 1362 2176 seaculi
1382 2149 1545 2184 jampridem
1557 2157 1642 2184 genus
1657 2149 1796 2176 hominum

1013 2195 1219 2229 depopulaiitem
1237 2196 1358 2228 sustulit,
1380 2195 1521 2223 dissolutis
1536 2195 1632 2223 mortis
1644 2194 1795 2226 doloribus,

172 2237 274 2273 έμεινε,
292 2237 339 2264 καὶ
358 2237 460 2271 ἀγῶνα,
476 2237 606 2264 διδάσκων
624 2236 762 2267 amoma-ti
781 2237 849 2272 ὑπὲρ
863 2236 960 2272 μέρους

1013 2238 1084 2286 quod
1109 2239 1217 2273 quidem
1247 2240 1348 2275 ipsum,
1379 2240 1437 2274 ipse
1458 2247 1565 2274 quoque
1589 2240 1662 2267 dicat
1691 2240 1796 2271 dicens,

171 2283 332 2319 ἠγώνισται,
354 2283 401 2310 τοῦ
420 2282 541 2318 μείζονος
561 2283 607 2309 καὶ
631 2282 823 2318 κραταιοτέρου
844 2283 959 2318 πολέμου

1017 2293 1026 2309 ι
1045 2283 1148 2311 Venisti
1177 2292 1241 2312 vero
1270 2286 1303 2312 ad
1334 2285 1434 2312 fontem
1469 2286 1563 2317 maris,
1587 2291 1614 2312 et
1637 2286 1664 2312 in
1678 2285 1798 2320 vestigiis

172 2329 221 2374 καὶ
236 2329 342 2363 ἀγῶνος
351 2328 425 2364 αὐτῷ
439 2328 478 2364 τῷ
494 2329 588 2365 Κυρίῳ
608 2329 815 2364 πεφυλαγμένου
831 2329 901 2355 κατὰ
916 2330 960 2356 τὸν

1014 2331 1103 2366 abyssi
1125 2330 1322 2359 deambulasti?
1342 2332 1501 2367 aperiuntur
1527 2337 1617 2359 autem
1639 2332 1687 2359 tibi
1702 2333 1798 2359 timore

172 2374 267 2410 καιρὸν
280 2375 329 2410 τῆς
345 2375 386 2406 εἰς
402 2375 447 2401 τὴν
462 2374 573 2401 θάνατον
588 2375 670 2401 αὑτοῦ
685 2375 845 2410 παρουσίας.

1012 2382 1097 2411 portae
1113 2377 1207 2404 mortis
1219 2377 1230 2403 ‘?
1244 2382 1271 2404 et
1295 2377 1426 2412 ianitores
1455 2376 1605 2404 inferorum
1629 2377 1751 2405 videntes
1772 2381 1798 2404 te
1814 2407 1817 2410 ,

174 2421 260 2449 territi
278 2421 362 2448 sunt?
379 2430 388 2446 ›
405 2420 467 2448 Hice
491 2428 557 2448 sane
584 2420 680 2448 merito
701 2421 735 2447 ad
760 2420 811 2448 Job
824 2421 954 2455 loquitur,
975 2426 1036 2456 post
1069 2430 1194 2457 magnam
1220 2424 1408 2455 tentationem,
1425 2427 1540 2458 postque
1553 2430 1679 2458 magnum
1710 2428 1796 2449 ceria-

172 2477 236 2497 men
250 2468 322 2504 quod
338 2468 478 2499 sustinuit.
495 2468 597 2496 docens
614 2476 686 2501 eum,
710 2468 784 2503 quod
807 2476 854 2503 pro
879 2474 955 2503 parte
974 2470 1128 2504 certaverit,
1147 2478 1208 2498 cum
1242 2471 1350 2499 interim
1370 2471 1459 2505 majus
1474 2469 1625 2502 fortiusque
1643 2468 1742 2497 bellum
1770 2473 1797 2496 et

171 2519 323 2543 certamen'
341 2514 392 2549 ipsi
405 2514 519 2542 Domino
531 2518 693 2546 reservetur,
710 2514 762 2541 sub
786 2519 893 2548 tempus
915 2514 958 2541 sui
977 2515 1011 2542 ad
1029 2519 1143 2543 mortem
1158 2516 1302 2544 adventus.

432 2574 629 2601 ΚΕΦΑΛΛΙΟΝ
643 2576 708 2602 KA’.

176 2619 250 2648 Ἀπὸ
274 2619 328 2646 τοῦ
353 2621 379 2652 t,’
403 2619 535 2654 ψαλμοῦ.
554 2635 588 2639 -
607 2619 664 2654 ΑὯς
679 2620 734 2647 δύο
758 2622 886 2654 Κυρίους
910 2622 959 2648 καὶ

334 2656 350 2681 ό
372 2652 566 2689 προκείμενος
588 2652 650 2681 οἶδε
668 2656 799 2690 ψαλμός.

205 2710 218 2726 ί
239 2700 302 2727 Ὀτι
328 2701 371 2731 σὺ,
396 2699 491 2736 Κύριε,
506 2700 583 2731 ἐλπίς
602 2709 662 2735 μου,
684 2701 728 2727 τὸν
747 2700 877 2735 ’Ὕψιστον
900 2701 960 2729 ἔθου

168 2746 331 2780 καταφυγήν
346 2753 402 2772 σου.
416 2746 453 2772 Οὺ
471 2745 679 2781 προσελεύσεται
691 2746 758 2780 πρὸς
772 2746 801 2772 σὲ
818 2746 897 2778 κακὰ,
914 2748 961 2774 καὶ

168 2791 270 2828 μάστιξ
285 2792 336 2818 οὐκ
347 2791 434 2825 ἐγγιεῖ
450 2790 486 2826 τῷ
498 2791 654 2827 σκηνώματί
671 2800 717 2818 σου
728 2800 734 2806 ⁸
751 2792 790 2818 ὅτι
808 2794 862 2824 τοῖς
878 2793 960 2828 dans"

201 2869 224 2884 "
241 2868 295 2895 Job
325 2876 440 2901 xxxviii,
470 2868 562 2897 12-17.
600 2870 622 2885 ’³
642 2868 693 2896 Joh
720 2877 786 2901 XL",
803 2868 860 2898 ι-6.

1300 2576 1413 2604 CAPUT
1432 2576 1502 2603 XXI.

1012 2621 1033 2648 Α
1048 2628 1082 2648 xc
1094 2622 1206 2652 psalmo.
1218 2638 1252 2642 —
1261 2622 1338 2655 Quod
1345 2622 1412 2649 duas
1432 2630 1558 2656 personas
1582 2622 1661 2649 etiam
1678 2621 1797 2656 proposi-

1241 2662 1282 2684 tus
1298 2659 1416 2693 agnoscit
1430 2657 1559 2692 psalmus.

1050 2712 1058 2728 i
1076 2702 1208 2735 Quoniam
1235 2708 1274 2735 tu,
1299 2703 1421 2735 Domine,
1446 2711 1509 2738 spes
1532 2710 1602 2734 inea,
1626 2702 1796 2729 Altissimuin

1011 2748 1126 2783 posuisti
1143 2747 1276 2783 refugium
1292 2753 1366 2775 tuum
1384 2757 1390 2775 :
1409 2756 1462 2775 non
1481 2746 1609 2775 accedent
1623 2745 1656 2773 ad
1674 2749 1699 2773 te
1715 2745 1795 2777 mala,

1010 2798 1036 2821 et
1051 2793 1184 2830 flagellum
1201 2802 1255 2822 non
1282 2794 1511 2830 appropinquabit
1535 2793 1710 2821 tabernaculo
1726 2795 1794 2819 tuo:
