2084 3216
302 168 355 194 Δο5

637 164 770 191 EUSEBII
790 163 1028 192 CALSARIENSIS
1042 163 1116 191 OPP.
1136 162 1225 190 PARS
1241 161 1273 189 II.
1291 178 1326 182 —
1338 160 1586 189 APOLOGETICA.

1870 159 1922 186 ιοι

302 223 429 260 quoniam
445 223 547 258 angelis
560 221 618 250 suis
634 221 771 249 mandavit
787 222 820 249 de
838 226 873 253 te,
890 221 972 257 2&9
985 221 1012 248 in
1028 229 1085 247 ma-

1137 219 1191 251 λοις
1212 218 1293 246 αὑτοῦ
1312 219 1458 245 ἐντελεῖται
1481 217 1544 254 περὶ
1563 216 1620 243 σοῦ.
1639 215 1699 242 Ἐπὶ
1714 215 1813 250 χειρῶν
1825 215 1924 247 άροῦσί

303 270 384 298 nibus
406 270 500 296 tollent
526 273 562 300 te,
591 276 624 296 ne
648 269 757 303 quando
773 267 895 296 oll‘cndas
918 269 950 295 ad
968 268 1084 302 lapidem

303 316 396 348 pedem
412 319 505 342 tuum:
526 322 608 350 super
624 313 746 349 aspidem
760 318 786 341 et
804 314 927 349 regulum
941 314 1083 345 ascendes.

303 366 328 389 et
344 361 518 388 conculcabis
535 361 640 388 leonem
669 364 696 388 ct
718 360 865 388 draconem
880 360 913 386 ⁹³.
925 370 935 386 ›
956 360 1003 388 His
1019 368 1085 388 sane

303 409 388 434 utitur
420 407 531 434 vocibus
562 407 697 438 diabolus,
726 407 752 433 in
777 406 926 434 tentatione
954 407 1085 434 adversus

303 452 472 480 Salvatorem
494 457 627 480 nostrum.
643 452 834 485 Contemplare
853 452 898 479 hic
913 452 1004 487 igitur,
1018 461 1086 487 quo-

304 507 364 531 nam
380 499 459 525 modo
477 499 597 533 psalmus
614 498 647 524 ad
661 498 749 533 ipsum
766 498 908 525 Dominum
919 499 973 525 ait:
989 508 999 524 ι
1011 498 1085 532 Quo-

304 545 374 572 uiam
389 549 427 576 tu,
449 543 572 576 Domine,
598 551 660 578 spes
679 551 749 576 mea,
779 544 949 571 Altissimum
969 545 1085 579 posuisti

305 589 435 623 refugium
452 592 538 616 tuum.
556 591 596 615 Tu
623 590 695 617 enim
719 590 786 624 ipse,
811 591 908 625 inquit,
927 598 986 618 mea
1011 599 1084 626 spes,

303 641 318 662 0
332 635 454 667 Domine,
474 635 548 661 illum
565 642 580 662 a
595 643 648 671 quo
659 635 716 670 ipse
731 645 771 668 es,
787 636 873 664 Deum
895 637 984 672 ipsum
1008 638 1086 664 altis—

304 679 399 707 simum
430 683 457 707 et
479 687 635 714 suprcmmn
662 685 686 707 et
707 685 782 708 tuum
807 681 926 713 Patrem,
951 681 1086 717 refugium

303 726 432 761 posuisti,
449 731 561 762 propter
583 727 655 762 quod
671 735 724 754 non
746 728 876 755 accedent
902 727 936 754 ad
959 732 986 755 te
1004 729 1084 760 mala,

304 773 333 799 ad
347 776 383 803 te,
400 773 521 807 inquam,
537 781 625 800 meum
651 772 805 805 Dominum,
830 777 857 800 et
878 773 1011 809 ﬂagellum
1032 783 1085 802 non

303 819 532 854 appropinquabit
547 820 723 848 tahernaculo
737 825 793 847 tuo.
810 830 818 846 ι
833 819 901 847 Nam
916 821 968 848 etsi
989 820 1086 848 nefarii

304 864 427 893 homines
453 865 624 892 conabuntur
644 871 669 893 te
689 866 824 894 hominem
851 866 951 894 factum
974 866 1086 901 ﬂagellis

303 912 417 943 credere,
434 912 485 940 etsi
505 913 585 939 morti
599 913 717 946 tradere,
744 913 900 948 neutiquam
929 917 1019 940 tamen
1034 913 1084 940 lla-
1102 910 1122 936 Β

303 958 413 997 gallum,
431 958 503 993 quod
527 966 542 985 a
556 958 611 986 Deo
624 964 676 991 est,
692 963 739 987 tuo
760 959 1085 995 appropinquabittaber—

303 1003 535 1035 naeulo,hocest.
553 1009 599 1031 tuo
614 1005 733 1040 corpori,
759 1013 813 1040 quo
839 1005 964 1033 videlicet
976 1011 1087 1040 propter

303 1056 354 1076 nos
370 1049 451 1077 homo
467 1049 567 1083 factus,
589 1050 701 1078 indutus
725 1042 820 1079 esJAd
836 1052 960 1079 eumdem
974 1051 1084 1078 modum

302 1095 522 1122 accommodabis
557 1096 591 1127 ei,
608 1104 668 1131 quae
697 1097 724 1123 in
755 1101 811 1125 toto
825 1097 930 1137 psalmo
947 1097 1085 1128 dicuntur,

302 1147 362 1177 qum
374 1147 440 1167 sane
458 1148 508 1168 nos
524 1148 632 1176 quoque
642 1150 692 1170 suo
713 1146 833 1178 tempore
851 1142 1045 1177 disquiremus.
1061 1147 1088 1170 et

303 1186 556 1221 contemplabimur.

583 1242 698 1270 CAPUT
722 1243 804 1270 XXII.

302 1286 340 1314 Δί)
355 1286 430 1314 Osee.
439 1288 519 1316 ——De
531 1288 584 1315 Deo
605 1288 686 1316 Verbo
695 1294 719 1316 et
735 1289 826 1321 Patre,
841 1291 908 1317 sicut
921 1290 952 1318 de
964 1290 1085 1318 Domino.

339 1375 347 1391 ι
362 1365 421 1393 Νοη
447 1366 632 1402 derelinquam
660 1372 689 1395 ut
713 1369 815 1396 deleam
837 1369 932 1401 Jacob,
957 1371 1086 1405 quoniam

303 1410 375 1439 Deus
386 1420 435 1447 ego
454 1421 523 1447 sum,
538 1417 564 1441 et
575 1422 628 1440 non
646 1414 728 1442 homo
751 1415 776 1442 in
806 1418 832 1442 te
852 1420 974 1449 sanctus,
991 1420 1018 1444 et
1032 1425 1087 1445 non

302 1459 441 1493 ingrediar
466 1459 494 1486 in
525 1459 664 1487 civitatem
694 1468 700 1485 :
733 1464 793 1495 post
819 1460 962 1488 Dominum
990 1463 1088 1490 ambu-

302 1505 363 1531 labo
381 1505 414 1530 ³³.
430 1515 439 1530 ν
452 1504 500 1532 Hic
513 1509 539 1533 et
563 1513 612 1540 per
628 1507 679 1532 alia
703 1506 745 1533 his
759 1507 867 1540 similia,
879 1507 950 1535 Deus
967 1507 1086 1536 Verbum

301 1548 383 1576 homo
393 1549 490 1582 iactus,
508 1550 541 1577 ad
556 1559 604 1578 eos
620 1551 695 1583 dicit.
713 1552 759 1587 qui
775 1552 860 1579 virum
875 1553 983 1588 quidem
997 1554 1085 1588 ipsum

1140 274 1169 292 σε
1179 287 1186 296 ,
1203 266 1238 301 μή
1254 273 1318 291 ποτε
1332 265 1507 301 προσκόπτῃς
1522 263 1589 299 πρὸς
1609 262 1681 289 λίθον
1699 261 1766 288 πόδα
1781 270 1839 288 σου,
1860 261 1923 287 Ἑπὶ

1139 311 1239 337 ἀσπίδα
1254 311 1300 338 καὶ
1318 310 1472 346 βασιλίσκον
1489 309 1608 344 ὲπιϐἠσῃ
1622 328 1629 339 ,
1651 308 1698 335 καὶ
1719 307 1923 342 καταπατήσεις

1139 356 1231 383 λέοντα
1241 355 1288 382 καὶ
1298 356 1441 391 δράκοντα.
1456 364 1465 380 ι
1481 354 1598 385 Ταύταις
1611 354 1625 380 ὁ
1636 352 1757 384 διάϐολος
1768 353 1796 379 ἐν
1804 351 1844 386 τῷ
1853 351 1924 378 κατὰ

1138 402 1184 428 τοῦ
1201 401 1412 437 Σωτῆροςὴμῶν
1428 399 1575 436 πειρασμῷ
1591 399 1722 435 κέχρηται
1734 399 1792 430 ταῖς
1806 398 1921 430 λέξεσιν.

1140 448 1209 484 Ὅρα
1224 447 1256 483 δὴ
1273 445 1320 474 οὖν
1334 447 1394 474 τίνα
1403 447 1502 483 τρόπον
1521 447 1536 473 ὁ
1558 446 1664 481 ψαλμὺς
1686 445 1754 480 πρὸς
1774 444 1854 470 αὐτὸν
1876 443 1923 469 τὸν

1139 493 1239 529 Κύριόν
1269 502 1367 529 φησιν·
1390 503 1398 519 ι
1423 494 1484 520 Ὅτι
1504 493 1535 519 σὺ
1548 513 1555 525 ,
1572 492 1671 528 Κύριε,
1690 491 1766 522 ὲλπίς
1785 499 1855 526 μου,
1876 489 1922 515 τὸν

1139 541 1269 575 ’Ὕψιστον
1281 540 1341 566 ἔθου
1358 540 1517 574 καταφυγήν
1537 547 1593 565 σου.
1612 548 1620 563 ι
1641 538 1676 564 Σὺ
1691 538 1745 573 γὰρ
1758 536 1849 568 αὐτὸς,
1868 545 1922 570 φη‹

1140 584 1191 616 civ,
1206 584 1222 618 ὴ
1236 584 1288 619 ἐμὴ
1303 583 1389 616 ἐλπὶς,
1405 581 1427 610 ὦ
1437 583 1533 618 Κύριε,
1559 582 1667 618 μείζονα
1681 581 1790 613 σαυτοῦ,
1801 581 1846 607 τὸν
1856 580 1922 606 Θεὸν

1139 629 1219 656 αὑτὸν
1233 629 1277 656 τὸν
1293 629 1402 664 ὕψιστον
1422 630 1467 656 καὶ
1482 629 1528 655 ἐπὶ
1546 629 1653 655 πάντων
1681 628 1728 654 καὶ
1749 626 1848 654 σαυτοῦ
1865 627 1923 653 Ila.

1139 676 1214 711 τέρα.
1232 676 1391 711 καταφυγὴν
1403 675 1463 702 ἔθου
1472 684 1479 691 ·
1493 675 1526 701 δι’
1538 675 1567 702 δν
1582 675 1613 701 οὐ
1629 673 1838 710 προσελεύσεται
1851 672 1924 699 κακά

1140 719 1207 755 πρὸς
1221 719 1268 749 σὲ,
1282 718 1350 755 πρὸς
1367 720 1397 745 σὲ
1419 719 1463 745 τὸν
1483 719 1549 754 ἐμὸν
1565 719 1683 754 Κύριον,
1701 718 1748 744 καὶ
1764 716 1861 752 μάστιξ
1873 717 1924 743 οὐκ

1139 766 1225 799 ἐγγιεῖ
1240 765 1278 800 τῷ
1295 765 1452 800 σκηνώματι
1464 774 1519 791 σου.
1539 775 1547 790 ι
1561 764 1620 791 Κᾶν
1635 764 1692 800 γὰρ
1707 763 1814 795 ἀσεϐεῖς
1827 763 1924 798 ἄνδρες

1140 811 1335 846 ἐπιχειρήσωσι
1363 810 1611 846 ὲνανθρωπήσαντά
1636 818 1667 836 σε
1695 809 1852 845 μαστίζειν,
1871 808 1924 834 κᾶν

1140 856 1178 891 τῷ
1196 855 1302 891 θανάτῳ
1317 856 1505 892 παραδιδόναι,
1520 857 1576 883 ἀλλ’
1586 856 1646 883 οὔτι
1660 864 1691 890 γε
1708 856 1725 890 ἡ
1743 856 1775 882 ὲκ
1789 854 1857 881 Θεοῦ
1871 855 1924 890 μά-

1138 902 1194 934 στιξ
1204 901 1242 937 τῷ
1253 902 1291 937 σῷ
1303 903 1460 937 προσεγγιεῖ
1471 901 1638 937 σκηνώματι,
1650 901 1721 928 τοῦτ’
1730 901 1786 927 ἐστι
1800 900 1921 936 σώματι,

1137 945 1151 972 ὃ
1174 946 1293 981 δηλονότι
1320 947 1351 973 δι’
1381 948 1454 982 ἡμᾶς
1474 947 1685 983 ὲνανθρωπήσας
1715 945 1922 982 περιϐέϐλησαι.

1138 991 1248 1023 Τούτοις
1264 992 1416 1024 ἀκολούθως
1432 993 1596 1028 ὲφαρμύσεις
1616 992 1690 1027 αὐτῷ
1705 992 1737 1018 τὰ
1751 992 1784 1018 δι’
1797 992 1857 1018 ὅλου
1876 991 1923 1018 τοῦ

1137 1035 1243 1071 ψαλμοῦ
1257 1037 1423 1072 δηλούμενα.
1440 1037 1458 1064 a
1471 1038 1518 1065 καὶ
1526 1038 1602 1065 αὐτοὶ
1611 1038 1681 1065 κατά
1696 1037 1740 1064 τὸν
1751 1038 1850 1064 οίκείον
1863 1045 1923 1065 και-

1139 1082 1185 1117 ρὸν
1204 1083 1436 1120 ὲπιθεωρήσομεν.

1390 1241 1587 1268 ΚΕΦΑΛΑΙΟΝ
1603 1241 1667 1268 KB’.

1145 1285 1216 1312 Ἀπό
1233 1286 1287 1313 τοῦ
1306 1285 1521 1322 Ὁσηέ.τ-Περὶ
1547 1286 1598 1313 τοῦ
1612 1285 1684 1313 Θεοῦ
1699 1287 1795 1322 Λόγου
1807 1286 1922 1314 καὶτοῦ

1327 1321 1454 1354 Πατρός,
1469 1321 1509 1354 ὡς
1527 1322 1593 1354 περὶ
1611 1322 1730 1355 Κυρίου.

1176 1377 1186 1393 ι
1198 1367 1236 1394 Οὐ
1250 1367 1286 1403 μὴ
1295 1367 1480 1402 ἐγκαταλείψω
1492 1367 1538 1393 τοῦ
1551 1367 1737 1403 ἐξαλειφθῆναι
1751 1368 1797 1394 τὸν
1813 1367 1920 1399 Ἰακὼὸ,

1137 1413 1178 1440 δτι
1197 1413 1262 1445 Θεὸς
1276 1412 1330 1447 ἐγώ
1348 1414 1419 1448 εἰμι,
1437 1413 1483 1440 καὶ
1497 1413 1545 1439 οὐκ
1561 1413 1701 1449 ἄνθρωπος
1723 1414 1750 1439 ὲν
1772 1413 1812 1440 σοὶ
1834 1413 1921 1447 ἅγιος·

1138 1459 1183 1486 καὶ
1200 1460 1250 1485 οὐκ
1269 1459 1456 1494 εἰσελεύσομαι
1471 1460 1511 1490 είς
1526 1459 1602 1485 πόλιν
1615 1468 1622 1475 ·
1647 1459 1734 1486 ὀπίσω
1754 1459 1856 1495 Κυρίου
1874 1468 1921 1485 πο-

1140 1504 1278 1540 ρεύσομαι.
1297 1514 1306 1530 ι
1341 1504 1470 1531 Ἐνταῦθα
1483 1505 1529 1531 καὶ
1548 1505 1591 1531 διὰ
1607 1504 1707 1531 τούτων
1724 1505 1737 1530 ὁ
1755 1505 1820 1536 θεὸς
1837 1505 1922 1538 Λόγος

1138 1551 1348 1586 ὲνανθρωπήσας
1384 1551 1452 1586 πρὸς
1474 1551 1537 1582 τοὺς
1556 1550 1698 1584 ἄνθρωπον
1723 1550 1802 1576 αὑτὸν
1832 1550 1920 1584 ἅγιον,

303 1600 438 1628 sanctum,
451 1605 505 1623 non
520 1601 610 1624 autem
624 1597 708 1624 Deum
723 1605 784 1626 esse
799 1598 979 1626 conﬁtentur:
992 1609 1000 1625 ι
1015 1600 1085 1627 Deus

1137 1595 1194 1622 ἀλλ’
1207 1596 1237 1622 οὐ
1252 1596 1317 1622 Θεὸν
1344 1594 1411 1622 εἶναι
1439 1595 1636 1631 ὁμολογοῦντας
1650 1605 1656 1612 ι
1673 1605 1683 1621 ι
1699 1595 1765 1627 Θεὸς
1778 1596 1832 1630 ἐγώ
1846 1598 1903 1631 εὶμι
1913 1617 1920 1627 ,

301 1649 351 1677 ego
381 1651 453 1674 sum.
479 1643 576 1678 inquit.
603 1647 630 1672 et
652 1652 706 1671 non
734 1645 814 1672 homo
830 1645 856 1671 in
877 1648 904 1672 te
918 1650 1050 1673 sanctus:
1072 1656 1082 1672 ›

301 1687 398 1715 deinde
409 1688 454 1715 ubi
472 1688 554 1716 Deum
576 1690 693 1724 seipsum
708 1690 786 1721 dixit,
799 1690 941 1718 Dominum
956 1699 987 1718 ac
1001 1691 1084 1719 Deum

301 1737 328 1760 et
345 1733 452 1762 Patrem
472 1743 550 1762 suum
563 1736 677 1767 indicat,
695 1736 844 1771 adiungens
860 1746 866 1764 :
884 1746 893 1762 ι
907 1738 973 1765 Post
991 1737 1084 1765 Domi-

300 1787 365 1807 num
382 1779 545 1808 ambulaho:
569 1791 577 1807 ι
597 1781 661 1809 illud
675 1785 764 1809 autem
780 1790 787 1808 τ
806 1792 815 1808 ι
830 1782 890 1810 Νοη
906 1783 1043 1819 ingrediar
1057 1784 1084 1812 in

301 1827 452 1858 civitatem,
469 1837 478 1852 ι
493 1827 653 1863 abnegantis
670 1836 735 1856 sane
753 1828 834 1856 fuerit
845 1837 1027 1865 communem,
1053 1839 1085 1858 ac

301 1872 459 1907 popularem
483 1872 622 1899 hominum
648 1874 854 1908 rempublicam,
883 1882 898 1901 a
927 1883 980 1910 qua
1003 1876 1084 1904 etiam

301 1925 367 1944 suos
381 1917 530 1951 discipulos
554 1922 690 1950 avertens,
713 1920 769 1946 ait:
794 1929 803 1944 ι
821 1919 849 1946 In
867 1921 937 1947 viam
964 1923 1083 1956 gentium

302 1970 336 1989 ne
351 1962 483 1993 abieritis,
499 1965 525 1989 et
542 1963 568 1989 in
592 1963 728 1991 civitatem
746 1964 978 1993 Samaritanorum
991 1975 1025 1994 ne
1041 1967 1084 1994 in-

300 2008 439 2035 traveritis
453 2008 485 2034 ".
501 2018 510 2034 ι

528 2065 609 2106 250
625 2066 738 2094 CAPUT
761 2067 854 2096 XXIII.

300 2119 340 2152 Ab
358 2120 447 2158 Armis:
465 2136 499 2141 —
517 2121 554 2149 De
567 2121 704 2155 Saluatore
714 2129 814 2157 nostra,
831 2126 900 2157 sicut
915 2126 946 2153 de
961 2125 1081 2158 Domino,

337 2160 360 2197 et
377 2155 409 2182 de
424 2155 514 2196 Pqtre,
533 2158 598 2184 sicut
614 2159 645 2184 de
661 2159 714 2186 Deo
729 2168 737 2186 :
753 2167 777 2188 et
801 2155 1004 2188 delludmorum
1023 2155 1084 2197 gen:-

336 2195 369 2216 ιη
384 2195 524 2219 eversione.

339 2244 348 2261 ι
368 2236 456 2263 Everti
470 2246 528 2270 vos,
556 2239 626 2266 sicut
653 2241 751 2267 evertit
765 2240 835 2269 Dens
851 2240 968 2269 Sodoma
986 2246 1013 2270 et
1033 2242 1084 2269 ϐο·
1098 2257 1121 2286 ο

299 2282 408 2309 mnrrha
423 2293 428 2310 :
447 2287 473 2310 et
483 2283 544 2311 facti
559 2287 625 2313 estis
641 2287 718 2321 quasi
735 2287 818 2315 torris
835 2292 944 2323 ereptus
956 2297 989 2315 ex
1008 2289 1080 2324 igne.

297 2327 329 2354 Et
341 2335 375 2355 ne
391 2328 429 2356 sic
442 2330 549 2363 quidem
565 2334 689 2359 conversi
707 2333 773 2360 estis
787 2333 819 2359 ad
843 2341 897 2365 me,
915 2333 981 2361 dicit
992 2334 1082 2360 Domi-

296 2381 348 2400 nus
357 2374 390 2399 ".
406 2384 415 2400 ι
434 2374 521 2402 Etiam
536 2376 586 2404 hoc
599 2378 657 2405 loco
670 2378 728 2412 ipse
740 2378 879 2410 Dominus,
894 2379 976 2406 Deum
989 2388 1083 2414 qucrn-

295 2419 357 2445 dam
374 2420 412 2446 ait
441 2420 620 2449 Sodomorum
642 2424 792 2451 eversionis
823 2428 962 2452 auctorem
983 2425 1077 2458 fuisse,

296 2471 358 2490 cum
374 2465 444 2493 alius
457 2466 490 2492 sit
518 2467 575 2501 ipse
601 2467 686 2496 Filius
700 2477 782 2504 quam
802 2470 825 2497 is
847 2470 880 2497 de
895 2479 948 2505 quo
965 2471 1021 2506 ipse
1036 2471 1078 2498 lo-

295 2511 397 2544 quitur.
408 2510 493 2539 Porro
508 2514 535 2540 in
548 2514 605 2548 ipsa
619 2515 800 2543 Sodomorum
812 2518 953 2544 eversione
967 2518 1020 2544 duo
1032 2525 1079 2552 ap-

296 2561 403 2591 parent.
419 2559 527 2592 quando
541 2561 608 2594 pluit
619 2561 750 2588 Dominus
767 2563 855 2597 ignem
875 2571 888 2590 a
906 2563 1019 2591 Domino
1032 2571 1079 2591 su-

296 2607 343 2633 per
358 2600 475 2631 Sodoma
495 2608 522 2631 et
540 2604 702 2635 Gomorrha.
728 2607 840 2639 Qualem
867 2608 959 2642 igitur,
979 2609 1076 2643 inquit.

297 2645 412 2674 Sodoma
430 2649 465 2676 ob
477 2654 569 2685 turpes
580 2657 662 2687 atque
677 2653 810 2681 absurdus
825 2655 989 2689 impietates,
1001 2663 1078 2682 ever-

298 2691 399 2718 sionem
414 2701 540 2728 perpessa
562 2700 725 2732 sunt;'talia
739 2708 787 2727 vos
801 2709 910 2736 quoque
928 2702 1076 2736 patiemini,

299 2742 328 2762 ac
346 2744 379 2763 ne
390 2738 429 2765 sic
446 2741 553 2774 quidem
581 2747 706 2773 conversi
734 2747 802 2774 estis
817 2747 850 2774 ad
864 2755 916 2775 me.
931 2748 1078 2775 Consuevit

298 2785 385 2814 μμιειη
401 2781 552 2819 Scriptura,
568 2792 674 2824 tempus
686 2791 805 2819 [uturum
817 2793 894 2827 quasi
912 2793 1077 2828 prmteritum

1136 1643 1221 1678 φησὶ,
1250 1643 1295 1669 καὶ
1321 1643 1370 1669 οὐκ
1390 1642 1532 1678 ἄνθρωπος
1549 1644 1577 1669 ὲν
1594 1644 1635 1669 σοὶ
1647 1643 1734 1677 ἅγιος·
1753 1653 1762 1668 ι
1781 1641 1841 1669 εἶτα
1856 1643 1922 1669 Θεὸν

1135 1688 1215 1714 αὑτὸν
1237 1687 1321 1714 εἰπὼν
1333 1707 1340 1718 ,
1363 1687 1407 1714 τὸν
1425 1689 1471 1714 ἐπὶ
1488 1689 1594 1716 πάντων
1610 1689 1711 1724 Κύριον
1727 1689 1772 1716 καὶ
1789 1688 1856 1715 Θεὸν
1876 1688 1922 1715 καὶ

1135 1732 1248 1767 Πατέρα
1272 1731 1352 1758 αὑτοῦ
1373 1733 1464 1766 δηλοῖ,
1491 1733 1641 1768 ὲπιλέγων’
1662 1744 1672 1759 ι
1693 1735 1794 1761 Ὀπίσω
1817 1734 1921 1769 Κυρίου

1136 1777 1311 1812 πορεύσομαι.
1324 1787 1333 1802 ›
1348 1778 1383 1803 Τὸ
1394 1778 1432 1809 δὲ,
1450 1787 1459 1803 ι
1476 1778 1532 1804 Οὐκ
1548 1778 1736 1814 εἰσελεύσομαι
1752 1779 1791 1810 είς
1806 1779 1891 1810 πόλιν,
1910 1788 1919 1804 ι

1135 1823 1301 1859 ἀρνουμένου
1313 1822 1345 1849 ἂν
1362 1823 1404 1858 εἴη
1419 1823 1469 1858 τὴν
1482 1823 1573 1858 κοινὴν
1588 1824 1635 1850 καὶ
1643 1823 1752 1858 δημώδη
1771 1822 1922 1858 ἀνθρώπων

1135 1867 1269 1894 πολιτείαν
1281 1876 1288 1882 ·
1310 1866 1344 1904 ἦς
1363 1868 1408 1894 καὶ
1425 1869 1487 1899 τοὺς
1508 1868 1588 1900 ἰδίους
1608 1869 1732 1904 μαθητὰς
1749 1869 1921 1905 ἀποτρέπων,

1136 1913 1227 1948 φησίν·
1256 1923 1265 1939 ι
1283 1913 1330 1945 Εἰς
1341 1913 1398 1939 ὁδὸν
1411 1913 1495 1940 ἐθνῶν
1511 1913 1548 1949 μὴ
1562 1914 1713 1950 ἀπέλθητε,
1730 1914 1775 1941 καὶ¹
1791 1916 1831 1946 εἰς
1845 1914 1921 1941 πόλιν

1136 1959 1311 1995 Σαμαρειτῶν
1327 1959 1365 1996 μὴ
1381 1959 1528 1995 εἰσέλθητε.
1549 1969 1559 1986 ι

1388 2070 1583 2098 ΚΕΦΑΛΑΙΟΝ
1601 2071 1664 2096 ΚΓ’.

1141 2125 1211 2157 Ἀπὸ
1224 2125 1276 2152 τοῦ
1293 2126 1395 2160 Ἀμώς.
1405 2141 1439 2146 -—-
1454 2126 1521 2160 Περὶ
1545 2125 1598 2152 τοῦ
1614 2126 1749 2160 Σωτῆρος
1769 2126 1863 2161 ἡμῶν,
1881 2128 1920 2161 ὡς

1170 2162 1234 2194 περὶ
1250 2162 1370 2194 Κυρίου,
1388 2161 1495 2188 καὶτοῦ
1509 2162 1634 2195 Πατρός,
1646 2161 1685 2194 ὡς
1696 2163 1759 2195 περ)
1773 2162 1858 2194 Θεοῦ,
1870 2164 1920 2190 καὶ

1170 2195 1223 2230 τῆς
1239 2196 1290 2222 τοῦ
1297 2196 1443 2223 Ἰουδαίων
1452 2196 1558 2228 ἔθνους
1577 2196 1794 2232 καταστροφῆς.

1172 2252 1181 2267 ι
1195 2242 1371 2277 Κατέστρεψα
1379 2242 1460 2277 ὑμᾶς,
1473 2241 1563 2273 καθὼς
1577 2242 1758 2278 κατέστρεψεν
1771 2244 1784 2268 ὁ
1793 2243 1860 2275 Θεὸς
1870 2244 1920 2271 Σό-

1135 2288 1203 2322 δομα
1223 2288 1269 2315 καὶ
1285 2288 1426 2324 Γόμορρα,
1443 2288 1489 2314 καὶ
1503 2287 1626 2322 ἐγένεσθε
1645 2288 1681 2319 ὡς
1707 2288 1783 2320 δαλὸς
1805 2289 1919 2322 ἐξέσπα-

1137 2334 1233 2368 σμένος
1248 2335 1280 2360 ἑκ
1293 2333 1387 2368 πυρός.
1406 2334 1460 2360 Καὶ
1480 2333 1532 2359 οὐδ⁸
1549 2333 1634 2365 οὕτως
1652 2334 1834 2370 ἐπεστρέψατε
1852 2335 1919 2370 πρὸς

1137 2387 1171 2414 με
1181 2399 1188 2411 ,
1201 2378 1275 2413 λέγει
1287 2379 1397 2414 Κύριος.
1419 2388 1429 2405 ι
1448 2379 1594 2406 Κάνταῦθα
1612 2379 1693 2411 αὐτὸς
1706 2381 1719 2406 ὁ
1732 2380 1834 2416 Κύριος
1853 2381 1919 2407 Θεὲν

1136 2425 1196 2451 τινά
1207 2433 1272 2459 φησι
1285 2425 1334 2460 τὴν
1347 2425 1393 2452 ἐπὶ
1400 2425 1521 2460 Σοδόμων
1531 2425 1719 2460 καταστροφὴν
1730 2435 1761 2452 πε
1767 2426 1917 2461 ποιηκέναι,

1132 2471 1223 2507 ἕτερος
1239 2471 1277 2497 ὢν
1296 2471 1395 2507 δηλαδὴ
1414 2471 1459 2498 τοῦ
1480 2471 1547 2506 πρὸς
1569 2471 1650 2498 αὐτοῦ
1668 2472 1842 2507 δηλουμένου.
1865 2473 1919 2500 Καὶ

1132 2518 1160 2542 ἐν
1177 2519 1208 2552 τῇ
1234 2517 1279 2544 ἐπὶ
1293 2517 1415 2553 Σοδόμων
1432 2518 1460 2544 δὲ
1476 2520 1647 2554 καταστροφῇ
1665 2518 1710 2544 δύο
1728 2519 1824 2554 Κύριοι
1849 2528 1919 2554 παρ-

1134 2563 1267 2595 ίστανται,
1281 2564 1325 2590 ὅτε
1340 2564 1448 2599 ἔϐρεξεν
1459 2565 1472 2590 ὀ
1485 2564 1585 2598 Κύριος
1600 2564 1654 2599 πῦρ
1670 2564 1744 2599 παρά
1756 2565 1856 2600 Κυρίου
1872 2566 1918 2592 ἐπὶ

1132 2609 1236 2644 Σόδομα
1252 2609 1298 2635 καὶ
1310 2609 1444 2644 Γόμορρα.
1465 2610 1572 2636 Ὀποίαν
1586 2610 1742 2646 τοιγαροῦν,
1767 2611 1833 2645 φησὶ
1846 2630 1852 2642 ,
1873 2610 1917 2637 διὰ

1132 2655 1181 2686 τὰς
1197 2655 1329 2686 ἐκτύπους
1343 2655 1502 2686 δυσσεϐείας
1526 2655 1654 2689 ὑπέμεινε
1668 2655 1857 2691 καταστροφὴν
1883 2657 1917 2683 τὰ

1133 2701 1234 2736 Σόδομα
1245 2721 1252 2732 ,
1271 2700 1382 2728 τοιαῦτα
1396 2702 1442 2727 καὶ
1458 2702 1552 2736 ὑμεῖς,
1565 2698 1587 2727 ὦ
1607 2698 1688 2734 οὗτοι,
1706 2701 1831 2728 πείσεσθε
1843 2722 1851 2734 ,
1869 2703 1917 2728 καὶ

1131 2746 1183 2773 οὐδ’
1202 2745 1288 2778 οὕτως
1313 2747 1495 2782 ἐπεστρέψατε
1523 2747 1591 2780 πρός
1613 2755 1656 2782 με.
1683 2747 1800 2782 Σύνηθες
1823 2747 1852 2774 δὲ
1884 2749 1916 2782 τῇ

1132 2793 1225 2829 Γραφῇ
1241 2792 1271 2819 τὸ
1285 2793 1380 2828 μέλλον
1399 2793 1436 2825 ὡς
1454 2791 1637 2828 παρεληλυθὸς
1650 2792 1755 2830 δηλοῦν.
1771 2793 1852 2820 Ὥστε
1871 2793 1917 2820 καὶ

280 2866 283 2869 λ
332 2866 354 2883 ⁸³
372 2865 442 2899 Psal.
461 2874 503 2894 xc.
519 2866 593 2894 9—l5.
626 2868 648 2883 "’
665 2868 727 2897 Ose.
744 2879 782 2902 ix,
798 2872 878 2903 9,10.
917 2871 940 2887 θ’
954 2871 1047 2899 Matth.
1065 2880 1091 2904 ιι,
1111 2871 1136 2899 5.
1176 2872 1198 2887 “
1212 2873 1294 2899 Amos
1310 2879 1352 2905 Iv,
1369 2871 1410 2899 II.
