2084 3216
166 173 219 201 405

627 161 956 194 DEMONSTRATIONIS
975 159 1202 189 EVANGELICJZ
1222 159 1285 186 LIB.
1303 157 1337 188 ν.

1739 155 1789 182 tuo

167 234 202 260 τὰ
223 232 345 268 παρόντα
360 231 459 267 ὁμοίως
474 228 526 265 χρὴ
547 228 628 259 νοεῖν,
645 225 711 253 ἀντὶ
735 225 783 262 μὲν
795 224 853 257 τοῦ,
874 233 956 251 κατα-

1013 230 1118 258 ponere.
1147 222 1237 254 Quare
1262 219 1406 255 praesentia
1438 225 1546 254 quoque
1569 217 1663 245 eadem
1689 217 1793 243 ratione

169 279 287 316 στρέψω,
300 278 453 314 μέλλοντος,
468 275 514 302 τοῦ
525 273 725 310 παρῳχημένου
745 271 902 308 εἰρημένου,
912 269 958 296 τοῦ

170 315 340 361 κατέστρεψα
351 332 358 340 ’
388 323 447 350 ἀντὶ
463 322 491 348 δὲ
505 320 562 352 τοῦ,
577 318 823 355 ἐπιστραφήσεσθε,
837 315 896 346 τοῦ,
911 316 960 342 ὲπ-

170 371 328 408 εστρέψατε,
341 369 476 405 κειμένου.
486 367 578 394 Ταῦτα
590 366 617 393 δὲ
632 365 699 401 πρὸς
708 364 738 391 τὸ
745 364 877 392 Ἰουδαίων
885 364 959 393 ἔθνος

172 417 357 445 ἀποτείνεται,
372 415 390 442 ἃ
406 415 452 442 καὶ
465 414 519 440 οὐδ’
532 412 626 440 ἄλλοτε
647 411 663 447 ἢ
686 411 753 446 μετὰ
765 410 814 445 τὴν
827 411 898 437 κατὰ
912 410 957 437 τοῦ

171 463 298 499 Σωτῆρος
312 462 392 498 ήμῶν
410 460 556 495 ἐπιϐουλὴν
574 459 614 490 εἰς
633 458 731 489 αὐτοὺς
750 455 910 492 ἐπληροῦτο.
930 456 958 483 '0

171 509 236 544 γοῦν
253 510 325 545 ἱερὸς
341 508 430 535 αὐτῶν
448 507 495 534 καὶ
512 506 542 532 τὸ
559 506 623 541 πρὶν
637 504 712 538 ἅγιος
727 504 808 535 τόπος
827 504 867 534 εἰς
880 502 958 529 τοῦτο

171 555 218 582 νῦν
233 554 392 591 περιῆλθεν,
409 552 446 584 ὡς
468 551 538 578 κατὰ
557 551 640 586 μηδὲν
658 550 706 584 τῆς
727 548 850 583 Σοδόμων
874 556 958 574 κατα-

172 602 291 637 στροφῆς
303 599 421 627 ἀποδεῖν,
445 598 518 633 Πλὴν
537 598 626 633 ὅμως,
647 596 748 630 καίπερ
765 593 899 621 ἀκόλουθα
923 595 956 629 τῇ

171 648 321 684 προρρήσει
340 645 514 677 πεπονθότες,
527 643 603 671 οὔπω
616 643 662 670 καὶ
681 643 720 674 εἰς
736 640 813 676 δεῦρο
826 640 875 676 τὴν
889 639 957 675 πρὸς

145 709 148 713 -
171 694 216 722 τὸν
229 692 345 728 Χριστὸν
356 691 403 718 τοῦ
415 690 492 722 Θεοῦ⁷
510 690 543 716 δι’
556 689 584 716 ὃν
600 688 684 715 ταῦτα
699 686 863 714 πεπόνθασιν
873 706 880 718 ,
897 686 957 712 ἐπι-

173 738 292 774 στροφὴν
312 738 474 771 ἐποιήσαντο
486 744 493 753 ·
511 736 548 767 ὡς
563 734 674 765 εἰκότως
690 734 736 760 καὶ
755 732 833 759 τοῦτο
846 731 890 759 διὰ
909 732 958 767 τῆς

172 786 202 810 ὲν
223 784 301 820 χερσὶ
322 782 498 815 θεσπίζεσθαι
520 781 698 816 προφητείας,
711 779 840 814 λεγούσης
855 787 862 794 ·
883 787 891 802 ι
904 777 958 804 Καὶ

172 831 228 857 οὐδ’
244 830 329 862 οὕτως
344 828 529 863 ἐπεστρέψατε
552 827 619 862 πρός
635 835 680 862 με,
692 825 766 859 λέγει
779 824 890 860 Κύριος.
911 833 921 849 ι

422 957 619 986 ΚΕΦᾹΛΑῙΟΝ
648 957 709 982 ΚΝ.

179 1018 247 1046 Ἀπὸ
273 1018 326 1045 τοῦ
353 1016 494 1044 ’Λὸδειοῦ.
513 1031 547 1035 -
567 1013 636 1048 Περὶ
662 999 724 1039 τῶν
745 1012 800 1048 δύο
833 1011 959 1048 Κυρίων,

191 1053 307 1087 Πατρός
323 1052 372 1079 καὶ
391 1051 468 1082 Υἱοῦ,
481 1050 530 1077 καὶ
544 1046 671 1084 τῆς-τῶν
684 1047 779 1075 ἐθνῶν
793 1046 939 1080 κλήσεως.

213 1119 222 1136 ‹
239 1110 354 1146 ’Ὀρασις
376 1108 507 1136 Ἀὃδειθῦ.
531 1107 599 1134 Τάδε
616 1106 689 1140 λέγει
706 1106 806 1142 Κύριος
829 1105 862 1140 τῇ
883 1104 960 1131 Ἰδου-

176 1156 254 1192 μαίᾳ·
270 1156 367 1191 Ἀκοὴν
377 1156 479 1191 ἥκουσα
498 1153 573 1190 παρὰ
587 1153 700 1189 Κυρίου,
715 1152 761 1178 καὶ
777 1151 905 1186 περιοχὴν
922 1151 961 1182 εἰς

173 1200 210 1227 τὰ
225 1199 288 1236 ἔθνη
304 1199 487 1232 ἐξαπέστειλε.
507 1208 516 1224 ›
535 1198 635 1234 Κύριος
655 1199 669 1224 ὁ
680 1197 746 1228 Θεὸς
760 1196 843 1231 ἀκοὴν
859 1196 959 1230 ἢκουσε

174 1246 251 1281 παρὰ
278 1246 391 1281 Κυρίου.
414 1245 469 1272 Καὶ
489 1245 559 1280 αὕτη
572 1243 600 1270 δὲ
622 1241 656 1278 ἦν
670 1241 734 1278 περὶ
748 1242 797 1278 τῆς
809 1241 862 1268 τῶν
877 1241 961 1268 ἐθνῶν

175 1291 226 1327 θιλὴ
230 1299 307 1323 τεως.

437 1345 632 1373 ΚΕΦΑΛΔΙΟΝ
651 1345 715 1371 KE’.

181 1402 248 1441 Ἀπὸ
267 1403 543 1441 τοῦΖιιχςιρίουπτ
557 1402 602 1434 Ὡς
653 1402 731 1441 Θεὸς,
743 1400 841 1441 Λόγος
856 1399 966 1441 Κιξριος

209 1438 253 1500 (ἓν
274 1438 353 1499 ἱερὸς
377 1435 430 1465 ξόὗ
458 1437 592 1473 μείζονος
615 1435 802 1463 ἀπεστάλθαι
826 1435 963 1469 ὁμολογεῖ

236 1482 272 1500 vo
285 1482 332 1500 ου.

236 1482 332 1507 υριου.

212 1550 222 1566 ι
237 1540 306 1566 Τάδε
321 1539 395 1573 λέγει
411 1539 512 1574 Κύριος
536 1537 740 1573 παντοκράτωρ·
760 1536 862 1562 Ὀπίσω
884 1535 962 1570 δόξης

173 1586 329 1614 ἁπέσταλκέ
348 1594 383 1621 με
397 1586 444 1612 ἐπὶ
457 1585 491 1611 τὰ
507 1584 571 1619 ἔθνη
593 1584 626 1610 τὰ
649 1582 834 1610 σκυλεύσαντα
850 1583 931 1618 ὑμᾶς.
950 1591 959 1608 ι
976 1597 996 1625 C

174 1633 232 1661 Εἶτ’
248 1633 372 1670 ἐπιφέρει
394 1633 462 1669 μετὰ
481 1632 583 1669 βραχέα
605 1632 708 1666 λέγων·
726 1640 734 1656 ι
752 1631 805 1657 Καὶ
827 1629 963 1664 γνώσεσθε

174 1681 216 1707 ὅτι
229 1680 332 1716 Κύριος
349 1679 544 1715 παντοκράτωρ
561 1677 714 1705 ἀπέσταλκέ
732 1686 776 1712 με.
796 1686 805 1702 ι
834 1677 865 1703 Εἰ
882 1676 929 1702 καὶ
949 1676 963 1702 ὁ

175 1726 346 1753 ἀποστέλλων
360 1725 460 1761 Κύριός
477 1727 534 1751 ἐστι
562 1724 768 1760 παντοκράτωρ,
793 1723 840 1750 κα*¹
865 1724 879 1749 ὁ
912 1723 964 1749 ἀπ-

175 1771 304 1800 εστάλθαι
320 1771 405 1805 λέγων
419 1771 559 1802 ὡσαύτως,
576 1769 621 1796 δύο
633 1771 696 1805 ἄρα.
714 1768 810 1803 Σαφῶς
832 1768 860 1794 δὲ
883 1769 897 1794 ὁ
911 1768 963 1794 ἀπ-

177 1818 361 1853 εσταλμένος,
382 1827 391 1843 ‹
414 1817 516 1852 Κύριος
544 1816 740 1852 παντοκράτωρ
756 1815 802 1841 ἐπὶ
826 1815 861 1842 τᾶι
885 1815 962 1851 ἔθνη,

178 1865 270 1901 φησιν,
283 1863 438 1891 ἁπέσταλκέ
453 1872 497 1898 με.
515 1872 523 1888 ι
742 1890 748 1897 ι

436 1917 633 1944 ΚΕΦΑΛΑΙΟΝ
653 1916 725 1949 KG’.

219 1975 354 2008 Ὀαὺτὸς,
373 1974 422 2001 καὶ
438 1973 504 2008 περὶ
522 1972 577 2007 τῆς
592 1971 651 1999 τῶν
669 1970 766 1999 ἐθνῶν
778 1969 926 2002 κλήσεως.

216 2032 341 2067 «Τέρπου
360 2031 407 2058 καὶ
419 2027 578 2065 εὐφραίνου,
594 2028 713 2064 θύγατερ
730 2026 808 2059 Σιὼν,
825 2025 892 2052 διότι
910 2024 964 2051 ἰδοὺ

176 2078 233 2112 ἐγὼ
247 2077 373 2114 ἔρχομαι,
394 2076 441 2103 καὶ
463 2074 665 2110 κατασκηνώσω
681 2074 709 2100 ὲν
726 2073 800 2108 μέσῳ
820 2080 877 2103 σου,
892 2070 965 2106 λέγει

178 2125 293 2161 Κύριος.
310 2123 366 2150 Καὶ
381 2121 593 2157 καταφεύξονται
608 2121 671 2156 ἑθνη
687 2119 771 2146 πολλὰ
788 2118 835 2145 ἐπὶ
849 2117 894 2144 τὸν
908 2116 964 2143 Κύ-

179 2178 238 2206 ριον
255 2171 284 2196 ἐν
296 2171 329 2204 τῇ
344 2169 434 2204 ἡμέρᾳ
447 2168 551 2203 ὲκείνῃ-
567 2167 614 2193 καὶ
626 2166 731 2192 ἔσονται
746 2163 819 2199 αὐτῷ
834 2164 873 2194 εἰς
890 2162 963 2188 λαόν·

177 2217 224 2243 καὶ
233 2215 436 2249 κατασκηνώσω
446 2216 473 2240 ὲν
484 2214 557 2249 μέσῳ
573 2221 629 2244 σου,
643 2212 690 2239 καὶ
702 2211 804 2247 γνώσῃ,
816 2210 857 2236 ὃτι
865 2209 966 2244 Κύριος

178 2259 376 2295 παντοκράτωρ
386 2257 569 2291 ὲξαπέσταλκέ
582 2265 614 2292 με
631 2255 698 2289 πρὸς
713 2255 742 2281 σέ
752 2264 775 2280 Ἷ
795 2255 840 2280 καὶ
851 2253 884 2280 τὰ
891 2253 965 2288 ἑξῆς.
983 2276 1003 2302 D

178 2303 226 2337 Οἷς
241 2305 302 2341 μεθ’
311 2305 391 2340 ἕτερα
405 2303 522 2337 ἐπιλέγει
532 2311 538 2317 ·
554 2312 563 2327 ι
575 2302 630 2328 Καὶ
644 2301 800 2336 κατισχύσω
816 2299 914 2331 αὐτοὺς
934 2300 962 2325 ὲν

178 2351 274 2387 Κυρίῳ
285 2350 344 2385 Θεῷ
355 2349 453 2381 αὐτῶν,
462 2349 509 2375 καὶ
519 2350 547 2374 ὲν
557 2347 596 2383 τῷ
606 2348 717 2382 ὀνόματι
726 2346 808 2373 αὑτοῦ
820 2346 966 2381 καυχήσον-

176 2406 238 2429 ται,
249 2397 322 2431 λέγει
336 2396 445 2431 Κύριος.
459 2405 468 2421 ι
486 2395 541 2421 Καὶ
551 2394 636 2421 ταῦτα
650 2394 706 2425 τοῖς
720 2392 861 2428 προτέροις
873 2392 964 2427 ὅμοια,

177 2443 227 2478 τὴν
235 2443 281 2470 τοῦ
292 2441 408 2477 Χριστοῦ
421 2443 460 2472 εις
473 2440 519 2467 ἀνθ
525 2440 630 2476 ρώπους
645 2439 792 2474 παρουσίαν
803 2438 850 2468 καὶ
859 2438 908 2472 τὴν
919 2446 965 2468 γε-

178 2489 296 2524 νομένην
307 2487 360 2514 τῶν
374 2487 457 2513 ἐθνῶν
470 2487 601 2521 σωτήριον
616 2485 648 2512 δι’
662 2484 742 2511 αὑτοῦ
758 2485 851 2519 κλῆσιν
859 2484 967 2518 ἀναφω-

177 2534 285 2562 νοῦντα·
297 2543 306 2559 ι
318 2532 388 2567 Ἐγὼ
399 2533 447 2567 μὲν
457 2530 502 2559 οὖν
509 2532 587 2564 αὐτὸς
599 2533 612 2558 ὁ
620 2531 720 2567 Κύριος
729 2530 795 2566 ἥξω,
808 2530 898 2565 φησίν.
908 2529 969 2555 Ἐπὶ

178 2583 206 2609 δὲ
218 2583 251 2617 τῇ
268 2583 322 2617 ἐμῇ
337 2581 470 2617 παρουσίᾳ
481 2580 570 2607 οὐκέθ’
583 2581 596 2606 ὁ
610 2580 692 2608 πάλαι
709 2578 825 2614 Ἰσραὴλ,
841 2578 894 2604 ἀλλ’
908 2578 967 2604 οὐδὲ

177 2629 209 2655 ἣν
221 2629 302 2664 μόνον
318 2629 364 2654 ἐπὶ
379 2628 431 2664 γῆς
440 2627 526 2659 ἔθνος,
538 2627 600 2663 ἔθνη
615 2627 643 2654 δὲ
660 2626 744 2653 πολλὰ
754 2625 967 2660 καταφεύξονται

179 2675 226 2701 ἐπὶ
241 2674 287 2701 τὸν
303 2674 445 2710 κρείττονα
466 2674 513 2700 καὶ
536 2671 622 2708 μέγαν
641 2672 753 2708 Κύριον,
777 2671 822 2698 τὸν
848 2671 914 2705 ἐμοῦ
938 2679 966 2697 τε

179 2719 274 2751 αὑτοῦ,
291 2720 338 2746 καὶ
357 2719 411 2745 τῶν
431 2719 499 2746 ὅλων
515 2718 591 2750 Θεὸν,
608 2718 650 2751 ἐφ’
663 2717 692 2743 ὃν
711 2716 744 2742 τὰ
761 2715 965 2749 καταφεύγοντα

178 2765 243 2800 ιθνη
262 2765 396 2799 τοσαύτης
411 2764 533 2798 τεύξεται
555 2763 721 2798 εὐεργεσίας,
738 2762 775 2792 ὡς
796 2762 843 2789 καὶ
857 2769 965 2797 χρημα-

178 2811 253 2839 τίσαι
279 2813 326 2838 καὶ
344 2810 469 2846 γενέσθαι
498 2810 561 2836 λαὸν
585 2809 670 2842 Θεοῦ,
695 2808 856 2843 κατοικῆσαι
881 2816 910 2834 τε
939 2809 966 2833 ὲν

215 2890 237 2905 ⁵⁷
256 2889 325 2917 Abd.
351 2897 378 2920 I,
404 2889 426 2916 l.

465 2887 488 2905 "
503 2886 585 2916 Zach.
601 2895 631 2920 tl,
649 2887 677 2915 8.
714 2886 736 2903 ⁸⁸
761 2886 825 2914 ibid.
845 2886 869 2914 9.
912 2885 918 2899 '
938 2884 1003 2913 ibid.
1026 2885 1069 2918 10,
1089 2885 1132 2912 H.

1010 272 1116 302 oportet
1131 267 1264 301 accipere,
1279 267 1309 292 ut
1318 264 1443 291 videlicet
1458 271 1508 299 pro
1520 270 1563 296 eo,
1578 261 1650 297 quod
1661 265 1793 292 evertam,

1010 315 1093 342 futuri
1107 313 1237 348 temporis
1248 312 1349 339 dictum
1367 311 1412 342 sit,
1430 310 1527 342 everti,
1543 307 1683 344 praeteriti,
1699 310 1725 334 et
1744 314 1794 342 pro

1009 367 1052 390 eo,
1069 359 1141 393 quod
1151 362 1191 385 est
1206 355 1407 384 convertimini.
1423 354 1547 381 conversi
1560 354 1639 381 estis.
1655 351 1717 379 llrec
1731 359 1795 378 vero

1009 408 1073 432 sunt
1086 404 1118 430 ad
1129 402 1285 430 Judzeorum
1298 405 1403 436 gentem
1417 399 1518 427 directe
1531 399 1646 434 prolata,
1662 405 1723 432 qum
1732 398 1794 431 qui-

1008 451 1069 479 dem
1084 458 1140 478 non
1156 449 1234 481 alias,
1256 456 1336 483 quam
1363 451 1424 483 post
1440 445 1527 474 factas
1547 446 1678 472 adversus
1705 443 1796 470 Salva-

1009 500 1094 524 torem
1107 500 1232 523 nostrum
1263 493 1388 525 insidias,
1416 493 1444 519 in
1474 493 1548 527 ipsos
1562 491 1697 526 completa
1720 493 1794 517 sunt.

1009 541 1114 569 Etenim
1127 548 1205 568 sacer
1221 540 1343 576 ipsorum
1363 542 1390 566 et
1405 538 1482 573 prius
1500 542 1612 565 sanctus
1625 537 1702 563 locus
1717 535 1750 562 ad
1770 535 1795 562 id

1010 587 1136 615 redactus
1148 590 1200 616 est.
1211 590 1241 613 ut
1253 585 1327 613 nulla
1341 585 1368 612 in
1390 588 1467 619 parte
1491 591 1504 610 a
1519 583 1700 611 Sodomorum
1718 577 1797 609 ever-

1009 634 1085 662 sione
1099 632 1245 667 discrepet.
1267 630 1472 662 Verumtamen,
1498 629 1548 657 etsi
1575 636 1607 656 ea
1629 627 1702 663 passi
1722 632 1796 658 sunt,

1009 687 1070 714 qua:
1086 678 1114 705 in
1130 677 1262 705 vaticinio
1291 677 1342 704 sibi
1362 676 1490 712 prazdicta
1500 679 1592 710 aperte
1616 673 1796 710 perspiciunt,

1008 723 1123 751 necdum
1142 723 1169 749 in
1185 723 1259 749 hunc
1273 729 1360 757 usque
1369 720 1439 748 diem
1461 720 1494 747 ad
1508 719 1646 747 Christum
1662 718 1719 750 Dei,
1734 726 1797 753 pro-

1010 775 1068 806 pter
1097 777 1176 806 quem
1196 769 1261 795 talia
1289 767 1436 803 pertulere,
1463 766 1569 801 seipsos
1592 768 1796 793 converterunt.

1009 816 1101 851 Itaque
1113 815 1209 842 merito
1225 815 1260 842 ab
1275 822 1318 846 ea,
1337 821 1397 849 quze
1412 821 1484 840 nunc
1501 813 1528 839 in
1541 812 1666 838 manibus
1684 814 1725 838 est
1733 818 1796 846 pro-

1009 861 1111 896 phetia,
1128 860 1154 888 id
1170 859 1299 887 divinitus
1313 859 1416 886 dictum
1432 862 1473 884 est
1487 866 1493 884 :
1508 866 1516 882 l
1536 857 1569 883 Et
1586 863 1619 882 ne
1636 855 1676 883 sic
1687 853 1796 890 quidem

977 903 997 930 Β
1011 906 1135 934 conversi
1149 905 1215 933 estis
1229 905 1262 932 ad
1280 913 1334 937 me,
1351 904 1418 931 dicit
1436 903 1580 930 Dominus.
1595 911 1604 926 ι

1236 961 1315 997 251
1335 960 1450 988 CAPUT
1473 958 1568 986 xxnv.

1010 1019 1049 1045 Ab
1063 1018 1161 1046 Abdia.
1176 1033 1211 1038 -—
1228 1018 1267 1045 De
1283 1017 1384 1044 duobus
1402 1016 1534 1046 Dominis,
1555 1015 1634 1041 Patre
1654 1014 1752 1041 scilicet
1775 1018 1798 1040 et

1200 1053 1284 1085 Filio,
1296 1057 1320 1080 et
1333 1053 1449 1088 gentium
1465 1051 1609 1078 uacatione.

1048 1120 1058 1136 ‹
1075 1110 1151 1138 V'isio
1164 1109 1268 1137 Ahdim.
1280 1107 1343 1135 Haec
1355 1107 1421 1135 dicit
1433 1107 1565 1134 Dominus
1581 1106 1616 1133 ad
1631 1105 1774 1132 ldumzeam
1791 1114 1798 1131 :

1010 1156 1141 1184 Auditum
1161 1155 1253 1183 audivi
1277 1162 1292 1182 a
1310 1153 1437 1184 Domino.
1454 1156 1482 1180 et
1498 1152 1677 1179 munitionem
1704 1151 1731 1178 in
1749 1158 1799 1177 na-

1012 1203 1099 1230 tiones
1122 1202 1214 1230 emisit
1225 1202 1259 1227 °".
1281 1200 1434 1228 tDominus
1456 1198 1528 1226 Deus
1553 1198 1675 1225 auditum
1696 1196 1800 1224 audivit

1011 1258 1027 1277 a
1049 1249 1175 1276 Domino.
1202 1247 1229 1276 ls
1252 1255 1317 1276 vero
1330 1246 1441 1274 auditus
1457 1245 1508 1272 fuit
1523 1245 1556 1273 de
1577 1244 1698 1280 gentium
1719 1250 1800 1270 voea-

1012 1295 1097 1322 tione.

1302 1348 1416 1376 CAPUT
1436 1347 1519 1375 XXV.

1013 1408 1033 1435 Α
1049 1407 1191 1434 Zacliaria.
1205 1421 1238 1426 —
1258 1404 1486 1440 Quemadmodum
1501 1403 1575 1440 ρεαδ
1602 1402 1726 1440 Ver_bum,
1741 1409 1800 1429 cum

1077 1444 1111 1469 ιὶι
1129 1438 1275 1469 Dominus
1291 1442 1401 1468 missum
1419 1449 1445 1468 se
1460 1449 1476 1466 a
1494 1439 1575 1466 Patre
1589 1438 1739 1465 conﬁtetur.

1052 1541 1061 1557 ‹
1081 1531 1143 1559 Haec
1163 1531 1230 1558 dicit
1247 1530 1380 1557 Dominus
1392 1529 1566 1564 omnipotens
1583 1536 1589 1554 :
1606 1527 1672 1555 Post
1688 1526 1802 1561 gloriam

1013 1577 1088 1605 misit
1103 1585 1145 1605 me
1163 1577 1197 1604 ad
1216 1580 1321 1612 gentes,
1337 1583 1397 1611 qum
1413 1574 1574 1609 deprtedata:
1592 1578 1656 1601 sunt
1677 1579 1725 1599 vos
1736 1572 1770 1598 ⁵⁸.
1790 1581 1799 1598 ›

1014 1623 1116 1651 Deinde
1134 1622 1256 1658 adjungit
1276 1626 1338 1657 post
1363 1628 1448 1656 pauca
1468 1640 1474 1652 ,
1491 1619 1584 1647 dicens
1604 1629 1610 1645 :
1632 1627 1642 1644 ι
1658 1618 1690 1644 Et
1701 1624 1802 1652 cogno-

1015 1670 1098 1697 scetis
1121 1669 1194 1704 quod
1217 1668 1349 1695 Dominus
1377 1666 1551 1700 omnipotens
1580 1665 1654 1692 misit
1677 1671 1720 1691 me
1732 1663 1767 1691 ”.
1789 1671 1799 1689 ι

1014 1715 1091 1748 Quod
1107 1715 1129 1742 si
1146 1716 1168 1742 is
1187 1713 1319 1741 Dominus
1333 1713 1380 1748 qui
1396 1712 1490 1744 mittit,
1509 1711 1640 1739 Dominus
1659 1715 1700 1737 est
1713 1708 1802 1736 omni-

1015 1766 1121 1797 potens,
1144 1764 1170 1787 et
1193 1760 1240 1794 qui
1264 1760 1330 1787 dicit
1349 1766 1379 1786 se
1403 1757 1517 1785 missum
1542 1764 1602 1784 esse
1627 1756 1731 1786 itidem,
1748 1755 1803 1782 duo

1015 1808 1107 1843 igitur.
1132 1805 1272 1841 Siquidem
1295 1805 1373 1840 plane
1388 1804 1435 1839 qui
1449 1804 1550 1831 missus
1570 1806 1623 1834 est,
1643 1811 1652 1827 ι
1673 1801 1803 1828 Dominus

1014 1857 1198 1891 omnipotens,
1215 1854 1314 1890 inquit,
1331 1853 1364 1880 ad
1376 1858 1470 1888 gentes
1486 1851 1561 1879 misit
1576 1859 1630 1878 me.
1649 1859 1658 1876 ι

1295 1909 1410 1937 CAPUT
1430 1908 1525 1936 XXVI.

1137 1967 1221 2000 Idem,
1238 1967 1335 1993 iterum
1352 1965 1384 1992 de
1403 1964 1538 1991 vocatione
1551 1964 1676 1998 gentium.

1053 2036 1062 2053 ι
1082 2024 1176 2052 Gaude
1188 2027 1215 2052 et
1227 2024 1329 2054 lminre,
1344 2022 1398 2049 lilia
1411 2021 1488 2053 Sion,
1502 2020 1566 2055 quia
1577 2028 1641 2048 ecce
1652 2027 1702 2055 ego
1712 2020 1802 2053 venio,

1015 2076 1043 2099 et
1058 2071 1186 2098 habitabo
1204 2070 1232 2097 in
1249 2068 1338 2096 medio
1355 2068 1406 2099 tui,
1421 2067 1487 2094 dicit
1504 2066 1645 2094 Dominus.
1656 2066 1689 2092 Et
1705 2066 1804 2093 contu-

1015 2118 1089 2153 gient
1103 2120 1196 2152 gentes
1212 2115 1304 2142 multa:
1314 2114 1347 2141 ad
1358 2113 1503 2141 Dominum
1516 2113 1542 2139 in
1559 2113 1602 2140 die
1616 2112 1671 2143 illa.
1683 2115 1709 2139 et
1723 2117 1804 2140 erunt

1016 2164 1054 2190 illi
1067 2163 1093 2190 in
1111 2162 1252 2198 populum,
1269 2165 1296 2188 et
1307 2160 1437 2188 habitabo
1450 2159 1477 2186 iu
1493 2159 1583 2186 medio
1600 2159 1650 2190 tui,
1662 2162 1689 2186 et
1703 2166 1805 2194 cogno-

1017 2219 1078 2238 sces
1093 2209 1164 2244 quod
1180 2207 1312 2235 Dominus
1324 2208 1497 2241 omnipotens
1514 2205 1587 2232 misit
1603 2212 1644 2232 me
1660 2204 1693 2232 ad
1709 2208 1736 2232 te
1753 2205 1774 2237 ¹,
1792 2214 1801 2230 ›

1017 2261 1069 2284 etc.
1091 2256 1195 2289 Quibus
1212 2257 1274 2289 post
1296 2253 1350 2279 alia
1370 2252 1494 2287 adjuugit
1515 2261 1522 2278 -.
1541 2261 1549 2276 ι
1569 2251 1602 2277 Ει
1621 2251 1806 2278 eorroborabo

1018 2311 1065 2330 eos
1093 2303 1119 2329 in
1143 2301 1258 2329 Domino
1283 2299 1338 2327 Deo
1365 2300 1498 2334 ipsorum,
1516 2301 1542 2325 et
1569 2297 1596 2324 in
1613 2297 1725 2324 nomine
1745 2296 1806 2331 ejus

1016 2350 1217 2386 gloriabuntur,
1232 2347 1300 2374 dicit
1316 2346 1447 2374 Dominus
1462 2346 1482 2373 ³.
1501 2355 1510 2370 ι
1530 2343 1592 2371 Haec
1609 2351 1717 2379 quoque
1732 2344 1806 2378 prio-

1018 2396 1095 2423 ribus
1115 2395 1213 2422 similia
1229 2397 1305 2424 sunt,
1323 2399 1383 2427 qua:
1395 2390 1496 2418 Christi
1514 2390 1547 2416 ad
1564 2390 1689 2418 homines
1703 2389 1806 2416 adven-

1020 2445 1088 2472 tum,
1118 2444 1145 2468 et
1173 2440 1321 2468 salutarem
1345 2437 1463 2465 futuram
1500 2436 1626 2471 gentibus
1653 2435 1733 2470 252
1759 2442 1806 2469 per

1020 2488 1107 2522 ipsum
1117 2486 1296 2516 vocationem,
1306 2484 1394 2519 palam
1405 2482 1547 2510 enuntiaut
1557 2490 1579 2509 Ζ(
1595 2481 1650 2516 Ego
1659 2481 1807 2516 igituripse

1019 2533 1152 2560 Dominus
1172 2532 1291 2563 veniam,
1310 2531 1409 2566 inquit,
1429 2534 1456 2558 et
1479 2530 1507 2557 in
1534 2537 1594 2556 meo
1611 2529 1729 2555 adventu
1750 2535 1806 2555 non

1018 2579 1134 2614 amplius
1149 2579 1193 2606 ille
1218 2578 1347 2613 antiquus
1361 2577 1442 2604 Israel
1453 2597 1461 2608 ,
1478 2584 1510 2603 ac
1527 2584 1561 2603 ne
1578 2583 1631 2603 una
1647 2575 1756 2610 quidem
1778 2575 1805 2602 in

1017 2629 1091 2652 terra
1102 2632 1180 2656 gens,
1191 2623 1239 2650 sed
1250 2623 1445 2657 multaegentes
1454 2620 1623 2655 confugient,
1633 2619 1667 2647 ad
1674 2625 1805 2655 praestan-
1858 2649 1864 2654 _

1018 2670 1114 2696 tiorem
1130 2673 1157 2696 et
1176 2676 1304 2704 magnum
1326 2667 1469 2695 Dominum
1481 2687 1488 2699 ,
1504 2666 1551 2702 qui
1564 2670 1591 2693 et
1608 2673 1685 2693 meus
1706 2666 1804 2701 ipsius,

1019 2719 1046 2743 et
1065 2715 1185 2742 universi
1207 2718 1250 2741 est
1273 2713 1356 2745 Deus,
1381 2713 1414 2740 ad
1437 2719 1517 2748 quem
1545 2711 1735 2748 confugientes
1754 2720 1804 2740 na-

1020 2761 1107 2787 tiones
1137 2761 1243 2786 tantum
1270 2762 1474 2792 consequentur
1498 2757 1680 2790 beneﬁcium,
1713 2761 1744 2783 ut
1775 2761 1803 2783 et

1021 2806 1191 2842 appellentur
1205 2809 1233 2833 et
1247 2805 1301 2832 sint
1318 2805 1434 2839 populus
1450 2804 1508 2838 Dei,
1525 2810 1552 2832 et
1567 2804 1692 2835 habitent
1704 2803 1732 2833 in
1748 2810 1807 2834 me~

1172 2885 1180 2899 ε
1197 2882 1280 2910 Zacli.
1294 2891 1325 2916 ¹κ,
1342 2883 1382 2909 1⁸2.
