2084 3216
305 175 359 203 407

660 171 792 202 EUSEBII
807 169 1044 199 CESARIENSIS
1061 169 1135 197 OPP.
1154 169 1243 196 PARS
1262 168 1294 196 Il.
1315 184 1348 190 —
1366 168 1617 197 APOLOCETICA.

1867 164 1919 194 ms

304 235 350 263 dio
374 233 433 270 ejus
446 242 506 270 qua;
527 238 640 261 vocatur
648 233 702 260 Iilia
718 223 821 260 SIOD.-t
838 230 895 266 (Sic
917 231 988 259 enim
1005 228 1051 256 Dei
1067 228 1079 255 in

1128 248 1132 259 ι
1149 230 1223 264 μέσῳ
1243 230 1292 263 τῆς
1313 228 1479 263 καλουμένης
1503 227 1635 262 θυγατρὸς
1652 227 1730 254 Σιώνι
1748 235 1757 252 ι
1778 226 1867 261 (Οὕτω
1890 226 1919 252 δὲ

306 282 377 307 terra
396 278 545 306 Ecclesiam
559 298 566 310 ,
580 278 658 314 quasi
675 277 756 304 tiliam
773 276 916 312 quamdam
932 276 1001 310 ejus,
1027 282 1087 310 quae

305 325 331 351 iu
356 324 426 351 coelo
444 327 495 355 est,
514 331 599 351 sacrae
623 322 731 350 Littera
745 329 843 350 vocare
863 322 1085 356 consueverunt.)

306 369 381 396 Ilanc
397 369 479 396 etiam
496 369 576 396 veluti
598 369 670 396 bono
689 371 785 396 nuntio
799 369 914 403 gaudere
928 368 1004 402 jubet
1018 376 1087 395 ora—

305 415 407 446 culum,
423 415 535 442 dicens:
553 424 563 440 ‹
582 415 674 442 Gaude
689 419 715 441 et
738 415 839 446 laetare.
860 415 912 441 tilia
934 414 1010 445 Sion,
1022 422 1085 442 ecce

305 467 354 495 ego
374 462 468 490 venio.
491 466 517 488 et
533 460 660 487 babitabo
682 460 709 487 in
733 460 820 487 medio
836 460 884 487 tui.
916 470 925 486 ›
945 461 972 487 In
997 460 1086 487 medio

305 506 375 533 enim
391 505 519 533 Ecclesiae
535 505 618 533 Deum
645 505 761 533 Verbum
786 506 908 533 babilare
926 505 1063 533 credimus
1077 515 1083 533 :

305 550 532 586 quemadmodum
563 551 619 585 ipse
646 551 783 586 pollicitus
809 556 872 583 est,
902 559 963 577 cum
992 551 1082 578 dixit:

307 605 316 621 ι
337 595 408 623 Ecce
432 603 483 631 ego
502 595 640 623 vobiscum
666 604 726 623 sum
748 604 844 624 omnes
868 597 936 628 dies,
954 605 1038 630 usque
1051 596 1084 624 ad

304 642 563 668 consummationem
575 641 667 668 saaculi
686 642 705 674 ³,
732 653 741 668 ι
760 647 783 669 el
798 651 804 668 :
818 651 826 666 ι
846 641 895 668 Ubi
911 642 965 668 duo
974 645 1019 668 aut
1031 647 1085 668 tres

303 686 458 720 congregati
472 690 535 713 sunt
550 686 577 714 in
589 688 699 714 nomine
715 695 785 717 meo.
805 687 860 713 illic
879 695 938 714 sum
956 688 982 713 in
996 687 1085 714 medio

303 731 487 760 eorum‘u—i
507 732 573 759 Cum
592 738 680 760 autem
701 733 858 768 ego,iuquit
872 734 928 768 ipse
943 732 1083 765 Domitius,

303 783 412 809 venero,
432 781 459 803 et
486 777 614 805 habitabo
638 778 665 804 in
684 778 772 805 modio
792 779 843 810 tui,
859 789 869 804 ι
885 778 1013 812 majorem
1026 781 1083 804 tum

302 823 484 857 cognitionem
509 823 543 850 de
566 822 621 850 Deo
645 824 829 858 omnipotente
856 825 973 858 accipies
993 833 999 850 ε
1019 823 1082 850 dum

302 875 351 902 ego
371 867 501 895 Dominus
513 875 634 898 causam.
651 876 700 895 cur
716 869 749 896 ad
769 869 892 895 homines
906 869 1005 896 missus
1020 868 1082 901 sim,

1138 274 1186 309 τὴν
1203 274 1248 300 ἐπὶ
1264 274 1314 308 γῆς
1333 273 1493 308 Ἐκκλησίαν
1515 274 1561 300 τοῦ
1577 273 1661 305 Θεοῦ,
1680 273 1773 307 ὥσπερ
1788 271 1849 298 τινὰ
1872 271 1919 297 θν-

1136 320 1240 355 γατέρα
1271 319 1451 353 τυγχάνουσαν
1477 319 1526 354 τῆς
1551 317 1722 354 ἐπουρανίου,
1752 318 1807 349 τοῖς
1835 318 1918 352 ἱεροῖς

1141 364 1284 400 Γράμμασι
1300 364 1444 391 ἀποκαλεῖν
1467 364 1563 398 φίλον.)
1588 363 1695 399 Ταύτην
1718 363 1747 390 δὲ
1768 363 1814 389 καὶ
1837 363 1919 396 εὐαντ-

1135 410 1271 445 γελίζεται
1288 410 1319 436 τὸ
1331 410 1434 444 φάσκον
1451 409 1555 444 λόγιον·
1573 419 1582 435 ι
1600 411 1685 445 Χαῖρε
1701 409 1746 435 καὶ
1760 409 1915 444 εὐφραίνου,

1136 457 1252 492 θύγατερ
1269 456 1346 488 Σιὼν,
1360 456 1424 483 διότι
1441 455 1494 482 ίδοὺ
1511 455 1634 492 ἔρχομαι,
1651 455 1699 482 καὶ
1714 453 1916 489 κατασκηνὼσω

1135 504 1164 529 ὲν
1183 503 1256 538 μέσῳ
1274 511 1331 529 σου.
1348 512 1357 527 ι
1389 503 1432 528 Ἐν
1454 501 1528 537 μέσῳ
1549 500 1603 537 γὰρ
1625 501 1675 536 τῆς
1690 500 1850 535 Ἐκκλησίας
1871 499 1916 526 τὸν

1135 547 1199 573 Θεὸν
1227 547 1312 581 Λόγον
1335 547 1520 581 κατασκηνῶν
1547 546 1773 580 πεπιστεύκαμεν·
1793 545 1830 577 ὡς
1852 545 1917 579 γοῦν

1134 593 1181 619 καὶ
1197 593 1359 628 ἐπήγγελται
1377 595 1465 628 φήσας
1477 602 1484 608 ’
1500 603 1508 619 ι
1530 593 1594 620 Ἰδοὺ
1615 593 1670 627 ἐγὼ
1686 593 1744 628 μεθ’
1764 592 1841 628 ὑμῶν
1860 593 1918 627 είμι

1135 639 1222 670 πάσας
1237 639 1286 670 τὰς
1303 638 1408 674 ἡμέρας
1423 639 1475 670 ἕως
1490 639 1539 673 τῆς
1555 638 1706 670 συντελείας
1719 638 1764 664 τοῦ
1784 638 1889 669 αἰῶνος
1904 647 1915 664 ι

1134 685 1179 709 καί
1185 691 1190 697 ·
1207 684 1308 710 ι”Οπου
1324 684 1397 719 δύοῆ
1409 685 1482 719 τρεῖς
1493 683 1653 718 συνηγμένοι
1669 684 1736 710 εἰσὶν
1752 684 1790 714 είς
1804 683 1835 709 τὸ
1852 683 1917 716 ἐμὰν

1133 729 1227 763 ὕνομα,
1235 730 1293 756 ἐκεῖ
1300 731 1356 764 εἰμι
1365 731 1392 756 ἐν
1401 730 1474 764 μέσῳ
1483 729 1581 756 αὐτῶν.
1589 739 1648 755 ι-ι
1660 729 1782 756 Ἐπειδὰν
1793 730 1822 756 δὲ
1832 729 1897 763 ἐγὼ,
1904 738 1915 755 ι

1134 774 1215 809 φησιν
1229 774 1308 805 αὐτὸς
1324 776 1337 800 ὁ
1350 774 1460 810 Κύριος,
1473 784 1481 799 ι
1499 774 1582 800 ἐλθὼν
1590 774 1790 809 κατασκηνώσω
1805 776 1833 801 ὲν
1843 775 1918 809 μέσῳ

1134 828 1191 851 σου,
1204 831 1212 845 ι
1234 819 1343 854 μείζονα
1357 820 1417 846 τότε
1430 820 1529 853 γνῶσιν
1545 821 1608 855 περ)⁸
1622 821 1667 847 τοῦ
1684 820 1749 847 Θευῦ
1763 821 1917 855 παντοκρά-

1133 875 1210 900 τορος
1235 866 1370 902 ἀναλήψῃ,
1385 866 1451 901 ἐμοῦ
1469 866 1516 893 τοῦ
1531 867 1632 903 Κυρίου
1648 867 1696 902 τὴν
1711 868 1797 894 αἰτίαν
1810 867 1859 902 τῆς
1876 868 1916 898 εἰς

302 912 374 940 Patri
399 914 444 947 qui
464 914 536 940 misit
553 922 606 946 me,
617 915 760 942 attribuam
775 925 781 942 :
801 924 810 939 ι
825 914 978 949 Cognosces
992 918 1079 941 autem

1133 912 1291 948 ἀνθρώπους
1301 913 1451 948 ἀποστολῆς
1465 912 1634 944 ἀνατιθέντος
1648 913 1686 948 τῷ
1699 912 1916 945 ἐξαποστείλαντί

301 958 373 992 quod
396 957 526 986 Dominus
545 959 717 993 omnipotens
739 959 813 986 misit
833 966 876 986 me
897 959 930 986 ad
953 963 988 986 te.
1011 968 1021 984 ι
1043 959 1083 985 Ac

300 1001 430 1036 deinceps
445 1002 472 1029 in
488 1002 560 1029 bunc
574 1010 639 1030 sane
653 1003 761 1031 modum
777 1004 835 1038 ipse
849 1003 980 1031 Dominus
994 1003 1078 1038 loqui-

300 1048 363 1072 tur:
379 1055 388 1070 ι
405 1045 438 1072 Et
447 1046 631 1074 corroborabo
646 1055 693 1075 eos
711 1047 737 1074 in
752 1047 866 1075 Domino
881 1048 934 1075 Deo
947 1048 1079 1083 ipsorum,

300 1093 326 1116 et
342 1090 369 1117 in
385 1091 494 1119 nomine
511 1092 598 1127 ipsius
615 1093 816 1128 gloriabuntur,
828 1094 893 1121 dicit
908 1094 1050 1122 Dominus.
1069 1104 1078 1120 ι

301 1133 353 1163 Sed
368 1136 416 1171 qui
431 1136 544 1165 tandem
557 1141 622 1166 sunt
635 1139 682 1173 qui
693 1139 720 1165 in
737 1138 852 1167 Domino
867 1140 1034 1174 gloriantur?

573 1224 687 1252 CAPUT
700 1225 805 1253 XXVII.

300 1278 376 1313 Quod
393 1287 485 1305 rursus
502 1279 628 1316 Dominus
642 1281 674 1316 de
696 1280 749 1307 alia
769 1282 893 1316 quodam,
915 1287 1017 1310 constat
1031 1290 1080 1311 au»

451 1318 502 1341 tem
513 1314 582 1349 quod
597 1315 628 1341 de
639 1315 721 1343 Patre
732 1314 779 1342 suo
797 1317 922 1352 loquitur.

337 1378 346 1395 ι
356 1369 388 1396 Et
399 1371 517 1398 ostendit
527 1371 591 1398 milii
606 1371 734 1400 Dominus
743 1371 835 1400 Jesum
848 1375 1014 1402 sacerdotem
1023 1383 1080 1403 ma-

298 1424 393 1452 gnum.
411 1422 528 1446 stantem
543 1423 606 1446 ante
621 1419 717 1447 faciem
734 1421 820 1454 angeli
838 1422 961 1455 Domini,
980 1427 1007 1451 et
1021 1424 1079 1451 dia-

299 1463 378 1490 bolus
393 1464 483 1491 stabat
502 1473 517 1492 a
533 1465 638 1494 dextris
653 1467 722 1501 ejus,
743 1474 770 1495 ut
786 1469 977 1497 adversaretur
994 1471 1030 1498 ei.
1045 1470 1078 1497 Et

299 1508 366 1535 dixit
386 1508 517 1538 Dominus
532 1511 565 1537 ad
579 1510 716 1538 diabolum
733 1522 740 1539 :
756 1512 880 1548 Increpet
895 1513 1027 1541 Dominus
1049 1514 1077 1541 in

1134 966 1167 992 με
1183 958 1277 993 Πατρί.
1294 967 1302 983 ι
1319 958 1411 995 Γνώσῃ
1423 959 1462 997 δὲ,
1476 959 1517 985 ὅτι
1533 959 1632 994 Κύριος
1649 959 1843 995 παντοκράτωρ
1860 961 1916 986 άπ-

1132 1003 1246 1030 έσταλκέ
1271 1012 1304 1038 με
1314 1004 1381 1040 πρὸς
1398 1004 1438 1031 σέ.
1453 1014 1462 1030 ι
1481 1005 1535 1031 Καὶ
1554 1005 1615 1040 ἑξῆς
1630 1005 1692 1040 περὶ
1711 1005 1802 1040 ἑτέρου
1813 1005 1915 1040 Κυρίου

1133 1049 1180 1074 καὶ
1192 1048 1258 1074 Θεοῦ
1279 1046 1328 1075 ὧδέ
1350 1058 1409 1081 πως
1432 1050 1512 1081 αὐτὸς
1528 1050 1654 1085 ὁΚύριος
1676 1049 1812 1084 ἐπιλέγει·
1836 1059 1844 1075 ι
1861 1050 1915 1076 Καὶ

1136 1095 1290 1130 κατισχύσω
1309 1096 1405 1127 αὐτοὺς
1427 1097 1454 1122 ὲν
1465 1097 1559 1132 Κυρίῳ
1574 1096 1632 1130 Θεῷ
1651 1096 1748 1128 αὐτῶν,
1763 1097 1809 1123 καὶ
1831 1098 1860 1122 ἐν
1875 1096 1915 1131 τῷ

1131 1139 1242 1175 ὀνόματι
1267 1140 1348 1167 αὑτοῦ
1368 1142 1562 1177 καυχήσονται,
1583 1141 1655 1176 λέγει
1674 1142 1783 1178 Κύριος.
1800 1151 1809 1168 ι
1835 1141 1915 1174 Τίνες

1131 1185 1159 1212 δὲ
1173 1184 1205 1211 ἂν
1219 1183 1274 1212 εἷεν
1291 1187 1316 1213 οἱ
1330 1187 1358 1213 ὲν
1374 1186 1412 1221 τῷ
1425 1186 1517 1222 Κυρίῳ
1532 1187 1716 1221 καυχώμενοις

1384 1233 1577 1259 ΚΕΦΑΛΑΙΟΝ
1597 1234 1658 1259 KZ’.

1137 1288 1184 1321 Ὧς
1196 1286 1282 1322 αὖθις
1299 1290 1405 1322 Κύριος
1421 1289 1487 1323 περὶ
1503 1289 1604 1322 ἐτέρου
1619 1289 1737 1322 Κυρίου,
1755 1288 1851 1322 δῆλον
1865 1288 1910 1321 δὲ,

1219 1324 1264 1350 ὅτι
1278 1325 1342 1358 περὶ
1357 1324 1409 1351 τοῦ
1422 1324 1536 1358 Πατρός
1551 1324 1655 1355 αὐτοῦ,
1669 1324 1820 1355 διέξεισιν.

1167 1380 1236 1406 (Καὶ
1250 1379 1334 1412 ἔδειξε
1351 1389 1395 1416 μοι
1412 1380 1512 1416 Κύριος
1529 1379 1631 1415 Ἰησοῦν
1650 1380 1694 1406 τὸν
1713 1379 1786 1414 ίερέα
1803 1378 1849 1406 τὸν
1863 1378 1911 1414 μέμ

1128 1433 1190 1459 γαν,
1207 1425 1313 1452 ἑστῶτα
1340 1426 1393 1462 πρὸ
1415 1425 1558 1461 προσώπου
1580 1425 1695 1460 ἀγγέλου
1719 1425 1838 1460 Κυρίουθ
1861 1424 1910 1451 καὶ

1127 1472 1142 1498 ὸ
1153 1464 1273 1503 διάϐολος
1289 1473 1407 1507 εἱστήκει
1421 1473 1453 1498 ὲκ
1468 1471 1559 1503 δεξιῶν
1580 1471 1672 1505 αὑτοῦ,
1686 1471 1732 1498 τοῦ
1744 1470 1910 1497 ἀντικεῖσθαι

1127 1517 1210 1553 αὐτῷ.
1229 1518 1284 1544 Καὶ
1301 1516 1360 1544 εἷπε
1376 1517 1476 1553 Κύριος
1503 1517 1570 1553 πρὸς
1592 1517 1636 1543 τὸν
1651 1516 1786 1543 διάὸολον·
1810 1516 1911 1542 Ἐπιτι-

298 1557 334 1585 te,
347 1553 462 1585 diabolo,
478 1559 505 1582 et
525 1555 645 1590 increpet
668 1555 799 1584 Dominus
824 1557 851 1584 in
870 1561 906 1590 te,
929 1558 975 1592 qui
998 1557 1077 1593 elegit

1130 1562 1213 1598 μῄσαι
1227 1563 1327 1598 Κύριος
1346 1563 1374 1588 ἐν
1389 1563 1438 1594 σοὶ,
1450 1561 1565 1593 διάϐολε,
1581 1562 1627 1588 καὶ
1640 1562 1797 1597 ἐπιτιμῆσαι
1809 1560 1910 1595 Κύριος

298 1599 378 1636 253
401 1600 550 1629 Jerusalem
570 1603 591 1630 ⁵.
619 1613 629 1628 ι
655 1602 761 1631 Rursus
788 1603 838 1630 hoc
865 1604 923 1631 loco
948 1603 1077 1631 Dominus

298 1647 380 1673 alium
391 1647 533 1682 quemdam
549 1649 754 1684 objurgaturum
771 1650 809 1676 ait
824 1651 911 1684 ipsum
929 1650 1076 1681 diabolum,

299 1691 343 1719 ubi
364 1700 429 1720 sane
442 1701 496 1721 non
509 1694 577 1728 ipse,
591 1695 636 1729 qui
652 1695 772 1730 loquitur
786 1695 928 1728 Dominus,
944 1695 1077 1730 increpat,

297 1737 344 1764 sed
357 1737 471 1765 alterum
485 1745 634 1768 memorat:
649 1741 749 1776 quibus
762 1742 852 1769 verbis
864 1742 943 1777 plane
952 1746 1078 1770 constare

296 1783 414 1811 arbitror
425 1784 682 1814 demonstrationem
699 1787 731 1814 de
751 1787 856 1815 duabus
875 1789 1008 1822 persoais,
1024 1796 1078 1815 uno

295 1827 385 1861 Patre,
399 1829 484 1857 altero
497 1838 529 1858 eo
539 1832 585 1866 qui
601 1839 616 1858 a
627 1830 707 1859 Patre
717 1833 837 1859 omnium
849 1840 909 1868 qua:
923 1833 991 1860 facta
1003 1837 1076 1865 sunt,

297 1877 457 1909 potestatem
476 1881 508 1902 ac
528 1876 739 1905 dominationem
751 1878 896 1915 acceperit.

565 1966 677 1995 CAPUT
691 1967 808 1996 XXVIII.

296 2023 317 2050 Α
332 2021 478 2062 Malae/tiu.
488 2025 608 2062 —_Quod
620 2027 740 2061 angelum
757 2027 916 2054 Testamenti
930 2027 1075 2062 Christum,

347 2063 372 2085 et
385 2058 503 2086 eumdem
517 2058 664 2088 Dominum
675 2063 836 2097 omnipotens
853 2063 923 2090 Deus
939 2069 1023 2092 vocat.

332 2163 342 2180 ι
360 2153 430 2182 Ecee
453 2163 503 2190 ego
520 2157 596 2184 mitto
617 2158 740 2191 angelum
765 2166 866 2192 meum,
882 2164 907 2188 et
931 2162 1077 2196 prospiciet

293 2200 365 2226 viam
382 2205 445 2228 ante
459 2200 555 2229 faciem
573 2210 671 2236 meam,
686 2207 713 2231 et
728 2209 839 2240 repente
853 2206 942 2233 veniet
962 2207 995 2233 ad
1008 2211 1076 2234 tem-

293 2246 368 2279 plum
383 2245 523 2281 Dominus,
538 2256 620 2282 quem
640 2257 689 2276 vos
706 2250 838 2284 quaeritis,
855 2255 881 2278 et
898 2253 1010 2287 angelus
1024 2253 1076 2280 Te-
1091 2243 1112 2271 Ῐ)

292 2292 430 2326 stamenti,
439 2301 518 2328 quem
530 2303 578 2322 vos
593 2295 683 2328 vultis,
695 2303 758 2323 ecce
773 2297 856 2330 venit,
868 2297 933 2324 dicit
946 2298 1075 2326 Dominus

293 2339 485 2373 omnipotens,
510 2345 536 2368 et
567 2342 629 2376 quis
657 2343 803 2370 sustinebit
829 2343 899 2373 diem
936 2345 1075 2379 ingressus

293 2384 390 2417 ejus'?
405 2394 415 2411 ι
429 2385 579 2415 Ειὶιιηιιιωο
588 2388 723 2422 prioribus
737 2389 835 2417 similia
848 2394 920 2418 sunt.
936 2390 995 2426 Ipse
1002 2392 1073 2419 enim

292 2427 422 2457 Dominus
434 2429 505 2458 Deus
520 2433 701 2467 omnipotens,
716 2433 858 2462 Dominum
876 2440 1019 2465 venturum
1036 2438 1075 2465 ait

291 2473 320 2500 in
337 2475 467 2510 templum
484 2483 574 2509 suum,
589 2478 696 2504 interim
713 2479 747 2506 de
764 2480 816 2506 alio
833 2480 946 2515 loquens
964 2489 970 2508 :
990 2482 1074 2516 signi-

292 2519 356 2546 ﬁcat
370 2527 452 2555 porro
464 2521 548 2549 Deum
576 2523 702 2555 Verbum.
721 2533 801 2559 quem
824 2531 917 2560 postea
947 2528 1072 2562 angelum

290 2564 455 2594 Tcstamenti
475 2568 608 2601 nominat,
624 2578 760 2605 quemque
774 2571 854 2598 etiam
871 2574 927 2607 ipse
942 2572 1073 2601 Dominus

290 2614 464 2648 omnipotens
478 2615 557 2644 docet
577 2623 606 2643 se
623 2617 730 2644 mittere
742 2621 805 2645 ante
817 2617 912 2645 faciem
926 2627 1014 2651 suam,
1030 2619 1073 2647 di-

289 2666 373 2686 cens:
389 2668 398 2685 ι
412 2659 482 2687 Ecce
495 2668 544 2695 ego
561 2661 638 2688 mitto
649 2662 774 2697 angelum
793 2670 882 2690 meum
900 2671 963 2692 ante
975 2665 1071 2692 faciem

289 2713 386 2734 meam.
393 2707 488 2743 »Λιιιυὶ
498 2708 620 2735 eumdem
628 2708 709 2742 hunc,
719 2716 799 2744 quem
809 2718 818 2734 ι
828 2711 951 2745 angelum
960 2718 1047 2737 meum
1058 2719 1068 2736 ι

289 2753 405 2784 vocavit,
435 2761 532 2781 rursus
562 2754 690 2790 deinceps
712 2755 856 2783 Dominum
875 2755 1002 2792 appellat,
1022 2757 1068 2785 ubi

291 2797 411 2832 Idjungit
428 2799 513 2827 illud:
532 2808 541 2824 ι
563 2799 594 2825 Ει
607 2804 718 2835 repente
732 2806 821 2830 veniet
835 2801 965 2831 Dominus
975 2809 1001 2830 et
1020 2811 1068 2830 an.

322 2880 333 2897 ³
348 2880 442 2909 Μνιιὶι.
462 2888 556 2912 xxun,
572 2879 615 2907 ι20.

1129 1608 1158 1635 ἐν
1173 1608 1223 1639 σοὶ,
1238 1609 1252 1634 ὁ
1268 1607 1445 1642 ἐκλεξάμενος
1460 1608 1508 1642 τὴν
1530 1607 1713 1643 Ἰερουσαλήμ.
1731 1617 1739 1632 ι
1761 1606 1844 1633 Πάλιν
1864 1607 1910 1632 καὶ

1128 1652 1243 1680 ἐνταῦθα
1273 1654 1287 1679 ὁ
1310 1653 1411 1688 Κύριος
1437 1653 1528 1689 ἓτερον
1550 1653 1652 1689 Κύριον
1676 1653 1846 1688 ὲπιτιμήσειν
1871 1651 1910 1686 τῷ

1128 1699 1241 1735 διαϐόλῳ
1256 1700 1346 1734 φησὶν,
1361 1700 1409 1734 οὐχ
1426 1700 1439 1726 ὁ
1451 1699 1709 1735 προσδιαλεγόμενος
1725 1698 1824 1733 Κύριος
1849 1700 1910 1725 ἑπι-

1128 1746 1224 1781 τιμῶν,
1240 1746 1296 1773 ἀλλ’
1316 1746 1407 1780 ἐτέρου
1422 1746 1596 1781 μνημονεύων
1607 1745 1718 1781 Κυρίου·
1733 1745 1766 1771 δι’
1777 1741 1814 1770 ὧν
1828 1745 1909 1780 ἡγοῦ-

1130 1801 1178 1827 μαι
1196 1792 1288 1827 σαφῶς
1306 1791 1487 1828 παρίστασθαι
1512 1792 1574 1827 περὶ
1591 1791 1644 1818 τῶν
1664 1790 1710 1817 δύο
1725 1791 1844 1826 Κυρίων,
1861 1790 1908 1817 τοῦ

1128 1838 1233 1874 [ἰατρὸς
1254 1838 1301 1864 καὶ
1313 1837 1380 1863 Θεοῦ
1404 1837 1458 1864 τῶν
1474 1837 1551 1868 ὅλων,
1569 1838 1614 1863 καὶ
1633 1836 1679 1863 τοῦ
1704 1836 1772 1872 μετὰ
1794 1836 1839 1862 τὸν
1852 1837 1909 1862 Πα-

1128 1884 1195 1919 τέρα
1216 1883 1264 1919 τὴν
1281 1883 1351 1910 κατὰ
1375 1884 1482 1910 πάντων
1507 1883 1559 1909 τῶν
1572 1883 1707 1919 γεννητῶν
1727 1883 1838 1919 κυρείαν
1861 1883 1909 1909 καὶ

1129 1928 1287 1955 δεσποτείαν
1303 1927 1467 1963 διειληφότος
1484 1927 1628 1960 ἀπόδειξιν.

1378 1984 1571 2012 ΚΕΦΑΛΑΙΟΝ
1596 1985 1662 2012 ΚΗ’.

1134 2040 1205 2067 Ἀπὸ
1229 2040 1283 2067 τοῦ
1308 2041 1473 2076 Μαλαχίου.
1489 2056 1523 2060 —
1541 2040 1587 2074 Ὠς
1612 2040 1739 2075 ἄγγελον
1762 2040 1909 2075 Διαθήκης

1163 2076 1216 2101 τὸν
1230 2076 1369 2109 Χριστὸν,
1387 2077 1440 2102 τὸν
1456 2075 1549 2102 αὐτὸν
1562 2076 1596 2102 δὲ
1614 2077 1662 2102 καὶ
1679 2077 1788 2110 Κύριον
1802 2078 1819 2103 ό
1833 2084 1904 2102 παν-

1163 2110 1309 2143 τοκράτωρ
1323 2110 1395 2143 Θεὸς
1408 2110 1560 2140 ἀποκαλεῖ.

1165 2176 1174 2192 ‹
1197 2167 1261 2193 Ἰδοὺ
1279 2167 1465 2200 ἐξαποστέλλω
1477 2167 1522 2193 τὸν
1537 2167 1651 2202 ἄγγελόν
1665 2175 1726 2202 μου,
1741 2168 1786 2194 καὶ
1801 2167 1908 2194 ἐπιϐλέ-

1127 2214 1206 2248 eam
1222 2213 1280 2239 ὁδὸν
1298 2213 1350 2249 πρὸ
1363 2212 1510 2247 προσώπου
1522 2222 1582 2248 μου,
1594 2215 1641 2240 καὶ
1654 2214 1781 2249 ἐξαίφνης
1794 2214 1853 2249 ἥξει
1870 2216 1908 2246 είς

1126 2260 1172 2286 τὸν
1188 2260 1251 2286 ναὸν
1266 2259 1375 2294 Κύριος,
1392 2259 1420 2285 ὃν
1433 2260 1510 2293 ὑμεῖς
1527 2259 1642 2295 ζητεῖτε,
1652 2261 1697 2287 καὶ
1709 2261 1722 2286 ὁ
1735 2260 1848 2295 ἄγγελος
1861 2260 1908 2295 τῆς

1126 2303 1273 2338 Διαθήκης,
1289 2303 1318 2329 ὃν
1332 2303 1410 2338 ὑμεῐς
1429 2303 1529 2330 θέλετε.
1551 2303 1614 2329 Ἰδοὺ
1630 2304 1746 2338 ἔρχεται,
1765 2304 1838 2338 λέγει
1855 2306 1906 2332 Κύ-

1128 2358 1184 2385 ριος
1203 2349 1408 2385 παντοκράτωρ,
1426 2349 1473 2375 καὶ
1486 2348 1526 2380 τίς
1542 2349 1672 2384 ὑπομενεῖ
1687 2350 1791 2387 ἡμέραν
1807 2351 1908 2377 εἰσόδου

1124 2393 1205 2421 αὑτοῦ
1215 2402 1221 2426 ;
1232 2404 1241 2418 ι
1252 2394 1350 2429 Ὅμοια
1361 2394 1408 2420 καὶ
1422 2393 1506 2420 ταῦτα
1515 2395 1569 2425 τοῖς
1581 2394 1731 2430 προτέροις.
1745 2394 1845 2430 Κύριος
1856 2396 1908 2431 γὰρ

1126 2441 1206 2472 αὐτὸς
1222 2441 1235 2466 ὁ
1254 2441 1319 2471 Θεὸς
1334 2441 1529 2476 παντοκράτωρ
1545 2440 1618 2475 ἥξειν
1633 2442 1713 2476 φησιν
1731 2442 1769 2472 είς
1786 2442 1830 2468 τὸν
1847 2443 1908 2469 ναὸν

1124 2485 1207 2512 αὑτοῦ
1223 2486 1341 2521 Κύριον,
1356 2486 1419 2521 περὶ
1436 2486 1528 2522 ἐτέρου
1545 2486 1640 2520 λέγων.
1656 2486 1735 2521 Δηλοῖ
1750 2487 1778 2513 δὲ
1795 2487 1850 2523 ἄρα
1864 2488 1908 2514 τὸν

1124 2532 1190 2558 Θεὸν
1201 2532 1295 2565 Λόγον.
1309 2533 1385 2559 Μετὰ
1397 2532 1474 2558 τοῦτο
1485 2532 1513 2558 δὲ
1529 2532 1576 2558 καὶ
1589 2532 1701 2566 ἄγγελον
1712 2532 1761 2567 τῆς
1771 2533 1907 2569 Διαϐήκης

1123 2577 1267 2612 ὀνομάζει,
1290 2577 1319 2603 ὃν
1351 2577 1397 2603 καὶ
1413 2577 1492 2608 αὐτὸς
1509 2578 1522 2603 ὁ
1538 2577 1732 2612 παντοκράτωρ
1749 2577 1850 2613 Κύριος
1866 2578 1907 2610 ἐξ-

1122 2622 1297 2650 αποστέλλειν
1313 2622 1366 2657 πρὸ
1383 2621 1526 2658 προσώπου
1544 2621 1639 2648 ἑαυτοῦ
1661 2621 1790 2654 διδάσκει,
1811 2622 1908 2657 λέγων·

1127 2677 1137 2694 ι
1159 2667 1224 2694 Ἰδοὺ
1242 2667 1297 2702 ἐγὼ
1308 2666 1494 2700 ἐξαποστέλλω
1509 2667 1620 2702 ἄγγελόν
1633 2676 1682 2703 μου
1693 2668 1746 2703 πρὸ
1762 2668 1907 2704 προσώπου

1126 2722 1186 2749 μου.
1203 2723 1212 2738 ι
1226 2714 1276 2739 Τὸν
1291 2713 1371 2740 αὐτὸν
1387 2714 1415 2740 δὲ
1429 2713 1533 2744 τοῦτον,
1548 2713 1577 2745 ὃν
1591 2723 1600 2739 ι
1619 2713 1734 2747 ἄγγελόν
1763 2722 1813 2749 μου
1832 2723 1841 2739 ι
1857 2715 1904 2740 ἁπ-

1122 2758 1244 2790 εκὰλεσε,
1259 2758 1339 2785 πάλιν
1351 2758 1413 2794 ἑξῆς
1425 2758 1524 2794 Κύριον
1544 2757 1678 2794 ὀνομάζει·
1691 2768 1701 2784 ι
1711 2759 1766 2785 Καὶ
1779 2759 1905 2794 ἐξαίφνης

1121 2804 1181 2836 ἥξει
1197 2803 1307 2839 Κύριος,
1327 2813 1336 2830 ι
1353 2804 1496 2838 ἐπιλέγων,
1511 2813 1519 2829 ι
1534 2804 1581 2831 καὶ
1593 2806 1608 2831 ὁ
1618 2804 1733 2839 ἄγγελος
1748 2805 1797 2841 τῆς
1808 2805 1904 2840 Διαθη-

655 2882 664 2895 ⁸
678 2881 771 2909 Matth.
786 2889 863 2917 xrin,
880 2882 926 2909 20.
966 2883 974 2899 '
990 2881 1071 2910 Zacli.
1090 2890 1130 2917 iu,
1146 2883 1169 2915 1,
1182 2883 1209 2910 2.
1249 2883 1259 2898 ⁶
1271 2882 1385 2910 Malach.
1405 2890 1446 2916 ιιι,
1464 2882 1527 2918 I,%.
