2084 3216
174 181 228 209 ‘09

652 179 978 209 DEMONSTRATIONIS
996 178 1227 208 EVANGELICE
1246 178 1309 206 LlB.
1329 177 1362 205 V.

1747 175 1800 203 410

177 247 240 274 κης.
257 247 267 264 ι
295 237 365 265 Ἕνα
389 237 417 264 δὲ
431 238 478 264 καὶ
496 237 541 264 τὸν
566 237 647 265 αὑτὸν
667 239 805 274 προειπὼν
825 240 960 276 ἑπιφέρεν

1013 239 1088 274 gelus
1112 237 1290 266 Testamenti.
1311 247 1320 262 ι
1343 235 1432 263 Unum
1457 242 1521 262 vero
1536 237 1564 262 et
1588 233 1712 261 eumdem
1737 241 1799 260 cum

181 295 190 310 ε
211 285 276 311 Ἰδοὺ
293 285 414 320 ἔρχεται,
438 284 485 311 καὶ
506 285 548 316 τίς
572 285 703 320 ὑπομενεί
726 285 831 321 ἡμέραν
860 286 961 313 εἰσόδου

177 329 278 362 αὐτοῦ;
296 339 306 356 ›
318 330 367 365 τὴν
386 330 514 366 δευτέραν
525 331 572 357 καὶ
584 331 689 364 ἔνδοξον
709 332 859 367 παρουσίαν
879 331 961 358 αὐτοῦ

178 375 328 410 σημαίνων.
347 376 374 402 '0
383 376 466 403 ταῦτα
483 376 510 402 δὲ
525 377 614 404 πάντα
629 376 773 410 θεσπίζων,
786 377 887 413 Κύριός
903 377 961 404 ἐστι

178 421 375 456 παντοκράτωρ
391 422 406 447 ὁ
421 421 474 448 τῶν
488 421 556 448 ὅλων
569 422 644 454 Θεός.

429 521 627 547 ΚΕΦΑΛΑΙΟΝ
644 521 707 548 ΚΘ’.

184 577 232 611 Ὠς
249 578 337 612 ἣλιον
351 577 545 612 δικαιοσύνης
562 578 615 605 τὸν
635 579 763 613 Χριστὸν
778 580 794 606 ό
810 579 869 607 τῶν
884 579 964 606 ὅλων

454 614 526 647 Θεὸς
542 613 685 649 ὀνομάζει.

217 679 226 696 ι
245 670 299 696 Καὶ
310 670 433 697 ἀνατελΞῖ
443 671 498 702 τοῖς
509 670 684 706 φοϐουμένοις
696 671 725 698 τὸ
736 671 820 707 ὄνομά
829 681 879 707 μου
889 671 963 707 ἥλιος

177 716 359 751 δικαιοσύνης,
375 716 422 743 καὶ
439 717 509 748 ἴασις
523 716 597 743 ἔσται
608 718 637 743 ἐν
647 718 706 749 ταῖς
715 718 842 753 πτέρυξιν
853 718 943 744 αὐτοῦ.
951 728 960 743 ι

184 762 212 788 '0
222 761 349 793 πολλάκις
358 762 516 797 ἀνομασθεὶς
524 762 635 798 Κύριος,
647 763 692 788 καὶ
699 762 774 794 Θεὸς,
784 762 830 789 καὶ
838 762 962 796 ἄγγελος,

178 807 225 833 καὶ
231 808 572 843 ἁρχιστράτηγος,Χριστός
578 817 607 834 τε
614 808 660 834 καὶ
667 808 814 844 ἰερεὺς,καὶ
820 808 963 842 Λόγος,ιιαὶ

178 854 258 887 σοφία
268 853 344 886 Θεοῦ,
354 853 400 880 καὶ
412 853 504 885 εἰκὼν⁷
512 854 559 880 νῦν
571 854 650 886 αὐτὸς
662 851 737 885 οὗτος
750 854 824 889 ἥλιος
834 854 963 890 κέκληται

176 899 358 935 δικαιοσύνης,
375 899 474 926 Τοῦτον
488 899 520 934 δὴ
536 897 581 925 οὖν
596 899 675 926 αὑτὸν
691 901 705 926 ὁ
721 900 854 935 γεννήσας
869 899 964 936 Πατὴρ

1016 285 1186 320 produxerit,
1203 288 1260 310 tum
1275 283 1351 310 addit
1365 292 1370 309 :
1389 292 1398 307 ι
1420 281 1488 308 Ecce
1504 281 1586 310 venit.
1602 285 1628 307 et
1642 279 1704 314 quis
1717 279 1799 306 susti-

1016 331 1090 359 nebit
1102 331 1172 358 diem
1190 331 1330 364 ingressus
1347 327 1427 361 ejus?
1445 337 1454 352 ι
1472 326 1572 361 quibus
1598 324 1687 352 verbis
1703 331 1801 352 secun-

1015 376 1079 403 dum
1099 381 1126 404 et
1147 376 1294 411 gloriosum
1310 374 1383 401 illius
1409 372 1555 399 adventum
1584 369 1729 405 significat.
1748 367 1800 395 Sed

1015 423 1061 458 qui
1076 422 1167 449 omnia
1183 422 1239 449 hanc
1254 420 1338 452 canit,
1355 419 1485 446 Dominus
1499 422 1540 445 est
1553 417 1725 451 omnipotens
1740 415 1801 442 uni-

1015 468 1085 497 versi
1105 468 1187 496 Deus.

1298 523 1411 552 CAPUT
1425 522 1523 550 XXIX.

1015 583 1097 620 254
1118 581 1195 616 Quod
1220 581 1427 620 solemjustitim
1447 579 1582 620 plurmum
1609 579 1664 612 ipse
1686 578 1800 604 universi

1299 617 1366 644 Deus
1381 616 1511 643 nominat.

1053 685 1062 701 ‹
1080 675 1110 701 Et
1124 674 1226 701 orietur
1240 660 1398 700 timentibus
1414 679 1510 699 nomen
1523 677 1612 697 meum
1624 669 1665 696 sol
1676 668 1800 704 justitiam,

1015 726 1042 750 et
1059 721 1165 749 sanatio
1178 721 1229 748 erit
1246 720 1272 746 in
1287 719 1338 746 alis
1354 719 1442 753 ejus".
1462 728 1471 744 ι
1489 717 1539 750 Qui
1558 724 1627 751 saepe
1644 715 1801 742 nominatus

1015 773 1057 796 est
1072 773 1100 796 ct
1116 768 1258 799 Dominus,
1277 770 1304 794 et
1329 766 1412 797 Deus,
1436 769 1463 792 et
1480 764 1604 799 angelus,
1631 767 1659 790 et
1674 762 1801 796 princeps

1018 816 1224 850 imperatorum,
1242 817 1268 840 et
1282 812 1419 843 Christus,
1436 815 1462 838 et
1477 809 1616 839 sacerdos,
1632 811 1658 835 et
1669 806 1800 838 Verbum,

1016 865 1043 888 et
1060 860 1193 895 sapientia
1210 859 1268 888 Dei.
1285 862 1312 885 et
1328 858 1415 892 imago
1429 867 1436 884 :
1452 863 1526 884 nunc
1547 855 1617 882 idem
1634 863 1643 879 ι
1663 854 1704 881 sol
1719 853 1801 888 justi-

1017 907 1061 934 tia:
1079 917 1088 933 ›
1107 906 1217 933 dicitur.
1231 906 1308 933 Hunc
1321 906 1410 939 ipsum
1429 904 1520 939 igitur,
1539 903 1562 930 is
1578 903 1623 937 qui
1644 901 1736 937 genuit
1750 900 1802 927 Pa-

177 944 208 970 οὺ
224 945 281 976 τοῖς
295 945 387 976 πᾶσιν,
405 944 472 971 ἀλλά
490 945 581 980 μόνοις
596 946 651 976 τοῖς
666 945 695 971 τὸ
712 945 795 980 ὄνομα
812 945 893 972 αὐτοῦ
912 954 960 980 φο-

1013 958 1064 985 ter,
1093 961 1146 980 non
1173 953 1299 979 omnibus
1329 951 1462 978 oriturum
1490 949 1633 984 promittit,
1665 948 1712 975 sed
1737 947 1802 974 solis

177 989 320 1024 δουμένοις
337 989 475 1016 ὰνατελεῖν
491 990 699 1026 ἐπαγγέλλεται,
713 991 795 1027 γέρας
808 992 898 1023 αὐτοῖς
914 990 960 1017 τοῦ

177 1036 218 1067 εἰς
233 1036 313 1062 αὑτὸν
328 1036 408 1070 φόϐου
429 1035 515 1068 διδοὺς
535 1037 564 1063 τὸ
587 1037 644 1071 φῶς
661 1036 707 1063 τοῦ
725 1038 773 1072 τῆς
792 1037 962 1073 δικαιοσύνης

178 1081 265 1116 ἡλίου.
278 1082 326 1117 Εἴη
342 1082 364 1108 δ’
378 1082 411 1108 ἆν
422 1079 498 1113 οὗτος
512 1083 525 1108 ὁ
537 1082 601 1114 Θεὸς
614 1083 710 1117 Λόγος,
724 1084 737 1109 ὁ
750 1083 844 1110 εἰπὼν·
863 1094 872 1108 ι
893 1083 962 1117 Ἐγώ

177 1127 236 1161 εἰμι
249 1127 280 1153 τὸ
295 1127 352 1161 φῶς
368 1127 415 1154 τοῦ
431 1128 550 1162 κόσμου’
575 1128 644 1164 ὅπερ
666 1126 700 1164 ἦν
721 1128 778 1163 φῶς
798 1129 827 1155 τὸ
849 1129 962 1162 φωτίζον

178 1172 268 1199 πάντα
283 1172 424 1209 ἄνθρωπον
441 1174 586 1209 ἐρχόμενον
599 1175 638 1206 εἰς
650 1174 695 1200 τὸν
712 1174 821 1210 κόσμον.
838 1184 847 1200 ›
864 1174 962 1201 Τοῦτον

177 1218 209 1253 δὴ
223 1216 279 1250 οὖν,
293 1218 348 1245 ἀλλ’
365 1219 395 1245 οὺ
411 1218 456 1245 τὸν
472 1218 610 1254 αἰσθητὸν,
626 1219 686 1245 οὐδὲ
702 1219 748 1246 τὸν
766 1220 890 1255 προφανῆ
906 1221 962 1251 τοῖς

178 1266 245 1292 πᾶσι
257 1265 373 1299 λογικοῖς
388 1274 416 1292 τε
434 1266 482 1292 καὶ
492 1265 599 1299 ἀλόγοις
613 1266 698 1301 ἥλιον,
718 1266 786 1294 ἀλλὰ
799 1267 845 1293 τὸν
860 1267 961 1299 ἔνθεον,

177 1312 224 1339 καὶ
236 1312 337 1346 νοερὸν,
355 1312 402 1339 καὶ
413 1312 502 1347 πάσης
513 1313 612 1348 ἀρετῆς
623 1313 669 1339 καὶ
681 1313 852 1348 δικαιοσύνης
863 1314 961 1346 αττιον,

179 1359 270 1394 μόνοις
289 1360 344 1390 τοῖς
367 1358 542 1394 φοϐουμένοις
567 1359 646 1386 αὑτὸν
673 1359 809 1386 ἀνατελεῐν
833 1360 879 1386 ἐπὶ
914 1359 960 1386 τοῦ

177 1405 332 1441 παρόντοςὸ
344 1405 409 1437 Θεός
420 1413 512 1440 φησιν,
529 1404 713 1440 ἀποκρύπτων
741 1405 823 1432 αὑτὸν
837 1405 891 1432 τῶν
914 1406 961 1432 ἀν-

177 1451 270 1484 αξίων·
289 1453 352 1486 περὶ
368 1447 406 1478 ὧν
419 1450 546 1486 ἀλλαχόθι
559 1459 609 1477 που
630 1449 713 1485 λέγει’
729 1459 738 1477 ι
755 1451 810 1478 Καὶ
821 1451 929 1478 δύσεται
947 1453 962 1478 ό

176 1497 252 1531 ἥλιος
267 1496 314 1523 ἐπὶ
329 1497 391 1529 τοὺς
410 1497 551 1532 προφήτας
570 1496 633 1527 τοὺς
656 1495 812 1528 πλανῶντας
831 1496 877 1524 τδν
898 1496 961 1524 λαόν

178 1549 239 1575 μου.
259 1549 269 1566 ι

440 1610 638 1636 ΚΕΦΑΛΑῙΟΝ
656 1610 695 1637 Λ’.

183 1665 256 1693 Ἀπὸ
270 1665 323 1693 τοῦ
345 1667 494 1700 Ἰερεμίου.
503 1681 538 1686 ——
551 1667 597 1699 Ὡς
612 1666 683 1699 Θεὸς
697 1666 792 1700 Λόγος
804 1666 910 1700 Κύριος
920 1666 963 1692 ὢν

213 1701 309 1736 Κυρίῳ
327 1701 368 1734 τῷ
391 1702 483 1735 Ιιατρὶ
505 1701 602 1736 εὐχὴν
623 1700 799 1736 ἀναπέμπει,
826 1701 884 1736 τὴν
903 1701 963 1728 τῶν

213 1735 307 1762 ἐθνῶν
319 1736 505 1771 ἐπιστροφὴν
519 1735 673 1767 θεσπίζων.

215 1801 225 1818 ι
239 1792 323 1828 Κύριε
341 1793 357 1827 ἡ
378 1792 452 1827 ἰσχύς
471 1801 530 1828 μου,
549 1792 595 1819 καὶ
614 1792 724 1828 βοήθειά
741 1801 802 1827 μου,
816 1793 862 1819 κοι¹ι
878 1801 962 1820 κατα-

177 1838 252 1872 φυγή
271 1846 321 1872 μου
336 1839 364 1864 ὲν
381 1838 472 1873 ἡμέρᾳ
487 1837 620 1872 θλίψεως,
639 1837 707 1872 πρὸς
724 1838 753 1863 σὲ
771 1838 834 1872 ἔθνη
852 1837 961 1872 ἥξουσιν

176 1883 225 1909 ἀπ’
239 1883 353 1918 ἐσχάτου
370 1884 420 1917 τῆς
435 1883 495 1919 γῆς,
509 1883 555 1909 καὶ
570 1882 687 1918 ἐροῦσιν·
707 1878 755 1915 Ὦς
769 1883 852 1918 ψευδῆ
882 1884 961 1919 ὲκτὴ-

176 1937 259 1955 σαντο
280 1929 304 1955 οἱ
327 1929 444 1964 πατέρες
468 1929 544 1964 ἡμῶν
569 1929 674 1960 εἴδωλα,
701 1929 748 1955 καὶ
769 1929 819 1955 οὐκ
840 1928 912 1955 ἔστιν
933 1929 961 1954 ἑν

175 1975 269 2006 αὐτοῖς
294 1974 422 2009 ὠφέλεια.
448 1975 479 2001 Ει
499 1976 604 2010 ποιήσει
621 1974 695 2010 αὑτῷ
714 1973 856 2010 ἄνθρωπος
873 1974 960 2006 θεοὺς,

177 2020 225 2046 καὶ
247 2015 319 2046 οὗτοι
342 2020 392 2046 οὐκ
414 2019 467 2046 εἰσὶ
492 2021 557 2047 θεοί,
583 2021 632 2046 Διὰ
655 2019 734 2046 τοῦτο
760 2019 815 2046 ἰδοὺ
835 2018 890 2053 ἐγὼ
916 2018 962 2054 δη-

176 2065 255 2092 λώσω
283 2065 374 2097 αὐτοῖς
394 2066 422 2092 ὲν
443 2065 482 2101 τῷ
502 2065 590 2102 καιρῷ
611 2065 698 2100 τούτῳ
723 2064 770 2100 τὴν
795 2064 874 2099 χεῖρὰ
899 2073 960 2099 μου,

175 2112 223 2138 καὶ
240 2111 348 2148 γνωριῶ
365 2112 456 2143 αὐτοῖς
473 2112 522 2146 τὴν
541 2111 654 2146 δύναμίν
670 2120 730 2146 μου,
752 2111 799 2137 καὶ
814 2109 961 2144 γνώσονται

174 2158 216 2184 ὅτι
232 2156 287 2191 ἐγὼ
300 2157 409 2192 Κύριος.
428 2167 437 2182 ι
453 2157 553 2193 Κύριος
568 2158 654 2192 ἑτέρῳ
669 2156 778 2191 εΰχεται
799 2156 903 2192 Κυρίῳ,
923 2156 962 2191 τῷ

175 2203 265 2239 Πατρὶ
285 2203 385 2238 δηλαδὴ
405 2203 451 2229 καὶ
470 2203 528 2238 Θεῷ
546 2202 601 2229 τῶν
620 2203 697 2234 ὅλων,
717 2203 746 2228 ὲν
759 2199 799 2234 οἷς
813 2202 962 2238 ἁρχόμενός

176 2258 255 2286 φησι·
269 2260 278 2275 ι
291 2250 386 2285 Κύριε,
401 2249 475 2284 ἰσχύς
492 2258 569 2285 μου,›
583 2250 629 2276 καὶ
638 2249 672 2276 τὰ
683 2249 755 2284 ἑξῆς.
769 2249 865 2283 Σαφῶς
876 2250 904 2276 δὲ
913 2249 962 2284 τὴν

174 2297 230 2322 τῶν
246 2295 330 2322 ἐθνῶν
347 2297 378 2322 ὲκ
396 2296 446 2330 τῆς
468 2294 654 2326 πολυπλανοῦς
676 2295 893 2331 εἰδωλολατρείας
916 2295 962 2321 ἐπὶ

174 2343 225 2378 τὴν
240 2344 281 2374 εἰς
297 2343 343 2369 τὸν
361 2343 426 2369 Θεὸν
443 2342 583 2368 εὐσέϐειαν
603 2341 752 2377 μεταϐολὴν
767 2341 897 2373 θεσπίζει·
914 2342 961 2367 καὶ

174 2389 244 2425 αῦτη
264 2389 292 2415 δὲ
310 2390 327 2424 ἡ
345 2389 497 2425 προφητεία
521 2389 588 2424 μετὰ
607 2389 655 2424 τὴν
676 2389 715 2420 εἰς
736 2388 895 2424 ἀνθρώπους
914 2388 960 2414 τοῦ

174 2435 302 2470 Σωτῆρος
320 2434 398 2470 ἡμῶν
424 2434 511 2470 Ἰησοῦ
534 2434 652 2470 Χριστοῦ
675 2433 824 2469 παρουσίαν
847 2433 961 2468 ἐναργέ-

176 2488 262 2506 στατα
285 2480 421 2506 δείκνυται
441 2479 652 2515 πεπληρωμένη.
673 2479 752 2506 Ἀλλά
771 2479 824 2514 γὰρ
845 2480 878 2505 δι“
893 2478 960 2505 ὅλων

174 2527 321 2562 τριάκοντα
331 2526 507 2562 προφητικῶν
519 2526 672 2560 κεφαλαίων
683 2525 807 2561 δεύτερον
816 2525 881 2551 Θεὸν
893 2525 961 2560 μετὰ

174 2573 220 2599 τὴν
241 2573 370 2599 ἀνωτάτω
388 2572 435 2598 καὶ
451 2572 496 2598 ἐπί
509 2572 586 2601 πᾶσι,
600 2572 644 2598 τὸν
663 2571 776 2607 Σωτῆρα
795 2571 841 2597 καὶ
860 2571 961 2607 Κύριον

175 2618 254 2654 ήμῶν
265 2617 309 2644 τὸν
320 2616 366 2644 τοῦ
377 2616 444 2644 Θεοῦ
455 2617 541 2651 Λόγον
553 2615 622 2643 εἶναι
636 2617 833 2652 μεμαθηκότες,
851 2617 893 2651 ἐφ’
903 2617 960 2643 ἐτέ-

176 2674 227 2701 ραν
242 2665 294 2700 τῆς
315 2664 387 2691 κατὰ
405 2665 485 2691 αὐτὸν
501 2665 656 2699 οἰκονομίας
673 2664 798 2691 ὑπόθεσιν
813 2663 963 2700 μεταϐησό-

177 2712 258 2746 μεθα,
270 2711 350 2738 αὐτὸν
362 2711 394 2747 δὴ
404 2711 497 2738 τοῦτον
510 2711 574 2737 Θεὸν
586 2712 626 2738 είς
637 2710 795 2746 ἀνθρώπους
806 2709 962 2737 ἐλεύσεσθαι

175 2758 241 2785 δεῖν,
268 2758 300 2784 ὲκ
322 2756 376 2783 τῶν
398 2756 486 2782 αὐτῶν
508 2756 583 2793 παρά
605 2755 737 2791 Ἑϐραίοις
760 2755 839 2791 ιερῶν
863 2755 961 2791 βίϐλων

177 2803 366 2837 πατήσοντες.

1016 1007 1114 1026 nomen
1130 1007 1209 1027 stium
1225 998 1392 1030 timentibus,
1410 1001 1438 1022 ut
1455 996 1494 1023 sic
1509 995 1561 1023 illis
1574 995 1679 1022 timoris
1694 1002 1757 1030 erga
1772 1001 1802 1021 se

1017 1045 1167 1080 praemium.
1184 1044 1250 1072 solis
1266 1044 1380 1078 justitiaa
1395 1043 1438 1069 det
1457 1043 1559 1068 lumen.
1577 1041 1634 1068 Erit
1651 1044 1740 1068 autem
1756 1040 1801 1067 hic

1017 1091 1087 1119 Deus
1105 1090 1234 1122 Verbum,
1252 1097 1267 1116 a
1280 1097 1334 1124 quo
1352 1089 1417 1116 illud
1438 1088 1540 1114 dictum
1559 1093 1601 1114 est
1617 1096 1624 1114 :
1640 1096 1649 1112 (
1670 1087 1725 1122 Ego
1740 1094 1800 1114 sum

1016 1138 1060 1164 lux
1077 1136 1199 1168 mundi“,
1213 1144 1272 1171 qua:
1286 1139 1345 1162 erat
1359 1135 1404 1161 lux
1420 1134 1577 1162 illuminans
1591 1141 1697 1162 omnem
1714 1134 1801 1161 homi-

1014 1191 1075 1210 nem
1095 1182 1246 1210 venientem
1269 1182 1296 1208 iu
1319 1181 1390 1207 hunc
1406 1180 1567 1206 mundum‘.
1584 1189 1593 1206 ι
1613 1179 1689 1208 lianc
1711 1180 1802 1214 itaque

1015 1229 1113 1259 lucem,
1131 1235 1184 1255 non
1201 1231 1291 1254 autem
1306 1227 1380 1253 illum
1397 1226 1554 1253 sensibilem
1572 1229 1598 1253 et
1614 1225 1799 1258 manifestum,

1014 1280 1041 1303 et
1059 1274 1239 1302 rationalibus
1254 1277 1281 1299 et
1301 1273 1388 1299 brutis
1404 1273 1499 1304 solem,
1520 1272 1566 1299 sed
1583 1272 1703 1299 divinum
1721 1277 1801 1307 atque

1014 1321 1220 1356 intelligente"),
1229 1323 1256 1346 et
1264 1319 1353 1346 omnis
1365 1319 1473 1346 virtutis
1486 1327 1518 1346 ac
1531 1319 1646 1353 justitiaa
1661 1323 1800 1346 auctorem

1015 1367 1081 1395 solis
1102 1368 1190 1402 ipsum
1214 1366 1372 1393 timentibus
1397 1366 1543 1398 oriturum,
1563 1365 1590 1392 in
1614 1366 1742 1401 praesenti
1763 1365 1802 1392 ait

1015 1413 1097 1447 Deus,
1114 1414 1189 1440 illum
1206 1413 1240 1440 iis
1265 1412 1372 1439 interim
1390 1412 1543 1442 occultans,
1562 1412 1608 1446 qui
1625 1412 1671 1438 illo
1696 1411 1801 1446 indigni

1014 1460 1080 1491 sint.
1096 1459 1130 1487 de
1145 1459 1245 1494 quibus
1264 1458 1346 1485 etiam
1363 1457 1427 1485 alibi
1447 1458 1531 1485 dicit:
1549 1467 1559 1482 ι
1578 1456 1611 1484 Et
1630 1457 1736 1485 occidet
1759 1455 1801 1483 sol

1014 1513 1096 1541 super
1105 1505 1261 1540 prophetas,
1278 1504 1325 1540 qui
1340 1504 1480 1538 decipiunt
1495 1504 1625 1539 populum
1642 1510 1733 1530 meum
1745 1501 1795 1528 “.-

1294 1613 1410 1642 CAPUT
1427 1614 1512 1642 XXX.

1013 1674 1052 1703 Ab
1065 1673 1191 1700 Jeremia.
1209 1688 1245 1693 -—
1265 1672 1492 1705 Quemadmodum
1520 1671 1589 1698 Deus
1615 1671 1738 1702 Verbum,
1765 1672 1799 1698 ad

1049 1709 1158 1736 Patrem
1175 1708 1383 1742 deprecationem
1400 1708 1506 1738 emittit,
1520 1707 1637 1742 gentium
1652 1708 1799 1734 conversio-

1047 1753 1106 1772 nem.
1121 1744 1239 1778 futuram
1255 1743 1419 1778 signiﬁcans.

1050 1809 1059 1824 ε
1076 1799 1187 1826 Domine
1196 1799 1327 1825 fortitudo
1338 1806 1407 1828 mea.
1418 1798 1582 1825 etauxilium
1600 1805 1700 1829 meum,
1717 1802 1744 1825 et
1756 1805 1799 1824 re-

1014 1845 1115 1880 fugium
1132 1853 1233 1877 meum,
1248 1845 1275 1871 in
1293 1844 1336 1872 die
1348 1844 1544 1877 tribulationis,
1560 1844 1593 1870 ad
1610 1848 1636 1871 te
1650 1849 1743 1878 gentes
1757 1852 1800 1871 ve-

1013 1891 1088 1918 nient
1110 1891 1144 1918 ab
1160 1895 1280 1918 extremo
1296 1894 1386 1921 terrae,
1404 1889 1528 1917 etdicent
1544 1899 1550 1917 :
1568 1889 1637 1917 Vere
1650 1889 1717 1918 falsa
1733 1898 1798 1925 pos-

1013 1938 1140 1964 sederunt
1164 1942 1254 1972 patres
1282 1938 1367 1965 nostri
1389 1938 1547 1969 simulacra,
1570 1941 1597 1964 et
1622 1945 1675 1964 non
1697 1942 1739 1965 est
1771 1937 1798 1964 in

1012 1983 1052 2010 eis
1067 1983 1180 2010 utilitas.
1191 1983 1219 2010 Si
1236 1983 1316 2010 faciet
1330 1983 1382 2010 sibi
1395 1983 1476 2010 homo
1491 1983 1567 2014 deos,
1584 1988 1611 2010 et
1625 1983 1653 2009 hi
1668 1990 1722 2009 non
1736 1986 1800 2010 sunt

1013 2029 1060 2055 dii.
1078 2027 1182 2055 Idcirco
1202 2036 1266 2056 ecce
1280 2037 1330 2063 ego
1345 2029 1485 2056 ostendam
1506 2029 1545 2056 eis
1559 2029 1585 2055 in
1602 2033 1723 2064 tempore
1736 2030 1798 2061 hoc,

1012 2079 1038 2102 et
1051 2078 1141 2101 notam
1158 2074 1254 2100 faciam
1271 2075 1310 2101 eis
1331 2082 1440 2101 manum
1457 2082 1556 2106 meam,
1575 2074 1655 2109 255
1669 2080 1696 2101 et
1710 2074 1798 2101 virtu-

1013 2123 1065 2146 tem
1088 2126 1186 2149 meam,
1203 2122 1230 2146 et
1246 2124 1414 2153 cognoscent
1429 2120 1500 2154 quod
1522 2127 1572 2153 ego
1595 2120 1765 2147 Dominus“.
1787 2130 1796 2146 ι

1012 2164 1040 2191 1η
1057 2165 1099 2192 his
1115 2165 1206 2192 verbis
1221 2165 1352 2193 Dominus
1368 2166 1450 2192 alium
1476 2169 1615 2200 precatur,
1635 2165 1743 2193 Patrem
1760 2166 1800 2193 vi-

1012 2210 1111 2237 delicet
1128 2217 1159 2237 ac
1179 2209 1263 2237 Deum
1282 2210 1414 2242 universi,
1430 2210 1487 2238 illic
1512 2219 1579 2238 sane
1596 2211 1642 2238 ubi
1667 2212 1799 2246 incipiens

1013 2255 1050 2281 ait
1067 2264 1072 2281 :
1089 2263 1097 2278 ι
1117 2254 1242 2288 Domine,
1259 2255 1390 2283 fortitudo
1410 2264 1480 2287 mea.
1499 2266 1508 2281 ι
1522 2260 1549 2283 ct
1568 2261 1675 2283 caetera.
1691 2255 1800 2291 Perspi-

1012 2308 1134 2328 cuevero
1143 2301 1264 2335 gentium
1279 2302 1313 2328 ab
1324 2302 1476 2329 errabundo
1487 2302 1695 2329 simulacrorum
1712 2302 1797 2332 cultu.

1012 2345 1046 2372 ad
1057 2344 1195 2380 pietatem,
1212 2346 1426 2383 religionemque
1437 2355 1500 2381 erga
1513 2346 1595 2374 Deum
1608 2347 1800 2374 commutatio-

1011 2400 1072 2419 nem
1090 2392 1220 2425 futuram,
1239 2393 1373 2427 signiﬁcat
1387 2402 1393 2425 ;
1411 2397 1438 2420 et
1454 2394 1509 2420 inec
1522 2393 1629 2420 interim
1645 2393 1797 2427 prophetia,

1011 2441 1073 2471 post
1086 2436 1237 2464 Salvatoris
1251 2437 1337 2464 nostri
1355 2437 1419 2465 Jcsu
1437 2437 1540 2465 Christi
1560 2438 1592 2464 ad
1610 2437 1735 2464 homines
1751 2437 1797 2464 πα.

1010 2487 1119 2510 ventum
1131 2483 1334 2510 evidentissima
1344 2484 1477 2518 completa
1493 2487 1670 2511 monstratur.
1681 2483 1713 2509 At
1725 2483 1796 2510 enim

1011 2531 1154 2562 postquam
1171 2527 1304 2555 hactenus
1320 2536 1352 2555 ex
1369 2529 1434 2556 totis
1450 2529 1558 2563 triginta
1574 2528 1739 2563 propheticis
1753 2536 1798 2555 ca-

1014 2573 1126 2608 pitibus,
1144 2573 1238 2606 Deum,
1253 2573 1433 2606 Salvatorem,
1448 2581 1479 2600 ac
1499 2573 1644 2600 Dominum
1661 2578 1796 2606 nostrum,

1013 2618 1061 2646 Dei
1075 2617 1193 2645 Verbum
1208 2626 1268 2646 esse
1289 2619 1454 2651 didicimus;
1470 2618 1503 2644 ad
1522 2618 1637 2644 alterum
1652 2618 1722 2652 ejus.
1738 2625 1798 2652 quae

1012 2664 1045 2691 ad
1063 2663 1187 2690 eumdem
1209 2664 1338 2698 pertinet,
1359 2663 1573 2698 dispensationis
1595 2667 1796 2697 argumentum,

1012 2709 1141 2744 deinceps
1158 2714 1340 2740 transeamus.
1355 2714 1382 2737 et
1405 2710 1477 2736 hunc
1491 2710 1579 2744 ipsum
1598 2708 1682 2736 Deum
1698 2708 1731 2735 ad
1748 2708 1798 2735 bo.-

1013 2755 1100 2782 mines
1115 2759 1257 2782 venturum
1284 2755 1381 2787 fuisse.
1398 2763 1430 2783 ex
1456 2755 1552 2783 iisdem
1566 2755 1652 2783 sacris
1668 2754 1797 2782 Hebrmo-

1012 2810 1071 2829 rum
1086 2801 1163 2829 libris
1178 2801 1396 2838 comprobemus.

213 2905 222 2920 τ
240 2903 357 2932 Malacb.
371 2911 408 2936 iv,
423 2903 450 2931 2.
488 2905 498 2921 ⁸
509 2902 587 2931 Ioan.
602 2911 660 2935 un,
679 2901 721 2930 12.
759 2903 769 2919 ⁹
782 2902 860 2931 Joan.
879 2911 898 2938 ι,
911 2903 937 2931 9.

1013 2903 1093 2931 Mich.
1110 2911 1151 2937 in,
1168 2903 1194 2930 6.
1233 2903 1252 2919 “
1270 2902 1323 2930 Jer.
1338 2910 1393 2936 ιη,
1408 2904 1498 2935 19-21,
