2084 3216
152 157 154 159 ’
179 165 233 193 415

646 167 968 198 DEMONSTRATlONlS
984 171 1212 200 EVANGELICE
1230 173 1293 201 LIB.
1313 173 1357 202 Vl.

1751 177 1802 205 ω

181 223 249 250 Θεοῦ
261 222 387 259 δύναμιν,
400 225 424 251 οἱ
433 223 498 251 θεῖοι
510 225 694 260 προηγόρευον
708 225 792 260 λόγοι.
809 227 840 252 Εἰ
855 229 958 261 φανεῖεν.

1016 228 1148 260 universi,
1164 233 1191 256 et
1209 229 1253 256 Dei
1276 229 1407 259 Verbum.
1429 233 1456 258 et
1479 230 1525 258 Dei
1543 231 1680 264 virtutem,
1708 232 1801 260 divina

180 270 227 296 ἐπὶ
241 268 287 296 τοῦ
304 270 436 305 παρόντος
452 271 480 296 at
496 272 662 306 προφητικαὶ
673 272 830 307 μαρτυρίαι,
848 272 913 299 Θεὸν
925 274 966 305 είς

180 315 342 351 ἀνθρώπους
376 317 517 350 ἀφίξεσθαι
543 317 674 352 μέλλοντα
703 318 963 353 προαναφωνοῦσαι,

180 362 261 388 παντί
273 371 312 396 τῳ
325 361 404 397 δῆλον
419 362 465 388 ἐπὶ
482 362 542 389 τίνα
563 362 615 399 χρὴ
630 364 680 398 τὴν
701 364 840 400 ἀναφορὰν
855 364 902 391 τοῦ
917 374 964 401 ση-

181 408 343 443 μαινομένου
359 409 503 435 ποιεῖσθαι·
520 410 562 435 ὅτε
579 410 694 445 μάλιστα
711 411 754 437 διὰ
768 411 821 438 τῶν
836 411 962 447 πρόσθεν,

178 454 207 479 ἐν
236 452 381 488 ἀνθρώπου
405 455 493 489 μορφῇ
518 455 565 480 καὶ
589 456 716 490 σχήματι,
734 457 791 487 τοῖς
822 456 893 491 ἀμφὶ
918 457 963 484 τὸν

185 499 310 534 Ἀϐραὰμ
330 499 479 533 θεοφιλέσιν
496 501 510 526 ό
529 500 593 532 Θεὸς
604 501 688 534 Λόγος
700 503 742 528 ἐπ’
760 502 890 537 ὀνόματος
904 503 962 528 Κυ-

178 545 237 579 ρίου
256 546 302 571 καὶ
318 544 385 571 Θεοῦ
414 545 517 580 πέφηνε
532 546 581 577 τὰς
607 547 646 577 είς
660 547 819 582 ἀνθρώπους
831 548 963 580 ὀπτασίας

178 591 369 625 πεποιημένος.
378 591 444 627 Φέρε
453 590 498 618 οὖν
508 592 616 627 ἴδωμεν,
625 593 697 625 ὅπως
709 593 773 620 ποτὲ
786 594 834 629 μὲν
850 594 961 630 Κύριον,

179 636 244 662 ποτὲ
270 636 298 662 δὲ
321 636 386 662 Θεὸν
418 636 620 672 καταϐήσεσθαι
650 638 689 669 εἰς
713 638 887 674 ἀνθρώπους,
915 639 963 666 καὶ

178 682 258 709 πάλιν
274 682 456 717 ἀναϐήσεσθαι
470 683 592 718 ἐναργῶς
614 683 686 710 οὕτω
718 686 908 720 προαναφωνεῖ
928 685 963 712 τὰ

178 727 243 763 παρ’
258 727 390 763 Ἑϐραίοις
405 727 492 762 λόγια,
508 729 554 754 καὶ
567 729 616 760 τάς
629 738 660 763 γε
677 729 764 762 αἰτίας
778 730 826 766 τῆς
839 730 961 757 καθόδου.

177 771 321 807 Σημειώσῃ
337 772 404 804 δ’ὡς
413 772 472 799 τινὰ
486 773 534 807 μὲν
549 773 655 809 εἴρηται
667 774 700 800 δι’
715 775 891 810 αἰνιγμάτων,
902 776 962 803 τινὰ

176 818 204 844 δὲ
213 817 408 854 φανερώτερον.
424 818 465 845 Τὰ
482 818 531 853 μὲν
547 817 593 846 οὖν
604 819 636 846 δι’
655 820 827 856 ἐπικρύψεως
844 822 962 857 ἠγοῦμαι

176 864 231 890 τῶν
252 865 284 891 ἐκ
304 865 451 900 περιτομῆς
471 865 550 891 ἕνεκα
563 865 776 901 κεκαλυμμένως
787 867 961 895 ἀποδεδόσθαι

1016 274 1091 309 prius
1115 275 1286 309 appellabant
1307 276 1428 304 oracula.
1453 276 1482 303 Si
1504 285 1568 312 ergo
1593 277 1645 305 hoc
1667 282 1801 313 tempore,

1015 320 1173 356 prophetica
1201 321 1284 348 etiam
1318 322 1474 349 testimonia
1503 322 1586 350 Deum
1616 323 1650 350 ad
1676 324 1802 353 homines

1015 365 1100 394 fuisse
1121 371 1278 399 venturum,
1304 367 1464 402 prmdixisse
1489 369 1691 398 ostenderimus
1713 379 1721 397 :
1745 376 1802 398 tum

1014 411 1161 446 unicuique
1172 412 1281 446 planum
1300 413 1392 444 tuerit,
1409 413 1441 440 ad
1455 421 1534 448 quem
1549 414 1650 442 referre
1665 419 1800 450 oporteat,

1014 456 1039 483 id
1048 455 1120 490 quod
1127 456 1350 491 signiﬁcavimus.
1358 465 1419 484 cum
1430 465 1478 492 per
1485 465 1516 484 ea
1525 457 1642 485 maxime
1652 466 1712 492 qum
1721 462 1800 486 antea

1013 501 1085 529 dicta
1096 505 1171 534 sunt,
1184 501 1442 534 demonstravimus,
1456 502 1539 530 Deum
1558 502 1687 534 Verbum,
1703 503 1799 530 habitu

1013 547 1123 581 quidem
1141 546 1282 581 formaque
1297 547 1426 578 hominis,
1445 548 1554 574 nomine
1570 541 1635 574 vero
1649 547 1755 574 Domini
1768 555 1800 575 ac

1014 592 1070 623 Dci.
1083 596 1111 620 et
1125 592 1177 627 ipsi
1191 592 1318 624 Abrahae,
1339 597 1365 620 et
1380 593 1486 620 caeteris
1497 592 1543 620 Dei
1556 593 1652 620 amicis
1667 593 1742 626 viris,
1754 593 1800 625 qui

1012 638 1127 665 Abrahae
1148 642 1309 673 tempestate
1330 638 1482 671 ﬂoruerint,
1505 639 1624 674 scipsum
1653 639 1799 666 videndum

1012 685 1169 719 praebuisse.
1185 684 1245 712 Jam
1269 692 1343 712 nunc
1363 684 1446 719 igitur
1466 689 1571 719 tempus
1586 688 1628 712 est
1653 688 1682 711 ut
1705 684 1799 712 videa-

1013 739 1073 759 mus
1088 739 1141 767 qua
1163 732 1279 763 ratione,
1299 739 1371 758 nunc
1391 731 1545 762 Dominum,
1565 739 1638 758 nunc
1663 729 1747 758 Deum
1764 731 1798 758 ad

1012 776 1136 805 homines
1153 777 1358 808 descensurum,
1376 782 1402 804 et
1420 784 1517 803 rursus
1536 783 1726 808 escensurum,
1743 781 1798 803 tam

1012 823 1151 851 evidenter
1177 823 1351 850 Hebraeorum
1380 823 1491 850 oracula
1518 824 1594 858 prius
1620 823 1799 850 denuntiave—

1011 869 1076 901 rint,
1095 873 1122 896 et
1136 876 1259 903 quaenam
1275 868 1390 902 hujusce
1403 868 1553 896 descensus
1566 875 1657 896 causai.
1671 867 1772 895 fuerint
1789 875 1796 893 :

175 910 220 938 διὰ
251 910 284 937 τὰ
312 910 492 946 θεσπιζόμενα
520 913 580 939 κατ’
612 913 700 939 αὐτῶν
730 913 899 950 σκυθρωπά·
925 914 958 941 δι’

1010 915 1117 942 tametsi
1132 915 1198 942 illud
1215 914 1265 942 tibi
1277 915 1425 943 notandum
1441 919 1494 946 est,
1511 914 1564 941 alia
1576 914 1686 950 quidem
1701 913 1800 941 obscu-

175 956 247 992 ἅπερ
260 957 332 989 είκὸς
347 955 381 993 ἦν
395 958 440 984 καὶ
465 957 593 991 ἀφανίσαι
617 958 714 989 αὐτοὺς
734 959 783 994 τὴν
801 959 920 995 Γραφὴν,
935 961 959 986 εἰ

175 1004 208 1032 ἐκ
231 1002 278 1029 τοῦ
307 1003 462 1038 προφανοῦς
483 1003 531 1039 τὴν
561 1004 678 1038 ἐσχάτην
710 1004 799 1030 αὐτῶν
824 1005 960 1040 ἀποϐολὴν

175 1049 332 1084 ἐσήμαινεν.
353 1048 431 1076 Οὕτω
450 1049 514 1083 γοῦν
541 1050 589 1076 καὶ
616 1051 672 1081 τοῖς
691 1051 844 1085 προφήταις
869 1052 960 1082 αὐτοῖς

174 1094 364 1122 ἐπιϐουλεῦσαι
374 1095 472 1126 αὐτοὺς
486 1095 595 1130 κατέχει
618 1095 748 1129 λόγος,δι’
763 1096 809 1127 οὒς
824 1096 961 1123 ἐποιοῦντο

174 1140 234 1169 κατ’
247 1140 337 1167 αὐτῶν
353 1141 488 1176 ἐλέγχους.
504 1142 536 1167 Al
556 1141 584 1167 δὲ
615 1143 710 1176 σαφεῖς
733 1144 894 1178 προφητεῖαι
911 1142 960 1178 τὴν

174 1187 229 1213 τῶν
253 1186 338 1213 ἐθνῶν
365 1187 461 1222 κλῆσιν
481 1187 631 1214 λευκότατα
647 1188 811 1224 περιέχουσι,
823 1189 877 1215 τῶν
897 1190 956 1216 κατ’

173 1231 313 1258 εὐσέϐειαν
339 1232 448 1266 ἀγαθῶν
472 1233 521 1264 τὰς
535 1233 699 1267 ἐπαγγελίας
718 1234 747 1260 οὺ
763 1234 801 1268 τῷ
827 1235 958 1262 Ἰουδαίων

173 1277 256 1308 ἔθνει,
271 1277 339 1304 πᾶσι
361 1277 389 1304 δὲ
408 1277 560 1314 ἀνθρώποις
580 1280 635 1310 τοῖς
649 1279 709 1305 καθ’
729 1279 792 1313 ὅλης
806 1280 854 1315 τῆς
870 1281 959 1306 οἰκου-

175 1323 260 1358 μένης
291 1323 532 1358 καταγγέλλουσαι.
549 1321 597 1350 Ὧν
614 1323 699 1356 οὕτως
727 1325 851 1360 ἐχόντων,
865 1326 960 1362 καιρὸς

173 1368 224 1403 ἤδη
242 1369 354 1396 καὶτῶν
374 1369 451 1396 θείων
465 1370 615 1396 ἐπακοῦσαι
632 1370 739 1404 λογίων.
924 1379 926 1381 ’

1012 961 1079 993 rius,
1097 961 1150 988 alia
1172 965 1262 988 autem
1276 961 1396 996 apertius
1413 961 1485 988 dicta
1507 961 1633 988 inveniri.
1647 960 1735 995 Atque
1749 968 1798 995 ego

1011 1007 1119 1042 quidem
1133 1007 1262 1040 arbitror,
1277 1007 1427 1034 occultiora
1444 1007 1489 1034 illa
1503 1011 1614 1041 propter
1625 1005 1743 1038 Judzeos,
1761 1006 1807 1046 ita‘

1011 1054 1131 1080 involute
1148 1057 1229 1088 atque
1253 1052 1384 1087 implicite
1402 1052 1509 1080 reddita
1525 1060 1597 1083 esse,
1613 1052 1686 1086 quod
1702 1050 1799 1078 videli-

1011 1103 1054 1127 cet
1064 1099 1152 1126 tristia
1164 1098 1286 1134 quaedam
1301 1099 1329 1125 in
1346 1098 1400 1126 illis
1414 1102 1509 1125 contra
1529 1098 1604 1133 ipsos
1620 1102 1798 1129 canerentur,

1010 1146 1045 1173 ob
1061 1153 1122 1180 qua:
1136 1145 1285 1172 verisimile
1302 1145 1363 1177 fuit,
1375 1145 1451 1179 ipsos
1463 1144 1613 1171 abolituros
1629 1143 1799 1179 perdituros-

1010 1198 1062 1226 que
1075 1191 1159 1218 fuisse
1169 1190 1349 1225 Scripturam,
1366 1190 1389 1217 si
1403 1193 1495 1224 aperte
1506 1195 1657 1216 extremum
1674 1189 1796 1224 ipsorum

1010 1235 1150 1263 interitum
1174 1235 1367 1271 signiﬁcasset.
1393 1234 1439 1262 Sic
1466 1243 1532 1262 sane
1551 1235 1633 1262 etiam
1655 1234 1797 1269 prophetis

1010 1282 1124 1313 infestos
1146 1282 1240 1315 fuisse,
1263 1282 1400 1309 memoria:
1422 1281 1560 1316 proditum
1578 1284 1631 1312 est,
1653 1284 1796 1315 propterea

1009 1327 1081 1362 quod
1097 1328 1131 1355 ab
1151 1328 1206 1356 illis
1223 1328 1500 1363 reprehenderentur.
1513 1327 1579 1359 Quae
1594 1334 1658 1353 vero
1674 1325 1796 1360 apertius

1010 1373 1159 1408 loquuntur
1173 1373 1333 1408 prophetiaa,
1347 1372 1380 1398 ab
1393 1372 1427 1399 iis
1436 1372 1530 1406 utique
1543 1371 1663 1406 gentium
1678 1369 1796 1403 vocatio,

173 1415 258 1442 nullis
273 1416 393 1442 involuta
419 1416 641 1448 obscuritatibus,
660 1417 813 1444 continetur
827 1417 850 1444 ἐ
873 1417 1027 1452 οτράειηψιο
1056 1419 1190 1446 bonorum
1207 1426 1267 1454 quae
1288 1426 1302 1445 a
1317 1418 1418 1453 pietate
1443 1416 1654 1452 proﬁciscuntur
1680 1415 1798 1450 promis»

173 1462 277 1495 siones,
299 1469 353 1488 non
378 1462 424 1488 uni
446 1461 565 1489 Iudaicae
587 1462 671 1497 genti,
700 1463 747 1490 sed
772 1463 901 1491 omnibus
922 1471 970 1498 per
1001 1469 1086 1492 totum
1112 1469 1250 1492 terrarum
1283 1465 1377 1492 orbem
1407 1463 1583 1496 hominibus,
1612 1462 1796 1489 denuntiant:

171 1517 234 1544 qua:
262 1517 324 1536 cum
349 1509 388 1537 sic
411 1517 441 1537 se
457 1516 504 1536 res
531 1509 658 1542 habeant,
682 1509 738 1544 jam
761 1517 834 1537 nunc
848 1511 960 1539 oracula
976 1515 1085 1547 quoque
1094 1511 1186 1540 divina
1199 1511 1305 1543 audire,
1319 1515 1428 1546 tempus
1443 1510 1534 1537 fuerit.

441 1567 638 1594 ΚΕΦΛΛΑΙΟΝ
657 1569 698 1595 A’.

176 1612 302 1647 Ψαλμοῦ
313 1612 356 1645 ιζ’.
367 1627 403 1633 --
413 1613 486 1650 Θεοῦ
495 1614 539 1646 εὶς
546 1614 719 1650 ἀνθρώπους
732 1615 861 1649 ἀφίξεως
867 1616 960 1650 δήλω-

297 1655 356 1680 σις,
373 1648 421 1674 καί
433 1648 481 1674 ἐπὶ
503 1649 593 1683 ταύτῃ
607 1648 717 1683 κλῆσις
730 1650 834 1677 ἐθνῶν.

212 1702 222 1718 ε
242 1693 299 1719 Καὶ
314 1693 419 1720 ἔκλινεν
442 1693 583 1729 οὐρανοὺς,
604 1693 651 1720 καὶ
673 1695 787 1730 κατέϐη,
799 1696 844 1723 καὶ
858 1697 959 1732 γνόφος

173 1739 226 1766 ὑπὸ
239 1740 304 1771 τοὺς
316 1740 397 1771 πόδας
414 1740 495 1767 αὑτοῦ
506 1749 512 1755 ·
529 1740 576 1767 καὶ
590 1740 674 1776 ἐπέϐη
690 1742 737 1768 ἐπὶ
754 1743 895 1778 χερουϐὶμ,
912 1744 960 1770 καὶ

172 1786 328 1822 ὲπετάσθη·
360 1787 496 1822 ὲπετάσθη
524 1787 570 1813 ἐπὶ
595 1786 738 1822 πτερύγων
761 1789 886 1824 ἀνέμων·
912 1790 959 1816 καὶ

173 1831 250 1858 ἔθετο
274 1832 369 1864 σκότος
395 1833 556 1868 ἀποκρυφὴν
583 1833 684 1866 αὐτοῦ,
709 1834 801 1870 κύκλῳ
830 1835 912 1861 αὐτοῦ
942 1836 958 1870 ἡ

174 1877 260 1913 σκηνὴ
275 1878 367 1904 αὐτοῦ.
388 1887 397 1903 ι
419 1878 551 1914 Ἡγοῦμαι
568 1879 613 1906 διὰ
634 1880 736 1908 τούτων
755 1881 882 1916 ἄντικρυς
893 1880 958 1907 Θεοῦ

172 1923 285 1951 κάθοδον
300 1924 445 1960 οὐρανόθεν
461 1926 652 1961 παρίστασθαι.
670 1927 812 1963 Προειπὼν
824 1927 883 1963 γὰρ,
894 1927 959 1954 πολ-

171 1968 221 2001 λὰς
236 1969 383 2003 θεολογίας,
405 1966 526 2004 ἐπιλέγει
544 1971 578 1997 τὰ
599 1972 754 2007 ἐκκείμενα.
767 1973 811 2007 Τῷ
824 1973 852 1999 δὲ
871 1973 958 2007 λέγειν

172 2014 273 2042 κλίνειν
284 2014 364 2041 αὑτὸν
377 2015 516 2051 οὐρανοὺς,
532 2016 578 2042 καὶ
599 2016 816 2051 κατεληλυθέναι,
832 2017 960 2052 σημαίνει

170 2060 221 2095 τὴν
233 2061 382 2097 ὑποστολὴν
395 2062 443 2097 τῆς
451 2061 543 2088 ἐνθέου
560 2062 649 2097 δόξης,
666 2063 698 2098 ἢν
714 2063 728 2088 ὁ
741 2063 811 2095 θεῖος
828 2063 957 2090 Ἀπόστο-

171 2107 217 2139 λος
229 2108 364 2143 παριστὰς
377 2107 480 2142 ἔλεγεν·
499 2118 507 2134 ι
526 2110 573 2140 Ὃς
582 2110 611 2136 ἐν
628 2110 718 2144 μορφῇ
734 2109 801 2135 Θεοῦ
816 2109 956 2145 ὑπάρχων,

171 2154 222 2188 οὐχ
238 2154 384 2189 ἁρπαγμὸν
412 2155 534 2189 ἡγήσατο
558 2155 588 2181 τὸ
602 2152 670 2182 εἶναι
685 2154 730 2182 ἴσα
745 2155 814 2190 Θεῷ,
831 2155 888 2183 ἀλλ’
905 2155 957 2182 αὑ-

171 2198 218 2225 τὸν
227 2199 354 2231 ὲκένωσε,
368 2199 472 2235 μορφὴν
483 2199 573 2226 δούλου
587 2200 686 2227 λαϐών.
701 2210 710 2226 ι
723 2201 776 2227 Καὶ
783 2200 823 2232 τὸ,
835 2210 844 2226 ‹
856 2201 956 2236 Ἐπέϐη

1271 1570 1352 1605 253
1366 1569 1480 1597 CAPUT
1497 1569 1518 1596 1.

1011 1618 1030 1644 Α
1047 1618 1149 1653 psalmo
1171 1625 1236 1645 xvn.
1249 1617 1344 1653 -νίὶεί
1357 1616 1391 1642 ad
1403 1616 1518 1653 Itqmines
1531 1614 1660 1653 adt-enm;
1676 1614 1794 1641 ostendi-

1211 1658 1265 1682 tur,
1278 1652 1340 1678 item
1352 1651 1452 1678 vacatio
1465 1650 1592 1685 genlium.

1048 1707 1057 1723 ε
1071 1697 1105 1724 Et
1122 1698 1264 1725 inclinavit
1276 1698 1361 1725 caelos
1375 1702 1403 1724 et
1424 1695 1576 1728 descendit,
1594 1700 1621 1722 et
1639 1695 1727 1729 caligo
1743 1694 1796 1721 sub

1010 1744 1124 1778 pedibus
1138 1743 1197 1778 ejus
1210 1753 1216 1770 :
1233 1747 1260 1770 et
1275 1743 1397 1770 ascendit
1413 1750 1495 1776 super
1510 1741 1663 1773 cherubim,
1680 1744 1707 1768 et
1720 1740 1794 1767 vola-

1010 1790 1048 1816 vit
1064 1797 1070 1815 :
1090 1790 1189 1816 volavit
1203 1797 1285 1823 super
1300 1796 1403 1823 pennas
1422 1792 1566 1815 ventorum
1583 1796 1590 1813 :
1608 1791 1634 1813 et
1644 1786 1736 1821 posuit
1750 1789 1794 1812 te—

1010 1837 1108 1863 nebras
1121 1835 1262 1862 latibulum
1277 1842 1368 1865 suum,
1386 1834 1413 1860 in
1427 1833 1542 1860 circuitu
1556 1831 1616 1866 ejus
1630 1831 1794 1858 tabernacu-

1010 1883 1065 1909 lqu
1080 1881 1141 1917 ejus
1151 1882 1182 1908 ι’.
1205 1891 1213 1906 ι
1239 1881 1363 1908 Arbitror
1388 1888 1421 1907 ex
1442 1879 1485 1906 his
1505 1878 1665 1914 planissime
1686 1877 1733 1904 Dei
1760 1876 1794 1904 de

1009 1928 1079 1955 ccelo
1103 1927 1263 1954 descensum
1278 1925 1384 1953 ostendi
1401 1932 1408 1950 :
1432 1927 1576 1959 postquam
1591 1922 1664 1950 enim
1694 1921 1794 1948 multas

1010 1974 1161 2007 theologias
1187 1971 1350 2004 enuntiavit,
1371 1976 1427 1998 tum
1448 1978 1479 1998 ea
1504 1977 1565 2005 qua
1587 1968 1712 2002 exposita
1730 1972 1792 1995 sum

1008 2019 1142 2054 adjungit.
1158 2018 1245 2045 Porro
1264 2019 1329 2045 dum
1351 2017 1418 2044 dicit
1435 2016 1583 2043 inclinasse
1601 2015 1676 2041 illum
1696 2014 1792 2044 caelos,

1009 2068 1034 2091 et
1047 2065 1087 2092 sic
1099 2063 1286 2093 descendisse,
1305 2062 1520 2090 contractionem
1540 2060 1638 2087 divinae
1649 2059 1741 2094 gloria:
1756 2059 1792 2086 si-

1008 2111 1215 2145 gniticet,quam
1231 2109 1339 2136 divinus
1347 2108 1493 2143 Apostolus
1501 2107 1645 2134 declarans
1654 2105 1706 2132 ait:
1720 2114 1728 2130 (
1741 2103 1792 2137 Qui

1008 2164 1070 2183 cum
1085 2156 1112 2183 in
1126 2156 1211 2183 forma
1226 2155 1273 2183 Dei
1282 2160 1365 2186 esset,
1377 2162 1431 2182 non
1446 2154 1568 2188 rapinam
1589 2152 1737 2179 arbitratus
1752 2154 1793 2177 est

1008 2209 1069 2229 esse
1084 2209 1113 2229 se
1126 2202 1256 2236 aequalem
1273 2201 1328 2228 Deo
1345 2201 1411 2228 :sed
1428 2200 1547 2234 seipsum
1560 2197 1719 2227 exinanivit,
1738 2195 1792 2222 ior-

170 2245 200 2273 δὲ
208 2246 255 2271 ἐπὶ
263 2245 405 2281 χερουϐὶμ,
417 2245 462 2272 καὶ
473 2246 619 2282 ὲπετάσθη,
634 2256 642 2271 ι
653 2246 816 2273 αἰνίττεσθαί
831 2255 875 2282 μοι
885 2246 958 2273 δοκεῖ

1011 2257 1082 2276 mam
1100 2250 1171 2276 servi
1192 2248 1369 2283 accipiens”.
1386 2256 1395 2272 ›
1412 2245 1479 2272 lllud
1499 2248 1589 2271 autem
1605 2263 1612 2275 ,
1635 2252 1644 2268 ε
1663 2241 1792 2270 Ascendit

170 2291 221 2326 τὴν
233 2291 279 2317 ἐπὶ
294 2291 340 2317 τοῦ
354 2291 420 2318 Θεοῦ
432 2291 507 2324 δόξαν
522 2292 753 2323 ἀποκατάστασιν,
765 2293 798 2328 ἣν
810 2292 956 2328 πεποίηται

171 2337 331 2371 ἀγγελικαῖς
360 2337 409 2367 κα),
434 2337 518 2369 θείαις
547 2338 675 2373 δυνάμεσι
706 2337 954 2374 δορυφορούμενος*

170 2382 186 2408 ὂ
203 2382 250 2408 κα)⁵
275 2382 341 2408 αὐτὸ
356 2381 499 2417 δηλυῦσθαί
515 2391 558 2417 μοι
573 2383 645 2409 δοκεῖ
655 2383 697 2410 διὰ
711 2383 770 2409 τοῦ·
781 2393 790 2409 ι
803 2383 953 2418 Ἐπετάσθη

171 2427 218 2453 ἐπὶ
233 2427 376 2463 πτερύγων
396 2428 513 2463 ἀνέμων.
529 2438 538 2453 ι
557 2428 593 2455 Τὸ
610 2428 638 2454 δὲ
651 2429 746 2460 σκότος
758 2429 894 2456 τεθεῖσθαι
904 2429 953 2465 τὴν

170 2473 334 2509 ἀποκρυφὴν
349 2472 443 2503 αὑτοῦ,
463 2474 509 2500 καὶ
521 2474 618 2508 γνόφον
634 2474 685 2500 ὑπὸ
699 2475 760 2505 τοὺς
780 2474 861 2506 πόδας
874 2474 956 2501 αὑτοῦ

171 2519 310 2552 λέγεσθαι,
337 2519 539 2554 παραστατικὸν
562 2519 594 2546 ἂν
624 2519 667 2555 εἴη
687 2520 736 2555 τῆς
765 2520 880 2555 κρυφίου
910 2520 957 2547 κα)⁸

171 2565 328 2600 ἀπορρήτου
356 2565 520 2599 οἰκονομίας,
542 2565 600 2591 καθ’
617 2567 649 2602 ἢν
669 2566 755 2594 ταῦτα
777 2567 864 2593 πάντα
883 2567 957 2602 αὺτῷ

169 2610 297 2637 ἐτελεῖτο.
321 2619 330 2634 ε
348 2609 447 2644 Κύκλῳ
472 2610 500 2636 δὲ
512 2610 594 2637 αὐτοῦ
611 2612 626 2646 ἡ
655 2611 740 2647 σκηνὴ
758 2611 851 2644 αὑτοῦ,
870 2622 879 2638 ι
895 2614 955 2640 τίνα

170 2655 298 2689 λέγεσθαι
327 2657 459 2691 προσήκει
477 2656 591 2691 νοεῖν,ἢ
618 2656 667 2691 τὴν
690 2657 770 2690 ἁγίαν
799 2656 881 2683 αὑτοῦ
910 2658 956 2685 καὶ

169 2702 316 2737 καθολικὴν
333 2702 504 2737 Ἐκκλησίαν,
520 2702 574 2729 εἴτε
585 2702 634 2737 τὴν
651 2702 695 2728 ἐπὶ
703 2703 751 2737 τῆς
760 2702 822 2738 γῆς,
838 2703 892 2729 εἴτε
908 2703 957 2739 τὴν

167 2749 198 2775 ὲν
211 2749 350 2784 οὐρανοίς;
373 2749 451 2784 Ἑξῆς
466 2748 494 2775 δὲ
509 2748 579 2775 κατὰ
593 2749 637 2775 τὸν
653 2749 731 2775 αὑτὸν
745 2749 850 2785 ψαλμὸν
868 2750 958 2776 τελευ-

166 2795 222 2823 τῶν
234 2797 248 2821 ό
257 2795 345 2830 λόγος,
356 2795 424 2830 ὁμοῦ
438 2794 601 2830 παραίτησιν
612 2795 659 2822 τοῦ
673 2796 804 2831 προτέρου
823 2796 897 2829 λαοῦ,
912 2798 958 2824 καὶ

204 2883 224 2899 ¹²
241 2883 314 2911 l’sal.
330 2891 395 2916 xvu,
416 2883 506 2910 10-12.
547 2884 569 2899 ¹⁹
589 2883 702 2916 Philipp.
718 2891 748 2914 n.
763 2883 790 2912 6.

1011 2302 1093 2328 super
1104 2293 1255 2324 cherubim,
1272 2296 1299 2319 et
1313 2292 1426 2322 volavit,
1443 2300 1452 2316 ι
1471 2289 1626 2324 signiﬁcare
1635 2287 1701 2314 mihi
1717 2285 1792 2313 vide-

1010 2344 1064 2370 tur,
1079 2339 1150 2374 quod
1172 2339 1264 2374 gloriae
1284 2338 1330 2364 Dei
1345 2340 1419 2364 esset
1440 2333 1637 2365 restituendus,
1659 2335 1741 2367 atque
1756 2331 1797 2358 in-

1010 2386 1087 2413 terim
1116 2385 1246 2420 angelicis
1273 2383 1428 2417 divinisque
1450 2381 1536 2415 copiis
1564 2377 1758 2412 constipandus
1783 2383 1791 2402 τ

1008 2430 1079 2466 quod
1100 2431 1163 2458 item
1184 2429 1248 2456 mihi
1269 2429 1409 2456 declarare
1423 2427 1488 2454 illud
1508 2425 1614 2452 videtur
1634 2433 1640 2450 :
1657 2433 1666 2448 ε
1687 2422 1791 2450 Volavit

1007 2485 1089 2512 super
1103 2484 1206 2512 pennas
1221 2479 1373 2503 ventorum.
1390 2484 1399 2499 ι
1415 2473 1493 2507 Quod
1505 2476 1594 2499 autem
1612 2470 1739 2497 tenebras
1754 2469 1790 2494 la-

1006 2523 1122 2550 tibulum
1145 2529 1225 2549 suum
1241 2521 1373 2556 posuerit,
1389 2525 1415 2547 et
1441 2519 1584 2554 caliginem
1607 2517 1658 2544 sub
1677 2515 1791 2550 pedibus

1005 2568 1065 2602 ejus
1082 2566 1190 2598 dixerit,
1203 2566 1331 2595 nimirum
1347 2565 1399 2591 hoc
1418 2565 1462 2595 sit,
1484 2562 1617 2590 occultam
1630 2564 1657 2587 et
1673 2559 1795 2587 ineffabi-

1006 2615 1059 2642 lem
1079 2613 1310 2648 dispensationem
1333 2609 1492 2640 indicantis,
1521 2606 1672 2635 secundum
1696 2613 1791 2640 quam,

1008 2660 1135 2688 universa
1159 2652 1216 2686 hac
1231 2659 1265 2686 ab
1283 2659 1343 2693 ipso
1366 2656 1485 2692 perfecta
1499 2657 1562 2682 sunt
1579 2661 1585 2679 :
1602 2653 1675 2688 quod
1701 2656 1791 2678 autem

1011 2715 1020 2731 ι
1039 2706 1068 2733 In
1084 2705 1199 2733 circuitu
1226 2704 1286 2739 ejus
1302 2702 1507 2731 tabernaculum
1523 2700 1584 2734 ejus
1600 2709 1609 2724 ι
1626 2698 1728 2726 dictum
1745 2697 1791 2728 sit,

1007 2752 1074 2779 nihil
1097 2759 1147 2786 ego
1171 2751 1245 2778 aliud
1270 2749 1383 2785 intelligi
1403 2751 1531 2784 oportere
1555 2745 1683 2776 arbitror,
1710 2751 1791 2778 quam

1008 2800 1130 2824 sanctam
1153 2796 1241 2832 ipsius
1256 2799 1282 2824 et
1299 2795 1462 2823 catholicam
1478 2792 1642 2824 Ecclesium,
1659 2790 1716 2818 sive
1732 2797 1791 2817 eam
