2084 3216
216 183 270 211 di"!
690 188 1012 219 θειιοΝδτΜτιοΝιε
1033 192 1261 222 ΕΥΔΝὓΕιΙϐιΕ
1281 194 1344 223 LIB.
1366 196 1409 224 VI.
1781 202 1834 230 H3

214 241 261 269 τὸν
284 241 421 277 θεολογίαν
450 243 503 270 τῶν
534 244 753 281 δορυφορούντων
777 247 858 273 αὐτδν
890 248 977 274 ἀνιόντ

1031 271 1034 279 ι
1049 250 1120 285 quod
1133 255 1160 278 et
1171 251 1343 280 descenderit
1359 254 1474 288 primum
1487 255 1513 283 in
1527 256 1635 285 lnnmas
1658 263 1750 293 partes
1775 264 1832 287 ter-

213 287 349 321 ἁγγέλωψ
362 289 441 316 οἱκαὶ
458 289 559 325 lle-{or
576 300 585 315 ‹
594 292 693 327 Ἀρατε
707 292 841 330 πύλαςηοὶ
851 294 992 330 ἄρχοντες,

214 333 301 368 Σιμῶν,
310 334 357 360 καὶ
365 335 508 370 ὲπάρθητε,
519 335 599 363 πύλαι
608 336 721 369 αἰώνιοι,
734 339 783 365 καὶ
793 339 975 367 εἰσελεύσεται
983 341 997 367 ὁ

213 379 340 413 βασιλεὺς
364 381 410 416 τῆς
428 381 514 419 δόξῃς.
540 392 547 408 ι
566 383 657 418 Φωνὴν
681 384 707 410 δὲ
727 385 875 419 σάλπιγγος
891 386 940 412 οὐκ
963 386 995 412 ἂν

212 425 343 461 σφαλείης
358 427 387 453 τὸ
400 416 527 462 κήρυγμα
540 428 624 454 εἰπὼν
639 430 669 455 τὸ
684 430 870 463 εύαγγελικὸν,
891 433 930 463 εἰς
945 433 995 458 πᾶ-

211 480 261 498 σαν
276 472 410 507 ἐξηχῆσαν
427 473 474 508 τὴν
490 474 660 509 οἰκουμένην.
685 476 786 507 [Ir/1b;
805 476 857 511 γὰρ
880 478 994 512 ὀργάνου

212 518 341 552 μουσικοῦ
360 518 614 555 μεγαλοφωνοτέρας
628 520 710 556 οὔσης
722 522 771 556 τῆς
786 522 944 556 σάλπιγγος,
957 526 995 550 οι-

209 563 291 594 κείως
314 564 493 599 παρείληπται
516 566 546 591 τὸ
571 567 744 602 παράδειγμα
766 569 805 599 εἰς
823 570 993 604 παράστασιν

208 607 254 635 τοῦ
267 609 373 635 πάντων
385 610 437 635 τῶν
453 611 481 643 ἐξ
495 611 591 643 αἰῶνος
606 613 800 648 κραταιοτέραν
817 614 863 641 καὶ
876 615 992 648 μεγαλο-

208 655 362 690 φωνοτέραν
382 655 430 690 τὴν
444 657 507 691 περὶ
524 656 570 682 τοῦ
597 658 714 691 Χριστοῦ
736 660 818 685 πᾶσιν
841 660 993 695 ἀνθρώποις

207 700 389 734 κατηγγέλθαι
404 701 585 734 διδασκαλίαν,
609 704 640 729 δι’
653 702 686 739 ἧς
706 704 799 738 ὥσπερ
815 705 858 732 διὰ
877 707 990 741 σάλπιγ-

205 753 254 778 γος
276 747 316 777 εἰς
331 746 491 777 ἐξάκουστον
513 748 619 775 πάντων
633 750 687 775 τῶν
703 750 854 785 ἀνθρώπων
877 752 924 787 βοᾷ
945 754 991 779 καὶ

206 791 324 826 κέκραγε
347 792 375 818 τὸ
397 792 506 827 Πνεῦμα
525 794 553 820 τὸ
573 795 648 828 ἆγιον
663 795 696 821 τὰ
715 795 778 830 ἑξῆς
803 797 847 823 τοῦ
864 798 969 832 ψαλμοῦ
982 819 988 830 ,

204 836 236 862 δι’
260 833 297 862 ὧν
324 837 445 872 εἴρηται·
464 848 472 863 ι
490 839 597 865 Ψάλατε
613 840 651 874 τῷ
674 841 732 875 Θεῷ
746 842 839 877 ἡμῶν,
865 843 968 877 ψὰλατε
980 864 987 875 ,

203 881 305 916 ψάλατε
328 882 366 917 τῷ
391 883 493 918 βασιλεῖ
516 885 603 919 ἡμῶν,
629 886 730 920 ψάλατε
749 896 756 902 '
781 888 820 914 "m2
839 888 984 922 βασιλεὺςιι

1048 303 1084 322 rae
1099 296 1169 331 ‘Pqui
1198 297 1351 330 descendit,
1375 299 1434 334 ipse
1452 306 1495 328 est
1511 306 1538 329 et
1549 303 1596 337 qui
1613 304 1735 332 ascendit
1749 313 1832 340 supra

1046 348 1141 369 omnes
1157 343 1242 370 caelos
1255 344 1275 359 "
1293 353 1299 371 :
1319 353 1329 370 ›
1351 345 1379 372 in
1393 345 1482 380 jubilo
1494 352 1584 375 autem
1601 348 1677 376 illum
1691 350 1758 377 dicit
1784 358 1832 377 as-

1047 386 1181 418 cendisse,
1197 388 1232 414 ob
1244 388 1351 416 divinas
1379 395 1405 416 et
1420 398 1514 418 sacras
1540 400 1603 427 erga
1634 394 1721 428 ipsum
1737 402 1829 427 voces,

1046 432 1133 466 ipsum
1159 433 1223 460 dum
1241 435 1402 462 ascenderet
1421 439 1635 472 constipantium
1658 441 1827 473 angelorum,

1045 478 1184 512 quietiam
1201 479 1267 505 illud
1284 480 1409 507 dicebant
1428 491 1434 508 :
1455 491 1464 507 ι
1492 482 1590 511 Tollite
1615 489 1716 519 portas,
1731 487 1830 520 princi-

1045 530 1103 557 pes,
1120 528 1235 555 vestras,
1254 529 1280 551 et
1292 526 1445 559 elvvamiui,
1464 534 1547 562 portu:
1561 534 1678 561 aeternae,
1692 535 1718 558 et
1743 532 1828 559 intro-

1048 568 1098 594 ibit
1115 577 1162 596 rex
1185 570 1278 604 gloria:
1295 572 1343 597 ¹⁸.›
1361 571 1459 599 Vocem
1475 579 1563 601 autem
1580 576 1651 602 tum:
1671 585 1723 603 non
1739 578 1828 604 admo-

1044 614 1106 641 dum
1123 616 1309 648 aberravcris,
1335 618 1357 645 si
1376 620 1593 652 praedicationem
1618 623 1720 650 dixeris
1748 631 1827 650 evan-

1043 661 1166 695 gelicam,
1192 671 1252 697 qure
1271 664 1297 689 in
1311 667 1397 690 totum
1415 667 1543 693 exaudita
1566 672 1606 694 est
1624 673 1758 695 terrarum
1783 678 1827 697 or-

1042 706 1101 733 bem
1116 715 1123 733 :
1143 714 1203 733 cum
1218 708 1289 734 enim
1307 708 1369 735 tuba
1393 711 1467 736 omni
1490 711 1543 737 alio
1568 712 1749 739 instrumento
1764 721 1825 740 mu—

1041 751 1099 778 sieo
1111 752 1232 778 vocalior
1246 753 1292 783 sit,
1307 753 1373 781 satis
1383 756 1585 783 accommodata
1592 758 1820 793 convenientique

1040 796 1125 831 ﬁgura
1142 797 1243 824 dictum
1260 798 1341 824 fuerit
1356 799 1432 831 illud,
1447 800 1479 826 ad
1495 801 1736 829 demonstrandum
1749 804 1822 838 quod

1039 843 1167 870 ornuibus
1185 844 1247 870 aliis
1271 852 1330 878 qua:
1346 852 1360 871 a
1383 846 1492 873 condito
1517 855 1574 874 wvo
1595 849 1760 881 exstiterint,
1777 859 1822 877 ro-

1040 887 1145 914 bustior
1159 893 1185 915 et
1199 889 1320 916 vocalior
1344 891 1451 918 cunctis
1481 892 1637 920 hominibus
1660 894 1819 922 denuntiata

203 927 293 954 ,ιύκέτι
319 929 398 963 μόνου
424 929 470 955 τοῦ
498 930 632 957 Ἰουδαίων
654 931 754 964 ἔθνους,
779 934 845 959 ἀλλὰ
862 943 871 959 ι
887 935 975 970 πάσης

1037 933 1072 960 sit
1082 933 1182 960 Christi
1197 935 1332 967 doctrina,
1345 944 1392 970 per
1405 945 1485 971 quam
1497 939 1578 965 veluti
1595 948 1642 974 per
1656 941 1759 973 tubam,
1776 949 1821 968 us-

201 974 278 1008 φησὶ,
292 974 397 1009 τῆςγῆς
416 975 430 1000 ὁ
450 974 524 1007 Θεὸς·
536 975 636 1009 ψάλατε
654 978 781 1008 συνετῶς.
796 988 804 1003 ι
824 980 920 1005 Ούκέτι
933 981 986 1015 γὰρ

200 1019 224 1044 οι
240 1019 304 1053 πρὶν
317 1019 449 1054 δαίμονες,
462 1022 537 1055 φησι,
547 1022 605 1048 οὐδὲ
618 1023 652 1048 τὰ
664 1024 788 1058 περίγεια
803 1025 849 1050 καὶ
860 1026 985 1061 ἀπατηλὰ

200 1063 352 1099 πνεύματα,
366 1065 421 1091 ἀλλ’
434 1067 513 1098 αὐτὸς
531 1077 538 1092 ι
554 1069 567 1093 ὁ
582 1068 647 1099 Θεὸς
660 1069 882 1095 ἐϐασίλευσενὲπὶ
897 1071 984 1097 πάντα

197 1109 232 1135 τὰ
247 1110 342 1145 ἔθνη-ι
356 1111 443 1143 sese;
451 1112 540 1144 αὐτὸς,
559 1122 567 1138 ι
581 1113 609 1144 ὃς
622 1114 740 1149 κάθηται
752 1115 983 1150 ἐπἰθρόνουὰγίου

197 1155 290 1182 αὐτοῦ.
299 1165 307 1181 ι
324 1156 391 1191 Ἤδη
406 1157 433 1182 δὲ
445 1157 574 1193 πρότερον
584 1158 631 1184 τοῦ
645 1158 712 1185 Θεοῦ
725 1159 810 1193 Λόγου
822 1160 865 1186 τὸν
879 1160 982 1196 θρόνον,

197 1200 240 1234 ἐφ’
255 1200 284 1226 ὃν
305 1201 466 1233 καθέζεσθαι
491 1204 505 1229 ὁ
528 1204 624 1239 Πατὴρ
649 1204 722 1239 αύτῴ
746 1206 980 1240 παρεκελεύσατο,

197 1246 302 1279 εἰπὼν,
329 1257 338 1272 ι
355 1247 445 1274 Κάθου
470 1250 500 1275 ἐκ
528 1249 621 1281 δεξιῶν
640 1259 706 1285 μου,
729 1251 780 1282 ἕως
801 1251 833 1278 ἄν
858 1252 895 1278 θῶ
919 1253 980 1284 τοὺς

196 1291 311 1328 ἐχθρούς
325 1302 370 1319 σου
385 1294 528 1321 ὑποπόδιον
544 1296 597 1322 τῶν
613 1296 700 1322 ποδῶν
716 1305 773 1328 σου,
789 1307 796 1322 ι
812 1297 854 1324 διὰ
866 1298 911 1324 τοῦ
927 1298 980 1333 πρὸ

193 1335 291 1363 τούτου
309 1338 521 1373 συγγράμματος
535 1341 753 1376 παρεστήσαμεν.
772 1342 808 1368 Τὸ
820 1343 865 1375 δὲ,
891 1353 899 1368 ι
915 1344 979 1379 Ἀρ-

194 1390 288 1416 χοντες
300 1382 370 1409 λαῶν
385 1384 555 1420 συνήχθησαν
574 1386 642 1420 μετὰ
657 1387 702 1412 τοῦ
723 1387 789 1413 Θεοῦ
808 1388 948 1423 Ἀϐραὰμ,
966 1400 974 1415 ι

194 1426 234 1452 ἔτι
258 1428 420 1464 σαφέστερον
435 1430 510 1464 δηλοῖ
532 1432 735 1466 μετατεθεῖσθαι
759 1435 798 1465 εἰς
815 1434 860 1459 τὸν
879 1434 977 1469 κλῆρον

191 1473 248 1500 τῶν
267 1473 349 1500 πάλαι
377 1474 506 1510 θεοφιλῶν
530 1477 577 1503 τοῦ
602 1478 668 1503 Θεοῦ
693 1479 837 1514 προςητῶν
859 1481 922 1512 τοὺς
947 1481 977 1513 ἐξ

192 1518 278 1546 ἐθνῶν
293 1519 423 1555 ἄρχοντας
436 1522 484 1556 τῆς
500 1522 616 1557 Χριστοῦ
637 1524 809 1559 Ἐκκλησίας,
827 1525 862 1557 οἳ,
880 1527 924 1552 καὶ
941 1529 973 1562 τῇ

189 1564 304 1600 δυνάμει
321 1566 367 1592 τοῦ
382 1567 509 1603 Σωτῆρος
523 1569 600 1604 ἡμῶν
615 1570 831 1604 κραταιωθὲντες
842 1591 849 1603 ,
872 1572 975 1607 σφόδρα
989 1601 1010 1611 η

189 1610 350 1646 ἐπήρθησαν
373 1613 477 1645 οὐδενὸς
506 1614 656 1649 ἀνθρώπων
683 1616 844 1642 καταϐαλεῖν
877 1617 974 1650 αὐτοὺς

190 1657 238 1682 καὶ
257 1657 419 1684 ταπεινῶσαι
436 1659 625 1694 δεδυνημένου,
642 1661 685 1687 διὰ
697 1662 746 1697 τὴν
761 1662 913 1696 ἀνυψοῦσαν
927 1664 975 1690 αὑ-

187 1703 252 1734 τοὺς
269 1704 316 1729 καὶ
327 1703 496 1738 δυναμοῦσαν
509 1705 553 1732 τοῦ
567 1706 633 1732 Θεοῦ
649 1706 750 1739 δεξιάν.
770 1709 825 1735 Καὶ
843 1709 928 1736 ταῦτα
944 1710 972 1736 δὲ

187 1748 234 1774 ἐπὶ
251 1749 348 1784 σχολῆς
362 1750 483 1782 ἐντελοῦς
500 1752 621 1783 τεύξεται
637 1752 798 1788 διηγήσεως.

1036 986 1089 1012 quc
1103 979 1170 1005 adeo
1188 984 1300 1007 sam-tus
1322 982 1431 1013 clamat,
1447 987 1474 1008 et
1491 984 1657 1011 vociferatur
1687 985 1817 1020 Spiritus,

1036 1027 1065 1049 ut
1082 1023 1115 1050 ab
1132 1025 1258 1052 omnibus
1270 1026 1394 1053 exaudiri
1412 1028 1497 1062 possit
1528 1029 1692 1061 hominibus,
1719 1032 1819 1058 clamat

1034 1076 1099 1095 vero
1113 1077 1143 1096 ea
1158 1078 1218 1104 qua:
1234 1071 1260 1097 in
1271 1071 1367 1098 eodem
1380 1075 1484 1107 psalmo
1493 1080 1653 1109 sequuntur,
1681 1077 1706 1103 in
1719 1077 1818 1111 quibus

1034 1113 1134 1140 dicitur
1148 1125 1153 1142 :
1172 1125 1182 1141 ‹
1202 1115 1312 1144 Psallite
1324 1117 1377 1144 Deo
1390 1123 1493 1150 nostro,
1507 1121 1622 1154 psallite,
1635 1122 1741 1156 psallite
1759 1122 1814 1157 regi

1033 1163 1136 1191 nostro,
1147 1162 1262 1195 psallite,
1280 1164 1407 1197 quoniam
1421 1173 1466 1191 rex
1489 1175 1498 1190 ι
1524 1174 1577 1192 non
1600 1168 1715 1201 amplius
1732 1169 1813 1196 unius

1035 1205 1150 1233 ludaica:
1165 1209 1263 1242 gentis,
1291 1210 1337 1236 sed
1354 1219 1362 1234 ι
1381 1212 1479 1243 omnis,
1496 1212 1594 1246 inquit,
1624 1218 1703 1240 terra!
1729 1214 1813 1247 Deus,

1031 1253 1137 1286 psallite
1148 1254 1295 1287 sapienter.
1323 1264 1331 1280 ι
1345 1254 1403 1281 Νυη
1416 1257 1487 1282 enim
1507 1258 1634 1292 amplius,
1660 1260 1759 1293 inquit,
1775 1261 1813 1286 illi

1029 1298 1076 1331 qui
1092 1299 1167 1333 prius
1181 1299 1327 1331 daemones,
1345 1309 1432 1335 neque
1448 1303 1550 1329 circum
1566 1308 1665 1331 terram
1674 1312 1814 1334 versantes

1030 1343 1194 1379 fallacesque
1210 1346 1334 1379 spiritus,
1351 1347 1398 1373 sed
1416 1347 1473 1382 ipse
1485 1357 1493 1373 ι
1510 1348 1581 1376 Deus
1595 1352 1717 1385 regnavit
1731 1360 1812 1387 super

1028 1397 1123 1418 omnes
1138 1396 1242 1426 gentes,
1259 1402 1268 1417 ι
1290 1393 1357 1427 ipse,
1376 1394 1499 1428 inquam,
1526 1395 1608 1428 Deus,
1632 1407 1641 1422 ι
1660 1398 1706 1432 qui
1737 1399 1812 1425 sedet

1028 1443 1111 1470 super
1135 1437 1198 1463 sede
1225 1443 1319 1464 sancta
1337 1447 1396 1466 sua.
1414 1449 1423 1464 ι
1441 1439 1572 1467 Castorum
1586 1442 1641 1475 jam
1669 1447 1747 1469 antea
1764 1443 1809 1470 Dei

1027 1478 1106 1507 Verbi
1118 1481 1210 1513 sedem
1226 1490 1307 1516 super
1321 1490 1374 1517 qua
1391 1484 1470 1511 Pater
1493 1485 1580 1519 ipsum
1605 1487 1699 1514 sedere
1720 1488 1811 1522 jusse-

1026 1530 1079 1559 rat,
1095 1527 1148 1554 illis
1164 1528 1273 1555 verbis:
1292 1538 1301 1553 ι
1322 1529 1390 1557 Sede
1408 1538 1421 1557 a
1438 1530 1542 1558 dextris
1557 1533 1625 1559 meis
1636 1553 1642 1564 ,
1659 1533 1745 1560 donec
1761 1542 1810 1568 po-

1027 1572 1222 1600 naminimicos
1237 1578 1298 1601 tuos
1307 1575 1452 1602 scabellum
1470 1577 1567 1610 pedum
1586 1582 1693 1605 tuorum
1711 1579 1759 1611 ¹⁹,›
1776 1587 1808 1607 co

1027 1619 1072 1652 qui
1085 1618 1157 1645 hunc
1172 1621 1308 1647 antecedit
1322 1622 1400 1654 libro,
1419 1630 1468 1656 pro
1477 1623 1580 1651 viribus
1595 1624 1805 1653 declaravimus.

1027 1664 1094 1692 Illud
1118 1668 1207 1691 autem
1231 1674 1264 1691 τι
1290 1666 1431 1701 Principes
1460 1669 1619 1703 populorum
1651 1671 1807 1705 congregati

1026 1712 1089 1735 sunt
1105 1716 1165 1735 cum
1190 1709 1244 1737 Deo
1269 1711 1416 1743 Abraham,
1434 1721 1443 1737 ι
1457 1713 1544 1739 adhuc
1557 1714 1676 1747 apertius
1694 1715 1806 1741 demon-

1026 1758 1104 1786 strat,
1134 1760 1315 1783 commulatos
1330 1764 1391 1783 esse
1409 1758 1434 1783 in
1449 1756 1546 1784 fortem
1575 1762 1680 1785 uterum
1698 1759 1806 1794 religio-

187 1801 282 1821 sorum
307 1794 352 1822 Dei
384 1797 586 1830 prophetarum,
605 1804 760 1832 assumptos
783 1799 815 1826 de
840 1799 967 1833 gentibus
986 1799 1115 1827 Ecclesim
1137 1800 1239 1827 Christi
1266 1802 1416 1836 principes,
1429 1804 1476 1837 qui
1500 1803 1586 1829 etiam
1620 1804 1720 1832 virtute
1743 1805 1804 1831 Sal-

186 1841 290 1867 vatoris
314 1841 401 1867 nostri
429 1842 607 1875 corroborati,
630 1844 657 1870 in
679 1845 795 1872 sublime
820 1845 964 1872 admodum
982 1846 1067 1872 evecti
1080 1850 1153 1877 sunt,
1167 1845 1266 1880 quippe
1293 1854 1361 1880 quos
1389 1855 1469 1874 nemo
1496 1856 1529 1874 ex
1546 1847 1671 1875 omnibus
1688 1848 1804 1874 homini-

186 1886 238 1914 bus
252 1887 369 1921 dejicere
384 1892 430 1914 aut
451 1893 622 1922 prosternere
646 1892 773 1924 potuerit,
787 1892 902 1923 obeam,
918 1893 963 1927 qui
982 1892 1055 1927 ipsos
1083 1892 1198 1920 extollit,
1213 1892 1352 1927 fortesque
1378 1893 1453 1926 facit,
1481 1894 1579 1920 summi
1595 1893 1641 1921 Dei
1667 1894 1801 1922 dextram.

184 1933 264 1968 26],
280 1934 411 1961 Caeterum
432 1935 489 1962 haec
509 1936 596 1970 majus
614 1937 698 1964 otium
718 1938 800 1967 nacti,
814 1938 964 1966 absolutius
981 1937 1128 1972 aliquando
1143 1938 1341 1965 enarrabimus.

447 1992 643 2019 ΚΕΦΛΛΑΙΟΝ
667 1994 704 2019 Γ’.

187 2045 255 2086 Ἆπῤ
273 2047 394 2086 laniﬁcii
411 2050 467 2082 p62
479 2064 521 2086 :—
538 2049 584 2081 Ὠς
601 2048 738 2086 ἐμφανῶς
758 2048 845 2086 ἥξειν
894 2049 966 2086 Θερς

217 2083 262 2115 εἰς
273 2082 446 2116 ἀνθρώπους
467 2083 593 2117 λέγεται,
607 2085 653 2110 καὶ
675 2084 736 2110 πᾶν
756 2084 840 2118 γένος
857 2083 966 2118 ἀνθρώ-

218 2124 283 2144 πων
299 2118 373 2150 πρὸς
388 2118 494 2144 ἑαυτὸν
510 2119 762 2145 ἀνακαλέσασθαι.

219 2183 230 2200 ι
247 2174 312 2205 Θεὸς
327 2174 394 2200 θεῶν
409 2175 510 2209 Κύριος
524 2175 648 2210 ἐλάλησε,
667 2176 714 2202 καὶ
729 2174 841 2201 ἐκάλεσε
855 2174 902 2210 τὴν
914 2175 965 2211 γῆν

181 2220 236 2247 ἀπὸ
249 2219 385 2246 ἀνατολῶν
402 2219 477 2255 ἡλίου
498 2220 545 2246 καὶ
561 2220 641 2256 μέχρι
660 2220 779 2256 δυσμῶν.
801 2221 848 2247 Ἐκ
862 2219 930 2247 Σιὼν
946 2221 962 2256 ὴ

180 2265 331 2301 εὐπρέπεια
346 2265 395 2300 τῆς
412 2265 574 2300 ὡραιότητος
592 2265 684 2293 αὐτοῦ.
707 2266 737 2292 '0
752 2266 817 2298 Θεὸς
836 2266 964 2301 ἐμφανῶς

180 2311 251 2347 ἣξει,
266 2311 280 2337 ὸ
300 2310 365 2342 Θεὸς
388 2311 475 2346 ἡμῶν,
493 2311 541 2337 καὶ
556 2312 586 2337 οὐ
607 2312 858 2347 παρασιωπήσεται.
877 2321 886 2338 ι
908 2313 962 2339 Καὶ

179 2356 240 2391 μεθ’
268 2356 364 2392 ῑτερα·
382 2365 392 2382 ι
410 2357 550 2388 Ἄκουσον,
574 2357 649 2392 φησὶ,
669 2356 731 2388 λαός
753 2366 814 2392 μου,
842 2358 889 2384 καὶ
913 2357 961 2384 λα-

179 2402 253 2438 λήσω
269 2411 320 2435 σοι,
341 2402 457 2438 Ἰσραὴλ,
473 2402 520 2429 καὶ
541 2402 763 2438 διαμαρτύρομαι
779 2411 830 2429 σοι.
854 2402 884 2430 '0
896 2402 963 2435 Θεὸς

178 2449 193 2474 ό
214 2448 280 2479 Θεός
304 2456 350 2475 σου
375 2448 434 2483 εἰμὶ
461 2448 525 2482 ἐγώ.
555 2449 613 2475 Οὐκ
638 2449 683 2474 ἐπὶ
708 2449 768 2480 ταῖς
783 2448 889 2480 θυσίαις
913 2456 961 2475 σου

176 2493 280 2528 ἐλέγξω
290 2502 329 2521 σε.
342 2494 383 2520 Τὰ
396 2493 646 2529 δὲιόλοκαυτώματά
657 2502 701 2520 σου
718 2493 831 2520 ἐνώπιόν
846 2502 896 2529 μου
908 2494 961 2520 εἰσὶ

174 2539 219 2567 διὰ
235 2539 345 2571 παντός.
372 2540 410 2567 Οὐ
429 2539 538 2574 δέξομαι
553 2540 585 2565 ὲκ
606 2539 653 2566 τοῦ
670 2539 744 2566 οἴκου
769 2547 815 2565 σου
832 2539 959 2574 μόσχους,

174 2584 234 2611 ούδδ
254 2585 287 2612 hc
305 2584 359 2611 τῶν
381 2585 514 2620 ποιμνίων
539 2593 584 2611 σου
605 2585 749 2620 χιμάρους,
768 2585 809 2611 ὃτι
826 2584 880 2619 ἐμά
901 2586 959 2611 ἐστι

173 2632 262 2658 πάντα
278 2630 312 2658 τὰ
327 2630 409 2667 θηρία
431 2630 478 2657 τοῦ
501 2630 614 2666 δρυμοῦ,
640 2631 724 2666 κτήνη
750 2632 779 2656 ἐν
801 2632 856 2662 τοῖς
872 2631 957 2666 ὕρεσι,

171 2677 219 2704 καὶ
241 2676 318 2712 βόεςο
335 2676 442 2711 ἔγνωκα
466 2677 554 2703 πάντα
575 2676 608 2702 τὰ
634 2676 742 2703 πετεινὰ
764 2676 810 2702 τοῦ
831 2676 956 2711 ούρανοῦ,

171 2722 218 2747 καὶ
231 2721 366 2757 ὼραιότης
381 2720 466 2757 ἀγροῦ
483 2721 540 2757 μετ’
555 2720 622 2756 ἐμοῦ
637 2722 719 2747 ἐστιν.
745 2721 808 2747 Ἐὰν
825 2721 954 2753 πεινάσω,

170 2767 198 2792 οδ
215 2768 253 2803 μή
269 2775 309 2794 σοι
325 2768 394 2794 εῐπω
404 2775 412 2782 ο
427 2767 481 2803 ὲμὴ
495 2767 549 2803 γάρ
563 2768 636 2793 ἐστιν
653 2767 670 2802 ὴ
684 2767 839 2802 οἰκουμένη,
860 2767 906 2793 καὶ
924 2768 955 2794 τὺ

170 2813 306 2848 κλήρωμα
323 2812 416 2848 αὐτῆς.
434 2812 480 2848 Μὴ
493 2813 613 2848 φάγομαι
629 2813 698 2848 κρέα
714 2813 832 2848 ταύρων,
847 2813 863 2847 ἢ
884 2810 954 2848 αἷμα

1318 1993 1431 2021 CAPUT
1458 1993 1500 2020 lll.

1019 2050 1040 2076 Α
1058 2049 1158 2083 psalmo
1172 2057 1243 2077 XLIX.
1261 2065 1295 2069 -—
1315 2050 1390 2082 Quod
1402 2050 1540 2084 manifeste
1557 2051 1591 2077 ad
1604 2051 1720 2077 homines
1739 2059 1800 2078 ven-

1055 2089 1128 2110 turus
1145 2085 1243 2110 dicitur
1260 2084 1345 2115 Deus,
1361 2091 1383 2111 et
1404 2093 1478 2111 omne
1504 2093 1584 2120 genus
1608 2086 1740 2112 hominum
1766 2086 1799 2112 ad

1054 2121 1168 2153 scipsum
1188 2125 1364 2146 revocaturus.

1054 2183 1064 2199 ‹
1086 2173 1157 2201 Deus
1171 2174 1282 2201 deorum
1298 2174 1427 2202 Dominus
1451 2176 1558 2203 locutus
1580 2180 1632 2207 est.
1650 2179 1676 2203 et
1693 2176 1799 2203 vocavit

1016 2222 1117 2247 terram
1135 2227 1150 2245 a
1166 2219 1232 2247 solis
1255 2224 1316 2246 ortu
1343 2227 1428 2254 usque
1443 2222 1476 2246 ad
1498 2228 1635 2249 occasum.
1666 2220 1705 2248 Ex
1733 2220 1798 2249 Sion

980 2267 1001 2293 D
1016 2265 1122 2299 species
1138 2265 1245 2293 decoris
1261 2265 1321 2299 ejus
1337 2275 1343 2293 :
1366 2266 1436 2293 Deus
1452 2266 1596 2294 manifeste
1609 2267 1709 2298 veniet,
1728 2267 1798 2295 Deus

1015 2314 1119 2342 noster,
1134 2314 1161 2336 et
1176 2317 1229 2337 non
1243 2311 1334 2338 silebit
1350 2311 1384 2338 ὀ.
1404 2321 1413 2337 ι
1432 2311 1464 2338 Ει
1480 2316 1539 2346 post
1566 2313 1696 2339 nonnulla
1716 2314 1769 2340 alia
1787 2323 1794 2340 :

1017 2365 1027 2381 ι
1042 2356 1121 2387 Audi,
1137 2356 1235 2391 inquit,
1246 2357 1361 2391 populus
1373 2365 1459 2389 meus,
1476 2362 1503 2385 et
1517 2358 1614 2392 loquar
1632 2359 1690 2389 tibi,
1701 2358 1795 2390 Israel,

1014 2405 1041 2429 et
1060 2402 1227 2429 testiﬁcabor
1242 2402 1301 2433 tibi,
1319 2402 1388 2430 Deus
1405 2403 1476 2431 Deus
1491 2408 1554 2431 tuus
1569 2411 1630 2431 sum
1656 2411 1717 2438 ego.
1733 2403 1793 2431 Non

1014 2447 1042 2474 in
1059 2447 1201 2474 sacriﬁciis
1216 2448 1270 2475 tuis
1284 2455 1395 2482 arguam
1410 2452 1436 2476 te
1452 2457 1458 2474 :
1477 2448 1636 2475 holocausta
1650 2453 1739 2475 autem
1747 2453 1793 2475 tua

1014 2493 1042 2519 in
1057 2497 1204 2528 conspectu
1220 2500 1280 2520 meo
1305 2500 1369 2520 sunt
1384 2502 1501 2529 semper.
1530 2493 1589 2521 Non
1614 2494 1746 2529 accipiam
1759 2494 1794 2522 de

1012 2538 1093 2566 domo
1106 2543 1151 2565 tua
1168 2539 1268 2566 vitulos
1285 2559 1293 2571 ,
1318 2546 1406 2574 neque
1423 2539 1450 2565 in
1464 2539 1591 2574 gregibus
1611 2538 1666 2566 tuis
1689 2539 1792 2571 hircos,

1011 2584 1138 2618 quoniam
1157 2592 1222 2612 meae
1237 2589 1301 2612 sunt
1315 2593 1409 2612 omnes
1425 2583 1487 2612 fera:
1506 2585 1654 2619 sylvarum,
1667 2584 1792 2618 jumeuta

1011 2629 1039 2655 in
1064 2630 1217 2663 montibus,
1233 2636 1260 2658 et
1277 2631 1386 2657 boves:
1417 2630 1533 2664 cognovi
1556 2630 1647 2656 omnia
1671 2630 1791 2657 volatilia

1010 2675 1084 2707 caeli,
1100 2680 1127 2703 et
1142 2667 1317 2710 pulchritudo
1333 2677 1390 2712 agri
1405 2683 1510 2703 mecum
1530 2679 1582 2703 est.
1602 2674 1629 2702 Si
1656 2676 1790 2709 esuriero,

1011 2729 1065 2748 non
1076 2722 1166 2751 dicam
1181 2722 1246 2756 tibi;
1263 2731 1339 2750 meus
1350 2728 1390 2750 est
1405 2722 1477 2750 enim
1494 2722 1570 2750 orbis
1584 2726 1675 2754 terrae,
1692 2727 1718 2749 et
1735 2722 1792 2756 ple-

1008 2766 1104 2794 nitudo
1115 2767 1184 2802 ejus.
1200 2767 1335 2802 Numquid
1344 2766 1513 2793 manducabo
1528 2774 1624 2793 carnes
1632 2770 1771 2793 taurorum
1779 2766 1792 2793 ἲ

1007 2816 1054 2839 aut
1069 2813 1228 2848 sanguinem
1248 2813 1384 2840 hircorum
1398 2812 1501 2847 potabo
1516 2811 1529 2840 τ
1547 2812 1657 2839 immota
1671 2811 1726 2839 Deo
1745 2820 1790 2840 sa-

204 2891 225 2907 "
244 2890 343 2922 Enhes.
371 2895 413 2924 iv,
430 2890 473 2918 l0.
511 2890 534 2907 "
547 2889 620 2918 Psal.
636 2899 714 2922 χχιιι,
735 2891 794 2919 7-9.
834 2892 854 2908 ¹⁰
871 2891 944 2920 Psal.
956 2899 977 2918 ει

1031 2891 1054 2923 2,
1069 2891 1096 2918 δι
1134 2891 1156 2907 ¹⁶
1167 2889 1240 2918 Psal.
1254 2898 1327 2923 ms,
1349 2890 1405 2918 1-5.
