2084 3216
267 181 319 210 U9
593 179 729 208 EUSEBII
744 179 984 208 CESARIENSIS
1005 179 1079 209 OPP.
1096 180 1186 208 PARS
1205 180 1236 207 ll.
1254 196 1291 201 —
1305 180 1554 209 APOLOGETICA.
1835 183 1890 211 £20

267 227 398 256 criticium
411 226 512 258 laudis,
529 228 557 252 et
570 227 654 252 redde
665 226 807 253 Altissimo
822 231 885 253 vota
903 232 959 258 tua,
970 231 997 254 et
1012 227 1051 254 in-
1065 230 1088 256 Δ

1065 230 1088 256 Α
1101 225 1210 261 τράγων
1223 225 1319 261 πίομαι
1331 234 1338 258 ;
1353 225 1439 254 Θῠσον
1451 226 1490 262 τῷ
1504 226 1563 262 Θεῷ
1577 226 1672 254 θυσίαν
1686 227 1826 261 αἰνέσεως,
1843 230 1887 256 καὶ

266 282 333 301 voca
352 281 395 300 me
412 274 439 300 in
461 272 504 299 die
517 271 703 299 tribulationis
717 272 750 298 ".
768 281 777 297 ι
796 271 885 298 Etiam
910 272 963 299 hoc
989 273 1049 300 loco

1103 271 1201 303 ἀπόδος
1218 271 1258 306 τῷ
1278 272 1396 307 ’Υψίστῳ
1417 271 1466 303 τὰς
1489 272 1572 307 εὐχάς
1597 281 1654 305 σου,
1668 275 1714 300 καὶ
1729 275 1889 303 ὲπικάλεσαί

265 319 357 346 divina
384 318 522 353 praedictio
537 317 616 352 plane
632 316 715 344 Deum
731 317 875 345 manifeste
903 322 1050 345 venturum

1102 327 1136 353 με
1148 319 1176 344 ὲν
1198 317 1288 354 ἡμέρᾳ
1300 317 1423 353 θλίψεως.
1441 327 1451 343 ›
1469 318 1615 345 Κάνταῦθα
1631 320 1646 354 ή
1661 318 1721 346 θεία
1736 321 1888 357 πρόρρησις

265 366 350 397 canit,
366 372 426 400 quae
449 363 560 398 quidem
575 371 630 390 non
647 364 732 390 alium
747 383 755 395 ,
781 371 863 398 quam
891 363 980 398 ipsum
1002 363 1050 391 Dei

1101 363 1194 398 σαφῶς
1217 364 1283 390 Θεὸν
1305 363 1433 399 ἐμφανῶς
1453 363 1528 399 ἥξειν
1549 364 1681 396 θεσπίζει,
1704 366 1754 392 οὐκ
1776 367 1887 404 ἄλλονῆ

266 409 385 437 Verbum
402 409 547 444 signiﬁcat.
560 408 634 435 lllius
649 415 714 435 vero
729 407 862 435 adventus
870 415 980 435 causam
990 415 1050 435 ma-

1100 410 1146 437 τὸν
1159 410 1204 437 τοῦ
1226 410 1294 437 Θεοῦ
1311 411 1396 444 Λόγον
1418 410 1544 445 δηλοῦσα.
1567 412 1621 438 Καὶ
1641 412 1671 438 τὸ
1689 412 1774 439 αἴτιον
1795 413 1823 439 δὲ
1839 413 1888 448 τῆς

266 454 442 482 nifestissime
456 453 568 484 indicat,
583 460 614 479 ac
629 453 750 487 gentium
761 460 870 483 rursus,
881 460 941 488 quae
952 453 979 479 in
995 456 1050 479 lota

1101 455 1251 490 παρουσίας
1267 454 1356 481 αὐτοῦ’
1372 454 1527 489 σαφέστατα
1549 455 1722 490 παρίστησιν,
1743 453 1821 487 αὖθις
1838 456 1887 491 τὴν

267 506 338 528 terra
357 501 544 530 continentur,
570 499 741 526 vocationem
765 497 883 526 futuram
897 499 1050 526 denuntiat.

1101 501 1196 536 κλῆσιν
1221 501 1388 536 σημαίνουσα
1410 500 1465 526 τῶν
1489 499 1550 526 καθ’
1575 500 1638 536 ὅλης
1660 501 1709 535 τῆς
1727 500 1888 536 οἰκουμένης

266 548 362 582 Itaque
381 556 390 572 ι
413 545 534 576 Vocavit,
551 545 649 579 inquit,
667 549 777 577 terram,
797 545 830 572 ab
848 549 908 572 ortu
923 545 989 572 solis
1003 553 1051 572 us—

1101 548 1196 575 ἐθνῶν·
1218 557 1227 572 ι
1257 547 1385 574 Ἐκάλεσε
1412 547 1488 581 γοῦν,
1517 548 1594 582 φησὶ,
1611 547 1660 582 τὴν
1680 547 1730 582 γῆν
1759 547 1812 573 ἀπὸ
1826 548 1889 573 ἀνα-

266 601 319 627 que
331 593 365 619 ad
375 599 512 619 occasum.
527 601 536 616 ι
551 591 618 618 Miro
632 594 721 617 autem
740 590 857 625 quodam
872 591 978 623 ordine,
989 595 1051 626 post

1101 592 1184 619 τολῶν
1198 592 1273 628 ήλίου
1287 592 1335 618 καὶ
1352 592 1432 627 μέχρι
1447 591 1567 626 δυσμῶν.
1583 601 1591 617 ι
1611 591 1716 627 Σφόδρα
1735 591 1764 617 δὲ
1779 592 1887 618 ἀκολούά

266 639 409 665 adventum
425 638 516 669 illius,
533 641 559 664 et
576 641 636 671 post
657 637 778 671 gentium
791 636 972 668 vocationem,
990 636 1052 671 reji-

1101 637 1155 669 θως
1170 637 1240 672 μετὰ
1253 638 1301 673 τὴν
1323 638 1485 671 ἐπιφάνειαν
1502 636 1595 669 αὑτοῦ,
1609 638 1655 664 καὶ
1676 638 1744 672 μετὰ
1761 638 1810 673 τὴν
1824 638 1888 674 κλῆ-

265 684 390 711 ciendam
411 691 471 711 esse
486 687 605 711 veterem
629 682 703 708 illam
725 682 835 716 corpori
850 681 937 716 magis
961 682 1051 709 inser-

1102 692 1144 709 σιν
1162 683 1216 709 τῶν
1224 683 1315 710 ἐθνῶν
1327 703 1335 716 ,
1352 684 1402 718 τὴν
1423 684 1587 720 παραίτησιν
1606 684 1655 719 τῆς
1675 685 1746 711 κατὰ
1764 684 1810 710 τὸν
1823 686 1888 712 Μω-

265 730 394 761 vientem,
406 737 487 764 quam
501 728 618 763 spiritui,
630 735 662 754 ex
681 727 739 762 lege
753 727 852 762 lloysis
865 727 1050 754 adorationem

1102 730 1170 761 σέως
1183 730 1264 765 νόμον
1286 730 1515 766 σωματικωτέρας
1529 730 1654 766 λατρείας
1669 730 1799 762 διδάσκει,
1811 731 1828 766 ἥ
1843 732 1889 758 καὶ

265 776 356 807 docet,
368 783 429 810 qua:
451 775 510 810 ipsa
524 781 633 808 quoque
658 781 737 800 suum
753 773 866 807 contigit
882 772 973 805 finem,
990 776 1051 808 post

1101 775 1168 810 αὑτὴ
1181 775 1273 807 τέλους
1286 775 1364 810 ἔτυχε
1380 775 1448 810 μετὰ
1468 775 1515 810 τὴν
1526 775 1572 802 τοῦ
1586 775 1653 802 Θεοῦ
1665 776 1752 809 Λόγου
1767 777 1806 808 εις
1823 777 1891 803 πάν-

265 820 313 848 Dei
326 819 408 848 Verbi
427 819 460 846 ad
477 819 601 846 homines
631 818 788 846 adventum.
812 819 851 845 Ex
870 819 915 845 illo
931 819 1003 846 enim
1017 819 1051 846 ad

1100 829 1151 852 τας
1165 821 1324 856 ἀνθρώπους
1337 822 1507 856 ἐπιφάνειαν.
1532 822 1576 855 Ἐξ
1591 822 1694 848 ἐκείνου
1712 823 1764 858 γάρ
1782 831 1822 849 τοι
1843 823 1890 850 καὶ

266 864 340 892 hunc
355 872 442 899 usque
469 864 541 890 diem
570 863 658 890 vocati
669 863 726 897 jam
743 867 806 890 sunt
828 871 923 891 omnes
946 863 980 891 de
994 868 1050 891 toto

1101 868 1141 899 el;
1156 867 1235 903 δεῦρο
1259 867 1404 903 κέκληνται
1422 868 1472 904 μὲν
1491 868 1591 899 πάντες
1613 869 1637 894 οἱ
1659 868 1705 895 ἐπὶ
1730 869 1820 903 πάσης
1841 869 1887 904 τῆς

265 913 332 939 orbe
348 916 482 938 terrarum
508 910 631 936 homines
645 930 653 942 ,
676 917 826 944 omnesque
843 910 877 936 ab
898 914 959 937 ortu
985 910 1050 938 solis
1066 936 1086 963 Β

1066 936 1086 963 Β
1101 914 1262 949 οἰκουμένης
1284 914 1432 950 ἄνθρωποι,
1453 915 1500 941 καὶ
1521 914 1610 941 πάντα
1630 914 1664 941 τὰ
1683 915 1737 942 ἀπὸ
1754 914 1889 941 ἀνατολῶν

266 965 354 992 usque
369 957 402 984 ad
415 964 542 984 occasum
557 962 660 991 gentes.
690 955 815 983 Cessavit
832 959 933 989 autem,
958 957 1051 984 subla-
1067 955 1086 963 ¹¹

1067 955 1086 963 ν
1102 960 1149 987 καὶ
1166 961 1246 996 μέχρι
1257 961 1366 996 δυσμῶν
1383 961 1458 997 ἔθνη.
1475 963 1616 990 Πέπαυται
1631 963 1660 989 δὲ
1675 962 1722 993 καὶ
1737 961 1888 997 καθῄρηται

265 1010 365 1039 tusque
390 1007 432 1030 est
459 1002 614 1029 Iudaeorum
630 1002 698 1029 ritus
713 1021 721 1033 ,
745 1001 791 1028 ubi
817 1009 850 1029 ex
865 1001 939 1029 Novo
969 1003 1049 1038 262

1101 1007 1118 1042 ἡ
1134 1006 1205 1033 κατὰ
1224 1006 1364 1039 Ἰουδαίους
1380 1007 1522 1043 θρησκεία,
1536 1009 1607 1035 κατὰ
1620 1008 1669 1043 τὴν
1685 1007 1781 1042 καινὴν
1794 1007 1893 1042 Διαθῆ-

265 1048 427 1084 evangelica',
449 1047 652 1082 praedicationis
676 1046 869 1079 Testamento,
889 1054 942 1074 non
958 1052 1050 1075 autem

1101 1061 1152 1088 κην
1167 1053 1213 1079 τοῦ
1229 1053 1404 1087 εὐαγγελικοῦ
1420 1054 1607 1090 κηρύγματος,
1628 1054 1684 1080 ἀλλ’
1704 1054 1734 1080 οὺ
1752 1053 1831 1080 Κατὰ
1843 1053 1889 1079 τὸν

263 1095 363 1129 exlcge
372 1094 481 1129 Moysis,
492 1101 588 1120 omnes
603 1093 727 1120 homines
740 1093 824 1120 Deum
838 1093 938 1125 colere,
952 1097 978 1120 et
987 1101 1049 1120 eum

1100 1099 1222 1131 Μωσέως
1239 1100 1330 1134 νόμον,
1360 1100 1468 1127 πάντων
1479 1100 1630 1136 ἀνθρώπων
1644 1099 1765 1126 εὐσεϐεῖν
1777 1108 1887 1136 παρηγ-

263 1142 364 1176 pietate
383 1140 474 1168 vivere
490 1139 623 1166 admoniti
647 1139 793 1174 edoctique
829 1143 902 1167 sunt.
922 1141 1050 1167 Attamen

1100 1144 1248 1179 γελμένων.
1266 1144 1358 1170 Ταῦτα
1374 1144 1402 1170 δὲ
1425 1145 1472 1171 καὶ
1497 1146 1543 1171 ἐπὶ
1564 1145 1614 1181 τὴν
1633 1145 1762 1179 δευτέραν
1778 1145 1826 1172 καὶ
1846 1144 1889 1171 ἔν-

264 1186 359 1215 eadem
374 1187 432 1214 haec
445 1185 479 1213 ad
496 1185 646 1213 secundum
668 1185 876 1221 gloriosumque
901 1185 1050 1214 Salvatoris

958 1186 1050 1214 ratoris
1099 1190 1174 1222 δοξον
1189 1191 1349 1225 ἐπιφάνειαν
1363 1191 1410 1217 τοῦ
1426 1191 1552 1228 Σωτῆρος
1567 1191 1728 1227 ἀναφέροιτο
1741 1191 1781 1218 ἄν.

264 1234 423 1266 adventum,
433 1232 528 1260 referri
543 1233 608 1260 item
624 1239 748 1268 possunt.

568 1288 682 1317 CAPUT
702 1288 745 1316 IV.
1371 1291 1391 1316 Κ

1371 1290 1569 1317 ΚΕΦΛΛΑΙΟΝ
1581 1291 1617 1318 Δν.

265 1346 286 1374 Α
310 1346 413 1389 ρεαίιιιο
426 1353 586 1389 ιικιι.ι.’-τ
598 1345 816 1389 ριιομύὶάςηάιις
830 1346 856 1389 ἱῃ
867 1350 937 1389 terra
952 1345 1050 1385 dicere:

1105 1345 1185 1389 ’Azd‘
1196 1347 1319 1389 ψαλμοῦ
1335 1348 1510 1389 σταίη-ςος
1529 1348 1657 1389 ἐξῆ-’γῆς
1673 1348 1888 1389 ὀῖθήσεςτίζαιῤ

300 1387 343 1409 tur
357 1381 437 1415 Deus,
455 1389 500 1416 per
514 1380 614 1408 Chriin
626 1381 660 1407 ad
676 1381 792 1408 homines
810 1381 961 1408 adventum.
1041 1380 1046 1385 '

1135 1381 1207 1413 Θεὸς
1226 1381 1343 1419 ,βὲτεται
1362 1380 1412 1409 διὰ
1425 1382 1478 1417 τῆς
1497 1383 1551 1410 τοῦ
1572 1380 1701 1418 Χριᾶτοῧ
1721 1380 1764 1417 εἷς
1777 1385 1889 1419 ἀνθρὼ-

1135 1424 1211 1448 πους
1226 1417 1411 1450 ἐπιφανείας.

302 1480 312 1498 ι
338 1470 480 1498 Videbitur
491 1470 562 1497 Deus
580 1471 693 1498 deorum
709 1472 736 1498 in
749 1470 825 1498 Sion.
841 1471 956 1499 Domine
978 1471 1049 1500 Deus

1137 1482 1145 1496 l
1170 1472 1332 1508 Ὀφθήσεται
1351 1475 1365 1500 ὁ
1387 1475 1453 1506 Θεὸς
1470 1475 1524 1502 τῶν
1545 1475 1613 1503 θεῶν
1627 1477 1656 1504 ὲν
1677 1477 1756 1505 Σιών,
1773 1479 1858 1514 Κύριε
1873 1480 1887 1505 d

263 1517 407 1549 virtutum,
420 1517 518 1544 exaudi
529 1517 680 1544 orationem
690 1524 789 1548 meam,
800 1517 912 1544 auribus
928 1517 1047 1552 percipe,

1098 1515 1164 1548 Θεὸς
1185 1517 1239 1543 τῶν
1257 1518 1407 1553 δυνάμεων,
1421 1520 1578 1547 εἰσάκουσον
1593 1522 1642 1556 τῆς
1657 1524 1808 1558 προσευχῆς
1825 1533 1886 1559 μου.

264 1562 336 1590 Deus
348 1562 441 1590 Jacob.
455 1561 597 1589 Protector
612 1566 705 1589 noster
719 1562 819 1596 aspice,
840 1561 922 1594 Deus,
943 1563 1048 1597 respice

1099 1561 1235 1595 ὲνώτισαι,
1253 1564 1267 1589 ὀ
1279 1563 1344 1595 Θεὸς
1363 1564 1474 1591 Ἰακώϐ·
1496 1567 1685 1601 ὑπερασπιστὰ
1708 1569 1796 1603 ἡμῶν,
1812 1569 1858 1601 ἴδε,
1872 1570 1887 1596 ό

264 1608 292 1635 in
309 1607 405 1635 faciem
419 1608 522 1636 Christi
537 1609 576 1635 tui
590 1609 622 1635 ²¹.
637 1618 646 1634 ι
667 1607 814 1642 Postquam
833 1607 916 1635 Deum
933 1608 1046 1635 deorum
1061 1609 1083 1639 C

1063 1609 1083 1639 ί]
1098 1607 1175 1640 Θεὸς,
1191 1609 1238 1635 καὶ
1263 1609 1407 1645 ἐπίϐλεψον
1422 1612 1468 1638 ἐπὶ
1483 1612 1514 1638 τὸ
1538 1613 1684 1648 πρόσωπον
1698 1615 1744 1641 τοῦ
1766 1616 1886 1651 Χριστοῦ

263 1654 410 1682 videndum
427 1655 561 1689 praedixit,
576 1659 633 1681 tum
657 1658 718 1681 orat
733 1655 879 1682 adventum
893 1655 954 1690 ejus
964 1662 1047 1690 quam

1099 1662 1155 1681 σου.
1169 1663 1178 1680 ι
1189 1655 1240 1682 Τὸν
1248 1655 1313 1682 Θεὸν
1324 1656 1378 1682 τῶν
1392 1656 1459 1684 θεῶν
1472 1658 1637 1693 ὀφθήσεσθαι
1648 1661 1795 1695 προειπὼν,
1809 1660 1886 1697 εὔχε-

264 1700 406 1728 celerrime
420 1701 533 1733 adesse,
565 1700 676 1728 modum
693 1709 748 1735 quo
762 1701 896 1728 videndus
917 1701 954 1728 sit
975 1701 1047 1728 inte.

1097 1709 1142 1728 ται
1156 1700 1206 1736 τὴν
1220 1702 1380 1736 ἐπιφάνειαν
1401 1703 1483 1730 αὐτοῦ
1547 1705 1628 1741 τάχος
1652 1707 1803 1743 ἐπιστῆναι,
1824 1708 1886 1735 καθ’

264 1746 316 1773 rim
332 1746 434 1774 docens
454 1747 510 1774 illis
526 1747 617 1774 verbis
632 1756 639 1774 :
656 1757 666 1773 ‹
684 1746 798 1782 Respice
815 1746 842 1774 in
859 1747 955 1774 faciem
968 1747 1049 1774 Chri-

1097 1746 1126 1773 ὂν
1147 1747 1294 1783 ὀφθήσεται
1307 1749 1406 1784 τρόπον
1428 1749 1561 1777 διδάσκων
1580 1751 1624 1778 διὰ
1647 1752 1710 1779 τοῦ·
1730 1762 1739 1778 ι
1763 1754 1886 1781 Ἐπίὁλεσ

264 1793 299 1820 sti
312 1793 361 1826 tui,
383 1803 392 1819 ι
407 1801 461 1820 non
483 1793 562 1821 aliter
577 1801 658 1828 quam
685 1794 803 1829 planius,
820 1793 953 1821 dixisset:
984 1793 1050 1820 Post

1097 1793 1147 1827 ψον
1161 1793 1207 1819 ἐπὶ
1227 1794 1257 1820 τὸ
1272 1795 1416 1830 πρόσωπον
1437 1796 1484 1822 τοῦ
1500 1797 1617 1831 Χριστοῦ
1639 1806 1686 1825 σου
1698 1807 1704 1813 ·
1726 1809 1735 1825 ι
1752 1800 1818 1826 ὡσεὶ
1835 1809 1886 1827 σα-

264 1838 360 1865 faciem
383 1838 486 1866 Christi
511 1840 550 1866 tui
575 1840 666 1874 praabe
680 1839 796 1874 teipsum
809 1840 963 1867 videndum.
981 1838 1050 1866 Pro-

1098 1839 1226 1874 φὲστερον
1254 1841 1373 1875 εἰρήκει·
1401 1841 1450 1868 Διὰ
1473 1842 1517 1868 τοῦ
1541 1843 1684 1878 προσώπου
1706 1845 1753 1872 τοῦ
1767 1846 1884 1881 Χριστοῦ

264 1888 355 1919 pterea
366 1884 449 1917 enim,
467 1885 539 1919 quod
555 1895 565 1911 (
585 1886 631 1920 qui
648 1885 714 1912 vidit
730 1885 839 1918 Filium,
857 1885 925 1913 vidit
941 1885 1048 1912 Patrem

1100 1893 1146 1912 σου
1170 1886 1326 1922 ἐπιφάνηθι.
1354 1888 1430 1914 Ἐπεὶ
1467 1888 1515 1924 γὰρ
1552 1891 1566 1916 ὁ
1602 1891 1734 1927 ἑωρακὼς
1753 1893 1801 1919 τὸν
1820 1893 1885 1920 Υζὸν

263 1930 310 1965 qui
326 1930 400 1957 misit
413 1931 488 1957 illum
503 1931 526 1946 “
543 1940 550 1958 :
583 1941 593 1957 ι
608 1931 705 1958 merito
730 1939 780 1966 per
806 1931 904 1958 faciem
934 1931 1047 1964 Christi,

1098 1930 1205 1966 ἑώρακε
1226 1932 1271 1958 τὸν
1295 1933 1406 1968 Πατέρα
1425 1934 1470 1962 τὸν
1493 1935 1638 1971 πέμψαντα
1663 1937 1754 1969 αὑτὸν,
1772 1939 1885 1972 είκὰτως

264 1984 326 2003 eum
342 1977 389 2011 qui
403 1977 431 2003 in
442 1976 553 2005 Christo
560 1977 673 2010 habitat,
688 1977 772 2004 Deum
782 1976 894 2004 deorum
904 1977 1048 2005 videndum

1098 1977 1142 2003 διὰ
1163 1977 1210 2004 τοῦ
1234 1978 1376 2014 προσώπου
1391 1979 1438 2006 τοῦ
1461 1981 1579 2016 Χριστοῦ
1598 1984 1812 2019 ὲπιφανήσεσθαι
1839 1986 1885 2013 τὸν

265 2023 416 2050 denuntiat.

1099 2023 1128 2048 ὲν
1149 2023 1188 2058 τῷ
1208 2023 1318 2060 Χριστῷ
1340 2025 1518 2053 κατοικοῦντα
1540 2027 1606 2055 Θεὸν
1630 2029 1684 2056 τῶν
1710 2030 1779 2058 θεῶν
1799 2032 1885 2066 ἑπαγ-

1099 2069 1198 2104 γέλλει.

573 2121 688 2149 CAPUT
708 2121 741 2148 ν.
1364 2129 1396 2154 ,ςι

1364 2128 1559 2156 ΚΕΦΑΛΑῙΟΝ
1581 2130 1617 2158 Ε’.

265 2179 286 2205 Α
307 2177 410 2213 psalmo
425 2185 486 2218 xcv.
502 2192 545 2219 -—_
558 2178 691 2205 Adventus
716 2178 823 2206 Domini
845 2178 872 2205 in
889 2183 986 2225 [errant
1008 2186 1049 2204 re-

1103 2181 1170 2225 Ἇςῑιὸ
1184 2182 1306 2225 ψαλμοῦ
1326 2185 1381 2225 με’..
1395 2199 1439 2225 —_
1450 2187 1724 2225 Izapovglaﬂvglov
1747 2189 1796 2216 ἐπὶ
1815 2189 1881 2225 γῆς,

299 2212 438 2255 gutturque.
454 2213 511 2255 ejus
536 2214 604 2255 inter
624 2219 728 2255 gentes,
752 2219 887 2255 et-rtovttm
907 2212 1047 2240 Canticum

1130 2212 1274 2255 ,ςαᾰιλεῖα
1294 2227 1326 2255 τε
1337 2212 1440 2247 ἀὐτοῦ
1459 2212 1586 2248 ἐσίλσῶ
1601 2212 1884 2255 ἐδιλιῗῦίκᾶιῖόιίᾬέ

299 2257 350 2275 non
361 2249 411 2282 ipsi
426 2248 522 2280 Israel,
539 2249 583 2275 sed
595 2249 714 2283 gentibus
729 2249 912 2276 exhibendum.
1060 2279 1085 2309 D

1133 2249 1216 2285 ᾆσμα
1236 2255 1271 2280 οὐ
1287 2252 1326 2286 τῷ
1354 2255 1487 2289 Ἰσραὴλ,
1508 2257 1587 2284 ἀλλὰ
1601 2248 1663 2290 τοῖξ
1794 2248 1884 2295 500%,:

1061 2279 1085 2309 D
1132 2287 1271 2321 σύμενον.

301 2349 311 2366 ι
322 2339 437 2367 Cantate
444 2338 558 2366 Domino
564 2339 702 2365 canticum
711 2346 821 2371 novum,
833 2342 942 2366 cantate
956 2338 1048 2367 Domi-

1135 2353 1144 2369 ι
1166 2344 1264 2380 ’ᾼσατε
1276 2345 1314 2380 τῷ
1326 2346 1420 2382 Κυρίῳ
1432 2345 1507 2383 ᾆσμα
1522 2349 1625 2383 καινὸν,
1639 2350 1721 2386 ᾄσατε
1729 2351 1767 2386 τῷ
1775 2353 1881 2389 Κυρίῳ,

264 2393 311 2418 no,
323 2385 508 2420 omnis;terra,
518 2389 628 2412 cantate
642 2385 769 2416 Domino,
780 2385 933 2412 bcnedicite
941 2386 1045 2414 nomini

1097 2391 1198 2426 πᾶσαὴ
1214 2392 1260 2426 γῆ.
1278 2393 1378 2427 ᾌσατε
1393 2393 1431 2428 τῷ
1447 2395 1552 2430 Κυρίῳ,
1567 2385 1730 2431 εὐλογήσατε
1743 2385 1773 2424 τὸ
1796 2385 1882 2434 ὄνομα

262 2433 334 2467 ejus,
349 2433 508 2459 annuntiate
538 2432 644 2460 de'die
670 2433 697 2459 in
725 2432 796 2460 diem
822 2433 943 2460 salutare
967 2433 1044 2468 ejus,

1096 2436 1188 2463 αὑτοῦ.
1200 2437 1419 2471 Εὐαγγελίσασθε
1433 2439 1537 2476 ἡμέραν
1548 2441 1577 2473 ἐξ
1589 2442 1696 2477 ἡμέρας
1707 2443 1738 2469 τὸ
1749 2432 1881 2480 σωτήριον

263 2479 424 2506 annuntiate
449 2479 520 2505 inter
546 2482 640 2513 gentes
667 2479 779 2513 gloriam
795 2479 871 2513 ejus,
900 2480 928 2506 in
956 2479 1046 2506 omni-

1097 2482 1177 2509 αὐτοῦ
1191 2491 1198 2498 ν
1217 2483 1394 2517 ἀναγγείλατε
1409 2486 1438 2511 ἐν
1455 2487 1510 2518 τοῖς
1522 2486 1610 2514 ἔθνεσι
1623 2489 1673 2523 τὴν
1691 2488 1769 2521 δόξαν
1786 2479 1881 2522 αὑτοῦ,

262 2524 314 2551 bus
344 2524 451 2560 populis
481 2524 616 2551 mirabilia
647 2524 737 2559 ejus:
768 2525 898 2560 quoniam
927 2532 1044 2559 magnus

1097 2528 1126 2554 ὲν
1146 2529 1211 2555 πᾶσι
1230 2531 1284 2561 τοῖς
1304 2530 1378 2562 λαοῖς
1393 2531 1428 2557 τὰ
1449 2531 1588 2568 (θαυμάσια
1610 2535 1693 2561 αὐτοῦ
1706 2544 1712 2550 ·
1736 2536 1776 2562 ὃτι
1793 2537 1881 2572 μέγας

263 2571 342 2606 263
371 2571 502 2598 Dominus
526 2576 552 2598 et
574 2571 717 2599 laudabilis
733 2572 826 2604 nimis,
841 2571 971 2599 terribilis
1002 2575 1044 2598 est

1096 2573 1198 2609 Κύριος
1212 2575 1257 2601 καὶ
1274 2576 1378 2608 αίνετὸς
1390 2578 1500 2614 σφόδρα,
1516 2579 1628 2614 φοόερός
1647 2583 1719 2608 ἐστιν
1735 2582 1804 2617 ὑπὲρ
1815 2584 1882 2610 πάν-

262 2625 343 2651 super
361 2624 454 2644 omnes
466 2617 535 2644 Deos
555 2617 587 2645 “.
604 2627 612 2642 ι
624 2617 656 2644 Ει
671 2625 787 2645 rursus:
812 2627 822 2643 ι
839 2617 938 2644 Ᾱίϊειιο
951 2616 1044 2644 Domi-

1096 2628 1145 2651 τας
1165 2622 1227 2652 τοὺς
1248 2621 1333 2652 θεούς.
1355 2632 1365 2648 ι
1387 2623 1442 2649 Καὶ
1461 2624 1540 2652 πάλιν
1553 2633 1560 2640 ·
1579 2635 1589 2651 ί
1614 2627 1756 2661 Ἐνέγκατε
1771 2628 1810 2664 τῷ
1826 2629 1881 2655 Κυ-

264 2669 298 2688 no
310 2663 402 2696 patriae
416 2664 535 2698 gentium
547 2664 582 2690 ".
601 2673 610 2689 ι
628 2663 660 2690 Εῑ
671 2671 767 2691 rursus
784 2673 791 2691 :
808 2673 817 2689 ι
834 2663 920 2691 Dicite
934 2663 961 2690 in
978 2671 1044 2697 gen-

1098 2665 1147 2701 ρίῳ
1159 2667 1186 2692 αί
1201 2669 1314 2702 πατριαὶ
1324 2669 1377 2695 τῶν
1388 2670 1482 2697 ὲθνῶν.
1503 2681 1511 2696 ι
1529 2672 1582 2698 Καὶ
1595 2673 1674 2699 πάλιν
1684 2682 1690 2688 ·
1709 2683 1719 2699 ι
1734 2674 1836 2701 Εἴπατε
1852 2676 1879 2701 ὲν

264 2707 335 2734 tibus
351 2709 421 2742 quod
449 2709 579 2736 Dominus
608 2711 730 2744 regnavit
749 2711 782 2737 ³⁸.
801 2719 811 2736 ι
827 2709 867 2736 Ad
891 2713 1042 2737 extremum

1095 2713 1152 2743 τοῖς
1166 2712 1279 2744 ἔθνεσιν,
1299 2715 1339 2740 ὃτι
1355 2715 1456 2751 Κύριος
1475 2716 1643 2745 ἐϐασίλευσε.
1659 2728 1668 2744 ›
1691 2720 1746 2746 Καὶ
1768 2721 1814 2746 ἐπὶ
1828 2722 1882 2747 πᾶ-

264 2761 328 2780 vero
340 2754 462 2788 adiungit
478 2764 484 2781 2
503 2764 512 2780 ι
533 2756 609 2783 Tunc
625 2757 800 2784 cxsultabunt
811 2757 902 2784 omnia
914 2757 985 2792 ligna
998 2757 1043 2784 sil-

1096 2766 1139 2784 σιν
1155 2757 1274 2793 ἐπιλέγει
1287 2767 1294 2774 ·
1318 2769 1327 2785 ι
1346 2760 1412 2787 Τότε
1432 2763 1639 2796 ἁγαλλιάσονται
1656 2765 1744 2792 πάντα
1761 2767 1795 2793 τὰ
1816 2767 1881 2799 ξύλα

264 2801 356 2825 varum
364 2806 380 2825 a
388 2799 455 2827 facie
466 2800 582 2833 Domini,
591 2802 718 2836 quoniam
728 2803 818 2830 venit:
831 2802 959 2838 quoniam
970 2803 1042 2830 venit

1094 2803 1141 2830 τοῦ
1157 2804 1270 2840 δρυμοῦ,
1289 2806 1343 2832 ἀπὸ
1359 2807 1503 2842 προσώπου
1516 2810 1629 2845 Κυρίου,
1650 2811 1688 2837 ὅτι
1701 2812 1809 2847 ἔρχεται
1820 2822 1827 2828 ·
1841 2815 1884 2841 ὅτι

248 2867 253 2870 ’
297 2874 580 2908 “Psal.xt.ix.7-t5.
618 2878 926 2913 “Psal.i.\nn,8-l0.
964 2880 1068 2910 "Joan

1056 2889 1079 2909 rt.
1096 2890 1144 2915 xtl,
1157 2883 1202 2910 45.
1241 2883 1263 2900 ’⁸
1283 2883 1353 2912 Psal.
1374 2893 1432 2919 xcv,
1446 2887 1502 2914 l-L
1540 2888 1636 2917 “ibid.
1654 2889 1679 2916 7.
1717 2891 1739 2906 "
1749 2891 1816 2919 ibid.
1837 2892 1879 2920 ιο.
