2084 3216
181 190 232 217 421

629 191 955 219 DEMONS’I‘RATIONIS
975 191 1204 220 EVANGELICIE
1224 191 1288 220 LIB.
1308 192 1351 219 Vl.

1762 195 1814 222 322

181 249 243 285 ἣκει
258 251 349 284 κρῖναι
362 250 411 286 τὴν
422 249 484 285 γῆν.
497 250 592 285 Κρινεῖ
601 250 650 286 τὴν
661 250 821 286 οἰκουμένην
835 252 863 276 ἐν
873 250 967 278 δικαιο·

1024 251 1149 286 judicare
1161 257 1271 279 terram.
1287 251 1426 278 Judicabit
1438 251 1533 279 orbem
1560 255 1641 279 terrae
1653 251 1679 279 in
1692 251 1812 287 justitia,

184 294 263 330 σύνῃ,
279 295 327 322 καὶ
347 295 427 327 λαοὺς
447 296 475 321 ὲν
495 297 527 331 τῇ
545 295 658 331 ἀληθείᾳ
675 295 767 322 αὑτοῦ.
789 305 798 321 ι
827 295 973 323 Κάνταῦθα

182 341 265 368 πάλιν
285 342 429 376 ἐρχόμενος
448 343 487 373 εἰς
508 342 666 377 ἀνθρώπους
685 342 787 378 Κύριος
817 341 972 378 προφητεύ-

183 395 256 420 εται,
272 388 364 414 καινόν
375 396 404 414 τε
419 385 493 423 ᾆσμα
503 388 550 414 ἐπὶ
564 390 597 423 τῇ
608 388 743 424 παρουσίᾳ
756 387 837 414 αὐτοῦ
847 388 971 423 ᾁσεσθαι,

181 433 232 468 τὴν
248 434 352 468 Καινὴν
372 434 518 469 Διαθήκην,
538 434 568 460 οὐ
592 435 622 460 τὸ
645 434 778 460 Ἰουδαίων
803 434 888 466 ἔθνος,
905 434 972 461 ἀλλὰ

183 479 275 504 πᾶσαν
297 478 345 514 τὴν
365 479 431 513 γῆνο
457 479 734 514 εὐαγγελισθήσεσθαί
757 487 787 506 τε
810 479 902 505 οὐκέτι
925 479 972 506 τὸν

188 523 308 559 Ἰσραὴλ,
332 524 398 551 ἀλλὰ
424 525 513 551 πάντα
536 524 570 551 τὰ
597 524 676 559 ἔθνη·
709 525 857 561 ἐπειδήπερ
883 525 971 551 αὐτῶν

183 570 293 597 ἔσεσθαι
313 580 378 606 φησι
397 571 508 606 βασιλέα
527 571 573 598 τὸν
588 572 733 606 ἐρχόμενον
748 571 859 607 Κύριον.
878 572 925 603 Τίς
948 572 971 598 δ’

183 617 217 643 ἂν
229 616 272 652 εῐη
289 613 366 647 οὗτος
379 617 396 652 ἢ
414 618 427 643 ὀ
449 616 515 648 Θεὸς
527 617 611 650 Λόγος
624 625 630 649 ;
651 617 680 649 ὃς
696 617 799 652 μέλλων
815 617 970 653 δικαιοσύνῃ

182 662 232 697 τὴν
247 662 418 697 οἰκουμένην,
433 663 482 689 κα)⁵
500 663 613 698 ἀληθείᾳ
629 663 678 698 τὴν
697 662 892 698 ἀνθρωπότητα
912 663 972 698 κρί-

182 716 239 734 νειν
252 707 343 743 ἐξίσης
357 707 480 739 ἅπαντας
491 708 553 739 τοὺς
568 708 614 734 ἐπὶ
629 708 679 742 τῆς
693 708 857 742 οἰκουμένης
871 706 972 742 ἀνθρώ-

183 762 262 785 πους,
281 754 329 789 τῆς
345 753 426 780 αὐτοῦ
445 754 576 789 κλήσεως,
597 754 643 780 καὶ
662 753 712 788 τῆς
728 753 773 779 ἐπὶ
795 753 881 788 ταύτῃ
897 752 972 788 παρὰ

183 799 223 835 τῷ
240 799 300 834 Θεῷ
313 799 447 835 σωτηρίας
457 798 634 834 κατηξίωσεν.

439 897 637 924 ΚΕΦΛΛΑΙΟΝ
659 898 703 931 qv.

1023 301 1050 324 et
1061 298 1176 332 populos
1187 297 1215 325 in
1232 297 1346 324 veritate
1357 305 1406 324 sua
1419 297 1452 324 ’⁷.
1473 307 1482 323 »
1497 296 1553 324 Hoc
1566 298 1627 324 item
1640 297 1700 325 loco
1717 302 1815 325 ventu-

1023 351 1070 370 rus
1087 343 1121 370 ad
1138 344 1261 370 homines
1278 343 1446 377 promittitur
1476 343 1607 370 Dominus
1618 363 1625 375 ,
1658 352 1812 379 novumque

1023 387 1051 414 in
1065 388 1210 415 adventum
1225 388 1285 422 ejus
1294 389 1447 415 canendum
1462 396 1523 415 esse
1538 388 1690 420 canticum,
1705 387 1811 414 Novum

1022 435 1150 462 videlicet
1164 434 1382 465 Testamentum,
1395 442 1449 461 non
1466 435 1499 461 ab
1513 442 1566 462 una
1582 433 1694 460 Judaica
1721 439 1810 469 gente,

1022 480 1069 507 sed
1085 479 1119 506 ab
1143 480 1217 506 omni
1233 483 1316 510 terra,
1328 479 1529 514 Evangelioque
1544 479 1735 506 illustrandum
1756 487 1811 506 non

1021 526 1138 561 amplius
1153 526 1242 560 ipsum
1266 525 1359 557 l5racl,
1376 525 1422 552 sed
1444 532 1539 551 onmes
1552 529 1648 559 gentes
1663 534 1669 552 τ
1687 525 1811 559 quando-

1022 572 1130 607 quidem
1147 571 1205 598 fore
1221 571 1342 606 ipsorum
1359 578 1448 605 regem
1468 571 1506 597 ait
1522 578 1602 601 eum,
1621 570 1666 604 qui
1679 574 1810 597 ventmns

1022 618 1058 645 sit
1076 617 1220 644 Dominus.
1237 616 1303 650 Quis
1318 624 1399 652 porro
1416 617 1459 643 hic
1476 617 1510 643 sit
1531 616 1613 647 alius,
1631 624 1711 651 quam
1739 615 1810 643 Deus

1022 662 1165 690 Verbum?
1197 663 1242 697 qui
1269 662 1378 696 jnstitia
1405 662 1498 688 orbem
1524 666 1613 694 terra),
1638 665 1665 687 et
1694 661 1809 688 veritate

1021 710 1215 736 humanitatem
1229 708 1419 743 judicaturus,
1433 716 1465 735 ex
1483 715 1562 742 :equo
1578 707 1708 734 omnibus
1719 707 1765 742 qui
1780 707 1808 734 in

1021 755 1114 782 orbem
1129 759 1208 781 terra:
1222 758 1314 781 essent
1328 753 1495 784 hominibus,
1514 753 1685 780 vocationem
1715 760 1806 784 suam,

1021 805 1047 829 et
1060 804 1120 836 post
1137 800 1325 834 vocationem,
1349 800 1464 827 salutem
1480 807 1495 826 a
1511 799 1566 826 Deo
1598 799 1807 834 impertiendum

1021 853 1082 874 esse
1096 845 1212 880 putavit.

1323 900 1438 928 CAPUT
1457 899 1502 928 Vl.

187 955 255 994 Ἀδῤ
277 955 400 994 ψαλμοῦ
415 953 634 994 ιιιςκς--ᾌσέια
662 956 776 994 καινὸν,
802 953 914 994 γγῶᾳίς
938 962 967 994 re

1021 957 1042 984 Α
1070 957 1172 992 psalmo
1192 964 1279 994 _x_cvr_r.
1308 971 1346 994 τ
1370 956 1509 983 Canticum
1540 964 1657 994 nouum,
1678 956 1808 994 gentium-

217 988 312 1017 ἐθνῶν
327 988 381 1024 τῆς·
397 990 450 1016 τοῦ
465 988 576 1023 Κυρίου
587 990 791 1024 δικαιοσύνης,
807 988 970 1024 ἑρχόμενός

217 1034 250 1052 τε
265 1025 355 1058 αὐτὸς
374 1024 477 1059 κριτὴς
491 1025 551 1052 τῶν
564 1025 653 1052 ὅλων.

221 1092 231 1108 ι
246 1083 346 1118 ’ᾼσατε
367 1083 405 1118 τῷ
422 1082 516 1117 Κυρίῳ
544 1079 620 1117 ᾆσμα
645 1081 747 1113 καινὸν,
765 1082 805 1108 ὅτι
828 1081 969 1116 Θαυμαστὰ

182 1130 307 1164 ἐποίησε,
318 1139 327 1155 ι
338 1129 424 1155 καὶτὰ
433 1128 505 1163 ἑξῆς·
519 1137 528 1154 ι
540 1127 685 1163 Ἐγνώρισε
694 1126 794 1163 Κύριος
800 1127 829 1153 τὸ
839 1128 969 1162 σωτήριον

182 1175 275 1207 αὑτοῦ,
293 1175 412 1202 ἐναντίον
435 1174 543 1200 πάντων
566 1173 620 1199 τῶν
644 1173 728 1199 ἐθνῶν
748 1172 904 1207 ἀπεκάλυψε
920 1173 968 1208 τὴν

180 1221 354 1256 δικαιοσύνην
381 1220 473 1247 αὑτοῦ.
490 1229 498 1244 ι
516 1219 572 1246 Καὶ
596 1219 693 1245 πάλιν·
717 1227 728 1245 ι
743 1219 855 1245 Εἰδοσαν
880 1218 969 1245 πάντα

180 1267 215 1293 τὰ
227 1267 333 1302 πέρατα.
342 1266 389 1300 τῆς
405 1266 456 1301 γῆς
467 1265 497 1291 τὺ
511 1265 642 1300 σωτήριον
655 1264 702 1291 τοῦ
715 1264 782 1290 Θεοῦ
796 1263 969 1299 ήμῶν.’Λλα-

180 1313 280 1346 λὰξατε
303 1312 341 1347 τῷ
363 1311 458 1347 Κυρίῳ
473 1311 547 1337 πᾶσα
562 1311 579 1346 ἡ
593 1310 639 1345 γῆ.
652 1320 661 1336 ι
677 1311 731 1337 Καὶ
744 1310 790 1336 ἐπὶ
806 1311 888 1336 πᾶσι·
904 1318 914 1336 ι
928 1310 968 1336 Τὰ

181 1359 231 1394 ἧρη
249 1358 456 1393 ἀγαλλιάσονται
476 1357 529 1383 ἀπὸ
543 1356 687 1392 προσώπου
705 1355 817 1390 Κυρίου,
832 1356 872 1381 ὅτι
891 1355 968 1391 ἔρχε-

180 1413 237 1436 ται,
251 1405 291 1430 ὅτι
308 1404 369 1438 ἥκει
385 1404 476 1439 κρῖναι
497 1401 545 1438 τὴν
559 1403 620 1437 γῆν.
634 1402 730 1437 Κρινεῖ
741 1401 791 1436 τὴν
808 1401 967 1435 οἰκουμένην

181 1451 211 1476 ἐν
229 1449 398 1485 δικαιοσύνῃ,
413 1448 461 1475 καὶ
475 1448 555 1479 λαοὺς
566 1449 594 1474 ἐν
607 1446 743 1482 εὐθύτητι.
757 1456 766 1472 ι
782 1446 890 1473 Πολλῶν
900 1447 968 1481 ἁγα-

180 1497 236 1524 Θῶν
250 1497 326 1523 αἰτία
340 1497 386 1523 καὶ
401 1495 443 1522 διὰ
455 1495 556 1521 τούτων
567 1495 583 1530 ἡ
594 1494 640 1520 τοῦ
654 1493 754 1529 Κυρίου
767 1493 902 1529 παρουσία
911 1494 967 1525 τοῖς

180 1544 270 1570 ἔθνεσι
287 1542 448 1577 γεγενῆσθαι
463 1541 662 1577 προφητεύεται
672 1549 678 1555 ·
692 1540 709 1567 ἃ
721 1540 768 1566 καὶ
784 1539 827 1566 διὰ
842 1540 891 1574 τῆς
907 1541 966 1566 ἐπι-

1055 1001 1103 1027 que
1118 992 1236 1033 Icognitio
1245 992 1368 1027 justitiw,
1389 996 1560 1026 venturasque
1579 992 1633 1025 ipse
1643 991 1728 1026 judex
1747 993 1808 1018 uni-

1056 1035 1133 1054 versa.

1058 1093 1067 1109 1
1084 1085 1196 1111 Caritate
1211 1082 1325 1110 Domino
1342 1082 1476 1109 canticum
1488 1089 1598 1114 novum,
1612 1081 1740 1116 quoniam
1754 1082 1807 1109 mi-

1020 1129 1116 1156 rabilia
1135 1128 1209 1160 fecit,
1229 1137 1238 1154 ι
1257 1132 1283 1154 et
1302 1132 1397 1154 camera
1415 1136 1421 1154 :
1441 1136 1450 1152 ε
1470 1126 1567 1153 Notum
1586 1127 1648 1154 fecit
1675 1127 1806 1155 Dominus

1020 1175 1139 1202 salutare
1162 1181 1253 1204 suum,
1270 1173 1297 1200 in
1314 1177 1462 1207 conspectu
1479 1172 1598 1207 gentium
1622 1173 1750 1199 revelavit
1761 1172 1806 1207 ju-

1020 1220 1121 1248 stitiam
1151 1219 1268 1247 suam”.
1291 1228 1300 1244 ι
1325 1217 1358 1244 Ει
1386 1226 1503 1246 rursus:
1524 1227 1533 1243 (
1553 1217 1685 1245 Viderunt
1710 1225 1805 1246 omnes

1021 1265 1128 1293 termini
1151 1268 1230 1292 terra:
1249 1264 1368 1292 salutare
1380 1263 1427 1290 Dei
1439 1264 1535 1296 nostri,
1548 1263 1662 1298 juhilate
1679 1263 1804 1296 Domino,

1019 1310 1107 1338 omnis
1121 1310 1231 1337 terra".
1252 1319 1260 1334 ι
1277 1308 1310 1334 Ει
1323 1308 1357 1335 ad
1373 1312 1523 1336 extremum
1540 1317 1546 1334 :
1565 1317 1574 1333 ι
1593 1307 1697 1335 Montes
1711 1309 1804 1336 exsul-

1019 1356 1116 1384 tabunt
1126 1363 1141 1382 a
1152 1359 1298 1391 conspectu
1310 1354 1427 1385 Domini,
1441 1354 1569 1388 quoniam
1583 1354 1666 1384 venit,
1676 1354 1803 1389 quoniam

1019 1401 1226 1436 venitjudicare
1242 1403 1354 1427 terram.
1365 1398 1502 1426 Judicahit
1518 1398 1611 1425 orbem
1627 1402 1706 1425 terra
1721 1398 1748 1425 in
1761 1398 1806 1432 ju-

1019 1448 1104 1479 stitia,
1122 1452 1149 1474 et
1171 1447 1285 1482 populos
1309 1446 1337 1472 in
1359 1444 1514 1479 mquitate"
1536 1453 1542 1470 :
1565 1453 1574 1469 ›
1594 1443 1740 1470 multorum
1756 1442 1805 1470 bo-

1019 1502 1118 1522 norum
1141 1493 1295 1521 elfectorem
1318 1491 1424 1518 Domini
1440 1490 1585 1517 adventum
1603 1489 1728 1524 gentibus
1739 1496 1804 1516 con-

1021 1541 1126 1576 tigisse,
1141 1539 1198 1566 haec
1220 1538 1301 1565 verba
1324 1536 1476 1572 pradicant
1492 1554 1499 1567 ,
1515 1542 1575 1569 qua:
1598 1535 1705 1568 quidem
1721 1534 1803 1566 bona.

180 1590 295 1625 φανείας
304 1589 350 1615 τοῦ
358 1589 434 1623 Σωτῆ
439 1596 483 1623 ρος
494 1587 571 1623 ἡμῶν
587 1587 632 1613 ἐπὶ
642 1586 728 1622 πέρας
738 1586 853 1621 ἀχθέντα
866 1586 966 1613 δείκνυ-

1018 1595 1066 1623 per
1086 1585 1212 1613 eumdem
1237 1582 1386 1610 Salvatoris
1410 1581 1494 1608 nostri
1518 1580 1674 1611 adventum,
1701 1580 1804 1606 exitum

179 1644 235 1662 ται.
246 1635 291 1667 Ἐξ
305 1634 409 1661 ἐκείνου
425 1633 478 1669 γάρ
498 1642 539 1659 τοι
557 1632 603 1659 καὶ
622 1633 651 1659 οὐ
669 1632 809 1668 πρότερον,
826 1632 855 1659 τὸ
877 1633 968 1659 καινὸν

180 1679 258 1717 ᾆσμα
284 1680 334 1714 τῆς
350 1679 455 1714 Καινῆς
475 1678 611 1714 Διαθὴκης
631 1678 671 1708 εἰς
693 1677 797 1709 πάντας
811 1677 969 1712 ἀνθρώπους

179 1727 283 1762 ᾅδεται,
300 1725 346 1751 καὶ
356 1725 390 1751 τὰ
406 1724 544 1759 Θαυμάσια
560 1723 642 1750 αὑτοῦ
659 1723 702 1750 διὰ
718 1723 766 1758 τῆς
782 1723 836 1750 τῶν
850 1723 969 1757 Εὐαγγε-

179 1771 246 1798 λίων
259 1771 367 1806 γραφῆς
382 1768 506 1805 γνώριμα
521 1768 569 1795 καὶ
585 1767 734 1800 ὲξάκουστα
745 1769 798 1800 τοῖς
815 1770 881 1795 πᾶσι
897 1769 968 1803 γίνε-

156 1843 165 1849 ,
179 1826 236 1844 ται.
251 1818 288 1844 οὺ
312 1817 364 1852 μὴν
385 1815 451 1842 ἀλλὰ
468 1815 514 1842 καί¹
533 1815 563 1841 τὸ
582 1815 723 1850 σωτήριον,
739 1815 770 1841 τὸ
789 1814 859 1842 κατὰ
873 1814 919 1850 τὴν
936 1816 968 1841 ἐκ

179 1863 286 1899 νεκρῶν
309 1862 456 1889 ἀνάστασιν
481 1860 573 1893 αὐτοῦ,
602 1861 684 1887 πᾶσιν
708 1859 885 1896 ἀπεκαλύφθη
912 1862 967 1892 τοῖς

181 1909 282 1940 ἔθνεσι,
307 1909 354 1935 καὶ
380 1909 397 1943 ἡ
423 1907 526 1942 ἀληθὴς
551 1906 718 1941 δικαιοσύνη,
740 1905 774 1932 δι’
789 1903 822 1941 ἧς
846 1906 966 1941 ἐναργῶς

182 1955 342 1991 ἀπεδείχθη,
360 1956 401 1982 ὅτι
420 1954 456 1990 μὴ
477 1953 610 1980 Ἰουδαίων
622 1954 635 1980 ὁ
649 1953 715 1984 Θεὸς
742 1953 829 1988 μόνον,
843 1952 910 1979 ἀλλὰ
921 1953 966 1979 καὶ

182 2000 279 2028 ἐθνῶν·
299 2011 307 2027 t
319 2001 449 2036 Ἐπείπερ
463 1998 502 2032 εἷς
516 2001 530 2026 ὁ
542 2000 633 2031 Θεὸς,›
650 1999 720 2026 κατὰ
738 1999 783 2026 τὸν
800 1999 870 2034 ἱερὸν
887 1998 966 2024 Ἀπό-

181 2048 285 2079 στολον,
307 2057 315 2073 ι
329 2047 358 2079 ὃς
381 2046 519 2073 δικαιώσει
541 2045 691 2081 περιτομὴν
710 2046 742 2072 ὲκ
762 2045 886 2076 πίστεως.
904 2054 912 2069 ι
930 2045 966 2071 Τὸ

179 2095 218 2125 δὲ,
241 2094 319 2120 σὍτι
334 2093 441 2128 ἔρχεται
454 2094 543 2128 κρῖναι
558 2092 606 2127 τὴν
623 2091 685 2126 γῆν,
704 2101 712 2117 ι
728 2092 825 2126 γένοιτ’
837 2091 869 2118 ἂν
881 2090 966 2126 δηλω-

177 2141 256 2167 τικὸν
269 2140 318 2166 καὶ
332 2138 379 2175 τῆς
394 2138 521 2174 δευτέρας
532 2137 613 2164 αὑτοῦ
631 2137 789 2172 παρουσίας.

449 2284 646 2312 ΚΕΦΑΛΑῘΟΝ
665 2285 701 2310 Ζ’.

185 2342 253 2369 Ἇπὸ
270 2342 391 2377 ψαλμοῦ
403 2345 456 2376 ρς¹.
475 2357 511 2362 —-
533 2342 627 2375 Λόγος
644 2340 717 2377 Θεοῦ
733 2341 774 2377 είς
791 2339 964 2377 ἀνθρώπους

215 2375 478 2412 ἀποστελλόμενος
489 2376 538 2402 ἐπὶ
552 2376 691 2412 θεραπείᾳ
707 2376 754 2401 καὶ
767 2375 896 2412 σωτηρΙᾳ
909 2376 964 2408 ψυ-

217 2412 288 2446 χῶν,
303 2413 362 2439 τῶν
377 2409 470 2439 ,πάλαι
480 2412 515 2438 ἐν
529 2411 645 2443 κακίαις
659 2409 895 2444 τετρυχωμένων.

219 2478 228 2493 ι
241 2467 547 2503 Ἐξομολογησάσθωσαν
568 2466 606 2502 τῷ
628 2467 722 2502 Κυρίῳ
746 2466 780 2492 τὰ
792 2465 852 2501 ὲλέη
869 2465 961 2497 αὐτοῦ,

177 2514 225 2540 καὶ
238 2514 271 2540 τὰ
285 2513 425 2548 θαυμάσια
435 2510 517 2539 αὑτοῦ
528 2513 583 2544 τοῖς
598 2513 664 2542 υἱοῖς
675 2511 728 2538 τῶν
744 2510 894 2546 ἀνθρώπων
904 2519 911 2526 ·
924 2511 964 2537 ὅτι

178 2560 324 2595 συνέτριψε
339 2559 426 2590 πύλας
440 2558 552 2594 χαλκᾶς,
568 2558 614 2584 καὶ
634 2557 746 2592 μοχλοὺς
764 2556 888 2590 σιδηροῦς
904 2564 965 2582 συν-

177 2607 300 2634 ἐθλασεν.
311 2605 482 2632 Ἀντελὰὃετο
502 2604 590 2631 αὐτῶν
610 2603 639 2635 ἐξ
654 2602 713 2629 ὀδοῦ
731 2602 843 2637 ἀνομίας
856 2601 944 2628 αὐτῶν
954 2610 962 2616 θ

176 2653 220 2679 διὰ
247 2652 301 2688 γὰρ
326 2651 376 2683 τὰς
400 2651 513 2686 ἀνομίας
539 2650 627 2676 αὐτῶν
651 2647 884 2682 ἐταπεινώθησαν·
910 2648 962 2673 πᾶν

178 2699 277 2735 βρῶμα
293 2697 451 2729 ἐδδελύξατο
471 2698 488 2732 ἠ
510 2697 582 2731 ψυχὴ
605 2695 703 2726 αὐτῶν,
717 2694 762 2721 καὶ
781 2694 896 2729 ἤγγισαν
910 2693 963 2724 ἕως

175 2743 232 2769 τῶν
249 2743 342 2769 πυλῶν
357 2742 404 2768 τοῦ
419 2741 544 2772 θανάτου,
563 2740 608 2766 καὶ
621 2738 771 2774 ἐκέκραξαν
785 2738 852 2773 πρὸς
862 2738 963 2773 Κύριον

176 2790 206 2816 ἐν
222 2789 260 2824 τῷ
275 2788 414 2815 θλίϐεσθαι
431 2787 538 2818 αὐτοὺς,
555 2786 602 2812 καὶ
617 2787 648 2812 ἐκ
662 2786 715 2811 τῶν
730 2784 855 2818 ἀναγκῶν
874 2783 963 2810 αὐτῶν

176 2836 276 2862 {summa
284 2834 392 2866 αὐτούς.
403 2832 556 2860 Ἀπέστειλε
569 2831 614 2858 τὸν
621 2831 699 2865 λόγον
707 2829 799 2862 αὑτοῦ,
809 2830 856 2857 καὶ
869 2829 962 2856 ἰάσατο

1019 1632 1159 1667 accepisse
1176 1633 1376 1657 monstrantur.
1403 1627 1463 1655 Non
1486 1627 1562 1662 prius
1594 1626 1677 1658 enirn,
1696 1625 1743 1652 sed
1769 1633 1803 1652 ex

1019 1679 1064 1706 illo
1089 1677 1231 1708 duntaxat,
1259 1682 1358 1702 novum
1383 1673 1450 1700 Novi
1475 1671 1641 1699 Testamenti
1667 1671 1802 1698 canticum

1019 1722 1090 1757 apud
1104 1728 1199 1748 omnes
1213 1720 1338 1746 homines
1352 1718 1469 1749 canitur,
1483 1720 1510 1743 et
1525 1717 1661 1743 mirabilia
1681 1715 1740 1750 ejus
1755 1723 1804 1750 per

1018 1769 1180 1802 scripturam
1196 1765 1402 1800 Evangeliorum
1418 1762 1498 1798 264
1509 1765 1573 1788 nota
1589 1761 1667 1792 fiunt,
1680 1765 1706 1787 et
1717 1768 1801 1787 exau-

1017 1815 1130 1843 diuntur
1149 1813 1183 1840 ab
1199 1811 1337 1839 omnibus.
1353 1809 1508 1842 Quinetiam
1526 1808 1654 1840 salutare,
1672 1806 1743 1841 quod
1759 1813 1803 1832 se-

1017 1861 1136 1889 cundum
1152 1859 1269 1886 reditum
1282 1857 1354 1884 illius
1366 1857 1392 1882 in
1408 1856 1489 1882 vitam
1503 1853 1661 1888 percipitur,
1674 1852 1801 1879 omnibus

1018 1906 1183 1941 patefactum
1204 1907 1246 1931 est
1265 1901 1401 1937 gentibus,
1419 1905 1444 1927 et
1463 1907 1525 1926 cum
1545 1906 1578 1925 eo
1595 1905 1658 1925 vera
1683 1897 1799 1932 iustitia,

1017 1960 1064 1986 per
1080 1958 1160 1986 quam
1177 1949 1317 1976 evidenter
1328 1951 1467 1974 ostensum
1479 1950 1530 1977 est,
1540 1944 1611 1979 quod
1623 1951 1676 1971 non
1694 1942 1802 1970 Iudaeo-

1017 2005 1076 2024 rum
1091 1997 1178 2023 solum
1195 1995 1230 2021 sit
1248 1994 1328 2025 Deus,
1347 1992 1392 2020 sed
1409 1991 1523 2017 aliarum
1538 1996 1644 2025 quoque
1661 1989 1799 2024 gentium:

1019 2051 1028 2068 t
1047 2039 1283 2075 Quandoquidem,
1301 2045 1372 2064 unus
1397 2036 1478 2067 Deus,
1499 2045 1508 2060 ι
1534 2039 1644 2062 sanctus
1672 2034 1709 2060 ait
1728 2033 1801 2067 Apo-

1017 2088 1113 2119 stolus,
1141 2095 1150 2111 ι
1168 2085 1215 2120 qni
1240 2083 1400 2119 justiﬁcabit
1421 2081 1658 2109 circumcisionem
1680 2088 1713 2107 ex
1736 2079 1798 2111 ﬁde,

1015 2137 1042 2161 et
1053 2132 1213 2168 prmputium
1222 2138 1269 2165 per
1276 2130 1355 2156 [idem
1364 2128 1412 2155 ³¹.›
1423 2127 1490 2154 Illud
1500 2131 1588 2154 autem
1598 2135 1604 2152 :
1615 2135 1624 2151 ‹
1638 2125 1714 2165 Quod
1727 2125 1801 2152 venit

1013 2179 1137 2214 judicare
1164 2181 1275 2207 terram,
1292 2185 1301 2201 1
1321 2175 1402 2202 etiam
1428 2174 1542 2201 alterum
1561 2173 1634 2200 illius
1654 2171 1799 2200 adventum

1016 2224 1170 2260 signiﬁcare
1180 2222 1288 2257 poterit.

1311 2276 1424 2305 CAPUT
1446 2276 1501 2304 Vll.

1016 2337 1037 2363 A
1049 2336 1152 2370 psalmo
1173 2343 1227 2362 cvr.
1240 2351 1274 2355 —
1303 2334 1414 2362 Verbum
1433 2334 1480 2360 Dei
1503 2334 1537 2360 ad
1555 2333 1671 2360 homines
1691 2333 1800 2370 missum

1051 2366 1084 2398 ad
1101 2371 1229 2397 medelam
1245 2375 1268 2397 et
1286 2370 1398 2397 salutem
1413 2370 1571 2399 animarum,
1589 2376 1647 2402 qua:
1667 2366 1800 2402 quondam

1051 2412 1150 2433 cerata:
1163 2413 1341 2440 oppressa'que
1353 2409 1428 2431 erant
1440 2405 1467 2430 in
1481 2403 1569 2430 malis.

1054 2473 1063 2488 ‹
1074 2463 1260 2491 Conﬁteantur
1272 2461 1386 2489 Domino
1397 2451 1590 2488 misericordiae
1601 2459 1671 2493 ejus.
1681 2462 1707 2486 et
1716 2459 1800 2485 mira-

1017 2509 1081 2535 bilia
1105 2509 1164 2543 ejus
1188 2508 1250 2535 ﬁliis
1277 2507 1441 2534 hominum:
1465 2506 1527 2540 quia
1552 2504 1680 2532 contrivit
1706 2509 1800 2539 portas

1015 2562 1110 2586 aereas,
1128 2558 1155 2581 et
1171 2557 1262 2581 vectes
1278 2553 1381 2580 ferreos
1396 2551 1540 2585 confregit.
1563 2549 1688 2584 Suscepit
1701 2557 1749 2577 eos
1766 2549 1800 2576 de

1015 2601 1057 2626 via
1073 2600 1224 2635 iniquitatis
1238 2607 1343 2630 eorum,
1362 2606 1424 2625 nam
1438 2602 1546 2632 propter
1561 2596 1710 2630 injustitias
1736 2603 1800 2623 suas

1015 2644 1149 2671 humiliati
1161 2649 1223 2672 sunt
1238 2654 1244 2671 :
1258 2651 1367 2671 omnem
1377 2650 1466 2671 escam
1484 2643 1635 2669 abominata
1649 2645 1691 2668 est
1709 2637 1798 2668 anima

1015 2699 1120 2723 eorum,
1132 2695 1159 2718 et
1176 2691 1461 2726 appropinquaverunt
1473 2697 1559 2723 usque
1574 2688 1606 2715 ad
1620 2692 1713 2723 portas
1725 2695 1799 2714 mor-

1015 2738 1061 2770 tis,
1082 2742 1110 2764 et
1134 2737 1320 2764 clamaverunt
1335 2737 1369 2763 ad
1391 2735 1533 2762 Dominum
1550 2742 1612 2761 cum
1634 2733 1800 2760 tribularen-

1015 2787 1070 2815 tur,
1080 2787 1107 2811 et
1120 2782 1154 2810 de
1165 2782 1376 2810 necessitatibus
1389 2789 1483 2809 eorum
1499 2781 1623 2808 liberavit
1636 2787 1683 2808 eos
1701 2789 1707 2807 :
1725 2780 1800 2806 misi-

1015 2830 1127 2858 verbum
1143 2837 1222 2857 suum
1236 2832 1262 2856 et
1278 2828 1385 2856 sanavit
1407 2835 1465 2860 eos,
1479 2831 1506 2854 et
1524 2827 1625 2862 eripuit
1640 2834 1688 2854 eos
1706 2826 1738 2854 de
1754 2826 1798 2852 in-

211 2914 231 2929 ¹⁷
255 2913 327 2940 Psal.
347 2920 408 2945 xcv,
428 2911 468 2943 l2,
488 2912 528 2938 15.
567 2911 589 2926 ’⁵³
606 2909 677 2936 Psznl.
697 2917 780 2940 xcvn,
799 2908 862 2941 1,2.
901 2908 923 2924 ¹⁹
938 2907 965 2935 ib

1023 2907 1050 2935 5.
1090 2908 1112 2924 ³⁸
1128 2907 1193 2935 ibid.
1214 2907 1241 2939 8,
1258 2907 1284 2934 9.
1324 2907 1344 2923 ³·
1365 2907 1443 2934 Rom.
1460 2914 1502 2938 In,
1519 2906 1564 2934 30.
