  <div class='ocr_page' id='page_1' title='image "/cluster/home/n/w/nwhite01/storage/ocr_20150623/22/njp.32101077772497/251.png"; bbox 0 0 2084 3216; ppageno 0'>
   <div class='ocr_carea' id='block_1_1' title="bbox 267 147 1090 182">
    <p class='ocr_par' dir='ltr' id='par_1_1' title="bbox 267 148 1090 182">
     <span class='ocr_line' id='line_1_1' title="bbox 267 148 1090 182; baseline -0.009 0"><span class='ocrx_word' id='word_1_1' title='bbox 267 156 319 182; x_wconf 73' lang='lat'><strong>423</strong></span> <span class='ocrx_word' id='word_1_2' title='bbox 583 151 718 180; x_wconf 83' lang='lat' dir='ltr'><strong>EUSEBII</strong></span> <span class='ocrx_word' id='word_1_3' title='bbox 733 149 972 178; x_wconf 64' lang='lat' dir='ltr'><strong>CESARIENSIS</strong></span> <span class='ocrx_word' id='word_1_4' title='bbox 991 148 1067 177; x_wconf 84' lang='lat' dir='ltr'><strong>OPP.</strong></span> <span class='ocrx_word' id='word_1_5' title='bbox 1089 149 1090 174; x_wconf 72' lang='grc' dir='ltr'><strong>ἶ</strong></span> 
     </span>
    </p>
   </div>
   <div class='ocr_carea' id='block_1_2' title="bbox 1075 147 1898 182">
    <p class='ocr_par' dir='ltr' id='par_1_2' title="bbox 1089 147 1898 177">
     <span class='ocr_line' id='line_1_2' title="bbox 1089 147 1898 177; baseline 0.002 -3"><span class='ocrx_word' id='word_1_6' title='bbox 1089 148 1178 175; x_wconf 71' lang='lat' dir='ltr'>PARS</span> <span class='ocrx_word' id='word_1_7' title='bbox 1198 147 1229 174; x_wconf 86' lang='lat' dir='ltr'><strong>ll.</strong></span> <span class='ocrx_word' id='word_1_8' title='bbox 1249 162 1284 171; x_wconf 63' lang='grc' dir='ltr'><strong>ς-</strong></span> <span class='ocrx_word' id='word_1_9' title='bbox 1298 147 1548 176; x_wconf 61' lang='grc' dir='ltr'>Αυοιοοετιεε.</span> <span class='ocrx_word' id='word_1_10' title='bbox 1846 150 1898 177; x_wconf 60' lang='grc' dir='ltr'><strong>ιὲι</strong></span> 
     </span>
    </p>
   </div>
   <div class='ocr_carea' id='block_1_3' title="bbox 266 206 1089 246">
    <p class='ocr_par' dir='ltr' id='par_1_3' title="bbox 266 208 1088 246">
     <span class='ocr_line' id='line_1_3' title="bbox 266 208 1088 246; baseline -0.007 -5"><span class='ocrx_word' id='word_1_11' title='bbox 266 214 442 242; x_wconf 81' lang='lat' dir='ltr'><strong>teritionihns</strong></span> <span class='ocrx_word' id='word_1_12' title='bbox 469 218 562 240; x_wconf 80' lang='lat' dir='ltr'><strong>eorum</strong></span> <span class='ocrx_word' id='word_1_13' title='bbox 572 211 604 238; x_wconf 81' lang='grc'><strong>³’.</strong></span> <span class='ocrx_word' id='word_1_14' title='bbox 624 221 633 237; x_wconf 76' lang='grc' dir='ltr'><strong>ι</strong></span> <span class='ocrx_word' id='word_1_15' title='bbox 655 210 687 238; x_wconf 84' lang='lat' dir='ltr'><strong>Et</strong></span> <span class='ocrx_word' id='word_1_16' title='bbox 713 214 775 246; x_wconf 83' lang='lat' dir='ltr'><strong>post</strong></span> <span class='ocrx_word' id='word_1_17' title='bbox 799 210 874 236; x_wconf 80' lang='lat' dir='ltr'><strong>alia:</strong></span> <span class='ocrx_word' id='word_1_18' title='bbox 893 219 903 235; x_wconf 77' lang='grc' dir='ltr'><strong>ι</strong></span> <span class='ocrx_word' id='word_1_19' title='bbox 929 208 1054 236; x_wconf 78' lang='lat' dir='ltr'><strong>Exaltent</strong></span> <span class='ocrx_word' id='word_1_20' title='bbox 1068 209 1088 236; x_wconf 85' lang='lat' dir='ltr'><strong>A</strong></span> 
     </span>
    </p>
   </div>
   <div class='ocr_carea' id='block_1_4' title="bbox 1074 206 1897 246">
    <p class='ocr_par' dir='ltr' id='par_1_4' title="bbox 1074 206 1897 242">
     <span class='ocr_line' id='line_1_4' title="bbox 1074 206 1897 242; baseline 0.001 -10"><span class='ocrx_word' id='word_1_21' title='bbox 1074 209 1088 236; x_wconf 61' lang='grc' dir='ltr'><strong>Α</strong></span> <span class='ocrx_word' id='word_1_22' title='bbox 1103 207 1211 238; x_wconf 74' lang='grc' dir='ltr'>αὐτοὺς,</span> <span class='ocrx_word' id='word_1_23' title='bbox 1235 207 1282 233; x_wconf 78' lang='grc' dir='ltr'>καὶ</span> <span class='ocrx_word' id='word_1_24' title='bbox 1303 206 1437 242; x_wconf 70' lang='grc' dir='ltr'>ἐρρύσατο</span> <span class='ocrx_word' id='word_1_25' title='bbox 1452 207 1550 238; x_wconf 72' lang='grc' dir='ltr'>αὐτοὺς</span> <span class='ocrx_word' id='word_1_26' title='bbox 1566 206 1597 234; x_wconf 81' lang='grc' dir='ltr'>ἐκ</span> <span class='ocrx_word' id='word_1_27' title='bbox 1614 206 1667 232; x_wconf 79' lang='grc' dir='ltr'><strong>τῶν</strong></span> <span class='ocrx_word' id='word_1_28' title='bbox 1677 206 1830 242; x_wconf 67' lang='grc' dir='ltr'>διαφθορῶν</span> <span class='ocrx_word' id='word_1_29' title='bbox 1847 209 1897 233; x_wconf 65' lang='grc' dir='ltr'><strong>αὗ-</strong></span> 
     </span>
    </p>
   </div>
   <div class='ocr_carea' id='block_1_5' title="bbox 267 250 1090 296">
    <p class='ocr_par' dir='ltr' id='par_1_5' title="bbox 267 254 1055 296">
     <span class='ocr_line' id='line_1_5' title="bbox 267 254 1055 296; baseline -0.009 -9"><span class='ocrx_word' id='word_1_30' title='bbox 267 268 330 288; x_wconf 88' lang='lat' dir='ltr'><strong>eum</strong></span> <span class='ocrx_word' id='word_1_31' title='bbox 346 270 352 287; x_wconf 90' lang='lat'><strong>:</strong></span> <span class='ocrx_word' id='word_1_32' title='bbox 365 259 404 296; x_wconf 82' lang='lat' dir='ltr'><strong>[in</strong></span> <span class='ocrx_word' id='word_1_33' title='bbox 417 259 538 287; x_wconf 80' lang='lat' dir='ltr'><strong>Ecclesia</strong></span> <span class='ocrx_word' id='word_1_34' title='bbox 553 257 654 293; x_wconf 87' lang='lat' dir='ltr'><strong>populi,</strong></span> <span class='ocrx_word' id='word_1_35' title='bbox 673 260 700 283; x_wconf 90' lang='lat' dir='ltr'><strong>et</strong></span> <span class='ocrx_word' id='word_1_36' title='bbox 722 257 750 283; x_wconf 90' lang='lat' dir='ltr'><strong>in</strong></span> <span class='ocrx_word' id='word_1_37' title='bbox 765 254 903 282; x_wconf 86' lang='lat' dir='ltr'><strong>cathedris</strong></span> <span class='ocrx_word' id='word_1_38' title='bbox 916 254 1055 282; x_wconf 88' lang='lat' dir='ltr'><strong>seniorum</strong></span> 
     </span>
    </p>
   </div>
   <div class='ocr_carea' id='block_1_6' title="bbox 1076 250 1899 296">
    <p class='ocr_par' dir='ltr' id='par_1_6' title="bbox 1106 250 1899 286">
     <span class='ocr_line' id='line_1_6' title="bbox 1106 250 1899 286; baseline 0 -9"><span class='ocrx_word' id='word_1_39' title='bbox 1106 250 1171 278; x_wconf 80' lang='grc' dir='ltr'>τῶν.</span> <span class='ocrx_word' id='word_1_40' title='bbox 1188 261 1196 276; x_wconf 79' lang='grc' dir='ltr'><strong>ι</strong></span> <span class='ocrx_word' id='word_1_41' title='bbox 1216 251 1271 277; x_wconf 81' lang='grc' dir='ltr'><strong>Καὶ</strong></span> <span class='ocrx_word' id='word_1_42' title='bbox 1284 251 1342 286; x_wconf 77' lang='grc' dir='ltr'>μεθ’</span> <span class='ocrx_word' id='word_1_43' title='bbox 1359 251 1440 286; x_wconf 75' lang='grc' dir='ltr'>ἕτερα</span> <span class='ocrx_word' id='word_1_44' title='bbox 1449 260 1455 266; x_wconf 85' lang='grc'><strong>-</strong></span> <span class='ocrx_word' id='word_1_45' title='bbox 1475 260 1484 276; x_wconf 78' lang='grc' dir='ltr'><strong>ι</strong></span> <span class='ocrx_word' id='word_1_46' title='bbox 1495 251 1698 286; x_wconf 68' lang='grc' dir='ltr'>Ὑψοισὰτωσαν</span> <span class='ocrx_word' id='word_1_47' title='bbox 1710 252 1790 278; x_wconf 79' lang='grc' dir='ltr'>αὐτόν</span> <span class='ocrx_word' id='word_1_48' title='bbox 1801 260 1808 266; x_wconf 92' lang='grc'>·</span> <span class='ocrx_word' id='word_1_49' title='bbox 1822 251 1899 278; x_wconf 81' lang='grc' dir='ltr'>ἑθετο</span> 
     </span>
    </p>
   </div>
   <div class='ocr_carea' id='block_1_7' title="bbox 269 297 1092 338">
    <p class='ocr_par' dir='ltr' id='par_1_7' title="bbox 269 299 1055 338">
     <span class='ocr_line' id='line_1_7' title="bbox 269 299 1055 338; baseline -0.005 -6"><span class='ocrx_word' id='word_1_50' title='bbox 269 306 378 332; x_wconf 86' lang='lat' dir='ltr'><strong>laudent</strong></span> <span class='ocrx_word' id='word_1_51' title='bbox 395 304 577 338; x_wconf 78' lang='lat' dir='ltr'><strong>eunt.lpusun</strong></span> <span class='ocrx_word' id='word_1_52' title='bbox 587 301 698 329; x_wconf 85' lang='lat' dir='ltr'><strong>numina</strong></span> <span class='ocrx_word' id='word_1_53' title='bbox 715 302 741 328; x_wconf 90' lang='lat' dir='ltr'><strong>in</strong></span> <span class='ocrx_word' id='word_1_54' title='bbox 757 301 908 332; x_wconf 87' lang='lat' dir='ltr'><strong>desertum,</strong></span> <span class='ocrx_word' id='word_1_55' title='bbox 924 304 952 327; x_wconf 88' lang='lat' dir='ltr'><strong>et</strong></span> <span class='ocrx_word' id='word_1_56' title='bbox 965 299 1055 328; x_wconf 80' lang='lat' dir='ltr'><strong>exitus</strong></span> 
     </span>
    </p>
   </div>
   <div class='ocr_carea' id='block_1_8' title="bbox 1073 297 1896 338">
    <p class='ocr_par' dir='ltr' id='par_1_8' title="bbox 1106 297 1896 333">
     <span class='ocr_line' id='line_1_8' title="bbox 1106 297 1896 333; baseline 0.001 -10"><span class='ocrx_word' id='word_1_57' title='bbox 1106 298 1245 332; x_wconf 74' lang='grc' dir='ltr'>ποταμοὺς</span> <span class='ocrx_word' id='word_1_58' title='bbox 1257 299 1297 329; x_wconf 83' lang='grc' dir='ltr'><strong>είς</strong></span> <span class='ocrx_word' id='word_1_59' title='bbox 1312 297 1424 333; x_wconf 79' lang='grc' dir='ltr'>ἔρημον,</span> <span class='ocrx_word' id='word_1_60' title='bbox 1440 298 1485 324; x_wconf 75' lang='grc' dir='ltr'>καὶ</span> <span class='ocrx_word' id='word_1_61' title='bbox 1498 298 1630 329; x_wconf 76' lang='grc' dir='ltr'><strong>διεξόδους</strong></span> <span class='ocrx_word' id='word_1_62' title='bbox 1645 297 1748 324; x_wconf 80' lang='grc' dir='ltr'><strong>ὑδάτων</strong></span> <span class='ocrx_word' id='word_1_63' title='bbox 1759 299 1798 329; x_wconf 82' lang='grc' dir='ltr'><strong>εἰς</strong></span> <span class='ocrx_word' id='word_1_64' title='bbox 1809 298 1896 332; x_wconf 59' lang='grc' dir='ltr'>δίψος,</span> 
     </span>
    </p>
   </div>
   <div class='ocr_carea' id='block_1_9' title="bbox 268 343 1091 385">
    <p class='ocr_par' dir='ltr' id='par_1_9' title="bbox 268 345 1055 385">
     <span class='ocr_line' id='line_1_9' title="bbox 268 345 1055 385; baseline -0.008 -8"><span class='ocrx_word' id='word_1_65' title='bbox 268 357 400 385; x_wconf 86' lang='lat' dir='ltr'><strong>aquarum</strong></span> <span class='ocrx_word' id='word_1_66' title='bbox 427 349 454 375; x_wconf 93' lang='lat' dir='ltr'><strong>in</strong></span> <span class='ocrx_word' id='word_1_67' title='bbox 476 350 559 378; x_wconf 83' lang='lat' dir='ltr'><strong>sitim,</strong></span> <span class='ocrx_word' id='word_1_68' title='bbox 581 352 681 374; x_wconf 88' lang='lat' dir='ltr'><strong>terram</strong></span> <span class='ocrx_word' id='word_1_69' title='bbox 700 345 869 372; x_wconf 81' lang='lat' dir='ltr'><strong>fruetil‘eram</strong></span> <span class='ocrx_word' id='word_1_70' title='bbox 893 345 920 372; x_wconf 91' lang='lat' dir='ltr'><strong>in</strong></span> <span class='ocrx_word' id='word_1_71' title='bbox 935 345 1055 380; x_wconf 77' lang='lat' dir='ltr'><strong>salsugi-</strong></span> 
     </span>
    </p>
   </div>
   <div class='ocr_carea' id='block_1_10' title="bbox 1074 343 1897 385">
    <p class='ocr_par' dir='ltr' id='par_1_10' title="bbox 1105 343 1897 379">
     <span class='ocr_line' id='line_1_10' title="bbox 1105 343 1897 379; baseline 0 -9"><span class='ocrx_word' id='word_1_72' title='bbox 1105 344 1158 378; x_wconf 81' lang='grc' dir='ltr'>γῆν</span> <span class='ocrx_word' id='word_1_73' title='bbox 1182 344 1356 379; x_wconf 77' lang='grc' dir='ltr'><strong>καρποφόρον</strong></span> <span class='ocrx_word' id='word_1_74' title='bbox 1378 345 1417 375; x_wconf 82' lang='grc' dir='ltr'><strong>εἰς</strong></span> <span class='ocrx_word' id='word_1_75' title='bbox 1441 343 1529 379; x_wconf 80' lang='grc' dir='ltr'>ἆλμην</span> <span class='ocrx_word' id='word_1_76' title='bbox 1551 344 1604 370; x_wconf 79' lang='grc' dir='ltr'><strong>ἀπὸ</strong></span> <span class='ocrx_word' id='word_1_77' title='bbox 1621 344 1721 375; x_wconf 80' lang='grc' dir='ltr'>κακίας</span> <span class='ocrx_word' id='word_1_78' title='bbox 1734 344 1788 370; x_wconf 83' lang='grc' dir='ltr'>τῶν</span> <span class='ocrx_word' id='word_1_79' title='bbox 1803 353 1897 370; x_wconf 81' lang='grc' dir='ltr'>κατοι-</span> 
     </span>
    </p>
   </div>
   <div class='ocr_carea' id='block_1_11' title="bbox 268 389 1091 428">
    <p class='ocr_par' dir='ltr' id='par_1_11' title="bbox 268 391 1055 428">
     <span class='ocr_line' id='line_1_11' title="bbox 268 391 1055 428; baseline -0.008 -5"><span class='ocrx_word' id='word_1_80' title='bbox 268 405 341 428; x_wconf 90' lang='lat' dir='ltr'><strong>nem,</strong></span> <span class='ocrx_word' id='word_1_81' title='bbox 360 404 374 422; x_wconf 87' lang='lat' dir='ltr'><strong>a</strong></span> <span class='ocrx_word' id='word_1_82' title='bbox 392 396 493 422; x_wconf 79' lang='lat' dir='ltr'><strong>malitia</strong></span> <span class='ocrx_word' id='word_1_83' title='bbox 510 394 718 421; x_wconf 90' lang='lat' dir='ltr'><strong>inhabitantium</strong></span> <span class='ocrx_word' id='word_1_84' title='bbox 735 394 761 420; x_wconf 91' lang='lat' dir='ltr'><strong>in</strong></span> <span class='ocrx_word' id='word_1_85' title='bbox 779 400 809 420; x_wconf 86' lang='lat' dir='ltr'><strong>ea</strong></span> <span class='ocrx_word' id='word_1_86' title='bbox 827 402 833 419; x_wconf 87' lang='lat'><strong>:</strong></span> <span class='ocrx_word' id='word_1_87' title='bbox 852 392 944 427; x_wconf 85' lang='lat' dir='ltr'><strong>posuit</strong></span> <span class='ocrx_word' id='word_1_88' title='bbox 961 391 1055 418; x_wconf 88' lang='lat' dir='ltr'><strong>deser-</strong></span> 
     </span>
    </p>
   </div>
   <div class='ocr_carea' id='block_1_12' title="bbox 1074 389 1897 428">
    <p class='ocr_par' dir='ltr' id='par_1_12' title="bbox 1106 389 1897 425">
     <span class='ocr_line' id='line_1_12' title="bbox 1106 389 1897 425; baseline 0.003 -10"><span class='ocrx_word' id='word_1_89' title='bbox 1106 389 1224 416; x_wconf 88' lang='grc' dir='ltr'>κούντων</span> <span class='ocrx_word' id='word_1_90' title='bbox 1247 390 1275 415; x_wconf 83' lang='grc' dir='ltr'>ἐν</span> <span class='ocrx_word' id='word_1_91' title='bbox 1296 389 1476 425; x_wconf 81' lang='grc' dir='ltr'>αὺτῇ.”Εθετο</span> <span class='ocrx_word' id='word_1_92' title='bbox 1491 390 1540 425; x_wconf 83' lang='grc' dir='ltr'>τὴν</span> <span class='ocrx_word' id='word_1_93' title='bbox 1553 389 1655 425; x_wconf 72' lang='grc' dir='ltr'>ἔρημον</span> <span class='ocrx_word' id='word_1_94' title='bbox 1667 390 1707 421; x_wconf 80' lang='grc' dir='ltr'><strong>είς</strong></span> <span class='ocrx_word' id='word_1_95' title='bbox 1718 390 1816 425; x_wconf 74' lang='grc' dir='ltr'>λίμνας</span> <span class='ocrx_word' id='word_1_96' title='bbox 1831 391 1897 417; x_wconf 67' lang='grc' dir='ltr'><strong>ὑδά-</strong></span> 
     </span>
    </p>
   </div>
   <div class='ocr_carea' id='block_1_13' title="bbox 266 435 1089 475">
    <p class='ocr_par' dir='ltr' id='par_1_13' title="bbox 266 437 1054 475">
     <span class='ocr_line' id='line_1_13' title="bbox 266 437 1054 475; baseline -0.008 -7"><span class='ocrx_word' id='word_1_97' title='bbox 266 446 322 468; x_wconf 83' lang='grc' dir='ltr'>ιυιιι</span> <span class='ocrx_word' id='word_1_98' title='bbox 354 441 382 468; x_wconf 90' lang='lat' dir='ltr'><strong>in</strong></span> <span class='ocrx_word' id='word_1_99' title='bbox 404 445 500 475; x_wconf 78' lang='lat' dir='ltr'><strong>stagna</strong></span> <span class='ocrx_word' id='word_1_100' title='bbox 517 447 660 474; x_wconf 81' lang='lat' dir='ltr'><strong>aquarum,</strong></span> <span class='ocrx_word' id='word_1_101' title='bbox 680 444 707 466; x_wconf 89' lang='lat' dir='ltr'><strong>ct</strong></span> <span class='ocrx_word' id='word_1_102' title='bbox 730 443 831 465; x_wconf 86' lang='lat' dir='ltr'><strong>terram</strong></span> <span class='ocrx_word' id='word_1_103' title='bbox 854 437 914 465; x_wconf 85' lang='lat' dir='ltr'><strong>sine</strong></span> <span class='ocrx_word' id='word_1_104' title='bbox 935 444 1005 471; x_wconf 84' lang='lat' dir='ltr'><strong>aqua</strong></span> <span class='ocrx_word' id='word_1_105' title='bbox 1027 437 1054 463; x_wconf 93' lang='lat' dir='ltr'><strong>in</strong></span> 
     </span>
    </p>
   </div>
   <div class='ocr_carea' id='block_1_14' title="bbox 1074 435 1897 475">
    <p class='ocr_par' dir='ltr' id='par_1_14' title="bbox 1105 435 1897 471">
     <span class='ocr_line' id='line_1_14' title="bbox 1105 435 1897 471; baseline 0 -9"><span class='ocrx_word' id='word_1_106' title='bbox 1105 444 1168 467; x_wconf 82' lang='grc' dir='ltr'>των,</span> <span class='ocrx_word' id='word_1_107' title='bbox 1182 436 1228 462; x_wconf 72' lang='grc' dir='ltr'>καὶ</span> <span class='ocrx_word' id='word_1_108' title='bbox 1244 436 1295 471; x_wconf 85' lang='grc' dir='ltr'>γῆν</span> <span class='ocrx_word' id='word_1_109' title='bbox 1309 435 1422 471; x_wconf 82' lang='grc' dir='ltr'>ἄνυδρον</span> <span class='ocrx_word' id='word_1_110' title='bbox 1435 437 1473 467; x_wconf 87' lang='grc' dir='ltr'><strong>εἰς</strong></span> <span class='ocrx_word' id='word_1_111' title='bbox 1490 435 1621 468; x_wconf 74' lang='grc' dir='ltr'>διεξόδους</span> <span class='ocrx_word' id='word_1_112' title='bbox 1637 435 1740 462; x_wconf 72' lang='grc' dir='ltr'>ὑδὰτων</span> <span class='ocrx_word' id='word_1_113' title='bbox 1750 444 1756 451; x_wconf 93' lang='grc'><strong>·</strong></span> <span class='ocrx_word' id='word_1_114' title='bbox 1773 437 1820 462; x_wconf 71' lang='grc' dir='ltr'>καὶ</span> <span class='ocrx_word' id='word_1_115' title='bbox 1831 445 1897 463; x_wconf 77' lang='grc' dir='ltr'>κατ-</span> 
     </span>
    </p>
   </div>
   <div class='ocr_carea' id='block_1_15' title="bbox 264 480 1087 521">
    <p class='ocr_par' dir='ltr' id='par_1_15' title="bbox 264 483 1055 521">
     <span class='ocr_line' id='line_1_15' title="bbox 264 483 1055 521; baseline -0.006 -7"><span class='ocrx_word' id='word_1_116' title='bbox 264 488 354 514; x_wconf 80' lang='lat' dir='ltr'><strong>cxitus</strong></span> <span class='ocrx_word' id='word_1_117' title='bbox 383 494 525 521; x_wconf 81' lang='lat' dir='ltr'><strong>aquarum,</strong></span> <span class='ocrx_word' id='word_1_118' title='bbox 549 489 575 512; x_wconf 89' lang='lat' dir='ltr'><strong>et</strong></span> <span class='ocrx_word' id='word_1_119' title='bbox 591 485 736 512; x_wconf 82' lang='lat' dir='ltr'><strong>collocavit</strong></span> <span class='ocrx_word' id='word_1_120' title='bbox 763 485 818 511; x_wconf 91' lang='lat' dir='ltr'><strong>illic</strong></span> <span class='ocrx_word' id='word_1_121' title='bbox 843 483 1006 515; x_wconf 79' lang='lat' dir='ltr'><strong>esurientes,</strong></span> <span class='ocrx_word' id='word_1_122' title='bbox 1027 486 1055 510; x_wconf 83' lang='lat' dir='ltr'><strong>et</strong></span> 
     </span>
    </p>
   </div>
   <div class='ocr_carea' id='block_1_16' title="bbox 1073 480 1896 521">
    <p class='ocr_par' dir='ltr' id='par_1_16' title="bbox 1104 480 1896 516">
     <span class='ocr_line' id='line_1_16' title="bbox 1104 480 1896 516; baseline 0.001 -10"><span class='ocrx_word' id='word_1_123' title='bbox 1104 480 1203 515; x_wconf 84' lang='grc' dir='ltr'>ῴκισεν</span> <span class='ocrx_word' id='word_1_124' title='bbox 1217 482 1275 507; x_wconf 69' lang='grc' dir='ltr'>ἐκεῖ</span> <span class='ocrx_word' id='word_1_125' title='bbox 1288 480 1445 512; x_wconf 79' lang='grc' dir='ltr'>πεινῶντας,</span> <span class='ocrx_word' id='word_1_126' title='bbox 1454 481 1501 507; x_wconf 71' lang='grc' dir='ltr'><strong>καὶ</strong></span> <span class='ocrx_word' id='word_1_127' title='bbox 1515 483 1712 516; x_wconf 73' lang='grc' dir='ltr'><strong>συνεστήσαντο</strong></span> <span class='ocrx_word' id='word_1_128' title='bbox 1725 481 1814 512; x_wconf 81' lang='grc' dir='ltr'>πόλεις</span> <span class='ocrx_word' id='word_1_129' title='bbox 1829 490 1896 507; x_wconf 82' lang='grc' dir='ltr'>κατ-</span> 
     </span>
    </p>
   </div>
   <div class='ocr_carea' id='block_1_17' title="bbox 264 526 1087 562">
    <p class='ocr_par' dir='ltr' id='par_1_17' title="bbox 264 529 1054 560">
     <span class='ocr_line' id='line_1_17' title="bbox 264 529 1054 560; baseline -0.003 -1"><span class='ocrx_word' id='word_1_130' title='bbox 264 533 465 560; x_wconf 83' lang='lat' dir='ltr'><strong>constituerunt</strong></span> <span class='ocrx_word' id='word_1_131' title='bbox 486 531 623 558; x_wconf 80' lang='lat' dir='ltr'><strong>civitatem</strong></span> <span class='ocrx_word' id='word_1_132' title='bbox 641 531 816 558; x_wconf 61' lang='lat' dir='ltr'><strong>habitationis</strong></span> <span class='ocrx_word' id='word_1_133' title='bbox 825 530 857 558; x_wconf 83' lang='grc'><strong>³³.</strong></span> <span class='ocrx_word' id='word_1_134' title='bbox 873 540 881 555; x_wconf 76' lang='grc' dir='ltr'><strong>ι</strong></span> <span class='ocrx_word' id='word_1_135' title='bbox 898 529 981 556; x_wconf 83' lang='lat' dir='ltr'><strong>Plane</strong></span> <span class='ocrx_word' id='word_1_136' title='bbox 997 530 1054 557; x_wconf 74' lang='lat' dir='ltr'><strong>haec</strong></span> 
     </span>
    </p>
   </div>
   <div class='ocr_carea' id='block_1_18' title="bbox 1072 526 1895 562">
    <p class='ocr_par' dir='ltr' id='par_1_18' title="bbox 1105 526 1895 562">
     <span class='ocr_line' id='line_1_18' title="bbox 1105 526 1895 562; baseline -0.003 -8"><span class='ocrx_word' id='word_1_137' title='bbox 1105 527 1236 559; x_wconf 81' lang='grc' dir='ltr'>οικεσίας.</span> <span class='ocrx_word' id='word_1_138' title='bbox 1253 537 1262 553; x_wconf 76' lang='grc' dir='ltr'><strong>ι</strong></span> <span class='ocrx_word' id='word_1_139' title='bbox 1289 528 1343 554; x_wconf 77' lang='grc' dir='ltr'>Καὶ</span> <span class='ocrx_word' id='word_1_140' title='bbox 1363 527 1449 554; x_wconf 75' lang='grc' dir='ltr'>ταῦτα</span> <span class='ocrx_word' id='word_1_141' title='bbox 1488 527 1580 561; x_wconf 65' lang='grc' dir='ltr'>σαφῶς</span> <span class='ocrx_word' id='word_1_142' title='bbox 1603 527 1733 562; x_wconf 75' lang='grc' dir='ltr'>ὀνομαστὶ</span> <span class='ocrx_word' id='word_1_143' title='bbox 1754 526 1804 562; x_wconf 81' lang='grc' dir='ltr'>τὴν</span> <span class='ocrx_word' id='word_1_144' title='bbox 1827 527 1895 553; x_wconf 80' lang='grc' dir='ltr'>Θεοῦ</span> 
     </span>
    </p>
   </div>
   <div class='ocr_carea' id='block_1_19' title="bbox 264 573 1087 613">
    <p class='ocr_par' dir='ltr' id='par_1_19' title="bbox 264 576 1053 613">
     <span class='ocr_line' id='line_1_19' title="bbox 264 576 1053 613; baseline -0.004 -8"><span class='ocrx_word' id='word_1_145' title='bbox 264 586 372 613; x_wconf 85' lang='lat' dir='ltr'><strong>quoque</strong></span> <span class='ocrx_word' id='word_1_146' title='bbox 397 577 557 604; x_wconf 81' lang='lat' dir='ltr'><strong>nominatim</strong></span> <span class='ocrx_word' id='word_1_147' title='bbox 582 577 628 604; x_wconf 84' lang='lat' dir='ltr'><strong>Dei</strong></span> <span class='ocrx_word' id='word_1_148' title='bbox 646 577 728 604; x_wconf 82' lang='lat' dir='ltr'><strong>Verbi</strong></span> <span class='ocrx_word' id='word_1_149' title='bbox 744 577 778 604; x_wconf 88' lang='lat' dir='ltr'><strong>de</strong></span> <span class='ocrx_word' id='word_1_150' title='bbox 799 577 870 603; x_wconf 67' lang='lat' dir='ltr'><strong>c0310</strong></span> <span class='ocrx_word' id='word_1_151' title='bbox 889 576 1053 603; x_wconf 70' lang='lat' dir='ltr'><strong>descensum</strong></span> 
     </span>
    </p>
   </div>
   <div class='ocr_carea' id='block_1_20' title="bbox 1072 573 1895 613">
    <p class='ocr_par' dir='ltr' id='par_1_20' title="bbox 1104 573 1895 609">
     <span class='ocr_line' id='line_1_20' title="bbox 1104 573 1895 609; baseline -0.003 -9"><span class='ocrx_word' id='word_1_152' title='bbox 1104 573 1191 607; x_wconf 88' lang='grc' dir='ltr'>Λόγου</span> <span class='ocrx_word' id='word_1_153' title='bbox 1204 574 1232 606; x_wconf 78' lang='grc' dir='ltr'>ἐξ</span> <span class='ocrx_word' id='word_1_154' title='bbox 1247 573 1370 609; x_wconf 72' lang='grc' dir='ltr'>οὐρανῶν</span> <span class='ocrx_word' id='word_1_155' title='bbox 1391 573 1503 600; x_wconf 77' lang='grc' dir='ltr'>κάθοδον</span> <span class='ocrx_word' id='word_1_156' title='bbox 1521 573 1734 607; x_wconf 72' lang='grc' dir='ltr'><strong>εὐαγγελίζεται,</strong></span> <span class='ocrx_word' id='word_1_157' title='bbox 1749 574 1783 600; x_wconf 85' lang='grc' dir='ltr'>τά</span> <span class='ocrx_word' id='word_1_158' title='bbox 1799 581 1828 599; x_wconf 87' lang='grc' dir='ltr'><strong>τε</strong></span> <span class='ocrx_word' id='word_1_159' title='bbox 1845 574 1895 608; x_wconf 78' lang='grc' dir='ltr'>τῆς</span> 
     </span>
    </p>
   </div>
   <div class='ocr_carea' id='block_1_21' title="bbox 263 618 1086 658">
    <p class='ocr_par' dir='ltr' id='par_1_21' title="bbox 263 623 1053 658">
     <span class='ocr_line' id='line_1_21' title="bbox 263 623 1053 658; baseline -0.001 -8"><span class='ocrx_word' id='word_1_160' title='bbox 263 625 437 654; x_wconf 77' lang='lat' dir='ltr'><strong>:nnntntiant,</strong></span> <span class='ocrx_word' id='word_1_161' title='bbox 463 631 665 658; x_wconf 86' lang='lat' dir='ltr'><strong>prosperosque</strong></span> <span class='ocrx_word' id='word_1_162' title='bbox 691 623 813 657; x_wconf 84' lang='lat' dir='ltr'><strong>ejusdem</strong></span> <span class='ocrx_word' id='word_1_163' title='bbox 836 623 969 650; x_wconf 84' lang='lat' dir='ltr'><strong>adventus</strong></span> <span class='ocrx_word' id='word_1_164' title='bbox 990 629 1053 650; x_wconf 90' lang='lat' dir='ltr'><strong>suc-</strong></span> 
     </span>
    </p>
   </div>
   <div class='ocr_carea' id='block_1_22' title="bbox 1070 618 1893 658">
    <p class='ocr_par' dir='ltr' id='par_1_22' title="bbox 1105 618 1893 655">
     <span class='ocr_line' id='line_1_22' title="bbox 1105 618 1893 655; baseline -0.001 -9"><span class='ocrx_word' id='word_1_165' title='bbox 1105 619 1257 655; x_wconf 79' lang='grc' dir='ltr'>παρουσίας</span> <span class='ocrx_word' id='word_1_166' title='bbox 1282 619 1365 646; x_wconf 79' lang='grc' dir='ltr'>αὑτοῦ</span> <span class='ocrx_word' id='word_1_167' title='bbox 1382 619 1591 655; x_wconf 84' lang='grc' dir='ltr'>κατορθώματα.</span> <span class='ocrx_word' id='word_1_168' title='bbox 1610 629 1619 644; x_wconf 84' lang='grc' dir='ltr'><strong>ι</strong></span> <span class='ocrx_word' id='word_1_169' title='bbox 1642 619 1797 645; x_wconf 72' lang='grc' dir='ltr'><strong>Ἀπέστειλε</strong></span> <span class='ocrx_word' id='word_1_170' title='bbox 1818 618 1893 653; x_wconf 84' lang='grc' dir='ltr'>γοῦν,</span> 
     </span>
    </p>
   </div>
   <div class='ocr_carea' id='block_1_23' title="bbox 262 664 1085 704">
    <p class='ocr_par' dir='ltr' id='par_1_23' title="bbox 262 668 1054 704">
     <span class='ocr_line' id='line_1_23' title="bbox 262 668 1054 704; baseline -0.005 -5"><span class='ocrx_word' id='word_1_171' title='bbox 262 678 357 698; x_wconf 85' lang='lat' dir='ltr'><strong>cessus</strong></span> <span class='ocrx_word' id='word_1_172' title='bbox 376 679 382 697; x_wconf 92' lang='lat'><strong>:</strong></span> <span class='ocrx_word' id='word_1_173' title='bbox 404 679 413 695; x_wconf 83' lang='lat'><strong>(</strong></span> <span class='ocrx_word' id='word_1_174' title='bbox 433 670 516 702; x_wconf 80' lang='lat' dir='ltr'><strong>Misit,</strong></span> <span class='ocrx_word' id='word_1_175' title='bbox 542 670 640 704; x_wconf 80' lang='lat' dir='ltr'><strong>inquit,</strong></span> <span class='ocrx_word' id='word_1_176' title='bbox 657 668 775 696; x_wconf 75' lang='lat' dir='ltr'><strong>Verbum</strong></span> <span class='ocrx_word' id='word_1_177' title='bbox 795 678 885 701; x_wconf 86' lang='lat' dir='ltr'><strong>suum,</strong></span> <span class='ocrx_word' id='word_1_178' title='bbox 898 673 925 695; x_wconf 86' lang='lat' dir='ltr'><strong>et</strong></span> <span class='ocrx_word' id='word_1_179' title='bbox 946 669 1054 696; x_wconf 82' lang='lat' dir='ltr'><strong>sanavit</strong></span> 
     </span>
    </p>
   </div>
   <div class='ocr_carea' id='block_1_24' title="bbox 1071 664 1894 704">
    <p class='ocr_par' dir='ltr' id='par_1_24' title="bbox 1104 664 1894 701">
     <span class='ocr_line' id='line_1_24' title="bbox 1104 664 1894 701; baseline -0.001 -9"><span class='ocrx_word' id='word_1_180' title='bbox 1104 666 1182 701; x_wconf 68' lang='grc' dir='ltr'>φησὶ,</span> <span class='ocrx_word' id='word_1_181' title='bbox 1205 665 1250 692; x_wconf 88' lang='grc' dir='ltr'>τὸν</span> <span class='ocrx_word' id='word_1_182' title='bbox 1264 666 1349 701; x_wconf 83' lang='grc' dir='ltr'>Λόγον</span> <span class='ocrx_word' id='word_1_183' title='bbox 1366 665 1460 697; x_wconf 78' lang='grc' dir='ltr'>αὑτοῦ,</span> <span class='ocrx_word' id='word_1_184' title='bbox 1478 666 1526 692; x_wconf 72' lang='grc' dir='ltr'>καὶ</span> <span class='ocrx_word' id='word_1_185' title='bbox 1553 665 1646 692; x_wconf 72' lang='grc' dir='ltr'>ἰάσατο</span> <span class='ocrx_word' id='word_1_186' title='bbox 1660 664 1767 696; x_wconf 76' lang='grc' dir='ltr'>αὐτούς.</span> <span class='ocrx_word' id='word_1_187' title='bbox 1782 674 1791 690; x_wconf 73' lang='grc' dir='ltr'><strong>ι</strong></span> <span class='ocrx_word' id='word_1_188' title='bbox 1807 665 1894 698; x_wconf 84' lang='grc' dir='ltr'>Λόγον</span> 
     </span>
    </p>
   </div>
   <div class='ocr_carea' id='block_1_25' title="bbox 261 711 1084 750">
    <p class='ocr_par' dir='ltr' id='par_1_25' title="bbox 261 715 1050 750">
     <span class='ocr_line' id='line_1_25' title="bbox 261 715 1050 750; baseline -0.003 -7"><span class='ocrx_word' id='word_1_189' title='bbox 261 724 318 743; x_wconf 88' lang='lat' dir='ltr'><strong>eos.</strong></span> <span class='ocrx_word' id='word_1_190' title='bbox 340 725 350 742; x_wconf 70' lang='grc' dir='ltr'><strong>ι</strong></span> <span class='ocrx_word' id='word_1_191' title='bbox 370 715 488 743; x_wconf 84' lang='lat' dir='ltr'><strong>Verbum</strong></span> <span class='ocrx_word' id='word_1_192' title='bbox 512 720 602 742; x_wconf 86' lang='lat' dir='ltr'><strong>autem</strong></span> <span class='ocrx_word' id='word_1_193' title='bbox 618 715 665 742; x_wconf 86' lang='lat' dir='ltr'><strong>Dei</strong></span> <span class='ocrx_word' id='word_1_194' title='bbox 685 723 734 742; x_wconf 89' lang='lat' dir='ltr'><strong>nos</strong></span> <span class='ocrx_word' id='word_1_195' title='bbox 755 716 834 750; x_wconf 81' lang='lat' dir='ltr'><strong>plane</strong></span> <span class='ocrx_word' id='word_1_196' title='bbox 850 716 902 742; x_wconf 91' lang='lat' dir='ltr'><strong>hoc</strong></span> <span class='ocrx_word' id='word_1_197' title='bbox 921 715 1050 745; x_wconf 82' lang='lat' dir='ltr'><strong>dicimus,</strong></span> 
     </span>
    </p>
   </div>
   <div class='ocr_carea' id='block_1_26' title="bbox 1072 711 1895 750">
    <p class='ocr_par' dir='ltr' id='par_1_26' title="bbox 1103 711 1895 748">
     <span class='ocr_line' id='line_1_26' title="bbox 1103 711 1895 748; baseline -0.003 -9"><span class='ocrx_word' id='word_1_198' title='bbox 1103 713 1131 739; x_wconf 88' lang='grc' dir='ltr'>δὲ</span> <span class='ocrx_word' id='word_1_199' title='bbox 1147 712 1214 739; x_wconf 79' lang='grc' dir='ltr'>Θεοῦ</span> <span class='ocrx_word' id='word_1_200' title='bbox 1227 714 1309 748; x_wconf 82' lang='grc' dir='ltr'>ἡμεῖς</span> <span class='ocrx_word' id='word_1_201' title='bbox 1324 713 1417 747; x_wconf 71' lang='grc' dir='ltr'>σαφῶς</span> <span class='ocrx_word' id='word_1_202' title='bbox 1430 712 1523 738; x_wconf 78' lang='grc' dir='ltr'>τοῦτόν</span> <span class='ocrx_word' id='word_1_203' title='bbox 1538 720 1628 747; x_wconf 81' lang='grc' dir='ltr'>φαμεν</span> <span class='ocrx_word' id='word_1_204' title='bbox 1644 711 1688 738; x_wconf 82' lang='grc' dir='ltr'>τὸν</span> <span class='ocrx_word' id='word_1_205' title='bbox 1704 711 1773 746; x_wconf 78' lang='grc' dir='ltr'>πρὸς</span> <span class='ocrx_word' id='word_1_206' title='bbox 1783 711 1830 737; x_wconf 83' lang='grc' dir='ltr'>τοῦ</span> <span class='ocrx_word' id='word_1_207' title='bbox 1841 711 1895 737; x_wconf 83' lang='grc' dir='ltr'><strong>Πα-</strong></span> 
     </span>
    </p>
   </div>
   <div class='ocr_carea' id='block_1_27' title="bbox 260 757 1083 796">
    <p class='ocr_par' dir='ltr' id='par_1_27' title="bbox 260 761 1051 796">
     <span class='ocr_line' id='line_1_27' title="bbox 260 761 1051 796; baseline 0 -8"><span class='ocrx_word' id='word_1_208' title='bbox 260 761 333 796; x_wconf 92' lang='lat' dir='ltr'><strong>quod</strong></span> <span class='ocrx_word' id='word_1_209' title='bbox 357 761 454 789; x_wconf 86' lang='lat' dir='ltr'><strong>salutis</strong></span> <span class='ocrx_word' id='word_1_210' title='bbox 469 769 551 788; x_wconf 85' lang='lat' dir='ltr'><strong>causa</strong></span> <span class='ocrx_word' id='word_1_211' title='bbox 571 761 603 788; x_wconf 86' lang='lat' dir='ltr'><strong>ad</strong></span> <span class='ocrx_word' id='word_1_212' title='bbox 614 769 708 789; x_wconf 87' lang='lat' dir='ltr'><strong>omnes</strong></span> <span class='ocrx_word' id='word_1_213' title='bbox 725 761 849 789; x_wconf 90' lang='lat' dir='ltr'><strong>homines</strong></span> <span class='ocrx_word' id='word_1_214' title='bbox 861 769 875 788; x_wconf 90' lang='lat' dir='ltr'><strong>a</strong></span> <span class='ocrx_word' id='word_1_215' title='bbox 889 761 970 789; x_wconf 87' lang='lat' dir='ltr'><strong>Patre</strong></span> <span class='ocrx_word' id='word_1_216' title='bbox 984 761 1051 788; x_wconf 87' lang='lat' dir='ltr'><strong>mis-</strong></span> 
     </span>
    </p>
   </div>
   <div class='ocr_carea' id='block_1_28' title="bbox 1070 757 1893 796">
    <p class='ocr_par' dir='ltr' id='par_1_28' title="bbox 1102 757 1893 794">
     <span class='ocr_line' id='line_1_28' title="bbox 1102 757 1893 794; baseline -0.003 -9"><span class='ocrx_word' id='word_1_217' title='bbox 1102 759 1166 794; x_wconf 78' lang='grc' dir='ltr'>τρὸς</span> <span class='ocrx_word' id='word_1_218' title='bbox 1183 759 1369 786; x_wconf 75' lang='grc' dir='ltr'><strong>ἀποσταλέντα</strong></span> <span class='ocrx_word' id='word_1_219' title='bbox 1387 759 1469 785; x_wconf 78' lang='grc' dir='ltr'>πᾶσιν</span> <span class='ocrx_word' id='word_1_220' title='bbox 1484 757 1637 793; x_wconf 80' lang='grc' dir='ltr'>ἀνθρώποις</span> <span class='ocrx_word' id='word_1_221' title='bbox 1653 757 1766 792; x_wconf 79' lang='grc' dir='ltr'>Σωτῆρα</span> <span class='ocrx_word' id='word_1_222' title='bbox 1776 766 1783 773; x_wconf 88' lang='grc'><strong>·</strong></span> <span class='ocrx_word' id='word_1_223' title='bbox 1799 757 1828 784; x_wconf 74' lang='grc' dir='ltr'>ὃν</span> <span class='ocrx_word' id='word_1_224' title='bbox 1846 757 1893 784; x_wconf 77' lang='grc' dir='ltr'>καὶ</span> 
     </span>
    </p>
   </div>
   <div class='ocr_carea' id='block_1_29' title="bbox 260 803 1083 844">
    <p class='ocr_par' dir='ltr' id='par_1_29' title="bbox 260 808 1052 844">
     <span class='ocr_line' id='line_1_29' title="bbox 260 808 1052 844; baseline -0.001 -7"><span class='ocrx_word' id='word_1_225' title='bbox 260 816 321 837; x_wconf 88' lang='lat' dir='ltr'><strong>sum</strong></span> <span class='ocrx_word' id='word_1_226' title='bbox 338 812 380 836; x_wconf 86' lang='lat' dir='ltr'><strong>est</strong></span> <span class='ocrx_word' id='word_1_227' title='bbox 395 817 402 836; x_wconf 87' lang='lat'>:</span> <span class='ocrx_word' id='word_1_228' title='bbox 419 809 545 844; x_wconf 89' lang='lat' dir='ltr'><strong>quodque</strong></span> <span class='ocrx_word' id='word_1_229' title='bbox 565 817 597 835; x_wconf 80' lang='lat' dir='ltr'><strong>ex</strong></span> <span class='ocrx_word' id='word_1_230' title='bbox 620 809 706 836; x_wconf 77' lang='lat' dir='ltr'><strong>sucris</strong></span> <span class='ocrx_word' id='word_1_231' title='bbox 735 808 888 844; x_wconf 80' lang='lat' dir='ltr'><strong>Evangeliis</strong></span> <span class='ocrx_word' id='word_1_232' title='bbox 913 809 1052 836; x_wconf 81' lang='lat' dir='ltr'><strong>celebrare</strong></span> 
     </span>
    </p>
   </div>
   <div class='ocr_carea' id='block_1_30' title="bbox 1068 803 1891 844">
    <p class='ocr_par' dir='ltr' id='par_1_30' title="bbox 1102 803 1891 841">
     <span class='ocr_line' id='line_1_30' title="bbox 1102 803 1891 841; baseline -0.001 -10"><span class='ocrx_word' id='word_1_233' title='bbox 1102 804 1146 832; x_wconf 80' lang='grc' dir='ltr'><strong>διὰ</strong></span> <span class='ocrx_word' id='word_1_234' title='bbox 1161 805 1216 831; x_wconf 82' lang='grc' dir='ltr'>τῶν</span> <span class='ocrx_word' id='word_1_235' title='bbox 1229 805 1308 841; x_wconf 77' lang='grc' dir='ltr'>ἱερῶν</span> <span class='ocrx_word' id='word_1_236' title='bbox 1326 804 1500 839; x_wconf 79' lang='grc' dir='ltr'>Εὑαγγελίων</span> <span class='ocrx_word' id='word_1_237' title='bbox 1524 804 1658 838; x_wconf 80' lang='grc' dir='ltr'>θεολογείν</span> <span class='ocrx_word' id='word_1_238' title='bbox 1675 803 1891 839; x_wconf 79' lang='grc' dir='ltr'>πεπαιδεύμεθα.</span> 
     </span>
    </p>
   </div>
   <div class='ocr_carea' id='block_1_31' title="bbox 260 850 1083 890">
    <p class='ocr_par' dir='ltr' id='par_1_31' title="bbox 260 853 1049 890">
     <span class='ocr_line' id='line_1_31' title="bbox 260 853 1049 890; baseline 0.001 -9"><span class='ocrx_word' id='word_1_239' title='bbox 260 858 290 881; x_wconf 93' lang='lat' dir='ltr'><strong>ut</strong></span> <span class='ocrx_word' id='word_1_240' title='bbox 316 853 411 885; x_wconf 88' lang='lat' dir='ltr'><strong>Deum,</strong></span> <span class='ocrx_word' id='word_1_241' title='bbox 427 854 516 882; x_wconf 83' lang='lat' dir='ltr'><strong>edocti</strong></span> <span class='ocrx_word' id='word_1_242' title='bbox 541 862 648 882; x_wconf 87' lang='lat' dir='ltr'><strong>smnus.</strong></span> <span class='ocrx_word' id='word_1_243' title='bbox 664 853 744 890; x_wconf 79' lang='lat'><strong>265</strong></span> <span class='ocrx_word' id='word_1_244' title='bbox 765 854 905 889; x_wconf 81' lang='lat' dir='ltr'><strong>Signiﬁcat</strong></span> <span class='ocrx_word' id='word_1_245' title='bbox 921 862 1049 889; x_wconf 62' lang='lat' dir='ltr'><strong>praeterea</strong></span> 
     </span>
    </p>
   </div>
   <div class='ocr_carea' id='block_1_32' title="bbox 1068 850 1891 890">
    <p class='ocr_par' dir='ltr' id='par_1_32' title="bbox 1102 850 1891 886">
     <span class='ocr_line' id='line_1_32' title="bbox 1102 850 1891 886; baseline 0.001 -10"><span class='ocrx_word' id='word_1_246' title='bbox 1102 850 1253 877; x_wconf 82' lang='grc' dir='ltr'>Αἰνίττεται</span> <span class='ocrx_word' id='word_1_247' title='bbox 1268 851 1295 876; x_wconf 81' lang='grc' dir='ltr'>δὲ</span> <span class='ocrx_word' id='word_1_248' title='bbox 1318 851 1365 877; x_wconf 78' lang='grc' dir='ltr'><strong>καὶ</strong></span> <span class='ocrx_word' id='word_1_249' title='bbox 1380 851 1428 886; x_wconf 79' lang='grc' dir='ltr'>τὴν</span> <span class='ocrx_word' id='word_1_250' title='bbox 1452 851 1533 886; x_wconf 82' lang='grc' dir='ltr'>μέχρι</span> <span class='ocrx_word' id='word_1_251' title='bbox 1548 850 1662 877; x_wconf 82' lang='grc' dir='ltr'>θανάτου</span> <span class='ocrx_word' id='word_1_252' title='bbox 1681 851 1792 877; x_wconf 80' lang='grc' dir='ltr'>κάθοδον</span> <span class='ocrx_word' id='word_1_253' title='bbox 1808 850 1891 877; x_wconf 75' lang='grc' dir='ltr'>αὐτοῦ</span> 
     </span>
    </p>
   </div>
   <div class='ocr_carea' id='block_1_33' title="bbox 260 894 1083 936">
    <p class='ocr_par' dir='ltr' id='par_1_33' title="bbox 260 900 1083 936">
     <span class='ocr_line' id='line_1_33' title="bbox 260 900 1083 936; baseline 0.002 -9"><span class='ocrx_word' id='word_1_254' title='bbox 260 900 335 928; x_wconf 89' lang='lat' dir='ltr'><strong>illius</strong></span> <span class='ocrx_word' id='word_1_255' title='bbox 359 908 445 935; x_wconf 89' lang='lat' dir='ltr'><strong>usque</strong></span> <span class='ocrx_word' id='word_1_256' title='bbox 462 900 496 926; x_wconf 88' lang='lat' dir='ltr'><strong>ad</strong></span> <span class='ocrx_word' id='word_1_257' title='bbox 521 904 636 928; x_wconf 86' lang='lat' dir='ltr'><strong>mortem</strong></span> <span class='ocrx_word' id='word_1_258' title='bbox 663 901 837 932; x_wconf 82' lang='lat' dir='ltr'><strong>descensum,</strong></span> <span class='ocrx_word' id='word_1_259' title='bbox 859 909 914 935; x_wconf 86' lang='lat' dir='ltr'><strong>quo</strong></span> <span class='ocrx_word' id='word_1_260' title='bbox 941 906 1049 936; x_wconf 85' lang='lat' dir='ltr'><strong>propter</strong></span> <span class='ocrx_word' id='word_1_261' title='bbox 1067 903 1083 930; x_wconf 80' lang='grc' dir='ltr'>Β</span> 
     </span>
    </p>
   </div>
   <div class='ocr_carea' id='block_1_34' title="bbox 1069 894 1892 936">
    <p class='ocr_par' dir='ltr' id='par_1_34' title="bbox 1069 894 1892 931">
     <span class='ocr_line' id='line_1_34' title="bbox 1069 894 1892 931; baseline -0.002 -9"><span class='ocrx_word' id='word_1_262' title='bbox 1069 903 1087 930; x_wconf 78' lang='grc' dir='ltr'><strong>Β</strong></span> <span class='ocrx_word' id='word_1_263' title='bbox 1100 895 1143 922; x_wconf 77' lang='grc' dir='ltr'><strong>διὰ</strong></span> <span class='ocrx_word' id='word_1_264' title='bbox 1164 896 1227 928; x_wconf 71' lang='grc' dir='ltr'>τοὺς</span> <span class='ocrx_word' id='word_1_265' title='bbox 1264 895 1416 930; x_wconf 75' lang='grc' dir='ltr'>ἐφθακότας</span> <span class='ocrx_word' id='word_1_266' title='bbox 1447 897 1486 927; x_wconf 76' lang='grc' dir='ltr'>εἰς</span> <span class='ocrx_word' id='word_1_267' title='bbox 1510 895 1603 921; x_wconf 78' lang='grc' dir='ltr'>τοῦτον</span> <span class='ocrx_word' id='word_1_268' title='bbox 1624 895 1822 931; x_wconf 75' lang='grc' dir='ltr'>γεγενημένην·</span> <span class='ocrx_word' id='word_1_269' title='bbox 1844 894 1892 920; x_wconf 83' lang='grc' dir='ltr'>καὶ</span> 
     </span>
    </p>
   </div>
   <div class='ocr_carea' id='block_1_35' title="bbox 260 940 1083 982">
    <p class='ocr_par' dir='ltr' id='par_1_35' title="bbox 260 947 1048 982">
     <span class='ocr_line' id='line_1_35' title="bbox 260 947 1048 982; baseline 0 -8"><span class='ocrx_word' id='word_1_270' title='bbox 260 954 317 977; x_wconf 79' lang='lat' dir='ltr'><strong>eos.</strong></span> <span class='ocrx_word' id='word_1_271' title='bbox 335 948 381 982; x_wconf 87' lang='lat' dir='ltr'><strong>qui</strong></span> <span class='ocrx_word' id='word_1_272' title='bbox 399 947 431 974; x_wconf 88' lang='lat' dir='ltr'><strong>ad</strong></span> <span class='ocrx_word' id='word_1_273' title='bbox 458 947 527 973; x_wconf 86' lang='lat' dir='ltr'><strong>hanc</strong></span> <span class='ocrx_word' id='word_1_274' title='bbox 543 951 606 974; x_wconf 84' lang='lat' dir='ltr'><strong>ante</strong></span> <span class='ocrx_word' id='word_1_275' title='bbox 629 948 718 982; x_wconf 88' lang='lat' dir='ltr'><strong>ipsmn</strong></span> <span class='ocrx_word' id='word_1_276' title='bbox 738 952 880 978; x_wconf 81' lang='lat' dir='ltr'><strong>venerant,</strong></span> <span class='ocrx_word' id='word_1_277' title='bbox 899 955 966 975; x_wconf 84' lang='lat' dir='ltr'><strong>usus</strong></span> <span class='ocrx_word' id='word_1_278' title='bbox 983 952 1025 975; x_wconf 89' lang='lat' dir='ltr'><strong>est</strong></span> <span class='ocrx_word' id='word_1_279' title='bbox 1042 957 1048 974; x_wconf 85' lang='lat'>:</span> 
     </span>
    </p>
   </div>
   <div class='ocr_carea' id='block_1_36' title="bbox 1069 940 1892 982">
    <p class='ocr_par' dir='ltr' id='par_1_36' title="bbox 1100 940 1892 977">
     <span class='ocr_line' id='line_1_36' title="bbox 1100 940 1892 977; baseline -0.001 -9"><span class='ocrx_word' id='word_1_280' title='bbox 1100 943 1150 977; x_wconf 87' lang='grc' dir='ltr'>τήν</span> <span class='ocrx_word' id='word_1_281' title='bbox 1167 950 1198 975; x_wconf 85' lang='grc' dir='ltr'><strong>γε</strong></span> <span class='ocrx_word' id='word_1_282' title='bbox 1223 942 1311 968; x_wconf 83' lang='grc' dir='ltr'>αἰτίαν</span> <span class='ocrx_word' id='word_1_283' title='bbox 1332 942 1383 976; x_wconf 72' lang='grc' dir='ltr'>τῆς</span> <span class='ocrx_word' id='word_1_284' title='bbox 1405 940 1524 976; x_wconf 79' lang='grc' dir='ltr'><strong>ἀφίξεως</strong></span> <span class='ocrx_word' id='word_1_285' title='bbox 1549 941 1632 967; x_wconf 78' lang='grc' dir='ltr'>αὐτοῦ</span> <span class='ocrx_word' id='word_1_286' title='bbox 1657 941 1824 976; x_wconf 80' lang='grc' dir='ltr'><strong>παρίστησι,</strong></span> <span class='ocrx_word' id='word_1_287' title='bbox 1842 941 1892 976; x_wconf 79' lang='grc' dir='ltr'>τὴν</span> 
     </span>
    </p>
   </div>
   <div class='ocr_carea' id='block_1_37' title="bbox 259 987 1082 1029">
    <p class='ocr_par' dir='ltr' id='par_1_37' title="bbox 259 993 1050 1029">
     <span class='ocr_line' id='line_1_37' title="bbox 259 993 1050 1029; baseline 0.003 -10"><span class='ocrx_word' id='word_1_288' title='bbox 259 993 340 1020; x_wconf 85' lang='lat' dir='ltr'><strong>etiam</strong></span> <span class='ocrx_word' id='word_1_289' title='bbox 360 993 492 1020; x_wconf 84' lang='lat' dir='ltr'><strong>adventus</strong></span> <span class='ocrx_word' id='word_1_290' title='bbox 509 993 596 1028; x_wconf 88' lang='lat' dir='ltr'><strong>ipsius</strong></span> <span class='ocrx_word' id='word_1_291' title='bbox 613 1000 725 1020; x_wconf 86' lang='lat' dir='ltr'><strong>causam</strong></span> <span class='ocrx_word' id='word_1_292' title='bbox 742 994 831 1024; x_wconf 81' lang='lat' dir='ltr'><strong>docet.</strong></span> <span class='ocrx_word' id='word_1_293' title='bbox 848 994 943 1029; x_wconf 80' lang='lat' dir='ltr'><strong>utique</strong></span> <span class='ocrx_word' id='word_1_294' title='bbox 961 999 988 1020; x_wconf 91' lang='lat' dir='ltr'><strong>ut</strong></span> <span class='ocrx_word' id='word_1_295' title='bbox 1002 1002 1050 1021; x_wconf 84' lang='lat' dir='ltr'><strong>eos</strong></span> 
     </span>
    </p>
   </div>
   <div class='ocr_carea' id='block_1_38' title="bbox 1066 987 1889 1029">
    <p class='ocr_par' dir='ltr' id='par_1_38' title="bbox 1101 987 1889 1024">
     <span class='ocr_line' id='line_1_38' title="bbox 1101 987 1889 1024; baseline -0.001 -10"><span class='ocrx_word' id='word_1_296' title='bbox 1101 988 1289 1024; x_wconf 78' lang='grc' dir='ltr'><strong>ἀπολύτρωσιν</strong></span> <span class='ocrx_word' id='word_1_297' title='bbox 1305 988 1443 1023; x_wconf 76' lang='grc' dir='ltr'>ἐμφαίνων</span> <span class='ocrx_word' id='word_1_298' title='bbox 1456 987 1510 1014; x_wconf 81' lang='grc' dir='ltr'><strong>τῶν</strong></span> <span class='ocrx_word' id='word_1_299' title='bbox 1523 988 1556 1014; x_wconf 86' lang='grc' dir='ltr'>δι’</span> <span class='ocrx_word' id='word_1_300' title='bbox 1568 987 1650 1014; x_wconf 71' lang='grc' dir='ltr'>αὑτοῦ</span> <span class='ocrx_word' id='word_1_301' title='bbox 1682 987 1889 1022; x_wconf 76' lang='grc' dir='ltr'>σωθησομένων.</span> 
     </span>
    </p>
   </div>
   <div class='ocr_carea' id='block_1_39' title="bbox 260 1032 1083 1073">
    <p class='ocr_par' dir='ltr' id='par_1_39' title="bbox 260 1038 1050 1073">
     <span class='ocr_line' id='line_1_39' title="bbox 260 1038 1050 1073; baseline 0.003 -8"><span class='ocrx_word' id='word_1_302' title='bbox 260 1038 397 1069; x_wconf 84' lang='lat' dir='ltr'><strong>liberaret,</strong></span> <span class='ocrx_word' id='word_1_303' title='bbox 411 1039 456 1073; x_wconf 92' lang='lat' dir='ltr'><strong>qui</strong></span> <span class='ocrx_word' id='word_1_304' title='bbox 482 1047 530 1073; x_wconf 88' lang='lat' dir='ltr'><strong>per</strong></span> <span class='ocrx_word' id='word_1_305' title='bbox 555 1039 642 1073; x_wconf 87' lang='lat' dir='ltr'><strong>ipsum</strong></span> <span class='ocrx_word' id='word_1_306' title='bbox 667 1039 794 1066; x_wconf 87' lang='lat' dir='ltr'><strong>servandi</strong></span> <span class='ocrx_word' id='word_1_307' title='bbox 814 1044 901 1066; x_wconf 80' lang='lat' dir='ltr'><strong>ct-ant.</strong></span> <span class='ocrx_word' id='word_1_308' title='bbox 921 1039 987 1066; x_wconf 82' lang='lat' dir='ltr'><strong>Nam</strong></span> <span class='ocrx_word' id='word_1_309' title='bbox 1002 1047 1050 1067; x_wconf 84' lang='lat' dir='ltr'><strong>eos</strong></span> 
     </span>
    </p>
   </div>
   <div class='ocr_carea' id='block_1_40' title="bbox 1067 1032 1890 1073">
    <p class='ocr_par' dir='ltr' id='par_1_40' title="bbox 1101 1032 1890 1070">
     <span class='ocr_line' id='line_1_40' title="bbox 1101 1032 1890 1070; baseline 0 -10"><span class='ocrx_word' id='word_1_310' title='bbox 1101 1035 1170 1066; x_wconf 79' lang='grc' dir='ltr'>Τοὺς</span> <span class='ocrx_word' id='word_1_311' title='bbox 1192 1034 1247 1070; x_wconf 78' lang='grc' dir='ltr'><strong>γὰρ</strong></span> <span class='ocrx_word' id='word_1_312' title='bbox 1269 1034 1420 1068; x_wconf 82' lang='grc' dir='ltr'>ὲφθακότας</span> <span class='ocrx_word' id='word_1_313' title='bbox 1441 1034 1493 1065; x_wconf 73' lang='grc' dir='ltr'>ἕως</span> <span class='ocrx_word' id='word_1_314' title='bbox 1515 1034 1569 1060; x_wconf 82' lang='grc' dir='ltr'>τῶν</span> <span class='ocrx_word' id='word_1_315' title='bbox 1595 1033 1687 1060; x_wconf 79' lang='grc' dir='ltr'>πυλῶν</span> <span class='ocrx_word' id='word_1_316' title='bbox 1703 1033 1751 1060; x_wconf 83' lang='grc' dir='ltr'>τοῦ</span> <span class='ocrx_word' id='word_1_317' title='bbox 1775 1032 1890 1060; x_wconf 83' lang='grc' dir='ltr'>θανάτου</span> 
     </span>
    </p>
   </div>
   <div class='ocr_carea' id='block_1_41' title="bbox 258 1079 1081 1120">
    <p class='ocr_par' dir='ltr' id='par_1_41' title="bbox 258 1084 1050 1120">
     <span class='ocr_line' id='line_1_41' title="bbox 258 1084 1050 1120; baseline 0.001 -9"><span class='ocrx_word' id='word_1_318' title='bbox 258 1084 304 1119; x_wconf 90' lang='lat' dir='ltr'><strong>qui</strong></span> <span class='ocrx_word' id='word_1_319' title='bbox 330 1088 394 1111; x_wconf 87' lang='lat' dir='ltr'><strong>ante</strong></span> <span class='ocrx_word' id='word_1_320' title='bbox 417 1085 517 1119; x_wconf 82' lang='lat' dir='ltr'><strong>ipsum,</strong></span> <span class='ocrx_word' id='word_1_321' title='bbox 537 1092 624 1120; x_wconf 90' lang='lat' dir='ltr'><strong>usque</strong></span> <span class='ocrx_word' id='word_1_322' title='bbox 644 1084 678 1111; x_wconf 87' lang='lat' dir='ltr'><strong>ad</strong></span> <span class='ocrx_word' id='word_1_323' title='bbox 698 1089 790 1119; x_wconf 81' lang='lat' dir='ltr'><strong>portas</strong></span> <span class='ocrx_word' id='word_1_324' title='bbox 808 1085 904 1112; x_wconf 88' lang='lat' dir='ltr'><strong>mortis</strong></span> <span class='ocrx_word' id='word_1_325' title='bbox 920 1093 1050 1120; x_wconf 78' lang='lat' dir='ltr'><strong>pervene-</strong></span> 
     </span>
    </p>
   </div>
   <div class='ocr_carea' id='block_1_42' title="bbox 1066 1079 1889 1120">
    <p class='ocr_par' dir='ltr' id='par_1_42' title="bbox 1101 1079 1889 1116">
     <span class='ocr_line' id='line_1_42' title="bbox 1101 1079 1889 1116; baseline -0.003 -9"><span class='ocrx_word' id='word_1_326' title='bbox 1101 1081 1185 1107; x_wconf 85' lang='grc' dir='ltr'>ἒσωσε</span> <span class='ocrx_word' id='word_1_327' title='bbox 1201 1081 1278 1116; x_wconf 84' lang='grc' dir='ltr'>μόνος</span> <span class='ocrx_word' id='word_1_328' title='bbox 1293 1079 1400 1112; x_wconf 78' lang='grc' dir='ltr'>αὐτούς.</span> <span class='ocrx_word' id='word_1_329' title='bbox 1419 1080 1535 1111; x_wconf 83' lang='grc' dir='ltr'>Τούτους</span> <span class='ocrx_word' id='word_1_330' title='bbox 1550 1080 1579 1106; x_wconf 77' lang='grc' dir='ltr'>δὲ</span> <span class='ocrx_word' id='word_1_331' title='bbox 1594 1080 1640 1106; x_wconf 65' lang='grc' dir='ltr'><strong>καὶ⁴</strong></span> <span class='ocrx_word' id='word_1_332' title='bbox 1660 1079 1795 1115; x_wconf 71' lang='grc' dir='ltr'>ἐρρύσατο</span> <span class='ocrx_word' id='word_1_333' title='bbox 1811 1080 1889 1106; x_wconf 77' lang='grc' dir='ltr'><strong>ἰασά-</strong></span> 
     </span>
    </p>
   </div>
   <div class='ocr_carea' id='block_1_43' title="bbox 257 1125 1080 1166">
    <p class='ocr_par' dir='ltr' id='par_1_43' title="bbox 257 1131 1048 1166">
     <span class='ocr_line' id='line_1_43' title="bbox 257 1131 1048 1166; baseline 0.001 -9"><span class='ocrx_word' id='word_1_334' title='bbox 257 1135 330 1162; x_wconf 81' lang='lat' dir='ltr'><strong>rant,</strong></span> <span class='ocrx_word' id='word_1_335' title='bbox 355 1131 412 1166; x_wconf 89' lang='lat' dir='ltr'><strong>ipse</strong></span> <span class='ocrx_word' id='word_1_336' title='bbox 438 1131 513 1158; x_wconf 88' lang='lat' dir='ltr'><strong>solus</strong></span> <span class='ocrx_word' id='word_1_337' title='bbox 538 1131 667 1161; x_wconf 86' lang='lat' dir='ltr'><strong>servavit,</strong></span> <span class='ocrx_word' id='word_1_338' title='bbox 695 1135 776 1165; x_wconf 85' lang='lat' dir='ltr'><strong>atque</strong></span> <span class='ocrx_word' id='word_1_339' title='bbox 801 1131 912 1158; x_wconf 83' lang='lat' dir='ltr'><strong>eosdem</strong></span> <span class='ocrx_word' id='word_1_340' title='bbox 937 1132 1048 1159; x_wconf 82' lang='lat' dir='ltr'><strong>sanitati</strong></span> 
     </span>
    </p>
   </div>
   <div class='ocr_carea' id='block_1_44' title="bbox 1065 1125 1888 1166">
    <p class='ocr_par' dir='ltr' id='par_1_44' title="bbox 1102 1125 1888 1162">
     <span class='ocr_line' id='line_1_44' title="bbox 1102 1125 1888 1162; baseline -0.001 -10"><span class='ocrx_word' id='word_1_341' title='bbox 1102 1135 1181 1162; x_wconf 87' lang='grc' dir='ltr'>μενος</span> <span class='ocrx_word' id='word_1_342' title='bbox 1197 1128 1228 1152; x_wconf 79' lang='grc' dir='ltr'>ἐκ</span> <span class='ocrx_word' id='word_1_343' title='bbox 1244 1126 1299 1152; x_wconf 83' lang='grc' dir='ltr'>τῶν</span> <span class='ocrx_word' id='word_1_344' title='bbox 1319 1125 1473 1161; x_wconf 78' lang='grc' dir='ltr'>διαφθορῶν</span> <span class='ocrx_word' id='word_1_345' title='bbox 1493 1126 1596 1152; x_wconf 73' lang='grc' dir='ltr'>αὐτῶν·</span> <span class='ocrx_word' id='word_1_346' title='bbox 1613 1126 1659 1152; x_wconf 80' lang='grc' dir='ltr'>καὶ</span> <span class='ocrx_word' id='word_1_347' title='bbox 1681 1125 1844 1160; x_wconf 69' lang='grc' dir='ltr'>διεπράξατό</span> <span class='ocrx_word' id='word_1_348' title='bbox 1858 1133 1888 1158; x_wconf 81' lang='grc' dir='ltr'><strong>γε</strong></span> 
     </span>
    </p>
   </div>
   <div class='ocr_carea' id='block_1_45' title="bbox 257 1171 1080 1211">
    <p class='ocr_par' dir='ltr' id='par_1_45' title="bbox 257 1176 1048 1211">
     <span class='ocr_line' id='line_1_45' title="bbox 257 1176 1048 1211; baseline 0 -7"><span class='ocrx_word' id='word_1_349' title='bbox 257 1176 463 1205; x_wconf 79' lang='lat' dir='ltr'><strong>reslitucns.de</strong></span> <span class='ocrx_word' id='word_1_350' title='bbox 489 1177 694 1203; x_wconf 86' lang='lat' dir='ltr'><strong>interitionibus</strong></span> <span class='ocrx_word' id='word_1_351' title='bbox 722 1177 845 1211; x_wconf 89' lang='lat' dir='ltr'><strong>ipsorutn</strong></span> <span class='ocrx_word' id='word_1_352' title='bbox 873 1177 982 1211; x_wconf 88' lang='lat' dir='ltr'><strong>eripuit,</strong></span> <span class='ocrx_word' id='word_1_353' title='bbox 1000 1185 1048 1204; x_wconf 74' lang='lat' dir='ltr'><strong>ne~</strong></span> 
     </span>
    </p>
   </div>
   <div class='ocr_carea' id='block_1_46' title="bbox 1066 1171 1889 1211">
    <p class='ocr_par' dir='ltr' id='par_1_46' title="bbox 1099 1171 1889 1208">
     <span class='ocr_line' id='line_1_46' title="bbox 1099 1171 1889 1208; baseline -0.003 -9"><span class='ocrx_word' id='word_1_354' title='bbox 1099 1173 1186 1200; x_wconf 81' lang='grc' dir='ltr'>ταῦτα</span> <span class='ocrx_word' id='word_1_355' title='bbox 1199 1173 1248 1199; x_wconf 81' lang='grc' dir='ltr'>οὐκ</span> <span class='ocrx_word' id='word_1_356' title='bbox 1258 1173 1345 1204; x_wconf 83' lang='grc' dir='ltr'>ἄλλως</span> <span class='ocrx_word' id='word_1_357' title='bbox 1359 1172 1376 1208; x_wconf 83' lang='grc' dir='ltr'><strong>ἢ</strong></span> <span class='ocrx_word' id='word_1_358' title='bbox 1389 1172 1436 1199; x_wconf 76' lang='grc' dir='ltr'>τοῦ</span> <span class='ocrx_word' id='word_1_359' title='bbox 1450 1171 1565 1199; x_wconf 81' lang='grc' dir='ltr'>Θανάτου</span> <span class='ocrx_word' id='word_1_360' title='bbox 1580 1172 1630 1204; x_wconf 76' lang='grc' dir='ltr'><strong>τὰς</strong></span> <span class='ocrx_word' id='word_1_361' title='bbox 1641 1171 1790 1207; x_wconf 81' lang='grc' dir='ltr'>λεγομένας</span> <span class='ocrx_word' id='word_1_362' title='bbox 1803 1171 1889 1202; x_wconf 79' lang='grc' dir='ltr'>πύλας</span> 
     </span>
    </p>
   </div>
   <div class='ocr_carea' id='block_1_47' title="bbox 256 1219 1079 1258">
    <p class='ocr_par' dir='ltr' id='par_1_47' title="bbox 256 1222 1048 1258">
     <span class='ocr_line' id='line_1_47' title="bbox 256 1222 1048 1258; baseline -0.001 -8"><span class='ocrx_word' id='word_1_363' title='bbox 256 1230 310 1257; x_wconf 89' lang='lat' dir='ltr'><strong>que</strong></span> <span class='ocrx_word' id='word_1_364' title='bbox 335 1223 386 1249; x_wconf 90' lang='lat' dir='ltr'><strong>hoc</strong></span> <span class='ocrx_word' id='word_1_365' title='bbox 408 1222 488 1249; x_wconf 83' lang='lat' dir='ltr'><strong>aliter</strong></span> <span class='ocrx_word' id='word_1_366' title='bbox 514 1222 637 1257; x_wconf 76' lang='lat' dir='ltr'><strong>perfecit,</strong></span> <span class='ocrx_word' id='word_1_367' title='bbox 655 1230 736 1257; x_wconf 91' lang='lat' dir='ltr'><strong>quam</strong></span> <span class='ocrx_word' id='word_1_368' title='bbox 764 1230 810 1250; x_wconf 86' lang='lat' dir='ltr'><strong>eas</strong></span> <span class='ocrx_word' id='word_1_369' title='bbox 838 1223 936 1249; x_wconf 80' lang='lat' dir='ltr'><strong>mortis</strong></span> <span class='ocrx_word' id='word_1_370' title='bbox 955 1227 1048 1258; x_wconf 89' lang='lat' dir='ltr'><strong>portas</strong></span> 
     </span>
    </p>
   </div>
   <div class='ocr_carea' id='block_1_48' title="bbox 1066 1219 1889 1258">
    <p class='ocr_par' dir='ltr' id='par_1_48' title="bbox 1099 1219 1889 1256">
     <span class='ocr_line' id='line_1_48' title="bbox 1099 1219 1889 1256; baseline -0.001 -10"><span class='ocrx_word' id='word_1_371' title='bbox 1099 1220 1202 1255; x_wconf 79' lang='grc' dir='ltr'>χαλκᾶς</span> <span class='ocrx_word' id='word_1_372' title='bbox 1225 1219 1381 1256; x_wconf 76' lang='grc' dir='ltr'>συντρίψας,</span> <span class='ocrx_word' id='word_1_373' title='bbox 1397 1220 1444 1247; x_wconf 78' lang='grc' dir='ltr'>καὶ</span> <span class='ocrx_word' id='word_1_374' title='bbox 1461 1221 1524 1252; x_wconf 75' lang='grc' dir='ltr'>τοὺς</span> <span class='ocrx_word' id='word_1_375' title='bbox 1543 1220 1667 1255; x_wconf 81' lang='grc' dir='ltr'>σιδηροῦς</span> <span class='ocrx_word' id='word_1_376' title='bbox 1688 1219 1802 1255; x_wconf 74' lang='grc' dir='ltr'>μοχλοὺς</span> <span class='ocrx_word' id='word_1_377' title='bbox 1823 1227 1889 1252; x_wconf 75' lang='grc' dir='ltr'>συγ-</span> 
     </span>
    </p>
   </div>
   <div class='ocr_carea' id='block_1_49' title="bbox 257 1265 1080 1304">
    <p class='ocr_par' dir='ltr' id='par_1_49' title="bbox 257 1268 1049 1304">
     <span class='ocr_line' id='line_1_49' title="bbox 257 1268 1049 1304; baseline 0.003 -10"><span class='ocrx_word' id='word_1_378' title='bbox 257 1273 412 1301; x_wconf 88' lang='lat' dir='ltr'><strong>contercns,</strong></span> <span class='ocrx_word' id='word_1_379' title='bbox 434 1277 494 1304; x_wconf 70' lang='lat' dir='ltr'><strong>qua:</strong></span> <span class='ocrx_word' id='word_1_380' title='bbox 520 1277 598 1296; x_wconf 70' lang='lat' dir='ltr'><strong>terea:</strong></span> <span class='ocrx_word' id='word_1_381' title='bbox 612 1268 752 1301; x_wconf 90' lang='lat' dir='ltr'><strong>dicuntur,</strong></span> <span class='ocrx_word' id='word_1_382' title='bbox 771 1274 798 1295; x_wconf 88' lang='lat' dir='ltr'><strong>et</strong></span> <span class='ocrx_word' id='word_1_383' title='bbox 813 1273 905 1296; x_wconf 83' lang='lat' dir='ltr'><strong>vectes</strong></span> <span class='ocrx_word' id='word_1_384' title='bbox 925 1269 1049 1296; x_wconf 80' lang='lat' dir='ltr'><strong>confrin-</strong></span> 
     </span>
    </p>
   </div>
   <div class='ocr_carea' id='block_1_50' title="bbox 1064 1265 1887 1304">
    <p class='ocr_par' dir='ltr' id='par_1_50' title="bbox 1100 1265 1887 1302">
     <span class='ocr_line' id='line_1_50' title="bbox 1100 1265 1887 1302; baseline -0.001 -9"><span class='ocrx_word' id='word_1_385' title='bbox 1100 1267 1212 1298; x_wconf 83' lang='grc' dir='ltr'>κλάσας.</span> <span class='ocrx_word' id='word_1_386' title='bbox 1228 1268 1282 1294; x_wconf 73' lang='grc' dir='ltr'><strong>Καὶ</strong></span> <span class='ocrx_word' id='word_1_387' title='bbox 1302 1267 1334 1302; x_wconf 78' lang='grc' dir='ltr'>δὴ</span> <span class='ocrx_word' id='word_1_388' title='bbox 1353 1266 1421 1302; x_wconf 84' lang='grc' dir='ltr'>μετὰ</span> <span class='ocrx_word' id='word_1_389' title='bbox 1443 1266 1529 1293; x_wconf 82' lang='grc' dir='ltr'>ταῦτα</span> <span class='ocrx_word' id='word_1_390' title='bbox 1549 1267 1702 1298; x_wconf 75' lang='grc' dir='ltr'>ἀκολούθοις</span> <span class='ocrx_word' id='word_1_391' title='bbox 1722 1265 1887 1301; x_wconf 73' lang='grc' dir='ltr'>προφητεύει</span> 
     </span>
    </p>
   </div>
   <div class='ocr_carea' id='block_1_51' title="bbox 256 1313 1079 1351">
    <p class='ocr_par' dir='ltr' id='par_1_51' title="bbox 256 1315 1048 1351">
     <span class='ocr_line' id='line_1_51' title="bbox 256 1315 1048 1351; baseline -0.001 -8"><span class='ocrx_word' id='word_1_392' title='bbox 256 1323 335 1351; x_wconf 80' lang='lat' dir='ltr'><strong>gens,</strong></span> <span class='ocrx_word' id='word_1_393' title='bbox 362 1316 409 1350; x_wconf 86' lang='lat' dir='ltr'><strong>qui</strong></span> <span class='ocrx_word' id='word_1_394' title='bbox 432 1315 511 1342; x_wconf 78' lang='lat' dir='ltr'><strong>ferrei</strong></span> <span class='ocrx_word' id='word_1_395' title='bbox 527 1325 533 1342; x_wconf 88' lang='lat'><strong>:</strong></span> <span class='ocrx_word' id='word_1_396' title='bbox 548 1323 579 1342; x_wconf 87' lang='lat' dir='ltr'><strong>ac</strong></span> <span class='ocrx_word' id='word_1_397' title='bbox 595 1315 725 1350; x_wconf 88' lang='lat' dir='ltr'><strong>deinceps</strong></span> <span class='ocrx_word' id='word_1_398' title='bbox 749 1319 810 1349; x_wconf 87' lang='lat' dir='ltr'><strong>post</strong></span> <span class='ocrx_word' id='word_1_399' title='bbox 831 1315 887 1342; x_wconf 79' lang='lat' dir='ltr'><strong>haec</strong></span> <span class='ocrx_word' id='word_1_400' title='bbox 908 1319 982 1342; x_wconf 87' lang='lat' dir='ltr'><strong>certo</strong></span> <span class='ocrx_word' id='word_1_401' title='bbox 1003 1324 1048 1342; x_wconf 92' lang='lat' dir='ltr'><strong>or-</strong></span> 
     </span>
    </p>
   </div>
   <div class='ocr_carea' id='block_1_52' title="bbox 1065 1313 1888 1351">
    <p class='ocr_par' dir='ltr' id='par_1_52' title="bbox 1098 1313 1888 1350">
     <span class='ocr_line' id='line_1_52' title="bbox 1098 1313 1888 1350; baseline 0 -10"><span class='ocrx_word' id='word_1_402' title='bbox 1098 1313 1147 1348; x_wconf 84' lang='grc' dir='ltr'>τὴν</span> <span class='ocrx_word' id='word_1_403' title='bbox 1160 1315 1200 1345; x_wconf 83' lang='grc' dir='ltr'>εἰς</span> <span class='ocrx_word' id='word_1_404' title='bbox 1216 1313 1318 1349; x_wconf 77' lang='grc' dir='ltr'>ἔρημον</span> <span class='ocrx_word' id='word_1_405' title='bbox 1341 1314 1506 1340; x_wconf 81' lang='grc' dir='ltr'>κατάστασιν</span> <span class='ocrx_word' id='word_1_406' title='bbox 1525 1314 1579 1340; x_wconf 83' lang='grc' dir='ltr'>τῶν</span> <span class='ocrx_word' id='word_1_407' title='bbox 1603 1315 1640 1349; x_wconf 79' lang='grc' dir='ltr'>μὴ</span> <span class='ocrx_word' id='word_1_408' title='bbox 1665 1314 1775 1340; x_wconf 77' lang='grc' dir='ltr'>ἐλθόντα</span> <span class='ocrx_word' id='word_1_409' title='bbox 1798 1322 1888 1350; x_wconf 84' lang='grc' dir='ltr'>παρα-</span> 
     </span>
    </p>
   </div>
   <div class='ocr_carea' id='block_1_53' title="bbox 256 1359 1079 1397">
    <p class='ocr_par' dir='ltr' id='par_1_53' title="bbox 256 1360 1045 1397">
     <span class='ocr_line' id='line_1_53' title="bbox 256 1360 1045 1397; baseline 0.001 -9"><span class='ocrx_word' id='word_1_410' title='bbox 256 1362 320 1390; x_wconf 88' lang='lat' dir='ltr'><strong>dine</strong></span> <span class='ocrx_word' id='word_1_411' title='bbox 343 1361 457 1392; x_wconf 89' lang='lat' dir='ltr'><strong>divinat,</strong></span> <span class='ocrx_word' id='word_1_412' title='bbox 477 1369 524 1388; x_wconf 90' lang='lat' dir='ltr'><strong>eos</strong></span> <span class='ocrx_word' id='word_1_413' title='bbox 546 1369 608 1388; x_wconf 83' lang='lat' dir='ltr'><strong>esse</strong></span> <span class='ocrx_word' id='word_1_414' title='bbox 624 1361 652 1388; x_wconf 95' lang='lat' dir='ltr'><strong>in</strong></span> <span class='ocrx_word' id='word_1_415' title='bbox 673 1360 848 1388; x_wconf 89' lang='lat' dir='ltr'><strong>solitudinem</strong></span> <span class='ocrx_word' id='word_1_416' title='bbox 872 1362 1045 1397; x_wconf 79' lang='lat' dir='ltr'><strong>redigendos,</strong></span> 
     </span>
    </p>
   </div>
   <div class='ocr_carea' id='block_1_54' title="bbox 1064 1359 1887 1397">
    <p class='ocr_par' dir='ltr' id='par_1_54' title="bbox 1097 1359 1887 1395">
     <span class='ocr_line' id='line_1_54' title="bbox 1097 1359 1887 1395; baseline 0.001 -10"><span class='ocrx_word' id='word_1_417' title='bbox 1097 1359 1252 1394; x_wconf 81' lang='grc' dir='ltr'>δεξαμένων</span> <span class='ocrx_word' id='word_1_418' title='bbox 1271 1359 1361 1386; x_wconf 70' lang='grc' dir='ltr'>αὐτόν·</span> <span class='ocrx_word' id='word_1_419' title='bbox 1377 1370 1386 1385; x_wconf 80' lang='grc' dir='ltr'><strong>ι</strong></span> <span class='ocrx_word' id='word_1_420' title='bbox 1409 1360 1504 1386; x_wconf 82' lang='grc' dir='ltr'>Ἐοετο</span> <span class='ocrx_word' id='word_1_421' title='bbox 1519 1360 1583 1395; x_wconf 73' lang='grc' dir='ltr'>γὰρ,</span> <span class='ocrx_word' id='word_1_422' title='bbox 1599 1361 1676 1394; x_wconf 64' lang='grc' dir='ltr'>φησὶ,</span> <span class='ocrx_word' id='word_1_423' title='bbox 1695 1361 1834 1395; x_wconf 69' lang='grc' dir='ltr'>ποταμοὺς</span> <span class='ocrx_word' id='word_1_424' title='bbox 1847 1360 1887 1392; x_wconf 79' lang='grc' dir='ltr'><strong>είς</strong></span> 
     </span>
    </p>
   </div>
   <div class='ocr_carea' id='block_1_55' title="bbox 257 1405 1080 1442">
    <p class='ocr_par' dir='ltr' id='par_1_55' title="bbox 257 1406 1047 1441">
     <span class='ocr_line' id='line_1_55' title="bbox 257 1406 1047 1441; baseline 0.004 -9"><span class='ocrx_word' id='word_1_425' title='bbox 257 1407 304 1441; x_wconf 89' lang='lat' dir='ltr'><strong>qui</strong></span> <span class='ocrx_word' id='word_1_426' title='bbox 327 1406 416 1441; x_wconf 83' lang='lat' dir='ltr'><strong>ipsum</strong></span> <span class='ocrx_word' id='word_1_427' title='bbox 442 1407 595 1433; x_wconf 79' lang='lat' dir='ltr'><strong>venientem</strong></span> <span class='ocrx_word' id='word_1_428' title='bbox 619 1413 673 1432; x_wconf 91' lang='lat' dir='ltr'><strong>non</strong></span> <span class='ocrx_word' id='word_1_429' title='bbox 708 1407 888 1441; x_wconf 86' lang='lat' dir='ltr'><strong>susceperint.</strong></span> <span class='ocrx_word' id='word_1_430' title='bbox 914 1417 924 1433; x_wconf 77' lang='grc' dir='ltr'><strong>ι</strong></span> <span class='ocrx_word' id='word_1_431' title='bbox 952 1408 1047 1435; x_wconf 87' lang='lat' dir='ltr'><strong>Posuit</strong></span> 
     </span>
    </p>
   </div>
   <div class='ocr_carea' id='block_1_56' title="bbox 1063 1405 1886 1442">
    <p class='ocr_par' dir='ltr' id='par_1_56' title="bbox 1098 1405 1886 1442">
     <span class='ocr_line' id='line_1_56' title="bbox 1098 1405 1886 1442; baseline 0.003 -10"><span class='ocrx_word' id='word_1_432' title='bbox 1098 1405 1210 1441; x_wconf 80' lang='grc' dir='ltr'>ἔρημον.</span> <span class='ocrx_word' id='word_1_433' title='bbox 1227 1406 1273 1432; x_wconf 74' lang='grc' dir='ltr'><strong>καὶ</strong></span> <span class='ocrx_word' id='word_1_434' title='bbox 1283 1406 1415 1439; x_wconf 77' lang='grc' dir='ltr'>διεξόδους</span> <span class='ocrx_word' id='word_1_435' title='bbox 1431 1406 1534 1432; x_wconf 76' lang='grc' dir='ltr'>ὑδάτων</span> <span class='ocrx_word' id='word_1_436' title='bbox 1550 1407 1589 1437; x_wconf 80' lang='grc' dir='ltr'>εὶς</span> <span class='ocrx_word' id='word_1_437' title='bbox 1611 1406 1701 1440; x_wconf 70' lang='grc' dir='ltr'>δίψος,</span> <span class='ocrx_word' id='word_1_438' title='bbox 1715 1407 1766 1441; x_wconf 78' lang='grc' dir='ltr'>γῆν</span> <span class='ocrx_word' id='word_1_439' title='bbox 1781 1415 1886 1442; x_wconf 84' lang='grc' dir='ltr'>καρπο-</span> 
     </span>
    </p>
   </div>
   <div class='ocr_carea' id='block_1_57' title="bbox 255 1451 1078 1489">
    <p class='ocr_par' dir='ltr' id='par_1_57' title="bbox 255 1452 1047 1489">
     <span class='ocr_line' id='line_1_57' title="bbox 255 1452 1047 1489; baseline 0 -9"><span class='ocrx_word' id='word_1_440' title='bbox 255 1453 340 1483; x_wconf 84' lang='lat' dir='ltr'><strong>enim,</strong></span> <span class='ocrx_word' id='word_1_441' title='bbox 357 1453 454 1487; x_wconf 81' lang='lat' dir='ltr'><strong>inquit,</strong></span> <span class='ocrx_word' id='word_1_442' title='bbox 467 1452 578 1480; x_wconf 83' lang='lat' dir='ltr'><strong>ﬂumina</strong></span> <span class='ocrx_word' id='word_1_443' title='bbox 593 1453 620 1480; x_wconf 92' lang='lat' dir='ltr'><strong>in</strong></span> <span class='ocrx_word' id='word_1_444' title='bbox 635 1453 784 1483; x_wconf 83' lang='lat' dir='ltr'><strong>desertum,</strong></span> <span class='ocrx_word' id='word_1_445' title='bbox 800 1457 827 1479; x_wconf 87' lang='lat' dir='ltr'><strong>et</strong></span> <span class='ocrx_word' id='word_1_446' title='bbox 852 1453 941 1480; x_wconf 73' lang='lat' dir='ltr'><strong>exitus</strong></span> <span class='ocrx_word' id='word_1_447' title='bbox 963 1461 1047 1489; x_wconf 87' lang='lat' dir='ltr'><strong>aqua-</strong></span> 
     </span>
    </p>
   </div>
   <div class='ocr_carea' id='block_1_58' title="bbox 1064 1451 1887 1489">
    <p class='ocr_par' dir='ltr' id='par_1_58' title="bbox 1098 1451 1887 1487">
     <span class='ocr_line' id='line_1_58' title="bbox 1098 1451 1887 1487; baseline 0.003 -9"><span class='ocrx_word' id='word_1_448' title='bbox 1098 1451 1179 1487; x_wconf 79' lang='grc' dir='ltr'>φόρον</span> <span class='ocrx_word' id='word_1_449' title='bbox 1191 1452 1229 1482; x_wconf 82' lang='grc' dir='ltr'><strong>είς</strong></span> <span class='ocrx_word' id='word_1_450' title='bbox 1238 1452 1326 1487; x_wconf 79' lang='grc' dir='ltr'>ἆλμην</span> <span class='ocrx_word' id='word_1_451' title='bbox 1337 1452 1390 1478; x_wconf 74' lang='grc' dir='ltr'><strong>ἀπὸ</strong></span> <span class='ocrx_word' id='word_1_452' title='bbox 1400 1452 1499 1483; x_wconf 82' lang='grc' dir='ltr'>κακίας</span> <span class='ocrx_word' id='word_1_453' title='bbox 1512 1451 1565 1478; x_wconf 78' lang='grc' dir='ltr'><strong>τῶν</strong></span> <span class='ocrx_word' id='word_1_454' title='bbox 1579 1452 1777 1479; x_wconf 74' lang='grc' dir='ltr'>κατοικούντων</span> <span class='ocrx_word' id='word_1_455' title='bbox 1796 1453 1825 1479; x_wconf 82' lang='grc' dir='ltr'>ὲν</span> <span class='ocrx_word' id='word_1_456' title='bbox 1840 1453 1887 1480; x_wconf 71' lang='grc' dir='ltr'><strong>αὒ-</strong></span> 
     </span>
    </p>
   </div>
   <div class='ocr_carea' id='block_1_59' title="bbox 257 1498 1080 1535">
    <p class='ocr_par' dir='ltr' id='par_1_59' title="bbox 257 1499 1046 1535">
     <span class='ocr_line' id='line_1_59' title="bbox 257 1499 1046 1535; baseline 0.003 -9"><span class='ocrx_word' id='word_1_457' title='bbox 257 1506 317 1526; x_wconf 78' lang='lat' dir='ltr'><strong>t‘um</strong></span> <span class='ocrx_word' id='word_1_458' title='bbox 341 1500 368 1525; x_wconf 94' lang='lat' dir='ltr'><strong>in</strong></span> <span class='ocrx_word' id='word_1_459' title='bbox 394 1499 479 1530; x_wconf 83' lang='lat' dir='ltr'><strong>sitim,</strong></span> <span class='ocrx_word' id='word_1_460' title='bbox 495 1502 597 1526; x_wconf 87' lang='lat' dir='ltr'><strong>terram</strong></span> <span class='ocrx_word' id='word_1_461' title='bbox 617 1499 786 1527; x_wconf 80' lang='lat' dir='ltr'><strong>fructiferam</strong></span> <span class='ocrx_word' id='word_1_462' title='bbox 806 1501 833 1527; x_wconf 93' lang='lat' dir='ltr'><strong>in</strong></span> <span class='ocrx_word' id='word_1_463' title='bbox 847 1500 1012 1535; x_wconf 77' lang='lat' dir='ltr'><strong>salsuginem</strong></span> <span class='ocrx_word' id='word_1_464' title='bbox 1030 1508 1046 1528; x_wconf 78' lang='lat' dir='ltr'><strong>tt</strong></span> 
     </span>
    </p>
   </div>
   <div class='ocr_carea' id='block_1_60' title="bbox 1063 1498 1886 1535">
    <p class='ocr_par' dir='ltr' id='par_1_60' title="bbox 1097 1498 1886 1534">
     <span class='ocr_line' id='line_1_60' title="bbox 1097 1498 1886 1534; baseline 0.003 -10"><span class='ocrx_word' id='word_1_465' title='bbox 1097 1499 1141 1533; x_wconf 77' lang='grc' dir='ltr'><strong>τῇ.</strong></span> <span class='ocrx_word' id='word_1_466' title='bbox 1154 1508 1163 1524; x_wconf 82' lang='grc'><strong>›</strong></span> <span class='ocrx_word' id='word_1_467' title='bbox 1181 1499 1214 1524; x_wconf 76' lang='grc' dir='ltr'><strong>’Δ</strong></span> <span class='ocrx_word' id='word_1_468' title='bbox 1222 1498 1269 1524; x_wconf 75' lang='grc' dir='ltr'>καὶ</span> <span class='ocrx_word' id='word_1_469' title='bbox 1281 1499 1387 1533; x_wconf 82' lang='grc' dir='ltr'>νοήσεις</span> <span class='ocrx_word' id='word_1_470' title='bbox 1402 1498 1566 1534; x_wconf 78' lang='grc' dir='ltr'>ἀναδραμὼν</span> <span class='ocrx_word' id='word_1_471' title='bbox 1581 1498 1628 1525; x_wconf 85' lang='grc' dir='ltr'>τοῦ</span> <span class='ocrx_word' id='word_1_472' title='bbox 1646 1498 1779 1525; x_wconf 80' lang='grc' dir='ltr'>Ἰουδαίων</span> <span class='ocrx_word' id='word_1_473' title='bbox 1793 1499 1886 1531; x_wconf 68' lang='grc' dir='ltr'>ἔθνους</span> 
     </span>
    </p>
   </div>
   <div class='ocr_carea' id='block_1_61' title="bbox 257 1544 1080 1581">
    <p class='ocr_par' dir='ltr' id='par_1_61' title="bbox 257 1544 1080 1581">
     <span class='ocr_line' id='line_1_61' title="bbox 257 1544 1080 1581; baseline 0.004 -11"><span class='ocrx_word' id='word_1_474' title='bbox 257 1545 358 1571; x_wconf 86' lang='lat' dir='ltr'><strong>malitia</strong></span> <span class='ocrx_word' id='word_1_475' title='bbox 389 1544 598 1571; x_wconf 86' lang='lat' dir='ltr'><strong>inhabitantium</strong></span> <span class='ocrx_word' id='word_1_476' title='bbox 623 1546 650 1572; x_wconf 93' lang='lat' dir='ltr'><strong>in</strong></span> <span class='ocrx_word' id='word_1_477' title='bbox 674 1552 716 1572; x_wconf 83' lang='lat' dir='ltr'><strong>ea.</strong></span> <span class='ocrx_word' id='word_1_478' title='bbox 735 1554 744 1571; x_wconf 78' lang='grc' dir='ltr'><strong>ι</strong></span> <span class='ocrx_word' id='word_1_479' title='bbox 761 1544 827 1578; x_wconf 73' lang='lat' dir='ltr'><strong>Quae</strong></span> <span class='ocrx_word' id='word_1_480' title='bbox 840 1546 951 1581; x_wconf 86' lang='lat' dir='ltr'><strong>quidem</strong></span> <span class='ocrx_word' id='word_1_481' title='bbox 965 1546 1045 1580; x_wconf 85' lang='lat' dir='ltr'><strong>plane</strong></span> <span class='ocrx_word' id='word_1_482' title='bbox 1061 1573 1080 1581; x_wconf 56' lang='grc' dir='ltr'>η</span> 
     </span>
    </p>
   </div>
   <div class='ocr_carea' id='block_1_62' title="bbox 1063 1544 1886 1581">
    <p class='ocr_par' dir='ltr' id='par_1_62' title="bbox 1063 1544 1886 1581">
     <span class='ocr_line' id='line_1_62' title="bbox 1063 1544 1886 1581; baseline 0.002 -11"><span class='ocrx_word' id='word_1_483' title='bbox 1063 1573 1080 1581; x_wconf 53' lang='grc' dir='ltr'><strong>η</strong></span> <span class='ocrx_word' id='word_1_484' title='bbox 1098 1544 1144 1570; x_wconf 68' lang='grc' dir='ltr'><strong>ἐπὶ</strong></span> <span class='ocrx_word' id='word_1_485' title='bbox 1159 1544 1209 1579; x_wconf 80' lang='grc' dir='ltr'>τὴν</span> <span class='ocrx_word' id='word_1_486' title='bbox 1220 1544 1303 1571; x_wconf 81' lang='grc' dir='ltr'>πάλαι</span> <span class='ocrx_word' id='word_1_487' title='bbox 1321 1544 1460 1580; x_wconf 77' lang='grc' dir='ltr'>βοωμένην</span> <span class='ocrx_word' id='word_1_488' title='bbox 1475 1545 1660 1580; x_wconf 78' lang='grc' dir='ltr'>Ἰερουσαλὴμ,</span> <span class='ocrx_word' id='word_1_489' title='bbox 1674 1545 1721 1571; x_wconf 80' lang='grc' dir='ltr'>καὶ</span> <span class='ocrx_word' id='word_1_490' title='bbox 1741 1545 1791 1579; x_wconf 84' lang='grc' dir='ltr'>τὴν</span> <span class='ocrx_word' id='word_1_491' title='bbox 1805 1545 1886 1577; x_wconf 70' lang='grc' dir='ltr'>δόξαν</span> 
     </span>
    </p>
   </div>
   <div class='ocr_carea' id='block_1_63' title="bbox 256 1573 1079 1627">
    <p class='ocr_par' dir='ltr' id='par_1_63' title="bbox 256 1573 1079 1627">
     <span class='ocr_line' id='line_1_63' title="bbox 256 1573 1079 1627; baseline 0.004 -10"><span class='ocrx_word' id='word_1_492' title='bbox 256 1591 363 1625; x_wconf 80' lang='lat' dir='ltr'><strong>cognita</strong></span> <span class='ocrx_word' id='word_1_493' title='bbox 380 1591 502 1622; x_wconf 78' lang='lat' dir='ltr'><strong>habebis,</strong></span> <span class='ocrx_word' id='word_1_494' title='bbox 513 1591 536 1617; x_wconf 90' lang='lat' dir='ltr'><strong>si</strong></span> <span class='ocrx_word' id='word_1_495' title='bbox 549 1591 718 1625; x_wconf 87' lang='lat' dir='ltr'><strong>percurreris</strong></span> <span class='ocrx_word' id='word_1_496' title='bbox 732 1573 805 1619; x_wconf 50' lang='lat' dir='ltr'><strong>illam</strong></span> <span class='ocrx_word' id='word_1_497' title='bbox 820 1573 941 1619; x_wconf 71' lang='lat' dir='ltr'><strong>Jtidaicze</strong></span> <span class='ocrx_word' id='word_1_498' title='bbox 955 1573 1045 1627; x_wconf 56' lang='lat' dir='ltr'><strong>gentis</strong></span> <span class='ocrx_word' id='word_1_499' title='bbox 1060 1573 1079 1602; x_wconf 66' lang='grc' dir='ltr'>Ο</span> 
     </span>
    </p>
   </div>
   <div class='ocr_carea' id='block_1_64' title="bbox 1062 1573 1885 1627">
    <p class='ocr_par' dir='ltr' id='par_1_64' title="bbox 1062 1573 1885 1627">
     <span class='ocr_line' id='line_1_64' title="bbox 1062 1573 1885 1627; baseline 0.001 -10"><span class='ocrx_word' id='word_1_500' title='bbox 1062 1573 1080 1602; x_wconf 75' lang='lat' dir='ltr'>c</span> <span class='ocrx_word' id='word_1_501' title='bbox 1097 1573 1193 1626; x_wconf 57' lang='lat' dir='ltr'><strong>at&#39;rtﬁg;</strong></span> <span class='ocrx_word' id='word_1_502' title='bbox 1207 1591 1254 1617; x_wconf 68' lang='lat' dir='ltr'><strong>uati.</strong></span> <span class='ocrx_word' id='word_1_503' title='bbox 1267 1590 1315 1626; x_wconf 86' lang='grc' dir='ltr'>τὴν</span> <span class='ocrx_word' id='word_1_504' title='bbox 1321 1573 1410 1617; x_wconf 52' lang='lat' dir='ltr'><strong>tam?»</strong></span> <span class='ocrx_word' id='word_1_505' title='bbox 1419 1573 1681 1626; x_wconf 38' lang='grc' dir='ltr'>κίκρποξςορίανίτῶν</span> <span class='ocrx_word' id='word_1_506' title='bbox 1691 1592 1719 1617; x_wconf 78' lang='grc' dir='ltr'>ὲν</span> <span class='ocrx_word' id='word_1_507' title='bbox 1730 1573 1797 1627; x_wconf 63' lang='grc' dir='ltr'>αὐτῇ</span> <span class='ocrx_word' id='word_1_508' title='bbox 1808 1591 1885 1618; x_wconf 88' lang='grc' dir='ltr'>πολι-</span> 
     </span>
    </p>
   </div>
   <div class='ocr_carea' id='block_1_65' title="bbox 255 1635 1078 1674">
    <p class='ocr_par' dir='ltr' id='par_1_65' title="bbox 255 1635 1043 1672">
     <span class='ocr_line' id='line_1_65' title="bbox 255 1635 1043 1672; baseline 0.003 -10"><span class='ocrx_word' id='word_1_509' title='bbox 255 1636 405 1671; x_wconf 82' lang='lat' dir='ltr'><strong>antiquitus</strong></span> <span class='ocrx_word' id='word_1_510' title='bbox 421 1636 586 1663; x_wconf 85' lang='lat' dir='ltr'><strong>celebratam</strong></span> <span class='ocrx_word' id='word_1_511' title='bbox 601 1635 768 1670; x_wconf 78' lang='lat' dir='ltr'><strong>Jerusalem,</strong></span> <span class='ocrx_word' id='word_1_512' title='bbox 784 1637 899 1672; x_wconf 91' lang='lat' dir='ltr'><strong>ejusque</strong></span> <span class='ocrx_word' id='word_1_513' title='bbox 917 1638 1043 1672; x_wconf 78' lang='lat' dir='ltr'><strong>gloriam,</strong></span> 
     </span>
    </p>
   </div>
   <div class='ocr_carea' id='block_1_66' title="bbox 1060 1635 1883 1674">
    <p class='ocr_par' dir='ltr' id='par_1_66' title="bbox 1095 1637 1883 1674">
     <span class='ocr_line' id='line_1_66' title="bbox 1095 1637 1883 1674; baseline 0.004 -11"><span class='ocrx_word' id='word_1_514' title='bbox 1095 1637 1248 1672; x_wconf 73' lang='grc' dir='ltr'>’πενομένων</span> <span class='ocrx_word' id='word_1_515' title='bbox 1277 1637 1364 1671; x_wconf 80' lang='grc' dir='ltr'>ἁγίων</span> <span class='ocrx_word' id='word_1_516' title='bbox 1393 1638 1439 1664; x_wconf 70' lang='grc' dir='ltr'>καὶ</span> <span class='ocrx_word' id='word_1_517' title='bbox 1465 1637 1597 1671; x_wconf 71' lang='grc' dir='ltr'>θεοφιλῶν</span> <span class='ocrx_word' id='word_1_518' title='bbox 1626 1638 1730 1674; x_wconf 81' lang='grc' dir='ltr'>ἀνδρῶν</span> <span class='ocrx_word' id='word_1_519' title='bbox 1756 1639 1804 1666; x_wconf 76' lang='grc' dir='ltr'><strong>ἐπὶ</strong></span> <span class='ocrx_word' id='word_1_520' title='bbox 1836 1639 1883 1666; x_wconf 77' lang='grc' dir='ltr'>τοῦ</span> 
     </span>
    </p>
   </div>
   <div class='ocr_carea' id='block_1_67' title="bbox 255 1681 1078 1721">
    <p class='ocr_par' dir='ltr' id='par_1_67' title="bbox 255 1681 1044 1718">
     <span class='ocr_line' id='line_1_67' title="bbox 255 1681 1044 1718; baseline 0.004 -11"><span class='ocrx_word' id='word_1_521' title='bbox 255 1688 287 1707; x_wconf 86' lang='lat' dir='ltr'><strong>ac</strong></span> <span class='ocrx_word' id='word_1_522' title='bbox 304 1681 403 1708; x_wconf 65' lang='lat' dir='ltr'><strong>divinae</strong></span> <span class='ocrx_word' id='word_1_523' title='bbox 431 1681 517 1716; x_wconf 76' lang='lat' dir='ltr'><strong>frugis</strong></span> <span class='ocrx_word' id='word_1_524' title='bbox 547 1688 720 1716; x_wconf 88' lang='lat' dir='ltr'><strong>proventum.</strong></span> <span class='ocrx_word' id='word_1_525' title='bbox 737 1690 831 1709; x_wconf 88' lang='lat' dir='ltr'><strong>eorum</strong></span> <span class='ocrx_word' id='word_1_526' title='bbox 859 1683 953 1718; x_wconf 86' lang='lat' dir='ltr'><strong>utique</strong></span> <span class='ocrx_word' id='word_1_527' title='bbox 980 1691 1044 1711; x_wconf 83' lang='lat' dir='ltr'><strong>san-</strong></span> 
     </span>
    </p>
   </div>
   <div class='ocr_carea' id='block_1_68' title="bbox 1061 1681 1884 1721">
    <p class='ocr_par' dir='ltr' id='par_1_68' title="bbox 1096 1684 1884 1721">
     <span class='ocr_line' id='line_1_68' title="bbox 1096 1684 1884 1721; baseline 0.003 -11"><span class='ocrx_word' id='word_1_528' title='bbox 1096 1684 1228 1719; x_wconf 82' lang='grc' dir='ltr'>παρόντος</span> <span class='ocrx_word' id='word_1_529' title='bbox 1246 1684 1443 1720; x_wconf 81' lang='grc' dir='ltr'>ὑστερημένην.</span> <span class='ocrx_word' id='word_1_530' title='bbox 1461 1684 1538 1710; x_wconf 82' lang='grc' dir='ltr'>Μετὰ</span> <span class='ocrx_word' id='word_1_531' title='bbox 1560 1684 1615 1720; x_wconf 75' lang='grc' dir='ltr'><strong>γὰρ</strong></span> <span class='ocrx_word' id='word_1_532' title='bbox 1637 1684 1686 1720; x_wconf 87' lang='grc' dir='ltr'>τὴν</span> <span class='ocrx_word' id='word_1_533' title='bbox 1701 1684 1748 1711; x_wconf 81' lang='grc' dir='ltr'>τοῦ</span> <span class='ocrx_word' id='word_1_534' title='bbox 1764 1685 1884 1721; x_wconf 82' lang='grc' dir='ltr'>Χριστοῦ</span> 
     </span>
    </p>
   </div>
   <div class='ocr_carea' id='block_1_69' title="bbox 253 1727 1076 1766">
    <p class='ocr_par' dir='ltr' id='par_1_69' title="bbox 253 1727 1044 1764">
     <span class='ocr_line' id='line_1_69' title="bbox 253 1727 1044 1764; baseline 0.006 -12"><span class='ocrx_word' id='word_1_535' title='bbox 253 1731 360 1753; x_wconf 82' lang='lat' dir='ltr'><strong>ctornm</strong></span> <span class='ocrx_word' id='word_1_536' title='bbox 390 1727 531 1754; x_wconf 92' lang='lat' dir='ltr'><strong>hominum</strong></span> <span class='ocrx_word' id='word_1_537' title='bbox 560 1727 661 1762; x_wconf 87' lang='lat' dir='ltr'><strong>Deique</strong></span> <span class='ocrx_word' id='word_1_538' title='bbox 690 1729 860 1760; x_wconf 85' lang='lat' dir='ltr'><strong>amicorum,</strong></span> <span class='ocrx_word' id='word_1_539' title='bbox 882 1729 928 1764; x_wconf 93' lang='lat' dir='ltr'><strong>qui</strong></span> <span class='ocrx_word' id='word_1_540' title='bbox 959 1730 986 1756; x_wconf 92' lang='lat' dir='ltr'><strong>in</strong></span> <span class='ocrx_word' id='word_1_541' title='bbox 1012 1738 1044 1757; x_wconf 84' lang='lat' dir='ltr'><strong>ea</strong></span> 
     </span>
    </p>
   </div>
   <div class='ocr_carea' id='block_1_70' title="bbox 1060 1727 1883 1766">
    <p class='ocr_par' dir='ltr' id='par_1_70' title="bbox 1095 1730 1883 1766">
     <span class='ocr_line' id='line_1_70' title="bbox 1095 1730 1883 1766; baseline 0.001 -10"><span class='ocrx_word' id='word_1_542' title='bbox 1095 1731 1245 1766; x_wconf 74' lang='grc' dir='ltr'>παρουσίαν</span> <span class='ocrx_word' id='word_1_543' title='bbox 1263 1730 1374 1765; x_wconf 86' lang='grc' dir='ltr'>γέγονεν</span> <span class='ocrx_word' id='word_1_544' title='bbox 1394 1730 1501 1766; x_wconf 88' lang='grc' dir='ltr'>ἀληθῶς</span> <span class='ocrx_word' id='word_1_545' title='bbox 1522 1730 1660 1766; x_wconf 77' lang='grc' dir='ltr'>ἄκαρπος,</span> <span class='ocrx_word' id='word_1_546' title='bbox 1688 1731 1734 1757; x_wconf 76' lang='grc' dir='ltr'>καὶ</span> <span class='ocrx_word' id='word_1_547' title='bbox 1759 1730 1883 1765; x_wconf 84' lang='grc' dir='ltr'>ἄνυδρος,</span> 
     </span>
    </p>
   </div>
   <div class='ocr_carea' id='block_1_71' title="bbox 254 1772 1077 1812">
    <p class='ocr_par' dir='ltr' id='par_1_71' title="bbox 254 1772 1044 1810">
     <span class='ocr_line' id='line_1_71' title="bbox 254 1772 1044 1810; baseline 0.008 -13"><span class='ocrx_word' id='word_1_548' title='bbox 254 1772 381 1803; x_wconf 78' lang='lat' dir='ltr'><strong>vixerint,</strong></span> <span class='ocrx_word' id='word_1_549' title='bbox 404 1781 486 1807; x_wconf 88' lang='lat' dir='ltr'><strong>quam</strong></span> <span class='ocrx_word' id='word_1_550' title='bbox 514 1774 607 1809; x_wconf 90' lang='lat' dir='ltr'><strong>utique</strong></span> <span class='ocrx_word' id='word_1_551' title='bbox 633 1775 661 1801; x_wconf 91' lang='lat' dir='ltr'><strong>in</strong></span> <span class='ocrx_word' id='word_1_552' title='bbox 688 1775 814 1810; x_wconf 81' lang='lat' dir='ltr'><strong>praesenti</strong></span> <span class='ocrx_word' id='word_1_553' title='bbox 842 1775 972 1804; x_wconf 88' lang='lat' dir='ltr'><strong>omnibus</strong></span> <span class='ocrx_word' id='word_1_554' title='bbox 1002 1776 1044 1804; x_wconf 86' lang='lat' dir='ltr'><strong>his</strong></span> 
     </span>
    </p>
   </div>
   <div class='ocr_carea' id='block_1_72' title="bbox 1060 1772 1883 1812">
    <p class='ocr_par' dir='ltr' id='par_1_72' title="bbox 1095 1775 1883 1812">
     <span class='ocr_line' id='line_1_72' title="bbox 1095 1775 1883 1812; baseline 0.003 -11"><span class='ocrx_word' id='word_1_555' title='bbox 1095 1776 1142 1802; x_wconf 71' lang='grc' dir='ltr'>καὶ</span> <span class='ocrx_word' id='word_1_556' title='bbox 1150 1775 1288 1806; x_wconf 84' lang='grc' dir='ltr'>παντελῶς</span> <span class='ocrx_word' id='word_1_557' title='bbox 1297 1775 1410 1811; x_wconf 76' lang='grc' dir='ltr'>ἕρημος,</span> <span class='ocrx_word' id='word_1_558' title='bbox 1419 1777 1476 1807; x_wconf 80' lang='grc' dir='ltr'>καὶ,</span> <span class='ocrx_word' id='word_1_559' title='bbox 1488 1775 1525 1808; x_wconf 81' lang='grc' dir='ltr'>ὣς</span> <span class='ocrx_word' id='word_1_560' title='bbox 1532 1777 1637 1811; x_wconf 74' lang='grc' dir='ltr'>φησινη</span> <span class='ocrx_word' id='word_1_561' title='bbox 1647 1776 1810 1812; x_wconf 72' lang='grc' dir='ltr'>προφητεία,</span> <span class='ocrx_word' id='word_1_562' title='bbox 1820 1785 1830 1802; x_wconf 83' lang='grc' dir='ltr'><strong>ι</strong></span> <span class='ocrx_word' id='word_1_563' title='bbox 1843 1778 1883 1808; x_wconf 74' lang='grc' dir='ltr'>εἰς</span> 
     </span>
    </p>
   </div>
   <div class='ocr_carea' id='block_1_73' title="bbox 253 1818 1076 1858">
    <p class='ocr_par' dir='ltr' id='par_1_73' title="bbox 253 1818 1043 1857">
     <span class='ocr_line' id='line_1_73' title="bbox 253 1818 1043 1857; baseline 0.008 -14"><span class='ocrx_word' id='word_1_564' title='bbox 253 1818 335 1844; x_wconf 81' lang='lat' dir='ltr'><strong>rebus</strong></span> <span class='ocrx_word' id='word_1_565' title='bbox 362 1818 494 1852; x_wconf 80' lang='lat' dir='ltr'><strong>privatam</strong></span> <span class='ocrx_word' id='word_1_566' title='bbox 519 1820 716 1855; x_wconf 82' lang='lat' dir='ltr'><strong>spoliatamque</strong></span> <span class='ocrx_word' id='word_1_567' title='bbox 738 1821 870 1849; x_wconf 88' lang='lat' dir='ltr'><strong>invenies.</strong></span> <span class='ocrx_word' id='word_1_568' title='bbox 897 1821 964 1848; x_wconf 80' lang='lat' dir='ltr'><strong>Nam</strong></span> <span class='ocrx_word' id='word_1_569' title='bbox 981 1827 1043 1857; x_wconf 85' lang='lat' dir='ltr'><strong>post</strong></span> 
     </span>
    </p>
   </div>
   <div class='ocr_carea' id='block_1_74' title="bbox 1059 1818 1882 1858">
    <p class='ocr_par' dir='ltr' id='par_1_74' title="bbox 1094 1821 1882 1858">
     <span class='ocr_line' id='line_1_74' title="bbox 1094 1821 1882 1858; baseline 0.001 -10"><span class='ocrx_word' id='word_1_570' title='bbox 1094 1821 1183 1857; x_wconf 77' lang='grc' dir='ltr'>ἆλμην</span> <span class='ocrx_word' id='word_1_571' title='bbox 1195 1822 1248 1848; x_wconf 80' lang='grc' dir='ltr'><strong>ἀπὸ</strong></span> <span class='ocrx_word' id='word_1_572' title='bbox 1258 1822 1356 1854; x_wconf 77' lang='grc' dir='ltr'>κακίας</span> <span class='ocrx_word' id='word_1_573' title='bbox 1374 1823 1427 1848; x_wconf 86' lang='grc' dir='ltr'>τῶν</span> <span class='ocrx_word' id='word_1_574' title='bbox 1443 1822 1641 1849; x_wconf 82' lang='grc' dir='ltr'>κατοικούντων</span> <span class='ocrx_word' id='word_1_575' title='bbox 1649 1823 1680 1849; x_wconf 78' lang='grc' dir='ltr'>ὲν</span> <span class='ocrx_word' id='word_1_576' title='bbox 1692 1823 1772 1858; x_wconf 72' lang='grc' dir='ltr'>αὐτῇ.</span> <span class='ocrx_word' id='word_1_577' title='bbox 1791 1833 1800 1848; x_wconf 77' lang='grc' dir='ltr'><strong>ι</strong></span> <span class='ocrx_word' id='word_1_578' title='bbox 1813 1822 1882 1850; x_wconf 73' lang='grc' dir='ltr'>Τού-</span> 
     </span>
    </p>
   </div>
   <div class='ocr_carea' id='block_1_75' title="bbox 254 1864 1077 1904">
    <p class='ocr_par' dir='ltr' id='par_1_75' title="bbox 254 1864 1043 1896">
     <span class='ocr_line' id='line_1_75' title="bbox 254 1864 1043 1896; baseline 0.009 -7"><span class='ocrx_word' id='word_1_579' title='bbox 254 1864 355 1892; x_wconf 68' lang='lat' dir='ltr'><strong>tllti-isti</strong></span> <span class='ocrx_word' id='word_1_580' title='bbox 371 1864 606 1896; x_wconf 73' lang='lat' dir='ltr'><strong>adventuun,facta</strong></span> <span class='ocrx_word' id='word_1_581' title='bbox 621 1871 662 1894; x_wconf 85' lang='lat' dir='ltr'><strong>est</strong></span> <span class='ocrx_word' id='word_1_582' title='bbox 678 1875 740 1894; x_wconf 82' lang='lat' dir='ltr'><strong>vere</strong></span> <span class='ocrx_word' id='word_1_583' title='bbox 755 1867 927 1895; x_wconf 79' lang='lat' dir='ltr'><strong>infructuosa</strong></span> <span class='ocrx_word' id='word_1_584' title='bbox 943 1873 970 1895; x_wconf 88' lang='lat' dir='ltr'><strong>et</strong></span> <span class='ocrx_word' id='word_1_585' title='bbox 984 1870 1043 1896; x_wconf 87' lang='lat' dir='ltr'><strong>sine</strong></span> 
     </span>
    </p>
   </div>
   <div class='ocr_carea' id='block_1_76' title="bbox 1059 1864 1882 1904">
    <p class='ocr_par' dir='ltr' id='par_1_76' title="bbox 1093 1868 1882 1904">
     <span class='ocr_line' id='line_1_76' title="bbox 1093 1868 1882 1904; baseline 0.001 -10"><span class='ocrx_word' id='word_1_586' title='bbox 1093 1876 1151 1900; x_wconf 85' lang='grc' dir='ltr'>τοις</span> <span class='ocrx_word' id='word_1_587' title='bbox 1164 1868 1342 1894; x_wconf 84' lang='grc' dir='ltr'>ὲπισυνάπτει</span> <span class='ocrx_word' id='word_1_588' title='bbox 1360 1868 1461 1904; x_wconf 82' lang='grc' dir='ltr'>σφόδρα</span> <span class='ocrx_word' id='word_1_589' title='bbox 1472 1868 1626 1900; x_wconf 79' lang='grc' dir='ltr'>ἀκολούθως</span> <span class='ocrx_word' id='word_1_590' title='bbox 1641 1868 1802 1904; x_wconf 79' lang='grc' dir='ltr'>προφητικῷ</span> <span class='ocrx_word' id='word_1_591' title='bbox 1819 1870 1882 1904; x_wconf 80' lang='grc' dir='ltr'>τρό-</span> 
     </span>
    </p>
   </div>
   <div class='ocr_carea' id='block_1_77' title="bbox 255 1911 1078 1952">
    <p class='ocr_par' dir='ltr' id='par_1_77' title="bbox 255 1911 1041 1948">
     <span class='ocr_line' id='line_1_77' title="bbox 255 1911 1041 1948; baseline 0.008 -14"><span class='ocrx_word' id='word_1_592' title='bbox 255 1917 336 1943; x_wconf 81' lang='lat' dir='ltr'><strong>aqua,</strong></span> <span class='ocrx_word' id='word_1_593' title='bbox 353 1913 380 1936; x_wconf 89' lang='lat' dir='ltr'><strong>et</strong></span> <span class='ocrx_word' id='word_1_594' title='bbox 393 1911 505 1937; x_wconf 85' lang='lat' dir='ltr'><strong>omnino</strong></span> <span class='ocrx_word' id='word_1_595' title='bbox 516 1911 635 1943; x_wconf 83' lang='lat' dir='ltr'><strong>deserta,</strong></span> <span class='ocrx_word' id='word_1_596' title='bbox 653 1916 690 1943; x_wconf 85' lang='lat' dir='ltr'><strong>et,</strong></span> <span class='ocrx_word' id='word_1_597' title='bbox 710 1916 739 1940; x_wconf 88' lang='lat' dir='ltr'><strong>ut</strong></span> <span class='ocrx_word' id='word_1_598' title='bbox 762 1913 799 1940; x_wconf 86' lang='lat' dir='ltr'><strong>ait</strong></span> <span class='ocrx_word' id='word_1_599' title='bbox 820 1914 961 1948; x_wconf 83' lang='lat' dir='ltr'><strong>prophetia</strong></span> <span class='ocrx_word' id='word_1_600' title='bbox 984 1923 993 1940; x_wconf 86' lang='grc' dir='ltr'><strong>ι</strong></span> <span class='ocrx_word' id='word_1_601' title='bbox 1014 1914 1041 1940; x_wconf 93' lang='lat' dir='ltr'><strong>in</strong></span> 
     </span>
    </p>
   </div>
   <div class='ocr_carea' id='block_1_78' title="bbox 1057 1911 1880 1952">
    <p class='ocr_par' dir='ltr' id='par_1_78' title="bbox 1093 1914 1880 1952">
     <span class='ocr_line' id='line_1_78' title="bbox 1093 1914 1880 1952; baseline 0.003 -12"><span class='ocrx_word' id='word_1_602' title='bbox 1093 1923 1136 1949; x_wconf 82' lang='grc' dir='ltr'><strong>πῳ</strong></span> <span class='ocrx_word' id='word_1_603' title='bbox 1148 1914 1332 1950; x_wconf 76' lang='grc' dir='ltr'>αἰνιττόμενος</span> <span class='ocrx_word' id='word_1_604' title='bbox 1343 1916 1392 1950; x_wconf 83' lang='grc' dir='ltr'>τῆς</span> <span class='ocrx_word' id='word_1_605' title='bbox 1413 1914 1496 1941; x_wconf 83' lang='grc' dir='ltr'>πάλαι</span> <span class='ocrx_word' id='word_1_606' title='bbox 1512 1915 1616 1950; x_wconf 75' lang='grc' dir='ltr'>ἐρήμου</span> <span class='ocrx_word' id='word_1_607' title='bbox 1632 1915 1680 1941; x_wconf 81' lang='grc' dir='ltr'>καὶ</span> <span class='ocrx_word' id='word_1_608' title='bbox 1691 1915 1809 1950; x_wconf 75' lang='grc' dir='ltr'>διψάδος,</span> <span class='ocrx_word' id='word_1_609' title='bbox 1821 1916 1880 1952; x_wconf 77' lang='grc' dir='ltr'>ἢτοι</span> 
     </span>
    </p>
   </div>
   <div class='ocr_carea' id='block_1_79' title="bbox 255 1955 1078 1997">
    <p class='ocr_par' dir='ltr' id='par_1_79' title="bbox 255 1955 1041 1989">
     <span class='ocr_line' id='line_1_79' title="bbox 255 1955 1041 1989; baseline 0.005 -7"><span class='ocrx_word' id='word_1_610' title='bbox 255 1955 420 1989; x_wconf 83' lang='lat' dir='ltr'><strong>salsuginem</strong></span> <span class='ocrx_word' id='word_1_611' title='bbox 443 1963 458 1982; x_wconf 89' lang='lat' dir='ltr'><strong>a</strong></span> <span class='ocrx_word' id='word_1_612' title='bbox 485 1957 588 1984; x_wconf 83' lang='lat' dir='ltr'><strong>malitia</strong></span> <span class='ocrx_word' id='word_1_613' title='bbox 613 1957 822 1985; x_wconf 83' lang='lat' dir='ltr'><strong>inhabitantium</strong></span> <span class='ocrx_word' id='word_1_614' title='bbox 842 1959 869 1985; x_wconf 90' lang='lat' dir='ltr'><strong>in</strong></span> <span class='ocrx_word' id='word_1_615' title='bbox 893 1965 935 1986; x_wconf 85' lang='lat' dir='ltr'><strong>ea.</strong></span> <span class='ocrx_word' id='word_1_616' title='bbox 955 1969 965 1985; x_wconf 83' lang='grc'><strong>›</strong></span> <span class='ocrx_word' id='word_1_617' title='bbox 992 1959 1041 1987; x_wconf 87' lang='lat' dir='ltr'><strong>His</strong></span> 
     </span>
    </p>
   </div>
   <div class='ocr_carea' id='block_1_80' title="bbox 1056 1955 1879 1997">
    <p class='ocr_par' dir='ltr' id='par_1_80' title="bbox 1092 1959 1879 1997">
     <span class='ocr_line' id='line_1_80' title="bbox 1092 1959 1879 1997; baseline 0.003 -11"><span class='ocrx_word' id='word_1_618' title='bbox 1092 1960 1183 1995; x_wconf 77' lang='grc' dir='ltr'>πάσης</span> <span class='ocrx_word' id='word_1_619' title='bbox 1201 1959 1342 1995; x_wconf 84' lang='grc' dir='ltr'>ἀνθρώπου</span> <span class='ocrx_word' id='word_1_620' title='bbox 1353 1959 1452 1995; x_wconf 64' lang='grc' dir='ltr'>ψυχῆς,</span> <span class='ocrx_word' id='word_1_621' title='bbox 1471 1960 1487 1995; x_wconf 81' lang='grc' dir='ltr'>ἢ</span> <span class='ocrx_word' id='word_1_622' title='bbox 1507 1962 1556 1995; x_wconf 86' lang='grc' dir='ltr'>τῆς</span> <span class='ocrx_word' id='word_1_623' title='bbox 1569 1960 1599 1992; x_wconf 74' lang='grc' dir='ltr'>ἐξ</span> <span class='ocrx_word' id='word_1_624' title='bbox 1613 1960 1698 1987; x_wconf 78' lang='grc' dir='ltr'>ἐθνῶν</span> <span class='ocrx_word' id='word_1_625' title='bbox 1717 1961 1879 1997; x_wconf 80' lang='grc' dir='ltr'>Ἐκκλησίας</span> 
     </span>
    </p>
   </div>
   <div class='ocr_carea' id='block_1_81' title="bbox 255 2000 1078 2042">
    <p class='ocr_par' dir='ltr' id='par_1_81' title="bbox 255 2000 1040 2037">
     <span class='ocr_line' id='line_1_81' title="bbox 255 2000 1040 2037; baseline 0.009 -11"><span class='ocrx_word' id='word_1_626' title='bbox 255 2000 373 2027; x_wconf 86' lang='lat' dir='ltr'><strong>adnectit</strong></span> <span class='ocrx_word' id='word_1_627' title='bbox 385 2001 524 2036; x_wconf 83' lang='lat' dir='ltr'><strong>deinceps,</strong></span> <span class='ocrx_word' id='word_1_628' title='bbox 542 2007 623 2037; x_wconf 86' lang='lat' dir='ltr'><strong>atque</strong></span> <span class='ocrx_word' id='word_1_629' title='bbox 640 2003 784 2030; x_wconf 89' lang='lat' dir='ltr'><strong>admodum</strong></span> <span class='ocrx_word' id='word_1_630' title='bbox 805 2009 880 2032; x_wconf 90' lang='lat' dir='ltr'><strong>certo</strong></span> <span class='ocrx_word' id='word_1_631' title='bbox 894 2004 990 2032; x_wconf 90' lang='lat' dir='ltr'><strong>ordine</strong></span> <span class='ocrx_word' id='word_1_632' title='bbox 1013 2010 1040 2033; x_wconf 82' lang='lat' dir='ltr'><strong>et</strong></span> 
     </span>
    </p>
   </div>
   <div class='ocr_carea' id='block_1_82' title="bbox 1056 2000 1879 2042">
    <p class='ocr_par' dir='ltr' id='par_1_82' title="bbox 1090 2006 1879 2042">
     <span class='ocr_line' id='line_1_82' title="bbox 1090 2006 1879 2042; baseline 0.004 -10"><span class='ocrx_word' id='word_1_633' title='bbox 1090 2006 1140 2042; x_wconf 82' lang='grc' dir='ltr'>τὴν</span> <span class='ocrx_word' id='word_1_634' title='bbox 1155 2007 1194 2038; x_wconf 85' lang='grc' dir='ltr'>εἰς</span> <span class='ocrx_word' id='word_1_635' title='bbox 1209 2006 1349 2033; x_wconf 77' lang='grc' dir='ltr'>εὐσέϐειαν</span> <span class='ocrx_word' id='word_1_636' title='bbox 1364 2006 1523 2042; x_wconf 73' lang='grc' dir='ltr'>μεταδολὴν,</span> <span class='ocrx_word' id='word_1_637' title='bbox 1536 2008 1585 2042; x_wconf 86' lang='grc' dir='ltr'>τήν</span> <span class='ocrx_word' id='word_1_638' title='bbox 1598 2015 1628 2033; x_wconf 81' lang='grc' dir='ltr'><strong>τε</strong></span> <span class='ocrx_word' id='word_1_639' title='bbox 1640 2008 1669 2033; x_wconf 85' lang='grc' dir='ltr'>ὲν</span> <span class='ocrx_word' id='word_1_640' title='bbox 1687 2007 1768 2039; x_wconf 80' lang='grc' dir='ltr'>θείοις</span> <span class='ocrx_word' id='word_1_641' title='bbox 1790 2008 1879 2042; x_wconf 81' lang='grc' dir='ltr'>λόγοις</span> 
     </span>
    </p>
   </div>
   <div class='ocr_carea' id='block_1_83' title="bbox 254 2048 1077 2090">
    <p class='ocr_par' dir='ltr' id='par_1_83' title="bbox 254 2048 1040 2085">
     <span class='ocr_line' id='line_1_83' title="bbox 254 2048 1040 2085; baseline 0.008 -12"><span class='ocrx_word' id='word_1_642' title='bbox 254 2048 413 2082; x_wconf 86' lang='lat' dir='ltr'><strong>prophetico</strong></span> <span class='ocrx_word' id='word_1_643' title='bbox 425 2056 500 2075; x_wconf 88' lang='lat' dir='ltr'><strong>more</strong></span> <span class='ocrx_word' id='word_1_644' title='bbox 513 2050 650 2084; x_wconf 87' lang='lat' dir='ltr'><strong>proponit,</strong></span> <span class='ocrx_word' id='word_1_645' title='bbox 663 2050 723 2084; x_wconf 87' lang='lat' dir='ltr'><strong>ejus</strong></span> <span class='ocrx_word' id='word_1_646' title='bbox 736 2059 796 2085; x_wconf 65' lang='lat' dir='ltr'><strong>qua:</strong></span> <span class='ocrx_word' id='word_1_647' title='bbox 812 2051 876 2078; x_wconf 91' lang='lat' dir='ltr'><strong>olim</strong></span> <span class='ocrx_word' id='word_1_648' title='bbox 890 2051 999 2078; x_wconf 84' lang='lat' dir='ltr'><strong>deserta</strong></span> <span class='ocrx_word' id='word_1_649' title='bbox 1013 2055 1040 2079; x_wconf 80' lang='lat' dir='ltr'><strong>et</strong></span> 
     </span>
    </p>
   </div>
   <div class='ocr_carea' id='block_1_84' title="bbox 1053 2048 1876 2090">
    <p class='ocr_par' dir='ltr' id='par_1_84' title="bbox 1091 2054 1876 2090">
     <span class='ocr_line' id='line_1_84' title="bbox 1091 2054 1876 2090; baseline 0.001 -10"><span class='ocrx_word' id='word_1_650' title='bbox 1091 2054 1295 2090; x_wconf 80' lang='grc' dir='ltr'>καρποφορίαν·</span> <span class='ocrx_word' id='word_1_651' title='bbox 1319 2054 1337 2081; x_wconf 72' lang='grc' dir='ltr'><strong>ἃ.</strong></span> <span class='ocrx_word' id='word_1_652' title='bbox 1358 2055 1405 2081; x_wconf 81' lang='grc' dir='ltr'>καὶ</span> <span class='ocrx_word' id='word_1_653' title='bbox 1429 2054 1568 2090; x_wconf 85' lang='grc' dir='ltr'>προδήλως</span> <span class='ocrx_word' id='word_1_654' title='bbox 1584 2054 1742 2086; x_wconf 76' lang='grc' dir='ltr'>αἰνίττεται,</span> <span class='ocrx_word' id='word_1_655' title='bbox 1770 2054 1876 2089; x_wconf 85' lang='grc' dir='ltr'>λέγων·</span> 
     </span>
    </p>
   </div>
   <div class='ocr_carea' id='block_1_85' title="bbox 253 2093 1076 2136">
    <p class='ocr_par' dir='ltr' id='par_1_85' title="bbox 253 2093 1038 2133">
     <span class='ocr_line' id='line_1_85' title="bbox 253 2093 1038 2133; baseline 0.009 -14"><span class='ocrx_word' id='word_1_656' title='bbox 253 2093 393 2121; x_wconf 84' lang='lat' dir='ltr'><strong>siticulosa</strong></span> <span class='ocrx_word' id='word_1_657' title='bbox 419 2100 487 2126; x_wconf 81' lang='lat' dir='ltr'><strong>erat,</strong></span> <span class='ocrx_word' id='word_1_658' title='bbox 512 2095 569 2122; x_wconf 86' lang='lat' dir='ltr'><strong>sive</strong></span> <span class='ocrx_word' id='word_1_659' title='bbox 591 2096 661 2123; x_wconf 87' lang='lat' dir='ltr'><strong>hanc</strong></span> <span class='ocrx_word' id='word_1_660' title='bbox 686 2097 903 2133; x_wconf 78' lang='lat' dir='ltr'><strong>uniuscujusque</strong></span> <span class='ocrx_word' id='word_1_661' title='bbox 921 2098 1038 2126; x_wconf 83' lang='lat' dir='ltr'><strong>hominis</strong></span> 
     </span>
    </p>
   </div>
   <div class='ocr_carea' id='block_1_86' title="bbox 1052 2093 1875 2136">
    <p class='ocr_par' dir='ltr' id='par_1_86' title="bbox 1093 2099 1875 2136">
     <span class='ocr_line' id='line_1_86' title="bbox 1093 2099 1875 2136; baseline 0 -10"><span class='ocrx_word' id='word_1_662' title='bbox 1093 2109 1102 2126; x_wconf 75' lang='grc' dir='ltr'><strong>ι</strong></span> <span class='ocrx_word' id='word_1_663' title='bbox 1117 2100 1212 2127; x_wconf 79' lang='grc' dir='ltr'>Ἔθετο</span> <span class='ocrx_word' id='word_1_664' title='bbox 1233 2100 1336 2136; x_wconf 75' lang='grc' dir='ltr'>ἔρημον</span> <span class='ocrx_word' id='word_1_665' title='bbox 1356 2101 1395 2132; x_wconf 84' lang='grc' dir='ltr'><strong>εἰς</strong></span> <span class='ocrx_word' id='word_1_666' title='bbox 1415 2099 1513 2136; x_wconf 88' lang='grc' dir='ltr'>λίμνας</span> <span class='ocrx_word' id='word_1_667' title='bbox 1530 2100 1644 2130; x_wconf 80' lang='grc' dir='ltr'>ὑδάτων,</span> <span class='ocrx_word' id='word_1_668' title='bbox 1656 2110 1665 2125; x_wconf 76' lang='grc' dir='ltr'><strong>ι</strong></span> <span class='ocrx_word' id='word_1_669' title='bbox 1680 2100 1728 2127; x_wconf 74' lang='grc' dir='ltr'>καὶ</span> <span class='ocrx_word' id='word_1_670' title='bbox 1745 2100 1780 2127; x_wconf 81' lang='grc' dir='ltr'>τὰ</span> <span class='ocrx_word' id='word_1_671' title='bbox 1796 2100 1875 2136; x_wconf 74' lang='grc' dir='ltr'>ἐξῆςε</span> 
     </span>
    </p>
   </div>
   <div class='ocr_carea' id='block_1_87' title="bbox 252 2139 1075 2182">
    <p class='ocr_par' dir='ltr' id='par_1_87' title="bbox 252 2139 1038 2176">
     <span class='ocr_line' id='line_1_87' title="bbox 252 2139 1038 2176; baseline 0.008 -11"><span class='ocrx_word' id='word_1_672' title='bbox 252 2139 382 2170; x_wconf 71' lang='lat' dir='ltr'><strong>animam,</strong></span> <span class='ocrx_word' id='word_1_673' title='bbox 415 2140 473 2167; x_wconf 82' lang='lat' dir='ltr'><strong>sive</strong></span> <span class='ocrx_word' id='word_1_674' title='bbox 498 2141 532 2168; x_wconf 88' lang='lat' dir='ltr'><strong>de</strong></span> <span class='ocrx_word' id='word_1_675' title='bbox 559 2142 686 2176; x_wconf 74' lang='lat' dir='ltr'><strong>gentibus</strong></span> <span class='ocrx_word' id='word_1_676' title='bbox 711 2143 854 2170; x_wconf 83' lang='lat' dir='ltr'><strong>collectam</strong></span> <span class='ocrx_word' id='word_1_677' title='bbox 886 2143 1038 2171; x_wconf 82' lang='lat' dir='ltr'><strong>Ecclesiam</strong></span> 
     </span>
    </p>
   </div>
   <div class='ocr_carea' id='block_1_88' title="bbox 1053 2139 1876 2182">
    <p class='ocr_par' dir='ltr' id='par_1_88' title="bbox 1089 2145 1876 2182">
     <span class='ocr_line' id='line_1_88' title="bbox 1089 2145 1876 2182; baseline 0.001 -10"><span class='ocrx_word' id='word_1_678' title='bbox 1089 2145 1160 2181; x_wconf 73' lang='grc' dir='ltr'>ἅπερ</span> <span class='ocrx_word' id='word_1_679' title='bbox 1177 2147 1271 2181; x_wconf 81' lang='grc' dir='ltr'>νοῆσαι</span> <span class='ocrx_word' id='word_1_680' title='bbox 1286 2146 1366 2181; x_wconf 82' lang='grc' dir='ltr'>μόνου</span> <span class='ocrx_word' id='word_1_681' title='bbox 1387 2146 1433 2172; x_wconf 86' lang='grc' dir='ltr'>τοῦ</span> <span class='ocrx_word' id='word_1_682' title='bbox 1451 2146 1526 2182; x_wconf 77' lang='grc' dir='ltr'>παρὰ</span> <span class='ocrx_word' id='word_1_683' title='bbox 1539 2146 1598 2181; x_wconf 84' lang='grc' dir='ltr'><strong>Θεῷ</strong></span> <span class='ocrx_word' id='word_1_684' title='bbox 1611 2146 1709 2180; x_wconf 75' lang='grc' dir='ltr'>γένοιτ’</span> <span class='ocrx_word' id='word_1_685' title='bbox 1727 2145 1760 2173; x_wconf 81' lang='grc' dir='ltr'>ἂν</span> <span class='ocrx_word' id='word_1_686' title='bbox 1777 2146 1876 2181; x_wconf 78' lang='grc' dir='ltr'>σοφοῦ,</span> 
     </span>
    </p>
   </div>
   <div class='ocr_carea' id='block_1_89' title="bbox 251 2185 1074 2228">
    <p class='ocr_par' dir='ltr' id='par_1_89' title="bbox 251 2185 1037 2222">
     <span class='ocr_line' id='line_1_89' title="bbox 251 2185 1037 2222; baseline 0.006 -11"><span class='ocrx_word' id='word_1_687' title='bbox 251 2185 364 2217; x_wconf 72' lang='lat' dir='ltr'><strong>dixeris,</strong></span> <span class='ocrx_word' id='word_1_688' title='bbox 387 2185 604 2222; x_wconf 63' lang='lat' dir='ltr'><strong>ejus,,inquam,</strong></span> <span class='ocrx_word' id='word_1_689' title='bbox 628 2189 870 2216; x_wconf 82' lang='lat' dir='ltr'><strong>eonnnutationem</strong></span> <span class='ocrx_word' id='word_1_690' title='bbox 885 2189 912 2216; x_wconf 88' lang='lat' dir='ltr'><strong>in</strong></span> <span class='ocrx_word' id='word_1_691' title='bbox 927 2195 1037 2218; x_wconf 88' lang='lat' dir='ltr'><strong>sanctos</strong></span> 
     </span>
    </p>
   </div>
   <div class='ocr_carea' id='block_1_90' title="bbox 1051 2185 1874 2228">
    <p class='ocr_par' dir='ltr' id='par_1_90' title="bbox 1089 2191 1874 2228">
     <span class='ocr_line' id='line_1_90' title="bbox 1089 2191 1874 2228; baseline 0.001 -10"><span class='ocrx_word' id='word_1_692' title='bbox 1089 2192 1160 2218; x_wconf 83' lang='grc' dir='ltr'>κατὰ</span> <span class='ocrx_word' id='word_1_693' title='bbox 1176 2192 1226 2228; x_wconf 77' lang='grc' dir='ltr'>τὴν</span> <span class='ocrx_word' id='word_1_694' title='bbox 1237 2193 1282 2218; x_wconf 75' lang='grc' dir='ltr'><strong>ἐπὶ</strong></span> <span class='ocrx_word' id='word_1_695' title='bbox 1300 2192 1370 2218; x_wconf 83' lang='grc' dir='ltr'>τέλει</span> <span class='ocrx_word' id='word_1_696' title='bbox 1385 2191 1432 2218; x_wconf 82' lang='grc' dir='ltr'>τοῦ</span> <span class='ocrx_word' id='word_1_697' title='bbox 1449 2192 1556 2227; x_wconf 70' lang='grc' dir='ltr'>ψαλμοῦ</span> <span class='ocrx_word' id='word_1_698' title='bbox 1577 2193 1701 2228; x_wconf 78' lang='grc' dir='ltr'>φήσασαν</span> <span class='ocrx_word' id='word_1_699' title='bbox 1716 2193 1874 2228; x_wconf 73' lang='grc' dir='ltr'>ἐπαγωγὴν·</span> 
     </span>
    </p>
   </div>
   <div class='ocr_carea' id='block_1_91' title="bbox 249 2233 1072 2275">
    <p class='ocr_par' dir='ltr' id='par_1_91' title="bbox 249 2233 1033 2269">
     <span class='ocr_line' id='line_1_91' title="bbox 249 2233 1033 2269; baseline 0.006 -11"><span class='ocrx_word' id='word_1_700' title='bbox 249 2239 350 2262; x_wconf 86' lang='lat' dir='ltr'><strong>mores,</strong></span> <span class='ocrx_word' id='word_1_701' title='bbox 371 2240 476 2260; x_wconf 87' lang='lat' dir='ltr'><strong>necnon</strong></span> <span class='ocrx_word' id='word_1_702' title='bbox 499 2233 526 2260; x_wconf 91' lang='lat' dir='ltr'><strong>in</strong></span> <span class='ocrx_word' id='word_1_703' title='bbox 546 2233 646 2261; x_wconf 86' lang='lat' dir='ltr'><strong>divinis</strong></span> <span class='ocrx_word' id='word_1_704' title='bbox 663 2235 834 2262; x_wconf 88' lang='lat' dir='ltr'><strong>sermonibus</strong></span> <span class='ocrx_word' id='word_1_705' title='bbox 861 2241 1033 2269; x_wconf 83' lang='lat' dir='ltr'><strong>proventum,</strong></span> 
     </span>
    </p>
   </div>
   <div class='ocr_carea' id='block_1_92' title="bbox 962 2233 1785 2275">
    <p class='ocr_par' dir='ltr' id='par_1_92' title="bbox 966 2238 1785 2275">
     <span class='ocr_line' id='line_1_92' title="bbox 966 2238 1785 2275; baseline 0.005 -13"><span class='ocrx_word' id='word_1_706' title='bbox 966 2241 1033 2268; x_wconf 88' lang='lat' dir='ltr'><strong>tum,</strong></span> <span class='ocrx_word' id='word_1_707' title='bbox 1091 2247 1100 2263; x_wconf 77' lang='grc' dir='ltr'><strong>ι</strong></span> <span class='ocrx_word' id='word_1_708' title='bbox 1116 2238 1163 2270; x_wconf 82' lang='grc' dir='ltr'>Τίς</span> <span class='ocrx_word' id='word_1_709' title='bbox 1179 2239 1269 2273; x_wconf 65' lang='grc' dir='ltr'>σοφὸς,</span> <span class='ocrx_word' id='word_1_710' title='bbox 1281 2239 1328 2265; x_wconf 75' lang='grc' dir='ltr'><strong>καὶ</strong></span> <span class='ocrx_word' id='word_1_711' title='bbox 1344 2239 1454 2274; x_wconf 74' lang='grc' dir='ltr'>φυλάξει</span> <span class='ocrx_word' id='word_1_712' title='bbox 1466 2239 1566 2271; x_wconf 83' lang='grc' dir='ltr'>ταῦτα;</span> <span class='ocrx_word' id='word_1_713' title='bbox 1581 2248 1591 2263; x_wconf 67' lang='grc' dir='ltr'><strong>ι</strong></span> <span class='ocrx_word' id='word_1_714' title='bbox 1602 2239 1648 2266; x_wconf 74' lang='grc' dir='ltr'>καὶ</span> <span class='ocrx_word' id='word_1_715' title='bbox 1665 2239 1700 2266; x_wconf 84' lang='grc' dir='ltr'>τὰ</span> <span class='ocrx_word' id='word_1_716' title='bbox 1713 2239 1785 2275; x_wconf 77' lang='grc' dir='ltr'><strong>ἑξῆς.</strong></span> 
     </span>
    </p>
   </div>
   <div class='ocr_carea' id='block_1_93' title="bbox 249 2278 1877 2319">
    <p class='ocr_par' dir='ltr' id='par_1_93' title="bbox 249 2278 1877 2319">
     <span class='ocr_line' id='line_1_93' title="bbox 249 2278 1877 2319; baseline 0.006 -16"><span class='ocrx_word' id='word_1_717' title='bbox 249 2285 308 2312; x_wconf 68' lang='lat' dir='ltr'><strong>quae</strong></span> <span class='ocrx_word' id='word_1_718' title='bbox 334 2278 416 2305; x_wconf 83' lang='lat' dir='ltr'><strong>etiam</strong></span> <span class='ocrx_word' id='word_1_719' title='bbox 440 2279 547 2313; x_wconf 83' lang='lat' dir='ltr'><strong>planius</strong></span> <span class='ocrx_word' id='word_1_720' title='bbox 563 2279 663 2310; x_wconf 90' lang='lat' dir='ltr'><strong>innuit,</strong></span> <span class='ocrx_word' id='word_1_721' title='bbox 689 2279 784 2307; x_wconf 86' lang='lat' dir='ltr'><strong>dicens</strong></span> <span class='ocrx_word' id='word_1_722' title='bbox 805 2290 810 2307; x_wconf 95' lang='lat'>:</span> <span class='ocrx_word' id='word_1_723' title='bbox 832 2290 840 2306; x_wconf 83' lang='grc' dir='ltr'><strong>ι</strong></span> <span class='ocrx_word' id='word_1_724' title='bbox 858 2280 953 2308; x_wconf 84' lang='lat' dir='ltr'><strong>Posuit</strong></span> <span class='ocrx_word' id='word_1_725' title='bbox 969 2282 1108 2310; x_wconf 88' lang='lat' dir='ltr'><strong>desertum</strong></span> <span class='ocrx_word' id='word_1_726' title='bbox 1126 2284 1152 2310; x_wconf 96' lang='lat' dir='ltr'><strong>in</strong></span> <span class='ocrx_word' id='word_1_727' title='bbox 1181 2288 1276 2319; x_wconf 73' lang='lat' dir='ltr'><strong>stagna</strong></span> <span class='ocrx_word' id='word_1_728' title='bbox 1306 2291 1451 2318; x_wconf 78' lang='lat' dir='ltr'><strong>aquarum,</strong></span> <span class='ocrx_word' id='word_1_729' title='bbox 1468 2293 1477 2309; x_wconf 84' lang='grc'><strong><em>›</em></strong></span> <span class='ocrx_word' id='word_1_730' title='bbox 1500 2288 1565 2314; x_wconf 87' lang='lat' dir='ltr'><strong>elc.,</strong></span> <span class='ocrx_word' id='word_1_731' title='bbox 1584 2291 1644 2318; x_wconf 71' lang='lat' dir='ltr'><strong>qua:</strong></span> <span class='ocrx_word' id='word_1_732' title='bbox 1660 2285 1753 2319; x_wconf 90' lang='lat' dir='ltr'><strong>utique</strong></span> <span class='ocrx_word' id='word_1_733' title='bbox 1774 2285 1877 2313; x_wconf 83' lang='lat' dir='ltr'><strong>intelli-</strong></span> 
     </span>
    </p>
   </div>
   <div class='ocr_carea' id='block_1_94' title="bbox 247 2325 1876 2366">
    <p class='ocr_par' dir='ltr' id='par_1_94' title="bbox 247 2325 1876 2366">
     <span class='ocr_line' id='line_1_94' title="bbox 247 2325 1876 2366; baseline 0.004 -15"><span class='ocrx_word' id='word_1_734' title='bbox 247 2325 337 2359; x_wconf 75' lang='lat' dir='ltr'><strong>gentia</strong></span> <span class='ocrx_word' id='word_1_735' title='bbox 366 2325 496 2360; x_wconf 85' lang='lat' dir='ltr'><strong>consequi</strong></span> <span class='ocrx_word' id='word_1_736' title='bbox 521 2325 581 2359; x_wconf 89' lang='lat' dir='ltr'><strong>ejus</strong></span> <span class='ocrx_word' id='word_1_737' title='bbox 606 2326 687 2353; x_wconf 91' lang='lat' dir='ltr'><strong>unius</strong></span> <span class='ocrx_word' id='word_1_738' title='bbox 702 2333 763 2353; x_wconf 86' lang='lat' dir='ltr'><strong>esse</strong></span> <span class='ocrx_word' id='word_1_739' title='bbox 784 2331 880 2361; x_wconf 88' lang='lat' dir='ltr'><strong>potest,</strong></span> <span class='ocrx_word' id='word_1_740' title='bbox 901 2327 946 2361; x_wconf 88' lang='lat' dir='ltr'><strong>qui</strong></span> <span class='ocrx_word' id='word_1_741' title='bbox 968 2329 1038 2362; x_wconf 79' lang='lat' dir='ltr'><strong>apud</strong></span> <span class='ocrx_word' id='word_1_742' title='bbox 1066 2329 1149 2356; x_wconf 86' lang='lat' dir='ltr'><strong>Deum</strong></span> <span class='ocrx_word' id='word_1_743' title='bbox 1171 2329 1207 2356; x_wconf 92' lang='lat' dir='ltr'><strong>sit</strong></span> <span class='ocrx_word' id='word_1_744' title='bbox 1234 2330 1353 2364; x_wconf 84' lang='lat' dir='ltr'><strong>sapiens,</strong></span> <span class='ocrx_word' id='word_1_745' title='bbox 1373 2331 1443 2357; x_wconf 85' lang='lat' dir='ltr'><strong>sicut</strong></span> <span class='ocrx_word' id='word_1_746' title='bbox 1461 2337 1493 2357; x_wconf 88' lang='lat' dir='ltr'><strong>ea</strong></span> <span class='ocrx_word' id='word_1_747' title='bbox 1508 2330 1630 2357; x_wconf 89' lang='lat' dir='ltr'><strong>inductio</strong></span> <span class='ocrx_word' id='word_1_748' title='bbox 1652 2330 1743 2362; x_wconf 86' lang='lat' dir='ltr'><strong>habet,</strong></span> <span class='ocrx_word' id='word_1_749' title='bbox 1769 2338 1830 2366; x_wconf 71' lang='lat' dir='ltr'><strong>qua:</strong></span> <span class='ocrx_word' id='word_1_750' title='bbox 1848 2331 1876 2359; x_wconf 91' lang='lat' dir='ltr'><strong>in</strong></span> 
     </span>
    </p>
   </div>
   <div class='ocr_carea' id='block_1_95' title="bbox 248 2371 1238 2406">
    <p class='ocr_par' dir='ltr' id='par_1_95' title="bbox 248 2371 1238 2406">
     <span class='ocr_line' id='line_1_95' title="bbox 248 2371 1238 2406; baseline 0.003 -8"><span class='ocrx_word' id='word_1_751' title='bbox 248 2372 300 2399; x_wconf 84' lang='lat' dir='ltr'><strong>line</strong></span> <span class='ocrx_word' id='word_1_752' title='bbox 324 2371 422 2406; x_wconf 84' lang='lat' dir='ltr'><strong>psalmi</strong></span> <span class='ocrx_word' id='word_1_753' title='bbox 446 2372 482 2398; x_wconf 85' lang='lat' dir='ltr'><strong>ait</strong></span> <span class='ocrx_word' id='word_1_754' title='bbox 511 2382 517 2398; x_wconf 95' lang='lat'><strong>:</strong></span> <span class='ocrx_word' id='word_1_755' title='bbox 548 2381 557 2396; x_wconf 81' lang='grc' dir='ltr'><strong>ι</strong></span> <span class='ocrx_word' id='word_1_756' title='bbox 591 2371 657 2404; x_wconf 88' lang='lat' dir='ltr'><strong>Quis</strong></span> <span class='ocrx_word' id='word_1_757' title='bbox 683 2372 801 2406; x_wconf 88' lang='lat' dir='ltr'><strong>sapiens,</strong></span> <span class='ocrx_word' id='word_1_758' title='bbox 824 2376 851 2399; x_wconf 88' lang='lat' dir='ltr'><strong>et</strong></span> <span class='ocrx_word' id='word_1_759' title='bbox 882 2373 1018 2401; x_wconf 83' lang='lat' dir='ltr'><strong>custodiet</strong></span> <span class='ocrx_word' id='word_1_760' title='bbox 1033 2373 1091 2401; x_wconf 67' lang='lat' dir='ltr'><strong>hac</strong></span> <span class='ocrx_word' id='word_1_761' title='bbox 1102 2374 1142 2400; x_wconf 71' lang='lat'><strong>&quot;1’</strong></span> <span class='ocrx_word' id='word_1_762' title='bbox 1159 2385 1168 2400; x_wconf 74' lang='grc' dir='ltr'><strong>ι</strong></span> <span class='ocrx_word' id='word_1_763' title='bbox 1185 2380 1238 2402; x_wconf 86' lang='lat' dir='ltr'><strong>etc.</strong></span> 
     </span>
    </p>
   </div>
   <div class='ocr_carea' id='block_1_96' title="bbox 535 2426 1358 2456">
    <p class='ocr_par' dir='ltr' id='par_1_96' title="bbox 535 2426 1358 2456">
     <span class='ocr_line' id='line_1_96' title="bbox 535 2426 1358 2456; baseline 0.004 -3"><span class='ocrx_word' id='word_1_764' title='bbox 535 2426 650 2454; x_wconf 82' lang='lat' dir='ltr'><strong>CAPUT</strong></span> <span class='ocrx_word' id='word_1_765' title='bbox 670 2427 738 2456; x_wconf 80' lang='lat' dir='ltr'><strong>Vill.</strong></span> <span class='ocrx_word' id='word_1_766' title='bbox 1051 2431 1072 2456; x_wconf 84' lang='grc' dir='ltr'><strong>Ι)</strong></span> <span class='ocrx_word' id='word_1_767' title='bbox 1351 2429 1358 2455; x_wconf 91' lang='grc'><strong>1</strong></span> 
     </span>
    </p>
   </div>
   <div class='ocr_carea' id='block_1_97' title="bbox 784 2426 1607 2456">
    <p class='ocr_par' dir='ltr' id='par_1_97' title="bbox 1051 2429 1607 2456">
     <span class='ocr_line' id='line_1_97' title="bbox 1051 2429 1607 2456; baseline 0 0"><span class='ocrx_word' id='word_1_768' title='bbox 1051 2431 1072 2456; x_wconf 88' lang='lat' dir='ltr'><strong>D</strong></span> <span class='ocrx_word' id='word_1_769' title='bbox 1351 2429 1548 2455; x_wconf 79' lang='grc' dir='ltr'><strong>ΚΕΦΑΛΑΙΟΝ</strong></span> <span class='ocrx_word' id='word_1_770' title='bbox 1567 2430 1607 2456; x_wconf 86' lang='lat' dir='ltr'><strong>H’.</strong></span> 
     </span>
    </p>
   </div>
   <div class='ocr_carea' id='block_1_98' title="bbox 245 2473 1068 2510">
    <p class='ocr_par' dir='ltr' id='par_1_98' title="bbox 245 2473 1033 2510">
     <span class='ocr_line' id='line_1_98' title="bbox 245 2473 1033 2510; baseline 0.001 -11"><span class='ocrx_word' id='word_1_771' title='bbox 245 2473 267 2499; x_wconf 88' lang='grc' dir='ltr'><em>Α</em></span> <span class='ocrx_word' id='word_1_772' title='bbox 289 2474 403 2510; x_wconf 22' lang='lat' dir='ltr'><strong>Apsalnto</strong></span> <span class='ocrx_word' id='word_1_773' title='bbox 430 2481 493 2500; x_wconf 79' lang='lat' dir='ltr'><strong>cxw</strong></span> <span class='ocrx_word' id='word_1_774' title='bbox 510 2478 549 2510; x_wconf 19' lang='lat' dir='ltr'><strong>ret</strong></span> <span class='ocrx_word' id='word_1_775' title='bbox 577 2481 662 2500; x_wconf 78' lang='lat' dir='ltr'><strong>cxvu.</strong></span> <span class='ocrx_word' id='word_1_776' title='bbox 690 2489 725 2494; x_wconf 89' lang='lat'><strong>——</strong></span> <span class='ocrx_word' id='word_1_777' title='bbox 767 2474 888 2501; x_wconf 83' lang='lat' dir='ltr'><strong>Gentium</strong></span> <span class='ocrx_word' id='word_1_778' title='bbox 921 2475 1033 2505; x_wconf 77' lang='lat' dir='ltr'><strong>vacatio,</strong></span> 
     </span>
    </p>
   </div>
   <div class='ocr_carea' id='block_1_99' title="bbox 1052 2473 1875 2510">
    <p class='ocr_par' dir='ltr' id='par_1_99' title="bbox 1092 2474 1875 2510">
     <span class='ocr_line' id='line_1_99' title="bbox 1092 2474 1875 2510; baseline 0.005 -10"><span class='ocrx_word' id='word_1_779' title='bbox 1092 2474 1164 2500; x_wconf 75' lang='grc' dir='ltr'><strong>Ἀπὸ</strong></span> <span class='ocrx_word' id='word_1_780' title='bbox 1175 2475 1297 2508; x_wconf 66' lang='grc' dir='ltr'>ψαλμοῦ</span> <span class='ocrx_word' id='word_1_781' title='bbox 1307 2475 1364 2509; x_wconf 80' lang='grc' dir='ltr'>ρις¹</span> <span class='ocrx_word' id='word_1_782' title='bbox 1375 2475 1424 2501; x_wconf 74' lang='grc' dir='ltr'><strong>καὶ</strong></span> <span class='ocrx_word' id='word_1_783' title='bbox 1432 2475 1496 2509; x_wconf 62' lang='grc' dir='ltr'>ριζθ.</span> <span class='ocrx_word' id='word_1_784' title='bbox 1506 2490 1540 2495; x_wconf 88' lang='grc'><strong>--</strong></span> <span class='ocrx_word' id='word_1_785' title='bbox 1549 2474 1657 2502; x_wconf 77' lang='grc' dir='ltr'><strong>Ἐθνῶν</strong></span> <span class='ocrx_word' id='word_1_786' title='bbox 1667 2474 1787 2509; x_wconf 69' lang='grc' dir='ltr'>κλῆσις,</span> <span class='ocrx_word' id='word_1_787' title='bbox 1802 2477 1875 2510; x_wconf 63' lang='lat' dir='ltr'><strong>Bede</strong></span> 
     </span>
    </p>
   </div>
   <div class='ocr_carea' id='block_1_100' title="bbox 284 2508 1107 2545">
    <p class='ocr_par' dir='ltr' id='par_1_100' title="bbox 284 2508 1034 2545">
     <span class='ocr_line' id='line_1_100' title="bbox 284 2508 1034 2545; baseline 0.003 -11"><span class='ocrx_word' id='word_1_788' title='bbox 284 2508 400 2542; x_wconf 75' lang='lat' dir='ltr'><strong>Deusque</strong></span> <span class='ocrx_word' id='word_1_789' title='bbox 428 2509 566 2545; x_wconf 70' lang='lat' dir='ltr'><strong>manifeste</strong></span> <span class='ocrx_word' id='word_1_790' title='bbox 595 2517 736 2543; x_wconf 73' lang='lat' dir='ltr'><strong>apparens,</strong></span> <span class='ocrx_word' id='word_1_791' title='bbox 764 2514 788 2536; x_wconf 83' lang='lat' dir='ltr'><strong>et</strong></span> <span class='ocrx_word' id='word_1_792' title='bbox 814 2510 965 2536; x_wconf 74' lang='lat' dir='ltr'><strong>benedictus</strong></span> <span class='ocrx_word' id='word_1_793' title='bbox 989 2510 1034 2544; x_wconf 81' lang='lat' dir='ltr'><strong>qui</strong></span> 
     </span>
    </p>
   </div>
   <div class='ocr_carea' id='block_1_101' title="bbox 1051 2508 1874 2545">
    <p class='ocr_par' dir='ltr' id='par_1_101' title="bbox 1121 2508 1874 2545">
     <span class='ocr_line' id='line_1_101' title="bbox 1121 2508 1874 2545; baseline 0.004 -10"><span class='ocrx_word' id='word_1_794' title='bbox 1121 2518 1153 2536; x_wconf 79' lang='grc' dir='ltr'><strong>τε</strong></span> <span class='ocrx_word' id='word_1_795' title='bbox 1163 2508 1323 2544; x_wconf 59' lang='grc' dir='ltr'>ἐπιφανὴς,</span> <span class='ocrx_word' id='word_1_796' title='bbox 1350 2511 1399 2536; x_wconf 80' lang='grc' dir='ltr'>καὶ</span> <span class='ocrx_word' id='word_1_797' title='bbox 1418 2508 1622 2545; x_wconf 70' lang='grc' dir='ltr'>εὐλογημένος</span> <span class='ocrx_word' id='word_1_798' title='bbox 1633 2512 1649 2537; x_wconf 84' lang='grc' dir='ltr'><strong>ό</strong></span> <span class='ocrx_word' id='word_1_799' title='bbox 1662 2508 1824 2545; x_wconf 71' lang='grc' dir='ltr'>ἐρχόμενος</span> <span class='ocrx_word' id='word_1_800' title='bbox 1839 2508 1874 2538; x_wconf 53' lang='grc' dir='ltr'>ιθ</span> 
     </span>
    </p>
   </div>
   <div class='ocr_carea' id='block_1_102' title="bbox 280 2544 1103 2579">
    <p class='ocr_par' dir='ltr' id='par_1_102' title="bbox 280 2544 646 2572">
     <span class='ocr_line' id='line_1_102' title="bbox 280 2544 646 2572; baseline 0.005 -3"><span class='ocrx_word' id='word_1_801' title='bbox 280 2545 347 2570; x_wconf 75' lang='lat' dir='ltr'><strong>venit</strong></span> <span class='ocrx_word' id='word_1_802' title='bbox 365 2545 391 2570; x_wconf 84' lang='lat' dir='ltr'><strong>in</strong></span> <span class='ocrx_word' id='word_1_803' title='bbox 410 2545 513 2570; x_wconf 82' lang='lat' dir='ltr'><strong>nomine</strong></span> <span class='ocrx_word' id='word_1_804' title='bbox 529 2544 646 2572; x_wconf 85' lang='lat' dir='ltr'><strong>Domini.</strong></span> 
     </span>
    </p>
   </div>
   <div class='ocr_carea' id='block_1_103' title="bbox 553 2544 1376 2579">
    <p class='ocr_par' dir='ltr' id='par_1_103' title="bbox 554 2545 1376 2579">
     <span class='ocr_line' id='line_1_103' title="bbox 554 2545 1376 2579; baseline 0.001 -9"><span class='ocrx_word' id='word_1_805' title='bbox 554 2545 646 2572; x_wconf 86' lang='lat' dir='ltr'><strong>omini.</strong></span> <span class='ocrx_word' id='word_1_806' title='bbox 1122 2545 1243 2579; x_wconf 73' lang='grc' dir='ltr'>ὀνόματι</span> <span class='ocrx_word' id='word_1_807' title='bbox 1255 2546 1376 2579; x_wconf 80' lang='lat' dir='ltr'><strong>Kvplov.</strong></span> 
     </span>
    </p>
   </div>
   <div class='ocr_carea' id='block_1_104' title="bbox 283 2599 1106 2638">
    <p class='ocr_par' dir='ltr' id='par_1_104' title="bbox 283 2599 1033 2637">
     <span class='ocr_line' id='line_1_104' title="bbox 283 2599 1033 2637; baseline 0.004 -12"><span class='ocrx_word' id='word_1_808' title='bbox 283 2608 292 2624; x_wconf 81' lang='grc' dir='ltr'><strong>ι</strong></span> <span class='ocrx_word' id='word_1_809' title='bbox 309 2599 428 2627; x_wconf 87' lang='lat' dir='ltr'><strong>Laudate</strong></span> <span class='ocrx_word' id='word_1_810' title='bbox 456 2600 613 2634; x_wconf 86' lang='lat' dir='ltr'><strong>Dominum,</strong></span> <span class='ocrx_word' id='word_1_811' title='bbox 629 2609 724 2629; x_wconf 85' lang='lat' dir='ltr'><strong>omnes</strong></span> <span class='ocrx_word' id='word_1_812' title='bbox 744 2606 849 2637; x_wconf 77' lang='lat' dir='ltr'><strong>gentes,</strong></span> <span class='ocrx_word' id='word_1_813' title='bbox 874 2605 901 2629; x_wconf 86' lang='lat' dir='ltr'><strong>et</strong></span> <span class='ocrx_word' id='word_1_814' title='bbox 929 2602 1033 2629; x_wconf 86' lang='lat' dir='ltr'><strong>collau-</strong></span> 
     </span>
    </p>
   </div>
   <div class='ocr_carea' id='block_1_105' title="bbox 1051 2599 1874 2638">
    <p class='ocr_par' dir='ltr' id='par_1_105' title="bbox 1122 2601 1874 2638">
     <span class='ocr_line' id='line_1_105' title="bbox 1122 2601 1874 2638; baseline 0.005 -11"><span class='ocrx_word' id='word_1_815' title='bbox 1122 2611 1131 2628; x_wconf 88' lang='grc'><strong><em>‹</em></strong></span> <span class='ocrx_word' id='word_1_816' title='bbox 1147 2602 1250 2628; x_wconf 82' lang='grc' dir='ltr'>Αἰνεῖτε</span> <span class='ocrx_word' id='word_1_817' title='bbox 1265 2601 1311 2628; x_wconf 84' lang='grc' dir='ltr'>τὸν</span> <span class='ocrx_word' id='word_1_818' title='bbox 1331 2602 1442 2638; x_wconf 84' lang='grc' dir='ltr'>Κύριον,</span> <span class='ocrx_word' id='word_1_819' title='bbox 1459 2603 1547 2629; x_wconf 83' lang='grc' dir='ltr'>πάντα</span> <span class='ocrx_word' id='word_1_820' title='bbox 1563 2603 1597 2629; x_wconf 80' lang='grc' dir='ltr'><strong>τὰ</strong></span> <span class='ocrx_word' id='word_1_821' title='bbox 1613 2603 1687 2638; x_wconf 76' lang='grc' dir='ltr'>ἔθνη,</span> <span class='ocrx_word' id='word_1_822' title='bbox 1703 2605 1750 2630; x_wconf 76' lang='grc' dir='ltr'>καὶ</span> <span class='ocrx_word' id='word_1_823' title='bbox 1766 2605 1874 2631; x_wconf 76' lang='grc' dir='ltr'>ἐπαινε-</span> 
     </span>
    </p>
   </div>
   <div class='ocr_carea' id='block_1_106' title="bbox 246 2645 1069 2685">
    <p class='ocr_par' dir='ltr' id='par_1_106' title="bbox 246 2645 1030 2683">
     <span class='ocr_line' id='line_1_106' title="bbox 246 2645 1030 2683; baseline 0.005 -12"><span class='ocrx_word' id='word_1_824' title='bbox 246 2645 306 2672; x_wconf 85' lang='lat' dir='ltr'><strong>date</strong></span> <span class='ocrx_word' id='word_1_825' title='bbox 319 2654 391 2677; x_wconf 90' lang='lat' dir='ltr'><strong>eum,</strong></span> <span class='ocrx_word' id='word_1_826' title='bbox 403 2654 497 2674; x_wconf 88' lang='lat' dir='ltr'><strong>omnes</strong></span> <span class='ocrx_word' id='word_1_827' title='bbox 514 2648 617 2682; x_wconf 83' lang='lat' dir='ltr'><strong>populi,</strong></span> <span class='ocrx_word' id='word_1_828' title='bbox 632 2649 761 2682; x_wconf 84' lang='lat' dir='ltr'><strong>quoniam</strong></span> <span class='ocrx_word' id='word_1_829' title='bbox 773 2649 854 2683; x_wconf 75' lang='lat'><strong>266</strong></span> <span class='ocrx_word' id='word_1_830' title='bbox 870 2648 1030 2675; x_wconf 79' lang='lat' dir='ltr'><strong>Conﬁrmata</strong></span> 
     </span>
    </p>
   </div>
   <div class='ocr_carea' id='block_1_107' title="bbox 1048 2645 1871 2685">
    <p class='ocr_par' dir='ltr' id='par_1_107' title="bbox 1085 2647 1871 2685">
     <span class='ocr_line' id='line_1_107' title="bbox 1085 2647 1871 2685; baseline 0.005 -12"><span class='ocrx_word' id='word_1_831' title='bbox 1085 2647 1209 2674; x_wconf 78' lang='grc' dir='ltr'>σάτωσαν</span> <span class='ocrx_word' id='word_1_832' title='bbox 1227 2648 1308 2674; x_wconf 83' lang='grc' dir='ltr'>αὑτὸν</span> <span class='ocrx_word' id='word_1_833' title='bbox 1327 2648 1428 2680; x_wconf 78' lang='grc' dir='ltr'>πάντες</span> <span class='ocrx_word' id='word_1_834' title='bbox 1443 2649 1467 2675; x_wconf 78' lang='lat' dir='ltr'><strong>oi</strong></span> <span class='ocrx_word' id='word_1_835' title='bbox 1489 2649 1560 2675; x_wconf 83' lang='grc' dir='ltr'>λαοί·</span> <span class='ocrx_word' id='word_1_836' title='bbox 1582 2649 1624 2675; x_wconf 81' lang='grc' dir='ltr'>ὅτι</span> <span class='ocrx_word' id='word_1_837' title='bbox 1640 2649 1812 2685; x_wconf 80' lang='grc' dir='ltr'>ὲκραταιὼθη</span> <span class='ocrx_word' id='word_1_838' title='bbox 1830 2651 1871 2685; x_wconf 55' lang='grc' dir='ltr'><strong>ἐσθ’</strong></span> 
     </span>
    </p>
   </div>
   <div class='ocr_carea' id='block_1_108' title="bbox 246 2693 1069 2731">
    <p class='ocr_par' dir='ltr' id='par_1_108' title="bbox 246 2694 1028 2727">
     <span class='ocr_line' id='line_1_108' title="bbox 246 2694 1028 2727; baseline 0.005 -11"><span class='ocrx_word' id='word_1_839' title='bbox 246 2694 286 2717; x_wconf 84' lang='lat' dir='ltr'><strong>est</strong></span> <span class='ocrx_word' id='word_1_840' title='bbox 311 2699 393 2725; x_wconf 88' lang='lat' dir='ltr'><strong>super</strong></span> <span class='ocrx_word' id='word_1_841' title='bbox 419 2700 469 2719; x_wconf 91' lang='lat' dir='ltr'><strong>nos</strong></span> <span class='ocrx_word' id='word_1_842' title='bbox 494 2694 682 2720; x_wconf 88' lang='lat' dir='ltr'><strong>misericordia</strong></span> <span class='ocrx_word' id='word_1_843' title='bbox 693 2694 794 2727; x_wconf 78' lang='lat' dir='ltr'><strong>ejus&quot;,</strong></span> <span class='ocrx_word' id='word_1_844' title='bbox 813 2703 822 2719; x_wconf 75' lang='grc' dir='ltr'><strong>ι</strong></span> <span class='ocrx_word' id='word_1_845' title='bbox 852 2699 879 2722; x_wconf 87' lang='lat' dir='ltr'><strong>ct</strong></span> <span class='ocrx_word' id='word_1_846' title='bbox 903 2698 1000 2722; x_wconf 59' lang='grc' dir='ltr'>θείω-ιι</span> <span class='ocrx_word' id='word_1_847' title='bbox 1022 2704 1028 2721; x_wconf 92' lang='lat'>:</span> 
     </span>
    </p>
   </div>
   <div class='ocr_carea' id='block_1_109' title="bbox 1050 2693 1873 2731">
    <p class='ocr_par' dir='ltr' id='par_1_109' title="bbox 1082 2693 1873 2731">
     <span class='ocr_line' id='line_1_109' title="bbox 1082 2693 1873 2731; baseline 0.004 -12"><span class='ocrx_word' id='word_1_848' title='bbox 1082 2694 1156 2728; x_wconf 73' lang='grc' dir='ltr'>ἡμᾶς</span> <span class='ocrx_word' id='word_1_849' title='bbox 1166 2694 1195 2720; x_wconf 76' lang='grc' dir='ltr'>τὸ</span> <span class='ocrx_word' id='word_1_850' title='bbox 1208 2693 1281 2725; x_wconf 78' lang='grc' dir='ltr'>ἔλεος</span> <span class='ocrx_word' id='word_1_851' title='bbox 1294 2694 1403 2725; x_wconf 76' lang='grc' dir='ltr'>αὑτοῦ,ι</span> <span class='ocrx_word' id='word_1_852' title='bbox 1418 2696 1464 2721; x_wconf 76' lang='grc' dir='ltr'><strong>καὶ</strong></span> <span class='ocrx_word' id='word_1_853' title='bbox 1477 2694 1510 2721; x_wconf 74' lang='grc' dir='ltr'><strong>τὰ</strong></span> <span class='ocrx_word' id='word_1_854' title='bbox 1523 2695 1585 2730; x_wconf 77' lang='grc' dir='ltr'><strong>ἑξῆς</strong></span> <span class='ocrx_word' id='word_1_855' title='bbox 1597 2705 1604 2723; x_wconf 83' lang='grc'>;</span> <span class='ocrx_word' id='word_1_856' title='bbox 1614 2693 1664 2721; x_wconf 80' lang='grc' dir='ltr'><strong>«Ὠ</strong></span> <span class='ocrx_word' id='word_1_857' title='bbox 1674 2695 1771 2731; x_wconf 84' lang='grc' dir='ltr'>Κύριε,</span> <span class='ocrx_word' id='word_1_858' title='bbox 1786 2698 1873 2722; x_wconf 54' lang='lat' dir='ltr'><strong>ad)”:</strong></span> 
     </span>
    </p>
   </div>
   <div class='ocr_carea' id='block_1_110' title="bbox 248 2734 1071 2775">
    <p class='ocr_par' dir='ltr' id='par_1_110' title="bbox 248 2734 1027 2773">
     <span class='ocr_line' id='line_1_110' title="bbox 248 2734 1027 2773; baseline 0.008 -12"><span class='ocrx_word' id='word_1_859' title='bbox 248 2744 258 2761; x_wconf 80' lang='grc' dir='ltr'><strong>ι</strong></span> <span class='ocrx_word' id='word_1_860' title='bbox 276 2734 298 2763; x_wconf 94' lang='grc'>0</span> <span class='ocrx_word' id='word_1_861' title='bbox 327 2735 447 2769; x_wconf 82' lang='lat' dir='ltr'><strong>Domine.</strong></span> <span class='ocrx_word' id='word_1_862' title='bbox 473 2739 577 2765; x_wconf 87' lang='lat' dir='ltr'><strong>salvum</strong></span> <span class='ocrx_word' id='word_1_863' title='bbox 604 2739 646 2767; x_wconf 80' lang='lat' dir='ltr'><strong>fac</strong></span> <span class='ocrx_word' id='word_1_864' title='bbox 671 2740 725 2773; x_wconf 78' lang='lat' dir='ltr'><strong>iam</strong></span> <span class='ocrx_word' id='word_1_865' title='bbox 748 2748 831 2772; x_wconf 87' lang='lat' dir='ltr'><strong>nunc,</strong></span> <span class='ocrx_word' id='word_1_866' title='bbox 852 2749 869 2766; x_wconf 86' lang='grc' dir='ltr'><strong>ο</strong></span> <span class='ocrx_word' id='word_1_867' title='bbox 903 2740 1027 2772; x_wconf 81' lang='lat' dir='ltr'><strong>Domine,</strong></span> 
     </span>
    </p>
   </div>
   <div class='ocr_carea' id='block_1_111' title="bbox 1049 2734 1872 2775">
    <p class='ocr_par' dir='ltr' id='par_1_111' title="bbox 1081 2735 1872 2775">
     <span class='ocr_line' id='line_1_111' title="bbox 1081 2735 1872 2775; baseline 0.003 -11"><span class='ocrx_word' id='word_1_868' title='bbox 1081 2738 1123 2773; x_wconf 80' lang='grc' dir='ltr'>δὴ,</span> <span class='ocrx_word' id='word_1_869' title='bbox 1137 2735 1159 2764; x_wconf 80' lang='grc' dir='ltr'><strong>ὦ</strong></span> <span class='ocrx_word' id='word_1_870' title='bbox 1177 2738 1274 2774; x_wconf 81' lang='grc' dir='ltr'>Κύριε,</span> <span class='ocrx_word' id='word_1_871' title='bbox 1292 2739 1422 2766; x_wconf 83' lang='grc' dir='ltr'>εὑόδωσον</span> <span class='ocrx_word' id='word_1_872' title='bbox 1434 2739 1475 2775; x_wconf 79' lang='grc' dir='ltr'><strong>δή.</strong></span> <span class='ocrx_word' id='word_1_873' title='bbox 1494 2739 1680 2775; x_wconf 69' lang='grc' dir='ltr'>Εὐλογημένος</span> <span class='ocrx_word' id='word_1_874' title='bbox 1694 2741 1708 2766; x_wconf 81' lang='grc' dir='ltr'><strong>ό</strong></span> <span class='ocrx_word' id='word_1_875' title='bbox 1724 2741 1872 2775; x_wconf 72' lang='grc' dir='ltr'>ἐρχόμενος</span> 
     </span>
    </p>
   </div>
   <div class='ocr_carea' id='block_1_112' title="bbox 245 2781 1068 2822">
    <p class='ocr_par' dir='ltr' id='par_1_112' title="bbox 245 2781 1027 2821">
     <span class='ocr_line' id='line_1_112' title="bbox 245 2781 1027 2821; baseline 0.009 -15"><span class='ocrx_word' id='word_1_876' title='bbox 245 2781 280 2808; x_wconf 85' lang='lat' dir='ltr'><strong>da</strong></span> <span class='ocrx_word' id='word_1_877' title='bbox 305 2782 453 2815; x_wconf 79' lang='lat' dir='ltr'><strong>profectum</strong></span> <span class='ocrx_word' id='word_1_878' title='bbox 472 2783 528 2817; x_wconf 83' lang='lat' dir='ltr'><strong>jam</strong></span> <span class='ocrx_word' id='word_1_879' title='bbox 550 2792 634 2812; x_wconf 84' lang='lat' dir='ltr'><strong>nunc.</strong></span> <span class='ocrx_word' id='word_1_880' title='bbox 655 2784 819 2813; x_wconf 80' lang='lat' dir='ltr'><strong>Benedictus</strong></span> <span class='ocrx_word' id='word_1_881' title='bbox 835 2787 880 2821; x_wconf 89' lang='lat' dir='ltr'><strong>qui</strong></span> <span class='ocrx_word' id='word_1_882' title='bbox 903 2787 976 2813; x_wconf 89' lang='lat' dir='ltr'><strong>venit</strong></span> <span class='ocrx_word' id='word_1_883' title='bbox 1000 2788 1027 2813; x_wconf 88' lang='lat' dir='ltr'><strong>in</strong></span> 
     </span>
    </p>
   </div>
   <div class='ocr_carea' id='block_1_113' title="bbox 1050 2781 1873 2822">
    <p class='ocr_par' dir='ltr' id='par_1_113' title="bbox 1082 2786 1873 2822">
     <span class='ocr_line' id='line_1_113' title="bbox 1082 2786 1873 2822; baseline -0.001 -10"><span class='ocrx_word' id='word_1_884' title='bbox 1082 2787 1110 2812; x_wconf 85' lang='grc' dir='ltr'>ὲν</span> <span class='ocrx_word' id='word_1_885' title='bbox 1133 2787 1245 2821; x_wconf 75' lang='grc' dir='ltr'>ὀνόματι</span> <span class='ocrx_word' id='word_1_886' title='bbox 1277 2787 1390 2822; x_wconf 86' lang='grc' dir='ltr'>Κυρίου.</span> <span class='ocrx_word' id='word_1_887' title='bbox 1418 2786 1484 2818; x_wconf 78' lang='grc' dir='ltr'>Θεὸς</span> <span class='ocrx_word' id='word_1_888' title='bbox 1507 2786 1618 2822; x_wconf 81' lang='grc' dir='ltr'>Κύριος,</span> <span class='ocrx_word' id='word_1_889' title='bbox 1654 2787 1700 2814; x_wconf 80' lang='grc' dir='ltr'>καὶ</span> <span class='ocrx_word' id='word_1_890' title='bbox 1735 2786 1873 2822; x_wconf 71' lang='grc' dir='ltr'>ἑπέφανεν</span> 
     </span>
    </p>
   </div>
   <div class='ocr_carea' id='block_1_114' title="bbox 279 2859 1102 2895">
    <p class='ocr_par' dir='ltr' id='par_1_114' title="bbox 279 2859 1102 2895">
     <span class='ocr_line' id='line_1_114' title="bbox 279 2859 1102 2895; baseline 0.005 -9"><span class='ocrx_word' id='word_1_891' title='bbox 279 2860 300 2875; x_wconf 85' lang='grc'><strong>⁸²</strong></span> <span class='ocrx_word' id='word_1_892' title='bbox 315 2859 386 2888; x_wconf 80' lang='lat' dir='ltr'><strong>Psai.</strong></span> <span class='ocrx_word' id='word_1_893' title='bbox 397 2868 450 2895; x_wconf 74' lang='grc' dir='ltr'>ενι,</span> <span class='ocrx_word' id='word_1_894' title='bbox 470 2861 562 2889; x_wconf 73' lang='grc'><strong>15-20.</strong></span> <span class='ocrx_word' id='word_1_895' title='bbox 599 2862 620 2878; x_wconf 83' lang='grc'><strong><em>⁸³</em></strong></span> <span class='ocrx_word' id='word_1_896' title='bbox 636 2862 702 2890; x_wconf 85' lang='lat' dir='ltr'><strong>ibid.</strong></span> <span class='ocrx_word' id='word_1_897' title='bbox 719 2863 813 2891; x_wconf 73' lang='lat'><strong>32-37.</strong></span> <span class='ocrx_word' id='word_1_898' title='bbox 852 2863 874 2878; x_wconf 78' lang='lat'>“</span> <span class='ocrx_word' id='word_1_899' title='bbox 890 2862 956 2890; x_wconf 85' lang='lat' dir='ltr'><strong>ibid.</strong></span> <span class='ocrx_word' id='word_1_900' title='bbox 970 2863 1016 2890; x_wconf 72' lang='grc'><strong>45.</strong></span> <span class='ocrx_word' id='word_1_901' title='bbox 1054 2863 1076 2880; x_wconf 83' lang='grc'><strong><em>⁸⁸</em></strong></span> <span class='ocrx_word' id='word_1_902' title='bbox 1091 2862 1102 2890; x_wconf 71' lang='grc' dir='ltr'><strong>Ι</strong></span> 
     </span>
    </p>
   </div>
   <div class='ocr_carea' id='block_1_115' title="bbox 500 2859 1323 2895">
    <p class='ocr_par' dir='ltr' id='par_1_115' title="bbox 500 2861 1323 2894">
     <span class='ocr_line' id='line_1_115' title="bbox 500 2861 1323 2894; baseline 0.001 -6"><span class='ocrx_word' id='word_1_903' title='bbox 500 2861 562 2889; x_wconf 68' lang='grc' dir='ltr'>ι-Ξο.</span> <span class='ocrx_word' id='word_1_904' title='bbox 599 2862 620 2878; x_wconf 83' lang='grc'><strong><em>⁸³</em></strong></span> <span class='ocrx_word' id='word_1_905' title='bbox 636 2862 702 2890; x_wconf 84' lang='lat' dir='ltr'><strong>ibid.</strong></span> <span class='ocrx_word' id='word_1_906' title='bbox 719 2863 813 2891; x_wconf 73' lang='lat'><strong>32-37.</strong></span> <span class='ocrx_word' id='word_1_907' title='bbox 852 2863 874 2878; x_wconf 78' lang='lat'>“</span> <span class='ocrx_word' id='word_1_908' title='bbox 890 2862 956 2890; x_wconf 85' lang='lat' dir='ltr'><strong>ibid.</strong></span> <span class='ocrx_word' id='word_1_909' title='bbox 970 2863 1016 2890; x_wconf 72' lang='grc'><strong>45.</strong></span> <span class='ocrx_word' id='word_1_910' title='bbox 1054 2863 1076 2880; x_wconf 84' lang='grc'><strong><em>⁸⁸</em></strong></span> <span class='ocrx_word' id='word_1_911' title='bbox 1091 2862 1164 2890; x_wconf 81' lang='lat' dir='ltr'><strong>Psal.</strong></span> <span class='ocrx_word' id='word_1_912' title='bbox 1179 2871 1252 2894; x_wconf 72' lang='lat' dir='ltr'><strong>CXVI.</strong></span> <span class='ocrx_word' id='word_1_913' title='bbox 1264 2862 1323 2894; x_wconf 54' lang='grc' dir='ltr'>με.</span> 
     </span>
    </p>
   </div>
  </div>
