2084 3216
286 170 337 196 ιὲἸ
609 169 741 197 EUSEBﬂ
761 169 999 196 CESARIENSIS
1013 169 1093 204 ⁵ΟΡΡ.

1075 170 1093 196 ³.
1116 169 1204 197 PARS
1222 171 1258 196 ll.
1279 184 1313 189 ——
1332 169 1580 197 APOLOCETICA.
1847 169 1898 198 528

285 227 425 255 oraculum
461 227 533 263 quod
563 235 636 255 nunc
661 228 688 254 in
715 228 843 255 manibus
867 233 918 258 est,
945 228 984 255 sic
1006 228 1058 255 ait:
1076 236 1097 260 Α

1076 236 1097 260 Α
1112 229 1140 254 ὲν
1157 229 1212 259 τοῖς
1233 228 1308 263 δρεσι
1333 228 1449 262 μάλιστα
1468 226 1648 259 ἐσπουδάζετο
1660 235 1666 241 ·
1691 226 1759 252 ὥστε
1779 226 1830 260 ἠδη
1851 227 1899 253 καί

287 274 390 307 «Deus,
412 275 548 301 canticum
574 282 673 300 novum
700 274 818 300 cantabo
837 273 886 300 tibi
911 274 944 300 δ’.
959 283 967 299 ι
995 273 1063 300 Illud

1113 274 1212 305 αὐτοὺς
1234 273 1376 304 Ἰουδαίους
1399 272 1612 307 ἀπελέγχεσθαι,
1633 272 1670 303 ὡς
1698 271 1743 297 ἐπὶ
1765 273 1820 297 πᾶν
1838 271 1900 306 ὅρος

284 325 391 348 autem:
413 320 525 355 «Tange
547 324 653 347 montes
675 324 701 347 et
725 319 930 354 fumigabunti,
948 319 1065 346 arbitror

1114 320 1224 355 ὑψηλὸν,
1242 319 1312 346 κατά
1330 319 1443 355 μίμησιν
1453 320 1505 345 τῶν
1518 319 1673 353 ἀλλοφύλων
1688 318 1781 349 ἐθνῶν,
1793 317 1900 344 εἰδωλο-

284 366 449 400 signiﬁcare,
466 365 538 400 quod
550 366 670 392 omnium
686 365 896 392 simulacrorum
913 364 1004 392 cultus
1027 365 1064 392 sit

466 365 538 400 quod
550 366 670 392 omnium
686 365 896 392 simulacrorum
913 364 1004 392 cultus
1027 365 1064 392 sit
1114 365 1288 401 λατροῦντας.

285 411 473 439 iueendendus
497 419 529 438 ac
554 411 697 442 delendus,
723 411 769 446 qui
791 410 861 445 apud
888 411 1015 445 antiquos
1037 411 1064 438 in
1089 411 1227 438 montibus
1262 412 1377 438 maxime
1410 410 1654 446 frequentabatur;
1677 411 1795 446 denique
1815 410 1899 437 etiam

284 458 336 492 ipsi
349 456 434 484 Judaei
449 457 731 492 rcprehendebantur,
760 457 831 492 quod
862 458 889 484 in
907 457 981 485 omni
1002 462 1092 484 mome
1117 458 1235 488 excelso,
1259 457 1292 483 ad
1311 457 1487 484 imitationem
1508 462 1682 484 externarum
1704 457 1837 493 gentium,
1857 457 1899 486 si-

285 504 406 531 mulacra
419 504 550 531 colerent.

589 572 702 600 CAPUT
720 573 741 599 Χ

284 642 303 668 Α
320 641 420 674 psalmo
433 648 533 667 cxtvn.
550 655 586 660 —
600 639 646 666 Dei
666 639 778 667 Verbum
792 641 818 666 in
830 644 925 667 terram
939 641 1060 672 missum,

244 680 247 681 '
307 681 338 702 νει
352 675 422 702 trevi
437 681 550 709 tempore
565 683 718 709 percurrens
734 676 871 703 universos
887 676 1013 703 homines.

317 783 329 800 ἰ
337 774 439 807 Lauda,
449 774 609 807 Jerusalem,
621 775 776 809 Dominum,
787 768 867 803 lauda
876 776 960 804 Deum
971 781 1058 809 tuum.

281 820 346 848 Sion
361 821 394 848 “.
408 831 416 846 ι
444 821 544 848 Deinde
567 822 705 856 paululum
730 830 892 858 progressus
905 824 956 850 ait:
979 832 988 849 ε
1009 823 1060 857 Qui

281 867 380 894 emittit
394 867 532 902 eloquium
555 876 634 894 suum
653 872 743 899 teme,
762 869 891 896 velociter
905 870 991 897 currit
1003 877 1062 897 ser-

281 920 325 939 mo
341 912 400 946 ejus
412 912 449 939 “:
469 921 478 938 ι
491 916 598 939 constat
615 917 704 940 autem
719 921 782 940 eum
803 915 849 948 qui
866 914 959 946 mittit,
975 915 1009 942 ab
1028 922 1061 942 eo

1383 579 1578 605 ΚΕΦΑΛΑΙΟΝ
1598 579 1626 606 l'.

1119 647 1190 674 Ἀπὸ
1204 646 1325 681 ψαλμοῦ
1334 645 1408 680 pyri".
1418 660 1454 665 ——
1468 647 1563 680 Λόγος
1579 645 1627 672 ἐπὶ
1644 646 1698 681 γῆς
1712 647 1898 675 ἀποστελλό-

1149 691 1256 717 μενος,
1279 682 1326 708 καὶ
1343 682 1378 707 ἐν
1404 681 1515 715 βραχεῖ
1538 681 1638 715 χρόνῳ
1656 682 1770 715 πάντας
1787 683 1899 717 ἀνθρὼ-

1150 726 1226 750 πους
1237 716 1408 751 διατρέχων.

1151 794 1159 809 ‹
1183 785 1302 811 Ἐπαίνει
1315 805 1322 816 ,
1345 784 1538 820 Ἰερουσαλὴμ,
1559 784 1604 810 τὸν
1626 785 1744 820 Κύριον,
1764 785 1833 811 αἴνει
1851 785 1897 812 τὺν

1112 829 1178 855 Θεόν
1194 838 1250 863 σου,
1262 829 1358 865 Σιῲν.»
1374 827 1431 856 Εἶθ’
1443 829 1545 861 ὑποϐάς
1561 839 1650 865 φησιν·
1665 841 1674 856 ι
1687 831 1714 857 'O
1726 831 1897 857 ἀποστέλλων

1113 875 1157 901 τὸν
1170 875 1247 909 λόγον
1260 875 1342 902 αὑτοῦ
1353 877 1385 910 τῇ
1399 877 1433 911 γῇ
1443 884 1449 890 ”
1464 875 1518 908 ἓως
1530 876 1627 911 τάχους
1641 876 1780 911 δραμεῖται
1793 878 1807 903 ὁ
1819 877 1896 910 λόγος

1115 921 1207 948 αὑτοῦ.
1231 931 1239 947 ι
1261 922 1349 955 Σαφὲς
1364 921 1409 953 δὲ,
1423 922 1464 947 ὅτι
1477 922 1523 948 τοῦ
1539 922 1766 957 ἀποστελλομένου
1791 924 1805 948 ὁ
1826 923 1895 949 ἀπο-

281 959 327 993 qui
340 958 456 986 mittitur
466 966 527 986 esse
540 958 687 986 diversum.
712 959 800 987 Habes
812 961 895 995 igitur
905 961 986 988 etiam
1007 961 1058 988 hoc
1074 966 1096 994 Β

1074 966 1096 994 Β
1111 967 1225 993 στέλλων
1241 966 1332 1002 ἕτερος
1345 967 1382 993 ὢν
1393 967 1530 1002 τυγχάνει.
1559 968 1648 1002 Ἔχεις
1671 967 1812 1003 τοιγαροῦν
1829 969 1894 994 κάν-

280 1005 353 1037 loco,
376 1013 436 1032 eum
464 1005 571 1040 quidem
595 1005 641 1040 qui
662 1006 756 1040 mittil,
782 1014 938 1041 supremum
962 1006 1058 1038 Deum,

281 1051 364 1087 268
377 1059 441 1079 eum
457 1059 522 1078 vero
543 1051 590 1087 qui
615 1053 732 1079 mittitur
752 1061 920 1081 sermonem:
937 1053 983 1089 qui
998 1062 1060 1081 cum

281 1099 364 1124 multa
376 1098 473 1125 habeat
486 1098 606 1130 nomina,
622 1106 695 1126 nunc
708 1098 858 1134 Sapientia,
869 1107 942 1127 nunc
953 1101 1058 1131 Sermo,

280 1149 307 1171 et
322 1144 457 1171 interdum
473 1143 554 1177 Deus,
569 1149 595 1172 et
611 1145 679 1173 alias
697 1145 827 1174 Dominus
842 1147 868 1173 in
880 1146 979 1174 divinis
999 1155 1060 1174 ora-

280 1191 350 1218 culis
370 1196 558 1226 nuncupatur;
579 1191 651 1226 quod
676 1192 699 1219 si
722 1193 869 1220 attenderis
883 1193 1060 1228 quemadmo-

280 1237 344 1264 dum
362 1237 522 1264 brevissimo
537 1241 668 1272 tempore,
689 1245 796 1266 omnem
819 1245 953 1266 terrarum
968 1239 1059 1267 orbem

282 1282 377 1309 Sermo
392 1282 523 1310 doctrina:
537 1283 609 1310 illius
622 1284 785 1317 impleverit,
802 1283 926 1319 profecto
936 1285 1057 1312 vaticinii

280 1328 457 1362 obstupesces
487 1331 615 1355 eventum
636 1328 752 1356 dicentis
768 1339 774 1356 :
793 1339 801 1355 ‹
815 1328 950 1358 Velociter
973 1330 1060 1357 currit

281 1380 371 1400 sermo
385 1372 454 1407 ejus.
473 1383 481 1398 ι

581 1440 695 1468 CAPUT
713 1441 757 1469 XI.

282 1508 302 1535 Α
323 1507 435 1535 secundo
451 1507 606 1542 Regnorum.
625 1524 659 1528 —
675 1508 803 1536 Dominus
825 1509 856 1536 de
874 1510 938 1537 εοεΙο
954 1511 1060 1537 descen-

309 1543 383 1580 dens,
398 1543 442 1580 qui
455 1543 580 1580 gentium,
595 1551 653 1578 quae
673 1545 747 1576 prius
757 1545 833 1570 illum
852 1553 903 1571 non
923 1554 1060 1580 cognosce-

313 1578 388 1610 bant,
403 1579 459 1605 duz
468 1579 583 1610 exsistit,
595 1584 619 1605 et
635 1587 652 1605 a
663 1579 779 1607 Judaica
793 1587 866 1615 gente
888 1578 1000 1614 seipsiun
1022 1586 1060 1608 est

309 1622 382 1641 auers
386 1622 460 1642 urus.

316 1690 325 1706 ‹
342 1680 375 1708 Et
391 1681 499 1709 locutus
524 1686 566 1710 est
583 1681 667 1710 David
694 1682 808 1710 Domino
825 1683 907 1711 verba
929 1683 1059 1711 caminis

280 1727 361 1762 hujus
386 1728 421 1756 ".
444 1728 545 1756 Deinde
563 1736 734 1764 progressus,
751 1729 787 1756 ita
799 1730 836 1756 ait
855 1737 861 1755 :
882 1728 934 1756 «Et
948 1730 1061 1757 inclina-

279 1774 318 1800 vit
335 1774 419 1802 caelos
431 1778 458 1801 et
478 1774 628 1807 descendit,
644 1779 671 1803 et
687 1776 774 1811 caligo
788 1776 840 1803 sub
858 1775 973 1811 pedibus
984 1776 1058 1810 ejus;

279 1822 306 1846 et
320 1819 441 1846 ascendit
448 1827 529 1854 super
545 1820 695 1851 cherubim,
705 1825 731 1848 et
742 1821 852 1853 volavit,
867 1821 968 1848 volavit
978 1828 1060 1856 super

279 1871 382 1898 pennas
410 1868 563 1898 ventorum,
591 1870 618 1893 et
642 1867 733 1901 posuit
757 1868 886 1895 tenebras
915 1868 1058 1894 latibulum

280 1917 359 1937 suum
376 1919 383 1937 :
400 1920 408 1936 ι
425 1914 481 1937 tum
500 1911 526 1938 in
544 1911 595 1939 line
603 1912 723 1945 ejusdem
737 1914 866 1941 carminis
880 1913 920 1940 “’z
940 1923 948 1938 ι
963 1913 1060 1940 Libera

280 1962 334 1986 me,
349 1955 445 1990 inquit,
462 1955 495 1983 de
505 1958 766 1986 contradictionibus
781 1959 885 1993 populi,
911 1958 1061 1985 constitues

281 2009 324 2028 me
340 2001 367 2028 in
388 2007 468 2036 caput
482 2003 620 2037 gentium;
637 2004 752 2038 populus
768 2012 848 2039 quem
865 2012 919 2031 non
934 2004 1058 2038 cognovi,

281 2044 392 2071 servivit
413 2045 497 2077 mihi;
515 2046 542 2072 in
566 2047 659 2074 auditu
684 2048 759 2075 auris
772 2048 891 2075 obedivit
909 2048 994 2080 mihi;
1013 2048 1059 2074 lilii

281 2090 362 2117 alieni
378 2090 537 2124 rejicientur
551 2093 583 2119 ⁸⁷.
604 2102 614 2118 ›
628 2092 679 2125 Qui
698 2093 838 2120 inclinavit
852 2094 947 2126 cmlos,
970 2098 997 2121 et
1013 2093 1060 2121 de-

281 2137 387 2163 scendit
400 2136 481 2168 Deus,
492 2138 537 2171 qui
549 2142 717 2173 assumptum
733 2139 785 2166 sibi
800 2139 936 2166 hominem
953 2138 1061 2167 inscen—

280 2181 320 2208 ilit
337 2181 428 2216 (quem
444 2191 510 2210 sane
534 2183 681 2216 hominem,
703 2192 775 2211 nunc
800 2185 940 2211 oraculum
963 2185 1061 2212 cheru-

280 2226 335 2253 bim
347 2226 490 2261 nominat),
505 2228 604 2254 volavit
616 2236 677 2254 cum
689 2236 721 2255 eo
733 2236 854 2259 sursum,
866 2229 1061 2256 comitantibus

280 2272 501 2307 stipantibusque
519 2273 606 2308 ipsum
631 2274 731 2301 divinis
755 2275 907 2308 spiritibus,
925 2275 972 2308 qui
988 2282 1061 2302 nunc

1111 1012 1197 1039 ταῦθα
1216 1013 1260 1038 τὸν
1282 1013 1330 1048 μὲν
1344 1013 1541 1040 ἀποστέλλοντα
1554 1013 1610 1046 τὸν,
1624 1014 1668 1040 ἐπὶ
1688 1014 1796 1040 πάντων
1811 1013 1893 1040 Θεὸν·

1111 1058 1155 1085 τὸν
1168 1058 1196 1084 δὲ
1207 1058 1443 1094 ἀποστελλόμενον,
1456 1060 1502 1085 τὸν
1514 1059 1602 1094 λόγον·
1617 1059 1646 1091 ὃς
1660 1059 1833 1093 πολυώνυμος
1847 1059 1895 1092 ὢν,

1109 1104 1170 1131 τοτὲ
1187 1104 1235 1139 μὲν
1253 1105 1352 1139 Σοφία,
1366 1104 1425 1130 τοτὲ
1438 1104 1465 1131 δὲ
1474 1105 1573 1139 Λόγος,
1589 1105 1680 1131 ἄλλοτε
1700 1105 1728 1132 δὲ
1745 1105 1810 1136 Θεὸς
1823 1125 1830 1136 ,
1850 1105 1896 1131 καὶ

1111 1151 1190 1177 πάλιν
1209 1151 1309 1187 Κύριος
1331 1151 1373 1177 διὰ
1393 1151 1447 1177 τῶν
1465 1151 1542 1178 θείων
1557 1151 1686 1186 χρησμῶν
1703 1151 1894 1186 ἀνηγόρευται.

1118 1197 1279 1231 Ἐπιστήσας
1296 1197 1334 1229 δὲ,
1351 1197 1412 1223 τίνα
1426 1198 1525 1232 τρόπον
1538 1198 1566 1223 ὲν
1588 1196 1688 1232 σφόδρα
1703 1197 1788 1232 χρόνῳ
1801 1196 1896 1232 βραχεῖ

1110 1242 1159 1277 τὴν
1181 1243 1269 1268 πᾶσαν
1295 1242 1457 1277 οἰκουμένην
1482 1242 1598 1277 ἔπλησεν
1620 1243 1634 1268 ὁ
1657 1242 1706 1276 τῆς
1725 1242 1895 1274 διδασκαλίας

1111 1288 1192 1314 αὐτοῦ
1203 1288 1290 1322 λόγος,
1305 1286 1333 1315 εὖ
1346 1285 1393 1315 οἷδ’
1407 1289 1446 1314 ὅτι
1460 1289 1489 1314 τὸ
1505 1288 1675 1323 ἀποτέλεσμα
1688 1288 1836 1323 θαυμάσεις
1846 1289 1895 1324 τῆς

1111 1334 1287 1370 προρρήσεως
1304 1334 1459 1369 φασκούσης
1469 1343 1476 1349 ·
1500 1344 1509 1359 ι
1527 1334 1598 1366 Ἕως
1611 1335 1708 1370 τάχους
1724 1334 1864 1370 δραμεῖται
1880 1334 1896 1361 ὁ

1110 1379 1188 1413 λόγος
1207 1379 1298 1406 αὑτοῦ.
1314 1389 1324 1406 ι

1372 1447 1572 1473 ΚΕΦΑΛΑΙΟΝ
1587 1447 1637 1473 IA’.

1118 1513 1189 1541 Ἀπὸ
1206 1514 1261 1548 τῆς
1280 1515 1419 1548 δευτέρας
1438 1514 1496 1541 τῶν
1509 1514 1684 1541 Βασιλειῶν.
1697 1530 1731 1534 -
1743 1514 1848 1547 Κύριος
1860 1514 1894 1546 ἐξ

1148 1550 1277 1588 οῡρανοῦ
1287 1550 1409 1588 κατιὼν,
1416 1548 1728 1588 ἡγούμεκοςλζῶις-πρζν
1741 1550 1796 1588 of»:
1807 1549 1896 1588 ἐγνω-

1143 1585 1238 1611 κότων
1261 1586 1352 1612 αὑτὸν
1378 1583 1493 1617 ἐθνῶν,
1518 1584 1550 1611 τὸ
1572 1583 1605 1610 δὲ
1638 1584 1787 1610 Ἰουδαίων
1808 1584 1895 1616 ἔθνος

1145 1620 1462 1646 ἀποστοαωησόιιενοε.

1168 1626 1462 1654 ποστραφησομενος.

1151 1697 1159 1712 ε
1177 1687 1231 1713 Καὶ
1249 1687 1363 1722 ὲλάλησε
1383 1686 1467 1714 Δαεῖὶδ
1485 1686 1524 1721 τῷ
1539 1686 1632 1721 Κυρίῳ
1648 1685 1710 1717 τοὺς
1731 1684 1825 1718 λόγους
1845 1684 1896 1718 τῆς

1113 1732 1183 1767 ᾠδῆς
1197 1732 1306 1766 ταύτης.
1326 1741 1335 1756 ι
1351 1729 1407 1757 Εἴθ’
1425 1731 1487 1766 ἑξῆς
1499 1739 1564 1765 φησι
1578 1739 1584 1744 ·
1605 1739 1613 1754 ι
1627 1730 1682 1756 Καὶ
1698 1729 1800 1755 ἔκλινεν
1813 1729 1896 1764 οὐρα-

1113 1779 1175 1809 νοὺς
1193 1778 1240 1804 καὶ
1260 1777 1380 1812 κατέϐη,
1401 1777 1448 1804 καὶ
1467 1777 1564 1811 γνόφος
1583 1776 1710 1802 ὑποκάτω
1732 1775 1786 1801 τῶν
1807 1774 1896 1800 ποδῶν

1113 1823 1194 1850 αὑτοῦ
1206 1832 1213 1838 ·
1233 1824 1279 1849 καὶ
1296 1823 1379 1858 ἐπέϐη
1399 1822 1445 1848 ἐπὶ
1459 1822 1589 1857 χερουϐὶμ
1600 1841 1607 1852 ,
1625 1820 1759 1855 ὲπετάσθη
1772 1820 1817 1846 ἐπὶ
1831 1827 1896 1846 πτε-

1114 1868 1202 1904 ρύγων
1215 1868 1331 1903 ἀνέμων,
1348 1868 1393 1894 καὶ
1405 1867 1479 1894 ἔθετο
1495 1867 1587 1898 σκότος
1599 1866 1759 1901 ἁποκρυφὴν
1775 1865 1866 1892 αὐτοῦ.
1878 1873 1894 1890 ›

1113 1913 1167 1939 Καὶ
1183 1912 1228 1938 ἐπὶ
1242 1913 1312 1939 τέλει
1324 1913 1373 1947 τῆς
1391 1913 1474 1947 αὐτῆς
1490 1912 1576 1947 ᾠδῆς’
1597 1921 1606 1936 ι
1629 1910 1711 1946 Ῥύσῃ
1729 1918 1776 1945 με,
1793 1909 1875 1944 φησὶν
1886 1927 1896 1940 ,

1113 1958 1144 1991 ἐξ
1167 1958 1323 1992 ἀντιλογιῶν
1349 1958 1423 1984 λαοῦ.
1448 1958 1634 1992 Καταστήσεις
1660 1965 1693 1991 με
1715 1957 1754 1987 είς
1777 1955 1897 1991 κεφαλὴν

1114 2005 1207 2031 ἐθνῶν.
1225 2005 1294 2036 Λαδς
1310 2004 1340 2030 ὃν
1356 2004 1405 2030 οὐκ
1421 2003 1516 2037 ἔγνων,
1532 2003 1670 2029 ἐϐούλευσέ
1683 2011 1738 2038 μοι,
1756 2003 1794 2033 εἰς
1811 2002 1895 2037 ἀκοὴν

1113 2050 1193 2077 ὠτίου
1222 2049 1358 2084 ὑπήκουσέ
1388 2058 1448 2084 μου.
1475 2049 1533 2075 Υἱοὶ¹
1567 2048 1699 2083 ἀλλότριοι
1724 2047 1895 2082 saepems—

1115 2105 1215 2122 σονται.
1240 2105 1250 2121 ι
1281 2095 1310 2121 ὐ
1337 2095 1429 2126 κλίνας
1452 2094 1582 2130 οὐρανοὺς
1604 2095 1650 2120 καὶ
1672 2093 1792 2124 καταϐὰς
1813 2093 1895 2124 Θεὸς,

1113 2144 1128 2169 ὁ
1142 2142 1238 2174 ἐπιϐὰς
1253 2139 1275 2175 ᾧ
1291 2141 1432 2176 ἀνείληφεν
1442 2139 1585 2176 ἀνθρώπῳ,
1599 2140 1688 2166 ὅντινα
1701 2138 1748 2165 νῦν
1764 2138 1896 2174 χερουόὶμ

1114 2188 1128 2213 ὁ
1146 2187 1222 2221 λόγος
1236 2186 1379 2222 ὀνομάζει,
1396 2186 1498 2221 ἀνέπτη
1516 2186 1563 2212 σὺν
1578 2184 1651 2220 αὐτῷ
1667 2185 1715 2219 τὴν
1735 2184 1825 2210 ἄνοδον
1844 2192 1895 2210 πε-

1115 2232 1261 2267 ποιημένος
1289 2231 1357 2267 μετὰ
1384 2231 1437 2258 τῶν
1467 2230 1684 2266 δορυφορούντων
1709 2230 1789 2256 αὐτὸν
1816 2229 1894 2256 θείων

1115 2281 1292 2315 πνευμάτων,
1310 2280 1452 2315 πτερύγων
1472 2279 1578 2315 ἀνέμων
1598 2279 1644 2305 καὶ
1659 2278 1747 2304 αὐτῶν
1764 2285 1895 2312 χρηματι-

279 2318 333 2352 ipsi
348 2325 457 2353 quoque
471 2323 614 2346 ventorum
627 2327 722 2354 pennae
737 2320 919 2354 appellantur.
937 2319 1059 2348 Obscure
1075 2327 1097 2356 ι)

1075 2327 1097 2356 ι)
1111 2326 1218 2358 ζόντων.
1231 2325 1380 2356 Σκοτεινῶς
1394 2324 1421 2350 δὲ
1438 2324 1522 2350 ταῦτα
1534 2323 1580 2350 καὶ
1591 2325 1619 2349 ὲν
1635 2322 1801 2358 παραϐύστῳ
1814 2329 1892 2355 γεγε-

279 2372 344 2392 vero
363 2364 418 2391 hac
429 2368 455 2392 et
482 2365 508 2391 in
525 2365 685 2392 abscondito
703 2365 772 2392 facta
789 2373 860 2397 esse,
875 2373 922 2400 per
938 2366 1060 2400 quaadam

280 2419 379 2439 arcana
399 2415 426 2438 et
450 2411 561 2438 latentia
584 2412 666 2439 verba
688 2411 835 2445 significat,
863 2412 908 2439 ubi
923 2412 976 2438 ait:
999 2420 1008 2437 ε
1027 2411 1060 2438 Et

280 2458 371 2493 posuit
390 2458 517 2485 tenebras
544 2458 686 2485 latibulum
714 2466 804 2486 suum.
817 2468 826 2484 ι
845 2458 911 2491 Quae
931 2466 996 2485 vero
1017 2465 1060 2486 se-

279 2508 402 2538 quuntur
425 2503 565 2538 deinceps,
589 2508 735 2539 assumpta:
765 2512 780 2531 a
803 2504 913 2531 Christo
940 2504 1060 2532 hominis

282 2553 387 2576 natura:
405 2554 588 2577 consentanea
610 2554 683 2582 sunt,
699 2554 725 2577 et
743 2550 986 2577 contradictionem
1000 2557 1060 2585 quae

281 2594 413 2622 adversus
434 2596 508 2622 illum
528 2595 598 2622 facta
613 2600 654 2623 est
667 2595 772 2623 Judaici
785 2597 876 2631 populi
897 2597 1059 2631 praecinunt,

282 2647 388 2666 necnon
405 2641 535 2668 doctrina:
546 2641 646 2668 Christi
666 2646 760 2677 gentes
772 2650 831 2669 esse
845 2642 1058 2669 auscultaturas:

283 2684 378 2712 iisdem
396 2694 477 2721 porro
491 2688 580 2715 verbis
591 2688 690 2714 similia
704 2688 828 2715 invenies
841 2688 868 2715 in
889 2689 994 2723 psalmo
1013 2687 1061 2715 de-

282 2730 354 2757 cimo
374 2732 504 2765 septimo:
523 2733 550 2759 in
573 2741 632 2768 qua:
650 2733 722 2769 quod
738 2733 816 2761 nobis
833 2733 921 2760 visum
933 2739 984 2766 est,
998 2736 1060 2759 ante

282 2776 336 2809 jam
355 2776 481 2805 diximus.

319 2873 343 2889 "
356 2874 426 2902 Psal.
438 2881 530 2908 CXLIII,
543 2878 558 2904 9
600 2877 621 2892 ⁸³
638 2876 706 2905 Psal.
724 2886 825 2912 cxtvn,
845 2879 886 2906 l2.
925 2880 948 2895 “
964 2878 1030 2907 ibid.
1045 2878 1088 2907 l5.
1126 2879 1148 2894 ⁴⁵
1165 2877 1235 2906 Psal.
1250 2885 1315 2910 xt‘tl,
1330 2879 1354 2905 Ι-

1113 2370 1220 2406 νῆσθαι,
1238 2370 1309 2396 κατά
1337 2378 1411 2401 τινας
1446 2369 1616 2404 ἀπορρήτους
1642 2368 1689 2394 καὶ
1716 2366 1894 2397 λανθάνοντας

1113 2417 1258 2443 αἰνίττεται
1268 2417 1374 2450 λόγους,
1393 2417 1503 2450 φάσκων
1515 2424 1522 2431 ’
1543 2425 1551 2441 ί
1565 2416 1619 2442 Kal.
1631 2415 1706 2441 ἔθετο
1723 2414 1816 2445 σκότος
1827 2414 1894 2439 ἀπο-

1112 2461 1217 2496 κρυφὴν
1248 2460 1339 2487 αὐτοῦ.
1363 2471 1372 2486 ι
1404 2460 1443 2486 Τὰ
1467 2460 1496 2486 δὲ
1521 2460 1584 2495 ἑξῆς
1608 2459 1759 2491 ἀκολούθως
1786 2460 1818 2494 τῇ
1847 2458 1894 2484 τοῦ

1112 2506 1227 2542 Χριστοῦ
1251 2507 1454 2542 ενανθρωπήσει
1483 2506 1532 2540 τὴν
1561 2505 1619 2532 κατ’
1635 2504 1716 2531 αὑτοῦ
1746 2503 1895 2538 γενομένην

1111 2553 1263 2587 ἀντιλογίαν
1275 2553 1321 2579 τοῦ
1339 2552 1470 2579 Ἰουδαίων
1485 2551 1548 2578 λαοῦ
1563 2551 1703 2586 σημαίνει,
1715 2550 1761 2577 καὶ
1779 2549 1827 2584 τὴν
1840 2547 1895 2574 τῶν

1113 2599 1198 2626 ὲθνῶν
1216 2600 1334 2635 ὲπακοὴν
1347 2600 1395 2634 τῆς
1407 2597 1452 2626 τοῦ
1464 2599 1580 2634 Χριστοῦ
1596 2595 1778 2627 διδασκαλίας.
1795 2595 1895 2625 Ausci;

1113 2644 1140 2670 δὲ
1157 2645 1258 2680 ῥήμασι
1270 2645 1303 2672 τὰ
1317 2645 1492 2680 παραπλήσια
1503 2644 1589 2679 εὕροις
1603 2643 1635 2670 ἂν
1646 2642 1693 2669 καὶ
1700 2643 1729 2669 ὲν
1738 2639 1896 2668 ἑπτακαιδε-

1114 2690 1189 2725 κάτῳ
1199 2690 1307 2726 ψαλμῷ,
1324 2691 1363 2722 εἰς
1378 2691 1396 2718 ἃ.
1414 2690 1447 2717 τὰ
1464 2689 1580 2724 φανέντα
1595 2688 1764 2723 προείρηται.

1394 2878 1416 2894 ⁸⁸
1431 2877 1495 2905 ibid.
1515 2875 1606 2904 lO-l‘Z.
1644 2875 1666 2892 ⁸⁷
1683 2874 1738 2902 ibid
1765 2872 1861 2901 uno.
