2084 3216
178 180 232 208 429

441 242 633 268 ΚΕΦΛΛΑΠ)Ν
654 242 702 268 lB’.

184 297 256 325 Ἀπὸ
273 297 328 330 τῆς
344 299 444 331 τρίτης
456 299 515 325 τῶν
526 298 700 327 limuls/5w.
712 315 744 319 —
758 299 827 332 Θεὸς
842 301 962 333 οὐρανό-

214 335 266 372 θεξν
279 333 398 366 κατιὼν,
416 334 462 360 καὶ
477 336 540 368 μετ’
558 334 720 368 ἀνθρώπων
731 334 779 360 ἐπὶ
795 335 852 369 γῆς
865 344 963 362 κατοι-

214 376 284 395 κων.

216 454 226 470 ι
241 446 296 471 Καὶ
311 445 368 478 νῦν,
387 446 473 482 Κύριε
494 447 508 472 ὁ
523 447 588 479 Θεὸς
606 448 722 484 Ἰσραὴλ,
748 449 909 485 πιστωθήτω
932 451 963 487 δὴ

178 490 209 518 τὸ
223 492 298 527 ῥῆμά
313 500 370 523 σου,
388 492 401 518 ὃ
418 492 550 528 ὲλάλησας
566 493 604 528 τῷ
621 494 693 520 παιδί
708 503 754 520 σου
776 494 815 530 τῷ
834 496 915 522 Δαὸὶδ
926 497 963 531 τῷ

179 537 262 572 πατρί
278 546 343 572 μου·
361 537 402 564 ὅτι
419 539 443 564 εἰ
460 538 565 574 ἀληθῶς
581 540 736 575 κατοικήσει
753 540 817 572 Θεὸς
836 541 904 576 μετὰ
915 542 962 568 ἀν-

179 582 295 617 Θρώπων
315 584 362 609 ἐπὶ
375 583 435 619 γῆς,
450 585 473 610 εἰ
489 586 503 610 ὁ
517 585 632 620 οὐρανὸς
645 586 690 611 καὶ
703 587 716 611 ὁ
732 586 844 621 οὐρανὸς
859 587 905 613 τοῦ
920 588 964 613 οὐ-

180 628 261 663 ρανοῦ
282 629 332 655 οὐκ
354 629 499 663 ἅρκέσουσί
515 639 565 656 σοι.
580 641 588 656 ι
606 631 700 657 Κεῖται
715 631 801 658 ταῦτα
816 633 908 664 αὐταῖς
922 633 964 660 λέ-

179 673 252 705 ξεσιν
268 674 314 700 καὶ
335 676 364 701 ὲν
379 675 644 711 Παραλειπομέναις’
666 687 675 702 α
693 677 737 712 Τῷ
754 679 802 713 μὲν
820 677 867 705 οὖν
883 679 964 707 Δαὸὶδ

178 720 359 755 ἐπηγγείλατο
373 722 387 747 ὁ
401 721 466 753 Θεὸς
486 723 647 758 ἀναστήσειν
662 725 693 750 ὲκ
706 724 809 756 κοιλίας
820 725 900 752 αὑτοῦ
916 726 964 760 βα-

178 765 263 797 σιλέα,
280 763 310 793 οὗ
326 767 416 802 πατὴρ
430 768 510 799 αὐτὸς
533 769 547 795 ὁ
571 769 636 801 Θεὸς
660 770 768 796 ἔσεσθαί
786 780 876 806 φησιν,
893 771 963 798 ὥστε

177 810 222 837 τὸν
235 811 378 847 γενόμενον
388 814 419 839 ἐκ
434 814 587 849 σπέρματος
601 815 691 848 Δαόὶδ,
708 815 770 843 Υἰὺν
784 817 963 852 ὀνομασθῆναι

177 857 256 890 Θεοῦ,
266 858 359 893 θρόνον
373 868 402 885 τε
414 859 550 894 βασιλείας
559 860 628 892 ἕξειν
641 861 759 889 αἰώνιον.
774 869 782 888 i
793 862 884 889 Ταῦτα
897 863 924 890 δὲ
935 865 963 890 ἐν

179 909 228 939 μὲν
242 906 276 940 τῇ
286 905 398 940 δευτέρᾳ
413 906 468 932 τῶν
482 906 627 933 Βασιλειῶν
643 907 685 934 διὰ
699 908 791 935 Νάθαν
806 908 851 934 τοῦ
860 910 964 944 προφή-

621 183 946 212 DEMONSTRATIONIS
967 184 1196 213 EVANGELICXE
1213 185 1276 213 LlB.
1297 185 1340 212 Vl.

1749 184 1800 212 £30

1263 243 1345 277 239
1364 241 1477 269 CAPUT
1498 241 1555 269 ΧΠ.

1055 301 1076 326 Α
1093 301 1169 326 tertio
1186 299 1343 334 Regnorum.
1356 314 1390 318 ——-
1405 298 1473 324 Deus
1488 298 1519 324 de
1535 296 1782 334 caelordesccndens,

1134 340 1158 362 et
1176 333 1234 361 cuni
1253 334 1400 361 hominibus
1416 335 1443 360 in
1459 339 1529 360 terra
1546 333 1680 360 habitans.

1058 453 1066 468 ι
1083 443 1116 469 Et
1139 450 1233 474 nunc,
1261 441 1373 469 Domine
1397 441 1469 469 Deus
1496 441 1598 474 Israel,
1622 442 1800 469 confirmetur

1015 489 1071 524 jam
1101 489 1213 516 verbum
1239 492 1329 518 tuum.
1358 487 1430 522 quod
1456 488 1563 515 locutus
1587 495 1617 517 es
1641 494 1725 522 puero
1752 491 1800 513 tuo

1017 534 1101 562 David
1121 535 1190 569 patri
1211 541 1271 561 meo
1290 535 1436 568 :quoniam
1457 534 1479 561 si
1497 542 1559 561 vere
1576 533 1709 561 habitabit
1727 532 1800 560 Deus

1017 589 1079 608 cum
1094 581 1252 608 hominibus
1266 581 1293 607 in
1306 587 1394 613 terra,
1411 581 1433 607 si
1447 581 1546 607 malum
1558 600 1564 611 ,
1578 584 1606 606 et
1623 579 1722 606 ctelum
1737 577 1799 605 caeli

1017 633 1072 653 non
1098 626 1206 660 capient
1227 630 1252 653 te
1269 626 1302 651 ⁸⁸.
1319 636 1327 651 ι
1345 626 1437 653 Posita
1466 629 1531 652 sunt
1558 625 1653 651 eadem
1682 625 1740 650 hate
1766 623 1798 649 :ul

1015 673 1128 700 verbum
1157 673 1221 699 item
1260 673 1288 699 in
1316 671 1554 707 Paralipomenis:
1584 670 1718 705 siquidem
1747 669 1799 704 ipsi

1017 718 1102 745 David
1129 718 1268 753 pollicitus
1297 718 1385 745 fuerat
1404 717 1494 749 Deus,
1517 717 1698 744 excitaturum
1718 723 1747 743 se
1766 715 1799 742 de

1016 768 1111 793 ventre
1130 765 1216 799 ipsius
1232 772 1338 799 regem,
1362 764 1441 798 cujus
1463 768 1567 803 palrem
1592 763 1650 789 fore
1671 770 1717 793 se,
1741 763 1800 796 ipse

1017 810 1089 837 Deus
1109 809 1227 841 dixerat,
1238 817 1325 843 usque
1345 809 1413 836 adeo
1433 813 1463 835 ut
1483 810 1506 835 is
1526 808 1572 842 qui
1589 811 1748 835 nasceretur
1766 806 1800 833 de

1017 858 1121 884 semine
1148 855 1251 888 David,
1279 860 1352 883 esset
1367 855 1453 882 Filius
1479 854 1525 882 Dei
1550 854 1748 885 nominandus,
1773 857 1800 879 et

1017 903 1115 930 solium
1136 902 1213 936 regni
1233 906 1364 929 aeternum
1385 901 1540 928 habiturus.
1567 900 1673 927 Etenim
1694 899 1751 926 hmc
1770 898 1799 925 in

176 957 223 975 του
237 949 358 985 ἐχρήσθη
371 950 410 985 τῷ
423 951 503 977 Δαϐὶδ
513 951 603 978 τοῦτον
615 951 660 978 τὸν
673 952 780 987 τρόπον·
793 963 801 978 ι
812 954 866 979 Καὶ
880 953 963 986 ἔσται,

1018 947 1140 975 secundo
1166 947 1339 982 Regnorum,
1369 954 1417 981 per
1439 945 1545 973 Nathan
1570 945 1729 980 prophetam
1752 951 1798 971 re-

176 994 224 1021 ἐὰν
240 995 420 1030 πληρωθῶσιν
433 998 459 1023 αἱ
477 997 576 1032 ἡμέραι
594 1006 650 1029 σου,
666 999 712 1024 καὶ
727 998 882 1034 κοιμηθήσῃ
898 999 965 1034 μετὰ

176 1041 231 1067 τῶν
244 1041 371 1077 πατέρων
389 1051 446 1074 σου,
465 1044 510 1069 καὶ
523 1044 665 1079 ἀναστήσω
675 1044 705 1071 τὸ
717 1045 826 1080 σπέρμα
839 1053 885 1070 σου
897 1046 966 1080 μετὰ

177 1086 221 1113 σέ·
237 1087 266 1119 ὃς
282 1088 357 1114 ἔσται
371 1089 403 1115 ἐκ
425 1089 473 1124 τῆς
498 1089 600 1120 κοιλίας
625 1098 681 1121 σου,
697 1089 744 1116 xui.
767 1089 904 1125 ἑτοιμάσω
917 1090 965 1125 τὴν

177 1133 314 1167 βασιλείαν
327 1134 420 1161 αὑτοῦ.
431 1135 515 1166 Αὐτὸς
524 1135 695 1170 οἰκοδομήσει
712 1144 756 1170 μοι
771 1133 844 1161 οἶκον
857 1135 896 1170 τῷ
907 1136 957 1162 ὀνό-

177 1179 244 1213 ματί
257 1188 318 1214 μου,
336 1181 382 1207 καὶ
390 1179 536 1216 ἀνορθώσω
547 1181 593 1207 τὸν
603 1181 696 1216 θρόνον
709 1180 788 1207 αὐτοῦ
803 1181 856 1212 ἕως
870 1182 909 1213 είς
919 1181 965 1208 τὸν

175 1227 273 1254 αἰῶνα.
282 1226 352 1260 Ἐγὼ
362 1226 458 1262 ἔσομαι
469 1226 543 1261 αὐτῷ
555 1228 595 1258 εἰς
606 1227 726 1261 Πατέρα,
740 1228 787 1253 καὶ
798 1227 878 1259 αὐτὸς
891 1227 964 1254 ἔσται

176 1282 223 1307 μοι
241 1274 281 1304 εἰς
294 1273 368 1300 Υἰόν,
385 1282 393 1298 ›
413 1272 453 1299 Τὰ
476 1272 499 1298 δ’
515 1272 584 1298 αὐτὰ
605 1273 650 1299 καὶ
665 1274 693 1298 ὲν
712 1273 964 1308 Παραλειπομέναις

174 1318 277 1353 ὁμοίως
297 1319 412 1354 εἴρηται.
423 1318 466 1344 Ἐν
481 1318 508 1344 δὲ
523 1317 622 1353 ψαλμῷ
634 1317 804 1353 ὀγδοηκοστῷ
823 1318 907 1352 ὀγδόῳ
923 1318 966 1344 λέη

174 1364 285 1390 λεκται·
303 1373 311 1389 ι
325 1364 408 1395 Αὐτὸς
426 1364 617 1391 ὲπικαλέσεταί
632 1373 665 1398 με
677 1372 683 1378 ·
701 1364 796 1399 Πατήρ
813 1373 862 1399 μου
878 1362 904 1390 εἶ
920 1364 963 1395 σὺ,

174 1410 243 1441 Θεός
258 1418 319 1444 μου,
334 1409 381 1435 κα)⁹
397 1409 570 1445 ἀντιλήπτωρ
586 1409 636 1444 τῆς
652 1410 786 1444 σωτηρίας
803 1418 864 1444 μου.
880 1409 965 1444 Κάγὼ

175 1456 350 1491 πρωτότοκον
365 1455 483 1490 θήσομαι
499 1455 590 1486 αὐτὸν,
607 1455 707 1490 ὑψηλδν
725 1455 799 1490 παρὰ
818 1456 879 1486 τοῖς
890 1455 965 1490 βασι-

173 1501 253 1528 λεῦσι
269 1501 317 1536 τῆς
336 1499 402 1536 γῆξυ
416 1502 456 1532 εἰς
476 1501 522 1527 τὸν
534 1501 618 1528 αἰῶνι
635 1501 743 1536 φυλάξω
759 1501 831 1536 αὐτῷ
848 1501 878 1527 τὸ
893 1501 965 1533 ἔλεός

177 1556 242 1582 μου,
258 1547 303 1574 καὶ
323 1547 464 1583 ήδιαθήκη
478 1556 529 1582 μου
542 1547 624 1583 πιστὴ
637 1547 709 1582 αὐτῷ
718 1556 724 1562 ·
739 1547 785 1574 καὶ
798 1547 915 1583 θήσομαι
925 1549 964 1578 εις

173 1592 222 1619 τὸν
238 1591 324 1618 αἰῶνα
339 1592 385 1618 τοῦ
399 1592 495 1623 αἰῶνος
506 1593 535 1619 τὸ
551 1593 660 1628 σπέρμα
674 1592 766 1623 αὐτοῦ,
781 1593 828 1619 καὶ
842 1593 887 1620 τὸν
901 1593 964 1628 θρό-

174 1647 221 1664 νον
235 1638 317 1664 αὐτοῦ
330 1638 368 1669 ὡς
380 1638 429 1669 τὰς
446 1638 552 1674 ἡμέρας
562 1638 609 1665 τοῦ
628 1639 753 1674 οὐρανοῦ.
767 1649 776 1664 ι
794 1640 849 1665 Καὶ
864 1638 944 1666 πάλιν
954 1648 960 1654 '

176 1693 187 1709 ι
196 1684 301 1718 Ὠμοσα
313 1683 393 1710 Δαδὶδ
410 1683 448 1718 τῷ
460 1683 544 1719 δούλῳ
559 1692 608 1719 μου
618 1693 624 1699 ·
643 1685 713 1716 Ἕως
725 1685 771 1710 τοῦ
786 1685 883 1717 αἰῶνος
896 1686 964 1712 ἑτοι-

175 1729 257 1764 μάσω
271 1729 300 1755 τὺ
316 1729 426 1764 σπέρμα
440 1738 497 1761 σου,
513 1730 558 1756 καὶ
570 1730 738 1765 οἰκοδομήσω
754 1732 793 1762 εἰς
810 1731 905 1763 γενεὰν
918 1732 963 1758 τὸν

174 1775 271 1810 Θρόνον
286 1784 342 1801 σου.
360 1785 368 1801 ι
388 1776 442 1802 Καὶ
453 1774 531 1808 αὖθις
541 1785 547 1791 ·
569 1775 675 1809 ι”Λπαξ
689 1776 784 1812 ὤμοσα
796 1778 823 1803 ἐν
839 1777 877 1813 τῷ
895 1778 964 1813 ἁγίῳ

176 1830 240 1856 μου,
256 1822 279 1846 εἰ
296 1821 334 1856 τῷ
347 1821 428 1848 Δαΰὶδ
439 1821 574 1857 ψεύσομαι
586 1831 592 1837 ·
605 1822 635 1848 τὸ
646 1822 755 1858 σπέρμα
772 1823 853 1849 αὐτοῦ
869 1825 908 1854 είς
918 1823 963 1850 τὸν

176 1866 265 1893 αἰῶνα
283 1869 367 1902 μενεῖ,
386 1868 432 1894 καὶ
447 1869 461 1893 ὁ
473 1868 568 1904 θρόνος
582 1868 662 1894 αὐτοῦ
677 1868 713 1900 ὡς
726 1870 740 1894 ὁ
756 1868 830 1903 ἥλιος
846 1869 964 1895 ἐναντίον

175 1921 240 1948 μου,
256 1914 302 1939 καὶ
323 1913 360 1944 ὡς
385 1914 401 1948 ἡ
428 1913 525 1949 σελήνη
548 1915 750 1950 κατηρτισμένη
767 1916 807 1946 είς
828 1914 873 1941 τὸν
897 1915 963 1941 αίῶ-

173 1967 221 1986 να.
238 1968 248 1984 ι
264 1959 371 1985 Τούτων
385 1959 415 1995 δὴ
433 1961 480 1986 καὶ
503 1960 516 1985 ὁ
542 1960 685 1991 ἑκατοστὺς
707 1961 864 1996 τριακοστὸς
890 1961 965 1996 πρῶ-

173 2014 221 2037 τος
237 2004 343 2040 ψαλμδς
361 2005 558 2041 μνημονεύσας,
577 2007 622 2033 ἐπὶ
645 2007 689 2033 τὸν
705 2006 822 2042 Χριστὸν
836 2007 963 2042 ἀναφέρει

174 2052 210 2077 τὰ
223 2052 488 2086 δηλούμενα.¹Ακουε
502 2053 524 2079 δ’
542 2052 588 2079 οὗν
602 2054 647 2080 καὶ
661 2053 756 2080 τούτου
766 2062 772 2068 ·
791 2063 799 2078 ι
813 2053 961 2088 Μνήσθητι,

174 2096 274 2132 Κύριε,
291 2097 337 2123 τοῦ
359 2098 449 2129 Δαὸὶδ,
471 2097 516 2124 καὶ
535 2098 624 2133 πάσης
634 2099 683 2133 τῆς
697 2099 849 2134 πραότητος
865 2098 961 2126 αὺτοῦσ

174 2141 213 2173 ὡς
233 2141 323 2176 ὤμοσε
341 2143 380 2177 τῷ
398 2143 500 2178 Κυρίῳ,
515 2143 615 2178 ηῠξατο
633 2144 672 2179 τῷ
693 2144 751 2180 Θεῷ
769 2145 873 2172 Ἰακώϐ.
888 2155 897 2171 ι
916 2143 970 2177 ΟίςΔ

176 2186 238 2221 μεθ’
251 2187 332 2222 ’ἑτερα
352 2188 469 2222 ἐπιλέγει
480 2197 486 2203 ·
505 2189 621 2224 (Ὤμοσε
637 2189 737 2224 Κύριος
753 2189 792 2224 τῷ
809 2190 889 2216 Δαόὶδ
904 2190 954 2226 ἁλή

173 2233 318 2264 ﬂammai.
330 2233 360 2259 οὐ
376 2234 412 2269 μὴ
429 2234 547 2270 ἀθετήσῃ
563 2235 656 2269 αὑτήν.
673 2235 718 2261 Ἐκ
734 2235 840 2270 καρποῦ
852 2236 900 2270 τῆς
909 2245 964 2263 κοι-

174 2278 237 2310 λίας
253 2287 298 2305 σου
314 2279 431 2320 θήσομαι
447 2280 492 2306 ἐπὶ
503 2280 547 2306 τὸν
563 2280 655 2315 Θρόνον
668 2289 724 2307 σου.
737 2291 746 2307 ο
761 2282 816 2308 Καὶ
830 2282 964 2309 ὑποκατα-

174 2324 228 2355 ϐὰς
241 2324 314 2360 ἑξῆς,
329 2325 374 2351 τὸν
391 2326 423 2352 ὲκ
436 2326 542 2361 καρποῦ
559 2326 661 2358 κοιλίας
677 2328 758 2353 Δαϐὶδ
774 2328 959 2363 ἀναστησόμε-

175 2377 221 2395 νον
238 2369 396 2405 λευκότερον
420 2370 555 2405 ὀνομάζει,
580 2371 682 2405 λέγων·
700 2381 709 2396 ‹
722 2372 795 2398 Ἐκεῖ
811 2372 962 2406 siuti/1195)

175 2415 261 2449 κέρας
281 2415 319 2450 τῷ
334 2416 425 2447 Δαὸὶδ,
442 2417 576 2451 ήτοίμασα
598 2417 692 2452 λύχνον
707 2417 745 2452 τῷ
759 2418 868 2453 Χριστῷ
891 2427 941 2453 μου
953 2427 960 2433 '

174 2462 239 2492 τοὺς
258 2460 371 2496 ἐχθροὺς
395 2461 475 2487 αὐτοῦ
496 2462 597 2488 ἐνδύσω
615 2462 760 2498 αἰσχύνην
779 2464 824 2489 ἐπὶ
839 2463 868 2489 δὲ
883 2463 962 2490 αὑτὸν

174 2506 321 2541 ὲξανθήσει
334 2508 364 2533 τὸ
378 2507 502 2542 ἁγίασμὰ
518 2516 578 2543 μου.
598 2517 607 2533 ι
622 2508 712 2535 Ταῦτα
728 2508 871 2544 τοιγαροῦν
882 2508 961 2534 Σολο-

177 2551 238 2586 μῶν
250 2553 264 2578 ό
284 2552 438 2585 σοφώτατος
452 2552 491 2587 τῷ
510 2553 606 2579 ἑαυτοῦ
637 2553 720 2589 πατρὶ
735 2553 887 2589 χρησθέντα
902 2562 963 2579 συν-

174 2598 288 2632 νοήσας,
306 2597 342 2632 μὴ
353 2597 447 2632 μικρὰ,
465 2597 607 2632 μείζοναδὲ
614 2598 663 2632 τῆς
675 2597 745 2624 κατὰ
756 2597 898 2632 ἄνθρωπον
913 2597 962 2631 φύ-

176 2651 248 2674 σεως
269 2643 435 2678 τυγχάνοντα
461 2643 582 2675 συνιδὼν,
609 2644 655 2670 καὶ
684 2643 782 2678 μᾶλλον
809 2643 962 2678 ἁρμόζοντα

175 2688 237 2723 Θεῷ
259 2689 331 2724 ἤπερ
356 2688 439 2724 αὐτῷ,
457 2689 556 2724 καίπερ
568 2689 624 2715 ὄντι
643 2689 693 2724 υἰῴ
709 2689 800 2721 Δαϐὶό,
819 2689 918 2720 συνιείς
934 2697 963 2716 τε

174 2733 221 2760 τὸν
239 2733 306 2768 πρὸς
318 2733 365 2759 τοῦ
380 2732 446 2760 Θεοῦ
457 2734 630 2768 Πρωτὸτοκον
646 2734 845 2769 ὠνομασμένον,
859 2734 905 2760 καὶ
919 2733 963 2760 τὸν

177 2777 271 2812 σαφῶς
287 2778 521 2813 προφητευόμενον
535 2779 598 2805 Υἱδν
618 2778 695 2810 Θεοῦ,
713 2778 882 2814 ὺπεργέγηθε
905 2779 964 2809 ταῖς

1017 1001 1117 1029 sponsa
1142 999 1207 1021 sunt
1233 993 1286 1027 ipsi
1313 992 1416 1023 David,
1440 992 1467 1018 in
1493 992 1565 1018 hunc
1588 992 1721 1018 modum:
1739 1000 1748 1015 ι
1767 989 1799 1016 Et

1016 1038 1077 1070 erit,
1090 1045 1152 1065 cum
1178 1038 1305 1072 completi
1325 1037 1427 1064 fuerint
1447 1037 1506 1064 dies
1527 1037 1584 1067 tui,
1605 1040 1631 1063 et
1653 1035 1799 1063 dormieris

1015 1091 1078 1111 cum
1098 1083 1222 1118 patribus
1241 1084 1312 1114 tuis.
1329 1087 1355 1110 et
1371 1083 1510 1110 suscitabo
1528 1090 1620 1109 semen
1641 1087 1716 1108 tuum
1738 1086 1799 1116 post

1016 1134 1042 1157 te
1053 1150 1061 1162 ,
1078 1133 1104 1157 et
1121 1129 1192 1164 quod
1210 1129 1262 1156 erit
1275 1137 1308 1156 ex
1324 1133 1417 1156 ventre
1434 1132 1496 1159 tuo,
1514 1132 1540 1155 et
1563 1127 1666 1162 parabo
1684 1135 1797 1162 regnum

1016 1176 1085 1210 ejus.
1111 1174 1170 1210 Ipse
1186 1174 1330 1202 aedificabit
1344 1174 1409 1201 mihi
1427 1174 1536 1201 domum
1552 1174 1579 1200 in
1595 1173 1704 1200 nomine
1719 1181 1797 1203 meo.

1016 1227 1042 1249 et
1057 1221 1158 1256 erigam
1175 1221 1267 1249 sedem
1283 1221 1343 1255 ejus
1369 1227 1455 1254 usque
1479 1219 1512 1246 ad
1534 1218 1742 1254 sempiternum.
1767 1218 1800 1245 Et

1015 1276 1062 1295 ero
1079 1268 1119 1295 illi
1133 1268 1161 1294 in
1176 1267 1284 1295 Patrem
1296 1287 1303 1298 ,
1319 1271 1346 1294 et
1360 1267 1419 1301 ipse
1434 1266 1485 1293 erit
1502 1265 1567 1292 mihi
1584 1265 1613 1292 in
1629 1264 1728 1292 Filium
1742 1265 1774 1290 ιθ.
1787 1275 1796 1290 ι

1016 1313 1117 1340 Eadem
1134 1319 1198 1340 vero
1213 1313 1293 1339 etiam
1312 1312 1339 1338 in
1361 1310 1592 1345 Paralipomenis,
1616 1309 1699 1337 simili
1719 1309 1799 1336 modo

1015 1359 1088 1386 dicta
1103 1363 1166 1386 sunt
1180 1359 1213 1385 ⁵ο.
1229 1357 1258 1384 In
1272 1358 1378 1392 psalmo
1401 1361 1490 1384 autem
1513 1357 1679 1392 octogesimo
1702 1362 1800 1385 octavo

1016 1406 1119 1433 dictum
1132 1410 1174 1433 est
1187 1415 1192 1432 :
1209 1415 1218 1431 ‹
1233 1405 1293 1440 Ipse
1307 1405 1444 1432 invocabit
1455 1412 1509 1436 me,
1522 1404 1604 1431 Pater
1616 1411 1694 1431 meus
1707 1411 1737 1431 es
1750 1407 1779 1431 tu
1788 1423 1798 1436 ,

1015 1452 1087 1480 Deus
1103 1460 1192 1484 meus,
1209 1457 1235 1479 et
1253 1455 1395 1486 susceptor
1409 1451 1505 1479 salutis
1519 1459 1596 1478 meae.
1617 1451 1649 1478 Et
1676 1458 1725 1486 ego
1741 1450 1798 1484 pri-

1015 1498 1181 1533 mogenitum
1206 1505 1305 1532 ponam
1330 1497 1424 1528 illum,
1448 1497 1586 1524 excelsum
1611 1503 1665 1530 prae
1688 1495 1800 1530 regibus

1015 1548 1117 1571 terrai:
1149 1543 1177 1570 in
1207 1547 1339 1570 mtemum
1371 1543 1486 1570 servabo
1515 1542 1554 1569 illi
1581 1541 1797 1568 misericordiam

1016 1595 1122 1619 meam,
1151 1591 1177 1614 et
1204 1591 1398 1614 testamentum
1426 1594 1534 1618 meum,
1565 1586 1643 1614 ﬁdele
1669 1586 1743 1621 ipsi:
1771 1590 1799 1613 et

978 1618 1000 1647 Ο
1016 1640 1116 1668 pouam
1134 1633 1161 1658 in
1178 1632 1308 1659 saeculum
1326 1631 1417 1658 saeculi
1441 1639 1534 1658 semen
1555 1631 1633 1665 ejus,
1656 1635 1683 1658 et
1706 1630 1798 1658 sedem

1016 1679 1076 1713 ejus
1094 1678 1167 1705 sicut
1189 1677 1248 1704 dies
1271 1677 1332 1704 caeli
1351 1677 1384 1703 ".
1401 1686 1410 1702 ι
1424 1676 1457 1703 Ει
1474 1684 1570 1704 rursus
1586 1686 1592 1703 :
1609 1686 1618 1702 ι
1633 1675 1726 1703 Juravi
1747 1675 1800 1702 Da-

1015 1723 1061 1751 vid
1078 1731 1156 1751 servo
1177 1730 1256 1750 meo:
1270 1722 1362 1758 Usque
1381 1723 1408 1749 in
1427 1723 1556 1750 saeculum
1577 1721 1734 1757 pneparabo
1756 1728 1800 1748 se-

1017 1774 1078 1793 men
1093 1771 1168 1793 tuum
1180 1786 1188 1798 ,
1203 1770 1230 1793 et
1245 1766 1386 1794 aediﬁcabo
1403 1767 1432 1793 in
1448 1766 1650 1801 generationem
1666 1771 1693 1793 et
1716 1773 1798 1800 gene-

1017 1813 1150 1840 rationem
1181 1812 1273 1840 sedem
1301 1817 1377 1839 tuam
1395 1814 1428 1840 ".
1450 1823 1458 1838 ι
1477 1813 1509 1839 Ει
1536 1820 1633 1840 rursus
1651 1822 1658 1839 :
1679 1821 1688 1838 ε
1708 1811 1798 1839 Semel

1015 1860 1104 1894 juravi
1126 1859 1153 1886 in
1176 1863 1270 1887 sancto
1293 1868 1372 1892 meo,
1396 1860 1419 1886 si
1442 1859 1525 1886 David
1546 1860 1683 1891 mentiar;
1706 1866 1800 1886 semen

1017 1907 1077 1941 ejus
1092 1907 1118 1933 in
1134 1906 1263 1934 saeuiunt
1285 1910 1393 1938 manet,
1411 1911 1438 1932 et
1455 1905 1534 1933 sedes
1548 1906 1608 1940 ejus
1625 1905 1697 1932 sicut
1713 1904 1754 1931 sol
1770 1905 1799 1930 in

1018 1957 1165 1987 conspectu
1190 1959 1265 1984 meo.
1292 1956 1319 1979 et
1340 1952 1412 1979 sicut
1435 1952 1499 1978 luna
1522 1951 1640 1987 perfecta
1663 1953 1689 1978 in
1711 1959 1799 1979 saecu-

1017 2000 1072 2026 lum
1089 1999 1122 2026 ".
1141 2008 1150 2024 ›
1168 1999 1249 2033 270
1263 1997 1348 2026 Porro
1363 2006 1424 2025 eum
1437 1998 1530 2025 eadem
1555 1998 1611 2025 haec
1631 1998 1712 2025 etiam
1734 2006 1800 2026 cen-

1018 2045 1133 2072 tesimus
1148 2045 1307 2073 tricesimus
1325 2045 1429 2080 primus
1445 2045 1567 2079 psalmus
1583 2048 1778 2071 commemoret
1791 2064 1798 2075 .

1018 2091 1052 2119 ad
1078 2092 1216 2119 Christum
1243 2091 1326 2118 refert
1350 2099 1381 2118 ea
1411 2099 1471 2126 quae
1496 2090 1591 2117 dictat.
1621 2090 1690 2117 Audi
1717 2090 1801 2126 igitur

1017 2137 1090 2165 hunc
1115 2144 1245 2172 quoque:
1265 2147 1274 2162 ε
1293 2137 1446 2170 Memento,
1475 2136 1607 2168 Domine,
1638 2136 1722 2164 David
1737 2157 1745 2169 ,
1773 2141 1800 2164 et

1017 2184 1107 2211 omnis
1122 2183 1341 2211 mansuetudinis
1366 2183 1425 2217 ejus
1446 2193 1452 2210 :
1483 2184 1553 2210 sicut
1580 2183 1682 2218 juravit
1708 2182 1801 2210 Domi—

1018 2238 1070 2262 no,
1090 2234 1181 2257 votum
1199 2230 1270 2257 vovit
1284 2229 1339 2257 Deo
1355 2229 1440 2256 Jacob
1456 2229 1489 2256 ⁵⁸.
1511 2239 1520 2254 ›
1540 2229 1645 2262 Quibus
1666 2233 1727 2264 post
1747 2229 1800 2255 alia

1019 2275 1148 2310 deinceps
1172 2275 1316 2311 adiungit:
1335 2285 1344 2300 ε
1361 2274 1467 2302 Iuravit
1491 2275 1621 2301 Dominus
1646 2273 1730 2300 David
1753 2281 1800 2300 ve-

1016 2321 1140 2354 ritatem,
1156 2325 1183 2348 et
1198 2329 1251 2348 non
1273 2321 1451 2348 frustrabitur
1472 2327 1544 2347 eum.
1561 2319 1599 2347 De
1620 2319 1710 2346 fructu
1733 2327 1799 2346 ven—

1016 2366 1067 2393 tris
1091 2367 1130 2393 tui
1151 2374 1249 2401 ponam
1265 2374 1357 2401 super
1383 2366 1473 2394 sedem
1505 2370 1578 2392 tuam
1602 2365 1635 2392 ".
1653 2375 1662 2390 ι
1679 2365 1711 2391 Ει
1731 2371 1800 2399 pau-

1016 2413 1071 2438 lum
1089 2419 1250 2447 progressus
1272 2412 1418 2447 deinceps,
1442 2419 1504 2439 eum
1526 2411 1571 2446 qni
1595 2411 1631 2438 sit
1653 2411 1687 2438 de
1708 2410 1798 2437 fructu

1016 2459 1119 2485 ventris
1146 2457 1229 2484 David
1255 2457 1446 2488 suscitandus,
1473 2457 1583 2491 planius
1607 2455 1731 2483 nominat
1756 2456 1799 2483 di-

1016 2511 1081 2531 cens
1097 2514 1102 2530 :
1116 2513 1124 2528 (
1136 2504 1193 2531 Illic
1208 2504 1356 2539 producam
1376 2511 1462 2530 cornu
1479 2502 1562 2530 David
1573 2522 1580 2534 ,
1598 2501 1691 2536 paravi
1708 2501 1797 2528 lucer-

1016 2557 1079 2576 nam
1102 2549 1213 2577 Chrislo
1236 2557 1312 2580 meo,
1336 2549 1461 2576 inimicos
1481 2548 1541 2582 ejus
1562 2547 1672 2574 induam
1700 2546 1798 2573 confu-

1017 2595 1103 2622 sione.
1130 2595 1217 2630 Super
1244 2596 1333 2630 ipsum
1360 2598 1450 2621 autem
1470 2593 1602 2620 elﬂorebit
1619 2593 1798 2620 sanctificatio

1016 2648 1076 2667 mea
1091 2641 1124 2667 “‘.
1141 2650 1150 2666 ι
1164 2641 1258 2676 Itaque
1274 2641 1330 2667 haec
1344 2640 1472 2667 Salomon
1488 2638 1707 2674 sapientissimus
1717 2659 1724 2671 ,
1739 2646 1799 2674 quae

1015 2687 1086 2721 patri
1105 2695 1155 2714 suo
1170 2694 1302 2722 responsa
1319 2687 1442 2718 fuerant,
1459 2693 1520 2712 cum
1539 2685 1720 2712 intellexisset
1741 2692 1798 2712 non

1016 2731 1054 2758 ita
1071 2739 1153 2766 parva
1168 2739 1244 2762 esse,
1263 2732 1310 2759 sed
1328 2731 1431 2765 majora
1448 2738 1527 2766 quam
1544 2734 1573 2757 ut
1589 2734 1693 2757 natune
1710 2730 1801 2757 homi-

1018 2777 1062 2804 nis
1083 2778 1227 2805 convenire
1248 2781 1375 2812 possent,
1399 2777 1508 2811 Deoque
1529 2776 1620 2811 potius
1645 2777 1800 2804 accommo-

213 2868 235 2883 ⁸⁸
248 2867 278 2894 lll
292 2867 357 2901 Reg.
372 2877 431 2896 \‘lll.
442 2869 486 2898 26.
500 2869 545 2896 97.
582 2869 603 2885 ⁸⁸
621 2869 641 2896 Il
652 2868 717 2903 Reg.
733 2877 779 2899 vn,
797 2868 887 2894 12-”.
927 2867 967 2893 '°l
981 2867 1068 2894 Paral.
1081 2876 1147 2897 xx".
1164 2868 1204 2895 l0.
1243 2869 1264 2884 ⁵·
1286 2868 1356 2896 Psal.
1370 2876 1501 2900 Lxxmu,
1517 2867 1615 2895 27-30.
1652 2867 1675 2883 "
1692 2866 1756 2894 ibid.
1771 2864 1800 2895 ὦ.

176 2903 200 2918 ⁸³
214 2903 280 2931 ibid.
299 2903 399 2936 56,58.
437 2905 459 2920 ⁵³
479 2904 549 2932 Psal.
575 2911 665 2936 cum,
681 2904 744 2932 1,2.
784 2904 806 2920 ⁸⁵
821 2903 886 2930 ibid.
907 2903 949 2930 il.

1031 2903 1095 2930 ibid.
1120 2904 1163 2936 l7,
1181 2904 1224 2930 18.
