2084 3216
299 177 349 207 451

624 177 667 205 EU
673 176 757 204 SEBll
772 171 1010 204 CAESKDIENSIS
1028 173 1081 202 OPI

1132 173 1215 202 PARS
1233 173 1265 201 ll.
1285 189 1318 193 —
1338 172 1590 200 APOLOGETlCA.‘

1876 173 1929 199 alii-2

301 237 390 265 danda
406 245 486 272 quam
503 237 572 269 sibi,
589 243 650 262 cum
668 240 741 263 esset
766 242 874 270 quoque
900 235 970 262 ﬁlius
997 233 1080 261 David

1132 233 1332 267 standing,
1364 232 1410 258 καὶ
1442 233 1599 267 συνεύχεται
1619 231 1793 266 ιπιστωοῆναι
1821 232 1855 258 τὰ
1882 232 1933 268 τῆς

300 284 468 318 vidissetque
494 291 573 315 cum,
603 283 649 317 qui
674 289 688 308 .1
709 282 764 309 Deo
784 281 983 316 Primogenitus
1007 281 1097 308 nouli-

301 334 422 360 naretur,
438 329 536 363 quippe
553 328 632 363 plane
647 327 718 355 ﬁlius
745 327 790 354 Dei
816 326 952 354 diceretur
968 326 1093 353 futurus.

301 375 379 401 valde
407 374 507 400 talibus
532 373 675 408 promissis
708 372 818 408 gavisus
844 376 886 399 est
915 381 921 398 :
950 375 978 399 et
1005 371 1086 398 simul

301 420 439 454 exoptavit
460 418 616 446 conﬁrmari
640 426 688 450 ea,
712 426 773 453 quae
789 418 823 445 ad
845 417 897 445 hoc
924 418 1084 444 vaticinium

302 467 488 501 pertinerent.
514 472 621 492 necnon
650 469 795 492 venturum
813 464 887 491 illum
904 464 937 491 de
952 471 1006 499 quo
1023 471 1086 498 pro—

302 512 394 546 phetia
422 511 588 545 loqueretur,
616 509 832 544 Primogenitum
861 515 893 535 ac
921 508 967 535 Dei
986 508 1083 535 Filium

302 558 411 586 interim
438 557 513 584 illum
541 557 690 591 appellans.
711 555 845 588 Quocirca
871 555 911 582 sic
934 555 996 582 ait:
1025 564 1034 580 ι
1053 554 1086 580 Et

1146 279 1341 315 προρρήσεως,
1365 278 1541 314 ἐπιδημήσειν
1563 287 1593 304 τε
1615 279 1660 304 τὸν
1694 278 1932 314 προφητευόμενον

1145 324 1318 359 Πρωτότοκον
1333 324 1379 350 καὶ
1399 323 1466 350 Θεοῦ
1490 324 1552 350 Υὶὸν
1571 324 1753 358 ἀναγορεύων.
1774 323 1818 349 Διό
1842 331 1930 358 φησι·

1143 379 1152 395 t
1168 371 1223 396 Καὶ
1238 369 1295 400 νῦν,
1314 371 1327 396 ὁ
1345 369 1410 401 Θεὸς
1430 370 1547 405 Ἰσραὴλ,
1564 367 1726 404 mmth
1747 370 1779 404 δὴ
1801 369 1831 396 τὸ

1140 424 1196 449 σου,
1214 415 1228 442 ὃ
1244 415 1377 450 ὲλὰλτισας
1396 415 1435 450 τῷ
1457 415 1530 441 παιδί
1548 424 1593 441 σου
1609 415 1693 441 Δαδὶδ
1708 415 1746 450 τῷ
1761 415 1842 450 πατρὶ
1856 424 1909 449 μου
1920 423 1929 430 ⁵

1137 462 1178 488 ὅτι
1197 462 1220 487 εἰ
1235 461 1343 496 ἁληῡῶς
1357 462 1516 496 κατοικήσει
1539 461 1604 492 Θεὸς
1621 461 1690 496 μετὰ
1710 460 1859 496 ἀνθρώπων
1883 461 1931 487 ἐπὶ

1137 508 1186 543 τῆς
1199 508 1260 543 γῆς,
1276 509 1299 534 εὶ
1312 509 1325 534 ὁ
1338 507 1450 543 οὐρανὸς
1463 508 1509 534 καὶ
1523 509 1537 533 ὁ
1553 507 1666 543 οὐρανὸς
1684 507 1730 533 τοῦ
1744 506 1856 542 οὐρανοῦ
1878 508 1931 533 οὐκ

1139 554 1285 589 ἀρκέσουσί
1302 562 1351 580 σοι.
1370 563 1378 578 ι

301 611 390 635 nunc.
416 602 528 630 Domine
553 603 624 630 Deus
655 602 754 634 Israel,
779 601 956 629 conﬁrmetur
972 601 1082 628 verbum
1100 604 1193 630 tuum.
1210 600 1281 634 quod
1298 600 1404 627 locutus
1428 607 1458 627 es
1483 607 1567 635 puero
1591 604 1637 626 tuo
1652 599 1735 627 David
1764 600 1834 635 patri
1849 607 1926 627 meo:

303 651 431 685 quoniam
445 650 468 677 si
483 658 546 678 vere
561 649 770 677 ltabitabitDeus
790 657 852 676 cum
872 649 1029 677 hominibus
1044 656 1126 683 super
1139 651 1239 676 terram
1250 668 1257 680 ,
1274 649 1297 676 si
1313 648 1411 675 coelum
1427 652 1452 675 et
1471 648 1570 675 caelum
1590 647 1652 674 cceli
1671 656 1724 674 non
1741 648 1847 683 capient
1862 652 1898 676 te.
1915 657 1926 673 ι

591 696 705 724 CAPUT
725 696 795 725 Xlll.

300 741 323 769 Α
339 741 462 769 Micha'a.
473 757 508 761 —
520 741 556 768 De
572 741 697 769 descensu
714 743 746 769 de
761 742 824 769 cmlo
845 742 879 768 ad
898 742 1015 769 homines
1026 762 1032 773 .
1050 750 1081 768 ac

336 777 367 804 de
389 777 480 810 futura
507 778 533 803 iu
558 776 669 803 aduentu
694 778 750 812 ejus
771 777 891 804 Judairw
913 778 996 812 gentis
1016 778 1082 811 reje-

336 818 435 844 clmne,
451 817 475 838 et
488 813 647 846 reliquarum
663 814 778 838 omnium
794 814 909 848 gentium
931 813 1080 847 adoptione.

339 931 347 946 ι
363 922 472 954 Audite,
488 923 578 957 populi
611 930 724 955 omnes,
747 930 774 951 et
795 925 916 952 attendat
939 930 1030 958 terra,
1056 931 1082 954 et

298 975 396 1004 omnes
413 968 459 1002 qui
475 968 501 994 in
518 976 549 995 ca
566 974 638 995 sunt.
658 969 691 996 Et
707 970 760 997 erit
786 970 917 999 Dominus
937 971 1008 1000 Deus
1035 981 1082 1000 ve-

298 1019 358 1042 ster
373 1014 399 1040 in
409 1015 606 1046 testimonium,
622 1015 753 1043 Dominus
766 1016 799 1044 de
812 1016 892 1044 domo
907 1023 1000 1045 sancta
1015 1027 1081 1046 sua:

298 1060 378 1094 271
397 1059 524 1094 quoniam
540 1069 603 1088 ecce
617 1060 747 1089 Dominus
756 1063 894 1098 egreditur
902 1071 934 1090 ex
946 1065 1006 1092 loco
1021 1072 1081 1097 suo.

297 1110 325 1132 et
343 1106 489 1133 descendet
504 1114 586 1141 super
601 1107 758 1136 altitudines
774 1114 863 1141 teme,
880 1114 907 1136 et
926 1118 1082 1138 commove-

297 1153 398 1180 buntur
413 1157 519 1182 montes
545 1154 639 1181 subter
661 1162 694 1182 eo
708 1175 714 1187 ,
735 1160 761 1182 et
781 1156 864 1183 valles
889 1156 1039 1190 liquescent
1054 1160 1084 1184 ut

296 1207 359 1226 cera
374 1207 389 1226 a
407 1200 476 1227 lacie
488 1200 568 1234 ignis,
580 1204 607 1227 et
616 1201 687 1228 sicut
701 1209 769 1236 aqua
782 1210 842 1236 qum
863 1203 983 1230 defertur
996 1204 1021 1230 iu
1034 1205 1082 1231 de-

297 1250 566 1280 scensumzpropter
584 1245 747 1280 impietatem
771 1246 856 1274 Jacob
877 1249 969 1275 omnia
1004 1249 1081 1279 hinc.

295 1293 324 1316 et
341 1293 452 1323 propter
469 1293 610 1324 peccatum
625 1289 723 1317 domus
732 1290 855 1319 Israel“.
867 1302 875 1318 ι
886 1292 964 1320 Nunc
975 1301 1084 1328 quoque

297 1339 390 1369 aperte
407 1334 538 1363 Dominus
557 1335 628 1363 Deus
658 1337 691 1364 de
718 1338 787 1364 coelo
800 1338 978 1370 desecndcns,
995 1339 1083 1375 deque

297 1381 357 1408 loco
369 1389 418 1408 suo
432 1382 584 1417 egrediens.
595 1383 622 1409 iu
636 1383 668 1410 iis
678 1390 738 1417 qua:
751 1384 889 1418 proposita
901 1388 964 1412 sunt
975 1386 1084 1412 nuntia-

299 1431 342 1453 tur
356 1437 361 1453 :
378 1427 431 1454 erit
450 1431 538 1454 autem
555 1427 607 1454 hoc
620 1427 665 1454 Dei
682 1428 809 1461 Verbum,
826 1429 899 1464 quod
916 1430 942 1456 in
963 1430 1006 1462 iis.
1024 1438 1084 1465 quae

297 1473 372 1507 prius
386 1473 458 1500 dicta
473 1477 547 1504 sunt,
559 1481 621 1501 eum
634 1475 753 1509 genitum
769 1475 813 1505 sit.
829 1484 891 1502 eum
916 1484 978 1504 esse
1000 1476 1083 1504 Deum

295 1527 328 1545 ac
352 1518 495 1546 Dominum
509 1539 516 1551 ,
531 1523 560 1547 et
571 1521 661 1547 omnia
683 1521 734 1548 sub
750 1529 779 1548 se
801 1521 942 1550 habentem
971 1522 1080 1550 demon-

1392 695 1589 722 ΚΕΦΑΛΑΙΟΝ
1610 695 1658 722 II".

1138 741 1210 768 Ἀπὸ
1234 741 1286 767 τοῦ
1313 741 1433 775 Μιχαία.
1449 741 1567 774 -Περὶ
1595 741 1649 774 τῆς
1673 741 1708 773 ἐξ
1730 742 1864 775 θίγω-ῶν
1884 743 1928 776 εις

1167 776 1342 819 ἀνθρῴποιις
1367 776 1513 818 κμθόὸουη
1525 776 1573 802 καὶ
1586 777 1651 819 περὶ
1667 776 1780 819 ἷῆςρπὶ
1801 776 1855 817 τῆς
1871 785 1928 817 παΓ

1164 812 1291 845 paver/ac
1302 812 1393 838 αὑτοῦ
1410 812 1570 845 γενομένης
1605 812 1754 845 ἀποϐολῆς
1784 813 1843 847 μὲν
1873 812 1927 839 τοῦ

1174 846 1320 885 Ἰουδαίων
1348 846 1475 885 ἕθνςιςςέ
1497 846 1694 879 εἰσποιήσεως
1724 847 1757 873 δὲ
1776 847 1834 874 τῶν
1861 849 1927 874 λοι-

1168 881 1232 907 πῶν
1250 881 1388 907 ἁπάντων
1401 881 1504 907 ἐθνῶν.

1172 938 1181 953 ι
1193 927 1349 959 Ἀκούσατε,
1361 927 1420 954 λαοὶ⁸
1435 928 1544 959 πάντες,
1561 929 1607 955 καὶ
1619 928 1776 964 προσεχέτω
1789 929 1805 964 ἡ
1819 929 1865 963 γῆ,
1878 929 1923 954 καὶ

1134 974 1234 1004 πάντες
1258 974 1281 999 οἱ
1304 973 1332 999 ὲν
1356 974 1434 1008 αὐτῇ.
1451 974 1505 1000 Καὶ
1529 973 1605 1000 ἔσται
1618 974 1718 1008 Κύριος
1734 975 1748 1000 ὁ
1761 974 1826 1006 Θεὸς
1845 974 1923 1009 ἡμῶν

1133 1022 1173 1052 εἰς
1192 1020 1350 1056 μαρτύριον,
1368 1019 1469 1055 Κύριος
1495 1019 1523 1052 ἐξ
1547 1021 1621 1046 οἴκου
1643 1020 1718 1054 ἁγίου
1736 1021 1829 1047 αὑτοῦ.
1849 1021 1924 1047 Διότι

1135 1066 1189 1093 ἰδοὺ
1212 1065 1312 1101 Κύριος
1331 1065 1506 1101 ἐκπορεύεται
1530 1066 1562 1092 ὲκ
1582 1065 1628 1092 τοῦ
1648 1066 1728 1092 τόπου
1753 1066 1850 1098 αὐτοῦ,
1874 1067 1922 1093 καὶ

1134 1110 1316 1145 καταϐήσεται
1331 1111 1377 1136 ἐπὶ
1397 1112 1430 1136 τὰ
1452 1110 1506 1145 ὕψη
1519 1110 1567 1145 τῆς
1584 1111 1646 1146 γῆς,
1663 1111 1709 1137 καὶ
1726 1111 1920 1146 σαλευθήσεται

1133 1154 1168 1181 τὰ
1181 1155 1231 1191 ὅρη
1247 1154 1420 1182 ὑποκάτωθεν
1434 1155 1526 1187 αὑτοῦ,
1544 1156 1591 1182 καὶ
1607 1156 1634 1182 αἱ
1651 1155 1772 1188 κοιλαδες
1787 1158 1919 1192 τακήσον-

1133 1209 1178 1226 ται
1189 1201 1226 1232 ὡς
1242 1200 1327 1236 κηρὸς
1343 1201 1396 1227 ἀπὸ
1408 1200 1552 1236 προσώπου
1565 1201 1659 1237 πυρὸς,
1676 1202 1723 1229 καὶ
1734 1202 1771 1234 C2;
1787 1202 1858 1237 ὕδωρ
1871 1212 1920 1229 κα-

1133 1247 1316 1283 ταφερόμενον
1345 1248 1374 1274 ἐν
1405 1247 1573 1274 καταϐάσει·
1603 1247 1636 1274 δι’
1666 1248 1792 1275 ἀσέϐειαν
1823 1248 1919 1275 Ἰακὼὸ

1134 1294 1222 1320 πάντα
1234 1293 1330 1324 ταῦτα,
1343 1293 1389 1319 καὶ
1413 1293 1445 1320 δι’
1460 1294 1597 1329 ἁμαρτίαν
1611 1293 1686 1320 οἴκοι)
1708 1295 1823 1330 Ἰσραήλ.
1842 1305 1850 1320 ›
1865 1295 1920 1322 Καὶ

1134 1339 1181 1365 νῦν
1197 1339 1359 1371 ἁκαλύτιτως
1381 1339 1410 1372 ἐξ
1436 1340 1549 1374 οὐρα.νοῦ
1574 1339 1674 1366 κατιὼν
1693 1340 1795 1376 Κύριος
1811 1342 1824 1366 ὀ
1841 1341 1918 1374 Θεὸς,

1134 1385 1348 1421 ἐκπορευόμενος
1360 1393 1390 1411 τε
1410 1386 1442 1411 ἐκ
1453 1384 1499 1411 τοῦ
1516 1385 1598 1412 τόπου
1615 1385 1706 1415 αὑτοῦ.
1723 1386 1766 1413 διὰ
1784 1385 1836 1412 τῶν
1853 1394 1921 1421 προ-

1134 1432 1268 1467 κειμένων
1283 1431 1460 1467 κηρύττεται·
1483 1430 1526 1466 εἴη
1541 1431 1562 1457 δ’
1588 1431 1620 1458 ἂν
1639 1432 1652 1457 ὁ
1669 1431 1715 1458 τοῦ
1737 1431 1803 1457 Θεοῦ
1821 1432 1918 1466 Λόγος,

1134 1478 1163 1504 ὂν
1182 1478 1261 1513 μόνον
1278 1478 1322 1504 διὰ
1337 1477 1389 1504 τῶν
1403 1476 1555 1512 ἔμπροσθεν
1567 1477 1694 1512 γεννητὸν
1705 1477 1841 1512 ὑπάρχειν
1852 1477 1918 1504 Θεὸν

1135 1524 1182 1550 καὶ
1196 1523 1297 1560 Κύριον
1314 1523 1382 1558 μετὰ
1398 1523 1442 1549 τὸν
1459 1522 1588 1549 ἀνωτάτω
1603 1523 1649 1549 καὶ
1679 1522 1726 1549 ἐπὶ
1746 1523 1853 1550 πάντων
1870 1524 1919 1549 ὲπ-

295 1566 451 1592 ειτιιγίιηυε.
475 1565 577 1592 Locum
592 1571 681 1593 autem
699 1566 759 1601 ejus
776 1575 830 1594 non
852 1567 972 1599 aberres,
986 1568 1009 1596 si
1024 1576 1080 1596 eaa—

1132 1570 1280 1605 εδείξαμεν,
1299 1570 1385 1596 Τόπον
1394 1569 1416 1595 δ’
1429 1568 1510 1595 αὑτοῦ
1521 1569 1571 1595 οὐκ
1585 1569 1617 1595 ἂν
1633 1569 1764 1604 ἁμάρτοις
1778 1569 1862 1602 λέγων
1878 1566 1919 1595 ei»

294 1611 362 1639 leste
378 1619 491 1646 regnum
518 1619 579 1639 esse
603 1612 678 1640 dicas
691 1633 699 1644 ,
714 1612 913 1648 gloriosamque
927 1614 1077 1643 divinitatis

293 1658 354 1692 ejus
370 1658 472 1689 sedem,
489 1665 571 1693 quam
600 1658 752 1693 theologice
782 1660 916 1688 extollens
945 1660 1079 1696 Propheta

294 1703 425 1737 psallebat
439 1722 447 1734 ν
478 1710 509 1730 ac
536 1702 662 1730 dicebat:
676 1711 685 1728 ι
704 1701 788 1730 Sedes
812 1707 869 1735 tua,
886 1702 967 1735 Deus,
989 1704 1015 1731 in
1032 1712 1081 1731 sa:-

293 1749 383 1776 culum
407 1749 498 1776 szeculi
516 1749 559 1775 "z
583 1758 593 1774 ι
612 1756 695 1783 super
711 1756 764 1784 qua
781 1750 868 1785 ipsum
899 1751 992 1778 sedere
1018 1755 1080 1778 tan-

292 1803 374 1830 quam
392 1795 501 1822 unicum
517 1795 615 1822 Filium
629 1795 712 1830 jussit
724 1795 805 1823 Pater
818 1796 871 1823 illis
886 1797 975 1824 verbis
991 1806 997 1824 :
1014 1807 1022 1822 ‹
1037 1797 1081 1825 Se-

293 1841 327 1868 de
342 1850 356 1868 a
367 1841 469 1869 dextris
486 1842 554 1869 meis
569 1841 603 1867 ³³.
627 1851 636 1868 ›
653 1841 721 1868 Nam
736 1842 792 1869 hac
808 1843 886 1877 plane
907 1842 964 1876 jam
991 1847 1078 1875 antea,

293 1888 327 1915 ad
349 1896 430 1914 unmn
451 1888 618 1915 Salvatorem
647 1892 769 1915 nostrum
800 1887 884 1915 Deum
905 1888 1020 1916 Verbum
1039 1897 1081 1917 re-

294 1933 404 1961 ferenda
424 1941 485 1960 esse
512 1934 622 1968 planum
650 1934 773 1961 fecimus.
791 1933 869 1961 llunc
884 1935 965 1969 igitur
990 1935 1079 1970 ipsum

296 1986 415 2014 praesens
431 1979 571 2005 oraculum
603 1979 677 2007 cauit
693 1979 873 2014 egredientem
889 1980 923 2008 de
944 1981 1003 2008 loco
1018 1989 1078 2013 suo.

295 2026 489 2053 descensurum
499 2033 551 2060 que
561 2033 642 2060 super
650 2025 807 2053 altitudines
822 2030 910 2054 teme.
936 2026 1020 2054 Porro
1032 2036 1080 2055 au-

295 2077 348 2099 tem
358 2079 481 2106 quamam
489 2072 529 2099 ba:
539 2072 605 2104 sint,
618 2072 682 2104 nisi,
690 2072 717 2099 id
729 2073 800 2107 quod
813 2073 871 2107 ipsa
878 2074 958 2100 verba
970 2078 1078 2106 sonant,

295 2122 402 2144 montes
415 2117 498 2144 lsracl
512 2122 538 2144 et
557 2118 658 2150 colles,
685 2117 719 2145 de
739 2118 839 2153 quibus
867 2119 1080 2148 innumerabiles

294 2163 442 2198 prophetia:
457 2163 658 2190 vaticinantur?
672 2163 785 2199 ipsaque
796 2163 956 2197 Jerusalem,
970 2169 997 2193 et
1017 2174 1078 2193 cum

293 2218 325 2237 ea
338 2217 415 2236 tnons
428 2208 493 2236 Sion
504 2229 512 2240 ,
524 2209 552 2236 in
565 2217 619 2244 quo
633 2209 779 2244 plurimum
796 2209 949 2238 diversatus
963 2215 1005 2239 est
1022 2211 1080 2238 Sal-

292 2259 372 2283 vator
386 2262 418 2282 ac
429 2254 559 2282 Dominus
576 2256 685 2282 noster?
698 2254 764 2282 Nam
774 2255 831 2283 fore
848 2256 941 2282 talium
958 2257 1080 2284 altitudi-

1136 1624 1179 1642 ναι
1196 1615 1243 1651 τὴν
1257 1617 1285 1642 ὲν
1296 1616 1419 1650 οὐρανοῖς
1432 1615 1578 1650 βασιλείαν,
1591 1615 1636 1640 τόν
1648 1623 1677 1641 τε
1687 1614 1789 1646 ἔνδοξον
1800 1615 1849 1649 τῆς
1864 1614 1920 1641 θεό-

1132 1671 1212 1698 τητος
1230 1661 1311 1688 αὐτοῦ
1334 1661 1438 1697 Ορόνον,
1453 1661 1481 1688 ὃν
1498 1660 1630 1695 θεολογῶν
1646 1661 1660 1686 ὁ
1678 1661 1822 1696 Προφήτης
1837 1660 1919 1695 ἔψαλ-

1132 1709 1186 1741 λεν,
1205 1717 1213 1734 ι
1235 1708 1264 1734 '0
1289 1708 1382 1744 θρόνος
1403 1716 1459 1739 σου,
1483 1717 1492 1733 ›
1511 1708 1632 1741 φάσκων,
1654 1716 1662 1732 t
1686 1708 1699 1732 ὁ
1715 1707 1791 1739 Θεὸς,
1809 1708 1849 1738 ei;
1872 1707 1918 1732 τὸν

1131 1753 1216 1780 αἰῶνα
1226 1752 1272 1778 τοῦ
1283 1752 1412 1784 αἰῶνος»
1424 1752 1466 1786 ἐφ’
1481 1751 1508 1777 ὃν
1524 1751 1596 1786 αὐτῷ
1611 1752 1625 1777 ὁ
1642 1751 1745 1787 Πατὴρ,
1770 1751 1842 1777 ὡσᾶν
1860 1751 1918 1786 Υἰῷ

1133 1800 1280 1833 μονογενεί,
1307 1797 1467 1830 καθέζεσθαι
1481 1797 1698 1833 παρεκελεύσατο
1715 1796 1808 1822 εἰπών·
1832 1806 1841 1821 ι
1857 1797 1916 1823 Κὰ-

1131 1843 1177 1869 Θου
1196 1844 1228 1869 ὲκ
1243 1843 1337 1876 δεξιῶν
1353 1852 1414 1879 μου,
1435 1854 1443 1868 ι
1462 1843 1554 1870 Ταῦτα
1570 1843 1623 1878 γὰρ
1647 1842 1739 1876 σαφῶς
1755 1843 1805 1877 ήδη
1822 1842 1919 1878 πρότε-

1131 1899 1177 1926 ρον
1189 1889 1235 1916 ἐπὶ
1247 1890 1326 1925 μόνον
1342 1890 1523 1925 ἀναφέρεσθαι
1536 1889 1579 1916 τὸν
1595 1889 1728 1925 ἡμέτερον
1745 1888 1858 1923 Σωτῆρα
1872 1887 1917 1914 τὸν

1131 1935 1196 1961 Θεὸν
1215 1935 1300 1969 Λόγον
1320 1936 1540 1971 παρεστήσαμεν.
1562 1935 1647 1961 Αὐτὸν
1669 1934 1701 1969 δὴ
1720 1932 1766 1961 οὖν
1787 1934 1880 1961 τοῦτον
1901 1935 1916 1961 ὁ

1131 1980 1224 2016 παρὼν
1246 1981 1367 2013 θεσπίζει
1390 1982 1468 2016 λόγος
1491 1980 1685 2016 ἐκπορεύεσθαι
1708 1981 1739 2006 ὲκ
1763 1980 1809 2006 τοῦ
1832 1980 1914 2006 τόπου

1131 2026 1438 2063 αὑτοῦ,κατα6ήσεσϐαί
1458 2036 1487 2054 τε
1511 2028 1557 2053 ἐπὶ
1571 2028 1606 2054 τὰ
1621 2026 1675 2062 ὕψη
1696 2026 1744 2062 τῆς
1764 2027 1824 2061 γῆς.
1847 2027 1916 2052 Ποῖα

1129 2073 1152 2098 δ’
1171 2072 1203 2099 ἂν
1220 2072 1264 2105 εἴη
1283 2072 1369 2099 ταῦτα
1382 2093 1388 2104 ,
1411 2073 1427 2107 ἦ
1450 2073 1538 2108 ρητῷς
1554 2073 1603 2108 μὲν
1622 2072 1656 2099 τὰ
1670 2072 1720 2107 ὅρη
1743 2071 1789 2098 τοῦ
1810 2071 1915 2107 Ἰσραὴλ

1131 2118 1177 2145 καὶ
1193 2119 1216 2144 οἱ
1233 2117 1331 2153 βουνοὶ,
1355 2119 1418 2154 περὶ
1432 2117 1469 2145 ὧν
1487 2119 1580 2154 μυρίαι
1598 2119 1759 2154 προφητεῖαι
1773 2117 1915 2150 Θεσπίζου-

1132 2180 1183 2203 σιν,
1201 2172 1269 2207 αὐτή
1282 2180 1311 2198 τε
1326 2171 1503 2207 Ἰερουσαλὴμ
1515 2172 1561 2197 καὶ
1576 2171 1606 2197 τὸ
1617 2170 1686 2197 Σιὼν
1699 2171 1771 2206 ὅρος,
1785 2171 1813 2196 ἐν
1865 2169 1914 2201 τὰς

1131 2217 1259 2249 πλείστας
1282 2218 1398 2243 ἐποιεῖτο
1420 2216 1560 2252 διατριϐὰς
1581 2218 1595 2243 ὁ
1619 2216 1715 2252 Σωτὴρ
1739 2217 1785 2242 καὶ
1813 2215 1915 2252 Κύριος

1132 2265 1230 2300 ήμὼν;
1248 2263 1356 2291 Τούτων
1370 2263 1399 2290 δὲ
1421 2263 1568 2298 διαφθορὰν
1585 2262 1692 2289 ἔσεσθαι
1709 2263 1755 2289 καὶ
1777 2262 1914 2288 ἀπώλειαν

293 2309 357 2328 num
381 2300 559 2335 perditionem
583 2305 664 2336 atque
686 2300 842 2334 interitum,
869 2302 941 2327 canit
966 2301 993 2328 in
1019 2302 1079 2337 ipso

1132 2312 1176 2338 ἐπὶ
1191 2313 1224 2346 τῇ
1240 2310 1285 2338 τοῦ
1300 2310 1417 2347 Χριστοῦ
1434 2310 1537 2345 καθόδῳ
1554 2310 1684 2342 Θεσπίζει.
1700 2310 1754 2336 Καὶ
1771 2309 1912 2345 πρόιίηλον,

292 2347 395 2375 Christi
411 2347 545 2374 descensu
561 2356 568 2374 :
587 2351 614 2373 et
630 2354 696 2374 sane
710 2350 828 2378 constat,
845 2352 906 2382 post
928 2346 1078 2376 Salvatoris

294 2394 381 2422 nostri
396 2394 542 2421 adventuum
560 2398 674 2428 postque
703 2400 735 2420 ea
759 2401 819 2428 qua:
844 2393 975 2421 adversus
1002 2394 1077 2421 illum

294 2444 358 2467 sunt
373 2441 443 2471 ausi,
455 2440 582 2467 universa
606 2439 662 2471 illa,
680 2447 741 2474 qua:
753 2447 839 2473 nuper
849 2439 921 2466 dicta
938 2444 1012 2471 sunt,
1028 2440 1078 2468 de-

292 2487 420 2521 populata
437 2485 532 2517 fuisse,
552 2491 578 2513 et
591 2485 625 2512 ad
636 2489 784 2512 extremam
810 2485 983 2512 solitudinem
1000 2486 1078 2514 reda-

291 2536 334 2559 cta
349 2541 410 2560 esse
423 2542 430 2559 ε
447 2537 634 2560 verumtamen
647 2531 767 2558 Judaicac
781 2539 888 2566 quoque
904 2533 992 2567 gentis
1004 2533 1080 2568 prin-

291 2579 412 2613 cipes,et
425 2579 495 2613 quod
509 2582 584 2613 prius
596 2586 679 2614 penes
693 2578 767 2612 ipsos
783 2585 894 2612 regnum
905 2579 1077 2611 stabat,eec-

292 2631 346 2650 non
371 2624 563 2656 sacerdotium,
579 2628 606 2651 et
624 2625 710 2658 prima
732 2624 887 2651 docentium
903 2624 998 2656 sedes,
1029 2625 1075 2659 qui

292 2677 364 2696 nunc
386 2674 492 2698 montes
518 2671 630 2706 ﬁgurate
659 2671 852 2703 nominantur,
879 2671 1074 2699 commovenda

291 2723 352 2742 esse
367 2716 420 2743 dici
436 2721 549 2751 possunt
566 2718 592 2744 in
608 2717 669 2752 ipso
684 2717 790 2745 Domini
804 2718 838 2745 de
853 2719 923 2746 coelo
938 2717 1072 2745 adventu:

291 2764 318 2786 et
332 2760 382 2787 hoc
395 2762 481 2796 ipsum
496 2763 604 2797 quidem
621 2763 700 2790 ﬁnem
717 2771 797 2791 suum
825 2764 988 2798 contigisse,
1013 2763 1074 2798 quis

292 2812 345 2831 non
362 2807 468 2833 tandem
484 2808 615 2840 fateatur,
637 2814 697 2843 post
725 2809 875 2836 Salvatoris
894 2808 980 2835 nostri
1009 2807 1073 2834 Jesu

291 2849 392 2877 Cluisti
409 2855 539 2887 tempora,
555 2862 616 2880 cum
630 2856 720 2882 omnia
736 2856 780 2882 illa
796 2855 887 2882 Videre
904 2854 998 2887 1308511:
1017 2862 1072 2881 ιιοιι

327 2909 348 2923 ⁵⁷
363 2908 442 2935 Micli.
461 2917 480 2941 ι,
500 2910 557 2938 2-5.
595 2912 617 2926 ⁸⁸
631 2911 702 2940 Psnl.
717 2920 789 2946 XLIV,
806 2913 833 2938 7.

872 2912 894 2928 ⁵⁹
914 2912 986 2939 Psal.
1000 2919 1055 2944 CIX,
1074 2912 1098 2939 1.

1127 2357 1164 2388 ὡς
1181 2356 1248 2391 μετὰ
1263 2356 1311 2391 τὴν
1333 2355 1379 2382 τοῦ
1400 2356 1523 2391 Σωτῆρος
1537 2355 1613 2390 ἡμῶν
1636 2353 1795 2391 παρουσίαν,
1820 2354 1866 2380 καὶ
1880 2353 1913 2380 τὰ

1129 2404 1188 2430 κατ’
1205 2403 1286 2430 αὐτοῦ
1301 2401 1499 2437 τετολμημένα,
1514 2401 1547 2427 τὰ
1565 2400 1748 2436 προειρημένα
1763 2399 1851 2426 πάντα
1864 2407 1912 2424 πε-

1129 2449 1315 2484 πολιόρκηται,
1335 2449 1382 2476 καὶ
1398 2449 1437 2480 εἰς
1455 2448 1571 2483 ἐσχάτην
1585 2447 1703 2483 ἐρημίαν
1723 2445 1859 2482 ἐλήλυθεν.
1875 2446 1911 2472 Οὐ

1131 2494 1183 2531 μὴν
1199 2495 1266 2522 ἀλλὰ
1281 2495 1328 2522 καὶ
1340 2495 1364 2521 οἱ
1375 2495 1502 2529 ἄρχοντες
1515 2493 1561 2520 τοῦ
1583 2493 1714 2520 Ἰουδαίων
1731 2493 1831 2524 ἔθνους,
1849 2493 1866 2527 ἦ
1882 2500 1912 2519 τε

1130 2541 1194 2576 παρ’
1209 2541 1300 2573 αὐτοῖς
1323 2542 1353 2567 τὸ
1378 2541 1442 2576 πρὶν
1459 2540 1611 2567 συνεστῶσα
1626 2539 1756 2574 βασιλεία,
1776 2537 1911 2573 ἱερωσύνη

1127 2599 1157 2617 τε
1171 2591 1218 2617 καὶ
1229 2590 1394 2617 διδασκάλων
1410 2591 1563 2626 προεδρεία,
1579 2591 1629 2626 δρη
1645 2589 1692 2617 νῦν
1705 2589 1842 2625 τροπικῶς
1853 2590 1911 2616 ὀνο-

1128 2642 1278 2679 μαζόμενα,
1302 2643 1513 2678 σαλευθήσεσθαι
1528 2643 1651 2676 λέγονται
1672 2643 1719 2668 ἐπὶ
1737 2644 1769 2678 τῇ
1788 2642 1834 2669 τοῦ
1857 2643 1913 2669 Κυ-

1126 2696 1183 2732 ρίου
1201 2695 1230 2728 eg
1240 2696 1360 2732 οὐρανῶν
1373 2697 1516 2732 παρουσίᾳ.
1528 2697 1583 2723 Καὶ
1596 2696 1674 2722 τοῦτο
1689 2696 1717 2722 δὲ
1730 2697 1803 2726 ὃπως
1816 2695 1912 2726 τέλους

1125 2750 1213 2785 ἔτυχε,
1229 2751 1271 2782 τίς
1284 2750 1333 2776 οὐκ
1350 2749 1382 2776 ἂν
1397 2750 1580 2785 ὁμολογήσειε,
1598 2749 1666 2784 μετὰ
1682 2749 1743 2780 τοὺς
1756 2747 1801 2774 τοῦ
1819 2748 1912 2782 Σωτῆ-

1127 2811 1172 2838 ρος
1186 2802 1262 2838 ἡμῶν
1282 2802 1368 2838 Ἰησοῦ
1382 2802 1498 2838 Χριστοῦ
1513 2801 1633 2837 χρόνους,
1652 2801 1728 2828 πάντ’
1740 2801 1831 2827 ἐκεῖνα
1848 2800 1912 2827 θεωο

1128 2855 1182 2890 ρῶν
1195 2855 1225 2882 οὺ
1243 2855 1322 2891 μόνον
1339 2855 1510 2888 σαλευοέντα,
1533 2854 1600 2882 ἀλλὰ
1615 2855 1662 2881 καὶ
1689 2853 1810 2881 ἐκποδὼν
1830 2861 1911 2887 γεγε-
