2084 3216
157 208 209 236 ιῦὅ

600 205 925 234 DEMONSTBATIONIS
942 204 1170 232 EVANGELICE
1193 205 1256 232 LIB.
1279 205 1322 231 Vl.

1727 203 1776 229 Mi

156 265 277 300 νημένας
295 266 424 298 Κοιλάδες
443 267 470 292 δὲ
489 267 570 293 εἰσέτι
593 267 639 292 νῦν
660 266 812 301 τηκίμεναι
834 264 887 291 εἷεν
911 266 943 291 ἂν

996 265 1083 292 solum
1099 270 1243 296 commota.
1259 265 1304 291 sed
1326 264 1406 292 etiam
1422 264 1528 291 sublata
1545 264 1580 291 de
1594 263 1701 290 medio?
1718 262 1776 289 Val-

155 310 183 335 αἱ
204 310 264 335 ἀντὶ
281 311 330 345 τῆς
349 310 522 346 Ἰερουσαλὴμ
545 311 593 337 καὶ
614 311 662 336 τοῦ
685 310 753 336 Σιὼν
774 310 852 344 ὅρους
874 309 944 335 κατα

156 356 246 381 πᾶσαν
262 356 340 382 πῧλιν
359 357 523 382 συνεστῶσαι
538 356 626 382 αὐτῶν
643 356 809 390 συναγωγαὶ,
825 355 945 390 ἀποθρη-

157 401 250 427 νοῦσαι
269 402 317 428 καὶ
331 402 552 436 ἀποκλαιόμεναι,
569 402 614 428 καὶ
635 402 672 433 ὡς
690 403 773 437 κηρὸς
789 401 842 428 ἀπὸ
862 409 945 436 προσ-

157 447 232 474 ώπου
247 449 331 484 πυρὸς
344 449 501 483 τηκόμεναι,
513 448 556 474 διὰ
572 447 660 483 λύπην
672 448 718 474 καὶ
733 447 846 478 πένθους
861 448 945 482 ὑπερ-

158 494 248 529 ὁολὴν.
271 495 319 529 τῆς
336 503 364 521 τε
378 494 432 520 τῶν
453 495 559 521 οἰκείων
573 494 690 530 ἐρημίας
709 494 756 520 καὶ
772 494 821 528 τῆς
838 494 944 528 μακρᾶς

158 541 205 566 καὶ
222 539 368 570 πολυετοῦς
384 539 504 571 δουλείας
520 539 620 566 ἕνεκεν.
647 540 700 566 Καὶ
719 539 805 570 ἄλλως
824 539 852 566 δὲ
875 538 944 565 κατὰ

158 585 277 611 διάνοιαν
300 575 327 620 ἡ’
342 584 388 611 τοῦ
409 585 496 620 Λόγου
521 586 568 612 τοῦ
588 585 659 612 θείου
685 586 821 617 ὲπίὸαοις,
844 586 894 611 οὐκ
916 586 944 611 ἐν

160 632 281 666 χάσμασι
297 631 343 658 καὶ
368 630 542 666 κοιλώμασιν,
561 632 613 658 οὐδ’
630 633 658 658 ὲν
672 634 812 663 ταπειναῖς
829 632 875 658 καὶ
897 640 945 666 χα-

162 677 305 711 μαιπετὲσι
318 677 456 709 διανοίαις,
475 677 530 703 ἀλλ’
549 679 576 703 ὲν
590 679 756 714 ἐπηρμέναις
774 678 802 704 τὸ
819 677 944 714 φρόνημα

159 722 321 757 κατεγίνετο.
347 722 439 759 Ταύτῃ
458 723 522 756 γοῦν
537 723 737 759 τροπικὼτερον
753 724 834 755 αὐτὸς
857 724 871 750 ὁ
887 724 944 749 Κύ-

160 778 216 804 ριος
232 768 432 803 καταϐήσεσθαι
447 769 492 795 ἐπὶ
505 769 538 795 τὰ
554 768 607 804 ὕψη
624 769 673 804 τῆς
689 769 741 804 γῆς
757 769 857 804 εἴρητο.
875 769 944 804 Ὄρη

158 815 186 840 δὲ
207 815 332 850 σειόμενα
349 815 523 841 ὑποκάτωθεν
546 815 637 847 αὐτοῦ,
653 815 721 841 αὺτὰ
733 815 764 850 δὴ
789 816 878 841 ἐκεῖνα
898 813 942 849 ἦν,

159 860 223 886 ἔνθα
243 861 345 896 ἀνήχθη
368 861 420 887 ὑπὸ
436 860 482 887 τοῦ
496 861 662 896 Π-ιεὺματος,
688 861 868 897 πειρασθῆναι
892 861 944 887 ὑπὸ

160 905 206 932 τοῦ
220 905 341 932 διαϐόλου
352 915 359 921 ·
379 915 388 931 ι
411 906 471 933 ’Ὁτι
485 907 532 932 καὶ
548 907 754 942 παραλαμϐάνει
771 907 850 933 αὐτον
861 908 875 934 ὀ
885 908 942 934 διά-

160 951 237 984 ϐολος
252 953 291 984 εἰς
309 952 370 988 ὅρος
388 952 487 988 ὐῂλδν
512 952 588 979 λίαν·
611 953 658 979 καὶ
678 951 712 988 ἦν
730 953 798 988 μετὰ
822 954 874 980 τῶν
897 954 944 989 θη-

162 998 238 1033 ρίων.
259 1008 267 1023 ι
289 998 357 1034 Ὀρη
374 999 396 1024 δ’
408 998 440 1025 ἂν
452 999 493 1034 εἴη
506 996 583 1030 αὖθις
599 998 798 1034 τροπῖκώτερον
813 1000 828 1034 ἡ
848 1000 877 1025 ὲν
889 1001 943 1031 τοῖς

159 1047 236 1079 ορεστ
247 1043 277 1070 τὸ
293 1045 355 1079 πρὶν
371 1044 563 1080 ἐπιτελουμένη
579 1045 791 1080 εἰδωλολατρεία,
807 1046 854 1071 καὶ
872 1046 899 1070 αί
915 1046 944 1071 ἐν

160 1089 265 1121 τούτοις
287 1091 468 1126 ἑνεργήσασαι
490 1091 599 1126 ἀόρατοι
622 1092 668 1117 καὶ
686 1091 842 1126 ἁρχοντικαὶ
864 1091 943 1117 δυνά-

162 1144 232 1171 μεις,
249 1136 282 1168 ἃς
297 1137 326 1162 οὐ
345 1136 450 1172 μικρῶς
498 1137 544 1163 τοῦ
559 1138 684 1173 Σωτῆρος
701 1137 778 1172 ἡμῶν
795 1137 900 1164 ἀνέσειε
915 1146 944 1163 τε

160 1182 208 1208 καὶ
229 1182 345 1214 ἀνεκίνει
363 1181 528 1208 διδασκαλία.
552 1181 660 1208 Τούτων
675 1183 729 1218 γὰρ
747 1183 761 1218 ἡ
776 1182 875 1213 ἔνθεος,
891 1182 944 1208 εἴτε

161 1227 367 1262 θαυματουργὸς
386 1228 432 1253 καὶ
456 1227 664 1263 παραδοξοποιὸς
685 1228 771 1262 ἰσχὺς,
796 1227 945 1261 λεληθότως

160 1273 210 1308 τὴν
225 1272 295 1300 κατὰ
309 1272 362 1299 τῶν
378 1273 527 1308 ἀνθρώπιον
544 1272 651 1308 μακρὰν
665 1274 711 1299 καὶ
729 1272 845 1300 παλαιὰν
865 1273 944 1298 δυνα-

161 1318 253 1344 στείαν
265 1318 389 1354 καθῄρει.
409 1319 543 1350 Ὡσαύτως
560 1319 588 1345 δὲ
602 1319 648 1345 καὶ
664 1318 786 1350 κοιλάδες
797 1318 944 1352 τηκόμεναι

160 1364 197 1396 ὥς
211 1365 296 1400 κηρὸς
311 1365 364 1391 ἀπὸ
374 1364 518 1400 προσώπου
528 1365 622 1400 πυρὸς,
636 1364 761 1399 δαίμονες
775 1365 807 1391 ἂν
816 1362 869 1391 εἷεν
885 1364 945 1399 χθό-

160 1417 212 1436 νιοι
228 1410 276 1436 καὶ
292 1410 436 1445 περίγειοι,
452 1410 512 1436 καθ’
527 1407 563 1436 ὧν
579 1410 609 1436 τὸ
624 1409 768 1436 καυστικὸν
782 1409 833 1443 τῆς
849 1409 944 1444 μοχθη-

161 1454 222 1490 ρίας
243 1454 332 1481 αὐτῶν
348 1454 404 1490 πῦρ
423 1455 509 1490 ἠφίει,
528 1455 630 1489 λέγων·
650 1464 658 1480 ε
680 1455 738 1489 Πῦρ
754 1452 835 1489 ἦλθον
855 1453 944 1488 βαλετν

160 1502 208 1528 ἐπὶ
224 1501 273 1537 τὴν
284 1501 344 1537 γῆν,
363 1502 410 1528 καὶ
425 1501 451 1527 τί
466 1501 543 1533 θέλω,
561 1503 583 1527 εἰ
600 1501 648 1536 ἤδη
665 1501 786 1535 sva-seq;
807 1510 815 1525 ι
841 1500 900 1534 Ὑφ’
915 1496 944 1526 οὗ

160 1547 248 1582 πυρὸς
271 1546 303 1582 δὴ
328 1547 477 1581 καιόμενοι,
497 1547 543 1573 καὶ
563 1547 599 1581 μὴ
620 1544 670 1572 οἶοί
687 1555 715 1573 τε
737 1546 812 1577 ὄντες
827 1545 876 1577 τὰς
892 1545 945 1571 ἀπὸ

159 1593 209 1628 τῆς
227 1593 342 1629 ἀοράτου
363 1593 460 1627 φλογὸς
479 1593 571 1628 φέρειν
595 1593 736 1627 βασάνους,
754 1591 944 1628 ὑπανεχώρουν

159 1638 214 1664 τῶν
236 1637 414 1673 ἀνθρωπείων
432 1638 572 1673 σωμάτων.
595 1638 648 1664 Καὶ
671 1637 702 1663 τὸ
723 1637 834 1671 συνέχον
850 1645 881 1671 γε
899 1637 946 1662 καὶ

159 1685 271 1712 ἑλαῦνον
282 1685 380 1716 αὐτοὺς
392 1683 589 1719 ἆνωμολὸγουν,
608 1683 721 1718 βοῶντες
731 1692 737 1698 ’
752 1684 829 1713 ιἝα,
842 1682 868 1709 τί
881 1683 946 1717 ἡμῖν

138 1762 142 1766 .
160 1730 209 1758 καὶ
226 1731 277 1762 σοὶ,
294 1730 341 1756 Υἱὲ
357 1730 403 1756 τοῦ
418 1730 500 1762 Θεοῦς
517 1728 596 1764 ἦλθες
618 1729 671 1765 πρὸ
686 1729 781 1764 καιροῦ
804 1729 946 1764 βασανίσαι

159 1777 256 1812 ήμᾶς;
274 1776 391 1811 υῐδαμὲν
410 1785 439 1802 σε
451 1776 492 1807 τίς
508 1773 549 1802 εἴ·
565 1776 578 1801 ὁ
594 1775 669 1809 ἅγιος
687 1775 733 1801 τοῦ
749 1775 826 1801 Θεοῦ.
848 1784 856 1799 ι
877 1773 946 1800 Τού-

159 1830 224 1853 τους
237 1822 266 1848 δὲ
285 1821 400 1857 μάλιστα
422 1821 540 1856 ᾐκίζετο,
563 1821 608 1847 καὶ
629 1821 692 1852 τοὺς
709 1821 754 1846 ἐπὶ
777 1820 877 1846 τούτων
899 1819 948 1854 ἄρ-

161 1876 258 1903 χοντας
276 1867 399 1904 καθῄρει,
415 1868 465 1899 im,
485 1867 522 1903 μὴ
536 1867 716 1902 ἀρκεσθέντες
734 1868 765 1902 τῇ
783 1867 836 1892 τῶν
847 1866 947 1893 λοιπῶν

161 1914 247 1941 ἐθνῶν
261 1913 403 1949 διαφθορᾷ,
422 1914 454 1940 δι’
469 1911 502 1949 ἦς
515 1914 577 1944 τοὺς
590 1913 692 1945 πάντας
705 1913 743 1944 είς
759 1912 808 1948 τὴν
820 1911 947 1938 πολύθεον

161 1959 267 1994 πλάνην
281 1959 529 1994 καταϐεϐλήκεσαν,
540 1959 587 1984 καὶ
596 1957 635 1993 τῷ
647 1957 729 1984 πάλαι
740 1956 786 1983 τοῦ
800 1956 867 1983 Θεοῦ
880 1956 946 1991 λαῷ,

161 2005 237 2040 αὐτῷ
259 2005 292 2040 δὴ
313 2004 351 2039 τῷ
369 2006 400 2031 ἐκ
422 2005 581 2040 περιτομῆς,
606 2003 875 2034 ὲπιόεϐουλεύκεσαν,
901 2002 948 2028 καὶ

162 2051 365 2086 ἀποστήσαντες
377 2059 409 2084 γε
427 2051 473 2077 τοῦ
490 2050 556 2076 Θεοῦ
569 2051 616 2077 καὶ
630 2050 723 2077 τοῦτον
745 2051 883 2081 παντοίαις
899 2059 948 2076 πε-

164 2096 289 2132 ριέϐαλον
302 2096 481 2128 δυσσεϐείαις.
501 2096 545 2122 Διὸ
557 2097 604 2122 καὶ
618 2096 734 2131 μάλιστα
751 2097 800 2132 τὴν
817 2096 845 2129 ἐξ
865 2097 948 2132 οὐρα-

164 2142 218 2168 νῶν
236 2142 368 2176 πεποίητο
383 2142 398 2167 ὁ
414 2142 514 2177 Κύριος
535 2141 657 2168 κάθοδον.
675 2142 756 2169 Ὅθεν
777 2142 840 2177 ἑξῆς
862 2151 928 2177 φησι
940 2151 946 2157 ·

166 2197 175 2213 ι
201 2188 250 2214 Διὰ
275 2187 325 2222 τὴν
348 2187 473 2213 ἀσέϐειαν
501 2187 597 2214 Ἰακὼὸ
611 2188 699 2214 πάντα
722 2188 817 2220 ταῦτα,
846 2189 892 2215 καὶ
915 2188 948 2214 δι’

163 2233 301 2268 ἁμαρτίαν
315 2233 389 2260 οἴκου
408 2234 528 2269 Ἰσραήλ·
550 2244 559 2259 ι
576 2235 630 2260 Καὶ
645 2234 683 2260 ἔτι
701 2234 768 2269 πρὸς
783 2234 886 2266 τούτοις
899 2234 950 2269 τῆς

164 2280 196 2313 ἐξ
211 2279 326 2315 οὐρανοῦ
346 2279 460 2306 καθόδου
480 2279 524 2306 τοῦ
543 2280 629 2313 Λόγου
644 2281 693 2315 τὴν
707 2280 795 2307 αἰτίαν
813 2280 874 2315 ἑξῆς
893 2281 950 2307 δια-
965 2278 988 2307 D

165 2327 256 2359 σαφεῖ,
278 2326 324 2352 τοῦ
348 2326 397 2360 μὲν
414 2327 445 2352 ὲκ
469 2326 618 2361 περιτομῆς
637 2325 701 2352 λαοῦ
723 2326 772 2357 τὰς
793 2325 948 2357 δυσσεϐείας

164 2370 420 2406 ἀπαριθμούμενος,
441 2371 488 2397 καὶ
511 2371 555 2397 τὸν
581 2372 627 2397 ἐπὶ
650 2371 761 2403 ταύταις
789 2372 949 2408 μετελθόντα

163 2417 264 2448 αὐτοὺς
283 2415 401 2452 ὄλεθρον,
419 2416 473 2442 τῶν
495 2416 522 2443 δὲ
540 2416 591 2443 ἀνὰ
606 2418 695 2444 πᾶσαν
717 2418 765 2453 τὴν
788 2418 949 2453 οἰκουμένην

164 2462 248 2488 ἐθνῶν
276 2463 477 2497 προαναφωνῶν
503 2463 553 2497 τὴν
577 2463 680 2498 κλῆσιν.
713 2464 763 2489 Διὰ
783 2463 869 2490 ταῦτα
895 2463 950 2499 γὰρ

134 2536 139 2540 ,
164 2508 296 2543 ἐπεδήμει
310 2510 324 2535 ὁ
339 2508 386 2534 τοῦ
400 2508 467 2535 Θεοῦ
482 2509 566 2542 Λόγος
582 2509 611 2541 ὲξ
622 2509 744 2545 οὐρανῶν
759 2510 804 2536 ἐπὶ
820 2511 885 2545 γῆς’
900 2511 949 2536 καὶ

163 2554 218 2581 τῶν
233 2563 264 2588 γε
288 2554 385 2586 λέξεων
410 2555 508 2582 ἄκουε”
532 2565 540 2580 ε
553 2556 590 2582 Δι’
611 2556 735 2582 ἀσέϐειαν
756 2555 829 2581 οἴκου
854 2555 950 2582 Ἰακὼῦ

165 2600 254 2626 πάντα
265 2600 361 2631 ταῦτα,
381 2601 426 2627 καὶ
442 2600 475 2627 δι’
489 2601 624 2636 ἁμαρτίαν
638 2601 713 2627 οἴκου
733 2601 850 2636 Ἰσραήλ.
868 2601 915 2632 Τίς
933 2602 950 2636 ὴ

165 2647 278 2673 ἀσέϐεια
311 2646 385 2673 οἴκου
414 2646 526 2679 Ίακώ6;
554 2647 584 2673 οὐ
607 2647 765 2683 Σαμάρεια;
793 2648 839 2674 καὶ
861 2647 903 2679 τίς
932 2649 948 2682 ὴ

165 2694 288 2729 ἁμαρτία
306 2694 381 2720 οἴκου
399 2694 496 2725 Ἰούδας
513 2694 573 2729 οὐχὶ⁵
593 2694 784 2730 Ίερουσαλὴμ;
800 2695 854 2721 Καὶ
869 2693 950 2729 θήσο-

167 2750 217 2777 μαι
237 2741 393 2776 Σαμάρειαν
418 2742 458 2779 είς
488 2742 708 2778 ὀπωροφυλάκιον
728 2740 812 2777 ἀγροῦ
842 2741 887 2767 καὶ
910 2742 949 2772 εἰς

167 2787 276 2821 φυτείαν
297 2787 473 2822 ἀμπελῶνος,
489 2787 535 2813 καὶ
549 2788 716 2814 κατασπάσω
737 2788 777 2819 εὶς
799 2787 863 2822 χάος
887 2787 950 2818 τοὺς

165 2833 254 2865 λίθους
278 2834 373 2868 αὐτῆς.
392 2833 438 2871 κοιλ¹
459 2833 493 2859 τὰ
507 2833 617 2868 θεμέλια
640 2834 722 2868 αὐτῆς
745 2833 919 2867 ἀποκαλύψω,
937 2842 945 2857 ι

962 940 980 966 Β

996 311 1035 338 les
1051 316 1139 338 autem
1156 311 1244 338 adhuc
1263 311 1453 345 liquescentes.
1471 315 1552 338 erunt
1563 310 1610 345 qui
1631 317 1680 344 pro
1701 308 1771 336 .leru~

995 357 1078 384 salem
1094 364 1195 391 proque
1217 361 1310 383 monte
1333 356 1408 388 Sion,
1423 365 1469 392 per
1483 363 1590 383 onmem
1606 356 1698 382 urbem
1714 362 1765 381 con

995 403 1083 430 stituti
1100 408 1261 430 sunteornm
1277 408 1436 433 conventus.
1451 403 1531 437 272
1545 403 1682 437 plorantes
1695 409 1727 428 ac
1738 401 1779 427 lu-

994 453 1098 484 gentes.
1114 453 1140 476 et
1165 449 1242 483 quasi
1266 457 1327 475 cera
1351 457 1365 474 a
1391 449 1460 475 facie
1482 449 1553 483 ignis
1579 449 1777 482 liquescentes,

995 498 1105 529 propter
1128 495 1252 522 Inoamris
1268 502 1298 521 ac
1317 495 1406 522 luctus
1422 502 1564 522 excessum
1579 513 1586 522 .
1618 498 1645 521 et
1669 496 1779 527 propter

995 539 1047 566 loci
1065 540 1143 575 patrii
1160 540 1331 567 solitudinem
1344 560 1351 570 ,
1372 545 1398 567 et
1419 540 1525 574 longam
1541 543 1622 574 atque
1647 546 1778 565 annosam

995 586 1162 612 servitutem.
1186 586 1245 612 Alio
1267 591 1395 620 prauerea
1417 586 1556 612 intellectu
1583 585 1668 611 divini
1696 583 1777 610 Verbi

995 638 1078 665 super
1105 631 1260 658 altitudines
1288 632 1436 658 descensus
1465 631 1550 664 accipi
1578 634 1688 665 potest:
1706 629 1778 664 quod

996 678 1088 711 utique
1105 685 1157 703 non
1173 677 1199 703 in
1216 678 1335 704 hiatibus
1349 681 1376 704 et
1389 677 1569 707 convallibus,
1582 684 1669 711 neque
1684 678 1711 703 in
1732 676 1779 702 ab-

993 723 1072 757 jectis
1087 723 1208 757 atquein
1227 723 1337 749 humum
1361 723 1547 758 spectantibus
1569 723 1665 749 animis
1681 727 1707 749 et
1733 728 1780 748 co-

996 769 1182 803 gitationibus,
1208 769 1255 796 sed
1275 769 1302 796 in
1318 769 1398 796 altius
1415 769 1530 796 sublatis
1547 772 1573 795 et
1590 775 1698 795 sursum
1720 775 1780 795 ere-

995 815 1048 841 etis
1069 815 1172 842 versari
1199 815 1290 842 vellet.
1318 814 1377 841 Tali
1401 815 1482 849 igitur
1499 815 1584 850 ﬁgura
1600 814 1702 841 dictum
1716 819 1777 846 est,

996 861 1084 894 ipsum
1098 859 1239 886 Dominum
1255 867 1336 894 super
1357 859 1514 887 altitudines
1531 865 1609 886 terra:
1633 859 1780 886 descensu-

999 912 1070 932 rum.
1082 905 1132 939 Qui
1147 914 1212 933 vero
1227 906 1420 932 concutiautur
1436 906 1529 933 subter
1542 913 1573 932 eo
1588 911 1705 934 montes,
1725 903 1779 938 ipsi

996 952 1034 978 illi
1049 954 1141 987 utique
1152 956 1241 984 erunt,
1257 953 1290 979 ad
1303 960 1370 986 quos
1387 952 1521 979 adductus
1535 957 1577 979 est
1591 958 1606 978 a
1625 950 1732 986 spiritu,
1751 953 1779 976 ut

995 1002 1143 1025 tentaretur
1157 1006 1171 1024 a
1185 998 1293 1025 diabolo
1311 1008 1318 1025 ε
1343 1006 1398 1033 quo
1420 1002 1541 1032 tempore
1555 1007 1564 1023 ι
1584 997 1730 1032 assumpsit
1747 997 1780 1023 il-

995 1043 1050 1070 lum
1067 1043 1191 1071 diabolus
1214 1044 1241 1071 in
1259 1050 1376 1071 montem
1391 1044 1529 1071 excelsum
1553 1043 1630 1070 valde
1643 1063 1650 1075 ,
1675 1046 1702 1070 et
1721 1045 1780 1069 erat

995 1097 1057 1116 cum
1071 1088 1136 1117 feris
1151 1090 1184 1116 ⁸ο.
1203 1099 1212 1115 ι
1230 1089 1337 1117 Rursus
1362 1091 1442 1116 etiam
1459 1089 1600 1124 ﬁguratius
1615 1091 1721 1115 montes
1734 1095 1779 1115 ac-

994 1136 1136 1170 cipiemus,
1153 1135 1227 1162 illum
1240 1135 1448 1162 simulacrorum
1463 1135 1578 1166 cultum,
1595 1134 1640 1169 qui
1658 1134 1733 1169 prius
1751 1134 1778 1159 in

995 1181 1133 1208 montibus
1151 1180 1382 1215 frequentabatur,
1394 1185 1420 1208 et
1435 1181 1462 1208 in
1485 1181 1518 1208 iis
1539 1179 1685 1207 ellicaeiam
1701 1187 1779 1207 suam

996 1226 1180 1258 ostendentes,
1202 1226 1352 1253 invisibiles
1368 1226 1537 1261 principatus
1563 1233 1594 1252 ac
1610 1228 1757 1260 potestates
1770 1243 1777 1255 .

995 1279 1063 1306 quas
1085 1279 1138 1297 non
1167 1271 1262 1298 leviter
1276 1270 1425 1298 Salvatoris
1451 1270 1536 1297 nostri
1551 1271 1691 1298 concussit
1704 1277 1780 1297 com-

996 1318 1132 1351 movitque
1154 1317 1288 1344 doctrina.
1311 1315 1416 1343 Talium
1442 1317 1515 1343 enim
1531 1316 1637 1351 longam
1663 1319 1690 1343 et
1706 1321 1780 1342 vete-

996 1370 1052 1390 rem
1065 1367 1161 1389 contra
1174 1361 1297 1389 homines
1313 1362 1460 1396 potentiam
1471 1381 1479 1394 ,
1495 1361 1609 1388 latenter
1625 1360 1725 1388 delevit
1736 1361 1779 1387 di~

995 1409 1086 1436 vinum
1104 1408 1176 1435 illius
1187 1408 1311 1440 verbum,
1332 1412 1359 1435 et
1374 1407 1487 1434 miriﬁca
1501 1411 1528 1434 et.
1552 1415 1659 1434 omnem
1682 1407 1708 1433 in
1724 1406 1780 1434 elli-

996 1454 1093 1480 ciendo
1118 1453 1197 1480 ﬁdem
1220 1461 1354 1488 superans
1383 1453 1434 1480 vis.
1464 1452 1564 1480 Eadem
1587 1459 1651 1480 vero
1675 1453 1781 1479 ratione

995 1501 1074 1528 etiam
1085 1501 1275 1536 liquescentes,
1284 1505 1311 1527 ut
1319 1508 1381 1527 cera
1390 1508 1404 1526 a
1412 1500 1479 1527 facie
1487 1500 1568 1534 ignis,
1577 1500 1671 1531 valles,
1680 1499 1780 1526 d:emo-

995 1555 1044 1575 nes
1057 1551 1137 1575 erunt
1151 1547 1249 1574 inferni
1258 1551 1284 1574 et
1292 1547 1393 1574 circum
1403 1550 1504 1574 terram
1516 1550 1670 1573 versantes:
1685 1545 1782 1572 adver-

997 1602 1057 1622 sum
1072 1594 1248 1629 quosignem,
1263 1593 1309 1629 qui
1333 1593 1480 1628 nequitiam
1496 1593 1616 1627 ipsorum
1637 1592 1780 1619 cambure-

1000 1644 1052 1672 ret,
1070 1640 1172 1667 dimisit
1187 1640 1299 1667 dicens:
1317 1650 1325 1665 ‹
1343 1639 1433 1674 ignem
1445 1638 1619 1666 venimittere
1629 1638 1654 1664 in
1669 1642 1779 1668 terram.

997 1687 1097 1721 etquid
1112 1686 1183 1717 volo,
1194 1686 1215 1713 si
1224 1686 1279 1720 jam
1293 1693 1423 1712 accensus
1434 1689 1476 1712 est
1482 1684 1521 1710 ιιι
1539 1694 1547 1710 ι
1558 1684 1685 1718 Quoigne
1695 1690 1782 1710 corre-

997 1733 1034 1768 pti
1042 1733 1154 1763 illi,cum
1166 1732 1310 1759 invisibilis
1319 1732 1431 1758 ﬂamma:
1441 1734 1574 1758 tormenta
1582 1730 1650 1757 ferre
1659 1737 1711 1755 non
1719 1736 1781 1764 pos-

997 1781 1068 1809 sent,
1078 1778 1111 1805 de
1118 1777 1245 1804 humanis
1258 1777 1417 1811 corporibus
1425 1775 1596 1806 recedebant,
1606 1774 1726 1808 illudque
1741 1774 1782 1807 ip-

997 1830 1057 1850 sum
1071 1831 1125 1857 quo
1136 1823 1243 1850 interim
1260 1822 1452 1849 cohibebantur
1467 1826 1547 1856 atque
1565 1820 1779 1854 impellebantur,

997 1875 1053 1904 pra:
1061 1876 1089 1895 se
1099 1868 1222 1895 ferebant
1229 1874 1324 1902 magna
1332 1874 1397 1894 voce
1406 1867 1569 1894 clamantes:
1580 1875 1589 1890 ε
1598 1865 1654 1896 Eia,
1665 1865 1729 1899 quid
1736 1871 1783 1891 no-

998 1914 1040 1941 bis
1048 1918 1074 1941 et
1085 1914 1142 1944 tibi,
1153 1913 1203 1940 Fili
1211 1913 1270 1940 Dei?
1278 1913 1373 1940 venisti
1384 1916 1446 1939 ante
1457 1916 1563 1946 tempus
1572 1916 1698 1945 torquere
1712 1918 1761 1938 nos
1770 1909 1782 1937 ’ί

998 1960 1128 1988 Novimus
1144 1963 1180 1991 te,
1193 1959 1254 1994 quis
1271 1960 1309 1986 sis
1321 1980 1328 1992 ,
1354 1963 1465 1986 sanctus
1483 1957 1530 1984 Dei
1545 1957 1576 1984 ⁸³.
1600 1967 1609 1982 ι
1629 1957 1683 1984 llos
1700 1957 1782 1991 igitur

999 2006 1116 2033 maxime
1129 2005 1297 2037 verberabat,
1308 2005 1459 2038 horumque
1473 2004 1608 2038 principes
1620 2003 1759 2030 auferebat
1773 2013 1780 2030 :

999 2053 1127 2087 quoniam
1143 2059 1198 2079 non
1212 2053 1278 2079 satis
1296 2051 1425 2078 habentes
1440 2050 1511 2085 quod
1532 2050 1649 2084 reliquas
1658 2049 1782 2076 nationes

1000 2099 1201 2133 corrupissent,
1217 2101 1412 2132 corruptasque
1438 2097 1465 2123 in
1489 2103 1610 2123 errorem
1634 2095 1782 2130 compulis~

1000 2146 1070 2177 sem,
1086 2151 1140 2179 quo
1166 2143 1233 2170 deos
1250 2143 1342 2178 plures
1360 2143 1490 2173 colerent,
1505 2142 1616 2176 antiquo
1638 2142 1720 2168 etiam
1744 2141 1783 2168 illi

1000 2191 1046 2218 Dei
1063 2191 1171 2225 populo,
1196 2189 1241 2224 qui
1259 2188 1477 2216 circumcisionis
1494 2195 1572 2215 usum
1591 2188 1726 2219 servabat,
1741 2187 1783 2214 in-

1001 2239 1094 2267 sidiari
1108 2239 1257 2272 cmperant,
1272 2235 1398 2270 huncque
1413 2240 1566 2263 avertentes
1581 2242 1595 2261 a
1612 2235 1676 2266 Deo,
1693 2235 1782 2262 omnis

1001 2285 1108 2321 generis
1134 2284 1317 2319 impietalibus
1342 2282 1555 2318 implieaverant.
1582 2281 1672 2314 Quare
1700 2281 1781 2307 etiam

1002 2331 1119 2358 maxime
1135 2330 1169 2358 de
1182 2330 1252 2356 cmlo
1266 2328 1406 2356 descendit
1431 2327 1579 2360 Dominus,
1602 2335 1635 2355 ex
1663 2334 1718 2362 quo
1745 2326 1783 2352 ait

1002 2375 1147 2410 deinceps:
1167 2383 1177 2400 ‹
1197 2374 1310 2409 Propter
1329 2374 1493 2408 impietatem
1509 2372 1592 2400 Jacob
1609 2373 1698 2400 omnia
1714 2372 1780 2402 inec,

1001 2425 1027 2448 et
1042 2424 1152 2455 propter
1168 2424 1307 2454 peccatum
1317 2418 1415 2445 domus
1428 2417 1520 2445 Israel.
1540 2426 1549 2442 ι
1566 2417 1606 2444 Ad
1622 2417 1688 2448 haec,
1700 2415 1783 2442 Verbi

1000 2467 1082 2494 etiam
1098 2466 1131 2493 de
1145 2466 1214 2492 creto
1229 2465 1377 2492 descensus
1391 2471 1502 2491 causam
1518 2464 1645 2498 deinceps
1659 2462 1780 2497 exponit,

1001 2512 1047 2540 ubi
1066 2512 1153 2547 ipsius
1167 2511 1273 2538 Judaici
1293 2512 1384 2546 populi
1403 2511 1553 2545 impietates
1572 2509 1652 2544 273
1675 2517 1790 2536 connur

1001 2562 1132 2589 merat,et
1149 2558 1194 2584 ubi
1208 2561 1268 2592 post
1283 2557 1435 2592 impietates
1447 2564 1521 2587 eum,
1532 2556 1578 2590 qui
1592 2555 1665 2590 ipsos
1679 2555 1784 2582 invase-

1000 2608 1052 2636 rat,
1067 2605 1216 2634 interitum,
1233 2611 1264 2630 ac
1280 2603 1400 2638 gentium
1426 2610 1474 2637 per
1493 2605 1579 2628 totum
1593 2601 1686 2628 orbem
1702 2608 1783 2628 voca—

1001 2650 1102 2676 tionem
1121 2648 1253 2676 enuntiat.
1275 2647 1419 2682 Propterea
1431 2648 1502 2674 enim
1513 2647 1546 2674 de
1560 2647 1630 2674 ccelo
1644 2647 1670 2673 in
1683 2651 1782 2674 terram

1004 2694 1050 2721 Dei
1063 2693 1179 2721 Verbum
1196 2693 1346 2728 profectum
1361 2697 1419 2725 est;
1435 2693 1482 2720 sed
1494 2693 1574 2720 verba
1589 2693 1650 2719 audi
1664 2703 1671 2719 ε
1692 2701 1701 2717 ι
1717 2691 1784 2718 Pro-

1003 2746 1061 2775 pter:
1077 2740 1240 2774 impietatem
1258 2739 1343 2766 Jacob
1357 2739 1448 2765 omnia
1474 2738 1542 2769 haec,
1555 2743 1581 2765 et
1598 2742 1708 2773 propter
1723 2746 1784 2772 pec-

1002 2792 1092 2813 catum
1106 2786 1202 2812 donius
1221 2785 1316 2813 Israel.
1331 2785 1396 2818 Quae
1418 2785 1540 2819 impietas
1564 2784 1667 2811 .laeob?
1690 2784 1785 2811 Nonne

1004 2832 1148 2859 Samaria?
1164 2831 1196 2859 Et
1212 2831 1284 2867 quod
1303 2835 1443 2866 peccatum
1459 2831 1548 2858 Juda?
1561 2831 1656 2859 Nonne
1674 2830 1785 2858 Jerusa-

202 2911 225 2928 “
241 2912 337 2940 Matth.
351 2920 387 2944 Iv,
404 2913 438 2945 3;
458 2911 538 2939 Marc.
555 2920 579 2954 .l,
599 2913 638 2939 l5.
678 2913 698 2927 θί
714 2911 779 2938 Luc.
796 2919 844 2945 xu,
864 2911 906 2938 λίθ.
947 2911 968 2926 δ’
985 2910 1077 2937 Matth.
1094 2918 1152 2940 vui,
1167 2910 1212 2937 ‘29.
