2084 3216
288 195 340 222 455

604 195 737 224 EUSEBll
757 193 994 222 CASSARIENSIS
1012 192 1088 220 OPP.
1109 191 1198 219 PARS
1214 191 1247 219 ιι.
1263 207 1297 212 -
1315 191 1561 220 APOLOGETICA.

1870 191 1904 219 7:6

288 252 358 278 lem?
370 251 403 278 Et
420 259 517 286 ponam
535 252 685 278 Samariam
710 252 736 278 ln
754 258 894 286 pomorum
919 249 1067 277 custodiam

1123 249 1179 275 Καὶ
1194 249 1328 283 ἐπιλέγει·
1343 258 1352 274 ι
1370 249 1478 284 Κατέϐη
1490 248 1562 275 κακὰ
1579 249 1653 284 παρὰ
1673 249 1773 284 Κυρίου
1790 249 1836 275 ἐπὶ
1853 251 1906 275 πυ-

287 298 317 324 ln
335 305 410 332 agro,
428 303 454 325 et
472 299 498 325 in
515 298 707 332 plantationem
724 298 817 328 vineae,
833 301 860 324 et
883 297 1024 324 detraham
1044 295 1072 321 in

287 343 450 377 profundum
468 343 570 378 lapides
586 343 644 377 ejus
656 363 664 375 ,
686 349 713 370 et
738 342 914 369 fundamenta
931 342 991 376 ejus
1007 348 1072 376 ape-

286 390 355 416 riam
375 389 406 416 ‘l.
433 399 442 415 ι
461 388 494 416 Ει
518 389 640 424 adjungit
660 398 665 415 :
695 397 705 413 ε
739 388 941 416 Descenderam
967 389 1036 415 mala
1056 396 1071 415 a

288 434 401 461 Domino
417 442 498 469 super
519 440 611 469 portas
624 433 772 461 Jerusalem
786 454 794 465 ,
820 434 926 461 sonitus
940 441 1070 461 curruum

286 483 313 506 et
328 480 510 514 equitantium
528 480 561 507 ⁸⁵,
588 489 598 504 ι
620 479 653 506 Et
668 487 786 507 rursus:
804 489 814 505 ‹
842 479 933 506 Gloria
948 480 1011 508 ﬁliae
1025 479 1070 508 Je-

286 527 416 557 rusalem.
428 526 493 553 rade
509 531 536 553 et
550 526 630 553 tonde
645 534 727 561 super
748 526 818 553 ﬁlios
832 526 964 553 delicatos
989 531 1050 553 tuos
1060 546 1068 558 .

286 573 368 599 dilata
388 571 546 599 viduitatem
567 576 640 598 tuam
662 573 733 598 sicut
753 572 843 606 aquila
856 592 863 603 ,
877 572 1005 607 quoniam
1023 579 1069 598 ca-

287 618 352 652 ptivi
370 617 443 644 ducti
470 621 581 644 suntex
602 621 628 644 te
643 618 675 644 “.
697 627 706 642 ι
725 617 763 643 Ad
780 619 855 644 haec:
879 627 888 643 (
910 617 976 644 Sion
991 617 1069 652 quasi

289 669 354 697 ager
368 662 499 692 arabitur,
516 665 543 689 et
556 660 718 693 Jerusalem,
729 662 806 696 quasi
817 669 960 696 pomorum
977 665 1071 688 custo-

284 708 329 736 dia
341 708 403 739 erit,
417 712 443 735 et
456 715 535 735 mons
550 708 648 734 domus
660 708 687 734 in
711 708 800 734 lucum
818 707 902 734 silvae.
920 707 943 722 “
959 717 968 733 ι
985 706 1070 734 Porro

285 754 361 787 haec,
386 754 452 781 Sion
477 758 505 780 et
535 752 684 781 Ierusalem
711 757 739 781 et
763 754 836 788 quod
863 757 976 780 vocatur
991 761 1069 781 mons

283 800 392 831 domus,
404 799 449 825 illa
461 799 518 833 ipsa
532 802 605 829 sunt,
617 805 677 832 quae
690 798 765 832 prius
775 797 926 832 signiﬁcata
941 802 1005 824 sunt
1015 797 1069 824 illis

283 845 374 872 verbis
388 854 394 871 :
414 853 424 869 ‹
445 843 478 870 Et
492 844 736 871 couunovebuntur
747 847 853 870 montes
871 842 964 870 subter
976 851 1025 875 eo,
1042 846 1070 869 et

284 891 369 917 valles
391 890 541 924 liquescent
558 890 630 917 sicut
643 897 706 916 cera
730 896 744 916 a
762 889 830 916 facie
846 889 937 924 ignis,
959 892 1068 924 propter

284 935 450 970 impietatem
466 935 561 968 Jacob,
581 945 591 961 ι
604 939 630 962 et
647 939 754 962 ea2tera.
766 934 832 961 Nam
851 938 960 969 propter
975 934 1068 968 impie-

284 984 353 1008 tates
368 988 436 1015 quas
451 986 544 1008 contra
558 980 645 1015 ipsum
659 984 810 1015 gesserunt,
824 980 897 1006 illico
907 987 995 1014 neque
1002 987 1067 1006 sane

285 1027 369 1053 multo
383 1030 454 1061 post,
475 1030 502 1054 et
517 1031 635 1057 montes,
651 1030 678 1053 et
696 1026 743 1060 qui
771 1026 797 1052 in
813 1026 867 1053 illis
888 1025 1066 1057 habitabant,

283 1073 439 1108 depopulati
453 1076 528 1104 sunt,
542 1072 753 1107 incendiumque
767 1076 847 1107 atque
862 1076 1010 1100 extremam
1023 1079 1068 1100 so-

283 1118 425 1145 litudinem
449 1126 528 1145 mons
544 1117 609 1145 Sion
631 1118 761 1152 pertulit:
778 1121 805 1144 ct
831 1117 918 1144 factus
931 1121 973 1143 est
988 1124 1067 1144 mons

282 1164 379 1191 domus
392 1164 436 1191 Dei
450 1165 476 1190 in
493 1164 583 1191 lucum
599 1164 683 1191 silraz.
701 1163 763 1190 Haec
779 1163 851 1190 enim
869 1163 896 1190 in
914 1162 1019 1191 Domini
1034 1162 1068 1189 de

282 1209 352 1236 caelo
365 1209 499 1236 descensu
523 1209 557 1235 ad
579 1209 639 1236 illos
664 1213 794 1240 ventura,
816 1215 938 1243 praesens
959 1215 1068 1243 quoque

283 1254 427 1289 prophetia
444 1253 594 1288 signiﬁcat.
618 1261 678 1288 qua:
696 1254 777 1281 etiarn
794 1253 946 1280 evidentem
963 1253 1067 1280 exitum

282 1305 430 1328 consecuta
447 1304 510 1327 sunt
526 1304 586 1334 post
611 1299 759 1327 Salvatoris
776 1299 863 1327 nostri
877 1299 943 1327 Jesu
963 1299 1067 1327 Christi

283 1347 441 1374 adventum.
456 1345 534 1378 Quod
546 1346 569 1373 si
582 1346 729 1380 quidquam
749 1350 843 1373 nostra
858 1353 966 1380 quoque
982 1345 1068 1372 histo-

283 1392 323 1418 ria
338 1392 419 1422 valet,
435 1391 537 1418 nostris
552 1392 672 1426 ipsorum
689 1391 858 1426 temporibus
869 1411 876 1422 ,
905 1391 978 1418 illam
994 1391 1066 1417 anti-

282 1437 376 1472 quitus
394 1437 558 1464 celebratam
579 1437 643 1464 Sion
660 1437 763 1471 junctis
786 1437 874 1465 bobus
894 1444 909 1463 a
936 1436 1068 1464 Romanis

281 1484 348 1511 viris
366 1483 449 1514 arari,
463 1484 551 1510 oculis
567 1483 668 1510 nostris
685 1483 863 1518 inspeximus,
876 1488 902 1511 et
921 1484 1006 1518 ipsam
1021 1483 1066 1511 Je-

283 1530 412 1558 rusalem.
429 1529 656 1564 quemadmodum
673 1529 760 1564 ipsum
781 1529 832 1556 hoc
847 1529 885 1556 ait
905 1529 1064 1561 oraculum,

283 1576 369 1603 instar
383 1583 523 1610 pomorum
535 1575 666 1602 custodiae
676 1575 802 1607 desertae,
816 1576 848 1602 ad
863 1579 1011 1602 extremam
1023 1583 1065 1602 re-

1083 919 1105 948 Β

1123 294 1172 325 λας
1190 294 1378 329 Ἰερουσαλὴμ,
1393 294 1476 329 ψόφος
1488 294 1618 329 ἁρμάτων
1641 294 1688 320 καὶ
1701 294 1877 320 ἱππευόντων.
1893 303 1903 319 ι

1122 341 1175 366 Καὶ
1197 338 1291 371 αὖθις·
1311 349 1321 365 ι
1344 339 1376 366 Ἦ
1398 339 1460 370 δόξα
1483 341 1533 374 τῆς
1557 339 1690 374 θυγατρὸς
1709 340 1905 375 Ἰερουσαλὴμ,

1122 384 1237 420 ξύρησαι
1255 385 1301 411 καὶ
1325 386 1414 419 κεῖραι
1435 384 1482 410 ἐπὶ
1501 384 1536 410 τὰ
1547 384 1629 411 τέκνα
1644 384 1679 410 τὰ
1701 385 1823 420 τρυφερά
1838 392 1903 411 σου·

1121 431 1289 466 ὲμπλάτυνον
1303 431 1352 465 τὴν
1369 430 1480 465 χηρείαν
1493 438 1550 462 σου,
1564 431 1602 462 ὡς
1612 430 1700 461 ἀετὸς,
1719 430 1760 456 ὅτι
1774 430 1905 466 ᾐχμαλω-

1120 476 1254 512 τεύθησαν
1273 477 1328 503 ἀπὸ
1342 477 1399 503 σοῦ.
1415 486 1424 502 ι
1443 477 1507 503 Ἐπὶ
1520 477 1640 508 τούτοις’
1661 487 1670 502 ι
1683 476 1752 504 Σιὼν
1767 477 1806 509 ὡς
1819 477 1905 513 ἀγρὸς

1121 522 1355 558 ἀροτριαθὴσεται,
1374 524 1421 550 καὶ
1439 523 1615 559 Ἰερουσαλὴμ
1628 522 1666 554 ὡς
1680 523 1904 558 ὀπωροφυλάκιον

1120 569 1205 599 ἔσται,
1218 570 1264 595 καὶ
1277 569 1306 595 τὸ
1319 569 1380 605 ἦρος
1396 569 1442 596 τοῦ
1453 569 1528 596 οἴκου
1541 571 1581 600 εἰς
1593 570 1672 601 ἄλσος
1682 563 1793 604 δρυμοῦ.
1811 579 1821 595 ι
1834 569 1903 595 Σιὼν

1119 615 1148 641 δὲ
1172 615 1219 642 καὶ
1241 615 1416 650 Ἰερουσαλὴμ
1449 616 1495 642 καὶ
1518 616 1549 642 τὸ
1574 616 1739 651 καλούμενον
1762 605 1824 651 ὅρος
1854 616 1902 642 τοῦ

1120 659 1204 691 οἴκου,
1225 660 1302 687 ταῦτ’
1321 658 1354 695 ἦν
1374 662 1464 687 ἐκεῖνα
1479 661 1512 687 τὰ
1529 661 1644 697 πρόσθεν
1664 661 1834 696 δεδηλωμένα.
1859 660 1903 687 διὰ

1119 706 1180 733 τοῦ·
1197 716 1206 731 ‹
1220 707 1275 734 Καὶ
1289 707 1497 742 σαλευθήσονται
1509 707 1543 734 τὰ
1556 707 1607 743 ὅρη
1622 708 1794 735 ὑποκάτωθεν
1807 707 1902 739 αὐτοῦ,

1120 752 1166 778 καὶ
1175 753 1202 778 αἱ
1220 753 1340 784 κοιλάδες
1352 755 1515 788 τακὴσονται
1528 754 1566 784 ὡς
1586 753 1670 788 κηρὸς
1685 752 1739 780 ἀπὸ
1755 753 1903 789 προσώπου

1120 797 1214 833 πυρὸς,
1232 798 1266 823 δι’
1285 798 1410 824 ἀσέϐειαν
1427 798 1531 825 Ἰακώϐ.
1546 809 1555 824 ι
1573 798 1622 825 Διά
1636 799 1691 834 γὰρ
1707 798 1756 829 τὰς
1776 798 1903 833 δρασθεί-

1121 851 1170 874 σας
1185 843 1245 869 κατ’
1260 843 1342 869 αὑτοῦ
1360 843 1517 874 δυσσεϐείας
1534 844 1630 875 εὐθὺς,
1651 843 1698 870 καὶ
1720 843 1770 870 οὐκ
1790 844 1830 874 εἰς
1850 851 1904 878 μα-

1120 889 1195 924 κρὸν,
1207 889 1254 915 καὶ
1267 889 1300 915 τὰ
1314 888 1375 924 ϐρη,
1391 889 1437 914 καὶ
1450 889 1477 914 οἱ
1492 889 1521 914 ὲν
1535 888 1640 920 τούτοις
1652 887 1788 919 οἰκοῦντες
1800 889 1902 915 ἐτι-,επο-

1119 934 1278 970 λιόρκηντο,
1297 935 1458 970 ὲμπρησμόν
1477 943 1506 961 τε
1531 935 1578 961 καὶ
1598 934 1715 970 ἐσχάτην
1735 934 1851 970 ἐρημίαν
1870 933 1904 960 τὸ

1119 980 1188 1019 Σιὼν
1207 981 1269 1016 ὅρος
1290 981 1430 1016 ὑπέμεινε,
1448 981 1494 1007 καὶ
1511 981 1605 1015 γέγονε
1623 981 1653 1007 τὸ
1678 981 1741 1016 ὅρος
1761 980 1809 1006 τοῦ
1825 981 1901 1006 οἴκου

1117 1025 1163 1051 τοῦ
1177 1025 1243 1051 Θεοῦ
1260 1026 1300 1057 εἰς
1319 1026 1398 1057 ἄλσος
1417 1026 1529 1061 δρυμοῦ.
1550 1025 1642 1052 Ταῦτα
1662 1026 1710 1061 μὲν
1726 1024 1772 1052 οὖν
1798 1025 1844 1051 ἐπὶ
1867 1026 1900 1060 τῇ

1116 1070 1162 1098 τοῦ
1171 1070 1272 1106 Κυρίου
1287 1071 1316 1102 ἐξ
1325 1071 1446 1106 οὐρανῶν
1460 1071 1564 1106 καθόδῳ
1577 1080 1609 1097 πε
1614 1071 1639 1106 ρὶ
1648 1071 1766 1102 ἐκείνους
1778 1070 1821 1096 {se
1826 1070 1900 1101 σθαι,

1117 1116 1165 1142 καὶ
1185 1117 1201 1151 ή
1228 1115 1352 1151 παροῦσα
1373 1117 1523 1152 προφητεία
1544 1117 1686 1151 σημαίνει,
1702 1116 1719 1144 ἃ
1736 1117 1783 1143 καὶ
1798 1117 1900 1151 ἐναργῆ

1117 1161 1164 1197 τὴν
1190 1161 1300 1188 ἔκϐασιν
1327 1161 1420 1197 εἱληφε
1445 1161 1513 1197 μετὰ
1539 1162 1588 1197 τὴν
1609 1162 1655 1188 τοῦ
1677 1163 1802 1202 Σωτῆρος
1822 1161 1901 1197 ἡμῶν

1125 1206 1210 1242 Ἰησοῦ
1226 1206 1343 1242 Χριστοῦ
1363 1207 1522 1242 παρουσίαν.
1533 1208 1564 1233 El
1577 1207 1640 1239 γοῦν
1653 1216 1679 1233 τι
1691 1207 1802 1234 δύναται
1821 1206 1869 1233 καὶ
1882 1207 1901 1241 ἡ

1116 1252 1237 1288 ἡμετέρα
1253 1252 1366 1288 ἱστορία,
1381 1252 1441 1278 καθ’
1458 1253 1530 1288 ἡμᾶς
1542 1253 1640 1284 αὐτοὺς
1658 1253 1705 1287 τὴν
1727 1252 1811 1279 πάλαι
1830 1252 1900 1286 βοω-

1119 1298 1200 1333 μένην
1231 1298 1300 1324 Σιὼν
1325 1297 1433 1332 ζεύγεσι
1457 1298 1525 1333 βοῶν
1549 1298 1601 1324 ὑπὸ
1631 1298 1773 1333 Ῥωμαίων
1794 1297 1899 1332 ἀνδρῶν

1117 1343 1270 1380 ἀρουμένην
1302 1344 1448 1379 ὀφθαλμοῖς
1475 1343 1697 1379 παρειλήφαμεν,
1727 1344 1774 1370 καὶ
1794 1344 1842 1378 τήν
1866 1351 1898 1376 γε

1123 1390 1308 1426 Ἰερουσαλὴμ,
1318 1390 1355 1422 ὠς
1367 1390 1431 1416 αὑτό
1444 1390 1476 1424 γέ
1491 1399 1555 1426 φησι
1570 1390 1600 1416 τὺ
1610 1390 1708 1424 λόγιον,
1722 1389 1898 1425 ὀπωροφυλα-

1117 1438 1176 1464 κίου
1197 1438 1274 1473 δίκην
1291 1437 1512 1471 ἀπολειφθέντος,
1532 1438 1560 1463 ὲν
1579 1437 1704 1464 παντελεῖ
1723 1437 1897 1463 καταστᾶσαν

1116 1484 1231 1518 ἐρημίᾳ’
1248 1483 1266 1510 ἂ
1283 1484 1329 1510 καὶ
1341 1483 1373 1510 δι’
1386 1483 1461 1510 οὐδὲν
1473 1484 1564 1519 ἕτερον
1578 1484 1668 1514 αὐτοῖς
1684 1483 1700 1517 ἢ
1713 1483 1755 1509 διὰ
1767 1482 1815 1514 τὰς
1833 1482 1898 1508 δυσ-

1117 1529 1224 1561 σεϐείας
1237 1529 1325 1556 αὐτῶν
1343 1530 1506 1565 συμϐέϐηκε,
1519 1531 1565 1556 καὶ
1580 1531 1593 1556 ὁ
1607 1530 1690 1563 Λόγος
1704 1531 1718 1556 ὁ
1729 1529 1852 1565 οὐράνιος
1866 1530 1899 1554 ὲκ

1116 1576 1162 1602 τοῦ
1171 1576 1270 1602 οἰκείου
1283 1576 1364 1602 τόπου
1376 1576 1550 1612 προελήλυθε.
1559 1576 1612 1602 Καὶ
1620 1576 1652 1602 δι’
1666 1576 1761 1611 ἑτέρας
1771 1575 1799 1601 δὲ
1810 1575 1898 1605 αἰτίας

283 1621 389 1647 dactam
409 1620 594 1651 solitudinem,
606 1628 666 1656 qua:
682 1621 789 1655 quidem
805 1621 840 1648 ob
852 1621 918 1647 nihil
930 1620 1002 1648 aliud
1015 1621 1064 1652 eis,

1118 1622 1130 1647 ὁ
1148 1621 1195 1647 τοῦ
1213 1622 1279 1648 Θεοῦ
1304 1623 1388 1656 Λόγος
1414 1622 1556 1657 οὐρανόθεν
1577 1620 1784 1656 κατεληλυθέναι
1800 1629 1828 1646 τε
1852 1619 1900 1646 καὶ

283 1674 363 1702 quam
380 1671 490 1702 propter
508 1667 659 1702 impietates
675 1667 796 1702 ipsorum
816 1674 944 1698 evenere,
958 1671 1067 1702 propter

282 1719 351 1746 quas
364 1712 447 1739 etiam
461 1713 572 1740 caeleste
596 1713 710 1739 Verbum
734 1713 767 1740 de
787 1720 837 1739 suo
852 1713 912 1740 loco
940 1721 1067 1748 progres—

283 1766 342 1785 sum
355 1762 404 1785 est.
417 1755 458 1784 Ob
475 1758 542 1785 alias
557 1765 621 1784 vero
637 1765 734 1784 causas
750 1757 796 1784 Dei
816 1757 933 1784 Verbum
948 1757 982 1784 de
996 1758 1066 1784 coelo

282 1809 311 1832 et
324 1805 499 1832 descendisse
510 1808 625 1839 ctsuper
635 1805 791 1831 altitudines
805 1808 884 1832 terra:
898 1805 1064 1839 pervenisse.

282 1851 359 1885 prius
373 1851 428 1884 jam
443 1851 544 1877 dictum
560 1853 612 1881 est,
624 1851 717 1885 utique
730 1854 757 1877 ut
765 1851 811 1885 qui
824 1851 887 1877 olim
899 1851 1067 1878 extollebatur

282 1902 342 1926 tur,
355 1901 382 1924 et
398 1896 480 1933 2⁵14
495 1898 521 1924 in
541 1897 657 1924 sublime
677 1897 850 1931 erigebantur
871 1897 1007 1924 adversus:
1021 1905 1067 1924 co-

283 1943 431 1978 gnitionem
447 1942 493 1970 Dei
510 1947 630 1972 montes.
657 1947 895 1970 commorerentur
922 1943 1015 1970 subter
1034 1951 1067 1970 eo

283 1989 426 2015 contraria:
440 1988 564 2015 videlicet
591 1993 754 2024 potestates,
781 1996 840 2023 qua:
859 1994 922 2016 ante
940 1989 999 2023 ejus
1019 1989 1068 2016 atl-

282 2039 392 2061 ventum
412 2042 464 2061 una
479 2042 540 2061 cum
556 2035 668 2069 reliquis
685 2035 850 2068 hominibus,
862 2035 943 2061 etiam
960 2039 1066 2069 gentem

284 2081 460 2112 llebraicam.
487 2085 514 2108 et
531 2081 676 2115 impietatis
696 2085 725 2108 et
746 2081 956 2108 simulacrorum
978 2081 1067 2108 cultus

284 2128 487 2162 operationibus
504 2127 678 2160 addixerant;
706 2131 789 2162 utque
813 2128 890 2162 pravi
910 2127 1065 2158 daemones,

283 2173 329 2208 qui
346 2173 429 2200 valles
442 2173 621 2208 appellantur,
640 2177 782 2208 propterea
797 2173 870 2208 quod
894 2173 920 2200 in
947 2173 1067 2200 hiatibus

283 2219 463 2246 tenebricosis
475 2223 502 2246 et
518 2226 662 2254 corporum
677 2219 752 2246 cavis
766 2219 940 2246 diversantur
951 2238 958 2247 .
988 2218 1066 2252 quasi

284 2273 370 2292 ceraa
384 2265 451 2291 facie
464 2265 533 2300 ignis
549 2265 741 2299 liquescentes,
755 2265 789 2292 ob
804 2264 885 2292 Verbi
899 2264 984 2291 divini
1000 2265 1064 2296 vim,

283 2312 317 2338 de
346 2311 501 2338 hominibus
519 2310 652 2346 fugerent.
683 2310 717 2337 Et
736 2311 790 2337 alia
814 2318 879 2338 vero
899 2315 997 2345 praeter
1020 2318 1067 2337 eas

282 2365 343 2384 esse
369 2361 457 2391 potest
477 2363 577 2389 causa,
604 2356 647 2383 illa
665 2357 773 2391 quidem
791 2364 845 2382 non
857 2355 992 2390 vulgaris,
1018 2363 1067 2382 cur

283 2402 414 2430 Dominus
428 2403 461 2430 de
475 2403 545 2430 cmlo
556 2402 737 2432 descenderit,
747 2409 827 2437 quam
835 2402 975 2428 oraculum
989 2401 1067 2434 juxta

283 2449 426 2484 signiﬁcat,
441 2453 469 2476 ut
489 2456 584 2476 omnes
598 2449 624 2475 in
640 2449 706 2476 orbe
724 2453 858 2476 terrarum
884 2452 978 2483 gentes
990 2467 998 2479 ,
1013 2447 1068 2474 dte-

286 2495 410 2522 monibus
433 2495 536 2529 pulsis,
560 2499 586 2522 et
601 2494 744 2529 spiritibus
755 2494 801 2529 qui
817 2495 998 2528 principatum
1020 2493 1068 2520 ha-

284 2541 383 2573 bebant
399 2542 540 2568 concussis
551 2561 558 2573 ,
585 2541 618 2569 ab
631 2541 741 2576 antiqua
756 2542 807 2568 sub
824 2541 877 2568 illis
892 2545 918 2568 et
932 2547 1025 2575 aspera
1041 2543 1068 2566 et

286 2587 416 2614 immobili
442 2588 584 2622 tyrannide
598 2589 775 2622 respirantes,
792 2588 954 2622 agnitionem
971 2594 1066 2621 supre-

287 2633 322 2659 mi
340 2632 387 2659 Dei
401 2635 559 2668 reciperent.
577 2633 647 2667 Quin
662 2634 742 2661 etiam
772 2633 830 2668 ipsa
854 2633 911 2660 haec
937 2633 965 2660 in
994 2633 1066 2659 hunc

288 2678 394 2704 modum
417 2679 538 2713 ejusdetu
556 2680 703 2714 prophetia:
725 2687 805 2706 voces
820 2679 950 2713 deinceps
972 2679 1067 2706 eadem

300 2723 392 2750 atione
408 2724 459 2750 sub
476 2732 557 2750 unam
575 2733 673 2753 sensus
689 2725 889 2760 copulationem
904 2725 1066 2752 cnuntiant:

318 2766 351 2793 Et
362 2768 414 2794 erit
431 2769 457 2795 in
475 2770 630 2797 novissimis
644 2769 909 2797 diebusmanifcstus
922 2777 1001 2796 mons
1015 2768 1067 2795 Do-

295 2812 365 2845 uini,
382 2818 492 2847 paratus
509 2814 536 2840 in
549 2816 753 2843 summitatibus
768 2816 900 2844 montium
914 2825 922 2844 ;
939 2818 965 2842 et
979 2814 1068 2842 extol-

323 2890 346 2904 "
363 2890 441 2916 \lich.
459 2899 476 2922 I,
492 2891 518 2923 Pi,
532 2890 558 2917 8.
581 2891 602 2906 "
615 2892 679 2919 ibid.
696 2893 738 2924 l9,
762 2893 802 2920 15.
842 2895 863 2908 ⁸³
878 2892 942 2920 ibid.
963 2891 1002 2924 l5,
1020 2891 1058 2918 l6.

1118 1668 1307 1704 ἐπιϐεϐηκέναι
1327 1669 1374 1694 ἐπὶ
1397 1667 1431 1694 τὰ
1455 1668 1508 1702 ὕψη
1531 1669 1579 1702 τῆς
1605 1668 1669 1702 γῆς,
1696 1667 1745 1702 ἤδη
1768 1667 1900 1702 πρότερον

1117 1714 1235 1748 ἐλέγετο,
1249 1715 1321 1746 ὅπως
1337 1713 1372 1740 τὰ
1389 1715 1437 1749 μὲν
1454 1713 1535 1740 πάλαι
1552 1713 1720 1748 ἐπαιρόμενα
1746 1713 1792 1739 καὶ
1815 1713 1900 1748 ὑπερ-

1119 1759 1256 1794 υψούμενα
1270 1759 1340 1785 κατὰ
1355 1761 1405 1794 τῆς
1420 1758 1545 1793 γνώσεως
1561 1758 1607 1785 τοῦ
1621 1758 1687 1784 Θεοῦ
1703 1758 1752 1793 ὄρη
1782 1757 1896 1792 σαλευθῇ

1118 1805 1291 1832 ὑποκάτωθεν
1307 1805 1389 1831 αὑτοῦ
1399 1824 1405 1836 ,
1425 1805 1452 1831 αἱ
1462 1805 1588 1839 δυνάμεις
1601 1804 1720 1840 δηλονότι
1734 1805 1761 1830 αἱ
1779 1803 1899 1830 ἀντικεί-

1119 1860 1208 1886 μεναι,
1223 1851 1250 1878 αἶ
1262 1851 1315 1886 πρὸ
1329 1851 1378 1885 τῆς
1391 1850 1471 1876 αὐτοῦ
1488 1849 1635 1884 παρουσίας
1648 1849 1717 1884 μετά
1732 1848 1785 1874 τῶν
1799 1848 1900 1874 λοιπῶν

1117 1897 1265 1934 ἀνθρώπων
1278 1917 1286 1929 ,
1303 1897 1349 1923 καὶ
1364 1896 1394 1922 τὸ
1412 1896 1543 1931 Ἐϐραίων
1563 1895 1647 1929 ἔθνος,
1667 1896 1722 1926 τοῖς
1738 1895 1787 1929 τῆς
1805 1894 1901 1920 δυσσε-

1118 1944 1193 1976 ϐείας
1207 1945 1253 1971 καὶ
1265 1943 1482 1978 εἰδωλολατρείας
1495 1942 1637 1978 πράγμασι
1652 1940 1882 1968 κατεδεδούλωντο
1891 1948 1897 1954 ·

1117 1993 1142 2018 οἱ
1155 1991 1182 2017 δὲ
1200 1991 1312 2026 πονηροὶ
1324 1990 1458 2025 δαίμονες,
1473 1989 1593 2020 κοιλάδες
1615 1987 1821 2022 ἐπικαλούμενοι
1833 2006 1840 2018 ,
1856 1986 1901 2012 διὰ

1117 2037 1147 2064 τὸ
1158 2037 1186 2063 ἐν
1202 2037 1320 2071 χάσμασι
1336 2035 1460 2067 σκοτίοις,
1471 2035 1516 2061 καὶ
1528 2036 1582 2065 τοῖς
1595 2033 1648 2060 τῶν
1661 2034 1791 2068 σωμάτων
1805 2032 1900 2059 κοιλὼ-

1119 2091 1201 2118 μασιν
1214 2081 1401 2116 ἐνδιατρίϐειν,
1416 2081 1453 2112 ὡς
1474 2080 1558 2114 κηρὸς
1581 2079 1633 2105 ἀπὸ
1653 2077 1796 2113 προσώπου
1816 2077 1901 2112 πυρὸς

1118 2127 1272 2162 τηκόμενοι,
1285 2128 1318 2161 τῇ
1335 2126 1380 2152 τοῦ
1395 2126 1466 2151 θείου
1483 2125 1568 2158 Λόγου
1585 2124 1696 2159 δυνάμει
1710 2122 1739 2155 ἐξ
1750 2122 1901 2157 ἀνθρώπων

1118 2173 1267 2207 ἀπέφυγον.
1285 2172 1338 2199 Καὶ
1353 2171 1434 2206 ἑτέρα
1450 2171 1471 2197 δ’
1488 2170 1521 2196 ἂν
1542 2170 1584 2206 εἴη
1603 2170 1676 2205 παρὰ
1695 2169 1795 2199 ταύτας
1810 2168 1899 2199 αἰτία,

1118 2219 1177 2254 οὐχὶ
1190 2218 1317 2253 τυχοῦσα,
1329 2219 1378 2253 τῆς
1391 2217 1420 2249 ἐξ
1431 2216 1550 2251 οὐρανῶν
1563 2215 1672 2242 καθόδου
1681 2216 1726 2242 τοῦ
1743 2215 1856 2251 Κυρίου,
1868 2214 1902 2249 ἣν

1119 2265 1133 2290 ὁ
1157 2265 1233 2298 λόγος
1258 2264 1481 2298 ἐπισημαίνεται,
1510 2263 1583 2293 ὅπως
1605 2262 1692 2288 πάντα
1710 2261 1745 2288 τὰ
1772 2261 1818 2287 ἐπὶ
1849 2261 1902 2296 γῆς

1119 2308 1193 2342 ἔθνη,
1211 2307 1264 2333 τῶν
1280 2307 1412 2343 δαιμόνων
1425 2306 1637 2338 ἀπελασθέντων,
1653 2306 1763 2332 καὶτῶν
1776 2306 1901 2341 ἁρχοντι-

1120 2354 1174 2380 κῶν
1191 2353 1352 2388 πνευμάτων
1369 2352 1537 2383 σεισθέντων,
1555 2354 1603 2387 τῆς
1620 2352 1703 2378 πάλαι
1716 2351 1804 2378 αὐτῶν
1819 2351 1901 2386 σκλη-

1123 2401 1171 2435 ρᾶς
1185 2399 1231 2426 καὶ
1252 2399 1377 2434 ἀκινήτου
1393 2398 1546 2434 τυραννίδος
1570 2398 1812 2424 ὑπαναπνεύσαντα
1826 2417 1834 2427 ,
1854 2397 1902 2432 τὴν

1121 2445 1268 2478 ἐπίγνωσιν
1283 2444 1329 2471 τοῦ
1345 2444 1391 2470 ἐπὶ
1406 2445 1512 2470 πάντων
1526 2443 1648 2480 ἀναλάϐῃ
1664 2443 1743 2469 Θεοῦ.
1766 2444 1821 2469 Καὶ
1834 2442 1903 2469 αὑτά

1119 2487 1169 2516 ὧδε
1188 2498 1246 2520 πως
1265 2489 1293 2516 αἱ
1307 2490 1355 2524 τῆς
1373 2489 1456 2524 αὐτῆς
1477 2489 1642 2524 προφητείας
1664 2489 1751 2523 φωναὶ
1768 2487 1830 2522 ἑξῆς
1857 2487 1904 2514 καὶ

1123 2536 1193 2564 κατὰ
1206 2536 1236 2562 τὸ
1253 2537 1318 2563 αὐτὸ
1336 2536 1388 2562 ὑπὸ
1405 2537 1469 2571 μίαν
1494 2536 1638 2570 συνάφειαν
1661 2535 1778 2566 διανοίας
1802 2535 1904 2569 κηρυτ-

1122 2592 1196 2610 τουσι
1207 2591 1214 2597 ⁸
1230 2592 1238 2607 ι
1255 2583 1308 2609 Καὶ
1321 2582 1394 2608 ἔσται
1407 2583 1450 2608 ἐπ’
1463 2582 1582 2617 ἐσχάτων
1595 2581 1649 2607 τῶν
1661 2580 1771 2616 ἡμερῶν
1783 2581 1904 2615 ἐμφανὲς

1119 2630 1150 2656 τὸ
1165 2630 1227 2664 ὅρος
1237 2628 1350 2663 Κυρίου,
1362 2628 1467 2662 ἕτοιμον
1486 2627 1531 2653 ἐπὶ
1547 2627 1595 2658 τὰς
1606 2625 1725 2661 κορυφὰς
1738 2625 1792 2651 τῶν
1807 2625 1902 2660 ὁρέων·

1121 2677 1168 2702 καὶ
1200 2674 1444 2710 μετεωρισθὴσεται
1476 2673 1601 2708 ὑπεράνω
1634 2672 1687 2698 τῶν
1713 2671 1829 2707 βουνῶν·
1858 2671 1905 2697 καὶ

1123 2721 1282 2747 σπεύσουσιν
1310 2719 1352 2745 ἐπ’
1375 2719 1442 2745 αὐτὸ
1467 2719 1542 2749 λαοὶ,
1566 2718 1612 2744 καὶ
1637 2717 1812 2752 πορεύσονται
1840 2715 1904 2749 ἔθνη

1122 2767 1225 2797 πολλὰ,
1244 2766 1290 2792 καὶ
1319 2765 1429 2800 ἐροῦσιο
1453 2765 1544 2795 Δεῦτε,
1563 2763 1706 2798 ἀναδῶμεν
1727 2763 1765 2793 εἰς
1787 2761 1818 2788 τὸ
1843 2761 1905 2797 ὅρος

1122 2813 1168 2839 τοῦ
1186 2813 1297 2847 Κυρίου,
1316 2812 1361 2838 καὶ
1380 2813 1418 2842 εἰς
1432 2811 1476 2838 τὸν
1492 2810 1562 2837 οἶκον
1579 2809 1624 2836 τοῦ
1645 2809 1711 2835 Θεοῦ
1734 2807 1840 2838 Ἰακὼϐ,
1858 2806 1907 2834 καὶ

1098 2891 1118 2906 "‘
1127 2886 1212 2917 Micb.
1228 2898 1266 2918 ιιι.
1285 2889 1324 2915 1’2.
