2084 3216
195 189 251 219 437

647 190 974 218 DEMONSTRATIONIS
993 189 1223 218 EVANGELICAE
1243 190 1307 219 LIB.
1329 190 1372 219 Vl.

1764 195 1817 222 438

194 250 329 282 δείξουσιν
345 251 410 286 ἡμῖν
428 250 475 285 τὴν
496 250 555 277 ὁδὸν
568 251 664 282 αὑτοῦ,
682 252 728 278 καὶ
751 252 938 287 πορευσόμεθα
955 253 967 278 ὲ

1036 252 1106 278 letur
1122 260 1203 287 super
1215 252 1316 285 colles,
1341 256 1368 279 et
1392 252 1559 280 festinabunt
1575 253 1611 280 ad
1633 262 1694 281 eum
1716 255 1817 289 populi.

193 298 254 328 ταῖς
270 297 375 332 τρίὸοις
387 297 477 323 αὑτοῦ.
496 298 542 324 Ἐκ
558 298 612 333 γὰρ
629 298 696 325 Σιὼν
709 298 877 330 ἐξελεύσεται
889 299 978 334 νόμος,

193 341 241 368 καὶ
257 341 335 375 λόγος
360 341 461 377 Κυρίου
478 339 507 373 ἐξ
534 342 727 378 Ἰερουσαλὴμ,
749 343 795 369 καὶ
819 344 906 378 κρινεῖ
929 343 980 369 ἀνὰ

194 386 278 420 μέσον
289 386 345 413 τῶν
358 386 452 413 ἐθνῶν.
469 397 477 412 ι
497 387 615 413 Τοιαῦτα
627 388 673 415 καὶ
693 389 813 424 περὶτῆς
829 388 883 414 τῶν
896 388 980 415 ἐθνῶν

192 430 327 467 κλήσεως,
345 431 363 458 ἅ
378 432 423 458 καὶ
436 432 530 464 ὁποίας
549 432 638 467 ἔχεται
651 433 779 465 διανοίας,
796 434 869 465 ὅπως
889 441 917 459 τε
934 434 979 459 καὶ

193 477 263 504 αὐτὰ
281 477 349 512 μετὰ
361 477 410 513 τὴν
428 477 474 504 τοῦ
493 478 617 514 Σωτῆρος
639 479 716 514 ἡμῶν
737 479 887 514 παρουσίαν
904 479 979 511 τέλος

193 522 314 558 εἴληφεν,
332 523 377 549 ἐπὶ
393 523 490 559 σχολῆς
506 523 538 550 ἂν
562 533 603 555 τις
626 524 786 560 καταμάθοι.
814 524 979 556 Ἀκολούθως

192 578 225 603 γε
239 569 292 605 μὴν
301 569 403 601 τούτοις
411 570 559 605 ἀρχόμενος
572 571 586 596 ό
595 570 644 605 τῆς
657 571 822 606 προφητείας
832 571 918 605 λόγος,
930 571 979 597 ὡσ-

192 613 226 641 ὰν
243 614 289 640 ἐπὶ
306 613 426 649 σωτηρίᾳ
442 615 473 641 οὐ
492 615 569 650 μόνον
583 614 629 641 τοῦ
648 615 780 642 Ἰουδαίων
794 616 896 647 ἔθνους,
912 616 978 642 ἀλλὰ

192 660 239 686 καὶ
255 659 308 686 τῶν
324 659 406 686 ἐθνῶν
422 659 560 693 ἁπάντων,
577 661 626 696 τῆς
646 661 692 688 τοῦ
703 662 803 697 Κυρίου
816 663 855 694 εἰς
876 662 978 698 ἀνθρώέ

191 713 260 737 πους
273 705 384 732 καθόδου
396 706 588 741 γενησομένης,
596 709 651 738 τοῖς
665 707 738 739 λαοῖς
752 708 798 734 καὶ
806 710 861 740 τοῖς
875 709 921 734 ἐπὶ
928 709 978 744 γῆς

192 751 293 778 ἅπασιν
301 752 440 786 ὲπιφωνεῖ,
453 751 563 786 λέγων·ι
577 752 731 785 Ἀκούσατε,
741 753 800 780 λαοὶ
813 754 923 786 πάντες,
932 755 978 781 καὶ

191 796 349 832 προσεχέτω
360 798 375 832 ἡ
388 797 432 832 γῆ,
441 797 488 824 καὶ
502 797 601 830 πάντες
612 799 636 824 οἱ
654 800 682 824 ὲν
693 799 772 834 αὐτῇ.
784 809 792 824 ι
803 799 859 826 Καὶ
869 800 898 826 τὸ
910 809 978 836 μαρ-

189 840 282 876 τύριον
295 841 322 867 δὲ
333 841 379 867 τοῦ
393 841 497 873 πάθους
507 842 627 877 ᾐνίττετο
649 843 695 870 τοῦ
714 844 816 878 Κυρίου
828 845 974 881 ἐπιφέρων·

191 885 263 913 «Καὶ
269 885 447 922 ἑσταιΚύριος
454 887 467 912 ὁ
474 887 539 919 Θεὸς
547 887 622 923 ὑμῶν
628 889 667 920 είς
677 890 831 925 μαρτύριον.
838 887 907 916 »Εἶθ’
916 891 978 925 ἑξῆς

1035 297 1068 324 Ει
1083 297 1159 326 ibunt
1171 302 1264 333 gentes
1282 298 1383 328 multae.
1399 301 1426 325 et
1438 297 1548 326 dicent:
1568 298 1673 330 Venite,
1689 300 1810 327 ascende

1035 352 1095 372 mus
1111 344 1138 371 in
1153 349 1271 371 montem
1292 343 1410 376 Domini,
1423 348 1451 371 et
1472 344 1499 371 in
1527 345 1636 372 domum
1651 345 1697 373 Dei
1712 345 1797 374 Iacob
1808 365 1817 378 .

1033 393 1060 417 et
1078 389 1222 417 ostendent
1243 390 1322 418 nobis
1337 390 1408 417 viam
1425 390 1500 425 ejus,
1525 394 1551 418 et
1573 392 1773 419 ambulabimus
1790 392 1818 419 in

1033 436 1138 462 semitis
1149 436 1219 470 ejus.
1240 435 1278 463 De
1294 435 1359 463 Sion
1375 436 1446 463 enim
1463 436 1546 463 exibit
1567 437 1626 469 lex,
1656 441 1682 465 et
1705 437 1816 465 verbum

1033 482 1142 510 Domini
1159 482 1193 510 de
1206 481 1367 515 Jerusalem,
1381 487 1408 511 et
1426 483 1560 518 judicahit
1574 484 1644 511 inter
1654 487 1749 519 gentes
1757 484 1791 510 ".
1805 493 1814 509 ι

1033 529 1107 556 Talia
1123 537 1188 557 sane
1208 529 1242 556 de
1256 529 1399 557 vocatione
1426 530 1546 565 gentium
1562 530 1634 557 dicta
1649 533 1713 558 sunt
1729 539 1735 557 :
1757 537 1817 564 qua:

1031 575 1141 610 quidem
1160 583 1214 611 quo
1230 583 1312 603 sensu
1333 575 1490 610 accipienda
1517 576 1590 607 sint,
1616 580 1644 603 et
1659 574 1721 610 'quo
1737 579 1817 611 pacto

1032 621 1091 655 ipsa
1105 628 1214 655 quoque
1230 620 1449 655 postSalvatoris
1461 621 1546 648 nostri
1566 621 1721 652 adventum,
1735 620 1815 647 linem

1032 666 1193 701 acceperint,
1211 674 1258 701 per
1272 667 1357 694 otium
1373 667 1434 701 quis
1453 666 1564 694 liberius
1579 665 1683 693 discere
1695 665 1812 700 poterit:

1031 720 1092 739 cum
1109 712 1142 739 iis
1159 716 1249 740 tamen
1261 712 1430 739 concordans
1448 720 1507 747 qua:
1519 712 1574 746 jam
1596 712 1717 746 exposita
1741 715 1814 745 sunt,

1033 757 1059 783 in
1076 757 1136 792 ipso
1156 757 1304 792 prophetiae
1319 757 1430 784 exordio
1450 757 1520 784 idem
1534 757 1685 788 oraculum,
1702 764 1755 783 non
1772 763 1814 783 se-

1031 811 1080 831 cus
1099 811 1131 830 ac
1146 803 1169 830 si
1184 803 1217 830 ad
1247 804 1361 831 salutem
1382 812 1437 830 non
1460 803 1579 830 Iudaica:
1596 803 1682 838 gentis
1707 803 1811 834 solum,

1031 848 1078 876 sed
1094 849 1282 876 universarum
1298 849 1429 884 gentium,
1446 847 1553 875 Domini
1570 847 1604 875 ad
1625 848 1748 875 homines
1765 847 1813 875 dea,

1031 902 1144 922 scensus
1156 894 1263 922 futurus
1278 898 1362 927 esset,
1380 894 1412 921 ad
1425 902 1520 921 omnes
1531 894 1645 929 populos
1655 914 1662 923 ,
1678 893 1710 920 ad
1721 893 1813 920 omnia

188 932 204 958 ό
213 931 295 963 αὐτὸς
304 931 404 968 προπυν
419 933 569 968 προφήτης,
590 933 662 960 ὡσὰν
675 934 724 970 ἤδη
736 935 934 971 προπαιδεύσας
941 936 969 962 τὰ

1025 947 1084 974 quae
1101 944 1165 967 Sunt
1179 941 1206 967 in
1222 944 1296 967 terra
1310 940 1410 967 clamat
1428 939 1521 967 dicens
1536 948 1543 966 :
1561 948 1570 964 ι
1590 939 1699 970 Audite,
1719 937 1812 973 populi

189 979 255 1015 περὶ
267 979 317 1014 τῆς
333 979 474 1015 ὑπάρξεως
483 980 529 1005 τοῦ
537 980 603 1006 Θεοῦ
613 981 710 1015 Λόγου,
718 983 766 1017 τῆς
773 991 801 1008 τε
813 982 842 1016 ag
852 983 973 1018 οὐρανῶν

188 1024 274 1051 αὑτοῦ
288 1024 473 1056 καταϐάσεως,
496 1025 543 1052 καὶ
554 1025 592 1057 ὡς
609 1026 642 1052 τὰ
659 1027 732 1053 αἴτια
749 1028 798 1063 τῆς
814 1029 853 1060 εἰς
869 1029 958 1064 ἀνθρώ

188 1078 257 1102 mu;
268 1070 350 1097 αὐτοῦ
359 1071 508 1106 παρουσίας
515 1072 663 1107 προειπὼν,
673 1073 813 1108 ἑπομένως
821 1075 868 1110 τὴν
880 1076 919 1107 είς
927 1076 959 1101 ἀν
969 1091 973 1094 ι

187 1114 314 1151 θρώπους
322 1116 403 1142 αὑτοῦ
410 1117 541 1152 ἐσομένην
547 1118 663 1152 γένεσιν,
671 1120 716 1145 καὶ
721 1120 784 1146 αὐτὸ
790 1120 821 1155 δὴ
830 1121 866 1157 (Ι)
876 1122 972 1159 χωρίον

186 1160 252 1188 ἔνθα
265 1162 443 1198 τεχθήσεσθαι
458 1163 577 1198 ἔμελλεν,
587 1161 637 1190 ὧδέ
651 1174 707 1196 πως
722 1165 851 1198 διδάσκει,
869 1167 953 1201 λέγων
964 1177 970 1184 ο

190 1209 262 1235 ιΚαὶ
274 1209 306 1236 σὺ
327 1208 449 1245 Βηθλεὲμ
461 1207 534 1242 οἶκος
544 1211 590 1237 τοῦ
606 1211 879 1247 Ἐφραοὰ,όλιγοστὺς
891 1213 916 1240 εἴ
926 1215 971 1241 τοῦ

185 1252 258 1282 εἶναι
281 1256 310 1282 ὲν
333 1255 448 1291 χιλιάσιν
478 1256 579 1283 Ἰούδα¹
607 1258 638 1283 ἐκ
663 1258 709 1284 σοῦ
732 1267 777 1293 μοι
804 1259 971 1291 ἐξελεύσεται

184 1299 348 1335 ἡγούμενος,
359 1300 406 1326 τοῦ
419 1298 490 1327 εἶναι
508 1302 547 1333 είς
561 1302 677 1338 ἄρχοντα
691 1304 719 1329 ἐν
731 1303 768 1338 τῷ
788 1304 894 1340 Ἰσραὴλ
903 1325 910 1336 ,
925 1306 971 1332 καὶ

183 1344 214 1370 αἱ
227 1343 312 1376 ἔξοδοι
326 1345 408 1371 αὑτοῦ
421 1345 468 1371 ἀπ’
483 1345 571 1380 ἀρχῆς
585 1347 614 1379 ἐξ
631 1348 742 1383 ἡμερῶν
757 1348 863 1380 αἰῶνος.
881 1359 889 1375 ι
900 1350 971 1376 Ἐπι-

184 1389 277 1425 μιλῶς
289 1389 318 1416 δὲ
335 1390 461 1426 πρόσχες,
476 1391 537 1418 τίνα
549 1392 647 1427 τρόπον
659 1392 707 1418 τοῦ
723 1393 769 1419 ἐπὶ
784 1393 833 1428 τὴν
849 1394 970 1429 Βηθλεὲμ

184 1433 298 1470 (χωρίον
323 1434 351 1461 δέ
366 1437 426 1462 ἐστι
442 1436 520 1463 τοῦτο
539 1437 587 1475 τῆς
610 1437 760 1473 Ἰουδαίας)
784 1437 968 1475 φανησομένου

181 1480 234 1512 τὰς
251 1480 356 1513 ἐξόδους
377 1482 479 1509 ἄνωθεν
496 1484 542 1509 καὶ
559 1483 587 1516 ἐξ
604 1483 700 1515 αἰῶνος
723 1485 869 1518 ὑφεστάναι
885 1486 967 1520 φησὶ,

181 1525 234 1561 τὴν
257 1525 347 1553 ἔνθεον
367 1527 453 1563 δηλῶν
471 1528 641 1563 προΰπαρξίν
658 1537 688 1555 τε
711 1529 758 1555 καὶ
775 1530 901 1557 οὖσίωσιν
918 1531 966 1557 τοῦ

181 1571 216 1598 ὲκ
245 1571 365 1607 Βηθλεὲμ
388 1573 615 1608 προελευσομένου
633 1574 772 1609 ἄρχοντος.
795 1576 826 1602 El
850 1576 898 1610 μὲν
922 1574 968 1603 οὖν

180 1617 240 1653 ἔχοι
255 1626 296 1650 τις
312 1618 354 1654 ἐφ’
376 1619 469 1655 ἕτερον
487 1620 630 1656 ἀναφέρειν
651 1622 696 1647 τὸν
712 1622 834 1656 χρησμὸν
846 1642 852 1653 ,
867 1623 908 1654 τίς
918 1619 969 1649 ὀὖ-
983 1614 1005 1645 C

179 1671 230 1696 τος
241 1684 248 1696 ,
264 1664 448 1692 ἀποδεικνύτω
460 1674 466 1680 -
483 1667 507 1692 εἰ
520 1666 541 1692 δ’
556 1667 606 1692 οὐκ
620 1666 693 1693 ἔστιν
714 1667 802 1703 εὑρεῖν
816 1667 907 1703 ἕτερον
920 1669 967 1695 τοῦ

180 1711 308 1747 Σωτῆρος
324 1711 402 1747 ήμῶν
421 1712 507 1747 Ἰησοῦ
525 1710 642 1748 Χριστοῦ
653 1734 659 1746 ,
678 1714 707 1746 ὃς
731 1715 809 1749 μόνος
837 1715 904 1750 μετὰ
919 1716 967 1751 τὴν

182 1757 351 1793 προφητείαν
372 1757 476 1785 ἐνθένδε
501 1758 664 1794 ὡρμημένος
687 1760 797 1794 βοᾶται,
824 1762 850 1787 τί
876 1762 967 1788 λοιπὸν

181 1802 307 1838 ἐμποδὼν
323 1803 360 1838 μὴ
376 1803 436 1839 οὐχὶ
453 1804 640 1839 συνομολογεῖν
660 1805 787 1841 ἀλήθειαν
809 1808 842 1842 τῇ
864 1817 968 1843 προφη-

180 1848 255 1884 τείᾳ,
269 1849 315 1875 ἐπὶ
329 1849 401 1884 μόνῳ
415 1850 488 1885 αὐτῷ
501 1850 651 1887 σαλευούσῃ
665 1850 713 1886 τὴν
727 1852 878 1888 πρόρρησιν
890 1862 896 1886 ;
913 1855 968 1881 Μό-

181 1905 228 1928 νος
244 1896 308 1931 γοῦν
327 1894 403 1929 οὗτος
423 1898 558 1933 ἐπιφανὴς
581 1898 633 1924 τῶν
649 1898 757 1925 πώποτε
782 1899 917 1933 γεγονὼς,
936 1902 967 1928 ὲκ

179 1941 233 1969 τοῦ
251 1943 450 1979 προειρημένου
472 1944 572 1980 χωρίου
597 1944 645 1979 τῆς
668 1944 791 1980 Βηθλεὲμ
816 1946 884 1981 μετὰ
905 1948 968 1979 τοὺς

179 1988 232 2024 τῆς
267 1989 434 2025 προφητείας
462 1990 575 2025 χρόνους
604 1991 634 2016 τὸ
667 1990 835 2026 ἀνθρώπειον
868 1992 966 2024 ὑποδὺς

181 2034 276 2070 σχῆμα
302 2035 500 2071 προελήλυθεν⁸
527 2036 584 2071 ἅμα
614 2045 644 2062 τε
666 2037 698 2072 τῇ
724 2037 806 2064 αὐτοῦ
833 2038 967 2074 παρουσίᾳ

179 2081 332 2116 δπληροῦτο
347 2082 381 2109 τὰ
398 2082 632 2118 προηγορευμένα.
643 2083 747 2110 Αὐτίκα
763 2083 839 2118 γοῦν,
855 2085 902 2111 καὶ
917 2085 966 2111 οὐκ

179 2126 220 2158 εἰς
237 2127 354 2163 μικρὸν,
364 2127 403 2163 τῷ
416 2129 464 2163 μὲν
482 2129 617 2155 Ἰουδαίων
632 2129 703 2156 ἔθνει
717 2130 820 2157 ἕκαστα
835 2131 888 2157 τῶν
902 2140 962 2166 προ-

179 2173 392 2209 πεφητευμένων
416 2174 584 2210 σκυθρωπῶν
607 2176 730 2211 ἀπήντα·
754 2178 810 2208 τοῖς
827 2176 855 2203 δὲ
879 2176 966 2203 ἔθνεσι

178 2218 260 2246 πάλιν
271 2219 306 2245 τὰ
320 2220 453 2247 ἀκόλουθα
470 2222 525 2253 τοῖς
542 2221 734 2257 θεσπίσμασιν,
750 2223 830 2254 αὑτός
846 2231 875 2249 τε
889 2219 966 2255 οὗτος

177 2266 200 2292 6‘
214 2265 310 2302 Σωτὴρ
333 2267 380 2293 καὶ
402 2267 501 2303 Κύριος
523 2268 602 2302 ἡμῶν
626 2269 658 2294 ὲκ
688 2268 810 2304 Βηθλεὲμ
824 2269 964 2305 ὁρμηθεὶς,

178 2311 328 2347 ἡγούμενος
353 2312 492 2349 ἀνεδείχθη
514 2313 560 2340 τοῦ
588 2313 657 2340 κατὰ
687 2315 805 2341 διάνοιαν
835 2316 962 2352 Ἰσραὴλ,

177 2356 250 2384 οὕτω
262 2357 362 2390 παντὸς
377 2357 425 2384 τοῦ
442 2358 593 2394 διορατιχοῦ
607 2359 653 2385 καὶ
665 2359 806 2391 θεοσεϐοῦς
821 2360 886 2386 λαοῦ
898 2369 963 2395 χρη-

179 2400 345 2436 ματίζοντος.
362 2402 417 2428 Καὶ
430 2402 478 2428 θέα
493 2411 536 2436 γε,
551 2403 624 2434 ὅπως
641 2403 690 2435 τὰς
702 2402 807 2436 ἐξόδους
820 2405 900 2432 αὐτοῦ
914 2406 962 2440 τῆς

176 2447 268 2474 ἐνθέου
284 2447 482 2483 προῦπάρξεως
498 2450 544 2475 ἀπ’
560 2450 647 2485 ἀρχῆς
660 2449 706 2476 καὶ
725 2449 755 2482 ἐξ
770 2451 881 2486 ἡμερῶν
896 2452 962 2477 alii}-

174 2502 222 2526 νος
231 2493 304 2530 ἔχειν
323 2494 447 2528 λέγεται-
461 2496 529 2531 ὅπερ
544 2497 594 2522 οὐκ
608 2496 641 2523 ἂν
658 2497 802 2532 ἀρμόσειεν
818 2497 961 2534 ἀνθρώπου

175 2538 266 2574 φύσει.
290 2540 402 2573 Τούτοις
425 2541 489 2575 ἑξῆς
512 2543 526 2568 ὁ
552 2543 719 2578 προφητικὸς
740 2542 834 2576 λόγος,
859 2543 962 2575 ὑποϐὰς

176 2585 286 2620 μικρὸν,
302 2586 350 2612 καὶ
365 2586 412 2613 νῦν
424 2586 505 2614 πάλιν
524 2587 574 2622 τῆς
590 2588 672 2615 πάλαι
686 2588 800 2624 νομικῆς
815 2588 962 2624 θρησκείας

174 2631 224 2666 τὴν
245 2632 420 2668 περιγραφὴν
454 2633 499 2659 καὶ
523 2633 681 2669 καθαίρεσιν
707 2635 905 2669 ὑποσημαίνει,
929 2636 961 2661 ὲκ

174 2677 322 2713 προσώπου
337 2679 384 2707 τοῦ
401 2679 466 2706 λαοῦ
482 2680 568 2714 λέγων
580 2689 586 2695 ·
603 2690 612 2706 ι
631 2680 675 2707 Ἐν
689 2681 742 2707 τίνι
755 2681 900 2708 καταλάϐω
913 2682 958 2708 τὸν

173 2723 292 2760 Κύριον;
315 2724 481 2760 ἐπιλήψομαι
503 2724 571 2753 Θεοῦ
591 2734 639 2761 μου
655 2725 780 2760 diploma;
797 2727 820 2752 εἰ
840 2726 957 2762 καταλή-

171 2768 259 2804 inpar.
268 2770 350 2797 αὐτὸν
363 2771 393 2797 ἐν
402 2771 538 2798 ὀλοκαυτώ
542 2779 632 2806 μασιν,
642 2772 670 2797 ἐν
684 2772 794 2807 μόσχοις
804 2771 956 2804 ἐνιαυσίοις

171 2815 196 2842 εἰ
213 2815 252 2842 δῶ
273 2816 431 2852 πρωτότοκα
447 2817 549 2848 κοιλίας
570 2826 619 2852 μου
635 2816 704 2852 ὑπὲρ
722 2817 857 2852 ἁμαρτίας
869 2817 958 2854 ψυχῆς

207 2861 229 2877 ⁵⁷
247 2861 329 2889 Mich.
342 2870 377 2893 Iv,
393 2863 420 2890 ‘2.
458 2863 481 2878 "‘
493 2863 574 2890 Mirh.
589 2872 613 2895 ν,
627 2863 653 2890 2.

207 2907 247 2942 (l)
267 2906 445 2936 Desideratur
521 2908 597 2936 Eam

1025 993 1130 1017 omnes,
1144 989 1170 1012 et
1184 985 1306 1012 attendat
1322 988 1439 1017 terra,et
1449 991 1543 1012 omnes
1552 984 1599 1019 qui
1616 983 1642 1010 in
1659 990 1690 1010 ea
1705 987 1777 1010 sunt.
1799 992 1809 1008 ι

1024 1030 1222 1058 Testimonium
1236 1038 1300 1059 vero
1314 1030 1388 1066 quod
1401 1034 1498 1058 contra
1509 1030 1598 1065 ipsum
1610 1029 1754 1056 Dominum
1769 1028 1811 1055 di-

1024 1082 1096 1103 ctum
1111 1080 1164 1108 est,
1180 1084 1242 1102 cum
1262 1082 1336 1104 esset
1356 1083 1505 1111 passurus,
1531 1075 1568 1101 ita
1587 1073 1732 1110 signiﬁcat,
1751 1083 1760 1100 ι
1777 1073 1810 1101 Et

1023 1122 1074 1149 erit
1095 1121 1225 1150 Dominus
1242 1122 1314 1149 Deus
1340 1126 1430 1149 vester
1443 1122 1471 1148 in
1491 1120 1688 1148 testimonium.
1709 1129 1718 1145 ι
1736 1119 1806 1147 Tum

1023 1166 1151 1201 deinceps
1171 1167 1241 1194 idem
1260 1167 1389 1202 propheta
1402 1167 1524 1194 oratione
1543 1173 1702 1201 progressus
1716 1185 1723 1198 ,
1748 1171 1808 1192 tan-

1022 1220 1102 1247 quam
1116 1213 1139 1240 is
1153 1213 1200 1247 qui
1213 1201 1276 1240 ante
1293 1201 1349 1248 jam
1365 1201 1504 1240 docuisset
1514 1219 1546 1239 ea
1559 1219 1619 1247 qua:
1633 1211 1666 1238 ad
1682 1211 1808 1238 substanc

1022 1259 1086 1286 tiam
1098 1258 1145 1286 Dei
1162 1258 1242 1286 Verbi
1260 1258 1374 1293 ejusque
1387 1258 1420 1285 de
1432 1258 1502 1285 cmlo
1513 1258 1674 1285 descensum
1690 1257 1808 1291 pertine-

1021 1308 1092 1337 rent,
1101 1309 1128 1331 et
1138 1307 1268 1339 tanquam
1280 1304 1303 1331 si
1314 1303 1373 1338 ejus
1384 1303 1418 1330 ad
1429 1303 1553 1331 homines
1565 1303 1809 1337 adventus_causas

1020 1350 1199 1384 przedixisset,
1212 1350 1307 1377 ordine
1323 1349 1451 1385 deinceps
1467 1349 1588 1377 futurum
1601 1349 1723 1384 ejusdem
1738 1349 1809 1377 inter

1020 1396 1100 1431 275
1118 1396 1242 1424 homines
1262 1400 1363 1428 ortum,
1375 1397 1508 1431 planeque
1519 1396 1599 1424 etiam
1617 1397 1704 1431 ipsum
1718 1396 1807 1423 locum

1020 1443 1048 1469 in
1064 1451 1118 1477 quo
1132 1443 1253 1469 futurum
1265 1447 1324 1470 erat
1338 1446 1367 1469 ut
1382 1447 1550 1474 nasceretur,
1569 1442 1670 1469 indicat
1687 1442 1782 1470 dicens
1798 1452 1805 1469 :

1023 1498 1032 1514 ε
1054 1488 1086 1514 Et
1100 1492 1129 1515 tu
1143 1488 1298 1515 Bethlehem
1320 1488 1418 1515 domus
1440 1487 1570 1522 Ephrata,
1587 1488 1699 1514 minima
1720 1495 1760 1519 es,
1777 1490 1807 1514 ut

1019 1536 1058 1563 sis
1069 1535 1095 1562 in
1109 1535 1227 1562 millibus
1237 1533 1307 1561 Iuda
1323 1544 1329 1560 :
1346 1542 1378 1561 ex
1393 1537 1419 1561 te
1434 1534 1500 1560 mihi
1515 1534 1668 1569 egredietur
1681 1534 1726 1568 qui
1737 1541 1806 1568 prat-

1020 1581 1065 1613 sit,
1080 1586 1108 1608 ut
1122 1581 1157 1608 sit
1168 1582 1195 1608 in
1212 1580 1361 1615 principem
1379 1580 1406 1607 in
1424 1579 1507 1607 Israel
1535 1585 1561 1607 et
1590 1581 1680 1608 exitus
1699 1579 1759 1615 ejus
1771 1580 1806 1606 ab

1021 1627 1109 1659 initio,
1118 1635 1152 1654 ex
1160 1627 1256 1654 diebus
1269 1627 1363 1654 saeculi
1378 1627 1409 1654 “.
1427 1636 1436 1652 ι
1450 1626 1565 1653 Attende
1576 1634 1641 1654 vero
1650 1626 1804 1661 diligenter,

1020 1671 1249 1706 quemadmodum
1267 1672 1327 1707 ejus
1350 1671 1396 1706 qui
1415 1672 1440 1698 ill
1458 1671 1613 1698 Bethlehem
1631 1673 1667 1699 sit
1695 1671 1804 1706 conspi-

1019 1717 1133 1744 ciendus
1151 1721 1203 1750 (est
1217 1721 1307 1744 autem
1320 1717 1474 1744 Bethlehem
1488 1716 1587 1745 Iudaeae
1603 1717 1700 1753 locus),
1714 1718 1805 1744 exitus

1019 1763 1092 1789 dicat
1117 1762 1234 1798 desuper
1256 1767 1284 1789 et
1306 1770 1320 1789 a
1350 1763 1451 1790 saeculo
1473 1763 1609 1791 existere:
1628 1767 1730 1797 utpote,
1757 1761 1806 1797 qui

1020 1809 1153 1844 principis
1169 1809 1202 1836 de
1217 1809 1378 1837 Bethleheme
1399 1811 1580 1845 progressuri,
1598 1809 1717 1836 divinam
1732 1808 1804 1835 indi-

1019 1863 1081 1883 care
1106 1856 1171 1883 velit
1196 1856 1355 1884 substantiae
1380 1856 1606 1888 antecessionem,
1632 1854 1804 1890 propagatio-

1019 1909 1135 1936 nemque
1155 1910 1288 1936 personae.
1306 1902 1334 1929 Si
1355 1903 1418 1937 quis
1434 1903 1516 1938 igitur
1528 1905 1570 1930 est
1592 1902 1638 1937 qui
1660 1901 1802 1928 oraculum

1018 1947 1120 1974 referre
1144 1947 1232 1982 possit
1245 1947 1279 1974 ad
1302 1947 1384 1974 alium
1401 1948 1567 1982 quempiam,
1583 1954 1617 1973 ne
1641 1947 1802 1976 cunctetur;

1018 1995 1115 2028 prodat
1131 2001 1197 2021 sane
1212 1993 1295 2026 hunc.
1312 1994 1437 2028 quisnam
1455 1994 1507 2026 sit;
1524 1988 1572 2020 se'd
1585 1992 1608 2019 si
1625 1991 1695 2019 alius
1705 1995 1803 2026 praeter

1019 2038 1186 2067 Salvatorem
1199 2044 1321 2067 nostrum
1336 2039 1429 2066 Jesum
1452 2039 1591 2066 Christum
1614 2036 1731 2064 inveniri
1748 2043 1803 2063 non

989 2088 993 2092 '
1018 2089 1119 2120 potest,
1137 2086 1183 2120 qui
1206 2086 1282 2112 solus
1303 2089 1363 2120 post
1379 2085 1458 2112 talem
1475 2084 1644 2120 prophetiam
1664 2083 1726 2110 inde
1739 2089 1802 2117 pro-

983 2282 1003 2309 D

1017 2131 1106 2158 fectus
1121 2131 1364 2166 celebratumquid
1379 2130 1486 2158 tandem
1503 2129 1688 2165 impedimenti
1706 2136 1802 2164 super.

1017 2182 1068 2209 est,
1095 2186 1129 2205 ne
1153 2186 1207 2205 una
1229 2186 1291 2205 enim
1314 2179 1372 2213 ipsa
1394 2178 1534 2213 prophetia
1560 2178 1700 2204 veritatem
1717 2176 1802 2203 talea.

1016 2232 1088 2254 mur,
1104 2231 1164 2258 quae
1191 2224 1219 2250 in
1236 2232 1319 2250 unum
1337 2224 1412 2250 illum
1440 2231 1516 2251 suam
1544 2222 1636 2258 dirigit
1649 2221 1802 2257 praedictio-

1018 2269 1097 2302 nem?
1113 2269 1179 2296 Nam
1195 2270 1269 2297 solus
1285 2270 1329 2297 ille
1348 2270 1479 2303 oumium,
1493 2268 1538 2304 qui
1559 2276 1677 2303 umquam
1690 2268 1802 2295 exstite-

1017 2315 1081 2349 rint,
1094 2323 1127 2343 ex
1143 2323 1176 2343 eo
1189 2315 1345 2343 Bethlehem
1360 2316 1430 2347 loco,
1448 2315 1481 2342 de
1496 2315 1615 2350 quojam
1629 2314 1730 2340 dictum
1747 2316 1798 2344 est,

1017 2361 1160 2389 manifeste
1186 2366 1247 2396 post
1261 2362 1321 2396 ejus
1338 2361 1486 2396 prophetiae
1507 2367 1639 2395 tempora,
1654 2360 1800 2386 humanam

1016 2407 1128 2434 subiens
1143 2407 1268 2438 formam,
1293 2414 1453 2442 progressus
1473 2411 1535 2438 est;
1551 2410 1633 2440 atque
1658 2405 1730 2431 illico
1745 2411 1799 2430 una

1015 2461 1076 2480 cum
1092 2453 1151 2488 ejus
1164 2453 1291 2486 adventu,
1307 2461 1338 2481 ea
1360 2461 1420 2488 qua:
1445 2453 1501 2488 jam
1526 2453 1652 2487 prtedicta
1679 2451 1797 2482 fuerant.

1014 2499 1147 2534 completa
1156 2503 1229 2526 sunt.
1239 2500 1331 2534 Itaque
1345 2507 1360 2526 e
1370 2499 1484 2534 vestigio
1494 2498 1553 2525 sine
1564 2505 1648 2527 mora.
1661 2503 1800 2531 quaecum-

1014 2551 1066 2578 que
1080 2545 1165 2571 tristia
1182 2549 1208 2572 et
1223 2545 1321 2572 infesta
1345 2544 1464 2572 Judaicze
1493 2544 1564 2579 genti
1589 2543 1718 2578 praedicta
1739 2542 1796 2570 fue-

1013 2595 1085 2621 rant,
1105 2596 1254 2618 evenerunt
1271 2601 1278 2618 :
1295 2599 1326 2618 ac
1342 2599 1438 2618 rursus
1461 2590 1566 2617 caeteris
1584 2589 1720 2624 gentibus,
1735 2583 1798 2615 ora-

1013 2638 1083 2664 culis
1101 2641 1296 2670 consentanea,
1313 2641 1393 2672 atque
1417 2637 1474 2671 ipse
1491 2636 1535 2662 hic
1562 2634 1686 2662 Salvator
1698 2638 1725 2661 et
1743 2633 1797 2660 Do—

1014 2684 1108 2711 minus
1122 2689 1216 2711 noster
1228 2685 1254 2711 in
1269 2684 1423 2711 Dethlehem
1447 2690 1621 2718 progressus,
1637 2680 1697 2715 ejus
1714 2680 1797 2707 Israel

1014 2730 1152 2765 princeps,
1168 2731 1214 2765 qui
1233 2731 1266 2758 ad
1291 2731 1498 2766 intelligentiam
1523 2728 1650 2759 refertur,
1674 2727 1797 2754 declara-

1012 2780 1057 2803 tus
1071 2782 1113 2804 est
1127 2787 1133 2804 :
1150 2777 1250 2812 quippe
1262 2785 1322 2804 cum
1338 2785 1371 2804 eo
1385 2777 1494 2804 nomine
1507 2775 1622 2811 populus
1634 2773 1796 2808 omnis.qui-

1012 2829 1128 2856 cumque
1149 2821 1232 2850 Deum
1250 2828 1276 2850 et
1293 2822 1384 2850 videre
1398 2826 1425 2849 et
1439 2822 1482 2856 pie
1498 2821 1587 2848 colere
1602 2822 1728 2847 assuetus
1747 2817 1795 2849 sit,

2063 2824 2065 2918 ψ
