2084 3216
278 196 331 222 459

612 201 746 228 EUSEBII
768 202 1009 232 CIESARIENSIS
1029 206 1104 234 OPP.
1126 207 1217 236 PARS
1235 209 1267 236 11.
1284 225 1312 231 -
1340 210 1586 241 APOLOGETICA.

1853 217 1905 246 HO

279 254 439 288 appelletur.
453 255 486 281 Et
505 264 571 283 sane
583 257 687 292 inspice
703 260 931 294 quemadmodum
947 270 1003 290 suae
1023 264 1061 290 di-

1119 273 1189 300 μου;
1209 276 1217 291 ι
1237 267 1269 293 ἐκ
1289 267 1317 293 δὲ
1349 268 1495 303 προσώπου
1522 270 1567 296 τοῦ
1598 270 1665 297 Θεοῦ
1686 271 1788 298 τοιάνδε
1814 273 1905 305 αὐτοῖς

278 301 348 327 vinaa
371 302 611 338 antecedentisque
631 305 791 333 substantiae
818 308 919 342 exitus,
936 310 970 337 ab
985 310 1063 338 initio

277 350 304 373 et
318 355 351 373 ex
368 347 464 375 diebus
482 350 574 376 saeculi
596 350 697 378 habere
715 351 834 384 dicatur,
856 355 927 389 quod
953 356 1062 390 quidem

278 393 436 428 neutiquam
463 394 582 423 hominis
610 400 714 424 natura:
742 400 893 427 conveniat.
918 401 982 429 Post
1005 402 1063 430 Inee

277 438 416 472 paululum
435 448 578 476 progressa
594 443 753 477 prophetica
779 446 876 478 oratio,
890 447 973 474 etiam
989 457 1063 476 nunc

270 491 375 512 -rursus
389 487 488 513 veteris
502 487 595 522 legalis
607 488 676 516 ritus
686 489 969 527 circumscriptionem
983 499 1063 530 atque

277 531 452 570 abolitionem
466 534 638 562 subosteudit
651 544 683 563 ex
695 545 811 571 persona
823 540 926 574 populi,
943 540 1037 569 dicens
1055 552 1061 569 ι

280 585 289 601 ι
315 577 343 603 1η
371 585 426 612 quo
446 580 638 614 comprehendi
667 580 831 610 Dominum?
853 586 952 613 tenebo
978 586 1063 614 Deum

276 629 365 649 meum
381 623 564 652 altissimum?
577 634 642 654 num
660 629 888 663 comprehendam
901 636 962 658 eum
978 633 1005 660 in
1021 634 1064 661 in-

275 669 359 703 tegris
379 670 540 704 sacriﬁciis,
564 673 592 700 in
616 674 709 702 vitulis
734 676 889 704 anniculis?
910 686 975 705 num
993 679 1063 707 dabo

275 715 456 750 primogenita
476 718 582 746 ventris
593 720 657 752 mei,
674 728 723 755 pro
736 725 849 756 peccato
861 723 958 751 anima:
976 726 1064 752 meae?

274 760 313 788 Ex
327 770 445 796 persona
459 770 548 792 autem
564 765 609 793 Dci
628 767 668 794 sic
683 767 723 795 eis
735 763 914 804 respondens,
933 771 970 797 ait
986 781 992 798 :
1011 781 1020 797 ι
1035 771 1063 799 Si

274 807 435 836 indicaverit
450 810 509 842 tibi,
531 819 547 838 0
562 812 653 846 homo,
671 813 736 848 quid
760 815 795 841 sit
819 816 931 848 bonum,
955 822 982 844 et
998 817 1063 852 quid

274 853 406 883 Dominus
429 858 578 892 requirata
595 863 631 890 te,
650 867 741 887 nonne
759 866 787 888 ut
812 861 898 890 facias
917 863 1062 897 judicium,

273 905 300 927 et
314 901 412 937 diligas
436 903 663 937 misericordiam,
688 911 715 933 et
735 911 846 941 paratus
863 909 901 936 sis
924 909 1064 936 ambulare

1114 311 1162 347 τὴν
1193 313 1338 349 ἀπόκρισιν
1367 315 1527 350 ποιούμενος
1543 325 1550 331 ·
1579 326 1588 342 ι
1609 317 1640 343 Ei
1667 318 1814 354 ἀναγγείλῃ
1845 328 1903 352 σοι,

1113 358 1249 394 ἄνθρωπε,
1265 361 1292 386 τὶ
1308 361 1399 392 καλὸν,
1415 361 1461 387 καὶ
1478 362 1616 398 τίΚὺριος
1629 363 1739 400 ἐκζητεῖ
1755 366 1829 402 παρὰ
1844 366 1904 398 σοῦ,

1113 404 1171 431 ἀλλ¹
1195 405 1210 441 ἢ
1233 406 1280 432 τοῦ
1302 408 1389 433 ποιεῖν
1407 408 1506 443 κρίμα,
1533 410 1580 435 καὶ
1606 410 1716 446 ἀγαπᾷν
1740 411 1831 443 ἔλεος,
1856 414 1904 439 καὶ

1113 451 1220 486 ἕτοιμον
1244 449 1312 478 εἶναι
1337 452 1503 486 πορεύεσθαι
1526 453 1615 480 ὀπίσω
1636 455 1739 490 Κυρίου
1764 455 1811 482 τοῦ
1835 456 1903 482 Θεοῦ

1114 506 1178 530 σου;
1200 507 1208 523 ι
1230 498 1322 533 Ἔχεις
1345 499 1489 534 τοιγαροῦν
1508 500 1645 527 κάνταῦθα
1672 502 1718 527 ἐπὶ
1739 504 1772 537 τῇ
1796 511 1903 538 προφη-

1113 544 1244 580 τευομένῃ
1259 545 1304 570 τοῦ
1322 545 1425 580 Κυρίου
1444 545 1473 578 ἐξ
1486 545 1609 580 οὐρανῶν
1625 547 1663 578 είς
1679 547 1839 584 ἀνθρώπους
1854 557 1904 576 κα-

1113 589 1191 624 θόδῳ,
1204 588 1272 624 ὁμοῦ
1292 591 1338 616 καὶ
1360 590 1430 617 κατὰ
1445 590 1474 617 τὸ
1496 591 1561 617 αὑτὸ
1581 592 1692 619 πλεῖστα
1706 593 1756 620 ὅσα
1775 596 1903 630 σημαινό-

1115 643 1192 670 μενα·
1212 636 1347 662 Ἰουδαίων
1361 636 1507 671 ἀποϐολὴν,
1521 637 1648 672 ἐλέγχους
1660 638 1714 664 τῶν
1732 639 1836 666 ἀσεϐῶν
1851 641 1901 667 αὖ·

1112 681 1176 713 τῶν,
1193 681 1350 717 καθαίρεσιν
1367 682 1416 717 τῆς
1431 682 1573 718 βασιλικῆς
1590 684 1678 710 αὑτῶν
1695 686 1901 721 μητροπόλεως,

1113 726 1162 761 τῆς
1185 735 1214 753 τε
1239 727 1322 754 πάλαι
1345 728 1476 764 πρότερον
1495 729 1560 764 παρ’
1579 730 1669 762 αὐτοῖς
1691 731 1901 768 ἐπιτελουμένης

1114 773 1184 800 κατὰ
1200 773 1300 800 Μωσέα
1320 773 1448 810 λατρείας
1465 776 1646 811 παραίτησιν·
1665 776 1781 812 ἔμπαλιν
1793 779 1821 805 δὲ
1837 781 1901 815 περὶ

1114 819 1167 846 τῶν
1182 819 1275 852 ἐθνῶν,
1285 819 1388 854 ἀγαθὰς
1403 821 1577 855 ἐπαγγελίας,
1589 821 1735 856 ἐπίγνωσιν
1748 823 1825 856 Θεοῦ,
1842 833 1903 851 και-

1114 865 1157 892 νὸν
1171 865 1270 900 τρόπον
1285 866 1434 898 εὑσεῆείας,
1443 867 1523 902 νόμον
1536 868 1637 900 καινὸν,
1648 870 1695 896 καὶ
1711 869 1796 904 Λόγον
1806 871 1836 896 ἐκ
1853 871 1903 906 μὲν

1114 911 1164 946 τῆς
1191 911 1325 938 Ἰουδαίων
1345 911 1435 947 χώρας
1455 913 1700 950 προελευσόμενον,
1715 917 1754 948 είς
1772 916 1860 943 πάντα
1874 917 1903 944 δὲ

273 953 336 983 post
350 948 495 977 Dominum
517 950 601 978 Deum
628 957 704 980 tuum
714 953 757 980 6'?
770 964 779 980 ›
799 953 890 982 Habes
915 955 998 991 igitur
1018 956 1061 983 hic

1114 958 1148 984 τὰ
1172 957 1233 993 ἔθνη
1263 957 1503 994 διαδοθησόμενον·
1531 960 1603 996 ἅπερ
1631 961 1722 988 ὁποῖον
1747 962 1823 994 τέλος
1856 963 1902 989 καὶ

273 1003 383 1030 quoque
405 996 432 1023 in
454 1004 496 1031 eo,
512 997 545 1024 de
568 1006 622 1032 quo
647 999 785 1033 propheta:
805 1000 964 1035 loquuntur,
982 1002 1065 1037 276

274 1039 379 1067 Domini
397 1041 429 1068 de
440 1043 510 1069 coelo
525 1042 557 1069 ad
576 1043 699 1072 homines
714 1045 858 1079 descensu,
872 1047 989 1081 plurima
1004 1056 1064 1083 quae

273 1086 353 1114 simul
362 1087 388 1113 in
397 1089 491 1116 eodem
500 1088 688 1124 significantur
694 1089 848 1119 Iudaeorum
860 1103 866 1119 :
878 1093 1063 1128 rejectionem,

1116 1002 1209 1028 ὁποίαν
1227 1002 1338 1028 ἑκϐασιν
1362 1002 1416 1028 τῶν
1439 1003 1526 1037 λόγων
1549 1003 1617 1039 μετὰ
1637 1005 1686 1039 τὴν
1708 1004 1755 1031 τοῦ
1776 1005 1903 1040 Σωτῆρος

1117 1047 1194 1083 ἡμῶν
1219 1048 1305 1083 Ἰησοῦ
1333 1048 1450 1083 Χριστοῦ
1475 1050 1625 1085 παρουσίαν
1651 1050 1836 1082 ὲπιδέδεκται,
1862 1051 1903 1077 σοὶ

1117 1094 1272 1120 καταλείπω
1288 1096 1406 1121 σκοπεῖν.

271 1134 497 1168 cxprohrationes
520 1138 653 1166 scelerum
675 1147 787 1172 eorum,
810 1141 951 1168 interitum
976 1142 1056 1177 regiae
1077 1142 1198 1176 ipsorum
1227 1143 1360 1174 civitatis,
1400 1143 1522 1178 ritusque
1545 1144 1665 1176 Mosaici,
1687 1146 1733 1180 qui
1754 1145 1824 1180 apud
1855 1153 1902 1173 eos

272 1182 336 1210 olim
353 1184 429 1218 prius
445 1186 614 1220 servabatur,
633 1188 835 1224 abrogationcm
850 1199 856 1216 :
869 1193 896 1216 et
914 1197 929 1216 e
946 1190 1084 1216 contrario
1101 1190 1133 1217 ad
1155 1195 1258 1225 gentes,
1285 1191 1497 1225 pollicitationes
1521 1191 1618 1224 bonas,
1653 1193 1818 1228 agnitionem
1842 1193 1900 1226 Dei,

272 1236 371 1254 novum
395 1230 485 1257 cultus
507 1231 591 1258 divini
615 1232 707 1266 nilum,
733 1241 887 1269 novamque
914 1235 1009 1270 legem,
1031 1243 1063 1262 ac
1082 1235 1200 1263 Verbum
1222 1236 1293 1271 quod
1310 1236 1344 1263 de
1361 1237 1473 1272 regione
1497 1236 1652 1265 Iudaeorum
1676 1239 1711 1266 sit
1741 1247 1902 1275 progressu-

272 1283 343 1306 rum,
357 1278 383 1302 et
398 1275 425 1303 in
441 1284 535 1304 omnes
550 1282 644 1313 gentes
662 1279 910 1313 disseminandum,
939 1289 1000 1316 qua:
1022 1282 1130 1316 quidem
1145 1282 1299 1316 cnjusmodi
1323 1282 1413 1315 linem,
1444 1287 1470 1311 et
1501 1283 1657 1318 cujusmodi
1680 1287 1814 1314 orationis
1843 1287 1903 1314 exi-

272 1325 340 1354 tum,
357 1327 419 1356 post
435 1322 585 1352 Salvatoris
606 1326 692 1353 nostri
710 1325 773 1354 Jesu
789 1326 891 1355 Christi
912 1327 1056 1356 adventum
1076 1328 1255 1360 ostenderint,
1270 1329 1318 1356 tibi
1335 1329 1574 1365 contemplandum
1593 1331 1725 1366 relinquo.

566 1386 681 1414 CAPUT
696 1387 765 1415 XIV.

271 1428 310 1455 Ab
321 1429 477 1457 Ambacum.
495 1447 530 1451 —
543 1433 619 1465 Quod
636 1435 738 1461 veniens
754 1435 802 1462 Dei
827 1435 950 1468 Verbum,
969 1442 1060 1464 ventu—

326 1473 385 1492 rum
405 1474 485 1501 neque
500 1473 663 1496 moraturum
677 1476 815 1497 caneretur
829 1480 845 1498 a
865 1472 1008 1506 prop/telis.

309 1531 319 1547 ι
334 1521 366 1549 Et
383 1524 522 1558 respondit
532 1525 746 1560 mihiDominus,
763 1533 790 1555 et
805 1528 875 1556 dixit
888 1537 894 1554 :
911 1524 1005 1558 scribe
1019 1531 1059 1557 vi-

272 1568 378 1596 sionem
405 1570 549 1598 manifeste
564 1572 591 1599 in
615 1573 726 1606 tabella,
753 1578 782 1600 ut
808 1580 990 1610 persequatur
1011 1578 1058 1612 qui

271 1613 337 1648 legit
360 1621 391 1641 ea
406 1623 412 1642 :
429 1617 556 1649 quoniam
571 1618 662 1645 adhuc
685 1619 755 1647 visio
767 1620 802 1647 ad
819 1624 936 1655 tempus,
952 1625 978 1649 et
991 1623 1059 1650 orie-

272 1665 317 1686 tur
332 1661 365 1687 ad
389 1669 540 1696 vesperam.
558 1667 585 1691 et
600 1673 654 1692 nou
672 1666 699 1693 in
720 1674 832 1695 vanum.
847 1667 876 1695 Si
891 1668 997 1697 tardius
1014 1678 1061 1698 ve-

271 1705 337 1737 niet,
349 1712 477 1741 exspecta
491 1708 582 1742 illum;
593 1711 723 1744 quoniam
734 1713 955 1746 venieusvcnict,
968 1718 995 1742 et
1006 1723 1060 1742 non

270 1752 433 1779 morabitur.
455 1753 483 1780 Si
500 1755 667 1783 subtraxerit.
685 1765 724 1789 se,
744 1765 798 1785 non
824 1759 893 1786 bene
910 1760 960 1787 sibi
974 1761 1061 1795 placet

270 1796 360 1824 anima
371 1805 431 1825 mea
446 1800 473 1825 in
487 1807 529 1827 eo.
540 1800 635 1828 Justus
646 1807 735 1830 autem
747 1803 838 1831 exﬁde
853 1812 912 1831 mea
926 1805 996 1832 vivet
1008 1806 1056 1833 ’¹⁰.ι

270 1842 358 1870 Etiam
373 1844 426 1872 hoc
447 1845 507 1872 loco
526 1847 614 1881 palam
631 1855 692 1875 eum
709 1850 755 1884 qui
770 1851 855 1882 venit,
873 1851 906 1878 de
921 1859 975 1886 quo
993 1859 1059 1886 pro-

271 1888 359 1923 phetm
375 1890 536 1925 loquuntur,
551 1898 695 1921 venturum
708 1896 791 1924 canit.
805 1895 859 1924 Sed
877 1897 939 1932 quis
950 1898 1059 1925 tandem

271 1934 316 1962 hic
339 1936 385 1967 sit,
408 1937 461 1965 nisi
485 1939 531 1973 qui
564 1947 646 1975 supra
670 1941 787 1969 innotuit
818 1943 846 1969 in
869 1943 923 1971 illis
947 1944 1057 1972 verbis:

274 1990 284 2007 ι
304 1981 468 2012 Benedictus
492 1986 538 2019 qui
564 1989 638 2014 venit
659 1988 686 2014 in
712 1989 821 2016 nomine
844 1989 961 2022 Domini,
987 1990 1060 2019 Deus

273 2026 404 2057 Dominus
419 2036 446 2057 et
463 2031 552 2058 illuxit
569 2034 703 2061 nobis“?
723 2045 732 2060 ι
749 2034 828 2062 Hunc
843 2043 907 2063 vero
929 2041 1059 2071 tanquam

270 2080 344 2106 eum,
360 2075 408 2109 qui
431 2076 519 2110 ipsum
540 2077 632 2105 lumen
648 2079 694 2110 sit,
710 2080 742 2106 ad
761 2088 901 2115 vesperam
922 2082 1058 2109 oriturum

271 2120 319 2151 ait,
345 2120 372 2147 in
399 2124 634 2151 consummatione
656 2124 782 2153 videlicet
808 2127 981 2155 saeculorum.
1008 2117 1058 2155 [ξιιί

271 2166 421 2194 concordat
444 2168 525 2195 etiam
547 2169 704 2202 Zacharias,
731 2171 826 2199 dicens
849 2182 855 2199 :
881 2182 889 2197 ι
912 2172 981 2200 Ecce
1004 2173 1057 2206 vir,

270 2211 368 2240 Oriens
391 2221 490 2241 nomen
502 2215 538 2246 ei,
556 2220 581 2242 et
599 2216 694 2244 subter
712 2225 775 2244 eum
796 2219 939 2246 orietur".
960 2229 969 2245 ι
985 2218 1058 2247 ldcm

270 2266 335 2286 vero
352 2260 484 2295 propheta
499 2263 580 2288 etiam
597 2266 703 2297 tempus
720 2263 867 2298 significat,
879 2264 943 2292 dum
961 2265 1058 2300 adjun-

1377 1391 1573 1417 ΚΕΦΑΛΑΙΟΝ
1593 1392 1641 1418 ΙΔ¹.

1120 1438 1190 1464 Ἀπὸ
1215 1437 1668 1480 Ἀμϐίικοῂμπςξρςηὲρζίμενος
1683 1437 1767 1471 ἥξειν
1775 1458 1788 1480 ,1
1800 1436 1849 1466 καὶ
1865 1437 1902 1463 οὐ

1160 1474 1316 1507 χρονίσειν
1331 1475 1347 1499 ὁ
1363 1472 1416 1498 τοῦ
1430 1473 1504 1499 Θεοῦ
1519 1474 1613 1506 Λόγος
1624 1473 1851 1507 προεφητεύετο.

1151 1539 1159 1554 ι
1175 1531 1228 1556 Καὶ
1240 1530 1374 1566 ἀπεκρίθη
1391 1530 1493 1566 Κύριος
1509 1530 1577 1565 πρὸς
1598 1539 1645 1565 με,
1661 1530 1709 1556 καὶ
1731 1528 1805 1556 εἷπε·
1827 1529 1900 1565 Γρά-

1112 1576 1161 1611 ψον
1176 1576 1272 1612 ὅρασιν
1287 1577 1379 1611 σαφῶς
1395 1578 1424 1604 ὲν
1440 1577 1539 1612 πυξίῳ,
1554 1578 1628 1608 ὅπως
1644 1576 1729 1612 διώκῃ
1744 1577 1757 1602 ὁ
1772 1575 1902 1610 ἀναγινώ-

1115 1629 1186 1647 σκων
1200 1621 1270 1648 αὑτά
1279 1630 1285 1635 ·
1298 1621 1364 1648 διότι
1381 1621 1420 1648 ἔτι
1435 1623 1529 1657 ὅρασις
1542 1623 1581 1653 είς
1594 1622 1700 1657 καιρὸν,
1717 1621 1764 1648 καὶ
1776 1620 1902 1647 ἀνατελεί

1112 1667 1152 1698 εἰς
1168 1667 1264 1702 πέρας,
1283 1668 1329 1694 καὶ
1344 1668 1394 1694 οὑκ
1421 1669 1459 1699 εἰς
1476 1668 1562 1695 κενόν,
1584 1667 1645 1693 Ἐὰν
1663 1667 1816 1702 ὑστερήσῃ,
1832 1667 1901 1693 ὑπό-

1115 1722 1205 1748 μεινον
1221 1714 1317 1740 αὑτόν·
1331 1715 1372 1740 ὅτι
1386 1715 1399 1741 ὀ
1415 1714 1561 1750 ἐρχόμενος
1577 1713 1654 1749 ἥξει,
1672 1714 1719 1740 καὶ
1732 1714 1762 1740 οὑ
1782 1713 1818 1749 μὴ
1840 1721 1902 1748 χρο-

1111 1758 1182 1794 νίση.
1202 1759 1263 1785 Ἐὰν
1277 1759 1469 1795 ὑποστείληται
1481 1780 1488 1792 ,
1504 1760 1553 1786 οὑκ
1565 1759 1669 1786 εὐδοκεῖ
1683 1760 1699 1794 ἡ
1713 1758 1783 1794 ψυχή
1807 1767 1856 1793 μου
1871 1759 1901 1785 ἐν

1111 1805 1193 1840 αὐτῷ.
1212 1806 1240 1831 ’0
1251 1805 1279 1832 δὲ
1295 1805 1398 1837 δίκαιος
1419 1807 1451 1832 ἐκ
1466 1805 1583 1837 πίστεώς
1605 1814 1655 1841 μου
1679 1805 1799 1840 ζήσεται.
1815 1815 1824 1829 ι
1844 1804 1900 1830 Καὶ

1111 1850 1226 1877 ἐνταῦθα
1242 1851 1388 1886 διαρρήδην
1404 1851 1550 1886 ἐρχόμενον
1569 1851 1645 1885 ἥξειν
1664 1851 1709 1877 τὸν
1729 1851 1900 1886 προφητευό-

1112 1906 1191 1932 μενον
1206 1897 1337 1929 θεσπίζει.
1353 1898 1401 1928 Τίς
1413 1897 1434 1923 δ’
1446 1895 1480 1933 ἦν
1496 1894 1573 1929 οὗτος
1585 1917 1593 1930 ,
1611 1898 1627 1932 ἢ
1645 1898 1659 1924 ό
1671 1898 1800 1934 ἀνωτέρω
1815 1897 1901 1932 δηλω-

1111 1943 1176 1974 02‘14,
1191 1943 1261 1969 κατὰ
1277 1943 1318 1975 τὸ,
1337 1952 1345 1968 ι
1360 1943 1548 1978 Εὐλογημένος
1559 1944 1573 1970 ό
1589 1943 1734 1978 ἐρχόμενος
1745 1943 1773 1969 ὲν
1788 1942 1901 1977 ὀνόματι

1111 1988 1231 2023 Κυρίου,
1246 1989 1311 2020 Θεὸς
1325 1989 1427 2024 Κύριος
1449 1989 1496 2015 καὶ
1520 1989 1654 2023 ἐπέφηνεν
1672 1989 1754 2024 ἡμῖν;
1773 1998 1782 2013 ι
1799 1988 1900 2014 Τοῦτον

1110 2033 1149 2063 δὲ,
1165 2031 1207 2060 οἶα
1224 2034 1282 2068 φῶς
1297 2034 1464 2069 τυγχάνοντα
1474 2055 1480 2066 ,
1494 2035 1534 2066 εἰς
1546 2035 1633 2070 πέρας
1647 2034 1787 2062 ὰνατελεῖν
1805 2042 1898 2069 φησιν,

1109 2079 1155 2105 ἐπὶ
1177 2079 1317 2115 συντελείᾳ
1331 2079 1386 2107 τῶν
1402 2079 1516 2107 αἰώνων.
1534 2077 1568 2116 ’ῼ
1592 2080 1698 2114 συνᾴδει
1720 2081 1767 2106 καὶ
1781 2081 1795 2106 ὸ
1811 2081 1900 2114 Ζαχα-

1112 2124 1181 2159 ρίας,
1193 2125 1295 2158 λέγων’
1309 2134 1318 2150 ί
1340 2125 1404 2152 Ἰδοὺ
1420 2125 1500 2160 ἀνὴρ,
1519 2125 1646 2160 ’Δνατολὴ
1653 2126 1738 2161 ὄνομα
1752 2124 1836 2160 αὐτῷ,
1851 2124 1898 2151 καὶ

1110 2171 1286 2197 ὑποκάτωθεν
1304 2170 1387 2198 αὑτοῦ
1407 2172 1533 2207 ἀνατολὴ.
1551 2181 1560 2197 ι
1577 2172 1632 2198 Καὶ
1653 2172 1699 2198 τὸν
1721 2171 1816 2208 χρόνον
1832 2172 1899 2198 ὑπο-

1111 2216 1248 2252 σημαίνων
1263 2218 1277 2243 ό
1293 2217 1373 2248 αὐτὸς
1385 2217 1518 2251 ἐπιλέγει·
1535 2228 1543 2242 ι
1559 2217 1596 2243 Τὸ
1613 2218 1680 2253 πρὸς
1692 2217 1810 2253 ἑσπέραν
1822 2218 1898 2243 ἔσται

1110 2264 1178 2298 φῶς.
1200 2264 1262 2290 Ἐὰν
1293 2264 1444 2299 ὑστερήσῃ,
1466 2264 1610 2298 ὑπόμεινον
1626 2264 1720 2290 αὑτόν·
1738 2273 1747 2289 ›
1765 2263 1823 2289 ἀνθ’
1839 2261 1869 2289 οὗ
1884 2264 1898 2288 ὁ

268 2305 356 2340 git”.-
375 2315 384 2330 ι
405 2306 445 2332 Ad
459 2315 600 2341 vesperam
616 2309 669 2335 erit
681 2309 782 2342 lumen,
796 2310 818 2337 si
835 2311 941 2338 tardius
953 2311 1055 2344 veniet,

1115 2310 1232 2341 ’Λκύλας
1256 2310 1420 2345 πεποίηκεν·
1441 2319 1450 2334 I
1471 2309 1533 2336 Ἐὰν
1555 2309 1583 2335 δὲ
1600 2309 1731 2345 μελλήσῃ,
1749 2309 1898 2344 προσδέχου

268 2355 398 2387 exspecta
417 2352 502 2379 illum.
520 2363 530 2379 ›
543 2353 597 2381 Pro
612 2363 667 2390 quo
682 2355 780 2390 Aquila
797 2355 838 2383 sic
852 2356 989 2384 reddidit:
1003 2367 1012 2383 ι
1028 2357 1057 2385 Si

268 2404 333 2424 vero
359 2398 544 2432 cunctabitur,
564 2400 658 2435 accipe
679 2401 766 2435 illum,
789 2403 920 2436 quoniam
945 2403 1058 2431 veniens

269 2444 368 2475 veniet,
383 2447 410 2470 et
430 2452 484 2471 non
510 2445 638 2473 tardabit.
661 2457 669 2471 ι
690 2446 727 2475 De
749 2448 801 2475 hoc
818 2453 909 2476 autem
934 2450 1057 2477 meminit

268 2490 350 2516 etiam
366 2490 400 2517 ad
416 2490 545 2519 Hebraros
562 2491 694 2527 Epistola,
710 2494 755 2521 ubi
771 2496 809 2521 ait
823 2505 829 2522 :
849 2505 858 2520 ‹
870 2494 959 2523 Nolite
974 2497 1056 2531 igitur

268 2536 388 2570 adjicere
404 2537 598 2566 confidentiam
619 2545 748 2572 vestram,
765 2549 825 2575 qua:
835 2549 959 2576 magnam
975 2542 1057 2570 habet

268 2583 526 2610 remunerationem.
556 2583 691 2611 Patientia
715 2586 787 2612 enim
816 2587 896 2614 vobis
927 2595 1055 2614 necessa-

268 2627 309 2653 ria
335 2632 387 2660 est,
419 2633 448 2656 ut
475 2631 643 2658 voluntatem
663 2631 711 2658 Dei
736 2631 885 2664 facientes,
913 2633 1057 2668 reponetis

269 2673 350 2709 277
371 2675 594 2709 promissionem.
615 2677 712 2704 Adhuc
732 2679 805 2704 enim
826 2678 962 2706 modicum
975 2699 983 2711 ,
1004 2680 1056 2706 ali-

269 2721 505 2756 quantulumque,
528 2724 575 2757 qui
599 2730 730 2752 venturus
755 2729 797 2752 est
820 2726 928 2757 veniet,
951 2731 978 2752 et.
1000 2734 1054 2753 non

269 2765 397 2792 tardabit.
420 2765 515 2795 Justus
531 2773 619 2795 autem
636 2777 668 2796 ex
686 2769 738 2797 fide
754 2778 813 2798 mea
830 2771 923 2804 vivet;
941 2771 1014 2805 quod
1031 2771 1054 2798 si

268 2810 436 2838 subtraxerit
453 2820 482 2839 se
493 2832 499 2840 .
516 2821 571 2840 non
587 2814 657 2842 bene
672 2815 724 2842 sibi
741 2816 828 2850 placet
845 2816 936 2842 anima
951 2824 1010 2844 mea
1026 2817 1054 2844 in

300 2914 322 2928 “
347 2920 429 2948 Mich.
445 2930 480 2954 vi,
498 2922 555 2950 6-8.
595 2924 618 2940 ’°
633 2923 734 2953 Habac.
752 2934 779 2959 ιι,
795 2926 849 2954 2-4.
888 2928 908 2944 ⁷¹
924 2926 996 2954 Psal.
1010 2935 1091 2962 (xvii,
1103 2929 1137 2956 ‘26

1109 2357 1206 2389 αὑτὸν,
1221 2356 1261 2382 ὅτι
1278 2356 1425 2391 ἐρχόμενος
1446 2355 1523 2391 ἥξει,
1541 2357 1588 2382 καὶ
1603 2356 1633 2382 οὑ
1652 2355 1788 2391 βραδυνεῐ.
1805 2366 1814 2381 ι
1832 2356 1900 2382 Τού-

1109 2411 1155 2429 του
1174 2402 1202 2429 δὲ
1220 2403 1356 2437 μέμνηται
1371 2402 1417 2428 καὶ
1435 2403 1450 2437 ἠ
1465 2402 1532 2437 προς
1549 2402 1690 2437 Ἐϐραίους
1707 2402 1850 2437 Ἐπιστολὴ
1864 2401 1899 2429 δι’

1109 2445 1146 2474 ὧν
1162 2456 1243 2483 φησι·
1263 2457 1272 2472 ι
1290 2447 1337 2482 Μὴ
1354 2446 1509 2482 ἀποϐάλητε
1520 2445 1565 2474 οὖν
1577 2447 1626 2482 τὴν
1639 2448 1794 2483 παρρησίαν
1809 2447 1897 2483 ὑμῶν,

1109 2495 1170 2529 ἥτις
1191 2493 1248 2529 ἔχει
1273 2493 1393 2529 μεγάλην
1420 2493 1639 2528 μισθαποδοσίαν.
1665 2493 1820 2529 ’Υιτομονῆς
1843 2494 1898 2529 γὰρ

1110 2540 1185 2576 ἔχετε
1200 2540 1294 2575 χρείαν
1305 2560 1312 2572 ,
1330 2540 1373 2566 ἵνα
1383 2559 1390 2570 ,
1405 2539 1435 2566 τὸ
1450 2539 1555 2574 θέλημα
1575 2539 1621 2566 τοῦ
1633 2539 1701 2566 Θεοῦ
1716 2541 1897 2575 ποιήσαντες,

1109 2587 1258 2622 κομίσησθε
1273 2586 1321 2621 τὴν
1338 2585 1514 2620 ἐπαγγελίαν.
1532 2586 1591 2612 Ἔτι
1611 2585 1665 2621 γὰρ
1683 2587 1779 2622 μικρὸν
1796 2587 1869 2619 ὅσον,
1884 2588 1899 2615 ὁ

1109 2632 1256 2668 ἐρχόμενος
1269 2631 1344 2666 ἣξει,
1358 2631 1405 2657 καὶ
1419 2631 1450 2657 οὑ
1466 2632 1577 2666 χρονιιῖ.
1600 2632 1628 2658 '0
1640 2631 1668 2658 δὲ
1684 2631 1787 2663 δίκαιος
1802 2633 1834 2659 ὲκ
1852 2632 1898 2659 πί-

1111 2678 1195 2710 στεώς
1218 2686 1269 2713 μου
1287 2677 1414 2713 ζήσεται·
1430 2677 1478 2703 καὶ
1497 2677 1545 2703 ἐὰν
1562 2677 1768 2714 ὑποστείληται,
1784 2679 1835 2706 οὑκ
1851 2678 1897 2705 εὑ-

1108 2724 1181 2750 ὂοκεί
1200 2724 1215 2758 ἡ
1235 2723 1306 2758 ψυχή
1326 2731 1376 2758 μου
1396 2723 1425 2749 ἐν
1441 2722 1522 2757 αὐτῷ.
1540 2733 1551 2748 ι
1569 2723 1623 2749 Καὶ
1640 2724 1690 2758 δρα
1706 2733 1748 2758 γε,
1763 2725 1838 2756 ὅπως
1853 2725 1898 2752 διὰ

1107 2770 1209 2796 τούτων
1225 2770 1338 2804 ἀσαφῶς
1353 2770 1479 2805 κείμενον
1493 2770 1523 2796 τὸ
1539 2771 1717 2806 προφητικὸν,
1732 2772 1776 2799 διὰ
1790 2773 1820 2799 τὸ
1835 2773 1897 2800 καθ’

1108 2816 1260 2852 ὑπερϐατὸν
1285 2816 1425 2852 εἰρῆσθαι,
1451 2816 1497 2841 ἐπὶ
1509 2816 1539 2842 τὸ
1554 2817 1748 2854 σαφέστερονὴ
1767 2819 1896 2854 ἐπιστολὴ

1186 2930 1208 2944 ⁷¹
1223 2929 1304 2957 Zach.
1321 2938 1357 2963 vi,
1375 2930 1417 2958 12.
1456 2931 1478 2946 ⁷³
1493 2929 1593 2958 ilabac.
1615 2940 1645 2965 ιι,
1658 2932 1684 2959 5.
