2084 3216
182 210 231 237 ιιι
257 189 262 194 ’

637 207 961 235 DEMONSTRATIONIS
980 206 1208 235 EVANGELICAE
1228 205 1292 233 LIB.
1312 206 1356 234 Vl.

1751 206 1804 232 “2

180 271 327 306 διείληφεν.
349 270 380 296 ἰι
397 271 444 305 μὲν
460 270 512 304 γὰρ
527 270 575 304 τῆς
585 269 750 304 προφητείας
762 269 844 301 λέξις,
860 279 868 295 ι
880 270 909 296 '0
924 270 967 304 ἑρ-

1020 276 1052 296 eo
1067 268 1101 295 ⁷⁵,
1121 278 1130 294 ι
1147 268 1179 294 Et
1206 275 1272 295 sane
1299 270 1411 301 specta,
1438 264 1666 300 quemadmodum
1692 265 1763 299 quod
1788 273 1803 291 a

181 317 307 352 χόμενος,
324 325 333 340 ι
350 316 441 350 φησιν,
461 325 469 340 ι
485 315 542 350 ἥξει
553 335 560 347 ,
572 315 619 341 καὶ
633 315 662 340 οὐ
677 315 805 350 χρονῐσει.
824 324 832 340 ι
847 315 901 341 Καὶ
913 315 972 341 ἐπι-

182 363 276 398 φέρει·
295 372 304 388 ‹
325 361 387 388 Ἐὰν
398 361 665 396 ὑποστείληται,οὺκ
681 361 815 396 εὐδοκεῖὴ
831 361 903 396 ψυχή
919 369 970 396 μου

181 411 211 436 ἐν
224 409 308 445 αὐτῷ,
324 419 332 435 ι
349 410 415 444 ὅπερ
434 408 644 443 συναπτόμενον,
657 408 803 442 ἀνάγεσθαι
821 408 921 440 δόξειεν
938 407 970 433 ἂν

181 457 229 482 ἐπὶ
252 456 298 483 τὸν
318 455 481 491 ἐρχόμενον,
498 455 545 481 καὶ
570 456 600 481 οὐ
618 455 791 490 χρονίζοντα,
808 455 875 489 ὅπερ
897 454 970 480 ἐστὶν

181 503 292 530 ἄτοπον.
309 501 372 533 Πῶς
386 501 440 537 γὰρ
463 502 506 528 ἐπ’
528 502 630 528 ἐκεῖνον
653 502 766 537 ἁρμόσει
792 502 822 528 τὺ
843 501 969 536 λέγεσθαι

183 548 220 584 μὴ
236 549 354 575 εὖδοκεῖν
368 549 396 574 ἐν
413 548 487 583 αὑτῷ
499 548 543 574 τὸν
562 548 626 574 Θεόν
637 557 644 580 ;
654 548 722 574 ’Λλλ’
764 549 813 583 τῆς
827 547 969 582 διαστολῆς

182 595 332 631 παράθεσις
346 593 516 626 ἐναλλάξασα
532 594 580 630 τὴν
595 594 642 620 τοῦ
663 595 741 628 λόγου
766 594 900 627 σύνταξιν,
921 594 969 629 τὴν

181 641 298 668 διάνοιαν
316 640 446 667 ἐσώσατο.
465 641 542 666 Μετὰ
555 640 608 677 γὰρ
620 641 660 672 τὸ,
680 650 688 666 ι
705 641 764 667 Ἔτι
784 641 880 676 μικρὸν
896 641 967 672 ὅσον,

181 687 194 713 ὁ
208 686 354 722 ἐρχόμενος
368 686 438 721 ἥξει,
457 686 503 712 καὶ
515 686 544 712 οὐ
562 686 695 721 χρονίσει,
713 695 721 711 ι
735 685 797 720 ἑξῆς
810 685 911 720 συνῆψε
926 685 966 716 τὸ,

184 742 193 758 ι
213 732 244 758 '0
255 731 284 758 δὲ
297 731 398 762 δίκαιος
416 732 446 757 ἐκ
467 731 583 762 πίστεως
598 731 719 766 ζήσεται.
735 741 742 755 ι
763 729 828 756 Εἶτα
843 730 872 756 τὸ
890 731 917 756 ἐν
933 731 966 765 τῇ

182 777 335 813 προφητείᾳ
346 776 453 812 πρῶτον
464 776 598 811 κείμενον,
615 775 729 808 ὑπέταξε
743 776 867 812 δεύτερον
880 777 908 802 ἐν
918 775 966 810 τῷ,

184 833 192 848 ι
208 822 264 849 Καὶ
279 822 326 849 ἐὰν
344 822 549 857 ὑποστείληται,
567 822 616 848 οὐκ
640 822 743 848 εὐδοκεῖ
759 823 775 857 ἡ
792 821 862 857 ψυχή
877 830 926 857 μου
939 822 967 848 ἐν

180 867 265 904 αὐτῷ.
287 878 296 894 ι
316 868 406 900 Ἄπαξ
422 868 475 904 γὰρ
491 867 621 899 θεσπίσας
642 868 656 894 ὁ
675 867 752 902 λόγος
767 867 810 894 διὰ
828 868 876 902 τῆς
903 876 967 903 τερο-

180 915 310 951 φητείας,
327 915 367 942 ὅτι
381 915 412 950 δὴ
428 915 457 941 τὸ
471 914 528 948 φῶς
545 915 574 940 τὸ
591 915 657 940 πᾶσι
679 915 735 946 τοῖς
755 914 856 940 ἔθνεσιν
879 915 965 948 ἐπηγ-

180 961 323 996 γελμένον,
343 960 386 987 διὰ
403 960 452 995 τῆς
469 960 587 995 Χριστοῦ
611 960 762 995 παρουσίας
781 959 830 994 ὀψέ
844 968 908 985 ποτε
921 960 967 985 καὶ

179 1007 301 1043 ἑσπέρας
322 1007 446 1033 ἀνατελεί
459 1027 466 1038 ,
493 1006 540 1033 καὶ
561 1006 591 1032 οὐ
609 1006 781 1040 διαψεύσεται
809 1005 895 1040 (οὕτω
914 1004 967 1041 γὰρ

179 1053 241 1079 ἀντὶ
257 1052 314 1085 τοῦ,
332 1062 340 1078 1
357 1052 403 1078 καὶ
421 1052 470 1078 οὐκ
488 1053 527 1083 εἰς
540 1052 628 1082 κενὸν,
647 1061 655 1076 ι
675 1052 689 1077 ὁ
706 1051 819 1082 Ἀκύλας
833 1051 968 1085 ἡρμήνευ-

180 1099 237 1134 σεν)
249 1108 255 1113 ·
276 1099 370 1125 ἔπειτα
383 1098 427 1125 διὰ
442 1098 472 1124 τὺ
489 1097 594 1133 μέλλειν
608 1097 656 1132 ὀψὲ
667 1097 713 1123 καὶ
728 1096 845 1131 ἑσπέρας
859 1094 967 1121 ἔσεσθαι

179 1145 228 1180 τὴν
239 1145 284 1171 τοῦ
296 1144 531 1180 προφητευομὲνου
545 1143 704 1177 παρουσίαν,
714 1143 752 1173 εἰς
766 1140 903 1176 ὑπομονὴν
916 1148 968 1166 πα.-

179 1191 334 1228 ρακαλέσας
341 1191 385 1217 διὰ
392 1189 450 1222 τοῦ,
456 1200 465 1215 ι
478 1189 539 1216 Ἐὰν
549 1190 696 1224 ὺστερήσῃ,
706 1189 719 1214 ὑ
725 1187 756 1214 πό
761 1196 850 1222 μεινον
859 1186 947 1215 αὑτὸν,
956 1195 964 1210 ι

178 1238 195 1273 ἢ
213 1247 222 1263 ‹
238 1237 286 1264 ἐὰν
308 1237 428 1272 μελλήσῃ
454 1236 601 1272 προσδέχου
622 1235 719 1261 αὐτόν·
743 1235 783 1259 ὅτι
799 1233 812 1258 ὁ
824 1233 968 1267 ἐρχόμενος

177 1284 239 1319 ἣξει
260 1285 307 1310 καὶ
328 1284 357 1310 οὺ
389 1283 425 1319 μὴ
453 1282 585 1318 χρονίσῃ,
607 1291 615 1306 )
649 1281 694 1307 ἐπὶ
725 1280 773 1315 τὴν
806 1279 896 1305 πίστιν
919 1278 968 1312 τῆς

180 1331 357 1367 πφρῤήσεως
378 1330 424 1356 τὸν
447 1328 582 1364 ἀκροατὴν
605 1327 733 1363 παρορμᾷ
753 1326 858 1359 λέγων’
890 1325 918 1350 Ὀ
936 1325 967 1360 δὴ

178 1377 285 1408 τούτοις
299 1375 451 1406 πιστεύων,
475 1374 504 1408 ἐξ
519 1374 603 1409 αὐτῆς
627 1374 674 1408 τῆς
693 1373 809 1403 πίστεως
830 1370 910 1397 αὐτοῦ
929 1370 968 1396 δί-

179 1431 259 1454 καιος
272 1422 440 1457 ἀναδειχθεὶς
451 1441 457 1453 ,
474 1421 521 1456 τὴν
538 1420 609 1446 κατὰ
624 1420 689 1445 Θεὸν
706 1419 816 1454 ζήσεται
832 1418 903 1453 ζωήν
913 1426 919 1431 ·
931 1417 967 1448 ὼς

179 1468 297 1504 ἔμπαλιν
308 1470 322 1495 ὁ
334 1467 465 1499 ἀπιστῶν,
478 1469 506 1493 ὲν
517 1464 556 1498 οἷς
568 1465 755 1500 ὑποστείληται
769 1464 805 1499 μὴ
818 1463 966 1499 Θαρσήσας,

180 1515 249 1551 μηδὲ
259 1514 442 1549 ἐμπιστεύσας
452 1515 507 1545 τοῖς
518 1513 683 1549 εῐρημένοις,
691 1513 740 1538 οὐκ
754 1511 858 1537 εὐδοκεῖ
869 1511 884 1544 ἡ
895 1509 965 1544 ψυχή

180 1569 232 1596 μου
250 1561 278 1587 ὲν
293 1560 377 1596 αὐτῷ.
397 1559 501 1586 Οὐκοῦν
526 1559 571 1585 καὶ
589 1559 663 1584 αὐτοὶ
677 1557 782 1588 τούτοις
798 1555 964 1586 ἀκολούθως,

179 1606 373 1640 ἐναλλάξαντες
386 1607 416 1632 τὸ
430 1605 537 1641 πρῶτον
553 1605 664 1639 ὕστερον
675 1625 681 1636 ,
701 1604 746 1630 καὶ
765 1602 924 1638 μεταθέντες
937 1600 966 1627 τὸ

179 1653 293 1689 ὕστερον
309 1652 353 1679 ἐπὶ
364 1653 394 1678 τὺ
405 1651 522 1688 πρῶτον,
537 1651 658 1686 σώσομεν
670 1650 713 1676 τὸν
725 1649 786 1675 νοῦν
798 1649 847 1683 τῆς
857 1647 965 1679 λέξεως,

181 1699 251 1733 μετὰ
262 1698 310 1730 τὸ,
329 1709 338 1723 ι
354 1699 412 1724 ’Ὁτι
426 1699 439 1724 ὁ
456 1697 601 1733 ἐρχόμενος
617 1696 686 1732 ἣξει,
704 1696 750 1722 καὶ
766 1696 794 1721 οὐ
807 1694 940 1730 χρονίσει,
956 1702 965 1718 ι

180 1745 242 1772 καθ’
255 1744 408 1780 ὑπερϐατὸν
423 1743 603 1774 συνάπτοντες
617 1743 646 1769 τὸ
658 1763 664 1770 .
685 1752 693 1767 ι
714 1743 743 1768 '(l
758 1741 785 1768 δὲ
801 1740 902 1772 δίκαιός
918 1748 967 1775 μου

180 1790 212 1816 ἐκ
238 1789 353 1821 πίστεως
377 1788 507 1824 ζήσεται,
528 1797 536 1813 ›
552 1787 597 1813 καὶ
615 1786 702 1821 τούτῳ
726 1785 895 1818 ἐπιλέγοντες
917 1782 966 1813 τὸ,

183 1847 192 1862 ε
215 1836 278 1862 Ἐὰν
299 1835 506 1870 ὑποστείληται,
531 1834 581 1860 οὐκ
602 1833 708 1859 εὐδοκεῖ
729 1832 745 1866 ή
767 1830 838 1865 ψυχή
859 1838 908 1865 μου
939 1830 967 1854 ἐν

180 1882 264 1918 αὐτῷ.
276 1891 284 1907 ι
298 1881 388 1916 Ταύτῃ
402 1881 430 1907 δὲ
445 1881 492 1907 καὶ
503 1881 516 1906 ὸ
534 1878 649 1910 Ἀκύλας
665 1878 697 1913 τῇ
713 1876 815 1911 διανοίᾳ
828 1874 968 1909 συντρέχει

180 1927 310 1962 λέγων-ι
413 1926 552 1961 μελλήςῃ.
570 1924 716 1960 προσδέχου
733 1921 823 1953 αὺτδνν
839 1921 879 1947 δτι
893 1919 969 1956 ἑρκέ-

182 1981 263 2008 μενος
277 1972 433 2003 ἐλεύσεται,
446 1971 493 1998 καὶ
509 1971 538 1997 οὐ
554 1970 678 2005 βραδυνεῐ
688 1978 694 1983 ·
717 1968 770 1994 ἰδοὺ
784 1965 967 2001 νωχελευομε-

180 2028 239 2050 νου,
256 2019 305 2045 οὐκ
320 2017 412 2044 εὐθεῖα
428 2016 528 2052 ἡψυχὴ
548 2024 598 2051 μου
616 2017 644 2041 ὲν
660 2013 744 2048 αὐτῷ,
759 2012 805 2038 xuii.
821 2012 923 2042 δίκαιος
940 2011 968 2036 ἐν

181 2065 272 2092 πίστει
289 2063 370 2090 αὑτοῦ
385 2063 505 2099 ζήσεται.
525 2072 533 2088 ι

1022 315 1156 350 propheta
1180 313 1325 340 obscmius
1345 313 1464 347 positum
1486 316 1541 343 cst.
1567 314 1711 346 propterea
1730 310 1801 345 quod

1021 368 1068 395 per
1086 359 1272 395 trajectionem
1291 359 1425 394 prolatum
1444 358 1489 387 sit.
1511 357 1632 392 Epistola
1647 357 1675 384 in
1691 363 1802 383 sensum

1021 406 1170 441 planiorem
1187 405 1376 436 transtulerit;
1395 403 1478 431 verba
1500 403 1572 430 enim
1593 402 1742 438 prophetia:
1761 402 1802 429 sic

1020 451 1121 478 habent
1138 459 1145 477 ι
1163 459 1172 476 ι
1190 450 1309 478 Veniens
1324 450 1428 481 veniet,
1446 455 1471 476 et
1489 457 1544 476 non
1561 449 1733 481 morabitur;
1750 456 1759 473 ι
1775 451 1803 474 et

1020 496 1143 532 adjungit
1158 506 1164 524 :
1181 505 1190 522 ι
1208 495 1235 523 Si
1253 496 1420 523 subtraxerit
1435 503 1479 526 se,
1495 502 1550 522 non
1565 495 1634 522 bene
1648 494 1700 521 sibi
1714 494 1804 528 placet

1022 543 1113 570 anima
1129 550 1187 570 mea
1205 543 1231 569 in
1248 549 1290 569 eo.
1308 551 1317 567 ι
1331 541 1407 574 Quod
1423 541 1532 574 quidem
1552 541 1616 568 dum
1634 541 1670 568 ita
1689 540 1802 575 conjun-

1019 590 1100 624 gitur,
1120 588 1198 615 facile
1215 588 1388 615 referendum
1406 595 1467 615 esse
1484 587 1609 615 videatur
1626 586 1659 614 ad
1676 594 1736 613 eum
1754 587 1801 621 qui

1019 640 1150 662 venturus
1163 639 1220 666 est,
1236 638 1263 662 et
1278 642 1332 661 non
1347 633 1517 666 morabitur;
1535 637 1562 659 at
1576 633 1601 660 id
1616 632 1724 667 quidem
1741 640 1802 667 per-

1019 690 1100 718 quam
1122 682 1281 709 absurdum.
1301 680 1354 714 Qui
1374 681 1446 708 enim
1467 680 1525 707 ﬁcri
1545 684 1633 714 potest
1653 683 1682 706 ut
1700 679 1738 706 illi
1756 687 1802 705 ac-

1018 727 1207 754 commodetur
1225 727 1298 762 quod
1318 726 1429 757 dicitur,
1450 733 1505 752 non
1525 725 1632 759 placere
1651 724 1702 751 sibi
1722 724 1748 750 iu
1768 731 1802 751 eo

1018 774 1136 800 animam
1153 781 1229 801 suam
1239 793 1245 805 ,
1260 773 1284 800 si
1298 771 1331 799 de
1344 771 1399 799 Deo
1415 771 1450 798 sit
1468 770 1580 798 sermo?
1594 769 1647 797 Sed
1662 769 1801 796 distinctio

1017 827 1077 855 quae
1092 819 1214 855 apposita
1230 824 1290 850 est,
1306 826 1368 846 cum
1391 817 1536 844 verborum
1560 820 1725 844 structuram
1741 823 1802 842 mu-

1017 865 1115 893 taverit
1125 885 1132 896 ,
1147 872 1258 892 sensum
1274 865 1455 892 conservavit.
1471 863 1537 890 Nam
1555 866 1616 897 post
1631 862 1695 888 illud
1708 871 1714 888 :
1728 871 1737 886 ί
1751 861 1802 888 Ad~

1018 911 1071 937 huc
1090 910 1227 938 modicum
1248 909 1518 945 aliquantulumque,
1538 907 1586 942 qui
1609 910 1739 933 venturus
1760 909 1803 933 est

1016 957 1120 988 veniet,
1139 960 1234 984 etnon
1250 956 1387 988 tardabit,
1404 964 1413 980 ι
1428 954 1556 981 continuo
1573 953 1695 987 adjunxit
1713 951 1800 979 illud:

1020 1011 1029 1027 ‹
1047 1001 1142 1029 Justus
1163 1006 1253 1029 autem
1273 1009 1306 1028 ex
1326 1000 1379 1027 ﬁde
1397 1000 1481 1031 vivet,
1498 1009 1506 1024 ι
1524 997 1626 1025 Deinde
1643 997 1709 1024 illud
1728 995 1802 1032 quod

1018 1048 1045 1075 in
1065 1048 1209 1083 prophetia
1233 1047 1352 1082 primum
1371 1047 1488 1081 positum
1513 1049 1571 1076 est,
1597 1043 1718 1072 secundo
1741 1043 1803 1071 loco

1017 1094 1149 1128 subjecit,
1175 1093 1220 1120 ubi
1247 1093 1304 1120 ait:
1321 1102 1330 1118 ι
1345 1092 1422 1125 Quod
1445 1091 1468 1118 si
1491 1090 1656 1118 subtraxerit
1679 1097 1722 1122 se,
1746 1096 1802 1116 non

1017 1140 1086 1167 bene
1111 1139 1163 1167 sibi
1182 1139 1269 1174 placet
1284 1139 1374 1166 anima
1390 1145 1448 1165 mea
1466 1137 1493 1164 in
1507 1144 1549 1164 eo.
1565 1146 1574 1162 ι
1586 1136 1653 1163 Cum
1670 1135 1742 1163 enim
1759 1142 1802 1162 se-

1017 1186 1069 1213 mel
1087 1185 1228 1212 oraculum
1245 1193 1292 1220 per
1307 1185 1393 1219 ipsam
1409 1182 1579 1218 prophetiam
1597 1181 1727 1209 cecinerit
1738 1200 1746 1213 ,
1763 1180 1803 1207 lu-

1017 1240 1075 1259 cem
1092 1231 1219 1258 omnibus
1238 1230 1400 1265 promissam
1422 1229 1548 1263 gentibus
1568 1235 1616 1263 per
1632 1227 1733 1254 Christi
1752 1226 1801 1253 ad-

1017 1282 1127 1305 ventum
1139 1277 1284 1312 aliquando
1297 1277 1403 1304 tandem
1417 1280 1444 1304 et
1455 1276 1487 1302 ad
1500 1281 1643 1309 vesperum
1657 1273 1801 1305 orituram,

1017 1328 1043 1351 et
1058 1332 1113 1351 non
1134 1323 1327 1350 frustratui-am
1357 1323 1408 1357 (sic
1432 1322 1504 1348 enim
1531 1328 1580 1355 pro
1602 1327 1634 1347 eo
1660 1318 1732 1354 quod
1743 1322 1800 1349 est,

1021 1379 1030 1395 ε
1046 1374 1073 1397 et
1098 1377 1152 1396 non
1177 1369 1204 1396 in
1229 1377 1329 1395 vanum
1342 1388 1349 1399 ,
1366 1377 1375 1394 ›
1389 1367 1487 1402 Aquila
1510 1370 1553 1394 est
1576 1365 1800 1399 interpretatus);

1017 1415 1115 1442 deinde
1140 1414 1212 1450 quod
1239 1422 1301 1441 sero
1324 1417 1350 1441 et
1376 1413 1409 1440 ad
1436 1419 1577 1446 vesperum
1602 1410 1711 1438 futurus
1730 1413 1802 1437 esset

1017 1460 1093 1494 ejus,
1117 1460 1150 1487 de
1174 1467 1228 1494 quo
1250 1458 1393 1494 prophetia
1413 1457 1544 1492 loquitur,
1570 1456 1718 1487 adventus,
1741 1455 1802 1481 ideo

1018 1506 1071 1533 illis
1095 1506 1187 1533 verbis
1200 1525 1207 1537 ,
1224 1515 1233 1530 (
1251 1504 1278 1531 Si
1295 1504 1400 1532 tardius
1417 1503 1523 1536 veniet,
1541 1505 1667 1536 exspecta
1683 1501 1774 1532 illum,
1789 1509 1799 1526 ι

1017 1551 1068 1583 vel,
1084 1561 1092 1577 ι
1106 1552 1128 1579 si
1139 1551 1326 1580 cunctabitur,
1340 1549 1432 1584 accipe
1445 1549 1519 1576 illum
1532 1557 1539 1581 ;
1552 1547 1680 1582 quoniam
1689 1546 1802 1573 veniens

1018 1597 1107 1624 Veniet
1117 1617 1124 1629 ,
1138 1602 1229 1624 etnon
1244 1595 1381 1627 tardabit,
1398 1605 1407 1620 ι
1422 1594 1454 1621 ad
1467 1593 1623 1629 patientiam
1637 1599 1737 1619 vocans
1754 1599 1803 1618 au»

1018 1644 1131 1671 ditorem
1143 1663 1150 1675 ,
1167 1646 1197 1670 ut
1208 1642 1338 1669 vaticinio
1353 1641 1430 1668 ﬁdem
1448 1640 1590 1672 adhibeat,
1607 1639 1742 1669 hortatur,
1760 1637 1803 1665 di-

1016 1697 1081 1717 cens
1091 1709 1098 1721 ,
1115 1697 1177 1716 eum
1191 1689 1238 1723 qui
1253 1688 1296 1715 his
1311 1687 1393 1714 rebus
1408 1686 1571 1717 crediderit,
1586 1685 1632 1711 ubi
1647 1691 1680 1711 ex
1697 1691 1745 1710 sua
1760 1683 1802 1718 ip-

1017 1737 1074 1764 sius
1096 1736 1148 1762 ﬁde
1168 1736 1260 1770 justus
1281 1734 1438 1761 declaratus
1455 1732 1555 1759 fuerit.
1571 1730 1655 1758 vitam
1669 1736 1729 1763 qua:
1747 1728 1801 1755 Deo

1017 1782 1131 1817 placeat,
1148 1781 1293 1810 victurum.
1312 1779 1383 1806 sicut
1398 1785 1413 1805 e
1442 1776 1590 1808 contrario,
1607 1774 1653 1809 qui
1673 1781 1727 1800 non
1742 1781 1802 1800 cre-

1016 1827 1129 1858 diderit,
1153 1826 1200 1853 ubi
1218 1824 1383 1853 subtraxerit
1405 1830 1453 1854 se,
1477 1829 1530 1848 non
1552 1819 1693 1847 conﬁdens
1713 1825 1802 1852 neque

1017 1873 1131 1899 credens
1146 1871 1190 1898 his
1206 1877 1265 1905 qum
1279 1869 1352 1896 dicta
1370 1871 1450 1899 sunt,
1469 1866 1589 1893 futurum
1612 1868 1642 1890 ut
1663 1871 1716 1890 non
1733 1863 1802 1889 bene

1018 1917 1069 1944 sibi
1083 1917 1188 1951 placeat
1199 1916 1289 1942 anima
1305 1914 1332 1941 in
1343 1921 1385 1941 eo.
1400 1912 1470 1947 Ergo
1481 1919 1531 1939 nos
1548 1917 1657 1944 quoque
1669 1911 1728 1944 ipsa
1744 1908 1801 1934 lucc

1017 1968 1178 1998 sequentes,
1202 1962 1224 1989 si
1246 1959 1504 1988 commutaverimus
1527 1957 1565 1983 ita
1588 1960 1618 1982 ut
1636 1955 1708 1990 quod
1726 1955 1801 1989 prius

1017 2012 1075 2039 est,
1093 2007 1245 2042 posterius,
1262 2005 1334 2040 quod
1347 2011 1419 2032 -vero
1441 2002 1579 2038 posterius
1597 2006 1655 2033 est.
1681 2000 1801 2027 transla-

1017 2058 1075 2081 tum
1100 2053 1176 2088 prius
1198 2052 1348 2083 faciamus,
1367 2057 1477 2078 sensum
1500 2048 1645 2076 verborum
1667 2048 1801 2081 integrum

179 2112 424 2140 conservabimus:
443 2111 483 2138 sic
499 2110 571 2138 enim
589 2113 650 2144 post
673 2107 749 2140 illud,
767 2117 775 2131 ι
793 2105 927 2138 Quoniam
949 2103 1062 2130 veniens
1075 2102 1164 2128 veniet
1179 2104 1205 2127 et
1220 2107 1275 2126 non
1290 2098 1450 2129 morabitur,
1462 2106 1470 2122 ι
1490 2096 1582 2124 statim
1607 2094 1802 2129 subjungemus

179 2160 258 2193 illud,
274 2169 283 2185 ι
297 2158 393 2186 Justus
410 2163 498 2186 autem
511 2141 631 2185 meus-cx
653 2157 705 2183 ﬁde
723 2155 809 2186 vivet,
827 2163 835 2179 ι
851 2158 877 2180 et
897 2152 960 2178 huic
979 2150 1030 2186 ipsi
1044 2153 1236 2177 conuectemus
1247 2147 1313 2174 illud
1324 2166 1330 2178 ,
1341 2156 1350 2172 1
1364 2145 1392 2173 Si
1404 2144 1569 2173 subtraxerit
1593 2151 1633 2174 se,
1658 2150 1712 2169 non
1735 2141 1802 2168 bene

181 2207 235 2235 sibi
248 2207 337 2242 placet
351 2207 441 2233 anima
455 2214 516 2234 mea
530 2213 556 2232 in
573 2213 615 2232 eo.
634 2215 642 2230 I
659 2204 741 2238 273
754 2202 821 2229 Cum
838 2201 888 2228 hoc
902 2207 966 2227 vero
986 2206 1069 2226 sensu
1087 2198 1169 2224 etiam
1182 2196 1279 2231 Aquila
1294 2194 1442 2222 concordat
1461 2193 1556 2220 diccns
1572 2201 1578 2219 :
1594 2201 1602 2217 ι
1636 2191 1663 2217 Si
1690 2193 1803 2217 cuncta-

180 2256 257 2284 bitur
272 2254 365 2290 accipe
381 2255 457 2281 illum
468 2274 475 2286 ,
490 2253 618 2288 quoniam
634 2252 745 2279 veniens
760 2250 850 2277 veniet
865 2253 892 2276 et
906 2255 961 2275 non
982 2246 1119 2279 tardabit;
1136 2252 1200 2272 ecce
1216 2244 1238 2271 si
1258 2243 1352 2270 tardus
1367 2241 1420 2273 sit,
1449 2248 1505 2268 non
1535 2243 1608 2267 recta
1626 2237 1715 2264 anima
1743 2241 1803 2262 mea

181 2304 210 2331 in
227 2311 279 2336 eo,
296 2306 323 2330 et
337 2303 430 2338 justus
446 2309 480 2329 ex
499 2301 550 2329 ﬁde
567 2301 654 2335 ipsius
671 2300 752 2326 vivet.
770 2309 779 2324 ι

439 2358 636 2386 ΚΕΦΑΛΛΙΟΝ
657 2358 707 2385 IE'.

187 2416 253 2444 Ἀπὸ
274 2417 326 2443 τοῦ
341 2415 444 2442 αὐτοῦ.
458 2430 493 2434 -
509 2414 555 2447 Ὠς
574 2414 716 2448 ἐπίφοϐος
737 2413 756 2446 ἠ
777 2412 843 2445 περὶ
863 2411 918 2448 τῆς
935 2411 970 2443 ἐξ

215 2451 351 2484 οὐρανῶν
370 2450 498 2477 καθόδου
521 2446 574 2477 τοῦ
589 2446 699 2482 Κυρίου
721 2448 796 2484 ἀκοὴ
819 2446 965 2484 τιιγχᾲνει,

216 2482 265 2513 καὶ
283 2486 359 2521 μετὰ
381 2485 555 2518 ἐκπλήξεως
569 2485 689 2521 {api-5pm
705 2483 808 2521 autcf),
829 2482 967 2521 ἑλθόξιτος

214 2530 247 2548 τε
262 2517 356 2548 dum?)
384 2522 402 2555 ἡ
419 2517 565 2555 σύμπασα
583 2519 619 2554 γῆ
639 2519 694 2555 τῆς
713 2517 854 2555 αἰνέσεως
878 2517 970 2555 ᾳζιτοῦ

216 2551 442 2590 πλησθήσεται,
459 2551 487 2582 ’ὅ
508 2555 540 2582 τέ
561 2551 594 2589 γὲ
615 2551 674 2587 τῆς(
689 2553 800 2590 Καινῆς
822 2551 967 2590 Διίέθήμης

215 2587 310 2632 αὑτοῦ
333 2587 424 2625 λόγος
448 2593 492 2624 εἰς
514 2587 629 2622 πάντας
655 2589 828 2622 ἀνθρώπους
853 2587 968 2621 διαδρα-

214 2635 321 2662 μειται.

219 2694 228 2710 ι
243 2683 340 2719 Κύριε,
359 2683 508 2718 εἰσακήκοα
522 2681 571 2716 τὴν
585 2681 668 2716 ἀκοήν
684 2689 741 2712 σου,
759 2680 806 2706 καὶ
823 2679 967 2715 ἐφοϐήθην.

181 2731 279 2766 Κύριε,
306 2728 456 2764 κατενόησα
481 2727 516 2754 τὰ
540 2727 607 2762 ἔργα
635 2735 692 2758 σου,
716 2726 763 2752 καὶ
790 2724 919 2760 ὲξέστην-
941 2725 969 2750 ἐν

183 2776 258 2813 μέσῳ
271 2774 319 2802 δύο
336 2773 413 2806 ζωῶν
435 2773 588 2809 γνωσθήσῃ·
613 2772 642 2799 ἐν
661 2772 699 2807 τῷ
719 2771 837 2805 ἐγγίζειν
857 2770 890 2797 τὰ
911 2770 968 2805 ἔτη,

181 2820 389 2855 ἐπιγνωσθήσῃι
412 2820 440 2845 ὲν
458 2819 497 2855 τῷ
513 2820 638 2854 παρεῖναι
660 2818 705 2844 τὸν
722 2817 828 2852 καιρὸν,
859 2812 966 2839 ἀναδει-

182 2867 325 2906 χθήση·ὲν
334 2867 373 2904 τῷ
391 2864 558 2901 ταραχθῆναι
582 2864 630 2900 τὴν
652 2864 742 2899 ψυχήν
763 2872 821 2899 μου.
836 2863 865 2889 ἐν
890 2863 969 2898 ὀργῇ,

217 2947 240 2963 ⁷⁵
257 2945 341 2974 llebr.
355 2951 382 2978 ι,
391 2943 486 2971 55-38.

1317 2343 1430 2373 CAPUT
1450 2342 1507 2369 λν.

1023 2407 1062 2434 Ab
1080 2405 1224 2433 eodem.-—
1237 2401 1312 2434 Quod
1342 2399 1464 2427 terribilis
1491 2399 1524 2425 sit
1540 2397 1648 2434 auditus
1664 2395 1802 2434 descensus

1059 2431 1165 2468 Domini
1181 2439 1212 2465 de
1228 2431 1306 2467 εᾶ-ιυ,
1325 2441 1348 2462 ct
1364 2436 1435 2469 [uela
1454 2434 1526 2460 illius
1542 2441 1599 2459 cum
1616 2431 1801 2469 admiratione,

1059 2467 1176 2510 quodque
1201 2482 1262 2510 cum.
1274 2473 1336 2510 _ipse
1357 2467 1615 2510 tigri-erit.,‘unive1;sa
1634 2473 1703 2493 terra
1720 2467 1802 2507 ipsum

1060 2502 1140 2537 ίαιιάέ
1154 2502 1333 2542 εωηριεὺὶιὶιν,
1352 2511 1376 2532 et
1392 2504 1460 2531 Noti
1475 2504 1556 2542 ipsius
1573 2502 1730 2529 Testamenli
1748 2509 1802 2528 vcr-

1060 2547 1119 2572 bum
1136 2545 1169 2571 ad
1185 2538 1272 2570 omnes
1287 2541 1404 2569 homines
1418 2538 1573 2574 penetrabit.

1059 2687 1067 2702 ι
1084 2675 1205 2707 Domine,
1224 2673 1315 2701 audivi
1332 2670 1495 2698 auditionem
1512 2671 1599 2697 tuam,
1616 2669 1641 2693 et
1657 2664 1744 2691 timui.
1760 2663 1804 2690 lu-

1021 2723 1110 2752 tellexi
1128 2729 1210 2757 opera
1227 2724 1292 2752 tua,
1313 2723 1340 2745 et
1361 2714 1486 2750 obstupui
1505 2723 1511 2740 :
1533 2714 1561 2740 in
1582 2711 1670 2739 medio
1687 2711 1803 2738 duarum

1020 2770 1140 2797 vitarum
1160 2765 1351 2802 cognosceris,
1367 2763 1432 2790 dun;
1446 2760 1511 2788 anni
1532 2757 1801 2795 appropinquabunt,

1021 2819 1103 2843 notus
1123 2814 1188 2848 ﬁes,
1205 2812 1270 2839 dum
1290 2810 1377 2837 aderit
1396 2812 1502 2842 tempus
1522 2804 1713 2833 declaraberis.
1735 2803 1803 2828 Dum

1024 2861 1185 2897 perturbata
1204 2858 1286 2886 fuerit
1305 2855 1396 2884 anima
1415 2861 1474 2881 mea
1489 2852 1516 2880 in
1534 2860 1591 2884 ira,
1607 2849 1805 2878 misericordiae
