2084 3216
294 191 349 219 ΙΑό

630 190 764 219 EUSEBII
783 190 1024 219 CESARIENSIS
1044 191 1119 219 OPP.
1141 190 1230 218 PARS
1247 191 1280 218 ll.
1299 206 1332 210 —
1351 189 1596 217 APOLOGETICA.

1863 189 1917 219 ιιι

296 256 400 276 memor
416 248 481 275 eris.
499 247 569 274 Deus
585 247 618 274 de
633 246 736 273 Thalna
754 247 860 278 veniet,
875 250 901 274 et
917 251 1029 276 sanctus
1046 247 1066 274 di

1131 246 1222 278 ἐλέους
1247 245 1398 281 μνησθήσῃ.
1427 246 1454 271 '0
1475 245 1540 276 Θεὸς
1563 246 1595 271 ἐκ
1615 244 1721 280 Θαιμὰν
1743 245 1812 280 ἥξει,
1837 245 1884 271 καὶ
1902 247 1916 272 ὁ

297 298 388 321 monte
401 294 530 321 umbroso
543 293 645 320 denso:
658 293 799 327 cooperuit
812 293 896 320 cmlos
909 293 995 320 virtus
1007 293 1076 326 ejus.

295 345 323 368 et
336 341 414 367 laude
422 340 482 374 ejus
493 339 571 374 plena
581 343 623 366 est
634 342 722 370 terra,
735 343 762 366 et
777 339 905 373 splendor
919 339 978 373 ejus
993 342 1022 365 ut
1037 339 1078 365 lu-

296 387 357 412 nien
374 385 436 412 erit.
453 385 562 412 Cornua
578 384 605 410 in
620 383 748 410 manibus
764 383 840 418 ejus,
859 387 886 411 et
904 385 994 418 posuit
1010 384 1078 410 dile-

294 433 412 458 ctionem
438 430 535 458 fortem
554 431 660 466 roboris
679 430 721 458 sui
736 440 742 457 :
759 434 823 458 ante
840 430 935 457 faciem
951 430 1011 465 ejus
1028 430 1077 457 ibit

296 477 431 510 Verbum,
454 481 480 504 ct
501 477 655 512 egredietur
677 477 703 503 in
726 484 837 511 campos
853 477 887 503 ".
905 486 914 502 ι
928 484 989 504 cum
1003 476 1076 503 enim

295 522 353 557 ipse
370 523 489 557 seipsum
506 523 628 549 audisset
643 522 774 557 propheta
791 527 921 554 sanctus,
937 531 970 562 ac
985 524 1076 558 potius

294 568 415 595 divinum
428 569 474 603 qui
489 569 577 602 ipsum
593 568 699 596 afﬂabat
710 590 717 602 ,
733 569 833 604 quique
848 570 874 596 in
889 570 949 605 ipso
961 570 1077 597 canebat

294 613 425 649 Spiritum
436 633 444 645 ,
457 613 490 640 dc
502 622 535 641 eo
547 613 579 641 de
593 622 647 649 quo
663 615 720 649 ipsa
735 616 874 650 prophetia
889 616 1019 651 loquitur,
1033 616 1075 643 di-

291 667 396 687 centem
412 670 419 687 :
436 670 444 685 ι
460 659 538 693 Quod
554 661 666 688 veniens
683 662 773 689 veniet
788 667 815 689 et
838 670 893 688 non
911 662 1073 694 morabitur,

287 705 381 741 justus
399 710 490 733 autem
505 714 536 733 ex
553 706 605 733 ﬁde
621 714 680 733 mea
694 707 767 734 vivet
781 707 814 738 ⁷⁸,
832 717 840 733 ι
856 715 973 742 cumque
987 708 1075 735 credi-

289 753 375 781 disset
391 754 465 780 illum
478 761 539 781 esse
552 754 657 788 justum
672 754 794 784 oraculo.
810 753 837 780 in
853 754 895 781 his
909 754 1000 781 verbis
1015 761 1075 788 quae

291 807 365 826 nunc
387 800 415 827 in
436 800 565 827 manibus
586 803 667 831 sunt,
688 800 725 826 ila
740 800 796 826 ait:
812 809 821 825 ι
839 799 966 832 Domine,
983 801 1074 840 audivi

289 845 456 873 auditionem
474 849 547 872 tuam
561 849 588 872 et
604 846 681 872 timui
693 866 700 878 ,
716 856 724 871 ι
737 850 765 874 et
779 854 839 881 quae
860 851 1030 881 sequuntur;
1046 847 1073 873 in

287 891 389 926 quibus
403 890 626 919 manifestissime
641 891 725 918 Deum
742 892 774 919 ad
790 892 914 920 homines
928 896 1072 920 venturum

287 937 440 965 denuntiat.
457 937 524 970 Quis
540 946 603 966 vero
619 939 690 965 alius
708 939 752 965 hic
770 939 806 966 sit
821 939 867 973 qui
885 939 949 965 olim
967 946 1070 974 cogno-

285 988 419 1017 sceretur,
434 989 461 1012 et
475 989 537 1020 post
549 985 696 1020 aliquando
710 985 774 1012 dum
788 985 852 1012 anni
871 986 1072 1021 appropinqua~

286 1031 372 1062 bunt,
387 1034 460 1058 esset
476 1032 667 1066 agnoscendus
677 1053 684 1064 ,
700 1035 726 1058 et
742 1039 790 1066 per
804 1031 832 1058 id
847 1034 954 1066 tempus
968 1031 1001 1058 de
1017 1039 1072 1066 quo

285 1076 426 1111 prophetia
438 1076 568 1111 loquitur,
580 1077 761 1104 declarandus
774 1086 780 1103 :
795 1077 856 1112 quis
866 1096 873 1108 ,
885 1077 995 1112 inquam
1004 1097 1010 1109 ,
1027 1077 1071 1104 hic

284 1122 320 1148 sit
334 1122 415 1156 279
437 1123 490 1150 nisi
502 1122 546 1150 ille
567 1123 625 1158 ipse
638 1123 684 1158 qui
704 1127 782 1150 antea
791 1122 879 1150 dictus
897 1128 938 1150 est
953 1123 1070 1150 universi

283 1166 435 1194 Dominus?
451 1169 497 1202 qui
518 1168 599 1196 etiam
616 1168 667 1195 hoc
684 1168 861 1203 comprobato
883 1168 1023 1199 vaticinio,
1043 1169 1069 1196 in

283 1215 520 1242 consummatione
531 1215 692 1242 saeculorum
707 1215 743 1241 ita
756 1215 897 1242 nuntiatus
911 1219 953 1242 est
963 1223 994 1242 ac
1007 1223 1071 1250 pra:-

282 1259 399 1291 dicatus,
427 1263 457 1286 ut
479 1268 574 1288 omnes
596 1260 721 1288 homines
743 1260 923 1288 exaudierint.
951 1260 1070 1295 Hujusce

282 1304 365 1339 igitur
379 1313 421 1336 ea,
436 1313 496 1340 qua:
516 1306 603 1340 palam
621 1306 647 1332 in
664 1306 750 1333 sacris
766 1305 918 1341 Evangeliis
932 1306 1068 1340 descripta

282 1352 356 1380 sunt,
373 1348 455 1383 facta,
479 1350 603 1384 corporis
618 1350 752 1382 videlicet,
778 1351 851 1385 quod
871 1351 1019 1386 assumpsit
1036 1351 1070 1378 de

281 1393 392 1429 Virgine
414 1396 627 1429 generationem,
654 1395 716 1422 item
732 1395 958 1430 quemadmodum
976 1405 986 1421 ι
1007 1403 1068 1423 cum

280 1443 354 1467 esset
369 1439 397 1466 in
413 1439 499 1466 forma
514 1439 571 1471 Dei,
589 1447 642 1467 non
659 1440 781 1475 rapinam
794 1440 943 1468 arbitratus
957 1445 998 1467 est
1008 1448 1069 1468 esse

281 1493 312 1513 se
328 1487 458 1520 aequalem
484 1485 549 1518 Deo,
566 1487 613 1514 sed
639 1487 757 1522 seipsum
783 1486 932 1514 exinanivit
953 1486 1067 1514 formam

280 1533 351 1559 servi
364 1532 499 1567 accipiens
510 1533 532 1548 ⁷⁷
544 1542 570 1566 ι;
596 1538 723 1567 praeterea
732 1541 792 1568 qua
800 1533 929 1560 miracula
938 1533 964 1560 in
980 1533 1067 1560 homi-

281 1578 361 1605 nibus
383 1579 483 1613 degens
494 1579 619 1610 ediderit,
635 1587 686 1606 nec
698 1587 753 1606 non
772 1587 950 1614 quaecumque
971 1583 1066 1609 contra

281 1623 368 1658 ipsum
385 1632 450 1651 ausa
467 1629 509 1651 est
521 1623 633 1651 Judaica
652 1633 730 1660 gens,
745 1626 847 1657 omnia.
863 1626 986 1660 inquam,
1008 1626 1066 1652 lucc

278 1673 305 1696 et
325 1670 378 1696 alia
395 1670 549 1698 similiahis
562 1679 624 1698 cum
651 1671 748 1698 anima:
773 1671 862 1698 oculis
887 1671 1064 1707 providisset,

278 1723 392 1751 quaeque
421 1721 550 1744 eventura
564 1717 590 1744 in
606 1721 743 1751 posterum
765 1717 1009 1752 exspectabantur,
1023 1717 1066 1749 di-

278 1762 341 1788 vino
354 1762 457 1796 Spiritu
471 1762 597 1794 docente,
611 1763 803 1797 purgatissima
816 1763 993 1798 intelligentia
1006 1770 1066 1797 per-

278 1809 406 1843 cepisset,
422 1817 455 1836 ex
472 1809 506 1836 iis
521 1817 582 1844 «jure
607 1809 659 1836 hoc
683 1809 763 1836 modo
779 1809 913 1840 audierat,
925 1817 955 1836 se
969 1809 1065 1836 obstu-

276 1854 370 1888 puisse
387 1861 418 1880 ac
436 1854 561 1881 timuisse
578 1854 678 1881 fatetur
696 1853 838 1888 propheta,
855 1854 949 1881 dicens
967 1863 973 1880 :
991 1863 998 1878 ι
1016 1853 1066 1880 Do-

277 1901 360 1933 mine,
378 1900 468 1928 audivi
479 1901 645 1928 auditionem
661 1905 745 1933 tuam,
768 1905 796 1928 et
813 1901 891 1928 timui
909 1911 915 1928 :
940 1900 1064 1933 Domine,

277 1946 399 1974 intellexi
424 1955 506 1982 opera
523 1951 579 1980 tua,
602 1952 629 1975 et
642 1948 782 1982 obstupui.
800 1958 808 1974 ι
827 1947 951 1975 Salvator
974 1952 1063 1975 autem

276 2000 309 2020 ac
328 1993 460 2021 Dominus
478 1999 580 2025 noster,
596 1995 685 2029 ipsum
695 1995 788 2029 utique
803 1995 855 2022 hoc
871 1993 918 2021 Dei
930 1993 1061 2025 Verbum,

276 2039 304 2066 in
316 2040 405 2066 medio
420 2040 535 2067 duarum
555 2040 671 2067 vitarum
692 2041 818 2076 cognitus
842 2044 894 2067 est.
911 2040 969 2067 Non
990 2040 1062 2067 enim

275 2085 389 2111 duorum
401 2086 557 2112 animalium
572 2091 613 2113 est
627 2087 782 2121 legendum,
801 2086 848 2114 sed
869 2086 982 2113 duarum
995 2087 1062 2113 vita-

276 2139 345 2158 rum.
376 2130 496 2158 Duarum
514 2139 579 2166 ergo
595 2132 724 2163 sitarum.
742 2133 840 2167 inquit,
872 2132 989 2160 medium
1014 2140 1062 2159 co-

275 2177 429 2212 gnosceris.
447 2177 514 2204 Cum
525 2177 598 2205 enim
614 2186 668 2205 una
684 2179 834 2206 secundum
851 2178 934 2206 Deum
948 2179 983 2206 sit
996 2178 1061 2211 vita,

275 2228 302 2250 et
313 2224 397 2251 altera
411 2224 563 2251 secundum
579 2224 727 2256 hominem,
741 2228 767 2251 ct
777 2225 822 2251 illa
835 2224 945 2259 quidem
961 2228 1062 2252 morta-

1130 292 1206 325 ἅγιος
1220 291 1249 325 ἐξ
1269 290 1346 327 ὄρους
1365 291 1523 321 κατασκίου,
1541 290 1646 322 δασέος.
1667 291 1814 326 Ἐκαλυψεν
1831 291 1916 326 οὐρα-
1952 318 1955 321 ,

1129 338 1189 369 vei);
1208 338 1223 373 ἡ
1239 337 1322 372 ἀρετὴ
1339 336 1430 368 αὐτοῦ,
1446 337 1492 362 καὶ
1507 336 1557 371 τῆς
1570 336 1698 367 αἰνέσεως
1711 335 1792 362 αὑτοῦ
1807 336 1916 372 πλήρης

1129 383 1212 418 ἡγῆ·
1235 383 1282 409 καὶ
1300 383 1399 416 φέγγος
1418 382 1499 408 αὑτοῦ
1519 382 1555 414 ὡς
1573 382 1630 416 φῶς
1647 381 1732 409 ἔσται.
1757 382 1869 417 Κέρατα
1886 383 1917 408 ἓν
1956 388 1957 391 ‘

1128 429 1220 465 χερσὶν
1241 428 1333 460 αὐτοῦ,
1354 429 1400 455 καὶ
1423 428 1498 454 ἔθετο
1518 428 1654 463 ἀγάπησιν
1670 427 1800 463 κραταιὰν
1823 428 1917 463 ἰσχύος

1128 476 1220 502 αὐτοῦ.
1242 475 1299 510 Πρὸ
1310 474 1455 511 προσώπου
1475 474 1556 500 αὑτοῦ
1581 473 1798 510 προπορεύσεται
1820 474 1914 508 λόγος,
1951 495 1954 497 λ

1128 525 1174 549 καὶ
1194 521 1363 554 ἐξελεύσεται
1390 522 1429 552 εἰς
1454 521 1542 547 πεδία.
1564 530 1573 546 ι
1598 520 1767 552 Ἐπακοὺσας
1784 521 1812 547 δὲ
1833 520 1915 552 αὐτὸς

1127 567 1235 598 ἑαυτοῦ,
1251 567 1348 602 μᾶλλον
1362 567 1389 593 δὲ
1402 566 1449 593 τοῦ
1466 566 1628 602 ἐμπνέοντος
1644 567 1690 592 καὶ
1711 566 1916 598 ὲνθεσπὶζοντος

1126 614 1155 639 ἐν
1167 613 1240 649 αὐτῷ
1251 613 1323 640 θείου
1339 613 1506 648 Πνεύματος,
1516 614 1530 639 ό
1546 613 1616 648 ἱερὸς
1631 613 1772 648 προφήτης
1788 613 1849 648 περὶ
1866 613 1914 639 τοῦ

1128 659 1366 696 προφητευομένου
1394 659 1539 694 φήσαντος,
1561 659 1612 689 ὅτι,
1636 658 1817 693 (Ἑρχὸμενος
1840 658 1911 692 ἥξει,

1126 705 1172 731 καὶ
1198 705 1227 730 οὐ
1250 704 1286 740 μὴ
1308 704 1435 739 χρονίσῃ”
1458 705 1472 730 6
1493 703 1520 730 δὲ
1541 703 1643 734 δίκαιος
1665 703 1697 729 ἐκ
1721 702 1838 734 πίστεώς
1861 711 1914 737 μου

1126 750 1213 785 ζήσει,
1229 760 1237 776 ›
1251 750 1399 782 πιστεύσας
1421 759 1450 776 τε
1473 750 1510 781 ὡς
1531 749 1633 780 δίκαιος
1720 748 1846 784 χρησμῷ,
1868 748 1913 774 διὰ

1125 797 1178 823 τῶν
1203 796 1272 832 μετὰ
1300 796 1394 832 χεῖράς
1421 805 1504 831 φησι·
1533 805 1541 821 ι
1557 795 1657 831 Κύριε,
1685 796 1834 830 εἱσακήκοα
1862 795 1914 830 τὴν

1125 844 1209 879 ἀκοήν
1236 852 1293 875 σου,
1320 843 1367 869 καὶ
1393 842 1538 878 ἐφοϐήθην,
1555 851 1564 867 ι
1589 842 1636 868 καὶ
1659 841 1694 868 τὰ
1721 840 1800 876 ἑξῆς
1824 841 1856 867 δι’
1873 837 1915 866 ὧν

1126 889 1218 923 σαφῶς
1239 889 1305 915 Θεὸν
1328 890 1368 920 εἰς
1382 888 1541 924 ἀνθρώπους
1558 887 1632 923 ἥξειν
1651 887 1839 922 καταγγέλλει.
1863 887 1915 918 TI;

1123 933 1151 960 δὲ
1174 933 1206 960 ἂν
1229 931 1304 965 οὗτος
1325 934 1367 969 εἴη
1389 934 1402 960 6
1420 933 1502 960 πάλαι
1524 932 1736 969 γνωριζόμενος,
1754 932 1866 967 ὕστερον
1882 932 1913 958 δέ

1123 988 1186 1006 ποτε
1209 981 1238 1006 ὲν
1259 979 1298 1014 τῷ
1319 979 1437 1014 ἐγγίζειν
1467 979 1501 1006 τὰ
1523 979 1570 1014 ἐτη
1598 978 1837 1013 γνωσθησόμενος,
1864 979 1914 1004 καὶ

1122 1026 1191 1053 κατὰ
1209 1026 1254 1052 τὸν
1272 1026 1507 1062 προφητευόμενον
1522 1025 1617 1061 χρόνον
1635 1024 1912 1060 ἀναδειχθησόμενος,

1121 1073 1136 1108 ἢ
1150 1073 1164 1099 6
1181 1072 1262 1104 αὐτὸς
1275 1073 1376 1104 ἐκεῖνος
1388 1073 1402 1099 6
1416 1072 1598 1108 προδηλωθεὶς
1619 1072 1743 1107 δεύτερος
1765 1071 1818 1097 τῶν
1841 1071 1911 1097 ὅλων

1121 1118 1232 1153 Κύριος,
1249 1119 1263 1144 6
1279 1118 1326 1144 καὶ
1348 1119 1381 1153 τῇ
1400 1118 1549 1154 προρρήσει
1573 1117 1735 1149 ἀκολούθως,
1753 1117 1799 1143 ἐπὶ
1815 1124 1910 1142 συντε-

1120 1163 1178 1200 λείᾳ
1204 1163 1256 1190 τῶν
1279 1163 1393 1195 αἰώνων,
1410 1165 1449 1195 εἰς
1470 1163 1631 1196 ἐξάκουστον
1651 1164 1732 1190 πᾶσιν
1756 1162 1911 1198 ἀνθρώποις

1121 1210 1288 1246 κηρυχθείς;
1303 1209 1403 1236 Τούτου
1421 1210 1453 1245 δὴ
1470 1208 1515 1236 οὖν
1530 1209 1563 1236 τὰ
1576 1210 1735 1245 ἁνάγραπτα
1748 1210 1776 1234 ὲν
1792 1210 1847 1239 τοῖς
1870 1209 1909 1234 ἱε-

1121 1259 1176 1292 ροῖς
1191 1256 1367 1291 Εὐαγγελίοις
1382 1256 1460 1292 ἔργα,
1471 1256 1521 1291 τὴν
1534 1256 1566 1282 ἐκ
1580 1255 1716 1291 Παρθένου
1733 1255 1862 1290 δηλονότι,
1877 1251 1911 1280 οὗ

1119 1303 1245 1338 ἀνείληφε
1260 1303 1382 1338 σκήνους,
1406 1303 1520 1336 γένεσιν.
1539 1303 1586 1329 καὶ
1600 1312 1609 1327 ι
1624 1302 1661 1334 ὡς
1675 1302 1703 1328 ἐν
1727 1302 1816 1337 μορσῇ
1838 1300 1909 1326 Θεοῦ

1120 1349 1259 1384 ὑπάρχων,
1277 1349 1325 1383 οὐχ
1341 1348 1485 1384 ἁρπαγμὸν
1499 1349 1619 1384 ἡγήσατο
1640 1348 1670 1374 τὸ
1691 1346 1758 1387 εἶναι
1774 1345 1820 1374 ἶσα
1834 1347 1904 1382 Θεῷ,

1119 1395 1185 1421 ἀλλὰ
1202 1395 1295 1422 ἑαυτὸν
1313 1395 1428 1421 ὲκένωσε
1447 1395 1553 1430 μορφὴν
1564 1394 1656 1420 δούλου
1672 1394 1771 1426 λαϐὼν,
1787 1403 1797 1418 ι
1814 1394 1863 1424 τάς
1876 1402 1909 1420 τε

1119 1442 1336 1473 ἐπιτελεσθείσας
1351 1441 1424 1477 αὺτῷ
1442 1443 1481 1474 εἰς
1497 1441 1655 1478 ἀνθρώπους
1670 1441 1906 1476 παραδοξοποιῖας,

1118 1488 1166 1514 καὶ
1191 1488 1225 1515 τὰ
1251 1490 1311 1514 κατ’
1327 1488 1408 1515 αὐτοῦ
1439 1497 1470 1522 γε
1502 1488 1689 1524 τετολμημένα
1717 1487 1754 1522 τῷ
1773 1487 1908 1513 Ἰουδαίων

1118 1533 1198 1564 ἔθνει,
1217 1535 1272 1565 τοῖς
1296 1534 1345 1569 τῆς
1369 1534 1456 1569 ψυχῆς
1480 1534 1626 1569 ὀκεθαλμοῖς
1649 1533 1801 1569 προλαϐὼν,
1820 1533 1855 1559 τά
1876 1541 1907 1560 τε

1080 1595 1101 1623 c
1119 1580 1249 1615 μέλλοντα
1266 1580 1450 1615 συμϐήσεσθαι
1466 1579 1684 1615 κεκαθαρμέναις
1702 1581 1762 1611 ταῖς
1778 1579 1908 1611 διανοίαις

1118 1627 1193 1662 παρὰ
1209 1626 1254 1653 τοῦ
1268 1627 1437 1658 διδάσκοντος
1449 1627 1528 1653 αὐτὸν
1543 1627 1616 1653 θείου
1628 1627 1784 1662 Πνεύματος
1800 1626 1908 1661 μαθὼν,

1117 1673 1247 1707 ἐκστῆναι
1266 1674 1280 1699 6
1298 1673 1439 1708 προφήτης
1453 1673 1499 1698 ἐπὶ
1518 1674 1573 1704 τοῖς
1589 1673 1744 1700 ἁκουσθεῖσι
1760 1673 1806 1699 καὶ
1820 1680 1907 1706 πειρο-

1117 1719 1214 1754 ὖῆσθαι
1231 1719 1366 1754 ὁμολογεῖ,
1391 1719 1517 1752 φάσκων·
1541 1729 1550 1743 ι
1567 1719 1661 1754 Κύριε,
1686 1720 1834 1754 εἰσακήκοα

1116 1765 1201 1799 ἀκοήν
1216 1773 1273 1795 σου,
1291 1765 1336 1791 καὶ¹
1352 1765 1498 1800 ἐφοϐήθην·
1518 1765 1613 1800 Κύριε,
1627 1765 1778 1800 κατενόησα
1787 1765 1821 1791 τὰ
1837 1764 1906 1800 ἔργα

1117 1820 1173 1843 σου,
1191 1811 1237 1837 καὶ
1260 1811 1380 1846 ἐξέστην.
1398 1812 1447 1837 »Ὀ
1459 1812 1553 1848 Σωτὴρ
1566 1812 1593 1838 δὲ
1615 1813 1662 1839 καὶ
1685 1812 1787 1847 Κύριος
1815 1812 1906 1847 ἡμῶν,

1116 1857 1196 1888 αὐτὸς
1210 1854 1286 1888 οὗτος
1307 1857 1321 1882 ὁ
1345 1857 1391 1883 τοῦ
1415 1857 1482 1883 Θεοῦ
1509 1858 1603 1891 Λόγος,
1619 1859 1646 1883 ἐν
1665 1857 1739 1893 μέσῳ
1759 1858 1806 1884 δύο
1827 1858 1906 1890 ζωῶν

1115 1902 1254 1938 ἐγνώσθη·
1273 1903 1461 1938 πληθυντικῶς
1481 1903 1597 1930 ἐνταῦθα
1619 1905 1665 1930 καὶ
1688 1903 1906 1939 περισπωμένως

1115 1947 1169 1974 τῶν
1187 1946 1274 1979 ζωῶν,
1292 1948 1345 1974 ἀπὸ
1364 1948 1452 1974 ἑνικοῦ
1475 1948 1521 1974 τοῦ
1544 1947 1599 1982 τῆς
1614 1948 1687 1982 ζωῆς
1707 1948 1837 1983 ὀνόματος
1861 1949 1906 1980 ὲξ-

1115 1993 1296 2028 ακουομένων.
1309 1993 1346 2018 Οὐ
1357 1993 1410 2028 γὰρ
1422 1992 1609 2029 παροξυτόνως
1626 1993 1678 2019 τῶν
1694 1992 1781 2025 ζώων,
1792 1994 1846 2020 ἀπὸ
1857 1994 1903 2019 οὖ-

1114 2039 1172 2065 δετέ
1178 2047 1222 2074 pou
1239 2038 1285 2065 τοῦ
1298 2038 1368 2070 ζώου
1380 2038 1499 2072 λέγεται,
1511 2039 1578 2065 ἀλλὰ
1594 2039 1671 2071 ζωῶν
1685 2039 1905 2074 περισπωμένως

1115 2085 1168 2111 ἀπὸ
1179 2084 1362 2120 πληθυντικῆς
1379 2084 1486 2116 εὐθείας
1504 2085 1563 2120 τῆς,
1578 2085 1611 2111 al
1626 2084 1700 2115 ζωαί.
1716 2085 1767 2112 Δύο
1784 2084 1841 2117 οὖν,
1857 2095 1905 2121 φη-

1114 2131 1152 2161 σὶ,
1166 2130 1242 2162 ζωῶν
1257 2131 1338 2166 μέσον
1350 2130 1505 2166 γνωσθήσῃ.
1518 2131 1590 2162 Μιᾶς
1604 2131 1658 2166 γὰρ
1672 2130 1754 2166 οὖσης
1767 2131 1816 2166 τῆς
1833 2133 1904 2158 κατὰ

1113 2177 1178 2204 Θεὸν
1192 2178 1274 2212 ζωῆς,
1288 2178 1334 2204 καὶ
1348 2177 1464 2213 θατέρας
1475 2178 1524 2213 τῆς
1537 2177 1607 2204 κατὰ
1620 2177 1762 2213 ἄνθρωπον
1772 2186 1778 2193 ·
1793 2179 1839 2204 καὶ
1853 2179 1904 2213 τῆς

1115 2225 1163 2260 μὲν
1177 2224 1285 2259 θνητῆς,
1297 2225 1346 2259 τῆς
1360 2224 1387 2250 δὲ
1401 2224 1486 2250 ἀϊδίου
1496 2233 1502 2240 ’
1519 2224 1682 2260 ἀμφοτέρων
1696 2224 1810 2256 εἰκότως
1821 2225 1835 2251 ὀ
1851 2225 1903 2252 K23-

275 2269 320 2301 lis,
339 2270 396 2297 hzec
414 2277 477 2297 vero
499 2270 675 2304 sempiterna,
701 2271 799 2298 merito
827 2279 889 2297 cum
919 2275 1061 2306 utramque

1118 2279 1171 2305 ριος
1183 2269 1225 2297 διὰ
1242 2270 1339 2305 πείρας
1355 2269 1447 2301 ἐλθὼν,
1463 2270 1491 2297 ἐν
1508 2269 1582 2305 μέσῳ
1595 2270 1640 2296 δύο
1657 2269 1734 2302 ζωῶν
1749 2271 1903 2306 γνωσθῆναι

273 2320 404 2350 expertus
420 2320 492 2343 esset
507 2315 648 2345 Dominus.
665 2319 746 2350 atque
773 2323 806 2342 eo
834 2316 914 2343 modo
928 2316 1059 2350 venisset,

273 2362 300 2389 in
315 2361 404 2389 medio
418 2361 532 2388 duarum
549 2361 666 2388 vitarum
681 2370 742 2389 esse
757 2362 883 2397 cognitus
899 2362 1011 2393 dicitur,
1027 2370 1060 2389 ex

273 2407 500 2442 interpretatione
525 2414 606 2442 quam
625 2406 803 2443 Septuaginta
823 2407 976 2434 ediderunt.
993 2407 1059 2434 Nam

272 2461 305 2481 ex
317 2462 348 2481 ea
360 2462 440 2489 quam
454 2454 551 2488 Aquila
566 2454 659 2485 edidit,
677 2462 730 2481 non
745 2455 820 2487 item,
834 2454 880 2481 sed
898 2454 938 2481 sic
950 2463 956 2481 ε
968 2463 976 2478 ι
993 2453 1060 2481 Dum

273 2499 492 2534 appropinquant
507 2500 581 2531 anni,
598 2500 703 2527 viviﬁca
732 2499 809 2526 illud.
827 2509 836 2525 ι
859 2498 912 2526 Sed
929 2499 1060 2534 quidnam

272 2547 314 2571 est
326 2545 402 2577 illud,
416 2545 468 2572 nisi
484 2546 555 2580 quod
570 2546 607 2572 ait
624 2556 630 2573 :
645 2555 653 2571 ι
666 2554 733 2580 opus
752 2550 829 2572 tuum
841 2546 853 2571 *ἶ
865 2555 874 2570 ι
889 2545 1058 2573 Theodotion

272 2597 338 2616 vero
352 2590 388 2617 ita
404 2591 442 2617 ait
457 2601 463 2618 :
480 2601 489 2616 ‹
509 2591 536 2618 In
550 2592 640 2619 medio
659 2599 792 2619 annorum
809 2592 915 2618 vivilica
931 2591 1032 2626 ipsum.
1048 2601 1056 2617 ι

274 2634 306 2661 Ει
322 2635 501 2671 Symmachus
518 2647 523 2664 :
542 2647 551 2662 ι
572 2638 645 2665 Intra
674 2645 760 2665 annos
782 2638 944 2665 reviviscere
963 2637 1004 2664 fac
1023 2637 1061 2672 ip-

272 2689 345 2712 sum,
367 2692 377 2708 ι
391 2683 583 2718 interpretatus
594 2691 645 2712 est.
657 2685 725 2711 Cum
742 2684 825 2719 igitur
837 2691 944 2715 omnes,
965 2693 974 2709 ι
990 2684 1059 2710 vivi-

273 2726 324 2754 ﬂca
348 2727 436 2762 ipsum
449 2749 456 2761 ,
476 2738 485 2754 ι
501 2729 638 2761 dixerint,
659 2731 738 2765 plane
759 2739 813 2757 non
837 2730 871 2758 de
893 2731 1058 2765 quibusdam

273 2773 355 2800 veluti
371 2774 468 2806 brutis,
485 2779 531 2801 aut
543 2777 623 2802 etiam
639 2777 743 2803 ratione
751 2777 871 2812 praeditis
882 2777 1056 2808 animalibus,

274 2823 427 2845 sermonem
441 2826 503 2845 esse
525 2819 707 2848 declararunt.
720 2821 890 2857 Quapropter
904 2830 965 2849 cum
985 2822 1057 2856 apud

311 2904 321 2913 '
346 2904 496 2939 "litat-.111,
519 2907 576 2934 1-6.
615 2909 637 2923 ⁷⁸
655 2909 755 2937 Habac.
772 2918 802 2944 ιι,
815 2912 840 2938 Ξ.

1114 2317 1230 2350 λέγεται,
1243 2317 1314 2343 κατὰ
1327 2317 1375 2352 τὴν
1387 2317 1440 2343 τῶν
1448 2316 1648 2352 Ἑϐδομήκοντα
1656 2318 1813 2353 ἑρμηνείαν.
1823 2319 1902 2345 Κατὰ

1114 2362 1168 2398 γὰρ
1183 2363 1229 2389 τὸν
1252 2363 1367 2389 Ἀκύλαν
1387 2364 1436 2398 οὐχ
1450 2363 1544 2396 οὕτως,
1560 2364 1628 2396 ἀλλ’,
1644 2374 1653 2389 ι
1665 2365 1709 2390 Ἐν
1730 2364 1768 2400 τῷ
1782 2365 1903 2398 ἐγγίζειν

1115 2407 1148 2433 τὰ
1160 2406 1218 2442 ἐτη,
1237 2407 1346 2440 ξώωσον
1367 2408 1444 2439 αὐτὸ,
1464 2418 1472 2433 ι
1492 2408 1609 2444 εἴρηται.
1622 2409 1655 2435 Τί
1668 2409 1696 2435 δὲ
1709 2410 1783 2441 αὐτὸ,
1803 2410 1818 2444 ῆ
1838 2420 1848 2436 ο
1864 2410 1901 2436 τὸ

1115 2453 1247 2488 κάτεργόν
1266 2462 1326 2485 σου;
1343 2454 1438 2489 ’,φησί
1454 2455 1526 2481 ’Καὶ
1545 2456 1559 2481 ὁ
1582 2455 1726 2482 Θεοδοτίων
1751 2456 1779 2482 δέ
1798 2465 1880 2492 φησιν
1892 2467 1898 2472 -

1118 2508 1126 2524 ι
1139 2499 1182 2525 ‘Ev
1197 2499 1270 2534 μέσῳ
1290 2500 1356 2526 ἐτῶν
1379 2499 1486 2532 ζώωσον
1509 2501 1598 2527 αὐτόν.
1613 2511 1621 2527 ι
1640 2502 1694 2527 Καὶ
1712 2502 1726 2527 ὁ
1741 2501 1900 2538 Σύμμαχος,

1116 2553 1125 2568 α
1137 2544 1228 2576 Ἐντὸς
1247 2545 1301 2571 τῶν
1319 2545 1448 2572 ἐνιαυτῶν
1459 2545 1618 2577 ἁναζώωσον
1630 2546 1719 2577 αὑτὸν,
1735 2556 1744 2572 ι
1755 2547 1899 2574 ἐκδέδωκε.

1115 2590 1216 2621 Πάντες
1232 2588 1278 2616 οὖν
1290 2600 1300 2615 ι
1312 2590 1420 2622 ζώωσον
1430 2592 1509 2618 αὑτὸν
1521 2602 1530 2617 ι
1546 2593 1676 2624 εἰπόντες,
1694 2592 1797 2627 σαφῶς.
1808 2594 1850 2619 ὁτι
1863 2594 1900 2629 μὴ

1113 2636 1177 2671 περὶ
1197 2634 1251 2663 οἷον
1274 2637 1378 2671 ἀλόγων
1400 2638 1480 2664 τινῶν
1503 2638 1520 2673 ἢ
1542 2638 1658 2672 λογικῶν
1684 2639 1761 2670 ζώων
1785 2641 1800 2666 6
1821 2639 1901 2674 λόγος

1112 2682 1239 2716 τυγχάνει
1248 2682 1431 2718 παρέστησαν.
1444 2683 1488 2710 Διὸ
1500 2684 1572 2719 παρὰ
1587 2686 1641 2716 τοῖς
1649 2684 1846 2720 Ἑϐδομήκοντα
1857 2686 1900 2713 λε-

1113 2728 1228 2762 γομένου
1245 2729 1302 2760 τοῦ,
1319 2739 1329 2754 ‹
1341 2730 1383 2756 Ἐν
1409 2730 1483 2765 μέσῳ
1507 2730 1553 2757 δύο
1572 2729 1648 2762 ζωῶν
1663 2731 1819 2769 γνωσθήσῃ,
1839 2743 1847 2757 ι
1867 2733 1899 2759 οὐ

1112 2775 1182 2801 κατὰ
1194 2776 1255 2807 τοὺς
1270 2776 1322 2811 πρὸ
1335 2777 1411 2811 ἡμῶν
1423 2776 1612 2812 ἐξειλήφαμεν,
1626 2777 1693 2804 ἀλλὰ
1704 2778 1750 2804 δύο
1764 2778 1837 2810 ζωὰς
1851 2779 1898 2805 τοῦ

1112 2822 1349 2858 προφητευομένου
1365 2823 1508 2857 δηλοῦσθαι
1524 2823 1626 2858 ἔφαμεν
1636 2833 1642 2839 ³
1659 2824 1721 2859 μίαν
1736 2824 1785 2859 μὲν
1799 2823 1850 2860 τὴν
1861 2824 1900 2850 ἒν-

881 2912 903 2927 "
923 2910 1037 2947 Philipp.
1059 2919 1088 2944 ιι,
1102 2911 1128 2944 6,
1147 2911 1170 2937 7.
