2084 3216
191 184 246 214 με

652 185 981 214 ΒΕΜΟΝΞΤΒΑΤΙΟΜΞ
1000 184 1231 214 EVANGELlCrE
1249 185 1317 213 LIB.
1331 185 1376 213 Vl.

1763 185 1815 213 446

192 243 263 274 θεον,
278 242 373 278 ἑτέραν
384 242 412 269 δὲ
428 242 476 278 τὴν
489 241 670 278 ἀνθρωπίνην.
686 243 795 274 Τούτοις
808 243 822 269 ὸ
839 243 976 279 προφήτης

1032 242 1210 278 Septuaginta
1224 243 1260 270 sit
1271 242 1385 274 dictum,
1396 248 1409 268 (
1427 242 1457 269 in
1467 242 1556 270 medio
1572 240 1686 268 duarum
1698 241 1815 268 vitarum

191 288 313 323 ἐπιλέγει
323 297 329 303 ·
347 298 356 314 l
369 288 411 315 Ἐν
427 289 466 324 τῷ
483 289 649 325 ταραχθῆναι
663 289 710 325 τὴν
724 290 814 324 ψυχήν
830 298 880 325 μου
895 290 923 316 ἐν
936 290 979 326 ὀρ-

191 335 239 370 γῇ,
255 335 347 366 ἐλέους
364 335 521 372 μνησθήσῃι
539 345 548 361 ι
566 335 710 368 διδάσκων,
727 336 766 362 ὅτι
787 336 833 362 τὸν
856 335 904 362 τοῦ
926 336 978 363 πά-

192 379 255 412 οους
277 380 326 407 τοῦ
347 381 584 416 προῳητευομένου
599 382 694 418 καιρὸν
718 381 828 408 συνιδὼν
842 382 880 417 τῷ
898 382 977 408 πνεύ-

194 435 273 462 pett,
285 425 459 462 τεθορύϐητο.
476 428 548 463 Πλὴν
560 427 616 454 ἀλλ’
640 429 669 455 ὲν
686 428 760 463 αὑτῴ
783 428 878 464 τούτῳ,
900 429 976 464 φησὶ,

191 473 231 509 ’τῷ
255 473 354 509 καιρῄ
377 473 419 508 ἐφ’
450 469 472 507 ᾦ
495 474 545 509 τὴν
570 473 659 511 ψυχὴν
688 474 841 510 ἐταράχθην
856 494 863 506 ,
893 474 977 510 ὀργῆς

190 520 248 551 τοῖς
272 519 425 556 ἀνθρώποις
452 520 622 548 οὐδεπώποτε
643 521 735 548 ἄλλοτε
760 521 977 557 ὲπαιωρηθείσης

191 566 237 593 διὰ
258 566 307 598 τὰς
330 566 510 601 τολμηθείσας
531 567 601 594 κατὰ
623 568 668 594 τοῦ
685 568 787 603 Κυρίου
810 569 975 601 δυσσεϐείας,

191 612 284 645 ἐλέους
298 612 379 644 αὐτὸς
396 613 410 639 ὁ
429 613 681 649 φιλανθρωπότατος
704 614 806 650 Κύριος
820 616 880 642 ἀντὶ
892 615 976 651 ὀργῆς

193 659 328 695 ἐμνήσθη,
346 659 419 686 ὡσὰν
440 660 542 694 ἁγαοοῦ
573 661 714 696 τυγχάνων
732 662 835 698 Πατρὸς
851 663 922 695 Υἱός.
940 663 976 689 Τὸ

190 704 257 738 γοῦν
274 705 358 737 πάθος
371 706 452 733 αὑτοῦ
467 706 506 742 τῷ
518 707 597 734 παντὶ
614 708 707 744 κόσμῳ
724 709 857 745 σωτηρίας
870 710 919 744 τῆς
933 719 978 737 κα-

190 750 225 777 τὰ
240 750 316 782 Θεὸν,
332 752 378 778 καὶ
392 752 483 784 ἐλέους
495 753 613 788 κατέστη
627 753 720 781 αἴτιον.
737 754 847 786 Τούτοις
858 755 977 790 ἐπιλέγε-

190 804 253 823 ταιο
267 806 276 822 ι
287 796 318 824 '0
330 797 396 829 Θεὸς
408 798 462 824 ἀπὸ
476 798 582 833 Θαιμὰν
595 793 723 834 ἧξὲι.›Τὺ
736 800 764 826 δὲ
778 800 883 835 Θαιμὰν
900 810 977 836 μετα-

190 842 358 878 λαμὸάνεται
381 845 420 875 εἰς
443 843 490 879 τὴν
509 844 620 871 Ἐλλάδα
647 846 738 882 φωνὴν
751 846 926 874 συντέλεια’
939 847 977 878 ὡς

193 887 276 923 μηδὲν
290 888 438 924 διαφέρειν,
454 889 478 914 εἰ
496 888 588 923 σαφῶς
607 889 713 924 ἐλέγετο
722 899 728 905 ’
747 891 775 917 Ὁ
783 890 847 922 Θεὸς
859 892 904 918 ἐπὶ
916 900 976 918 συν-

189 934 283 970 τελείᾳ
300 934 369 970 ἦξει.
397 935 458 961 Ἐπὶ
472 935 526 971 γὰρ
552 936 690 971 συντελείᾳ
706 936 753 963 τοῦ
775 938 871 970 αἰῶνος
887 938 934 965 καὶ
946 939 976 965 ὲν

190 981 250 1012 ταῖς
263 981 391 1016 ἐσχάταις
402 982 515 1014 ταύταις
527 983 646 1019 ἡμέραις
665 984 799 1020 ὲπέςρηνεν
817 986 882 1021 ἡμῖν
899 987 914 1021 ἡ
929 986 976 1012 τοῦ

189 1025 258 1053 Θεοῦ
271 1026 325 1054 τῶν
337 1027 406 1054 ὅλων
419 1028 462 1055 διὰ
475 1029 521 1055 τοῦ
539 1030 613 1065 Σωτῆ
618 1039 663 1065 ρος
677 1029 754 1065 ἡμῶν
767 1031 978 1065 εὐεργεσία.Τά-

190 1080 226 1106 χα
241 1071 269 1098 δὲ
288 1073 334 1099 καὶ
348 1073 398 1108 τὴν
416 1073 545 1109 δευτέραν
561 1075 641 1101 αὐτοῦ
657 1076 703 1101 καὶ
716 1075 819 1108 ἔνδοξον
832 1077 860 1103 ἐν
873 1076 977 1109 τούτοις

189 1117 282 1152 ἄφιξιν
304 1118 440 1151 θεσπίζει·
466 1120 536 1147 ὥστε
559 1121 726 1157 ἀπὸ-ἑτέρας
745 1123 976 1156 ἀναγινώσκεσθαι

189 1164 278 1201 ἀρχῆς
293 1165 327 1192 τὰ
340 1165 394 1192 ἀπὸ
415 1167 472 1198 τοῦ,
489 1177 498 1192 ι
509 1167 537 1194 Ὀ
552 1167 617 1200 Θεὸς
635 1169 689 1195 ἀπὸ
706 1169 812 1204 Θαιμὰν
828 1170 896 1205 ἥξει,
916 1181 924 1195 ι
940 1171 977 1203 ὡς

189 1210 238 1236 ἐπὶ
263 1210 402 1247 συντελείᾳ
423 1212 470 1238 τοῦ
498 1212 594 1245 αἰῶνος
618 1214 726 1249 ἥξοντος
746 1215 838 1246 αὑτοῦ,
858 1216 912 1242 ἀπὸ
924 1216 976 1242 τῶν

189 1256 261 1283 κατὰ
283 1257 317 1284 τὰ
337 1257 411 1284 νότια
434 1258 504 1294 μέρη
529 1259 574 1285 τοῦ
592 1260 716 1294 οὐρανοῦ.
733 1261 976 1297 Μεταλαμϐάνεται

188 1302 244 1338 γὰρ
262 1302 369 1338 Θαιμὰν
384 1304 424 1335 είς
438 1303 483 1330 τὸν
496 1305 602 1331 Νότον.
618 1298 717 1341 Διόπερ
733 1307 747 1332 ὁ
761 1306 905 1334 Θεοδοτίων
920 1307 978 1334 τοῦ-

186 1357 235 1376 τον
257 1349 401 1385 ἑρμηνεὺει
429 1349 475 1376 τὸν
503 1350 618 1387 τρόπον·
645 1361 654 1377 ι
673 1352 701 1378 '0
726 1352 792 1384 θεὸς
814 1353 867 1379 ἀπὸ
880 1353 976 1380 Νοτίου

187 1396 259 1432 ἡξει.
277 1407 287 1423 ι
301 1396 339 1424 Tit
351 1398 380 1424 δὲ
396 1398 459 1434 ἑξῆς
474 1398 635 1433 εἰρημένον,
655 1409 664 1424 ‹
677 1400 731 1426 Καὶ
741 1401 755 1426 ὁ
766 1400 842 1434 ἅγιος
857 1401 885 1434 ἐξ
898 1401 977 1437 ὅρους

189 1442 349 1475 κατασκίου,
358 1442 462 1474 δασέος,
475 1453 484 1468 ι
493 1445 609 1479 νοήσεις,
621 1445 749 1480 παραθεὶς
756 1446 805 1478 τὰς
811 1446 895 1478 οὓτως
905 1447 978 1482 ἐχού-

189 1495 241 1519 σας
254 1488 284 1514 ὲν
295 1487 334 1523 τῷ
344 1489 466 1524 Ζαχαρία
482 1490 574 1523 φωνάς
583 1498 590 1504 ·
603 1500 612 1515 ‹
625 1490 748 1526 Ἑώρακα
761 1492 809 1527 τὴν
825 1492 919 1523 νύκτα,
931 1494 977 1520 καὶ

189 1533 246 1562 ὁδοὺ
263 1533 332 1570 ἀνὴρ
356 1535 528 1570 ἐπιϐεϐηκὼς
544 1536 590 1563 ἐπὶ
606 1537 687 1563 ἵππον
706 1538 817 1574 πυρρὸν,
833 1539 878 1565 καὶ
901 1536 976 1574 οὗτος

187 1579 311 1616 είστήκει
336 1581 388 1607 ἀνὰ
413 1582 494 1615 μέσον
518 1581 571 1608 τῶν
597 1582 681 1618 ὀρέων
703 1584 757 1610 τῶν
780 1586 944 1612 κατασκίων.
965 1596 974 1612 ι

1032 288 1217 323 cognosceris,
1237 297 1247 314 ›
1264 295 1319 315 non
1346 296 1380 315 ex
1405 288 1540 315 sententia
1571 295 1677 320 eorum,
1694 288 1740 322 qui
1766 295 1816 314 nos

1032 337 1247 366 antecesserunt,
1267 334 1319 361 hoc
1341 335 1496 369 accepimus
1509 355 1516 366 ,
1532 334 1579 362 sed
1596 333 1665 361 duas
1687 332 1758 367 ejus,
1783 333 1816 360 de

1032 388 1087 415 quo
1101 380 1242 416 prophetia
1266 380 1399 416 loquitur,
1415 381 1486 408 vitas
1511 379 1659 416 signiﬁcari
1685 379 1814 411 diximus,

1031 434 1113 454 unam
1131 427 1240 461 quidem
1255 427 1374 454 divinam
1389 447 1397 459 ,
1427 427 1539 454 alteram
1564 434 1629 453 vero
1657 425 1814 453 humanam.

1031 473 1080 502 His
1094 481 1155 509 qua
1171 474 1244 501 dicta
1257 477 1332 507 sunt,
1353 474 1485 509 propheta
1509 473 1638 508 deinceps
1665 471 1788 507 adiungit
1807 481 1813 498 :

1033 530 1044 546 ι
1064 520 1132 548 Dum
1147 520 1304 556 perturbata
1320 519 1402 547 fuerit
1424 520 1515 547 anima
1535 527 1595 547 mea
1607 520 1635 547 in
1647 519 1707 551 ira,
1729 518 1814 545 mise-

1031 566 1157 594 ricordia:
1173 574 1278 594 memor
1300 567 1355 594 eris
1372 575 1379 599 ;
1400 576 1409 592 ι
1428 567 1468 595 sic
1485 566 1593 594 interim
1613 566 1725 605 docens,
1742 563 1814 600 quod

1031 620 1093 639 cum
1111 612 1208 647 spiritu
1224 616 1329 648 tempus
1344 613 1408 640 illud
1425 613 1598 647 providisset,
1615 620 1668 647 quo
1681 618 1815 646 passurus

1031 663 1089 686 erat
1102 659 1126 686 is
1139 659 1173 687 de
1186 667 1240 694 quo
1262 659 1320 694 ipsa
1346 658 1489 694 prophetia
1505 658 1622 691 texitur,
1640 657 1816 692 perturbatus

1031 707 1077 732 sit.
1093 705 1176 740 280
1203 704 1398 732 Verumtamen
1424 705 1451 730 in
1467 704 1518 730 hoc
1533 704 1592 739 ipso
1617 707 1750 738 tempore,
1773 701 1816 728 in-

1030 751 1100 786 quit,
1118 752 1145 778 in
1165 758 1220 786 quo
1246 750 1337 777 animo
1364 749 1540 784 perturbatus
1567 757 1646 782 sum,
1671 753 1815 784 propterea

1031 796 1103 831 quod
1120 796 1188 824 alias
1210 802 1343 830 nusquam
1366 795 1428 821 talis
1444 794 1601 821 hominibus
1625 795 1661 821 ita
1675 793 1814 828 impende-

1030 843 1076 874 rit,
1095 846 1205 877 propter
1218 841 1338 869 l'acinora
1354 840 1485 868 adversus
1509 839 1653 867 Dominum
1678 843 1815 874 perpetra-

1030 892 1069 917 ta.
1086 888 1283 916 misericordia:
1298 887 1356 923 ipse
1368 887 1600 915 clementissimus
1613 885 1744 912 Dominus
1761 892 1815 912 non

992 929 1015 959 Β
1028 934 1074 961 iraa
1088 933 1247 962 recordatus
1257 937 1309 967 est,
1322 936 1416 968 utpote
1430 933 1476 968 qui
1485 932 1549 960 boni
1565 931 1654 959 Patris
1672 931 1707 959 sit
1717 931 1814 958 Filius.

1027 979 1145 1008 Proinde
1161 983 1312 1007 extremum
1332 980 1406 1007 illius
1419 979 1584 1015 supplicium
1606 978 1703 1006 salutis
1719 985 1815 1005 secun-

1028 1026 1092 1053 dum
1113 1025 1208 1059 Deum,
1222 1029 1249 1053 et
1264 1025 1459 1053 misericordite
1473 1024 1523 1052 toti
1539 1024 1641 1052 mundo
1671 1030 1753 1051 causa
1767 1030 1815 1050 ex-

1028 1072 1107 1100 stitit.
1126 1070 1257 1106 Sequitur
1271 1071 1338 1098 illud
1357 1080 1364 1098 :
1379 1080 1388 1095 ι
1406 1070 1477 1098 Deus
1488 1070 1522 1097 de
1536 1069 1668 1096 Thzeman
1679 1069 1778 1096 veniet.
1800 1077 1811 1094 ι

1028 1118 1116 1147 Dictio
1134 1122 1224 1145 autem
1241 1118 1286 1145 illa
1306 1117 1446 1148 Thzeman,
1463 1117 1530 1144 siin
1546 1119 1669 1144 nostram
1693 1115 1813 1150 linguam

1028 1167 1217 1195 convertatur,
1241 1164 1434 1190 consummatio
1448 1166 1505 1194 est,
1522 1166 1551 1190 ut
1565 1162 1634 1189 nihil
1654 1161 1769 1193 intersit,
1790 1161 1814 1188 si

1029 1211 1114 1237 clare‘
1140 1210 1242 1236 dictum
1274 1209 1382 1236 fuerit:
1414 1208 1484 1237 Deus
1518 1209 1545 1236 in
1579 1208 1814 1236 consummatione

1028 1256 1126 1283 veniet.
1154 1255 1220 1282 Nam
1246 1255 1275 1281 in
1304 1254 1541 1281 consummatione
1575 1252 1666 1280 satculi
1691 1272 1698 1284 ,
1728 1257 1754 1279 et
1786 1252 1840 1278 in.

1028 1301 1103 1328 hisce
1123 1301 1252 1328 extremis
1280 1300 1377 1327 diebus
1405 1308 1453 1335 per
1473 1299 1643 1326 Salvatorem
1679 1302 1813 1329 nostrutn,

1028 1346 1128 1374 summi
1145 1345 1191 1372 Dei
1208 1344 1385 1372 nobisilluxit
1396 1343 1586 1371 beneﬁcentia.
1599 1342 1726 1370 Fortasse
1733 1341 1814 1369 etiam

1028 1392 1179 1421 secundum
1193 1392 1327 1427 ejusdem,
1345 1392 1550 1426 gloriosumque
1562 1391 1589 1417 in
1604 1391 1647 1418 his
1662 1389 1754 1418 verbis
1766 1389 1814 1416 ad-

1028 1445 1138 1469 ventum
1153 1441 1237 1472 canit,
1256 1443 1283 1467 ut
1306 1440 1392 1467 altero
1407 1438 1484 1466 initio
1512 1437 1594 1470 facto,
1625 1437 1738 1473 legenda
1759 1436 1814 1464 sint

1028 1487 1111 1514 verba
1127 1486 1160 1514 ab
1177 1487 1223 1513 illo
1238 1486 1299 1514 loco
1318 1496 1324 1513 :
1342 1495 1351 1511 ι
1375 1484 1447 1513 Deus
1473 1485 1507 1513 de
1529 1484 1659 1512 Tbaeman
1682 1482 1783 1513 veniet,
1801 1491 1810 1507 ι

1028 1538 1158 1569 tanquam
1172 1533 1195 1561 si
1210 1534 1237 1560 in
1247 1532 1484 1560 consummatione
1500 1531 1593 1559 saeculi
1606 1531 1665 1566 ipse
1680 1533 1814 1557 venturus

1029 1579 1065 1607 sit
1080 1580 1113 1607 ab
1131 1580 1175 1611 iis,
1189 1579 1234 1614 qui
1251 1579 1285 1606 ad
1311 1579 1447 1607 australes
1476 1578 1537 1605 cccli
1562 1582 1653 1612 partes
1677 1579 1812 1612 spectant.

188 1625 290 1653 Τοῦτον
307 1627 371 1661 γοῦν
386 1628 430 1654 τὸν
445 1628 628 1664 ἐπιϐεϐηκότα
641 1630 686 1657 ἐπὶ
701 1631 782 1658 ἵππον
798 1632 911 1668 πυρρὸν,
928 1634 974 1660 καὶ
988 1635 1009 1663 C
1026 1626 1166 1661 Ᾱοθίβίιυτ
1178 1625 1251 1653 ειιίῐη
1279 1625 1408 1652 Τ¹¹ω¹η³η
1427 1632 1476 1660 Pro
1497 1632 1530 1651 ⁸ο
1544 1623 1617 1659 quod
1641 1627 1683 1650 δεῖ
1707 1622 1813 1649 mm"-

188 1672 295 1710 ᾇοτῶτα
311 1673 363 1701 ἀνὰ
381 1674 462 1708 μέσον
483 1675 537 1701 τῶν
550 1676 634 1711 ὀρέων
650 1677 704 1703 τῶν
718 1678 883 1710 κατασκίων,
897 1679 976 1706 αὑτὸν

187 1717 309 1754 ἡγοῦμαι
322 1716 392 1745 εἶναι
405 1719 450 1745 τὸν
465 1720 494 1747 ὲν
506 1722 539 1756 τῇ
554 1722 622 1756 μετᾶ
637 1724 729 1758 χεῖρας
741 1723 902 1759 δηλούμενον
917 1733 977 1760 προ-

189 1763 300 1799 φητείᾳ,
309 1764 450 1800 φασκούσῃ
459 1765 503 1791 τὸν
513 1766 589 1799 ἅγιον
604 1765 678 1801 ἥξειν
689 1767 718 1800 ἐξ
732 1767 811 1802 ὅρους
820 1769 975 1801 κατασκίου,

187 1809 293 1842 δασέος.
304 1810 347 1836 Ἐν
363 1811 504 1846 ἑκατέροις
526 1812 591 1846 γοῦν
616 1813 665 1848 ὅρη
692 1814 826 1840 κατάσκια
843 1814 974 1841 λέλεκται·

189 1856 237 1882 καὶ
253 1855 373 1891 ἡγοῦμαι
387 1856 433 1883 τοῦ
454 1850 617 1892 παραδείσου
635 1858 681 1885 τοῦ
700 1859 767 1885 Θεοῦ
782 1860 934 1895 τυγχάνειν,
948 1861 977 1887 ὃν

188 1899 336 1934 ἐφύτευσεν
355 1902 384 1927 ὲν
406 1901 486 1937 Ἐδὲμ
498 1903 568 1929 κατὰ
582 1903 723 1935 ἀνατολὰς,
741 1904 756 1938 ἢ
776 1905 822 1930 καὶ
835 1904 884 1939 τῆς
897 1905 977 1931 ἐπου-

189 1946 283 1983 ρανίου
303 1947 495 1984 Ἰερουσαλήμ·
509 1949 561 1985 ὅρη
578 1949 632 1985 γὰρ
646 1950 737 1985 κύκλῳ
753 1951 847 1986 αὐτῆς,
865 1951 910 1977 καὶ
925 1947 978 1978 Κύ-

190 2001 248 2028 ριος
263 1992 354 2029 κύκλῳ
365 1994 412 2020 τοῦ
427 1994 491 2022 λαοῦ
506 1995 598 2022 αὑτοῦ.
611 1996 704 2023 Ταῦτα
716 1996 780 2030 γοῦν
790 1996 832 2023 διὰ
845 1997 874 2023 τὸ
887 1997 976 2034 πλήρη

187 2039 334 2080 τυγχάνειν
361 2039 440 2067 θείων
468 2042 608 2077 δυνάμεων
631 2043 677 2068 καὶ
698 2041 858 2077 πνευμάτων
881 2044 975 2076 ἁγίων,

187 2084 263 2111 ὡσὰν
275 2085 402 2120 σύμφυτα
414 2087 460 2112 καὶ
469 2087 770 2123 ἁμφιλαφῆηκατάσκια
781 2087 897 2122 λέγεται.
908 2088 976 2114 Ἀλλ’

187 2130 218 2158 ἑν
242 2131 292 2166 μὲν
307 2131 346 2167 τῷ
363 2133 485 2168 Ζαχαρία
501 2133 595 2168 σαφῶς
614 2134 684 2170 ἀνὴρ
705 2134 885 2170 ἐποχούμενος
902 2135 977 2170 ἵππῳ

189 2176 287 2212 ⁴κυῤῥῷ
303 2176 446 2212 θεωρεῖται
468 2178 552 2213 αὐτῷ,
567 2178 616 2213 τῆς
630 2178 676 2205 τόὖ
695 2180 819 2215 Σωτῆρος
840 2180 917 2215 ἡμῶν
936 2181 978 2206 ἐν·

188 2220 403 2258 ανθρωπήσεως,
421 2223 467 2249 καὶ
483 2223 533 2258 τῆς
549 2223 658 2259 σαρκὸς,
699 2225 871 2260 ἐπωχήσατο,
887 2225 978 2260 δηλου-

190 2266 426 2302 μένης.Ἑνταῦθα
451 2268 479 2295 δὲ
507 2269 608 2305 Κύριος
635 2271 681 2297 καὶ
710 2271 785 2305 ἅγιος
811 2272 974 2307 ὠνόμασται.

1027 1672 1161 1705 Quocirca
1182 1672 1354 1699 Theodotion
1381 1671 1414 1698 ad
1441 1671 1514 1698 hunc
1541 1671 1737 1705 interpretatus
1772 1670 1815 1696 est

1028 1719 1138 1746 modum
1157 1729 1163 1746 :
1188 1728 1197 1743 ι
1215 1718 1287 1746 Deus
1301 1718 1336 1745 ab
1350 1718 1450 1745 Austro
1477 1716 1576 1744 veniet.
1602 1725 1611 1741 ›
1627 1714 1703 1748 Quod
1723 1718 1814 1741 autem

1028 1765 1170 1799 sequitur:
1187 1774 1196 1789 ι
1217 1764 1250 1790 Ει
1264 1767 1376 1791 sanctus
1391 1763 1426 1790 de
1437 1766 1529 1790 monte
1539 1762 1670 1788 umbroso
1683 1760 1786 1788 denso:
1801 1769 1811 1785 ι

1027 1811 1129 1846 poteris
1141 1810 1302 1844 intelligere,
1318 1811 1341 1837 si
1355 1817 1416 1844 quae
1424 1810 1452 1836 in
1463 1808 1594 1836 Zacharia
1607 1808 1648 1835 sic
1660 1814 1690 1834 se
1701 1806 1813 1837 habent.

1027 1857 1186 1892 apposueris
1201 1864 1281 1884 voces
1297 1865 1303 1883 :
1321 1866 1330 1881 ι
1343 1855 1405 1882 Vidi
1419 1862 1466 1890 per
1482 1859 1601 1885 noctem,
1613 1857 1640 1881 et
1648 1860 1710 1880 ecce
1718 1852 1760 1879 vir
1770 1860 1813 1878 as-

1027 1904 1147 1932 cendens
1164 1911 1246 1938 super
1261 1910 1362 1938 equum
1391 1902 1494 1932 rufum,
1524 1904 1551 1928 et
1566 1900 1610 1927 hic
1631 1899 1721 1927 stabat
1743 1898 1815 1925 inter

1028 1954 1135 1977 montes
1162 1950 1306 1977 utnhrosos
1324 1948 1356 1975 ⁷⁸.
1377 1957 1386 1973 ι
1406 1947 1484 1974 llunc
1513 1946 1596 1981 igitur
1617 1945 1664 1980 qui
1691 1944 1814 1972 ascendit

1028 2005 1110 2032 super
1128 2004 1227 2032 equum
1243 1995 1346 2027 rufum,
1365 1998 1392 2022 et
1405 1993 1509 2021 insistit
1538 1993 1609 2020 inter
1626 1995 1734 2019 montes
1754 1998 1814 2018 um-

1027 2043 1135 2075 brosos,
1152 2042 1242 2077 ipsum
1255 2041 1330 2068 illum
1340 2044 1407 2075 puto
1421 2047 1483 2068 esse
1499 2039 1545 2074 qui
1561 2039 1588 2065 in
1604 2037 1732 2073 praesenti
1748 2045 1812 2072 pro-

1027 2088 1119 2123 phetia
1145 2087 1324 2123 signiﬁcatur,
1349 2093 1410 2120 quae
1436 2085 1485 2115 ait,
1503 2092 1512 2108 ‹
1529 2087 1653 2110 sanetum
1670 2086 1814 2108 venturum

1027 2134 1060 2161 de
1074 2138 1164 2161 monte
1181 2133 1310 2160 umbroso
1325 2131 1422 2159 denso.
1438 2141 1447 2156 ι
1462 2129 1542 2157 Certe
1549 2129 1693 2163 utrobique
1707 2132 1814 2154 montes

1027 2180 1150 2207 umbrosi
1166 2179 1317 2211 habentur;
1332 2183 1360 2205 et
1377 2177 1496 2204 arbitror
1511 2183 1572 2203 esse
1587 2183 1634 2203 eos
1647 2175 1673 2201 in
1688 2173 1815 2209 paradiso

1028 2226 1085 2259 Dei,
1114 2234 1194 2261 quem
1222 2225 1353 2260 plantavit
1383 2224 1411 2251 in
1435 2223 1509 2251 Eden
1538 2221 1572 2249 ad
1588 2222 1746 2253 Orientem;
1769 2223 1815 2246 aut

1028 2273 1108 2300 etiam
1125 2272 1195 2307 apud
1221 2272 1358 2298 cmlestem
1382 2269 1533 2297 Jerusalem
1548 2277 1554 2298 ;
1572 2271 1678 2294 montes
1696 2267 1768 2294 enim
1787 2266 1814 2292 in

195 2312 240 2345 Ὧς
255 2313 311 2350 γὰρ
331 2315 364 2341 ἐκ
384 2314 451 2342 Θεοῦ
468 2316 508 2347 εἰς
526 2316 687 2351 ἀνθρώπους
699 2317 747 2352 τὴν
761 2317 852 2352 ἄφιξιν
869 2327 976 2353 πεποιη-

1030 2319 1147 2346 circuitu
1174 2319 1245 2353 ejus,
1259 2321 1285 2344 et
1308 2316 1440 2343 Dominus
1455 2315 1482 2342 in
1499 2312 1616 2341 circuitu
1637 2313 1729 2348 populi
1759 2312 1812 2339 sui.

191 2358 275 2394 μίνος
289 2380 297 2392 ,
326 2361 373 2387 καὶ
399 2361 473 2388 ὠσάν
496 2363 528 2388 ἐκ
554 2362 607 2389 τῶν
629 2362 772 2399 θειοτέρων
794 2365 901 2400 χωρίων
923 2365 980 2391 ἐπι-

189 2406 343 2442 φοιτήσας,
367 2406 491 2441 λέγεται·
521 2417 531 2433 ‹
554 2409 582 2434 '0
607 2409 672 2440 Θεὸς
697 2410 751 2436 ἀπὸ
772 2410 878 2446 Θαιμὰν
900 2411 977 2446 ἥξει,

188 2451 239 2478 ’τοὶ
274 2453 289 2479 6
328 2454 407 2487 ἅγιος
445 2454 474 2485 ἐξ
508 2453 587 2489 ὅρους
632 2455 791 2488 κατασκίου,
823 2455 927 2488 δασέος.
967 2467 975 2483 ι

188 2494 257 2524 Εἶτα
270 2497 333 2533 ἑξῆς
347 2499 467 2533 ἐπιλέγει
515 2509 523 2524 ι
551 2499 698 2534 Ἐκάλυψεν
716 2501 845 2536 οὐρανοὺς
861 2503 877 2537 ἠ
894 2503 978 2539 ἀρετὴ

187 2543 289 2575 αὐτοῦ,
313 2544 360 2571 καὶ
383 2544 431 2579 τῆς
455 2545 584 2577 αἰνέσεως
609 2546 690 2572 αὑτοῦ
714 2546 846 2582 πλήρηςή
862 2548 911 2583 γῆ,
930 2549 976 2575 καὶ

188 2589 291 2624 φέγγος
302 2590 384 2617 αὑτοῦ
401 2591 438 2622 ὡς
455 2590 511 2626 φῶς
527 2591 612 2618 ἔσται.
627 2602 635 2616 ι
654 2592 692 2618 Δι’
708 2588 744 2618 ὧν
759 2592 776 2627 ἥ
792 2601 821 2619 τε
838 2594 878 2624 εἰς
893 2594 975 2630 οὐρα-

187 2635 251 2667 νοὺς
267 2635 370 2670 ἔνδοξος
385 2637 468 2663 αὑτοῦ
487 2637 609 2672 βασιλεία
625 2638 800 2674 παρίσταται,
815 2639 862 2666 καὶ
877 2641 894 2675 ἡ
909 2640 977 2675 μετὰ

187 2681 274 2708 ταῦτα
295 2683 428 2719 γενομένη
450 2692 478 2710 τε
500 2685 546 2710 καὶ
569 2685 615 2710 ἐπὶ
638 2685 727 2712 πλεῖον
749 2687 917 2722 γενησομένη
938 2688 976 2719 εἰς

188 2729 280 2755 πᾶσαν
293 2729 342 2765 τὴν
355 2730 407 2764 γῆν
424 2730 470 2765 τῆς
488 2731 551 2766 περὶ
574 2731 656 2758 αὐτοῦ
677 2732 850 2763 διδασκαλίας
863 2732 974 2765 αἴνεσις.

187 2773 226 2802 Τδ
241 2773 288 2806 δὲ,
303 2784 314 2800 ι
330 2775 441 2811 Κέρατα
457 2777 486 2802 ἐν
503 2778 562 2808 ταῖς
579 2778 670 2812 χερσὶν
685 2777 764 2804 αὐτοῦ
775 2798 782 2810 ,
805 2787 814 2803 ι
831 2778 879 2813 τῆς
898 2778 974 2813 βασι-

187 2817 263 2850 λείας
281 2820 363 2847 αὐτοῦ
383 2820 416 2847 τὰ
435 2821 555 2857 σύμϐολα
570 2822 662 2858 δηλοῖ¹
681 2823 714 2849 δι’
734 2819 771 2850 ὧν
788 2823 910 2859 κεράτων
926 2823 974 2856 τὰς

224 2908 246 2923 ⁷⁸
263 2907 345 2936 Zach.
359 2918 377 2942 ι,
395 2910 421 2937 8.

1029 2364 1061 2391 lli
1090 2372 1155 2400 ergo
1176 2369 1294 2394 montes,
1309 2362 1427 2397 eoquod
1452 2361 1551 2388 divinis
1582 2359 1763 2395 potestatibus
1788 2362 1815 2384 et

1029 2410 1132 2437 sanctis
1148 2409 1290 2444 spiritibus
1303 2407 1395 2435 referti
1412 2407 1477 2438 sint,
1493 2406 1573 2441 quasi
1587 2405 1686 2432 consiti
1699 2408 1726 2431 et
1741 2404 1815 2438 large

1028 2455 1071 2482 his
1083 2455 1274 2485 exuberantes,
1289 2453 1410 2481 mnbrosi
1436 2452 1574 2479 dicuntur.
1595 2451 1627 2478 Et
1642 2452 1668 2478 in
1682 2450 1812 2477 Zacharia

1028 2501 1137 2536 quidem
1151 2500 1229 2534 plane
1243 2500 1284 2527 vir
1295 2500 1429 2531 cernitur,
1445 2499 1491 2533 qui
1502 2505 1574 2533 equo
1586 2497 1648 2525 rufo
1665 2497 1811 2527 invehitur.

1030 2553 1092 2574 cum
1115 2546 1152 2573 sit
1165 2546 1273 2572 interim
1298 2544 1449 2572 Salvatoris
1467 2544 1564 2576 nostri,
1587 2548 1614 2570 et
1631 2543 1751 2570 humana
1769 2550 1813 2569 as-

1030 2582 1146 2626 sumpta.
1163 2597 1270 2622 natura,
1289 2595 1316 2618 et
1330 2598 1431 2627 corpus
1447 2597 1500 2624 quo
1512 2589 1591 2624 quasi
1605 2589 1731 2616 vehiculo
1753 2592 1813 2614 ute-

1031 2639 1121 2670 batur,
1152 2638 1325 2670 declaretur;
1342 2641 1369 2663 at
1382 2637 1428 2664 hic
1444 2636 1514 2663 Deus
1531 2639 1557 2663 et
1590 2639 1701 2662 sanctus
1725 2634 1813 2661 nomi-

1030 2688 1112 2712 natus
1126 2687 1177 2712 est.
1194 2683 1334 2718 Tanquam
1360 2683 1433 2711 enim
1449 2683 1472 2710 is
1487 2681 1534 2717 qui
1557 2688 1571 2707 a
1587 2681 1642 2708 Deo
1667 2680 1701 2707 ad
1725 2680 1814 2707 homi-

1029 2738 1078 2758 nes
1104 2730 1287 2757 deseensurus
1313 2732 1398 2761 esset,
1424 2733 1450 2756 et
1476 2732 1606 2762 tanquam
1639 2725 1673 2753 de
1699 2725 1813 2752 divinio‘

1027 2777 1103 2805 ribus
1119 2777 1186 2804 locis
1204 2776 1394 2811 profecturus,
1423 2774 1524 2802 dicitur
1550 2774 1621 2800 Deus
1637 2771 1671 2799 de
1684 2770 1814 2799 Thamar.

1027 2827 1174 2857 venturus,
1198 2827 1224 2851 et
1249 2825 1360 2851 sanctus
1386 2821 1419 2849 de
1445 2825 1536 2848 monte
1563 2819 1692 2846 umbroso
1717 2816 1811 2846 dendo,
