2084 3216
279 198 331 224 41.7

612 193 746 223 EUSEBII
765 190 1002 220 C/ESARIENSIS
1021 190 1095 218 OPP.
1115 189 1204 217 PARS
1223 189 1256 217 ll.
1275 205 1309 210 —
1329 189 1576 218 APOLOGETICA.

1851 189 1902 219 με

278 258 358 292 281
375 257 506 291 Deinceps
522 254 664 289 adjungit:
685 262 693 278 ι
710 252 858 287 Coopernit
875 251 959 278 caelos
974 250 1053 276 virtu:

1114 250 1246 285 ἀοράτους
1263 250 1309 276 καὶ
1325 248 1514 283 ἀντικειμένας
1539 248 1666 283 δυνάμεις
1683 246 1842 282 ὠθούμενος
1852 247 1902 273 καὶ

277 305 348 338 ejus.
360 309 386 330 et
398 302 486 330 laudis
500 303 560 336 ejus
575 301 653 335 plena
671 303 712 326 est
726 304 810 329 terra,
821 301 848 324 et
861 295 990 332 splendor
1000 295 1060 330 ejus

277 353 307 376 ut
325 350 414 376 lumen
428 348 489 375 erit.
507 357 516 372 ι
534 345 639 379 Quibus
650 345 743 379 utique
757 343 859 373 verbis,
871 342 952 370 simul
965 345 991 368 et
1001 341 1060 376 glo-

276 397 377 424 riosum
400 395 460 429 ejus
489 395 517 422 in
543 394 613 422 cmlo
630 400 744 428 regnum
767 391 933 423 ostenditur,
957 394 984 417 et
999 397 1060 424 qua:

276 443 391 478 posthac
408 442 499 469 futura
515 446 566 473 est,
583 440 746 474 longiusque
761 439 902 468 duratura,
929 441 1010 471 atque
1031 436 1059 462 in

275 496 382 516 omnem
397 491 497 515 terram
520 489 706 522 penetratura,
723 484 866 515 doctrinae,
883 490 943 518 qum
962 482 996 509 de
1012 481 1059 507 illo

276 534 372 564 t'ertur,
389 533 517 560 laudatio.
529 531 596 559 Illud
612 535 722 558 autem:
743 540 752 556 ‹
771 530 881 557 Cornua
894 529 920 555 in
931 527 1058 555 manibus

275 581 345 615 ejus.
368 589 376 605 ι
396 579 471 614 regni
487 579 547 613 ejus
564 577 679 612 insignia
695 581 721 604 et
738 580 818 603 notas
834 573 980 609 signiﬁcat,
996 573 1058 607 qui-

274 626 325 653 bus
349 625 489 656 cornibus,
515 624 666 651 invisibiles
682 629 763 657 atque
778 621 956 648 adversantes
978 622 1056 653 pote-

273 675 358 698 states
374 671 519 705 repellens,
535 674 562 697 et
576 670 662 697 victas
684 669 812 696 obtinens
843 667 938 701 abigit.
955 665 1058 692 Ordine

273 718 315 745 bis
328 718 457 752 deinceps
472 717 596 752 adjnngit
609 725 615 742 :
633 726 642 740 ι
660 715 692 742 Ει
703 714 795 750 posuit
809 713 982 740 dilectionem
1002 710 1057 737 for-

271 767 326 791 tem
343 763 450 790 roboris
475 763 528 790 sui.
556 772 565 787 ι
589 762 621 788 Et
645 768 711 788 sane
726 759 893 787 vehementis
905 756 1057 784 atTeetiouis

271 810 331 846 ejus
348 817 379 836 ac.
395 808 550 836 dilectionis
565 815 628 842 erga
654 807 779 834 homines
808 805 938 832 indicium
971 803 1057 829 maxi-

271 864 345 884 mum
362 855 456 887 fuerit,
467 854 539 889 quod
563 858 625 880 ante
652 852 747 880 faciem
761 852 821 886 ejus
837 849 980 878 incesserit
993 856 1055 875 ver-

271 902 335 929 bum
362 901 439 934 illud,
468 900 594 927 videlicet
610 899 729 926 salutare
755 903 836 932 atque
857 895 1054 931 evangelicum,

1112 295 1271 330 κερατίζων,
1290 294 1445 321 ἀπελαύνει.
1470 293 1634 325 ’Λκολοὺθως
1651 292 1752 324 τούτοις
1767 292 1900 325 ἐπιλέγει,

1113 353 1122 367 ‹
1144 343 1198 368 Καὶ
1224 342 1299 368 ἔθετο
1326 342 1464 376 ἀγάπησιν
1497 340 1629 376 κραταιὰν
1657 339 1747 374 ἰσχύος
1775 339 1865 366 αὑτοῦ.
1889 348 1899 365 ›

1111 387 1165 414 Καὶ
1192 387 1241 422 τῆς
1268 395 1300 421 γε
1332 388 1371 418 εἰς
1399 385 1559 422 ἀνθρώπους
1587 386 1720 421 κραταιᾶς
1753 384 1902 414 διαθέσεως

1111 433 1213 465 αὐτοῦ,
1240 434 1287 460 καὶ
1319 433 1428 468 ἀγάπης
1456 433 1555 467 δεῖγμα
1585 432 1710 466 μέγιστον
1731 428 1764 465 ἦν
1790 430 1820 456 τὸ
1846 430 1901 465 πρὸ

1110 478 1255 515 προσώπου
1287 478 1369 504 αὑτοῦ
1399 477 1564 514 πορευθῆναι
1584 477 1678 510 λόγον,
1712 475 1831 510 δηλονότι
1853 475 1900 500 τὸν

1110 526 1241 562 σωτήριον
1258 525 1304 552 καὶ
1319 524 1510 559 εὐαγγελικὸν,
1527 523 1668 555 ἐξελθόντα
1685 530 1714 548 τε
1728 521 1822 548 τοῦτον
1838 521 1899 547 δια-

1108 572 1220 608 δραμεῖν
1241 571 1281 602 ei;
1297 570 1375 597 πεδὶα
1387 591 1394 602 ,
1410 570 1479 596 ὥστε
1497 571 1525 596 ὲν
1541 569 1625 604 ὀλίγῳ
1642 570 1732 595 πᾶσαν
1755 567 1899 603 πληρῶσαι

1107 618 1156 653 τὴν
1169 617 1328 652 οἰκουμένην
1341 616 1391 651 τῆς
1405 615 1449 642 ὑπ’
1467 615 1548 641 αὐτοῦ
1573 613 1782 649 προξενηθείσης
1798 613 1900 639 ἅπασιν

1108 661 1260 697 ἀνθρώποις
1279 660 1412 696 σωτηρίας
1426 681 1432 692 ,
1455 659 1608 690 ἀκολούθως
1628 661 1660 694 τῇ
1678 658 1829 694 προςπτείξ
1845 666 1899 692 φη-

1108 709 1178 744 σάσῃ
1188 717 1195 723 υ
1213 718 1222 733 ‹
1243 707 1299 743 Πρὸ
1314 707 1458 742 προσώπου
1473 706 1554 732 αὑτοῦ
1568 705 1786 742 προπορεύσεται
1802 704 1896 738 λόγος,

1107 755 1153 781 καὶ
1169 753 1336 787 ἐξελεύσεται
1359 754 1399 784 εἰς
1420 753 1506 780 πεδία.
1529 762 1537 777 ι
1562 751 1640 778 Κατὰ
1656 752 1705 786 τὴν
1721 750 1850 785 δευτέραν
1869 749 1897 775 δὲ

1107 799 1189 826 αὐτοῦ
1223 798 1374 833 παρουσίαν
1385 818 1392 829 ,
1421 789 1460 824 ἔτί
1485 797 1583 833 μᾶλλον
1598 803 1600 805 ’
1615 797 1661 823 καὶ
1688 796 1852 832 κυριώτερον
1882 794 1897 820 ὁ

1106 846 1191 880 Λόγος
1202 844 1284 871 αὐτοῦ
1305 845 1391 879 πέρας
1415 845 1540 879 ἐπιθήσει
1558 845 1614 875 τοῖς
1633 851 1662 869 τε
1683 841 1838 877 εἰρημένοις
1851 840 1898 866 καὶ

1106 893 1161 924 τοῖς
1177 891 1240 927 ἑξῆς
1255 890 1472 926 ἐπιφερομένοις,
1486 890 1503 916 ἃ
1520 890 1567 916 καὶ
1579 889 1609 916 οὐ
1620 889 1667 916 νῦν
1684 887 1818 921 ἐξετάζειν
1835 895 1897 913 και-

271 947 343 983 quod
359 948 440 975 etiam
455 954 596 981 egressum
619 944 785 980 percurrerit
799 950 921 977 campos,
940 941 1007 968 adeo
1024 944 1054 967 nt
1071 931 1090 958 Β
1107 939 1161 978 ρός.

270 995 344 1022 brevi
361 999 480 1029 tempore
499 997 585 1020 totum
599 993 693 1020 orbem
715 996 849 1018 terrarum
873 998 914 1023 ea,
930 997 990 1024 qua:
1005 995 1052 1023 per
1071 987 1160 1022 ipsum
1175 987 1302 1012 omnibus
1315 983 1471 1011 hominibus
1482 983 1626 1010 conciliata
1655 982 1700 1014 sit,
1731 981 1819 1009 salute
1846 980 1898 1007 im-

271 1042 394 1077 pleverit,
409 1028 586 1076 eortiprobata
601 1040 661 1074 ejus
679 1039 827 1075 proplietim
847 1037 973 1069 veritate,
990 1044 1050 1071 qua:
1068 1035 1125 1062 ait:
1156 1043 1165 1059 ε
1187 1033 1257 1060 Ante
1274 1033 1369 1059 faciem
1386 1032 1447 1065 ejus
1471 1031 1519 1058 ibit
1535 1031 1659 1061 verbum,
1685 1033 1713 1057 et
1742 1028 1899 1062 egredietur

270 1089 296 1115 in
315 1095 436 1123 campos.
455 1097 463 1113 ι
484 1087 512 1114 1η
532 1086 653 1114 secundo
671 1073 761 1112 autem
783 1084 906 1119 ejusdem
921 1083 1052 1113 adventu,
1074 1080 1192 1114 amplius
1221 1086 1328 1114 quoque
1345 1085 1377 1104 ac
1404 1077 1489 1112 magis
1507 1077 1614 1111 proprie
1638 1075 1756 1103 Verbum
1779 1073 1838 1109 ejus
1869 1074 1897 1099 el

269 1136 312 1162 his
327 1119 386 1170 qua;
407 1135 479 1162 dicta
506 1138 571 1162 sunt
592 1137 618 1160 et
635 1134 668 1160 iis
683 1140 743 1168 quae
757 1132 886 1166 deinceps
901 1132 1063 1165 sequuntur,
1085 1126 1164 1153 tinem
1183 1126 1312 1160 imponet,
1338 1123 1439 1159 quibus
1455 1127 1526 1150 nunc
1555 1121 1730 1156 explorandis
1752 1125 1834 1155 atque
1851 1119 1897 1145 in-

268 1181 400 1216 dagandis
412 1184 520 1214 tempus
535 1187 589 1206 non
601 1178 689 1205 adest.

553 1254 667 1283 CAPUT
686 1254 757 1281 XVI.

268 1314 288 1341 Α
307 1313 492 1340 Zucharia.—
503 1310 731 1344 Quemadinorlmn
748 1310 874 1336 Dominus
890 1308 1052 1341 omnipotens

304 1350 444 1382 conﬁtetur
460 1356 486 1374 se
502 1347 622 1377 ntiasmn,
645 1351 673 1372 ut
700 1345 804 1380 auferat
818 1353 860 1375 ea,
881 1352 940 1378 quo:
957 1344 1051 1370 vitiosa

301 1385 364 1412 sint.

306 1461 315 1478 ι
337 1451 397 1479 llzec
412 1451 478 1478 dicit
494 1451 625 1478 Dominus
640 1449 830 1483 omnipotens:
847 1447 912 1474 Post
936 1446 1049 1482 gloriam

268 1499 342 1526 misit
359 1505 401 1525 me
417 1497 450 1524 ad
467 1501 572 1532 gentes.
597 1504 657 1531 qua:
682 1494 867 1530 spoliaverunt
886 1501 934 1520 vos
955 1502 962 1519 :
979 1500 1048 1528 quo-

268 1546 340 1572 niam
358 1544 404 1579 qui
420 1543 506 1578 tangit
523 1551 581 1575 vos,
603 1542 681 1577 quasi
700 1541 722 1570 is
738 1542 784 1577 qui
810 1541 896 1575 tangit
919 1540 1048 1575 pupillam

267 1591 338 1618 oculi
355 1590 414 1625 ejus
433 1600 440 1617 :
463 1590 526 1624 quia
551 1597 615 1616 ecce
640 1588 724 1616 aﬂ'ero
739 1596 848 1615 manum
864 1595 951 1614 meam
969 1594 1052 1622 super

269 1635 343 1670 ipsos
360 1645 365 1662 :
383 1639 408 1661 et
419 1639 498 1662 erunt
512 1634 598 1669 spolia
615 1634 648 1661 iis
671 1633 717 1668 qui
732 1633 877 1660 servierint
890 1633 941 1664 eis,
961 1635 987 1659 et
1004 1639 1049 1659 co-

267 1682 403 1716 gnoscetis
421 1681 492 1716 quod
511 1680 642 1706 Dominus
653 1680 825 1715 omnipotens
842 1679 916 1706 misit
933 1687 976 1706 me
986 1679 1019 1705 ⁷⁵.
1038 1688 1047 1703 ι

267 1726 327 1761 Ipse
343 1726 473 1753 Dominus
499 1726 673 1760 omnipotens
693 1725 720 1752 in
741 1725 784 1752 his
799 1725 917 1759 seipsum
935 1725 1049 1751 missum

265 1781 327 1800 esse
349 1773 396 1803 ait,
419 1776 445 1800 et
461 1772 587 1807 quisnam
600 1772 623 1799 is
639 1772 684 1802 sit,
701 1771 747 1806 qui
764 1772 880 1803 miserit,
896 1772 986 1805 docet,
1005 1771 1049 1798 ubi

265 1820 323 1846 ait:
345 1829 354 1844 ι
382 1819 414 1845 Et
436 1818 608 1853 cognoscetis
629 1819 700 1853 quod
731 1818 862 1845 Dominus
879 1819 1051 1852 omnipotens

267 1865 342 1892 misit
355 1873 407 1892 me.
428 1874 436 1891 ι
457 1864 540 1900 Igitur
558 1864 641 1892 etiam
663 1865 715 1891 hoc.
738 1865 796 1891 loco
819 1864 887 1891 duos
907 1864 1050 1899 perspicue

267 1911 362 1941 babes,
375 1912 420 1945 qui
431 1914 524 1938 eadem
541 1916 652 1938 utantur
664 1911 856 1946 appellatione,
872 1918 956 1938 unum
976 1918 1048 1942 eum,

266 1957 311 1991 qui
322 1957 394 1983 misit
406 1956 548 1983 Dominum
560 1958 780 1992 omnipotentem,
794 1957 907 1984 alterum
917 1964 989 1986 eum.
1003 1956 1048 1990 qui

266 2003 393 2035 mittitur,
410 2003 531 2037 ejusdem
548 2011 609 2030 cum
626 2011 659 2030 eo
674 2003 719 2038 qui
736 2003 810 2031 misit
826 2004 952 2030 nominis.
969 2003 1049 2037 282

266 2050 352 2083 Quem
370 2057 452 2085 porro
474 2050 556 2076 alium
583 2049 684 2076 dixeris
701 2057 763 2076 eum
784 2049 829 2084 qui
853 2049 978 2079 mittitur,
996 2049 1048 2075 nisi

266 2103 327 2123 cum
343 2103 421 2130 quem
438 2099 500 2122 ante
522 2103 572 2122 nos
597 2096 719 2130 plurilms
745 2095 939 2131 appellavimus
964 2093 1048 2122 Deum

267 2142 396 2174 Verbum,
414 2142 459 2177 qui
483 2150 496 2168 a
513 2141 593 2169 Patre
611 2143 724 2170 missum
745 2151 774 2169 se
789 2142 945 2175 conﬁtetur,
960 2145 987 2168 et
1001 2142 1047 2176 qui

265 2187 409 2214 manifeste
422 2187 510 2214 dixit:
530 2197 538 2212 ι
558 2187 623 2214 Post
645 2188 757 2222 gloriam
776 2188 851 2215 misit
866 2196 919 2219 me,
943 2199 952 2214 ι
981 2187 1047 2214 illud

265 2234 373 2260 interim
389 2233 555 2268 signiﬁcans,
570 2233 642 2268 quod
658 2233 703 2268 qui
720 2236 798 2260 antea
815 2233 896 2260 fuerit
913 2234 938 2260 in
960 2234 1045 2268 gloria
1062 2252 1083 2279 Β

265 2281 335 2315 apud
365 2279 498 2311 Patrem,
534 2283 626 2313 postea
661 2279 761 2306 missus
798 2280 833 2306 sit
866 2279 899 2306 ad
932 2283 1044 2314 gentes,

264 2335 324 2361 qure
342 2326 519 2361 spoliaverint
532 2325 676 2352 vos?Cum
687 2325 757 2352 enim
771 2325 803 2352 ad
821 2334 867 2353 eas
880 2330 975 2360 gentes
986 2334 1046 2361 (pla:

263 2371 340 2407 prius
357 2371 456 2406 populo
475 2370 520 2397 Dei
544 2370 664 2397 adversm
691 2370 860 2405 inimiezequc
876 2375 964 2402 erant,
980 2371 1046 2398 mis-

263 2427 323 2445 sum
340 2418 375 2445 sit
390 2417 435 2444 Dei
455 2416 582 2448 Verbum,
598 2417 647 2444 has
664 2417 737 2451 ipsas
761 2417 812 2444 sibi
838 2417 889 2452 ipsi
918 2417 1044 2452 subjecit,

263 2464 371 2491 easdem
391 2471 438 2499 per
451 2471 516 2491 suos
535 2463 685 2497 discipulos
697 2463 878 2497 deprmdatus.
890 2464 936 2499 qui
955 2465 1044 2499 portio

263 2511 384 2544 quatiam
404 2514 482 2537 erant
498 2510 570 2537 illius
586 2510 678 2545 populi
695 2511 740 2544 qui
757 2511 790 2536 ad
807 2510 1045 2538 circumcisionem

263 2556 388 2590 pertinet,
403 2563 482 2590 quem
505 2555 641 2590 quondam
668 2555 695 2582 in
712 2555 869 2582 servitutem
883 2555 1045 2590 redegerunt!

263 2603 366 2633 gentes,
385 2608 444 2634 qure
460 2601 548 2633 ipsum
572 2601 647 2627 illum
665 2608 715 2628 suo
739 2600 946 2628 simulacrorum
969 2602 1043 2628 cultu

263 2645 423 2680 deprzedalal
436 2646 554 2674 fuerunt.
573 2645 635 2673 Haec
652 2646 735 2682 igitur
754 2654 883 2681 paSSuras
897 2647 963 2674 dicit
976 2655 1044 2682 gen-

264 2697 304 2718 tes
320 2700 388 2727 quas
401 2693 545 2724 disposuit.
564 2693 641 2719 Sient
663 2693 735 2720 enim
764 2693 815 2719 illm
841 2693 971 2728 populum
998 2692 1044 2720 Dei

265 2744 278 2762 a
291 2738 374 2771 patria
388 2738 486 2772 pietate
500 2746 531 2764 ac
547 2738 676 2771 religione
691 2742 853 2770 avertentes,
870 2739 955 2773 spolia
980 2746 1044 2773 pro-

265 2782 332 2816 priis
346 2782 513 2810 dzemonibus
539 2783 616 2810 facta).
630 2788 704 2816 sunt,
732 2785 767 2812 ita
783 2785 947 2820 quandoque
961 2786 1043 2812 etiam

264 2827 329 2863 ipsae
340 2828 428 2863 patrio
443 2829 650 2856 simulacrorum
668 2831 741 2857 cultu
759 2831 793 2858 ab
806 2831 838 2858 iis
853 2832 898 2866 qui
911 2831 979 2866 ipsis
993 2839 1042 2858 an-

298 2906 320 2922 "
333 2905 412 2933 Zach.
425 2913 455 2938 tl,
469 2906 494 2939 8,
511 2906 526 2932 9

1356 1221 1554 1248 ΚΕΦΑΛΛΙΟΝ
1576 1220 1635 1254 ις’.

1109 1281 1180 1308 Ἀπὸ
1203 1279 1254 1306 τοῦ
1278 1279 1437 1313 Ζαχαρίου.
1461 1293 1494 1297 --
1524 1278 1572 1310 Ὧς
1587 1278 1602 1303 ὁ
1620 1277 1725 1309 Κύριος
1745 1278 1762 1303 ό
1785 1285 1894 1313 παντρ-

1138 1315 1249 1349 κράτωρ
1264 1312 1403 1348 (ﬁn/ntere!"
1415 1315 1462 1347 ὑφ’
1483 1313 1585 1349 ὲπέιιου
1601 1312 1710 1349 Rupqu
1726 1312 1893 1345 παιγνιώ-

1138 1347 1225 1384 tepor:
1238 1347 1286 1377 ἐπὶ
1303 1349 1470 1383 καθαιρέσει
1488 1347 1545 1375 τῶν
1559 1348 1683 1381 φαύλων
1695 1347 1891 1374 ἀπεστάλθαι.

1143 1418 1152 1434 ι
1170 1408 1238 1435 Τάδε
1255 1408 1328 1442 λέγει
1345 1407 1445 1443 Κύριος
1459 1404 1655 1441 παντοκράτωρ
1666 1413 1672 1419 ·
1698 1405 1800 1431 Ὀπίσω
1815 1405 1894 1438 δόξης

1104 1455 1257 1482 ἀπέσταλκέ
1280 1462 1312 1489 με
1330 1454 1376 1480 ἐπὶ
1398 1454 1432 1480 τὰ
1451 1452 1513 1487 ἔθνη
1526 1473 1533 1485 ,
1551 1451 1585 1478 τὰ
1600 1450 1785 1478 σκυλεύσαντα
1799 1451 1871 1486 ὑμᾶς
1883 1458 1891 1465 ο

1102 1501 1167 1528 διότι
1181 1502 1194 1528 ό
1208 1501 1358 1535 ἁπτόμενος
1375 1499 1450 1534 ὑμῶν
1461 1519 1468 1530 ,
1483 1499 1520 1530 ὼς
1534 1499 1548 1524 ό
1566 1498 1717 1532 ἁπτόμενος
1738 1497 1786 1532 τῆς
1807 1497 1892 1532 κόρης

1102 1545 1148 1571 τοῦ
1172 1544 1311 1579 ὀφθαλμοῦ
1332 1543 1423 1571 αὑτοῦ.
1446 1542 1518 1569 Διότι
1540 1542 1594 1569 ἰδοὺ
1615 1541 1670 1576 ἐγὼ
1693 1542 1816 1575 ἐπιφέρῃ)
1842 1541 1891 1576 τὴν

1065 1578 1085 1606 C
1103 1591 1182 1627 χεῖρὰ
1196 1600 1246 1626 μου
1260 1591 1302 1617 ἐπ’
1315 1591 1416 1621 αὐτοῖς,
1431 1590 1476 1616 καὶ
1493 1589 1599 1615 ἔσονται
1617 1588 1701 1614 σκῦλα
1717 1589 1773 1619 τοῖς
1788 1587 1894 1614 δουλεύ-

1102 1646 1182 1664 σασιν
1214 1638 1320 1668 αὐτοῖς,
1346 1637 1394 1663 καὶ
1422 1635 1577 1670 γνώσεσθε,
1599 1635 1639 1660 ὄτι
1665 1634 1766 1670 Κύριος
1794 1642 1891 1660 παντο-

1101 1683 1210 1718 κράτωρ
1229 1681 1412 1715 ὲξαπέσταλκέ
1436 1689 1479 1716 με.
1501 1690 1509 1706 ι
1533 1680 1634 1716 Κύριος
1659 1680 1738 1711 αὐτὸς
1760 1681 1774 1706 ὁ
1791 1687 1890 1706 παντο-

1101 1729 1207 1765 κράτωρ
1223 1729 1251 1754 ἐν
1266 1727 1369 1759 τούτοις
1387 1727 1481 1753 ἑαυτὸν
1501 1726 1665 1753 ἀπεστάλθαι
1683 1725 1749 1761 φησὶ
1760 1745 1767 1756 ,
1783 1725 1829 1751 καὶ
1845 1725 1890 1751 τὸν

1101 1775 1310 1804 ἀποστείλαντα,
1341 1774 1414 1805 ὅστις
1436 1773 1490 1808 εἴη,
1517 1773 1636 1799 διδάσκει
1672 1771 1778 1805 λέγων’
1803 1780 1812 1796 ι
1835 1771 1889 1797 Καὶ

1100 1820 1256 1856 γνώσεσθε,
1282 1821 1323 1846 ὅτι
1349 1819 1450 1854 Κύριος
1478 1819 1674 1854 παντοκράτωρ
1705 1816 1889 1850 ἐξαπέσταλκέ

1101 1877 1144 1903 με.
1163 1878 1172 1893 ›
1195 1867 1298 1894 Οὐκοῦν
1325 1867 1370 1894 καὶ
1390 1865 1505 1893 ἐνταῦθα
1525 1865 1572 1892 δύο
1596 1864 1690 1898 σαφῶς
1713 1864 1785 1898 ἔχεις
1799 1883 1806 1894 ,
1840 1864 1889 1899 μιᾷ

1100 1913 1254 1949 χρωμένους
1270 1912 1450 1948 προσηγορίᾳ,
1464 1911 1508 1938 τόν
1525 1920 1554 1937 τε
1574 1911 1771 1938 ἀποστείλαντα
1786 1910 1890 1945 Κύριον

1101 1959 1319 1994 παντοκράτορα,
1333 1958 1380 1985 καὶ
1394 1957 1438 1985 τὸν
1450 1957 1689 1992 ἀποστελλόμενον,
1697 1955 1840 1991 ὁμώνυμον
1849 1956 1888 1990 τῷ

1100 2005 1300 2032 ἀποστείλαντι.
1318 2005 1383 2043 Τίνα
1397 2004 1418 2030 δ’
1435 2004 1467 2030 ἂν
1483 2003 1576 2038 ἕτερον
1590 2002 1675 2034 εἴποις
1693 2002 1739 2028 τὸν
1754 2002 1887 2028 ἀποστελ-

1099 2051 1223 2086 λόμενον,
1247 2051 1262 2086 ἦ
1286 2051 1330 2077 τὸν
1357 2050 1400 2077 διὰ
1424 2050 1555 2076 πλειόνων
1578 2050 1641 2084 ἡμῖν
1652 2048 1888 2083 προηγορευμένον

1099 2098 1164 2124 Θεὸν
1189 2098 1291 2132 Λόγον,
1314 2097 1380 2133 πρὸς
1403 2096 1449 2123 τοῦ
1470 2096 1576 2131 Πατρός
1600 2094 1768 2121 ἀπεστάλθαι
1792 2094 1887 2129 ὁμολο-

1099 2144 1215 2179 γοῦντα,
1235 2143 1326 2178 σαφῶς
1342 2143 1369 2168 δὲ
1404 2142 1550 2178 εἰρηκότα,
1577 2151 1586 2167 ι
1613 2140 1713 2167 Ὀπίσω
1735 2139 1811 2174 δόξης
1834 2140 1887 2166 ἀπ-

1098 2190 1211 2217 έσταλκε
1230 2199 1273 2224 με,
1291 2199 1299 2215 ι
1319 2189 1458 2223 δηλοῦντα,
1475 2189 1516 2214 ὅτι
1529 2187 1712 2223 προῦπάρχων
1732 2187 1760 2213 ὲν
1776 2186 1839 2221 δόξῃ
1852 2187 1884 2220 τῇ

1100 2237 1174 2271 παρὰ
1188 2235 1227 2270 τῷ
1242 2236 1338 2270 [lat-.91,
1359 2235 1427 2270 μετὰ
1440 2234 1524 2261 ταῦτα
1538 2235 1691 2261 ἀπέσταλτο
1707 2233 1753 2260 ἐπὶ
1767 2233 1800 2260 τὰ
1823 2233 1887 2267 ἔθνη

1098 2282 1132 2308 τὰ
1164 2281 1347 2308 σκυλεύσαντα
1379 2281 1468 2315 ὑμᾶ;;
1493 2280 1554 2306 Ἐπὶ
1575 2279 1628 2316 γὰρ
1643 2279 1677 2306 τὰ
1694 2279 1824 2315 πρότερον
1840 2280 1886 2314 εχ-

1098 2328 1148 2364 θρὰ
1170 2329 1216 2354 καὶ
1238 2327 1354 2362 πολέμια
1380 2326 1426 2353 τοῦ
1443 2326 1508 2353 λαοῦ
1528 2326 1573 2352 τοῦ
1595 2325 1661 2352 Θεοῦ
1680 2325 1742 2360 ἔθνη
1766 2325 1887 2351 ἀποστα-

1097 2374 1153 2405 λεὶς
1171 2375 1185 2400 ὁ
1205 2373 1250 2400 τοῦ
1275 2373 1341 2399 θεοῦ
1364 2372 1447 2406 Λόγος
1459 2392 1466 2403 ,
1484 2371 1560 2398 ταῦθ’
1579 2373 1623 2406 ὑφ’
1638 2372 1732 2398 ἑαυτὸν
1754 2370 1884 2405 ἡγάγετος

1098 2420 1247 2450 σκυλεύσας
1258 2419 1326 2445 αὐτὰ
1336 2419 1378 2445 διὰ
1392 2419 1445 2445 τῶν
1457 2419 1539 2446 αὐτοῦ
1555 2418 1693 2454 μαθητῶν,
1706 2418 1804 2449 οἵτινες
1815 2415 1884 2452 ἦσαν

1100 2467 1181 2502 μέρος
1197 2466 1242 2492 τοῦ
1256 2467 1288 2492 ὲκ
1306 2466 1456 2501 περιτομῆς
1471 2465 1547 2496 λαοῦ,
1563 2466 1652 2492 ὅντινα
1669 2465 1751 2491 πάλαι
1768 2464 1883 2490 V1115:-

1097 2512 1227 2538 δούλωντο
1240 2511 1272 2537 τὰ
1283 2511 1356 2546 ἔθνη,
1372 2510 1556 2537 σκυλεύσαντα
1567 2510 1647 2537 αὑτὸν
1662 2511 1694 2545 τῇ
1710 2509 1883 2545 οἶκείᾳείδω-

1098 2557 1248 2594 λολατρείᾳ.
1268 2556 1346 2583 Τοῦτ’
1361 2555 1406 2583 οὖν
1422 2565 1488 2592 φησι
1506 2555 1646 2583 πείσεσθαι
1663 2556 1696 2583 τὰ
1713 2556 1776 2590 ἔθνη
1787 2578 1793 2587 ,
1812 2556 1885 2591 ἅπερ

1096 2601 1269 2629 διατέθεικεν.
1285 2602 1328 2633 Ὠς
1339 2602 1392 2637 γὰρ
1400 2601 1445 2628 τὸν
1458 2601 1521 2628 λαὸν
1537 2601 1582 2628 τοῦ
1598 2601 1676 2633 Θεοῦ,
1691 2602 1739 2637 τῆς
1754 2600 1885 2637 πατρῴας

1097 2648 1236 2680 εὐσεϐείας
1253 2648 1481 2683 μεταστησάμενα
1491 2668 1497 2679 ,
1513 2647 1598 2674 σκῦλα
1614 2648 1670 2678 τοῖς
1685 2647 1760 2678 ἰδίοις
1774 2647 1884 2681 δαίμοσι

1099 2694 1298 2729 κατεστήσατο,
1329 2693 1398 2720 οὕτω
1425 2693 1488 2719 ποτὲ
1521 2693 1567 2720 καὶ
1584 2693 1652 2719 αὐτὰ
1674 2693 1724 2728 τῆς
1747 2692 1883 2727 πατρικῆς

1098 2739 1315 2775 εἱδωλολατρείας
1329 2739 1396 2774 πρὸς
1412 2739 1465 2765 τῶν
1481 2739 1563 2765 πάλαι
1573 2739 1781 2765 δεδουλευκότων
1790 2739 1882 2770 αὐτοῖς

1099 2784 1318 2821 σκυλευθήσεται,
1330 2786 1376 2811 καὶ
1387 2785 1438 2811 ὑπὸ
1451 2785 1495 2811 τον
1511 2784 1593 2818 ζυγὸν
1605 2785 1654 2819 τῆς
1665 2784 1725 2810 καθ’
1743 2783 1882 2819 Ἐϐραίους

1096 2831 1235 2863 εὐσεεεεας
1260 2832 1467 2866 μεταστήσεται.
1485 2831 1568 2857 Τοῦτο
1588 2830 1616 2857 δὲ
1636 2829 1743 2857 ἔσεσθαί
1765 2838 1848 2865 φησιν
1865 2829 1882 2856 6
