2084 3216
202 171 256 199 ΜΩ

659 169 985 198 DEMONSTRATIONIS
1005 170 1231 198 EVANGELICxE
1252 171 1315 199 LIB.
1337 171 1380 198 Vl.

1765 176 1818 204 450

203 229 302 265 Κύριος
321 229 354 256 δι’
370 229 476 260 ἑαυτοῦ,
489 229 535 256 ἐπὶ
550 229 588 264 τῷ
610 229 700 264 τοιῷδε
715 229 905 265 κατορθώματι
921 229 980 266 πρὸς

1037 235 1080 256 tea
1096 230 1250 261 servierint,
1269 230 1469 265 spoliabuntur.
1486 234 1513 257 et
1528 231 1580 258 sub
1593 231 1685 266 iugum
1705 231 1818 260 Hebrai—

201 275 249 302 τοῦ
272 276 378 311 Πατρὶς
398 276 660 312 ἀποσταλησομένου.
684 276 762 302 Εἴποι
784 277 806 302 δ’
823 277 854 303 ἄν
882 285 923 308 τις
939 277 986 303 καὶ

201 321 299 356 νοητὰς
313 330 388 353 τινας
400 322 446 348 καὶ
459 322 590 357 ἀοράτους
600 322 740 357 δυνάμεις,
755 322 818 357 ἔθνη
827 322 873 348 νῦν
885 323 984 358 ὀνομά-

202 366 306 399 ζεσθαι,
326 367 359 394 τὰ
376 368 568 399 σκυλεύσαντα.
590 369 637 395 καὶ
659 369 915 404 αἱχμαλωτεύσαντα
937 369 986 401 τὰς

201 413 254 439 τῶν
267 413 417 449 ἀνθρώπων
429 414 527 448 ψυχὰς,
539 411 575 441 ὧν
586 414 678 450 ψυκῶν
691 414 761 441 οὕτω
778 415 844 450 φησὶ
858 415 985 450 κήδεσθαι

201 459 215 485 ὁ
227 458 414 494 φιλάνθρωπος
431 459 476 486 τοῦ
493 461 560 486 Θεοῦ
574 461 670 494 Λόγος,
680 461 744 488 ὡσεί
754 471 794 493 τις
807 461 873 493 ἰδίας
885 461 984 495 ὀφθαλ-

203 505 252 540 μοῦ
277 506 369 541 κόρης.
390 506 444 533 Καὶ
462 507 561 542 δεῖγμα
575 507 623 542 τῆς
640 507 745 533 τοιᾶσδε
769 507 851 534 αὑτοῦ
875 508 938 542 περὶ
952 507 982 533 τὸ

199 551 253 577 τῶν
277 551 427 586 ἀνθρώπων
449 552 525 585 γένος
542 552 712 587 κηδεμονίας,
737 553 768 578 τὸ
785 553 844 588 μηδ’
861 553 985 579 ὑποστεί-

199 596 297 623 λασθαι
314 597 405 628 αὑτὸν,
421 597 489 623 Θεοῦ
503 598 590 632 Λόγον
602 599 664 625 ὖντα
678 599 725 624 καὶ
741 599 769 624 ὲν
782 598 843 633 δόξῃ
861 600 894 633 τῇ
910 598 984 633 παρὰ

199 642 238 677 τῷ
250 642 336 676 Harp!
351 643 530 678 τυγχάνοντα,
546 645 593 680 τὴν
611 645 651 676 είς
669 644 825 681 ἀνθρώπους
839 644 983 681 ἐπιδημίαν

198 697 228 716 τε
245 689 292 716 καὶ
305 690 458 725 οἰκονομίαν
474 691 661 723 ἀναδέξασθαι.

198 739 280 767 esset,
298 739 326 762 et
350 743 399 762 sua
421 737 506 771 gloria
524 738 593 771 apud
621 737 727 764 Patrem
758 737 903 769 frueretur,
929 745 983 765 non

197 790 245 811 eos
261 782 386 810 versandi
402 785 806 821 curam,‘dispensationenique
820 786 969 820 suscipere.

448 835 644 880 ΚΕφΛᾹΑιυΝ
662 854 710 880 ῐΖ’.

204 919 276 946 Ἀπὸ
296 919 346 946 τοῦ
363 919 462 946 αὑτοῦ.
478 920 566 951 -Ὠς
580 919 669 952 αὐτὸς
682 921 698 946 ὁ
711 921 817 954 Κύριος
830 920 916 954 ἥξειν
930 922 980 947 οὐ-

227 955 372 989 ρανόθεν,
389 955 436 980 καὶ
452 954 659 988 ὲνάνθίνώποις
671 956 916 987 κιιτιισκηνώσειν
926 976 932 987 ,
948 955 984 982 τά
1001 963 1020 989 Β

227 999 260 1016 τε
272 990 343 1023 ἔθνη
358 989 400 1022 sit;
416 989 508 1015 αὐτὸν
524 990 761 1022 χατίῳεύξεσθαι
774 991 914 1022 θεσπίζει,
931 991 980 1017 καὶ

228 1026 269 1057 ὡς
297 1024 481 1060 ἀπεστάλθαι
502 1024 559 1050 ὑπὸ
578 1033 659 1060 tri-oc
689 1026 857 1059 κρείττονος
870 1026 980 1060 Κυρίου

231 1059 469 1093 παντοκράτοέος
482 1059 628 1094 ὁμολογεῖ.

235 1136 243 1151 ι
259 1127 365 1162 Τέρπου
381 1126 427 1153 καὶ
440 1127 594 1162 εὐφραίνου,
618 1125 735 1161 θύγατερ
750 1126 828 1159 Σιὼν,
847 1127 913 1153 διότι
925 1127 979 1154 ἰδοὺ

195 1173 253 1207 ἐγὼ
268 1173 392 1208 ἔρχομαι,
411 1173 457 1199 καὶ
478 1172 680 1208 κατασκηνώσω
701 1174 730 1198 ἐν
743 1173 817 1208 μέσῳ
834 1181 892 1204 σου,
907 1173 980 1207 λέγει

196 1219 308 1254 Κὸριος,
325 1219 372 1244 καὶ
389 1218 601 1252 καταφεύξονται
625 1219 688 1253 ἔθνη
705 1218 788 1245 πολλὰ
803 1219 848 1244 ἐπὶ
860 1219 905 1245 τὸν
923 1219 979 1245 Κύ-

197 1273 254 1300 ριον
267 1265 297 1290 ἐν
309 1265 341 1299 τῇ
358 1264 448 1299 ἡμέρᾳ
464 1264 564 1299 ἐκείνῃ,
587 1265 633 1290 καὶ
653 1264 757 1290 ἔσονται
772 1264 844 1300 αὐτῷ
857 1266 896 1296 είς
905 1261 991 1296 λαὸν(

194 1310 243 1337 καὶ
260 1309 463 1344 κατασκηνώσω
479 1310 507 1335 ὲν
533 1309 606 1344 μέσῳ
621 1318 678 1341 σου,
694 1310 741 1336 καὶ
753 1309 855 1345 γνώσῃ,
870 1310 910 1336 ὅτι
923 1310 979 1336 Κύ-

196 1367 254 1393 ριος
268 1357 464 1393 παντοκράτωρ
478 1357 661 1390 ἐξαπέσταλκέ
678 1366 711 1392 με
733 1357 799 1392 πρὸς
814 1357 853 1384 σέ.
875 1367 883 1382 ι
905 1357 980 1383 Ἐπεὶ

195 1404 338 1440 πρόκειται
354 1403 400 1429 νῦν
418 1403 447 1429 τὸ
467 1403 592 1438 δεύτερον
608 1403 693 1429 αἴτιον
713 1403 745 1428 ὲκ
760 1402 814 1429 τῶν
834 1403 979 1438 προφητῶν

194 1449 344 1482 ἀποδεῖξαι,
363 1447 514 1484 ἀνθρώποις
545 1448 639 1483 μέλλον
657 1447 702 1473 ἐπὶ
719 1448 769 1482 γῆς
784 1447 978 1483 συμπολιτεύε-

197 1496 269 1526 σθαι.
297 1494 372 1531 οἶμαι
399 1494 493 1521 τούτου
523 1493 723 1530 παραστατικὸν
753 1492 822 1520 εἶναι
851 1494 897 1521 καὶ
930 1494 978 1529 τὴν

196 1540 338 1576 παροῦσαν
366 1539 543 1575 προφητείαν,
570 1539 608 1570 ὡς
636 1538 680 1565 διὰ
702 1539 733 1565 τὸ
755 1538 888 1574 πρόδηλον
912 1539 979 1574 μηδὲ

195 1587 317 1618 πλείονος
343 1586 504 1621 ἐξεργασίας
530 1585 642 1612 δεῖσθαι.
659 1585 794 1620 Τηρὴσεις
812 1584 851 1616 δὲ,
868 1585 908 1611 ὅτι
932 1584 979 1611 καὶ

1039 283 1077 302 ea:
1091 275 1229 310 religionis
1245 275 1433 303 traducentur.
1451 276 1507 303 lloc
1523 281 1612 304 autem
1639 277 1759 304 futurum
1779 278 1818 304 ait

1039 321 1170 349 Dominus
1186 329 1233 356 per
1249 322 1381 357 seipsum,
1398 323 1443 357 qui
1458 323 1490 349 ad
1504 323 1558 350 tale
1570 331 1669 350 munus
1684 328 1816 358 praestan-

1039 367 1102 394 dum
1116 376 1130 393 a
1142 367 1222 394 Patre
1239 368 1388 395 mittendus
1413 369 1459 395 sit.
1487 367 1631 399 Caeterum.
1654 369 1753 397 dixerit
1768 369 1818 395 ali-

1038 413 1109 448 quis.
1127 414 1208 440 etiam
1223 414 1406 449 intelligibiles
1422 414 1552 449 quasdam
1569 419 1596 442 et
1612 415 1818 450 invisibilespo—

1037 463 1159 492 testates,
1188 464 1282 495 gentes
1298 468 1371 488 nunc
1397 461 1542 492 nominari,
1556 469 1616 495 qua:
1639 461 1816 495 spoliaverint

1036 506 1211 541 captivasque
1229 506 1367 532 hominum
1383 507 1489 533 animas
1498 506 1614 541 egerint,
1627 514 1742 541 quarum
1758 507 1803 533 ani

1036 560 1141 578 marum
1157 552 1238 578 talem
1254 559 1283 578 se
1295 559 1388 578 curam
1411 559 1504 586 gerere
1520 552 1557 578 ait
1573 553 1816 580 clementissimum

1037 597 1084 624 Dei
1097 597 1226 629 Verbum,
1243 597 1350 632 qualem
1364 598 1550 632 unusquisque
1561 598 1631 625 oculi
1649 598 1690 625 sui
1710 598 1818 632 pupilla:

1036 643 1116 678 gerit,
1130 643 1209 677 cujus
1224 643 1378 670 sedulitatis
1394 648 1474 678 atque
1488 644 1588 670 amoris
1600 651 1663 678 erga
1675 644 1815 670 hominum

1037 697 1132 723 genus,
1152 689 1259 723 signum
1281 688 1346 715 illud
1371 689 1433 719 erit,
1459 688 1531 723 quod
1551 696 1612 716 cum
1636 689 1682 716 Dei
1699 688 1816 716 Verbum

1010 736 1126 773 piguerit
1155 736 1242 771 ipsum
1273 734 1398 762 veniendi
1423 734 1455 760 ad
1482 735 1616 766 homines.
1643 739 1723 770 alque
1746 736 1817 762 inter

1315 849 1430 877 CAPUT
1450 849 1532 877 XVII.

1035 930 1073 956 Ab
1088 928 1186 955 eodem.
1202 943 1235 947 -—-
1251 927 1327 960 Quod
1351 928 1404 961 ipse
1425 927 1552 955 Darnian
1576 934 1709 956 venturum
1733 939 1760 958 se
1782 931 1814 957 de

1070 966 1144 993 m’lo.
1159 969 1183 990 et
1203 964 1275 1000 inter
1286 963 1402 989 homines
1419 963 1608 1000 Itubituturuni,
1627 970 1763 1000 gentesque
1779 967 1813 992 ait

1069 1000 1154 1033 ipsum
1169 998 1362 1032 confugituras.
1375 999 1445 1024 canit
1459 1007 1468 1024 :
1482 1004 1506 1024 et
1518 999 1586 1032 quod
1606 1001 1713 1026 missum
1722 998 1749 1027 se
1760 1009 1816 1028 eset:

1069 1043 1085 1061 α
1097 1035 1207 1060 Domino
1223 1034 1395 1066 onmipulente
1409 1034 1557 1067 confitetur.

1077 1131 1158 1167 283
1177 1141 1186 1156 ι
1205 1130 1297 1158 Gaude
1320 1134 1346 1157 et
1372 1130 1474 1161 lzetare,
1499 1130 1553 1157 ﬁlia
1580 1130 1662 1163 Sion,
1686 1131 1814 1166 quoniam

1033 1185 1096 1205 ecce
1118 1185 1167 1212 ego
1191 1177 1287 1206 venio,
1309 1180 1336 1203 et
1359 1175 1487 1202 habitabo
1510 1177 1536 1203 in
1560 1176 1648 1204 medio
1668 1177 1723 1209 tui,
1748 1177 1814 1204 dicit

1034 1222 1182 1253 Dominus,
1199 1225 1226 1248 et
1249 1221 1407 1256 confugient
1430 1225 1522 1256 gentes
1547 1221 1639 1248 multa:
1662 1222 1695 1248 ad
1720 1221 1812 1248 Domi-

1032 1276 1099 1295 num
1119 1269 1146 1295 in
1165 1267 1210 1294 die
1228 1267 1290 1298 illa,
1308 1271 1334 1294 et
1352 1271 1433 1294 erunt
1448 1267 1473 1293 ei
1489 1267 1515 1294 in
1533 1268 1677 1301 populum,
1694 1272 1721 1294 et
1737 1267 1814 1294 habi-

1033 1313 1097 1340 tabo
1118 1312 1146 1339 in
1167 1311 1257 1339 medio
1279 1312 1336 1343 tui,
1359 1316 1386 1338 et
1409 1319 1559 1346 cognosces
1582 1313 1654 1348 quod
1682 1312 1814 1340 Dominus

1032 1359 1205 1393 omnipotens
1225 1358 1300 1385 misit
1320 1365 1362 1384 me
1382 1357 1415 1384 ad
1431 1362 1455 1384 te
1470 1358 1503 1384 ⁸ο.
1522 1368 1531 1384 ι
1546 1359 1614 1391 Quia
1629 1366 1700 1385 nunc
1715 1367 1814 1394 propo-

1033 1404 1117 1431 situm
1133 1409 1175 1431 est
1192 1402 1290 1430 Filium
1302 1423 1309 1435 ,
1326 1406 1465 1430 auctorem
1481 1411 1589 1435 rerum,
1605 1404 1675 1438 apud
1691 1404 1814 1433 homines

1033 1450 1060 1477 in
1079 1454 1151 1476 terra
1168 1453 1339 1476 versaturum
1353 1469 1360 1480 ,
1377 1456 1410 1476 ex
1428 1449 1570 1483 prophetis
1589 1449 1751 1482 ostendere,
1768 1457 1813 1477 ar-

1032 1495 1118 1522 bitror
1134 1495 1250 1528 hujusce
1264 1494 1302 1522 rei
1319 1493 1539 1521 demonstrandze
1553 1495 1699 1522 efficaciam
1714 1495 1814 1523 habere

1032 1545 1193 1576 praesentem
1209 1540 1395 1575 prophetiam,
1412 1540 1481 1567 adeo
1496 1540 1604 1575 quidem
1623 1544 1652 1568 ut
1669 1541 1704 1568 ob
1728 1541 1814 1572 ipsius

1032 1586 1071 1612 rei
1095 1585 1336 1620 perspicuitatem,
1363 1585 1438 1611 nulla
1466 1586 1597 1620 ampliore
1623 1586 1814 1620 explanatione

193 1633 244 1668 τὴν
269 1632 356 1658 αἰτίαν
383 1629 460 1662 αὖθις
488 1631 536 1666 τῆς
558 1631 675 1665 ἀφίξεως
692 1631 773 1657 αὐτοῦ
800 1630 873 1666 δηλοί
895 1631 923 1657 ὲν
940 1627 980 1662 οἷς

1033 1631 1069 1659 sit
1096 1638 1187 1666 opus:
1212 1631 1294 1658 etiam
1325 1630 1391 1657 illud
1417 1631 1575 1658 observabis
1600 1631 1672 1665 quod
1700 1639 1813 1658 causam

193 1687 272 1715 φησι·
294 1688 303 1704 t
323 1678 377 1704 Καὶ
394 1677 606 1711 καταφεὺξονται
623 1677 685 1713 ἔθνη
708 1677 792 1704 πολλὰ
807 1678 853 1704 ἐπὶ
867 1677 910 1704 τὸν
924 1677 980 1703 Κύ-

195 1734 253 1760 ριον
269 1725 298 1751 ὲν
313 1726 346 1760 τῇ
362 1724 451 1760 ἡμέρα
461 1724 563 1760 ἐκείνῃ,
576 1724 622 1750 καὶ
631 1724 735 1750 ἔσονται
750 1723 823 1759 αὐτῷ
837 1724 876 1755 είς
886 1723 958 1750 λαόν.
967 1733 975 1748 ι

193 1771 288 1798 Ταῦτα
302 1770 331 1797 δὲ
340 1772 354 1796 ὁ
368 1770 455 1803 λόγος,
471 1769 520 1804 τὴν
533 1769 669 1805 θυγατέρα
677 1768 746 1795 Σιὼν
757 1769 976 1803 εὐαγγελίζεται,

193 1816 266 1843 οὓτω
287 1816 337 1850 τὴν
362 1815 524 1850 Ἐκκλησίαν
545 1814 591 1841 τοῦ
609 1815 676 1841 Θεοῦ
702 1815 919 1851 προσαγορεύων,
934 1814 977 1841 διὰ

192 1863 223 1889 τὸ
234 1862 283 1896 τῆς
291 1861 450 1896 ἐπουρανίου
467 1860 641 1897 Ἰερουσαλὴμ
651 1860 786 1896 θυγατέρα
799 1859 866 1886 εἶναι
879 1860 976 1892 δοκεῖν,

195 1907 298 1942 μητρὸς
320 1906 403 1941 οὔσης
433 1906 539 1940 ἐκείνης
560 1906 612 1932 τῶν
629 1905 724 1939 ἁγίων,
753 1905 823 1932 κατὰ
838 1906 884 1931 τὸν
906 1905 977 1940 ἱερὸν

200 1952 368 1978 Ἀπόστολον.
386 1952 421 1978 ἸΙ
429 1952 475 1978 καὶ
490 1951 574 1983 ἄλλως
586 1951 706 1986 θυγάτηρ
720 1950 810 1986 Σιὼνὴ
833 1951 977 1986 Ἐκκλησία

193 1998 311 2034 Χριστοῦ
340 1998 447 2033 λεχθείη
472 1997 514 2029 ἂν,
536 1997 609 2024 ὼσὰν
632 1999 663 2024 ὲκ
686 1997 734 2031 τῆς
765 1997 899 2032 προτέρας
914 2006 976 2023 συν-

193 2045 306 2079 αγωγῆς
335 2045 388 2071 τῶν
399 2045 431 2070 ὲκ
448 2045 607 2081 περιτομῆς,
634 2044 677 2070 διά
695 2052 724 2070 τε
747 2043 911 2075 ἀποστόλων,
931 2043 976 2070 καὶ

192 2091 393 2125 εὐαγγελιστῶν
404 2091 553 2121 ὑποστᾶσα,
569 2090 593 2116 οἳ
609 2091 657 2116 καὶ
666 2090 820 2124 γεννήματα
830 2090 976 2125 ἐτύγχανον

194 2137 297 2173 μητρὸς
318 2138 368 2173 τῆς
393 2136 589 2173 ἀποῤῥιφείπης
620 2136 665 2162 διὰ
680 2136 729 2167 τὰς
759 2135 863 2166 οἰκείας
882 2134 976 2161 δυσσε-

192 2184 280 2215 ϐείας,
296 2183 342 2209 καὶ
364 2183 450 2218 χήρας
462 2182 646 2218 γεγενημένης
658 2201 664 2213 ,
681 2181 726 2208 διὰ
742 2182 772 2208 τὸ
785 2181 918 2208 ἀπελάσαι
931 2181 976 2207 τὸν

191 2230 285 2265 ἄνδρα,
302 2229 346 2255 διὰ
363 2229 416 2255 τῶν
440 2229 585 2264 προφητῶν
597 2228 820 2263 ὲπιμεμψάμενον
846 2228 912 2262 αὐτῇ
929 2226 976 2253 καὶ

193 2277 332 2311 φήσαντα·
351 2285 360 2300 ‹
379 2275 433 2309 Οὐχ
448 2275 484 2307 ὼς
494 2274 576 2310 ἄνδρα
591 2283 623 2309 με
641 2274 780 2305 ἐκάλεσας,
799 2273 845 2300 καὶ
860 2273 974 2308 πατέρα,

1032 1684 1129 1703 rursus
1148 1676 1191 1703 sui
1211 1675 1343 1702 adventus
1358 1675 1495 1709 signiﬁcat
1507 1695 1514 1706 ,
1531 1675 1576 1702 ubi
1593 1676 1631 1702 ait
1645 1685 1652 1701 :
1668 1685 1678 1701 ‹
1698 1675 1730 1702 Et
1746 1683 1814 1702 con-

1033 1722 1136 1756 fugient
1154 1724 1247 1756 gentes
1266 1720 1359 1747 multte
1377 1720 1410 1747 ad
1431 1720 1574 1747 Dominum
1597 1721 1624 1747 in
1643 1721 1688 1748 die
1707 1721 1767 1757 illa‘
1785 1725 1813 1748 et

1032 1772 1112 1797 erant
1127 1768 1178 1803 ipsi
1193 1767 1221 1794 in
1236 1767 1375 1802 populum.
1397 1777 1406 1792 ι
1421 1766 1484 1794 Haec
1499 1771 1587 1794 autem
1604 1767 1654 1802 ipsi
1670 1767 1730 1794 ﬁlia:
1746 1767 1812 1795 Sion

1031 1815 1139 1842 nuntiat
1155 1814 1315 1844 oraculum,
1339 1813 1378 1840 sic
1398 1813 1505 1840 interim
1525 1812 1573 1840 Dei
1593 1813 1743 1839 Ecclesium
1763 1821 1813 1848 ap-

1031 1861 1154 1897 pellans,
1187 1866 1329 1895 proplerea
1355 1859 1425 1894 quod
1454 1859 1558 1887 emlesti
1581 1859 1732 1886 Jerusalem
1757 1860 1810 1886 filia

1030 1919 1091 1939 esse
1117 1911 1252 1941 videatur,
1283 1917 1356 1945 qum,
1387 1911 1417 1935 ut
1444 1911 1556 1935 sanctus
1586 1906 1623 1933 ait
1650 1906 1810 1940 Apostolus,

1030 1961 1117 1984 mater
1140 1961 1297 1984 sanctorum
1321 1960 1371 1983 est.
1398 1955 1451 1980 Aut
1472 1954 1553 1980 etiam
1576 1953 1654 1980 aliter
1673 1952 1727 1979 ﬁlia
1745 1951 1810 1979 Sion

1029 2002 1132 2030 Christi
1157 2002 1278 2029 Ecclesia
1294 2001 1347 2028 dici
1363 2004 1469 2036 potest,
1493 2003 1621 2034 tanquam
1642 2007 1673 2026 ea
1695 2006 1755 2034 qua:
1778 2006 1810 2026 ex

1029 2049 1120 2084 priore
1148 2055 1241 2075 eorum
1269 2048 1316 2082 qui
1348 2047 1380 2074 ad
1409 2046 1645 2073 circumcisionem
1675 2045 1811 2079 pertinent

1029 2099 1163 2121 conventu
1178 2114 1184 2126 ,
1211 2102 1259 2129 per
1281 2093 1418 2128 apostolos
1430 2112 1437 2123 ,
1463 2096 1544 2126 atque
1565 2090 1765 2125 evangelistas,
1783 2090 1810 2116 id

1029 2140 1102 2175 quod
1117 2144 1175 2172 est,
1194 2139 1347 2174 acceperit,
1363 2139 1408 2173 qui
1423 2138 1504 2165 etiam
1523 2137 1568 2164 ﬁlii
1583 2141 1661 2164 erant
1677 2136 1736 2170 ejus
1752 2143 1810 2163 ma-

1030 2185 1079 2213 tris
1090 2205 1097 2217 ,
1112 2193 1172 2220 qua:
1189 2185 1225 2212 ob
1240 2185 1342 2212 seelera
1359 2192 1408 2211 sua
1423 2184 1529 2218 abjecta
1551 2187 1592 2210 est
1603 2203 1609 2214 ,
1634 2191 1748 2217 quaeque
1768 2183 1809 2210 ri-

1029 2231 1082 2258 dua
1099 2231 1171 2257 facta
1187 2235 1228 2258 est
1239 2251 1246 2262 ,
1262 2239 1294 2258 eo
1311 2231 1383 2265 quod
1406 2230 1541 2264 expulerit
1557 2229 1645 2256 virum
1660 2249 1667 2260 ,
1689 2229 1735 2264 qui
1761 2237 1810 2264 per

1029 2278 1176 2313 prophetas
1187 2277 1220 2304 de
1234 2277 1291 2312 ipsa
1307 2280 1473 2312 conquestus
1485 2279 1526 2303 est
1539 2296 1546 2307 ,
1559 2279 1640 2310 atque
1655 2275 1693 2302 ait
1705 2285 1711 2302 :
1728 2284 1736 2300 I
1751 2275 1810 2302 Non

192 2323 241 2350 καὶ
256 2323 376 2358 ἀρχηγὸν
392 2322 441 2356 τῆς
449 2321 595 2357 παρθενίας
612 2329 657 2346 σου
668 2329 674 2335 ’
695 2330 704 2345 ι
717 2320 746 2351 ὃς
763 2320 808 2346 καὶ
824 2321 879 2351 τοῖς
892 2319 920 2352 ἐξ
932 2319 977 2345 αὐ-

1029 2329 1158 2359 tanquam
1174 2324 1263 2351 virum
1280 2331 1322 2350 me
1338 2323 1441 2350 vocasti
1454 2342 1461 2354 ,
1484 2326 1511 2349 et
1533 2321 1641 2350 Patrem
1666 2326 1692 2349 et
1711 2321 1809 2348 ducem

191 2368 242 2402 τῆς
269 2368 424 2402 γενομένοις
452 2367 496 2393 τὺν
509 2367 606 2401 τρόπον
627 2366 675 2401 τῆς
691 2365 791 2400 μητρὸς
812 2364 972 2397 διαϐάλλων,

191 2416 259 2451 φησί
271 2424 277 2430 ·
294 2425 302 2440 ι
322 2416 400 2441 Ποῖον
421 2415 499 2441 τοῦτο
514 2414 545 2441 τὺ
567 2414 666 2449 βιόλίον
681 2413 726 2439 τοῦ
746 2412 910 2439 ἀποστασίου
926 2411 975 2447 τῆς

193 2462 297 2496 μητρὸς
322 2461 408 2496 ὑμῶν,
423 2457 445 2494 ᾧ
463 2459 639 2493 ἐξαπέστειλα
660 2460 762 2494 αὑτήν;
783 2469 791 2484 ι
808 2458 861 2485 Καὶ
877 2457 974 2484 πάλιν·

192 2517 201 2533 ι
223 2507 344 2543 Κριθῆτε
378 2507 445 2542 προς
473 2507 521 2542 τὴν
549 2507 654 2542 μητέρα
681 2505 766 2541 ὑμῶν,
795 2505 916 2540 κριθῆτε,
934 2504 975 2530 ὅτι

190 2554 259 2590 αὕτη
278 2555 308 2581 οὐ
326 2555 392 2590 γυνή
409 2563 457 2589 μου
469 2575 476 2586 ,
492 2554 567 2588 κάγὼ
583 2554 633 2580 οὐκ
645 2554 714 2588 ἀνὴρ
729 2553 822 2586 αὐτῆς.
836 2562 844 2577 ι
859 2551 976 2582 Εἰκότως

189 2600 256 2636 δῆτα
274 2600 348 2626 ὠσὰν
365 2601 413 2635 τὴν
432 2600 536 2636 μητέρα
556 2599 785 2635 ἁπαρνησαμένου
801 2598 847 2624 τοῦ
860 2597 974 2633 Κυρίου,

190 2647 258 2681 πρὸς
277 2646 326 2681 τὴν
335 2645 471 2681 θυγατέρα
486 2647 502 2682 ἡ
524 2645 648 2681 παροῦσα
665 2645 816 2680 προφητεία
832 2643 969 2678 εὐαγγελί-

194 2691 265 2724 ζεται
281 2691 330 2726 τὴν
345 2690 426 2717 αὑτοῦ
452 2689 498 2716 τοῦ
520 2690 621 2725 Κυρίου
645 2689 805 2724 παρουσίαν.
830 2689 878 2724 Είη
900 2688 922 2715 δ’
941 2688 974 2715 ἂν

196 2736 258 2772 ιῦτη
276 2737 292 2772 ἡ
310 2737 339 2769 ἐξ
360 2735 444 2763 ἐθνῶν
465 2735 621 2770 Ἐκκλησία,
638 2737 666 2762 ὲν
688 2735 763 2771 χώρᾳ
779 2735 911 2770 θυγατρὸς
924 2735 973 2769 τῆς

192 2783 337 2819 προτέρας,
350 2782 394 2809 διὰ
409 2783 471 2814 τοὺς
493 2782 656 2813 ἀποστόλους
677 2781 722 2808 τοῦ
743 2781 867 2817 Σωτῆρος
883 2782 970 2818 ἡμῶν,

189 2829 276 2862 λεὶστι
283 2827 381 2863 σμένη.

222 2887 244 2903 ¹⁹
261 2887 344 2915 Zach.
362 2895 390 2919 id,
406 2888 449 2919 10,
468 2887 509 2914 Η.

548 2889 567 2904 δ’
580 2888 634 2916 Jer.
648 2897 687 2922 Ill,
703 2889 728 2916 4.
767 2889 789 2906 ⁸³
801 2889 852 2918 lsa.
870 2899 933 2924 xxx,
950 2901 969 2920 ι.

1029 2370 1190 2406 virginitatis
1214 2373 1268 2397 tuae
1283 2370 1316 2402 ει,
1334 2379 1343 2395 ›
1356 2369 1401 2404 qui
1422 2369 1503 2396 etiam
1519 2369 1552 2395 iis
1568 2369 1614 2403 qui
1628 2368 1660 2395 de
1673 2369 1730 2402 ipsa
1753 2368 1810 2395 nati

1028 2421 1106 2448 sunt,
1121 2423 1210 2443 mores
1227 2416 1320 2443 matris
1332 2408 1501 2450 exprobrans
1518 2422 1550 2441 ac
1565 2415 1733 2448 vituperans,
1750 2414 1787 2441 ait
1801 2424 1806 2441 :

1031 2471 1041 2487 ‹
1057 2462 1124 2493 Quis
1139 2466 1181 2489 est
1199 2461 1243 2488 hic
1259 2461 1327 2488 liber
1342 2461 1448 2496 repudii
1467 2460 1562 2487 matris
1578 2464 1693 2490 vestrae,
1712 2459 1739 2486 in
1753 2467 1808 2494 quo

1028 2508 1107 2534 emisi
1124 2515 1182 2534 eam
1196 2507 1218 2522 ⁸³
1229 2507 1240 2534 ?
1252 2517 1260 2532 ι
1277 2507 1309 2534 Et
1326 2515 1422 2534 rursus
1437 2516 1444 2533 :
1462 2516 1472 2531 ι
1485 2505 1648 2533 Judicamiui
1663 2506 1808 2539 :quoniam

1028 2552 1085 2580 hate
1107 2560 1161 2579 non
1184 2561 1253 2580 uxor
1270 2560 1328 2580 mea
1340 2573 1347 2585 ,
1371 2557 1398 2580 et
1416 2560 1466 2587 ego
1483 2559 1536 2578 non
1554 2552 1595 2578 vir
1609 2551 1668 2585 ejus
1683 2551 1716 2578 ⁸³.
1729 2561 1739 2576 ι
1754 2551 1808 2578 Me-

1028 2598 1082 2625 rito
1108 2606 1173 2625 sane
1198 2602 1325 2632 tanquam
1349 2599 1382 2625 iis
1405 2598 1451 2633 qui
1479 2601 1592 2624 matrem
1615 2597 1810 2632 abuegaverinl

1030 2644 1111 2670 ﬁliam
1140 2643 1262 2673 Domini.
1284 2644 1370 2678 ipsius
1393 2643 1497 2670 Domini
1520 2643 1662 2670 adventum
1688 2651 1807 2678 presens

1029 2689 1169 2724 prophetia
1196 2690 1313 2716 nuntiat.
1339 2689 1396 2715 Erit
1421 2692 1510 2715 autem
1541 2689 1597 2716 hmo
1625 2688 1746 2717 Ecclesia
1773 2689 1807 2716 de

1030 2736 1171 2770 gentibus.
1189 2744 1249 2770 quae
1264 2736 1324 2763 loco
1342 2736 1441 2771 prioris
1459 2735 1519 2762 ﬁlia:
1536 2743 1583 2771 per
1605 2735 1689 2763 nostri
1713 2735 1806 2764 Salva.

1029 2782 1096 2808 toris
1111 2782 1248 2816 apostolos
1261 2803 1268 2815 ,
1285 2783 1375 2810 habita
1390 2786 1441 2809 est.

1006 2894 1029 2910 ⁸³
1046 2894 1108 2924 Ose.
1125 2903 1155 2929 ιι,
1169 2896 1196 2924 2.
