2084 3216
296 167 343 196 451

508 231 589 267 284
609 230 722 258 CAPUT
743 230 834 258 XVIII.

337 310 378 339 Ab
393 310 492 338 eodem.
508 325 542 330 -—
559 310 595 336 De
613 310 716 336 Domini
736 310 846 336 adventu
860 329 868 340 ,
885 314 908 335 et
927 309 959 336 de
976 309 1009 336 iis

397 353 454 380 quin
471 346 497 372 in
513 346 632 379 passione
647 346 703 378 ejus
718 350 839 372 eventura
855 349 943 371 erant.

317 440 325 454 ι
344 430 414 458 Ecce
427 430 484 458 dies
497 434 610 458 veniunt
625 429 732 456 Domini
744 450 752 462 ,
766 434 793 456 et
805 429 963 456 dividentur
977 429 1063 464 spolia

282 483 326 504 tua
343 477 370 504 in
387 481 414 504 te
426 497 433 508 ,
457 481 483 503 et
506 477 676 511 eongregabo
691 484 785 503 omnes
800 481 893 511 gentes
910 476 936 502 in
952 475 1064 503 Jerusa-

280 522 332 549 lem
350 522 383 548 ad
398 521 498 549 bellum
512 530 518 554 ;
536 525 562 547 et
577 521 702 556 capietur
718 520 815 547 civitas
827 540 835 550 ,
853 525 879 547 ct
899 520 1063 554 diripicntur

281 568 395 599 domus,
412 572 438 594 et
459 567 587 594 mulieres
604 566 790 599 fwrlabuntur,
806 571 833 593 et
851 566 1005 601 egredietur
1022 565 1064 592 di-

280 614 392 640 midium
409 613 527 640 civitatis
540 614 567 640 in
583 612 757 648 captivitate,
777 612 874 646 reliqui
890 619 953 638 vero
966 612 999 638 de
1014 619 1063 647 po-

280 658 343 692 pulo
360 666 420 685 meo
437 666 490 685 non
508 658 651 692 peribunt,
669 661 696 684 et
712 657 866 692 egredietur
880 656 1020 689 Dominus,
1036 660 1063 683 et

279 703 419 738 parabitur
436 703 469 730 ad
484 704 605 738 praelium
624 703 651 729 in
678 703 804 738 gentibus
823 703 878 730 illis
889 723 895 734 ,
915 703 986 730 sicut
1003 702 1061 730 dies

279 749 362 783 [melii
377 749 436 783 ejus
450 750 476 775 in
493 749 536 776 die
551 748 614 776 belli
629 758 635 775 :
649 752 675 775 et
689 748 800 775 stabunt
812 749 894 784 pedes
906 749 966 783 ejus
978 749 1005 775 in
1018 748 1062 776 die

279 795 323 820 illa
335 803 418 829 super
434 800 524 822 monte
539 794 694 827 Olivarum,
710 795 756 829 qui
772 799 814 821 est
834 800 928 822 contra
954 795 1062 823 Jerusa-

279 840 329 866 lem
345 841 379 867 ab
392 840 510 871 Oriente.
526 844 552 866 et
566 839 705 866 seindetur
721 847 798 867 mons
813 839 951 867 Olivarum
961 861 968 872 ,
984 841 1064 867 dirui—

278 886 353 912 dium
368 886 428 920 ejus
443 886 477 913 ad
493 886 639 918 Orientem,
653 889 679 913 et
690 885 832 912 dimidium
849 886 908 921 ejus
922 886 956 913 ad
969 894 1060 920 mare;

278 931 453 966 profunditas
470 938 567 966 magna
583 931 767 963 vehementer,
784 936 810 959 ct
825 932 966 959 inclinabit
979 932 1060 958 dimi-

278 978 353 1004 dium
370 979 469 1005 montis
485 979 517 1005 ad
533 978 665 1012 Boream,
679 984 705 1006 et
717 978 858 1006 dimidium
873 978 932 1013 ejus
947 979 979 1006 ad
992 979 1061 1007 Aus-

278 1029 351 1051 trum
366 1034 371 1051 :
389 1028 415 1051 ct
430 1025 604 1051 obturabitur
619 1025 698 1052 vallis
719 1024 851 1051 montium
874 1032 1014 1057 meorum,
1034 1028 1061 1051 et

278 1068 509 1104 conglutinabitur
521 1071 653 1098 convallis
669 1071 802 1097 montium
818 1078 903 1105 usque
916 1071 995 1098 Asael
1011 1080 1017 1097 :
1035 1075 1061 1098 et

277 1115 459 1147 obturabitur,
471 1115 699 1154 quemadrpvodum
711 1115 837 1142 obturata
847 1118 888 1141 est
899 1122 914 1140 a
926 1114 994 1141 facie
1005 1118 1061 1141 ter-

277 1169 314 1189 ra:
337 1167 437 1194 motus,
455 1162 482 1188 in
498 1162 594 1188 diebus
608 1162 679 1189 Ozia:
696 1161 768 1196 regis
781 1160 860 1188 Juda.
880 1160 922 1196 [Et
937 1161 1061 1188 adveniet

278 1209 409 1235 Dominus
431 1208 500 1236 Deus
521 1216 617 1240 meus,
632 1213 659 1235 et
675 1215 771 1235 omnes
794 1208 882 1234 sancti
904 1215 966 1234 cum
987 1206 1059 1243 θοι]

277 1258 303 1281 et
324 1255 374 1281 erit
399 1254 425 1280 in
448 1254 492 1281 die
513 1254 576 1286 illa,
600 1261 654 1281 non
678 1254 730 1280 erit
745 1254 854 1285 lumen.
871 1252 919 1280 sed
934 1253 1021 1288 frigus
1033 1257 1061 1280 et

276 1300 377 1334 glacies
391 1300 443 1326 erit
460 1299 503 1326 die
519 1307 573 1326 uno
586 1309 592 1326 :
610 1304 637 1326 et
652 1299 710 1326 dies
725 1299 770 1326 ille
788 1303 870 1326 notus
885 1298 1017 1330 Domino,
1033 1302 1060 1325 ct

277 1354 330 1372 non
348 1346 424 1376 dies,
447 1354 535 1380 neque
557 1354 627 1377 nox.
652 1345 686 1372 ad
707 1353 848 1380 vesperam
873 1346 925 1372 erit
945 1345 1003 1372 lux.
1027 1344 1060 1371 Et

276 1393 328 1418 erit
347 1393 374 1418 in
394 1392 438 1418 die
457 1393 520 1422 illa,
540 1391 696 1427 egredietur
715 1399 784 1425 aqua
803 1391 863 1417 viva
888 1391 922 1418 de
946 1390 1058 1418 Jerusa-

276 1439 350 1466 lem:
365 1437 507 1464 dimidium
523 1438 582 1472 ejus
594 1437 626 1464 ad
641 1444 714 1464 mare
728 1438 845 1471 primum
857 1457 864 1469 ,
877 1441 904 1464 et
916 1436 1058 1463 dimidium

275 1483 337 1516 ejus
356 1483 389 1509 all
410 1491 484 1510 mare
505 1483 630 1509 ultimum
647 1492 653 1509 :
674 1483 702 1509 in
721 1486 814 1510 aestate
833 1486 860 1509 et
880 1483 907 1509 in
928 1489 989 1509 vere
1008 1481 1059 1509 crit

278 1530 318 1557 sic
335 1539 341 1556 :
360 1533 386 1556 et
400 1531 453 1556 erit
469 1529 598 1557 Dominus
614 1530 642 1556 in
658 1537 748 1565 regem
773 1529 800 1555 in
823 1536 929 1556 omnem
946 1532 1057 1555 terram.

674 171 808 200 EUSEBII
828 170 1068 199 CESAKIENSIS
1084 171 1159 199 OPP.
1179 171 1270 198 PARS
1289 171 1321 198 Il.
1345 186 1379 191 —
1396 171 1643 201 APOLOGE‘I‘ICA.
1844 174 1898 202 ιπε

1370 231 1566 257 ΚΕΦΑΛΛῘΟΝ
1578 232 1632 258 ΙΗ¹.

1121 300 1191 328 Ἀπὸ
1209 300 1260 326 τοῦ
1281 299 1504 333 αὺτοῦ.-Περὶ
1526 299 1581 333 τῆς
1592 300 1644 326 τοῦ
1661 300 1770 334 Κτιρίου
1791 309 1901 334 παρευ-

1149 335 1228 370 alae,
1244 336 1292 361 καὶ
1315 334 1374 360 τῶν
1390 334 1462 360 κατὰ
1478 336 1510 361 τὸ
1527 335 1621 368 πάθος
1640 335 1733 362 αὑτοῦ
1742 335 1899 370 συμϐησο-

1146 369 1254 404 μένων.

1152 436 1161 452 ‹
1185 427 1250 453 Ἰδοὺ
1281 426 1381 462 ἡμέραι
1406 427 1527 462 ἔρχονται
1541 426 1587 453 τοῦ
1611 427 1724 462 Κυρίου,
1739 427 1786 454 καὶ
1801 427 1897 462 διαμε-

1116 471 1287 506 ρισθήσονται
1310 473 1344 498 τὰ
1370 472 1456 498 σκῦλά
1483 481 1528 498 σου
1556 473 1584 498 ἐν
1613 473 1664 503 σοὶ,
1688 473 1735 499 καὶ
1745 472 1898 504 ὲπισυνάξω

1114 518 1202 545 πάντα
1224 519 1257 545 τὰ
1286 518 1349 554 ἔθνη
1363 519 1408 545 ἐπὶ
1438 518 1614 555 Ἰερουσαλὴμ
1643 519 1682 550 εἰς
1699 519 1816 554 πόλεμον
1828 528 1834 534 ·
1850 519 1898 545 καὶ

1114 564 1246 591 ἁλώσεται
1261 566 1277 598 ἡ
1293 564 1378 596 πόλις,
1393 565 1440 590 καὶ
1461 564 1726 599 διαρπαγήσονταιαὶ
1738 564 1832 596 οἰκίαι,
1849 564 1899 591 καὶ

1113 610 1141 634 αἱ
1177 610 1306 642 γυναῖκες
1340 608 1567 644 μολυνθὴσονται,
1599 609 1645 634 καὶ
1673 608 1898 645 ὲξελεύσεταιπεδ

1112 654 1198 688 ἥμισυ
1215 654 1264 688 τῆς
1281 654 1382 685 πόλεως
1397 655 1425 680 ὲν
1442 653 1625 689 αἰχμαλωσίᾳ.
1644 654 1674 680 Οἱ
1692 654 1720 680 δὲ
1735 654 1896 681 κατάλοιποι

1113 698 1160 724 τοῦ
1173 698 1237 724 λαοῦ
1254 708 1303 734 μου
1317 699 1346 724 οὺ
1362 699 1399 734 μὴ
1420 698 1638 734 ἐξολοθρευθῶσι,
1660 699 1706 725 καὶ
1727 698 1897 732 ἐξελεύσεται

1113 744 1223 778 Κύριος,
1248 745 1296 771 καὶ
1320 744 1504 780 παρατάξεται
1526 744 1554 770 ἐν
1571 745 1626 776 τοῖς
1642 744 1746 771 ἔθνεσιν
1772 744 1896 776 ἐκείνοις,

1113 791 1205 824 καθὼς
1218 792 1308 827 ἡμέρα
1325 792 1503 828 παρατάξεως
1520 792 1601 819 αὑτοῦ
1619 793 1648 819 ὲν
1662 793 1752 828 ἡμέρᾳ
1766 792 1895 827 πολέμου.

1113 839 1167 865 Καὶ
1181 839 1323 874 στήσονται
1344 840 1368 864 οἱ
1396 839 1474 871 πόδες
1491 832 1573 866 αὑτοῦ
1589 839 1618 864 ὲν
1634 840 1666 874 τῇ
1688 839 1779 874 ἡμέρᾳ
1793 839 1896 873 ἐκείνῃ,

1114 885 1159 911 ἐπὶ
1172 885 1202 910 τὸ
1227 885 1288 920 ὅρος
1302 885 1355 911 τῶν
1377 885 1488 912 Ἐλαιῶν
1502 886 1543 917 τὸ,
1559 885 1699 912 κατέναντι
1721 884 1898 920 Ἰερουσαλὴμ

1112 930 1141 962 ἐξ
1162 931 1308 962 ἀνατολῶν,
1335 932 1381 957 καὶ
1404 931 1577 967 σχισθτῆσεται
1594 931 1623 957 τὸ
1642 930 1704 965 ὄρος
1729 930 1852 962 Ἐλαιῶν,
1865 930 1897 956 τὸ

1111 977 1195 1012 ἥμισυ
1224 977 1305 1003 αὐτοῦ
1331 977 1399 1013 πρὸς
1430 977 1575 1004 θάλασσαν.
1595 977 1667 1008 Χάος
1690 976 1760 1011 μέγα
1783 975 1896 1011 σφόδρα,

1112 1023 1157 1048 καὶ
1173 1023 1258 1048 κλινεῖ
1270 1023 1299 1049 τὸ
1311 1024 1395 1058 ἥμισυ
1410 1023 1455 1049 τοῦ
1479 1023 1559 1058 ὅρους
1572 1024 1639 1058 πρὸς
1654 1023 1699 1048 τὸν
1714 1022 1830 1058 Βορρᾶν,
1848 1024 1897 1049 καὶ

1111 1069 1140 1095 τὸ
1155 1069 1240 1104 ἥμισυ
1269 1068 1350 1095 αὐτοῦ
1368 1069 1435 1104 πρὸς
1451 1069 1546 1095 Νότον.
1568 1069 1623 1095 Καὶ
1640 1068 1864 1103 ἐμφραχθήσεται
1878 1069 1896 1104 ἡ

1111 1114 1202 1146 κοιλὰς
1217 1114 1270 1140 τῶν
1285 1115 1369 1150 ὀρέων
1384 1123 1444 1150 μου,
1462 1115 1507 1141 καὶ
1517 1114 1744 1150 ἐγκολληθήσεται
1757 1115 1774 1149 ἡ
1788 1114 1897 1149 φάραγξ

1111 1161 1194 1196 ὀρέων
1219 1161 1272 1192 ἕως
1304 1161 1403 1196 ’Λσαὴλ
1416 1170 1422 1176 ·
1440 1162 1486 1187 καὶ
1512 1160 1734 1196 ὲμφραχθήσεται
1755 1161 1783 1187 ὃν
1796 1161 1897 1196 τρόπον

1111 1206 1245 1240 ὲνεφράγη
1269 1206 1322 1232 ἀπὸ
1347 1205 1491 1241 προσώπου
1512 1205 1557 1232 τοῦ
1583 1205 1706 1241 σεισμοῦ.
1724 1206 1752 1232 ἐν
1778 1206 1897 1242 ἡμέραις

1117 1251 1203 1283 Ὀζίου
1230 1251 1359 1286 βασιλέως
1399 1251 1492 1278 Ἰούδα.
1520 1252 1576 1278 Καὶ
1604 1251 1680 1278 ἔσται
1706 1253 1734 1278 ὲν
1749 1251 1841 1288 ἐκείνῃ
1862 1253 1895 1287 τῇ

1111 1298 1211 1333 ἡμέρᾳ,
1225 1299 1275 1324 οὐκ
1287 1298 1361 1324 ἔσται
1389 1298 1457 1332 φῶς,
1474 1298 1540 1324 ἀλλὰ
1549 1297 1644 1333 ψῦχος,
1654 1298 1700 1324 καὶ
1719 1298 1803 1332 πάγος
1818 1298 1895 1325 ἔσται

1112 1344 1175 1379 μίαν
1191 1344 1305 1379 ἡμέραν.
1317 1345 1370 1370 Καὶ
1381 1345 1398 1379 ἡ
1414 1345 1504 1380 ἡμέρα
1512 1345 1601 1380 ἐκείνη
1615 1344 1722 1379 γνωστὴ
1737 1344 1776 1379 τῷ
1790 1345 1895 1380 Κυρίῳ,

1110 1391 1157 1417 καὶ
1172 1392 1221 1426 οὐχ
1235 1390 1338 1426 ἡμέρα,
1352 1391 1399 1417 καὶ
1413 1391 1473 1426 οὐχὶ
1488 1390 1545 1422 νὺξ,
1562 1391 1592 1416 τὸ
1610 1390 1677 1425 πρὸς
1689 1391 1807 1426 ἑσπέραν
1820 1391 1896 1417 ἔσται

1111 1436 1177 1471 φῶς.
1194 1437 1249 1463 Καὶ
1258 1437 1333 1463 ἔσται
1346 1438 1374 1463 ἐν
1391 1438 1423 1471 τῇ
1434 1437 1522 1471 ἡμέρᾳ
1534 1436 1634 1472 ἐκείνῃ,
1647 1435 1815 1468 ἐξελεύσεται
1824 1436 1896 1473 ὕδωρ

1110 1482 1163 1514 ζῶν
1181 1481 1210 1514 ἐξ
1227 1483 1403 1519 Ἰερουσαλήμ
1415 1491 1422 1497 ο
1436 1482 1466 1508 τὺ
1480 1483 1564 1517 ἥμισυ
1580 1482 1662 1508 αὑτοῦ
1678 1484 1716 1514 είς
1735 1483 1782 1518 τὴν
1798 1483 1897 1509 θάλασ-

1111 1536 1159 1554 σαν
1175 1528 1222 1563 τὴν
1239 1527 1360 1564 πρώτην,
1377 1528 1423 1554 καὶ
1435 1528 1519 1563 ἥμισυ
1534 1527 1616 1554 αὐτοῦ
1641 1530 1680 1559 εἰς
1694 1527 1743 1563 τὴν
1759 1528 1897 1555 θάλασσαν

276 1572 306 1599 In
331 1572 375 1599 die
400 1573 444 1599 illa
470 1573 522 1599 erit
549 1572 679 1600 Dominus
709 1581 798 1606 unus,
823 1576 849 1600 et
874 1580 973 1600 nomen
998 1573 1059 1607 ejus

1111 1574 1159 1610 τὴν
1171 1575 1298 1610 ἐσχάτην.
1321 1575 1364 1600 Ἑν
1376 1574 1448 1609 θέρει
1459 1575 1505 1601 καὶ
1518 1575 1547 1600 ἐν
1568 1574 1627 1609 ἔαρι
1643 1574 1719 1600 ἔσται
1732 1574 1827 1606 οὕτως.
1841 1575 1897 1601 Καὶ

275 1627 359 1645 llllllm
371 1639 378 1650 ,
393 1619 565 1646 circumdans
578 1627 685 1647 omnem
701 1623 798 1646 terram
811 1638 818 1650 .
835 1623 861 1645 ct
874 1626 982 1645 omnem
995 1618 1061 1645 soli-

275 1663 395 1691 tudinem
411 1664 444 1691 ⁸⁸.
458 1674 467 1690 ι
481 1663 545 1691 Post
560 1665 675 1699 primatu
700 1665 870 1692 obsidionem
890 1664 1059 1699 Jerusalem,

274 1713 478 1745 extremamque
491 1710 563 1738 illius
577 1711 683 1738 ruinam
697 1715 723 1738 ct
735 1711 908 1739 solitudinem
918 1732 925 1742 ,
938 1720 998 1746 quae
1009 1712 1060 1739 sub

275 1754 429 1790 Babyloniis
444 1755 557 1787 accidit,
573 1761 688 1791 postque
703 1756 818 1783 reditum
834 1757 868 1784 ab
879 1757 970 1784 hostili
988 1764 1059 1785 terra

273 1801 308 1828 ad
324 1802 439 1836 patriam
452 1822 458 1834 ,
476 1802 522 1836 qui
540 1802 591 1829 sub
603 1801 674 1837 Cyro
688 1802 834 1830 Persarum
850 1811 913 1838 rege
927 1804 1058 1839 contigit,

273 1855 335 1875 eum
354 1848 434 1882 paulo
464 1853 526 1874 ante
547 1847 696 1876 Jerusalem
719 1849 868 1876 instaurata
902 1854 991 1882 esset,
1016 1858 1058 1877 re-

273 1898 456 1928 novatumque
472 1895 660 1922 sanctuarium
671 1915 679 1927 ,
694 1900 721 1922 et
740 1895 812 1930 quati
829 1895 900 1930 apud
918 1895 983 1922 illud
1000 1900 1059 1922 erat

274 1940 376 1970 altare,
401 1941 451 1966 sub
472 1939 552 1967 Dario
569 1941 651 1968 Persa
676 1949 798 1976 praesens
815 1942 889 1968 canit
906 1942 1038 1977 propheta
1050 1961 1057 1974 ,

274 1983 355 2019 285
371 1988 396 2011 et
412 1984 524 2018 posthac
542 1985 654 2012 alteram
669 1985 838 2012 obsidionem
851 1985 1002 2013 Jerusalem
1015 1986 1057 2013 l'u-

275 2037 363 2057 turam
386 2030 533 2065 signiﬁcat,
557 2039 638 2066 quam
662 2039 742 2065 passa
756 2036 799 2059 est
817 2039 832 2058 a
854 2031 986 2060 Romanis
1003 2041 1057 2059 non

274 2076 352 2108 alias,
367 2085 448 2111 quam
462 2082 523 2111 post
540 2078 654 2109 scelera,
669 2085 730 2112 quae
741 2078 800 2112 ejus
814 2078 982 2107 habitatores
993 2086 1058 2106 con-

274 2127 316 2149 tra
333 2122 500 2150 Salvatorcm
514 2127 637 2150 nostrum
650 2123 741 2150 Jesum
755 2124 894 2152 Christum
909 2126 966 2152 ausi
982 2130 1055 2152 sunt.

274 2168 495 2196 Manil‘estissime
507 2169 591 2204 igitur
607 2169 690 2196 etiam
712 2170 798 2196 hocin
816 2170 886 2202 loco.
906 2170 1056 2198 Salvatoris

274 2215 370 2246 nostri,
384 2214 431 2248 qui
447 2213 492 2240 Dei
508 2213 625 2241 Verbum
640 2218 691 2245 est,
713 2214 855 2250 adventus,
869 2219 895 2242 et
908 2224 968 2250 quae
982 2216 1056 2243 illius

274 2264 394 2295 tempore
420 2260 583 2290 acciderint.
608 2260 811 2294 signiﬁcantur:
830 2265 893 2288 sunt
907 2269 972 2289 vero
987 2263 1054 2295 haec,

273 2309 371 2343 partim
387 2316 446 2343 qua:
458 2316 511 2343 quo
526 2312 646 2342 tempore
661 2307 706 2333 ille
719 2314 816 2341 passus
827 2311 879 2338 est,
891 2312 1054 2345 gesta‘sunt,

271 2354 372 2390 partim
394 2362 454 2389 quae.
477 2353 550 2380 illico
574 2353 735 2380 Helnraieam
758 2354 897 2380 nationem
917 2354 1054 2388 oppressit

270 2400 388 2432 obsidio,
412 2403 439 2427 et
464 2400 550 2435 ipsius
571 2399 721 2426 Jerusalem
749 2400 926 2434 expugnatio,
944 2404 970 2426 ct
993 2404 1054 2434 post

271 2447 329 2481 ipsa
347 2447 415 2477 haec,
431 2446 537 2472 vocatio
559 2445 690 2480 gentium,
709 2445 845 2479 uniusque
861 2452 893 2471 ac
904 2445 990 2472 solius
1006 2444 1053 2471 Dei

271 2492 341 2526 apud
359 2500 439 2519 omne
455 2500 540 2526 genus
556 2491 695 2518 hominum
711 2491 842 2526 cognitio.
859 2491 995 2518 Cteterum
1011 2491 1054 2517 di-

271 2538 333 2565 vino
348 2538 450 2572 Spiritu
474 2538 580 2565 alﬂatus
596 2538 738 2572 propheta,
754 2545 816 2565 cum
836 2537 954 2572 quadam
976 2544 1052 2564 com-

270 2583 454 2616 miseratione,
464 2590 591 2618 tanquam
602 2584 624 2611 is
638 2584 684 2619 qui
697 2592 762 2612 suos
773 2584 805 2610 ad
815 2583 1052 2610 circumcisionem

271 2629 435 2662 pertinentes
451 2630 583 2663 tle-ploret,
608 2629 641 2656 ab
663 2629 861 2655 exclamatione
876 2633 972 2654 contra
991 2627 1052 2655 illos

271 2681 326 2700 sua:
349 2673 497 2708 prophetia:
516 2674 623 2700 initium
647 2673 729 2700 facit:
747 2673 805 2700 dies
826 2673 908 2707 igitur
930 2672 1051 2705 Domini,

271 2719 342 2745 sicut
364 2719 391 2746 in
416 2719 477 2746 aliis
498 2719 575 2752 locis,
591 2719 642 2745 hnc
659 2727 767 2754 quoque
782 2719 810 2746 in
835 2719 894 2746 loco
918 2718 1051 2750 nominat,

271 2768 300 2791 ut
314 2765 352 2791 sic
371 2769 476 2799 tempus
488 2765 600 2797 Christi,
622 2765 654 2792 ad
675 2765 799 2792 homines
815 2764 948 2793 adventus
966 2765 1050 2800 signi-

271 2811 344 2837 ticet:
369 2811 500 2845 planeque
517 2812 545 2838 in
561 2811 655 2839 eodem
670 2812 800 2845 ostendit,
819 2811 1049 2847 quemadmodum

325 2900 346 2914 "‘
359 2897 441 2926 Zacli.
458 2908 513 2933 liv,
527 2901 580 2929 i-‘J.

1113 1620 1187 1647 ἔσται
1205 1621 1305 1656 Κύριος
1329 1621 1368 1652 εἰς
1384 1620 1495 1655 βασιλέα
1516 1620 1561 1646 ἐπὶ
1576 1621 1664 1647 πᾶσαν
1677 1621 1725 1656 τὴν
1741 1621 1803 1656 γῆν,
1819 1622 1848 1647 ὲν
1862 1623 1895 1656 τῇ

1112 1667 1203 1702 ἡμέρᾳ
1218 1667 1308 1702 ἐκείνῃ
1334 1666 1410 1692 ἕσται
1424 1666 1524 1701 Κύριος
1535 1663 1585 1699 εἷς,
1603 1666 1650 1692 καὶ
1663 1667 1693 1692 τὸ
1707 1666 1791 1701 ὄνομα
1813 1666 1896 1693 αὑτοῦ

1111 1713 1150 1744 ἓν,
1168 1712 1283 1739 κυκλοῦν
1295 1712 1384 1738 πᾶσαν
1399 1711 1445 1746 τὴν
1462 1711 1513 1746 γῆν
1529 1712 1574 1738 καὶ
1592 1711 1642 1746 τὴν
1657 1710 1770 1747 ἔρημον.
1791 1720 1800 1736 ι
1819 1710 1898 1738 Μετὰ

1110 1756 1158 1792 τὴν
1173 1756 1283 1792 πρώτην
1314 1755 1471 1791 πολιορκίαν
1497 1756 1546 1791 τῆς
1578 1756 1764 1791 Ἰερουσαλὴμ,
1785 1756 1831 1783 καὶ
1847 1755 1897 1791 τὴν

1110 1801 1226 1836 παντελῆ
1251 1800 1407 1835 καθαίρεσιν
1439 1800 1533 1834 αὐτῆς,
1563 1800 1609 1826 καὶ
1625 1800 1763 1834 ἐρήμωσιν
1778 1798 1826 1834 τὴν
1844 1798 1896 1825 ὑπὸ

1110 1847 1296 1879 Βαϐυλωνίων,
1329 1847 1374 1872 καὶ
1391 1846 1459 1881 μετὰ
1482 1846 1530 1881 τὴν
1557 1838 1620 1871 ἀπὸ]
1632 1845 1680 1879 τῆς
1696 1844 1827 1880 πολεμίας
1844 1844 1896 1879 γῆς

1110 1893 1155 1918 ἐπὶ
1170 1892 1219 1928 τὴν
1233 1893 1334 1919 οἰκείαν
1361 1892 1500 1924 ἐπάνοδον,
1511 1890 1559 1926 τὴν
1573 1891 1619 1917 ἐπὶ
1640 1891 1731 1926 Κύρου
1758 1889 1804 1916 τοῦ
1826 1890 1897 1924 Περ-

1110 1938 1164 1964 σῶν
1175 1938 1306 1973 βασιλέως
1333 1937 1491 1972 γενομένην,
1507 1938 1568 1972 ἄρτι
1585 1936 1634 1970 τῆς
1653 1935 1828 1971 Ἰερουσαλὴμ
1847 1936 1896 1961 ἁν-

1109 1985 1310 2020 εγηγερμένης,
1331 1982 1527 2013 ἁνανεωθέντος
1542 1982 1569 2008 δὲ
1590 1981 1636 2008 τοῦ
1654 1982 1830 2015 ἁγιάσματος,
1847 1980 1895 2006 καὶ

1108 2029 1153 2056 τοῦ
1163 2029 1229 2064 πρὸς
1238 2028 1313 2063 αὐτῷ
1329 2027 1520 2062 θυσιαστηρίου
1537 2027 1583 2053 ἐπὶ
1595 2026 1707 2062 Δαρείου
1719 2025 1765 2051 τοῦ
1779 2025 1893 2061 Πέρσου,

1107 2076 1121 2101 ὁ
1135 2074 1228 2110 παρὼν
1239 2074 1381 2109 προφήτης
1397 2072 1529 2105 θεσπίζει,
1548 2072 1595 2108 τὴν
1608 2072 1676 2107 μετὰ.
1690 2071 1775 2098 ταῦτα
1801 2071 1894 2096 δευτέ-

1109 2129 1157 2156 ραν
1174 2121 1330 2156 πολιορκίαν
1352 2120 1400 2154 τῆς
1421 2119 1595 2154 Ἰερουσαλὴμ
1613 2118 1762 2154 σημαίνων,
1788 2117 1820 2153 ἢν
1843 2117 1893 2143 πέ-

1108 2167 1204 2193 πονθεν
1221 2166 1274 2193 ὑπὸ
1296 2165 1436 2201 Ῥωμαίων
1455 2165 1504 2192 οὐκ
1526 2165 1618 2192 ἄλλοτε
1641 2164 1657 2199 ἢ
1675 2163 1744 2199 μετὰ
1768 2162 1802 2189 τὰ
1823 2162 1893 2189 κατὰ

1107 2213 1153 2239 τοῦ
1175 2213 1300 2248 Σωτῆρος
1318 2212 1397 2248 ἡμῶν
1418 2211 1503 2247 Ἰησοῦ
1526 2210 1642 2246 Χριστοῦ
1663 2211 1717 2241 τοῖς
1739 2209 1893 2244 οἰκήτορσιν

1072 2257 1192 2294 Βαύτῆς
1222 2259 1418 2294 τετολμημένα.
1443 2257 1643 2293 Ἐναργέστατα
1674 2255 1815 2290 τοιγαροῦν
1846 2255 1893 2281 καὶ

1109 2304 1224 2331 ἐνταῦθα
1250 2305 1295 2330 τοῦ
1317 2305 1441 2339 Σωτῆρος
1458 2303 1535 2338 ἡμῶν
1551 2302 1597 2328 τοῦ
1619 2302 1684 2328 Θεοῦ
1705 2302 1790 2335 Λόγου
1810 2302 1825 2336 ἡ
1843 2310 1894 2328 πα-

1111 2350 1213 2385 ρουσία,
1229 2350 1322 2377 καὶτὰ
1348 2350 1392 2376 ἐπὶ
1418 2349 1500 2383 ταύτῃ
1525 2347 1714 2383 συμϐεϐηκότα
1740 2347 1890 2383 δηλοῦνται.

1109 2396 1200 2423 Ταῦτα
1214 2396 1242 2422 δὲ
1261 2394 1294 2431 ἦν
1314 2395 1380 2431 ὁμοῦ
1405 2395 1439 2421 τὰ
1459 2394 1521 2430 περὶ
1543 2394 1587 2420 τὸν
1609 2393 1701 2428 καιρὸν
1721 2393 1767 2419 τοῦ
1790 2393 1892 2425 πάθους

1108 2443 1188 2469 αὐτοῦ
1212 2442 1401 2477 πεπραγμένα,
1422 2441 1468 2468 καὶ
1490 2442 1506 2476 ἡ
1530 2441 1684 2476 παραυτίκα
1702 2439 1739 2475 τῷ
1759 2439 1891 2475 Ἐϐραίων

1108 2489 1177 2516 ἔθνει
1202 2489 1352 2516 ἐπελθοῦσα
1373 2488 1522 2522 πολιορκία,
1540 2488 1587 2513 καὶ
1610 2486 1660 2521 τῆς
1682 2485 1857 2522 Ἰερουσαλὴμ
1874 2486 1892 2521 ἡ

1108 2536 1217 2567 ἅλωσις,
1243 2536 1317 2570 καὶὴ
1335 2534 1402 2570 πρὸς
1423 2533 1526 2564 τούτοις
1551 2533 1642 2567 κλῆσις
1663 2532 1717 2558 τῶν
1733 2531 1827 2562 ἐθνῶν,
1843 2531 1891 2558 τοῦ

1106 2592 1136 2610 τε
1160 2583 1217 2614 ἐνὸς
1240 2583 1286 2609 καὶ
1308 2583 1388 2616 μόνου
1415 2581 1480 2608 Θεοῦ
1507 2582 1545 2612 εἰς
1571 2581 1625 2606 πᾶν
1645 2580 1720 2613 γένος
1740 2578 1891 2614 ἀνθρώπων

1106 2628 1261 2662 ἐπίγνωσις.
1279 2628 1312 2654 "U
1323 2636 1354 2662 γε
1366 2627 1417 2662 μὴν
1431 2625 1650 2661 πνευματοφόρος
1663 2625 1804 2660 προφήτης
1816 2631 1892 2659 περι-

1106 2674 1283 2709 παθέστερον,
1299 2673 1374 2700 ὼσὰν
1389 2674 1430 2699 ἐπ’
1452 2673 1560 2703 οἰκείοις
1577 2671 1772 2706 ὀλοφυρόμενος
1787 2670 1843 2700 τοῖς
1858 2670 1891 2696 ἐκ

1106 2721 1263 2756 περιτομῆς,
1279 2721 1310 2746 ἐκ
1325 2720 1374 2755 τῆς
1391 2720 1451 2746 κατ’
1468 2719 1555 2746 αὐτῶν
1572 2718 1749 2752 ἐκφωνήσεως
1765 2714 1888 2750 τὴνκατ-

1106 2767 1191 2803 αρχὴν
1211 2767 1356 2801 πεποίηται
1376 2766 1425 2800 τῆς
1452 2764 1626 2800 προφητείας.
1644 2762 1764 2797 Ἡμέρας
1795 2761 1826 2795 δὴ
1842 2758 1888 2786 οὖν

1105 2813 1151 2840 τοῦ
1168 2812 1280 2848 Κυρίου,
1292 2811 1431 2848 ὡσπεροῦν
1446 2811 1492 2837 καὶ
1505 2811 1532 2837 ὲν
1549 2809 1661 2844 ἑτέροις,
1678 2806 1814 2834 κάνταῦοα
1831 2806 1889 2832 6v:-
