2084 3216
189 173 245 202 £53

631 171 954 208 DEMONSTRATIONIS
968 170 1196 200 EVANGELICIE
1215 171 1279 199 LIB.
1300 171 1345 199 Vl.

1752 176 1806 204 454

233 229 284 262 ζει,
296 229 370 257 οὕτω
391 230 436 257 τὸν
456 230 549 266 χρόνον
559 230 609 264 τῆς
623 231 663 262 εἰς
676 229 833 265 ἀνθρώπους
852 229 899 255 τοῦ
912 229 964 264 Χρι

1030 227 1088 263 ipse
1101 227 1244 262 Dominus,
1258 233 1387 265 tanquam
1407 230 1497 259 lumen
1510 239 1615 265 verum,
1636 235 1805 269 propriorum

190 276 258 303 -στοῦ
281 277 434 314 παρουσίας
456 276 608 311 σημαίνων·
629 277 676 302 καὶ
701 275 793 309 σαφῶς
816 274 913 310 δηλῶν,
938 274 976 306 ὡς

187 321 246 357 ἄρα
260 322 276 348 ὸ
298 322 400 357 Κύριος
425 322 515 353 αὐτὸς,
532 319 576 348 οἶα
600 321 657 355 φῶς
675 320 800 356 ἀληθινὸν
823 320 975 355 τυγχάνων,

137 395 141 400 ,
190 366 264 394 ἰδίων
278 368 392 402 ποιητής
411 375 475 393 ποτε
498 368 640 402 γενήσεται
659 366 779 402 ἡμερῶν.
800 367 862 397 Τοῖς
881 366 909 392 δὲ
929 367 975 392 ἐπὶ

137 402 144 448 ξ
185 413 241 448 γῆς
253 413 359 440 -ἆπασιν
382 412 533 448 ἀνθρώποις
554 412 701 447 ἐπιλαμψει
717 413 771 439 τῶν
788 412 870 439 ἐθνῶν
886 413 973 439 ἁπάν-

136 458 144 493 ξ
184 467 253 490 tum,
273 458 354 485 αὐτόν
374 467 403 484 τε
429 459 475 485 καὶ
499 458 548 490 τὰς
571 460 682 490 ἀκτῖνας
708 458 753 485 τοῦ
780 459 869 494 φωτὸς
891 459 973 486 αὑτοῦ

134 503 141 512 ¹
185 504 420 539 καταδεξαμένων,
440 505 496 535 ὅτε,
511 504 565 530 τῶν
575 504 659 531 ἐθνῶν
680 505 805 531 ἁπάντων
824 504 974 540 φωτιζομέ-

188 558 242 576 νων
259 549 328 576 κατὰ
343 550 408 581 τὺ,ι
437 550 553 577 Τέθεικά
577 559 606 576 σε
631 551 670 582 εἰς
693 550 750 584 φῶς
776 550 906 586 διαθήκης
927 551 973 584 γέ-

186 604 260 627 νευς,
280 605 289 621 ι
305 596 335 622 τὸ
358 595 490 622 Ἰουδαίων
513 595 587 627 ἔθνος
609 596 652 622 διὰ
678 596 726 631 τὴν
749 597 788 627 είς
808 596 886 622 αὐτὸν
911 596 972 622 ἀπι-

186 641 277 674 στίαν,
293 643 351 673 τοῖς
376 642 499 676 ἐσχάτοις
510 643 695 678 περιπεσεῖται
718 642 821 668 δεινῶν.
847 642 971 668 Τοιοῦτον

185 687 243 722 γάρ
258 688 316 713 ἐστι
331 687 374 713 τό·
395 696 404 712 t
426 687 491 714 Ἰδοὺ
508 688 600 723 ἡμέρα
616 687 723 722 ἔρχεται
737 687 782 714 τοῦ
799 687 911 722 Κυρίου,
925 688 971 714 καὶ

181 732 440 768 διαμερισθήσονται
460 732 494 759 τὰ
508 733 594 759 σκῦλά
614 742 661 759 σου
681 734 710 759 ὲν
733 734 782 766 σοὶ,
796 734 842 760 καὶ
862 735 970 760 ἐπισυν-

185 778 243 810 eam
255 779 344 805 πάντα
356 779 391 805 τὰ
402 779 465 814 ἔθνη
480 779 526 805 ἐπὶ
543 779 718 814 Ἰερουσαλὴμ
729 780 768 810 εἰς
781 779 907 814 πόλεμον,
924 781 970 806 καὶ

181 824 318 852 ἁλώσεται
332 825 348 860 ἡ
368 825 454 857 πόλις,
470 825 516 852 καὶ
529 826 758 861 διαρπαγήσονται
773 827 801 852 αἱ
815 826 908 859 οίκίαι,
924 827 970 853 καὶ

185 871 213 896 αι
240 872 367 905 γυναῖκες
394 870 621 906 μολυνθήσονται,
655 872 700 897 καὶ
735 871 901 904 ἐξελεύσεται
939 872 969 898 τὺ

1026 274 1172 309 aliquando
1198 280 1296 303 auctor
1317 276 1364 304 ﬁet
1388 276 1504 311 dierum,
1521 282 1548 306 et
1570 279 1696 308 omnibus
1715 281 1761 315 qui
1778 282 1806 309 in

1025 324 1099 347 terra
1121 325 1185 349 sunt
1206 321 1360 350 hominibus
1380 323 1530 357 illucescet,
1553 332 1608 359 quo
1629 329 1753 361 tempore
1779 332 1806 355 et

1026 365 1116 400 ipsum
1139 370 1166 394 et
1192 367 1303 395 luminis
1319 368 1405 403 ipsius
1429 368 1530 401 radios,
1555 371 1687 398 universa:
1711 377 1806 407 gentes

1025 412 1184 447 suscipient,
1199 421 1259 448 quae
1269 414 1380 448 quidem
1397 414 1461 441 dum
1477 415 1714 451 illuminabuntur,
1728 418 1806 452 juxta

1024 457 1105 486 illud:
1125 467 1134 483 ‹
1147 458 1229 486 Posui
1244 463 1270 487 te
1282 460 1309 486 in
1326 460 1417 488 lumen
1427 462 1558 495 gentium,
1571 463 1599 489 in
1613 468 1804 492 testamentum

1023 503 1129 538 generis
1139 504 1173 536 ⁸⁵,
1191 514 1201 530 ι
1217 505 1319 532 interea
1339 505 1451 534 Judaica
1472 515 1548 542 gens,
1564 515 1674 544 propter
1689 510 1805 538 inﬁdeli-

1022 553 1104 576 tatem
1116 550 1246 578 adversus
1260 551 1347 582 illum,
1358 552 1385 578 in
1396 558 1515 580 extrema
1529 554 1630 582 incidet
1641 556 1803 584 infortunia.

1022 594 1088 622 Tale
1105 595 1189 631 igitur
1203 600 1244 623 est
1264 597 1347 624 illud:
1366 607 1375 623 (
1392 598 1459 626 Ecce
1475 599 1532 627 dies
1548 600 1622 627 venit
1639 600 1756 634 Domini,
1776 607 1803 628 et

1021 641 1176 669 dividentur
1198 643 1285 677 spolia
1309 647 1354 670 tua
1377 644 1404 670 in
1430 648 1467 675 te,
1485 649 1512 671 et
1525 645 1695 680 congregabo
1707 654 1802 674 omnes

1021 692 1114 723 gentes
1138 689 1165 715 in
1179 688 1329 716 Jerusalem
1345 689 1378 716 ad
1392 690 1502 722 bellum,
1518 694 1545 717 et
1566 693 1688 725 capietur
1703 692 1801 719 civitas

1020 739 1046 761 et
1070 735 1232 770 diripientur
1247 735 1345 762 domus
1369 740 1394 763 et
1416 736 1543 763 mulieres
1568 737 1753 769 l'tedabuntur,
1772 742 1799 764 et

1020 779 1173 813 egredietur
1194 779 1337 806 dimidium
1353 780 1471 806 civitatis
1494 780 1520 806 in
1538 781 1718 814 captivitate:
1736 781 1801 809 Post

1019 832 1083 852 vero
1099 826 1186 860 ipsius
1200 825 1350 852 Jerusalem
1366 826 1547 857 obsidionem,
1565 830 1668 854 eteam
1689 835 1749 862 qua:
1767 828 1800 855 il-

1019 871 1072 898 lico
1086 875 1179 898 secuta
1195 876 1237 898 est
1249 871 1370 898 Judaicce
1385 872 1472 906 gentis
1484 872 1653 903 servitutem,
1670 873 1800 909 deinceps

180 916 270 951 ἥμισυ
281 916 328 951 τῆς
336 916 439 948 πόλεως
455 917 483 943 ἐν
494 917 673 953 αἰχμαλωσίᾳ.
688 927 696 942 ι
710 917 786 943 Μετὰ
801 918 829 944 δὲ
841 917 888 953 τὴν
900 917 964 944 κατᾶ

1021 916 1091 942 bona
1125 916 1251 944 omnibus
1275 916 1397 952 adjungit
1424 918 1588 949 communia,
1614 918 1654 944 sic
1678 908 1797 946 canens:

182 963 234 996 τῆς
253 961 427 998 Ἰερουσαλὴμ
453 961 619 998 πολιορὶιὶαν,
646 963 692 989 καὶ
720 963 768 998 τὴν
799 964 857 998 μετ’
885 963 969 1000 αὐτὴν

180 1007 370 1042 αἰχμαλωσίαν
397 1007 443 1033 τοῦ
468 1007 601 1034 Ἰουδαίων
616 1008 717 1039 ἔθνους,
744 1009 864 1042 ἐπιλέγει
893 1009 966 1044 ἑξῆς,

179 1052 273 1087 ἀγαθά
287 1054 342 1084 τοῖς
362 1053 427 1078 πᾶσι
445 1052 593 1084 θεσπίζων·
616 1062 624 1078 ε
645 1053 700 1079 Καὶ
714 1053 790 1079 ἔσται
812 1053 912 1088 Κύριος
930 1055 968 1085 είς

182 1097 295 1131 βασιλέα
314 1097 360 1123 ἐπὶ
383 1099 474 1124 πᾶσαν
490 1097 538 1133 τὴν
551 1098 602 1132 γῆν
614 1106 620 1112 ·
637 1095 650 1124 ’›
665 1099 712 1125 καὶ
728 1099 823 1125 πάλιν·
845 1108 854 1124 ‹
873 1100 968 1126 Ἔσται

181 1142 284 1179 Κύριος
296 1141 346 1174 εἷς,
365 1145 410 1170 καὶ
434 1143 464 1169 τὺ
484 1143 568 1178 ὄνομα
590 1144 670 1170 αὑτοῦ
693 1144 731 1176 ἓν,
747 1144 861 1171 κυκλοῦν
880 1146 968 1171 πᾶσαν

178 1190 231 1225 τὴν
247 1189 299 1224 γῆν
313 1189 360 1216 καὶ
377 1189 425 1224 τὴν
445 1189 555 1224 ἔρημον.
577 1199 586 1215 ι
606 1189 684 1216 Ἀλλὰ
701 1190 755 1226 γὰρ
779 1191 824 1216 καὶ
847 1190 878 1216 τὺ
905 1190 968 1218 Ἰου-

176 1234 264 1262 δαίων
276 1235 351 1267 ἔθνος
366 1235 476 1262 τοιαῦτα
500 1235 639 1263 πείσεσθαι
667 1238 695 1262 ἐν
716 1238 775 1267 ταῖς
799 1235 846 1262 τοῦ
866 1237 967 1271 Κυρίου

178 1281 300 1316 ἡμέραις
315 1282 364 1317 τῆς
380 1283 556 1317 προρρήσεως
578 1283 798 1318 ἀποφηναμένης,
816 1283 858 1314 τίς
872 1283 920 1309 οὐκ
934 1283 966 1309 ἂν

181 1326 330 1361 θαυμάσειε
353 1327 402 1361 τῆς
424 1328 600 1362 προρρήσεως
623 1328 653 1354 τὸ
675 1328 862 1363 ἀποτέλεσμα;
877 1329 966 1363 ’Ἅμα

180 1372 237 1408 γὰρ
256 1373 359 1408 Ἰησοῦς
375 1375 389 1399 ό
409 1374 504 1408 Σωτὴρ
518 1374 563 1400 καὶ
576 1374 676 1410 Κύριος
696 1374 772 1410 ἡμῶν
790 1375 889 1411 παρῆν,
905 1375 967 1409 ἠσέ-

176 1418 246 1444 60w
257 1427 288 1444 τε
301 1420 340 1450 είς
354 1419 434 1445 αὑτὸν
448 1420 472 1445 οἰ
491 1421 522 1446 ὲκ
541 1420 698 1455 περιτομῆς,
712 1421 758 1446 καὶ
775 1421 862 1447 πάντα
876 1420 966 1451 αὐτοῖς

175 1464 287 1499 ἀθρόως
298 1465 331 1490 τὰ
347 1466 580 1500 προηγορευμένα,
595 1466 661 1500 μετὰ
672 1466 894 1492 πεντακοσιοστὺν
907 1466 965 1497 ἔτος

175 1510 231 1546 ³τῆς
246 1512 433 1547 προρρήσεως,
458 1511 550 1543 τέλους
560 1512 714 1547 ἐτύγχανεν,
732 1511 762 1544 ἐξ
781 1512 862 1539 αὑτοῦ
884 1512 965 1539 Πιλά-

173 1565 238 1590 ιεου,
259 1557 307 1583 καὶ
337 1546 416 1593 μέχρι
442 1557 492 1592 τῆς
518 1558 586 1584 κατὰ
605 1558 717 1593 Νέρωνα
749 1558 794 1584 καὶ
813 1558 889 1584 Τίτον
918 1559 965 1585 καὶ

174 1603 381 1630 Οὐεσπασιανὸν
404 1603 569 1639 πολιορκίας,
593 1604 622 1629 οὺ
643 1603 845 1630 διαλελοιπότων
867 1605 964 1636 αὐτοὺς

178 1648 314 1675 παντοίων
331 1648 377 1674 καὶ
391 1648 546 1683 ἐπαλλήλων
563 1648 720 1684 συμφορῶν,
739 1649 776 1680 ὡς
791 1649 919 1684 πάρεστιν
933 1651 964 1676 ὲκ

176 1694 228 1730 τῆς
253 1694 366 1721 Φλαυΐου
396 1695 524 1730 Ἰωσήπου
549 1695 700 1730 γραφείσης
726 1695 844 1730 ἱστορίας
869 1695 964 1722 ἀναλέ-

177 1739 285 1772 ξασθαι.
308 1740 374 1767 Τότε
396 1740 445 1775 μὲν
466 1739 512 1767 οὗν
535 1741 606 1773 εἰκὸς
629 1741 659 1767 τὸ
682 1742 767 1776 ἥμισυ
791 1742 839 1776 τῆς
862 1741 964 1773 πόλεως

176 1785 347 1813 ἀπολωλέναι
366 1788 399 1822 τῇ
416 1787 566 1822 πολιορκίᾳ,
588 1787 624 1819 ὦς
650 1796 731 1823 φησιν
752 1789 768 1822 ή
795 1788 961 1822 προφητεία⁶

178 1832 238 1867 μετ’
252 1832 283 1858 οὐ
299 1832 381 1859 πολὺν
405 1833 433 1859 δὲ
454 1834 558 1868 χρόνον,
576 1834 646 1860 κατὰ
668 1834 804 1869 Ἀδριανὸν
829 1826 962 1869 αἶῦτοκρά-

173 1885 255 1913 τορα,
269 1880 400 1913 κινήσεως
410 1876 486 1909 αὖθις
503 1878 650 1910 Ἰουδαϊκῆς
659 1879 816 1914 γενομένης,
827 1879 857 1905 τὸ
873 1879 962 1905 λοιπὸν

176 1922 228 1957 τῆς
242 1923 344 1954 πόλεως
355 1922 436 1958 μέρος
447 1923 542 1958 ἥμισυ,
553 1923 728 1958 πολιορκηθὲν
739 1922 816 1956 αὖθις
829 1923 963 1956 ἐξελαύνε-

174 1975 233 1999 ται,
243 1968 281 1999 ὡς
291 1967 319 2000 ἐξ
329 1968 432 1995 ἐκείνου
444 1969 490 1994 καὶ
503 1969 541 2000 είς
551 1969 628 2004 δεῦρο
640 1969 754 2003 πάμπαν
763 1969 860 1995 ἄϐατον
873 1969 961 2000 αὐτοῖς

173 2013 302 2048 γενέσθαι
315 2014 360 2040 τὸν
375 2015 465 2040 τόπον.
478 2015 509 2041 Εἰ
518 2014 546 2040 δὲ
556 2015 626 2048 λέγοι
636 2024 678 2047 τις
689 2015 757 2042 κατὰ
772 2015 903 2049 ’Λντίοχον
916 2015 961 2041 τὸν

182 2059 317 2094 Ἐπιφανῆ
330 2059 416 2086 ταῦτα
430 2060 637 2095 πεπληρῶσθαι,
656 2060 807 2094 σκεψάσθω,
823 2061 846 2086 εἰ
862 2057 916 2092 οἷός
932 2060 961 2087 τέ

175 2106 252 2131 ἐστιν
267 2105 419 2132 ἀποδιδόναι
436 2106 483 2132 καὶ
502 2105 536 2132 τὰ
556 2106 636 2132 λοιπὰ
650 2106 698 2141 τῆς
710 2106 876 2141 προφητείας
891 2106 961 2132 κατὰ

173 2151 240 2182 τοὺς
261 2151 394 2186 Ἀντιόχου
407 2151 518 2186 χρόνους
527 2160 533 2166 ·
550 2150 604 2178 οἷον
617 2151 648 2177 τὸ
661 2151 846 2186 αἰχμαλωσίαν
861 2160 959 2177 πεπον-

174 2195 252 2223 θέναι
267 2195 312 2222 τὸν
327 2196 400 2227 λαὸν,
418 2196 462 2223 καὶ
476 2196 506 2222 τὺ
519 2197 612 2231 στῆναι
624 2197 686 2227 τοὺς
702 2197 783 2228 πόδας
798 2197 900 2232 Κυρίου
913 2197 958 2223 ἐπὶ

1023 971 1031 986 ι
1048 960 1080 987 Ει
1094 962 1145 988 crit
1158 961 1288 989 Dominus
1302 963 1330 988 in
1344 970 1432 997 regem
1449 963 1476 989 in
1492 971 1598 990 omnem
1613 967 1722 990 terram.
1740 973 1748 989 ›
1767 964 1800 990 Et

1019 1017 1129 1036 rursus:
1145 1018 1154 1034 ι
1168 1009 1224 1036 Erit
1236 1009 1365 1037 Dominus
1377 1018 1457 1042 unus,
1470 1014 1496 1037 et
1509 1018 1607 1038 nomen
1619 1011 1691 1038 illius
1702 1019 1797 1043 unum,

1019 1055 1141 1083 ambiens
1154 1063 1262 1082 otnnem
1278 1059 1378 1082 terram
1389 1061 1416 1083 et
1432 1055 1616 1084 solitudinem.
1635 1066 1644 1082 ›
1665 1056 1798 1084 Sedenim

1018 1108 1079 1126 cum
1099 1100 1258 1127 vaticinium
1282 1101 1414 1133 enuntiet,
1440 1102 1581 1129 .lndaicam
1607 1106 1713 1137 gentem
1738 1110 1799 1130 esse

1018 1146 1082 1172 talia
1098 1153 1286 1180 perpessurum
1304 1147 1331 1174 in
1345 1147 1440 1174 diebus
1458 1147 1575 1179 Domitii,
1588 1148 1650 1182 quis
1671 1155 1725 1174 non
1744 1148 1800 1175 exi-

1017 1195 1075 1217 tum
1097 1192 1218 1219 vaticinii
1243 1192 1411 1220 admiretur?
1446 1193 1512 1219 Nam
1539 1193 1619 1220 simul
1654 1201 1686 1220 ac
1716 1193 1798 1221 Jesns

1019 1234 1143 1262 Salvator
1158 1244 1188 1262 ac
1206 1236 1336 1264 Dominus
1353 1242 1445 1264 noster
1460 1238 1579 1269 advenit,
1589 1239 1692 1272 quique
1704 1238 1736 1265 ad
1745 1238 1798 1265 cir-

1017 1283 1212 1310 cumcisioucm
1229 1284 1373 1318 pertinent,
1390 1284 1493 1310 nefaria
1511 1284 1642 1312 adversus
1660 1285 1736 1311 illum
1755 1284 1795 1311 l'a-

1017 1329 1111 1355 cinora
1126 1333 1326 1364 perpetrarunt,
1343 1331 1433 1356 omnia
1451 1330 1504 1357 illis
1516 1338 1575 1365 quae
1591 1330 1718 1365 praedicta
1735 1329 1796 1357 fue-

1016 1378 1088 1407 rant,
1113 1375 1336 1409 quinquagesimo
1361 1375 1395 1401 ab
1420 1375 1479 1410 ipsa
1511 1376 1686 1410 pra-dictione
1711 1383 1794 1409 anno,

1016 1421 1163 1448 acervatim
1179 1425 1338 1453 evenerunt,
1354 1421 1436 1456 286
1453 1422 1588 1456 linemque
1605 1422 1701 1449 sortita
1716 1426 1795 1449 sunt:

1016 1474 1078 1494 cum
1095 1467 1219 1494 videlicet
1235 1468 1269 1494 ab
1290 1468 1350 1502 ipso
1365 1467 1453 1494 Pilato
1472 1476 1557 1502 usque
1573 1468 1606 1495 ad
1621 1467 1754 1495 Neronem
1769 1474 1797 1495 et

1016 1513 1105 1540 Titum
1124 1521 1156 1540 ac
1180 1513 1386 1548 Vespasianum,
1408 1515 1454 1549 qui
1469 1515 1606 1542 civitatem
1631 1514 1797 1542 obsederunt

1016 1566 1150 1593 nusquam
1168 1558 1229 1586 illos
1247 1560 1336 1586 omnis
1356 1559 1474 1594 generis,
1499 1563 1526 1586 et
1537 1559 1596 1586 alia:
1621 1567 1701 1594 super
1725 1559 1794 1586 alias

1016 1605 1173 1639 ingruentes
1189 1606 1358 1633 calamitates
1381 1605 1540 1637 defecerint,
1562 1605 1793 1640 quemadmodum

1015 1651 1094 1679 facile
1113 1656 1154 1679 est
1175 1660 1208 1679 ex
1237 1660 1268 1679 ea
1294 1652 1408 1679 historia
1433 1660 1514 1687 quam
1537 1652 1645 1679 Flavius
1660 1652 1795 1686 Josephus

1015 1697 1133 1731 scripsit,
1151 1698 1295 1732 colligere:
1312 1702 1376 1725 tunc
1399 1705 1465 1725 sane
1487 1697 1616 1725 credibile
1638 1702 1690 1729 est,
1713 1698 1795 1724 dimi-

1014 1742 1089 1768 dium
1106 1743 1225 1770 civitatis
1244 1743 1359 1778 periisse
1373 1743 1526 1774 obsidione,
1543 1747 1572 1769 nt
1587 1743 1624 1769 ait
1640 1743 1792 1778 prophetia.

1014 1788 1092 1815 Haud
1111 1797 1176 1816 vero
1196 1789 1232 1815 ita
1251 1789 1335 1816 multo
1348 1793 1419 1824 post,
1438 1797 1500 1815 cum
1520 1789 1657 1816 Adrianus
1677 1789 1794 1823 impera-

1014 1838 1066 1866 ret,
1085 1834 1200 1861 Judaico
1212 1842 1308 1862 rursus
1330 1838 1423 1860 exorto
1449 1834 1577 1867 tumultu,
1608 1841 1667 1868 qua:
1689 1834 1793 1868 reliqua

1013 1880 1100 1907 fuerat
1126 1888 1188 1914 pars
1209 1879 1320 1906 dimidia
1343 1879 1472 1910 civitatis,
1500 1887 1597 1907 rursus
1611 1879 1722 1906 obsessa
1746 1887 1793 1906 cx-

1012 1926 1132 1960 pellitur,
1148 1927 1215 1953 adeo
1230 1925 1349 1960 quidem,
1367 1930 1396 1952 ut
1410 1926 1444 1953 ab
1459 1926 1506 1952 illo
1519 1931 1641 1960 tempore
1659 1933 1746 1960 usque
1763 1925 1792 1953 in

1013 1972 1173 1999 hodiernum
1193 1972 1274 2003 diem,
1293 1972 1401 2006 penitus
1419 1972 1554 1999 instabilis
1575 1972 1664 1999 omnis
1680 1972 1734 1999 illis
1754 1971 1793 1998 fa-

1018 2022 1079 2045 ctus
1092 2018 1127 2044 sit
1148 2018 1234 2045 locus.
1253 2017 1331 2049 Quod
1359 2017 1382 2044 si
1404 2017 1466 2052 quis
1483 2017 1556 2044 dicat
1582 2017 1633 2044 sub
1658 2017 1791 2044 Antiocho

1011 2063 1151 2099 Epiphane
1171 2064 1228 2090 ham
1249 2064 1382 2098 completa
1403 2063 1498 2095 fuisse,
1516 2064 1598 2091 etiam
1615 2068 1696 2098 atque
1710 2065 1791 2091 etiam

1011 2109 1164 2137 consideret
1180 2114 1270 2136 utrum
1287 2110 1374 2144 possit
1396 2110 1498 2144 reliqua
1523 2110 1587 2136 item
1603 2117 1663 2144 qua:
1681 2118 1714 2137 ex
1740 2110 1791 2137 hac

1010 2156 1151 2190 prophetia
1166 2160 1323 2190 supersunt,
1338 2155 1371 2182 ad
1392 2156 1519 2182 Antiochi
1536 2160 1658 2190 tempora
1675 2155 1789 2188 referre,

1011 2201 1166 2236 cujusmodi
1183 2201 1249 2228 illud
1271 2205 1323 2233 est,
1346 2202 1417 2235 quod
1439 2202 1555 2236 populus
1581 2202 1739 2229 servitutem
1754 2202 1790 2230 sit

173 2241 206 2268 τὸ
221 2241 274 2268 τῶν
291 2242 401 2268 Ἐλαιῶν
417 2242 488 2278 ὅρος,
506 2243 552 2268 καὶ
565 2244 588 2268 εἰ
606 2243 699 2276 γέγονε
713 2243 812 2277 Κύριος
831 2244 869 2274 εἰς
883 2243 958 2277 βασι-

1020 2254 1117 2279 iassus,
1148 2247 1220 2282 quod
1243 2247 1326 2281 pedes
1352 2246 1459 2273 Domini
1484 2247 1510 2273 in
1532 2251 1624 2274 monte
1649 2246 1788 2274 Olivarum

173 2287 226 2314 λέα
239 2288 285 2314 ἐπὶ
306 2289 394 2314 πᾶσαν
411 2288 460 2322 τὴν
476 2288 526 2323 γῆν
542 2289 570 2314 ὲν
590 2289 622 2323 τῇ
646 2289 737 2324 ἡμέρᾳ
754 2289 853 2325 ἐκείνῃ,
869 2290 916 2316 καὶ
935 2290 958 2315 εί

172 2333 205 2360 νὺ
220 2332 305 2368 ὀνομα
322 2334 423 2369 Κυρίου
440 2333 577 2360 ὲκύκλωσε
600 2334 648 2368 τὴν
662 2334 712 2368 γῆν
733 2335 832 2366 πᾶσαν,
849 2335 896 2361 καὶ
910 2334 957 2370 τὴν

173 2379 287 2416 ἔρημον,
302 2379 345 2406 ὅτε
365 2379 414 2415 τῆς
435 2379 532 2414 Συρίας
555 2379 687 2414 Ἀντίοχος
710 2380 828 2416 ἐκράτει.
854 2381 908 2406 Καὶ
923 2381 958 2407 τὰ

171 2425 256 2452 ὶοιπὰ
265 2425 293 2452 δὲ
304 2425 354 2460 τῆς
365 2426 552 2461 προρρήσεως,
567 2425 657 2451 ὁποίου
672 2425 763 2456 τέλους
775 2425 877 2460 ἔτυχεν,
898 2426 957 2452 Ἀν-

172 2472 264 2507 τιόχου
282 2471 474 2507 βασιλεύοντος,
493 2471 550 2501 πῶς
566 2479 608 2501 τις
631 2470 763 2497 ἀποδώσει
777 2479 784 2503 ;
800 2470 867 2497 Καθ’
886 2472 958 2506 ἡμᾶς

171 2518 202 2545 δὲ
216 2518 314 2551 ταῦτα,
330 2518 376 2544 καὶ
399 2517 466 2552 πρὸς
486 2517 557 2550 λέξιν
579 2517 626 2552 μὲν
644 2517 816 2547 ἀποδέδοται,
829 2517 874 2543 καὶ
896 2517 955 2543 καθ’

171 2564 270 2600 ἑτέραν
281 2564 309 2591 δὲ
321 2563 450 2591 διάνοιαν.
461 2562 536 2589 Μετὰ
550 2562 603 2597 γὰρ
615 2563 664 2597 τὴν
677 2562 722 2588 τοῦ
738 2562 861 2598 Σωτῆρος
878 2564 894 2597 ὴ
899 2562 956 2597 μῶν

177 2608 266 2644 Ἰησοῦ
281 2607 400 2644 Χριστοῦ
422 2607 582 2642 παρουσίαν,
603 2608 620 2642 ἡ
638 2606 712 2638 πόλις
728 2607 826 2638 αὐτῶν,
842 2606 909 2642 αὕτη
924 2615 955 2640 γε

170 2655 189 2689 η
209 2653 394 2689 Ἰερουσαλὴμ,
406 2653 453 2679 καὶ
472 2653 502 2679 τὸ
525 2654 578 2679 πᾶν
596 2653 729 2687 σύστημα,
742 2654 788 2679 καὶ
807 2653 956 2688 πολίτευμα

170 2699 222 2735 τῆς
234 2699 314 2733 ζκατὰ
333 2699 380 2726 τὸν
399 2699 481 2734 νόμον
500 2698 620 2729 Μωσέως
637 2698 782 2733 θρησκείας
799 2698 952 2733 καθῃρεῖτο.

169 2746 273 2773 Αὐτίκα
288 2746 317 2772 δὲ
340 2745 389 2780 τὴν
413 2745 482 2772 κατὰ
497 2745 613 2771 διάνοιαν
634 2744 818 2779 αἰχμαλωσίαν
835 2744 901 2779 πρὸς
921 2747 952 2780 τῇ

170 2794 313 2829 οωματικῇ
347 2791 506 2824 πεπόνθαςι,
530 2792 574 2819 τὸν
605 2790 718 2826 Σωτῆρα
739 2791 785 2818 καὶ
809 2791 952 2826 Λυτρωτὴν

202 2882 224 2898 ⁸⁸
237 2883 290 2910 lsa.
307 2890 383 2914 xux,
399 2882 427 2909 6.

1010 2293 1146 2324 steterint,
1165 2298 1192 2319 et
1209 2298 1299 2320 utrum
1322 2292 1454 2319 Dominus
1474 2293 1502 2319 in
1526 2292 1570 2319 die
1595 2293 1640 2319 illa
1656 2293 1682 2319 in
1699 2300 1788 2326 regem

1009 2337 1092 2364 fuerit
1112 2338 1139 2364 in
1156 2346 1264 2365 omnem
1286 2342 1397 2369 terram,
1413 2344 1439 2364 et
1455 2342 1545 2364 utrum
1567 2345 1665 2364 nomen
1683 2336 1788 2362 Domini

1009 2384 1134 2411 ambierit
1155 2392 1263 2411 omnem
1279 2389 1388 2414 terram,
1406 2388 1432 2411 et
1450 2383 1635 2415 solitudinem,
1652 2391 1706 2417 quo
1720 2387 1787 2408 tem-

1008 2438 1074 2464 pore
1093 2429 1198 2465 Syriam
1223 2430 1376 2457 Antiochus
1400 2430 1535 2457 obtinuit:
1554 2433 1580 2456 et
1599 2436 1658 2463 quae.
1682 2427 1786 2461 reliqua

1008 2479 1073 2502 sunt
1086 2475 1119 2502 de
1135 2475 1229 2502 eodem
1255 2477 1375 2508 oraculo,
1393 2483 1474 2510 quem
1498 2479 1562 2501 tunc
1585 2474 1664 2500 linem
1690 2473 1785 2500 sortita

1008 2522 1072 2552 sint,
1091 2521 1182 2555 aliquo
1204 2522 1285 2548 modo
1300 2527 1414 2548 conetur
1431 2521 1584 2548 ostendere.
1615 2518 1650 2545 At
1676 2519 1699 2545 si
1724 2519 1786 2553 quis

1006 2570 1128 2593 nostram
1155 2566 1288 2593 rationem
1310 2570 1450 2601 sequatur,
1479 2566 1517 2592 vel
1537 2564 1570 2591 ad
1595 2564 1707 2591 verbum
1728 2563 1785 2590 hac.

1006 2612 1129 2639 evenisse
1141 2612 1348 2644 demonstrabit,
1361 2616 1442 2646 atque
1453 2612 1480 2637 in
1495 2611 1576 2637 alium
1594 2610 1657 2637 item
1673 2617 1784 2637 sensum

1005 2659 1099 2686 eadem
1111 2658 1234 2692 accipere
1247 2658 1347 2694 poterit
1360 2668 1366 2685 ε
1381 2665 1443 2684 nam
1460 2661 1518 2692 post
1532 2655 1682 2683 Salvatoris
1697 2655 1785 2682 nostri

1004 2704 1069 2732 Jesu
1097 2704 1199 2732 Christi
1229 2704 1384 2736 adventum,
1409 2703 1505 2730 civitas
1529 2702 1648 2734 illorum,
1672 2702 1785 2736 ipsaque

1004 2750 1155 2778 Jerusalem
1182 2754 1263 2785 atque
1292 2750 1382 2777 omnis
1406 2753 1567 2781 conventus,
1595 2748 1785 2782 institutioque

1006 2797 1104 2829 civilis,
1118 2804 1177 2831 quze
1193 2797 1225 2824 ad
1248 2797 1330 2824 ritum
1344 2797 1556 2831 religionemque
1578 2794 1704 2823 Mosaicae
1716 2793 1783 2828 legis
