2084 3216
291 154 345 182 455

674 154 809 183 EUSEBll
828 154 1066 184 CAESARIENSIS
1085 156 1160 183 ()PP.
1176 156 1266 184 PARS
1286 157 1318 184 ll.
1334 173 1370 178 —
1387 157 1635 188 APOLOGETICA.

1869 164 1924 191 ἄιδϐ

291 214 418 248 pertinet,
430 221 525 242 eversa
537 214 698 249 sublataque
714 219 778 242 sunt
788 223 817 241 :e
827 215 996 250 vestigioque
1005 224 1064 244 eam

1127 217 1181 244 τῶν
1205 217 1382 253 ἀνθρωπίνων
1397 219 1492 254 ψυχῶν
1512 220 1549 256 μὴ
1570 220 1796 256 παραδεξάμενοι,
1814 220 1862 248 τὸν
1878 223 1924 249 ὲλ-

289 267 350 294 quae
362 260 394 287 ad
410 260 615 295 intelligentiam
630 264 745 294 spectat,
758 261 929 294 servitutem,
946 262 1076 297 adjuncta

289 307 371 333 etiam
388 314 420 334 ea
435 314 496 341 quis
513 314 659 341 corporum
676 310 728 337 est.
747 307 869 342 perpessi
887 312 961 341 sunt,
975 309 1077 344 quippe

289 351 336 386 qui
358 351 525 379 Salvatorem
550 360 582 380 ac
604 353 792 381 Liberatorém
815 354 997 383 humanarum
1016 357 1077 384 ani-

288 407 394 427 marum
416 407 472 427 non
496 400 678 435 susceperint,
703 409 765 428 eum
793 401 838 436 qui
858 407 980 435 venerat,
1000 407 1029 430 ut
1042 404 1076 431 iis

288 445 333 480 qui
350 446 484 473 malorum
503 446 657 473 dazmonum
675 447 745 474 servi
767 446 830 474 facti
851 452 954 481 essent,
976 449 1077 478 libera-

288 491 388 519 tionem
414 492 564 523 nuntiarct,
581 492 615 519 iis
632 492 707 524 ve‘ro,
722 492 768 527 qui
782 495 881 521 mentis
890 495 978 523 oculis
989 497 1074 531 capti,

286 537 364 565 visus
392 538 635 572 recuperationem.
656 537 719 566 Ilaec
736 539 828 574 itaque
841 547 903 567 cum
922 541 961 568 illi
978 542 1012 569 ob
1032 543 1075 570 in<

286 586 474 613 credulitatem
491 593 568 613 suam
583 586 771 620 pertulissent,
781 587 826 613 alii
841 595 936 616 omnes
949 589 1076 624 quicum-

285 640 338 667 que
359 639 438 660 suum
463 631 649 659 Liberatorem
674 637 854 667 agnoverunt,
878 634 1075 671 domesticique

286 678 361 705 illius
377 686 409 705 ac
424 678 573 706 familiares
589 677 676 706 ell‘ecti
697 682 773 711 sunt,
789 679 917 715 discipuli
940 682 1034 717 utique
1048 687 1075 710 et

287 724 417 758 apostoli,
433 728 460 751 et
479 724 887 760 evangelista,compluresque
900 727 958 758 alii.
977 728 1025 762 qui
1040 728 1074 755 de

283 771 493 799 circumcisione
504 772 617 806 profecti
627 773 654 799 in
669 773 758 808 ipsum
772 773 949 801 crediderunt
959 774 1003 810 (de
1014 774 1075 809 qui-

283 818 334 845 bus
340 818 378 845 ait
385 818 543 853 Apostolus:
556 828 565 844 ‹
574 817 620 845 Sic
627 819 708 846 etiam
716 827 788 847 nunc
796 820 917 855 reliquiae
924 821 1075 848 secundum

282 864 442 891 electionem
451 865 544 899 gratia:
554 864 632 891 facta:
640 869 704 892 sunt
711 865 747 898 lg‘5;
763 875 771 891 I
779 870 806 892 et
817 866 882 893 illud
892 866 976 893 :«Nisi
988 866 1075 893 Domi-

282 917 333 937 nus
345 903 465 937 Sabaoth
477 910 634 944 reliquisset
644 910 724 938 nobis
738 918 841 942 semen,
860 913 938 945 quasi
957 911 1074 939 Sodoma
1091 923 1112 950 η

282 954 346 982 facti
353 955 751 990 essemus.etquasiGomorrha
758 956 860 984 similes
867 956 1074 993 fuissemus“).i

281 1001 363 1037 287
375 1002 448 1030 illius
469 1002 632 1034 obsidionis,
655 1010 736 1038 quam
753 1010 803 1030 nos
816 1002 850 1029 ad
872 1003 1075 1038 intelligentiam

281 1047 437 1080 referimus,
452 1048 587 1076 immunes
606 1052 789 1083 expertosque
804 1052 867 1075 sunt
892 1049 1003 1080 servati,
1027 1057 1075 1077 ne-

280 1101 333 1128 que
349 1093 431 1128 hujus
450 1095 549 1126 solum,
566 1094 613 1122 sed
629 1095 711 1121 etiam
728 1095 812 1126 illius,
827 1102 887 1130 quae
901 1095 935 1122 ad
960 1096 1073 1123 verbum

280 1139 536 1174 intelligiturmam
560 1140 612 1174 ipsi
638 1141 753 1175 apostoli
783 1148 814 1168 ac
837 1141 962 1176 discipuli
982 1141 1074 1168 Salva-

280 1186 347 1213 toris
367 1186 464 1218 nostri,
481 1190 508 1213 et
523 1193 617 1213 omnes
637 1186 684 1221 qui
701 1193 735 1213 ex
750 1185 850 1213 Iudaeis
866 1187 898 1213 ad
915 1187 1003 1221 ipsum
1018 1195 1073 1215 cre-

279 1232 374 1260 dentes
385 1236 569 1263 accesserant,
582 1240 643 1259 cum
654 1233 748 1267 procul
763 1233 797 1260 ab
807 1232 898 1260 Jndrea
910 1237 981 1260 terra
993 1233 1071 1261 abes-

279 1283 350 1311 Jent,
371 1281 397 1305 et
414 1278 525 1313 reliquis
545 1282 637 1305 essent
659 1278 776 1305 immixti
797 1279 923 1313 gentibus
942 1286 1070 1306 :omnem

279 1331 385 1355 eorum,
397 1323 442 1358 qui
461 1324 598 1351 civitatem
613 1323 779 1356 incolebant,
795 1325 974 1360 perditionem
989 1328 1070 1359 atque

279 1370 418 1397 interitum
443 1369 571 1405 effugere,
586 1378 635 1405 per
655 1370 721 1397 illud
745 1375 851 1405 tempus
876 1370 955 1398 facile
971 1374 1068 1405 potue-

277 1419 353 1443 runt.
370 1415 447 1449 Quod
460 1416 549 1450 ipsum
567 1423 633 1443 sane
655 1416 737 1443 etiam
752 1416 894 1451 prophetia
914 1416 1068 1451 anticipans

277 1461 423 1493 cecinerat,
441 1462 494 1489 illis
513 1462 602 1489 verbis
617 1471 624 1487 :
644 1471 653 1487 ι
671 1460 722 1494 Qui
740 1466 830 1489 autem
847 1462 945 1497 reliqui
967 1462 1068 1490 fuerint

276 1507 310 1534 de
329 1508 430 1542 populo
452 1515 522 1540 meo,
542 1515 596 1534 non
629 1508 759 1542 peribunt
771 1507 807 1541 3“;
825 1517 834 1533 ι
863 1508 963 1543 quibus
989 1508 1066 1535 dein-

277 1561 341 1589 ceps
358 1553 481 1588 adiungit
497 1563 502 1580 :
523 1563 532 1579 ι
551 1551 584 1579 Ει
604 1553 759 1588 egredietur
784 1552 924 1586 Dominus,
948 1559 975 1582 et
990 1562 1066 1582 com-

277 1601 417 1635 parabitur
433 1600 464 1626 ad
479 1600 602 1635 praelium
618 1600 645 1626 in
661 1599 787 1634 gentibus
804 1599 869 1632 illis,
892 1599 1068 1634 quemadmo-

276 1647 339 1674 dum
365 1647 423 1674 dies
440 1646 525 1681 praelii
548 1646 608 1680 eius
627 1646 655 1672 in
681 1645 725 1672 die
749 1645 856 1672 belli".
875 1655 885 1671 ι
901 1645 935 1672 At
952 1653 1017 1673 vero
1039 1646 1066 1673 in

275 1693 374 1728 quibus
398 1693 507 1720 tandem
531 1692 659 1728 gentibus
684 1691 817 1719 Dominus
841 1692 1020 1727 prazliabitur,
1042 1693 1066 1720 si

274 1747 329 1766 non
356 1740 382 1766 in
409 1739 452 1766 his
477 1747 537 1774 qua:
569 1737 717 1765 Jerusalem
744 1738 929 1766 obsidebunt?
964 1739 1066 1766 indicat

274 1793 338 1813 vero
360 1785 449 1820 ipsum
467 1785 621 1816 oraculum,
639 1784 869 1819 quemadmodum
891 1785 949 1820 ipse
970 1784 1065 1811 Domi-

274 1839 327 1858 nus
344 1831 474 1858 auxilium
491 1830 560 1858 feret
575 1831 775 1861 obsidentibus,
791 1831 896 1865 eritque
913 1831 1021 1857 interim
1037 1831 1065 1857 in

275 1877 341 1909 illis,
360 1881 461 1904 etcum
484 1877 538 1904 illis
560 1877 594 1903 ad
610 1876 732 1911 praelium
753 1877 966 1911 comparabitur,
985 1877 1065 1911 quasi

275 1923 386 1958 quidam
405 1925 564 1957 imperator,
585 1925 826 1958 propugnatorquc
849 1923 956 1949 illorum
971 1927 997 1949 et
1015 1922 1064 1949 ad-

274 1976 372 1996 versus
392 1967 541 1996 Jerusalem
576 1969 715 1996 militabit.
745 1968 805 1994 Non
829 1969 901 1995 enim
923 1967 990 1995 dicit
1006 1975 1065 1995 ora-

273 2015 322 2046 tio,
340 2014 486 2042 Dominttm
505 2018 602 2041 contra
626 2019 721 2050 gentes
735 2014 933 2049 praeliaturum.
958 2013 1063 2046 Quibus

272 2069 338 2096 ergo
353 2065 379 2088 et
390 2065 485 2088 contra
501 2061 592 2096 quos?
618 2060 720 2096 Nempe
742 2065 838 2089 contra
857 2060 1019 2093 Jerusalem,
1034 2064 1061 2087 et

272 2110 369 2134 contra
384 2106 443 2140 ejus
463 2107 641 2139 habitatores,
664 2106 698 2134 de
710 2107 810 2142 quibus
827 2113 917 2133 sermo
942 2109 1010 2132 erat.
1027 2104 1062 2131 ll-

273 2153 319 2179 lud
336 2157 426 2180 autem
442 2161 448 2179 :
468 2162 477 2177 ‹
493 2152 526 2179 Ει
541 2153 654 2180 stabunt
674 2153 758 2188 pedes
779 2153 838 2187 ejus
852 2153 879 2179 in
893 2152 937 2179 die
953 2152 998 2178 illa
1016 2159 1062 2180 su-

272 2206 321 2233 per
336 2203 427 2225 montc
449 2197 599 2228 Olivarum.
615 2199 660 2232 qui
677 2202 718 2226 est
734 2202 830 2225 contra
854 2196 1004 2224 Jerusalem
1028 2197 1062 2224 ad

271 2241 409 2270 Orientem
421 2242 455 2274 9°,
472 2251 481 2267 ι
501 2242 629 2276 quidnam
653 2242 726 2268 aliud
747 2242 890 2277 significet,
909 2249 990 2276 quam
1006 2241 1061 2269 Do-

271 2287 337 2314 mini
357 2287 416 2319 Dci,
431 2287 529 2323 ipsius,
546 2287 668 2321 inquam,
682 2287 727 2314 Dei
743 2286 834 2318 Verbi,
850 2287 876 2314 in
900 2294 948 2313 sua
967 2286 1060 2314 Eccle-

271 2334 312 2361 sia
337 2333 484 2361 stationem
510 2337 536 2360 ct
553 2334 810 2360 confirmationem?
831 2341 912 2368 quam
937 2333 964 2359 in
989 2340 1058 2367 pra:-

270 2382 340 2409 senti
357 2385 448 2408 monte
459 2380 596 2408 Olivarum
614 2388 662 2415 per
680 2381 802 2416 ﬁguram,
818 2388 878 2415 qum
891 2380 1057 2414 permutatio

270 2427 381 2459 dicitur,
406 2427 547 2454 nominat?
568 2426 603 2453 Ut
620 2427 692 2454 enim
716 2427 794 2453 vinea
817 2426 922 2453 exstitit
944 2426 1054 2458 dilecto,

269 2477 296 2501 et
309 2473 359 2500 fuit
373 2473 451 2499 vinea
468 2472 573 2499 Domini
587 2472 705 2499 Sabaoth
722 2472 835 2506 ﬁgurate
851 2471 948 2498 domus
961 2470 1054 2503 Israel,

269 2524 295 2548 et
318 2520 382 2548 vitis
397 2519 490 2546 Iudaea
507 2519 611 2546 novella
628 2519 736 2550 dilecta,
764 2518 803 2545 sic
832 2517 925 2544 eadem
950 2517 1056 2544 ratione

269 2567 382 2600 dixeris,
396 2567 468 2602 quod
480 2566 561 2593 etiam
575 2566 706 2593 olivetum
723 2565 793 2592 facta
808 2565 843 2592 sit
858 2563 985 2594 Domino,
998 2564 1055 2590 col-

268 2612 339 2639 lecta
356 2613 389 2639 de
403 2613 528 2648 gentibus
544 2612 666 2639 Ecclesia
684 2611 782 2646 ipsius,
800 2618 861 2646 qua:
878 2617 944 2637 sane
961 2609 1054 2637 Eccle-

269 2659 309 2685 sia
326 2665 388 2685 cum
408 2663 487 2684 anlca
511 2661 584 2685 esset
597 2658 670 2684 oliva
685 2657 809 2692 quaedam
832 2657 958 2691 agrestis,
976 2656 1052 2691 plan-

268 2707 324 2730 tata
342 2704 392 2731 fuit
406 2713 420 2730 a
436 2704 560 2735 Domino,
579 2704 626 2738 qui
640 2711 699 2731 eam
720 2707 781 2738 post
798 2702 918 2730 insuevit
942 2703 968 2728 in
987 2710 1052 2736 apo-

268 2749 372 2776 stolicis
396 2750 472 2776 bon-.c
493 2749 571 2776 clivo:
596 2749 750 2782 radicibus,
775 2752 836 2783 post
854 2748 976 2782 priorum
1006 2756 1053 2774 ra-

268 2802 374 2822 morum
400 2795 578 2828 excisionem,
594 2795 822 2830 quemadmodum
844 2795 992 2829 Apostolus
1009 2794 1054 2821 do-

302 2871 324 2887 "
340 2870 418 2900 Rom.
438 2879 475 2906 ιι,
488 2871 513 2899 5.
554 2872 575 2888 ⁸⁷
590 2871 669 2901 Rom.
684 2880 722 2904 ιι,
737 2872 782 2905 29,

821 2871 843 2888 ⁸⁸
857 2871 938 2899 Zach.
956 2880 1009 2904 xw,
1026 2872 1053 2900 ‘2.
1092 2871 1114 2887 δν
1125 2871 1190 2898 ibid.
1207 2871 1234 2899 ὅ.

1131 262 1211 290 θόντα
1226 263 1342 299 κηρῦξαι
1356 266 1412 296 τοῖς
1426 265 1478 291 ὑπὸ
1492 265 1625 301 δαιμόνων
1643 267 1768 302 πονηρῶν
1783 268 1926 303 αἰχμαλώ-

1130 316 1187 339 τοις
1201 308 1307 343 ἄφεσιν,
1322 310 1369 335 καὶ
1381 311 1436 342 τοῖς
1449 311 1498 342 τὰς
1512 311 1630 344 διανοίας
1642 312 1751 346 τυφλοῖς
1762 312 1923 349 ἀνάϐλεψιν.

1131 355 1223 381 Ταῦτα
1239 355 1268 381 δὲ
1283 355 1455 383 πεπονθότων
1471 357 1581 384 ἐκείνων
1597 357 1641 384 διὰ
1662 357 1710 393 τὴν
1728 359 1856 386 ἀπιστίαν
1872 360 1924 386 αὺ-

1129 400 1193 431 τῶν.
1215 401 1239 427 οἱ
1261 401 1305 428 τὸν
1331 401 1405 436 σφῶν
1426 403 1572 439 Λυτρωτὴν
1588 404 1753 438 ἐπιγνόντες,
1777 406 1871 432 οἰκεῖοί
1892 415 1925 432 τε

1130 447 1211 473 αὑτοῦ
1224 448 1364 482 γενόμενοι
1377 448 1505 484 μαθηταὶ,
1523 450 1570 476 καὶ
1583 450 1734 482 ἀπόστολοι,
1747 452 1794 478 καὶ
1807 452 1925 486 εὐαγγε-

1129 493 1231 526 λισταὶ,
1245 495 1365 522 πλεῖστοί
1379 504 1409 521 τε
1424 495 1498 522 ἄλλοι
1508 496 1561 523 τῶν
1576 497 1607 523 ἐκ
1623 498 1772 533 περιτομῆς
1786 500 1826 530 εἰς
1840 499 1924 526 αὑτὸν

1130 541 1348 568 πεπιστευκότων
1363 541 1439 576 (περὶ
1453 539 1490 568 ὧν
1506 551 1586 578 φησιν
1597 544 1611 569 ό
1628 544 1801 576 Ἀπόστολος·
1818 554 1827 570 ι
1843 545 1923 572 Οὕτω

1129 585 1176 612 καὶ
1188 586 1235 613 νῦν
1244 587 1347 622 λεῖμμα
1357 589 1417 615 κατ’
1427 588 1540 624 ἐκλογὴν
1551 589 1660 624 χάριτος
1670 589 1765 624 γέγονε
1775 598 1781 604 ·
1799 600 1807 615 ι
1818 591 1865 617 καὶ
1874 591 1905 617 τό
1913 599 1920 606 ·

1132 641 1141 657 ι
1155 633 1186 658 Εἰ
1199 633 1235 668 μὴ
1247 633 1347 669 Κύριος
1359 633 1471 660 Σαϐαὼθ
1483 633 1660 668 ἐγκατέλιπεν
1672 635 1737 669 ἡμῖν
1747 634 1868 670 σπέρμα,
1883 635 1922 666 ὡς

1129 679 1232 715 Σόδομα
1245 679 1276 706 ἂν
1289 680 1466 716 ἐγενήθημεν,
1479 681 1526 707 καὶ
1542 681 1579 712 ὡς
1592 681 1719 717 Γόμορρα
1732 681 1764 707 ἂν
1776 681 1922 717 ὡμοιώθη-

1129 725 1207 760 μεν),
1221 725 1288 760 »τῆς
1297 726 1460 761 νενοημένης
1473 727 1538 762 ἡμῖν
1551 726 1622 753 κατὰ
1633 727 1750 753 διάνοιαν
1762 727 1920 762 πολιορκίας

1128 771 1235 807 ἄπειροι
1250 772 1466 808 διεφυλάχθησαν
1489 773 1519 799 οὐ
1535 773 1624 808 μόνον,
1639 773 1706 799 ἀλλὰ
1723 773 1770 801 καὶ
1786 774 1835 808 τῆς
1850 774 1919 809 ﬁgo;

1127 816 1198 849 λέξιν
1230 817 1418 852 ἀποδοθείσης.
1439 818 1470 844 Οἱ
1489 818 1554 852 γοῦν
1571 818 1713 845 ἀπόστολοι
1731 819 1778 845 καὶ
1798 819 1919 855 μαθηταὶ

1127 861 1174 888 τοῦ
1198 863 1322 899 Σωτῆρος
1340 863 1438 896 αὐτῶν,
1457 865 1504 890 καὶ
1519 864 1618 896 πάντες
1635 865 1660 890 οἱ
1677 864 1706 897 ἐξ
1729 865 1862 891 Ἰουδαίων
1877 866 1919 896 εἰς

1127 908 1206 935 αὑτὸν
1220 909 1441 942 πεπιστευκότες,
1457 910 1565 946 μακρὰν
1575 911 1624 945 τῆς
1639 910 1768 942 Ἰουδαίας
1779 911 1828 946 γῆς
1839 912 1917 945 γενό-

1130 962 1221 989 μενοι,
1253 955 1299 981 καὶ
1335 957 1391 986 τοῖς
1426 955 1529 986 λοιποῖς
1555 956 1659 982 ἔθνεσιν
1696 957 1916 992 ἐπισπαρέντες,

1126 994 1171 1025 τὸν
1187 999 1257 1026 κατὰ
1274 999 1328 1026 τῶν
1341 1000 1486 1027 οἰκούντων
1501 1000 1548 1036 τὴν
1561 1000 1636 1027 πόλιν
1651 1000 1759 1035 ὄλεθρον
1773 1000 1916 1036 διαδρᾶναι

1125 1045 1185 1071 τότε
1199 1045 1379 1080 ἠδυνήθησαν.
1399 1046 1452 1072 Καὶ
1471 1046 1549 1073 τοῦτο
1565 1046 1593 1072 δὲ
1611 1047 1627 1082 ἡ
1643 1046 1795 1081 προφητεία
1810 1046 1915 1081 προλα-

1124 1090 1209 1117 ϐοῦσα
1225 1091 1349 1118 ἐθέσπισε
1364 1091 1396 1117 δι’
1410 1087 1447 1118 ὧν
1461 1091 1574 1126 ἔφησεν·
1596 1101 1604 1117 ι
1621 1092 1651 1118 Οἱ
1663 1091 1690 1118 δὲ
1699 1092 1855 1118 κατάλοιποι
1867 1092 1914 1119 τοῦ

1123 1135 1187 1163 λαοῦ
1205 1145 1254 1172 μου
1271 1137 1301 1163 οὺ
1321 1137 1357 1173 μὴ
1372 1137 1596 1173 ἐξολοθρευθῶσιν
1610 1145 1615 1152 ⁸
1634 1147 1642 1163 ι
1652 1135 1692 1170 οἷς
1707 1137 1769 1173 ἑξῆς
1780 1138 1911 1172 ἐπιλέγει·

1125 1191 1135 1208 ι
1153 1183 1206 1209 Καὶ
1226 1182 1395 1216 ἐξελεύσεται
1412 1183 1524 1218 Κύριος,
1542 1184 1588 1210 καὶ
1605 1184 1788 1220 παρατάξεται
1808 1185 1837 1210 ὲν
1856 1186 1913 1215 τοῖς

1122 1227 1225 1255 ἔθνεσιν
1238 1228 1361 1262 ἐκείνοις,
1381 1229 1471 1261 καθὼς
1491 1230 1581 1265 ἡμέρα
1599 1230 1777 1265 παρατάξεως
1787 1230 1869 1256 αὑτοῦ
1882 1231 1911 1256 ἐν

1121 1274 1213 1310 ἡμέρᾳ
1230 1275 1355 1310 πολέμου.
1377 1285 1386 1301 ι
1409 1275 1452 1302 Ἐν
1467 1276 1552 1307 ποίοις
1564 1276 1591 1302 δὲ
1606 1276 1694 1302 ἔθνεσι
1706 1276 1806 1311 Κύριος
1823 1285 1913 1312 παρα-

1120 1320 1229 1352 τάξεται
1248 1321 1264 1356 ἢ
1292 1322 1393 1353 ἐντοῖς
1414 1322 1462 1357 τὴν
1486 1322 1661 1358 Ἰερουσαλὴμ
1685 1322 1911 1358 πολιορκήσουσι;

1120 1367 1198 1403 Δηλοί
1210 1367 1237 1393 δὲ
1253 1368 1267 1393 ὁ
1284 1367 1361 1401 λόγος
1377 1368 1457 1395 αὑτὸν
1471 1368 1520 1395 τὸν
1533 1369 1635 1404 Κύριον
1651 1369 1840 1404 συμμαχήσειν
1854 1371 1912 1401 τοῖς

1119 1415 1320 1452 πολιορκοῦσιν,
1336 1417 1364 1442 ὲν
1378 1417 1468 1448 αὐτοῖς
1487 1416 1551 1443 ὄντα
1561 1437 1568 1445 ,
1590 1417 1636 1443 καὶ
1653 1417 1700 1442 σὺν
1716 1417 1806 1448 αὐτοῖς
1822 1425 1912 1452 παρα-

1117 1462 1296 1497 ταττόμενον,
1312 1462 1404 1498 ι’ἶ›σπερ
1428 1463 1488 1489 τινὰ
1510 1463 1660 1498 στρατηγὸν
1681 1464 1727 1490 καὶ
1749 1463 1909 1499 ὑπέρμαχον

1117 1507 1206 1535 αὐτῶν
1218 1508 1288 1535 κατὰ
1301 1508 1351 1544 τῆς
1368 1508 1547 1545 Ἰερουσαλὴμ
1559 1509 1788 1544 στρατευομένων.
1804 1510 1841 1536 Οὐ
1856 1509 1911 1545 γάρ

1116 1562 1198 1590 φησιν
1215 1556 1230 1581 ὁ
1245 1555 1323 1589 λόγος
1346 1555 1391 1582 τὸν
1417 1555 1518 1592 Κύριον
1538 1555 1608 1582 κατὰ
1627 1555 1681 1582 τῶν
1702 1555 1790 1582 ἐθνῶν
1818 1565 1910 1592 παρα-

1082 1597 1102 1626 C
1119 1599 1256 1633 τάξεσθαι.
1278 1601 1338 1627 Τίσι
1356 1600 1384 1627 δὲ
1400 1601 1470 1627 κατὰ
1493 1600 1592 1633 τίνων;
1616 1600 1687 1627 κατὰ
1707 1601 1755 1636 τῆς
1776 1601 1911 1637 Ἰερουσα-

1118 1644 1172 1681 λὴμ
1187 1645 1233 1672 καὶ
1248 1645 1302 1672 τῶν
1315 1646 1464 1682 οἰκητόρων
1483 1647 1582 1682 αὐτῆς,
1599 1647 1662 1681 περὶ
1678 1643 1715 1673 ὧν
1731 1645 1764 1682 ἦν
1781 1648 1794 1674 ό
1820 1647 1908 1682 λόγος.

1117 1692 1154 1718 Τὸ
1169 1692 1197 1718 δὲ
1210 1712 1217 1724 ,
1239 1701 1248 1718 ι
1270 1693 1324 1719 Καὶ
1339 1693 1482 1728 στήσονται
1495 1693 1519 1718 οἱ
1530 1692 1607 1724 πόδες
1624 1692 1706 1719 αὐτοῦ
1721 1694 1750 1719 ὲν
1768 1695 1800 1728 τῇ
1816 1694 1909 1729 ἡμέρᾳ

1117 1738 1208 1772 ἐκείνῃ
1222 1738 1268 1764 ἐπὶ
1281 1737 1310 1764 τὸ
1322 1738 1384 1773 ὅρος
1395 1738 1448 1764 τῶν
1465 1737 1586 1771 Ἐλαιῶν,
1605 1738 1635 1764 τὺ
1651 1738 1792 1765 κατέναντι
1811 1739 1910 1774 Ἰερου-

1117 1783 1216 1819 σαλὴμ,
1239 1783 1268 1816 ἐξ
1286 1783 1433 1814 ἀνατολῶν,
1451 1794 1459 1809 ι
1475 1784 1503 1810 τί
1518 1784 1610 1820 ἕτερον
1634 1784 1708 1818 δηλοῖ
1721 1784 1736 1820 ἦ
1748 1785 1850 1820 Κυρίου
1861 1785 1908 1811 τοῦ

1115 1829 1197 1860 Θεοῦ,
1213 1819 1293 1855 ὢτοῦ
1309 1829 1340 1865 δὴ
1356 1828 1403 1855 τοῦ
1414 1829 1480 1855 Θεοῦ
1498 1829 1594 1863 Λόγου,
1605 1828 1654 1864 τὴν
1669 1829 1715 1856 ἐπὶ
1726 1829 1777 1864 τῆς
1793 1829 1909 1864 Ἐκκλη-
1925 1853 1929 1859 ,

1117 1875 1176 1906 σίας
1196 1874 1279 1901 αὐτοῦ
1294 1875 1387 1901 στάσιν
1399 1883 1427 1900 τε
1441 1875 1488 1901 καὶ
1501 1874 1654 1909 βεϐαίωσιν,
1667 1875 1700 1910 ἢν
1717 1875 1779 1910 ὅρος
1793 1875 1907 1902 Ἐλαιῶν

1115 1921 1161 1947 ἐπὶ
1176 1920 1223 1947 τοῦ
1242 1921 1374 1956 παρόντος
1387 1921 1455 1947 κατὰ
1470 1921 1568 1956 τρόπον
1584 1920 1747 1956 ἀλληγορίας
1758 1922 1905 1956 ὀνομάζεις

1121 1965 1163 1997 Ὠς
1184 1966 1238 2001 γὰρ
1261 1965 1389 2001 ἀμπελὼν
1413 1965 1527 2001 ἐγενήθη
1545 1965 1583 2000 τῷ
1602 1966 1782 2001 ἠγαπημένῳ,
1805 1967 1853 1992 καὶ
1871 1965 1905 2002 ἦν

1114 2011 1244 2046 ἀμπελὼν
1270 2011 1372 2046 Κυρίου
1394 2010 1507 2038 Σαϐαὼθ
1528 2011 1714 2047 ἀλληγορικῶς
1730 2013 1743 2038 ὁ
1759 2010 1833 2043 οἶκος
1856 2012 1904 2038 τοῦ

1121 2057 1242 2094 Ἰσραὴλ,
1265 2058 1311 2084 καὶ
1330 2058 1451 2092 ἄμπελος
1474 2057 1521 2084 τοῦ
1543 2058 1626 2084 Ἰούδα
1646 2058 1774 2091 νεόφυτος
1796 2059 1905 2094 ἠγαπη-

1116 2104 1181 2139 μένη
1195 2113 1201 2119 ·
1217 2104 1287 2130 οὕτω
1308 2104 1339 2139 δὴ
1356 2105 1425 2130 κατὰ
1443 2104 1491 2138 τὴν
1512 2104 1595 2139 αὐτὴν
1613 2103 1728 2139 θεωρίαν
1748 2105 1836 2136 εἴποις
1852 2105 1903 2136 ἂν,

1113 2150 1152 2176 ὃτι
1172 2150 1203 2186 δὴ
1225 2151 1271 2176 καὶ
1292 2150 1388 2176 ὲλαιὼν
1412 2149 1527 2185 ἐγενήθη
1543 2149 1581 2184 τῷ
1597 2149 1713 2185 δεσπότῃ
1733 2151 1749 2184 ἡ
1770 2149 1800 2181 ἐξ
1816 2149 1902 2176 ἐθνῶν

1119 2197 1265 2231 Ἐκκλησία
1279 2195 1361 2222 αὑτοῦ
1381 2216 1387 2227 ,
1400 2195 1433 2231 ἣν
1454 2196 1536 2222 πάλαι
1564 2195 1718 2231 ἁγριέλαιον
1732 2194 1814 2222 οὖσαν
1837 2205 1904 2222 κατ-

1112 2241 1269 2276 εφύτευσεν,
1280 2236 1455 2276 ὲγκεντρίσας
1466 2241 1512 2267 ἐπὶ
1520 2240 1568 2272 τὰς
1579 2241 1758 2272 ἁποστολικὰς
1771 2241 1821 2276 τῆς
1835 2241 1902 2268 καλ-

1111 2286 1228 2313 λιελαίου
1242 2286 1319 2322 ῥίζας
1333 2287 1402 2322 μετὰ
1415 2286 1464 2322 τὴν
1480 2287 1532 2312 τῶν
1546 2287 1685 2323 προτέρων
1705 2287 1808 2314 κλάδων
1823 2288 1901 2313 ἐκτο-

1111 2333 1174 2369 μὴν,
1189 2333 1329 2368 ὡσπεροῦν
1344 2335 1357 2359 ό
1377 2333 1535 2364 Ἀπόστολος
1565 2333 1704 2360 παιδεύει·
1722 2343 1730 2358 ι
1755 2334 1810 2360 Kal
1836 2343 1902 2360 κατ-

1109 2379 1240 2413 εφύτευσέ
1251 2387 1282 2413 γε
1301 2379 1385 2414 αὐτὴν
1400 2379 1415 2405 ὁ
1431 2379 1531 2415 Κύριος
1548 2379 1645 2414 ἑαυτῷ,
1666 2389 1675 2406 ι
1698 2381 1837 2416 μονονουχὶ
1856 2381 1899 2407 διὰ

1108 2425 1157 2460 τῆς
1177 2425 1342 2460 προφητείας
1365 2425 1468 2459 λέγων’
1487 2435 1495 2451 ι
1520 2426 1628 2452 Ἐλαίαν
1651 2426 1765 2462 ὡραίαν,
1790 2426 1898 2454 εὔσκιον

1108 2469 1221 2496 ἐκάλεσε
1241 2469 1343 2505 Κύριος
1362 2470 1391 2497 τὸ
1408 2470 1494 2505 ὄνομα
1508 2479 1562 2498 σου.
1577 2481 1586 2497 ι
1608 2471 1683 2498 Ἐπεὶ
1695 2472 1748 2508 γὰρ
1763 2473 1778 2498 ὁ
1790 2473 1898 2508 πρῶτος

1109 2515 1249 2551 ἀμπελὼν,
1265 2516 1323 2542 δέον
1332 2516 1442 2551 ποιῆσαι
1459 2517 1609 2552 σταφυλὴν,
1627 2518 1753 2554 ἐποίησεν
1765 2519 1897 2552 ἀκάνθας,

1109 2563 1155 2589 καὶ
1181 2563 1212 2589 οὐ
1237 2563 1418 2598 δικαιοσύνην,
1447 2563 1513 2590 ἀλλὰ
1535 2564 1667 2600 κραυγὴν,
1689 2565 1800 2597 εἰκότως
1822 2566 1897 2593 ὠσὰν

1107 2610 1231 2645 ἄκαρπον
1239 2609 1320 2636 αὐτοῦ
1335 2609 1454 2635 καθελὼν
1465 2609 1550 2641 ὁΘεὺς
1559 2610 1604 2636 τὸν
1615 2612 1742 2646 φραγμὸν
1752 2612 1834 2638 αὑτοῦ
1849 2612 1896 2639 καὶ

1106 2655 1151 2681 τὸν
1174 2657 1261 2690 τοῖχον
1280 2654 1380 2687 αὐτοῦ,
1405 2656 1541 2691 παραδούς
1557 2665 1586 2682 τε
1606 2657 1686 2683 αὐτὸν
1706 2659 1761 2689 τοῖς
1787 2657 1896 2693 ἐχθροῖς

1107 2701 1135 2731 ἐς
1143 2700 1297 2735 διαρπαγὴν
1313 2700 1359 2726 καὶ
1376 2700 1572 2736 καταπάτησιν,
1583 2701 1652 2727 κατὰ
1662 2701 1711 2736 τὴν
1721 2701 1768 2727 τοῦ
1784 2702 1895 2728 Ἡσαΐου

1107 2747 1284 2783 προφητείαν,
1303 2747 1394 2782 ἕτερον
1409 2747 1489 2773 αὑτὸν
1498 2747 1586 2782 ἑαυτῷ
1598 2747 1681 2783 ἀγρὸν
1700 2748 1895 2783 συνεστήσατο,

1107 2794 1152 2820 τὸν
1168 2794 1214 2820 ἐπὶ
1226 2793 1272 2820 τοῦ
1288 2794 1419 2829 παρόντος
1431 2793 1546 2821 ὲλαιῶνα
1559 2793 1767 2829 ὀνομαζόμενον,
1781 2793 1829 2821 ἅτε
1848 2794 1891 2820 τοῦ

1273 2871 1295 2887 ⁸⁸
1310 2870 1375 2898 ibid.
1391 2871 1407 2898 4
