2084 3216
175 163 231 193 I57

600 163 928 192 DEMONSTRATIONIS
946 160 1176 193 EVANGELleE
1197 164 1260 193 LIB.
1281 161 1324 192 Vl.

1739 167 1796 210 βδβ

173 222 208 249 ἐκ
225 221 291 249 Θεοῦ
315 217 406 252 ἐλέους
427 221 602 256 τετυχηκότα,
626 222 673 249 καὶ
691 221 759 257 πρὸς
780 221 826 248 τοῦ
841 222 958 257 Χριστοῦ

1014 226 1054 250 eet
1066 222 1086 238 "
1102 231 1108 249 :
1130 221 1163 248 Et
1175 222 1316 257 plantavit,
1331 222 1429 257 inquit,
1451 228 1511 250 eam
1527 221 1658 250 Dominus
1671 220 1724 250 sibi
1732 221 1797 258 ipsi,

171 265 410 302 καταφπευθέντα
424 267 558 294 ἀειθαλέσι
573 264 666 301 φυτοῖς
680 288 687 300 ,
700 267 770 294 τοῦτ’
787 267 844 294 ἔστι
862 268 962 303 ψυχαῖς

170 312 263 348 ἁγίαις
270 313 317 340 καὶ
326 313 413 348 φωτὸς
421 314 588 349 θρεπτικαῖς,
597 313 665 346 οἵαις
679 322 710 340 τε
720 314 793 348 λέγει
801 322 807 328 ·
820 323 830 340 ι
847 314 918 348 Ἐγώ
928 323 958 340 τε

170 359 236 387 ὡσεὶ
247 359 326 386 ἐλαία
341 360 514 395 κατάκαρπος
522 361 550 386 ἑν
558 360 596 395 τῷ
602 360 667 395 οἴκῳ
677 359 723 386 τοῦ
734 360 811 386 Θεοῦ.
825 371 833 386 ι
843 361 927 386 Τοῦτο
935 361 963 386 δὲ

171 405 202 431 rh
215 404 269 431 τῶν
287 404 397 430 Ἐλαιῶν
411 404 472 440 ὅρος
481 405 621 431 κατέναντι
640 404 688 439 τῆς
709 404 885 440 Ἰερουσαλὴμ
894 403 962 431 εἶναι

172 451 295 479 λέλεκται
305 460 312 466 ·
326 451 474 486 ἐπειδήπερ
484 451 543 477 ἀντὶ
551 451 600 484 τῆς
609 450 724 482 παλαιᾶς
732 450 852 484 ἐπιγείου
867 451 963 486 Ἰερου-

173 497 273 532 σαλὴμ,
282 498 328 524 καὶ
338 497 388 532 τῆς
401 498 429 523 ἐν
441 497 508 532 αὐτῇ
521 497 666 532 θρησκείας
680 497 794 531 συνέστη
803 496 841 531 τῷ
849 497 906 532 Θεῷ
920 506 963 532 με-

171 543 205 570 τὰ
217 543 265 578 τὴν
272 543 319 578 τῆς
335 543 510 578 Ἰερουσαλὴμ
524 543 794 578 καθαίρεσιν.Φήσας
814 543 879 576 γοῦν
895 544 964 569 ἀνωσ

171 588 243 623 τέρω
256 588 270 613 ὁ
285 587 362 621 λόγος
379 587 442 622 περὶ
461 587 511 622 τῆς
531 586 705 622 Ἰερουσαλὴμ
716 606 722 618 ,
738 587 775 617 ὡς
792 596 800 611 ι
820 585 963 612 Ἀλώσεται

171 635 188 669 ἡ
198 633 285 665 πόλις,
294 634 342 660 καὶ
351 633 384 659 τὰ
392 633 475 668 ἐχθρὰ
488 634 534 660 καὶ
544 633 661 668 πολέμια
673 633 735 668 ἔθνη
765 632 963 667 συναχθήσεται

172 680 216 705 ἐπ’
230 679 334 715 αὐτὴν,
352 679 399 705 καὶ
427 679 663 714 διαμερισθήσεται
682 679 716 705 τὰ
734 679 819 706 σκῦλα
838 680 932 714 αὐτῆς,
952 689 960 705 ι

172 725 285 756 εἰκότως
311 725 360 751 οὑκ
383 725 427 750 ἐπὶ
451 724 500 759 τῆς
523 724 699 760 Ἰερουσαλὴμ
724 726 786 756 τοὺς
810 725 893 756 πόδας
917 725 963 750 τοῦ

173 770 276 807 Κυρίου
303 770 447 806 στήσεσθαὶ
471 780 546 806 φησι.
564 770 625 803 Πῶς
646 771 700 806 γὰρ
724 772 770 798 καὶ
797 769 851 797 οἷόν
873 780 902 797 τε
918 769 962 806 ἦν,

174 817 248 849 ἅπαξ
267 817 475 853 καθῃρημένης;
493 817 676 843 Μεταϐάντων
688 817 714 843 δὲ
731 817 759 850 ἐξ
774 817 857 852 αὐτῆς
877 817 922 843 ἐπὶ
935 818 964 843 τὸ

173 860 304 895 ἄντικρυς
337 860 386 895 τῆς
420 861 594 896 Ἰερουσαλὴμ
641 861 703 896 ὅρος
735 862 765 887 τὸ
800 861 964 896 καλούμενον

1013 268 1208 303 propemodum
1236 276 1286 304 per
1316 267 1483 304 prophetiam
1515 269 1610 296 dicens
1633 278 1639 296 :
1661 278 1671 294 ι
1690 268 1795 297 Olivam

998 313 1166 348 'speciosam
1201 314 1357 342 umbrosam
1394 315 1500 342 vocavit
1529 314 1661 343 Dominus
1697 322 1796 343 nomen

1014 364 1090 386 tuum
1101 360 1133 385 ".
1153 369 1162 385 ν
1179 358 1326 394 Postquam
1351 360 1422 386 enim
1437 361 1511 395 prior
1534 360 1621 392 vinea,
1639 368 1700 387 cum
1714 361 1797 389 debe-

1013 411 1054 433 ret
1071 405 1160 432 facere
1174 413 1265 436 uvam,
1283 405 1346 432 fecit
1361 407 1464 440 spinas,
1480 414 1568 442 neque
1580 407 1731 442 justitiam,
1744 406 1793 435 sed

1013 452 1169 481 clamorem,
1197 452 1294 478 merito
1310 455 1438 485 tauquam
1459 452 1518 486 ejus
1544 461 1603 488 quae
1625 453 1796 481 infructuosa

1013 500 1095 527 esset,
1120 503 1211 530 sepem
1228 496 1354 523 auferens
1377 505 1407 524 ac
1429 498 1557 531 parietem
1574 498 1656 530 Deus,
1674 498 1798 526 tradens-

1013 549 1066 575 que
1079 549 1136 568 eam
1149 541 1269 568 inimicis
1286 542 1319 568 ad
1334 541 1515 576 diripiendum
1527 548 1552 570 et
1567 545 1795 578 conculcandum,

1014 586 1096 621 288
1109 586 1180 613 sicut
1198 586 1225 612 in
1250 586 1325 614 lsaize
1347 588 1488 622 prophetia
1510 589 1612 615 dictum
1636 593 1688 621 est,
1713 590 1795 616 alium

1014 633 1072 666 ipse
1087 632 1139 659 sibi
1158 640 1252 667 agrum
1268 632 1411 659 constituit
1427 633 1454 660 in
1467 635 1604 669 praesenti,
1623 635 1693 669 quod
1709 635 1795 662 olive-

1013 683 1070 704 tum
1093 680 1259 710 nominatur,
1282 681 1359 714 quasi
1380 688 1440 707 eum
1467 681 1513 714 qui
1532 681 1621 707 oleum
1648 684 1674 707 et
1691 681 1797 708 miseri-

1014 724 1134 751 cordiam
1151 732 1166 750 a
1182 724 1237 751 Deo
1253 724 1288 751 sit
1308 730 1482 755 consecutus,
1497 729 1524 752 et
1538 732 1553 751 a
1573 725 1682 752 Christo
1696 725 1797 759 plantis

1014 777 1121 804 semper
1137 770 1288 797 virentibus
1306 771 1438 801 consitus,
1456 771 1507 797 hoc
1526 774 1577 802 est,
1594 771 1696 798 sanctis
1713 771 1798 798 lucis-

1014 824 1067 851 que
1087 816 1228 844 altricibus
1245 817 1355 848 animis,
1373 817 1471 851 quibus
1493 817 1572 843 liceat
1590 817 1700 844 dicere:
1715 826 1724 842 ι
1741 817 1798 852 Ego

1014 866 1104 889 autem
1126 862 1198 889 sicut
1218 863 1288 889 oliva
1309 861 1448 888 fructifera
1465 863 1492 888 in
1505 862 1586 889 domo
1607 861 1653 890 Dei
1666 863 1700 888 ”.
1719 873 1728 889 ι
1746 862 1796 890 ilic

180 906 302 938 Ἐλαιῶν,
318 906 433 933 ἐνταῦθα
447 907 592 942 στήσεσθαι
608 908 737 934 διδάσκει.
755 908 838 934 Τοῦτο
850 908 877 934 δὲ
890 909 935 934 καὶ
949 910 962 934 ό

1014 915 1077 935 vero
1095 907 1237 935 Olivarum
1262 916 1341 936 mons
1356 913 1450 935 contra
1471 908 1620 936 Jerusalem
1649 917 1709 936 esse
1729 908 1799 936 dici-

174 952 317 987 προφήτης
337 951 465 987 Ἶεζεκιὴλ
498 952 537 987 τῷ
565 951 629 988 θείῳ
654 953 792 988 Πνεύματι
822 953 963 988 προλαϐὼν

174 996 281 1032 θεωρεῖ.
295 997 376 1031 Λέγει
388 997 415 1023 δὲ
429 995 475 1024 οὖν
488 1003 495 1013 ⁵
511 1008 521 1024 ι
542 998 596 1025 Καὶ
611 999 691 1033 ἐξῆρε
715 999 749 1025 τὰ
765 1000 905 1035 χερουϐὶμ,
918 1001 964 1025 καί

173 1041 198 1067 οἱ
224 1042 315 1076 τροχοὶ
337 1042 459 1077 ἐχόμενοι
485 1042 590 1069 αὐτῶν·
627 1044 673 1069 καὶ
694 1044 710 1078 ὴ
735 1043 797 1075 δόξα
825 1043 891 1069 Θεοῦ
915 1043 964 1068 Ἰσ-

175 1087 246 1122 ραὴλ
261 1086 295 1123 ἦν
318 1088 360 1113 ἐπ’
374 1088 476 1119 αὐτοῖς,
503 1088 629 1123 ὑπεράνω
654 1088 743 1114 αὐτῶν
753 1108 761 1119 ,
776 1089 823 1115 καὶ
839 1088 921 1122 ἀνέϐη
947 1089 962 1123 η

174 1132 240 1165 δόξα
251 1132 352 1168 Κυρίου
371 1134 402 1159 ὲκ
419 1134 500 1168 μέσου
513 1134 562 1169 τῆς
579 1134 682 1165 πόλεως
693 1154 700 1165 ,
715 1135 762 1160 καὶ
779 1134 841 1169 ἔστη
858 1134 904 1159 ἐπὶ
917 1134 963 1160 τοῦ

174 1178 256 1214 ὅρους
273 1179 288 1205 ὃ
309 1176 342 1214 ἦν
363 1179 491 1205 ἀπέναντι
513 1179 561 1215 τῆς
584 1180 695 1211 πόλεως.
714 1190 723 1205 ι
741 1180 827 1214 Ὅπερ
842 1180 899 1207 ἔστι
919 1181 964 1206 καὶ

175 1223 264 1255 ἄλλως
290 1225 358 1259 πρὸς
388 1224 459 1257 λέξιν
482 1226 547 1260 όρᾷν
572 1225 783 1261 πεπληρωμένον
811 1226 892 1252 εἰσέτι
918 1226 964 1252 καὶ

177 1269 313 1305 σήμερον,
334 1270 388 1297 τῶν
410 1271 449 1302 είς
470 1271 587 1306 Χριστὸν
606 1271 822 1297 πεπιστευκότων
840 1272 964 1298 ἁπάντων

176 1316 342 1350 ’πανταχόθεν
365 1317 415 1351 γῆς
445 1318 664 1352 συντρεχόντων,
688 1318 736 1352 οὐχ
761 1317 798 1348 ὡς
817 1317 899 1343 πάλαι
916 1318 964 1352 τῆς

177 1361 250 1387 κατὰ
273 1362 322 1397 τὴν
350 1363 528 1398 Ἰερουσαλὴμ
552 1364 665 1397 ἀγλαΐας
690 1364 787 1395 ἕνεκα,
816 1364 869 1390 οὐδ’
895 1364 964 1390 ὥστε

176 1407 365 1443 προσκυνῆσαι
377 1409 405 1434 ἐν
416 1408 454 1443 τῷ
467 1409 549 1435 πάλαι
560 1409 704 1435 συνεστῶτι
713 1409 758 1434 ἐπὶ
769 1410 817 1444 τῆς
831 1410 965 1445 Ἰερουσα-

175 1453 235 1489 λὴμ
259 1453 425 1489 ἀγιάσματι,
455 1455 598 1481 καταλύειν
619 1456 647 1481 δὲ
672 1455 763 1481 ἕνεκεν
788 1456 905 1491 ἱστορίας
935 1463 965 1481 τε

174 1499 246 1534 ὁμοῦ
263 1500 312 1534 τῆς
327 1501 398 1527 κατὰ
418 1500 466 1535 τὴν
486 1501 654 1536 προφητείαν
678 1501 804 1532 ἁλώσεως
829 1501 874 1527 καὶ
900 1502 964 1536 ἐρη-

177 1543 245 1580 μίας
271 1545 319 1580 τῆς
349 1546 539 1581 Ἰερουσαλὴμ,
565 1547 610 1573 καὶ
636 1547 684 1581 τῆς
711 1548 756 1573 ἐπὶ
777 1547 807 1573 τὺ
834 1547 894 1582 ὅρος
913 1547 966 1573 τῶν

1015 959 1070 986 tur,
1087 954 1216 989 quoniam
1234 955 1262 982 in
1278 955 1367 982 locum
1378 955 1478 983 veteris
1500 962 1531 982 ac
1561 959 1675 983 terrena:
1688 955 1799 983 Jerusa-

1014 1001 1077 1031 lem,
1103 1008 1134 1026 ac
1155 1000 1294 1035 religionis
1311 1008 1371 1035 qua
1385 1001 1412 1027 in
1429 1000 1474 1028 illa
1495 1001 1665 1032 servabatur,
1688 1009 1798 1029 succes-

1015 1048 1059 1080 sit,
1075 1051 1102 1074 et
1118 1054 1132 1072 a
1150 1046 1204 1074 Deo
1240 1047 1407 1074 constitutus
1420 1051 1470 1079 est,
1491 1051 1553 1081 post
1568 1048 1674 1074 ruinam
1687 1047 1798 1075 Jerusa-

1015 1093 1077 1120 lem.
1097 1092 1165 1119 Cum
1182 1100 1263 1127 supra
1295 1093 1376 1126 igitur
1392 1093 1531 1119 oraculum
1555 1093 1653 1119 dixerit
1666 1092 1700 1120 de
1716 1093 1797 1120 Jeru~

1015 1138 1110 1169 salem,
1131 1148 1141 1163 v
1165 1138 1237 1173 quod
1254 1138 1350 1165 civitas
1372 1138 1503 1172 capietur,
1529 1138 1655 1172 quodque
1684 1138 1798 1166 hostiles

1015 1187 1096 1217 atque
1117 1183 1234 1210 inimicae
1257 1187 1352 1217 gentes
1377 1184 1538 1210 convenient
1560 1182 1689 1210 adversus
1725 1191 1796 1215 eam,

1015 1233 1041 1257 ct
1055 1229 1140 1264 spolia
1154 1229 1214 1263 ejus
1225 1229 1390 1260 dividentur,
1408 1238 1418 1254 ι
1431 1229 1526 1256 merito
1543 1237 1596 1255 non
1608 1230 1634 1256 in
1647 1228 1797 1257 Jerusalem

1016 1275 1099 1309 pedes
1116 1274 1223 1301 Domini
1240 1278 1361 1302 staturos
1380 1274 1462 1309 dicit;
1476 1275 1522 1310 qui
1538 1274 1609 1301 enim
1630 1274 1657 1301 id
1675 1274 1734 1301 fieri
1751 1282 1799 1309 po-

1016 1320 1124 1352 tuisset,
1139 1328 1200 1347 cum
1216 1328 1247 1347 ea
1263 1319 1346 1347 semel
1360 1320 1465 1347 sublata
1482 1321 1574 1348 esset?
1590 1319 1641 1347 Sed
1658 1320 1800 1355 migranti-

1018 1366 1069 1393 bus
1091 1366 1125 1392 ab
1143 1373 1174 1393 ea
1191 1366 1217 1392 in
1253 1370 1372 1393 montem
1393 1366 1440 1401 qui
1469 1370 1510 1394 est
1526 1370 1620 1393 contra
1637 1366 1799 1398 Jerusalem,

1017 1413 1062 1447 qui
1091 1411 1232 1439 Olivarum
1258 1417 1381 1444 vocatur.
1405 1412 1442 1439 ibi
1464 1417 1585 1439 staturos
1613 1412 1701 1444 docet,
1724 1411 1800 1447 quod

1017 1457 1101 1484 etiam.
1114 1457 1246 1491 propheta
1264 1456 1398 1489 Ezechiel,
1415 1456 1507 1483 divino
1529 1461 1591 1483 ante
1615 1456 1716 1491 Spiritu
1735 1456 1800 1484 edo-

1016 1507 1089 1535 ctus,
1111 1502 1327 1537 contemplatur;
1349 1502 1415 1529 dicit
1438 1502 1510 1529 enim
1528 1512 1534 1529 :
1554 1512 1563 1527 ι
1581 1502 1612 1528 Ει
1627 1503 1799 1530 elevaverunt

1017 1548 1158 1576 cherubim
1174 1548 1231 1575 alas
1249 1555 1323 1579 suas,
1340 1552 1367 1575 et
1386 1553 1461 1579 rotae,
1478 1556 1538 1582 qua:
1555 1549 1594 1575 eis
1614 1548 1797 1579 adhaerebant,

183 1588 298 1616 Ἔλαιῶν
317 1590 347 1616 τὸ
375 1591 516 1617 κατέναντι
545 1591 722 1626 Ἰερουσαλὴμ
744 1592 963 1626 προσκυνήσεως,

1017 1598 1043 1620 et
1057 1593 1144 1628 gloria
1162 1592 1208 1620 Dei
1225 1592 1307 1620 lsrael
1323 1597 1381 1619 erat
1397 1600 1479 1627 super
1496 1593 1546 1625 eis,
1562 1597 1588 1620 et
1607 1593 1729 1620 ascendit
1742 1594 1800 1628 glo-

174 1635 244 1662 ἐνθα.
263 1636 355 1670 ὴδὸξα
369 1636 471 1672 Κυρίου
493 1637 607 1672 μετέστη
631 1637 813 1671 καταλείψασα
829 1636 877 1671 τὴν
900 1645 965 1672 προ-

173 1681 261 1717 τέραν
274 1682 358 1708 πόλιν.
375 1683 512 1717 Ἔστησαν
525 1683 551 1708 δὲ
568 1680 675 1718 ἀληθῶς
691 1683 736 1708 καὶ
754 1683 821 1709 κατὰ
835 1682 883 1717 τὴν
899 1683 965 1718 πρό-

176 1735 271 1763 χειρον
290 1728 335 1754 καὶ
351 1728 435 1764 ῥητὴν
453 1728 577 1763 διήγησιν
596 1729 620 1754 ot
635 1728 712 1759 πόδες
731 1727 776 1754 τοῦ
798 1728 899 1763 Κυρίου
919 1729 965 1754 καὶ

177 1773 304 1808 Σωτῆρος
318 1773 407 1809 ἡμῶν,
423 1774 504 1800 αὐτοῦ
521 1774 552 1809 δὴ
567 1773 611 1799 τοῦ
625 1774 721 1807 Λόγου,
732 1773 764 1799 δι’
778 1771 807 1800 οὗ
824 1774 966 1808 ἀνείληφεν

177 1818 349 1854 ἀνθρωπείου
383 1821 496 1855 σκήνους
523 1820 568 1846 ἐπὶ
592 1819 638 1846 τοῦ
659 1820 739 1854 ὅρους
760 1819 813 1845 τῶν
835 1819 964 1851 Ἐλαιῶν,

177 1864 249 1899 πρὸς
270 1865 309 1899 τῷ
324 1865 415 1892 αὐτόθι
432 1866 598 1900 δεικνυμένῳ
618 1866 757 1900 σπηλαίῳ,
773 1865 919 1900 εὐξαμένου
936 1874 964 1891 τε

177 1911 227 1936 καὶ
243 1912 300 1942 τοῖς
316 1910 411 1937 ἑαυτοῦ
427 1911 559 1946 μαθηταῖς
572 1913 616 1937 ἐπὶ
630 1911 678 1946 τῆς
692 1911 844 1946 ἀκρωρείας
857 1911 966 1938 τοῦιτῶν

184 1955 298 1982 Ἐλαιῶν
332 1957 410 1992 ὅρους
435 1957 468 1983 τὰ
493 1958 556 1993 περὶ
582 1958 631 1992 τῆς
654 1957 806 1988 συντελείας
830 1958 966 1992 μυστήρια

175 2002 410 2038 παραδεδωκότος,
428 2003 549 2030 ἐντεῦθέν
565 2011 593 2029 τε
609 2004 657 2038 τὴν
671 2005 710 2034 είς
729 2004 858 2038 οὐρανοὺς
874 2003 965 2030 ἄνοδον

176 2048 373 2083 πεποιημένου,
388 2049 424 2081 ὡς
437 2050 451 2074 ὀ
463 2050 567 2080 Λουκᾶς
579 2050 606 2075 ἐν
618 2051 676 2080 ταῖς
687 2049 881 2082 Πράξεσιτῶν
894 2050 966 2075 ἀπυ-

175 2095 433 2128 στόλωμδιδάσκει,
442 2096 561 2130 φάσκων·
574 2107 582 2121 ι
590 2097 743 2123 Βλεπόντων
752 2098 838 2123 αὐτῶν
849 2098 964 2133 ἐπήρθη,

177 2142 227 2168 καὶ
248 2141 346 2176 νεφέλη
360 2142 494 2168 ὑπέλαϐεν
514 2143 594 2169 αὐτὸν
611 2143 663 2169 ἀπὸ
680 2143 732 2169 τῶν
755 2143 899 2178 ὀφθαλμῶν
918 2144 966 2170 αό-

177 2186 245 2213 τῶν.
261 2187 316 2214 Καὶ
331 2187 368 2219 ὡς
383 2187 551 2219 ἀτενίζοντες
570 2186 639 2223 ἦσαν
661 2190 700 2220 εις
722 2190 766 2215 τὸν
791 2190 902 2225 οὐρανὸν
922 2197 965 2215 πο-

179 2233 326 2269 ρευομένου
341 2233 434 2265 αὐτοῦ,
445 2235 491 2260 καὶ
505 2234 559 2261 ἰδοὺ
574 2235 668 2270 ἄνδρες
677 2235 722 2261 δύο
736 2236 963 2271 παρειστήκεισαν

175 2278 271 2310 αὐτοῖς
287 2279 315 2306 ὲν
328 2279 421 2314 ἐσθῆσι
437 2279 555 2313 λευκαῖς,
573 2281 598 2306 οἳ
613 2282 658 2307 καὶ
674 2280 762 2307 εἷπον·
782 2282 894 2316 ’Λνδρες
913 2282 963 2306 Γα-

176 2324 293 2357 λιλαῖοι,
314 2325 340 2351 τι
368 2326 501 2361 ἑστήκατε
527 2326 669 2360 βλέποντες
693 2328 732 2358 εἰς
767 2327 811 2353 τὸν
833 2327 963 2362 οὺρανόνς

175 2368 300 2402 οὗτοςφ
317 2371 434 2406 Ἰησοῦς,
458 2373 472 2397 ὁ
497 2371 659 2406 ἀναληφθεὶς
687 2373 732 2406 ἀφ’
758 2372 833 2407 ὑμῶν
857 2375 896 2404 εἰς
920 2372 965 2398 τὸν

176 2415 304 2451 οὐρανὸν,
320 2415 406 2448 οὕτως
421 2416 570 2449 ἐλεύσεται,
589 2418 617 2443 ὃν
634 2419 733 2453 τρόπον
750 2418 896 2445 ἐθεάσασθε
914 2419 963 2444 αὑ.

176 2462 225 2488 τὸν
239 2463 418 2498 πορευόμενον
437 2465 476 2494 εἰς
488 2464 532 2489 τὸν
549 2464 669 2499 οὐρανόν.
687 2474 696 2489 ι
714 2461 760 2495 Οἷς
779 2464 902 2499 ἐπιφέρει
918 2465 963 2490 λέ-

175 2515 253 2542 γων·
266 2517 275 2533 ι
288 2508 353 2534 Τότε
370 2509 541 2544 ὑπέστρεψαν
558 2511 596 2541 εἰς
619 2510 793 2545 Ἰερουσαλὴμ
817 2510 870 2535 ἀπὸ
886 2510 964 2544 ὅρους

173 2552 226 2580 τοῦ
240 2553 406 2588 καλουμένου
426 2554 583 2586 Ἐλαιῶνος,
598 2556 611 2581 ὃ
627 2556 685 2581 ἐστι
703 2556 845 2582 κατέναντι
867 2556 964 2590 Ἰερου-

178 2598 281 2635 σαλήμ.
300 2608 309 2624 ι
324 2600 402 2625 Ἐστι
431 2600 480 2635 μὲν
503 2599 549 2627 οὖν
564 2602 610 2627 καὶ
633 2602 700 2636 πρὸς
726 2602 796 2635 λέξιν
825 2603 965 2629 κατέναντι

182 2644 371 2681 Ἰερουσαλὴμ,
390 2646 436 2671 καὶ
456 2646 485 2679 ἐξ
504 2647 637 2673 ἀνατολῶν
660 2648 743 2682 αὐτῆς
758 2648 788 2674 τὸ
801 2648 963 2683 δηλούμενον

175 2689 233 2717 τῶν
252 2691 365 2717 Ἐλαιῶν
387 2691 458 2727 ὕρος.
479 2692 551 2727 Πλὴν
567 2692 633 2719 ἀλλὰ
654 2693 722 2719 κατὰ
744 2694 792 2729 τὴν
816 2694 963 2729 διάνοιανὴ

177 2736 243 2770 ἁγία
265 2736 387 2772 Χριστοῦ
406 2737 568 2772 Ἐκκλησία,
595 2738 641 2763 καὶ
659 2738 689 2763 τὸ
708 2738 769 2773 ὅρος
792 2738 832 2771 ἐφ’
890 2738 965 2764 τεθε-

178 2781 326 2816 μελίωται,
351 2783 417 2818 περὶ
444 2780 474 2810 οὗ
489 2783 608 2809 διδάσκει
636 2783 721 2816 λέγων
743 2784 757 2809 ὁ
772 2784 881 2819 Σωτήρ·
905 2794 913 2808 ι
928 2784 965 2809 Οὐ

177 2827 286 2854 δύναται
302 2828 380 2860 πόλις
398 2828 530 2864 κρυϐῆναι
541 2828 632 2854 ἐπάνω
646 2828 723 2863 ὅρους
737 2829 848 2863 κειμένη
859 2848 867 2860 ,
887 2838 896 2853 ι
907 2828 966 2854 ἀντὶ

210 2907 231 2923 ⁰¹
252 2906 334 2934 Rom.
352 2912 391 2936 iu,
409 2904 452 2931 t7.
490 2904 513 2920 "
523 2902 578 2931 Jer.
596 2912 633 2937 xu,
650 2903 693 2931 t6.
731 2904 753 2919 ’³
771 2902 842 2933 Psal.
868 2911 905 2937 LI,
921 2903 962 2931 10.
1001 2903 1132 2932 "Ezech.
1148 2912 1185 2937 xi,
1200 2902 1304 2939 22,25.

339 2954 478 2985 PATROL.
501 2953 558 2984 Gn.
577 2953 682 2987 XX”.

1017 1640 1058 1666 ria
1080 1638 1185 1665 Domini
1202 1638 1235 1666 de
1257 1638 1344 1665 medio
1364 1638 1493 1667 civitatis.
1520 1642 1546 1664 et
1565 1638 1638 1664 stetit
1651 1638 1678 1664 in
1696 1642 1798 1669 monte,

1016 1686 1063 1721 qui
1082 1691 1124 1713 est
1145 1690 1238 1713 contra
1260 1683 1442 1711 civitatem“.
1459 1693 1467 1708 ι
1484 1682 1560 1715 Quod
1583 1683 1692 1716 quidem
1720 1683 1799 1709 aliter

1016 1739 1125 1767 quoque
1144 1732 1205 1757 licet
1222 1731 1320 1757 intueri
1338 1729 1498 1763 completum
1515 1728 1546 1754 ad
1566 1729 1677 1754 verbum
1689 1729 1799 1762 quando

1018 1778 1097 1804 hodie
1111 1784 1219 1812 quoque
1232 1784 1337 1807 omnes,
1353 1776 1507 1809 quicunque
1521 1775 1623 1802 Christi
1640 1774 1798 1809 religionem

1017 1832 1078 1850 eum
1101 1823 1153 1849 ﬁde
1173 1821 1353 1856 susceperint,
1370 1828 1402 1846 ex
1431 1820 1556 1847 omnibus
1581 1824 1661 1846 teme
1677 1819 1799 1854 partibus

1017 1873 1195 1900 concurrunt,
1215 1875 1268 1894 non
1290 1871 1318 1893 ut
1332 1867 1468 1901 quondam
1486 1865 1561 1893 festa:
1574 1865 1716 1900 cujusdam
1732 1866 1799 1892 laeti-

1018 1916 1061 1942 tia:
1076 1915 1172 1949 gratia,
1187 1922 1247 1948 quae
1267 1914 1293 1939 in
1307 1912 1456 1939 Jerusalem
1489 1912 1650 1944 celebretur,
1668 1919 1756 1946 neque
1771 1917 1799 1938 ut

1018 1961 1130 1987 adorent
1145 1961 1172 1987 in
1192 1969 1235 1991 eo,
1268 1959 1340 1994 quod
1362 1958 1426 1984 olim
1444 1958 1470 1984 in
1492 1957 1642 1984 Jerusalem
1665 1958 1799 1985 constitu-

1017 2010 1074 2033 tum
1091 2006 1190 2037 fuerat,
1207 2005 1375 2036 sanctuario,
1397 2003 1443 2030 sed
1460 2008 1488 2029 ut
1503 2002 1675 2029 diverscntur
1687 2009 1748 2029 cum
1765 2002 1798 2028 ad

1017 2051 1210 2080 sciscitandum
1229 2051 1262 2078 de
1278 2049 1477 2084 expugnatione
1508 2052 1534 2075 et
1554 2048 1700 2074 solitudine
1720 2047 1799 2074 Jeru-

1017 2099 1110 2130 salem,
1122 2105 1203 2132 quam
1218 2096 1360 2131 prophetia
1373 2094 1545 2130 praedixerat,
1558 2097 1615 2120 tum
1629 2098 1657 2120 ut
1670 2094 1697 2120 in
1709 2099 1799 2120 monte

1017 2143 1165 2176 Olivarum,
1183 2143 1229 2177 qui
1251 2147 1292 2169 est
1320 2145 1415 2168 contra
1432 2139 1593 2171 Jerusalem,
1612 2140 1734 2170 adorent,
1752 2139 1799 2165 ubi

1016 2190 1102 2225 gloria
1125 2188 1231 2216 Domini
1255 2191 1420 2214 commutata
1444 2190 1503 2218 est,
1527 2190 1671 2221 postquam
1700 2185 1799 2213 delevit

1018 2234 1135 2268 priorem
1151 2232 1299 2259 civitatem.
1316 2230 1385 2259 Vere
1396 2236 1486 2257 autem
1504 2234 1530 2258 et
1548 2230 1700 2258 secundum
1714 2238 1798 2265 expo-

1016 2279 1096 2306 sitam
1118 2283 1200 2313 atque
1225 2278 1258 2305 ad
1284 2278 1397 2305 verbum
1419 2282 1559 2312 acceptam
1586 2276 1796 2307 enarrationem,

1016 2324 1098 2358 pedes
1124 2323 1231 2351 Domini
1262 2327 1288 2350 et
1313 2323 1463 2350 Salvatoris
1494 2322 1601 2355 nostri,
1628 2322 1714 2356 ipsius
1745 2322 1798 2348 uti—

1013 2378 1068 2404 que
1092 2369 1139 2397 Dei
1166 2369 1267 2401 Verbi,
1289 2377 1337 2404 per
1369 2369 1395 2396 id
1428 2369 1499 2404 quod
1527 2368 1674 2402 assumpsit
1700 2367 1796 2393 huma-

1016 2424 1080 2442 num
1112 2423 1231 2450 corpus,
1260 2415 1287 2441 in
1317 2420 1409 2442 monte
1439 2415 1577 2441 Olivarum
1602 2417 1734 2440 steterunt
1765 2413 1796 2438 ad

1016 2462 1172 2496 speluncam
1202 2469 1263 2495 quae
1284 2461 1320 2487 ibi
1349 2460 1456 2487 ostendi
1486 2459 1570 2491 solet,
1596 2463 1623 2486 et
1646 2466 1700 2493 quo
1730 2462 1797 2484 tem-

1017 2516 1082 2544 pore
1098 2509 1196 2540 oravit,
1220 2513 1247 2535 et
1272 2515 1333 2534 cum
1354 2507 1412 2534 suis
1432 2506 1573 2541 discipulis
1595 2505 1623 2531 in
1644 2504 1703 2538 ejus
1719 2512 1797 2530 mon-

1017 2557 1052 2583 iis
1073 2556 1231 2587 cacumine,
1263 2554 1392 2589 mysteria
1424 2553 1457 2580 de
1480 2550 1715 2579 consummatione
1742 2554 1796 2575 tra-

1017 2600 1085 2628 didit
1099 2610 1105 2627 :
1118 2608 1151 2627 ex
1172 2599 1265 2627 eodem
1280 2602 1411 2634 praeterea
1425 2602 1516 2624 monte
1537 2598 1564 2623 in
1579 2597 1677 2624 ccelum
1700 2602 1795 2622 ascen-

1017 2646 1071 2678 dit,
1101 2645 1328 2681 quemadmodum
1354 2645 1442 2672 Lucas
1466 2644 1496 2670 in
1526 2643 1597 2669 Actis
1618 2641 1796 2676 apostolorum

1015 2691 1098 2726 289
1124 2691 1212 2722 docet,
1237 2697 1298 2717 cum
1322 2690 1368 2723 ait,
1391 2690 1466 2717 illum
1484 2688 1524 2725 [in
1541 2692 1632 2715 monte
1646 2685 1796 2722 Olivarum]

1015 2737 1145 2772 apostolis
1162 2737 1220 2763 suis
1242 2740 1268 2763 et
1293 2737 1474 2771 prmsentibus
1501 2739 1528 2762 et
1554 2734 1733 2765 intuentibus,
1751 2740 1798 2759 su.

1015 2784 1124 2810 blimem
1141 2783 1250 2814 abiisse,
1269 2782 1394 2817 nubeque
1403 2783 1436 2809 ab
1447 2781 1534 2809 oculis
1549 2788 1643 2808 eorum
1660 2779 1796 2806 sublatum

1017 2828 1112 2860 fuisse,
1133 2829 1262 2863 ipsosque
1282 2828 1394 2855 intentis
1411 2827 1508 2860 oculis,
1527 2827 1571 2853 illo
1582 2827 1609 2853 in
1627 2826 1724 2852 coelum
1749 2822 1798 2850 ab-

1624 2949 1661 2980 15
