2084 3216
340 191 393 219 459

674 190 808 219 EUSEBll
827 190 1066 220 CzESARlENSlS
1081 192 1156 222 OPP.
1169 193 1258 221 PARS
1275 190 1308 221 11.
1323 209 1358 215 -
1375 190 1625 224 KPOLOGETICA.

1899 201 1946 230 460

338 254 432 284 eunte,
448 259 592 280 mansnsse.
612 261 620 277 ι
633 252 666 280 Et
683 260 758 285 ecce,
779 253 877 288 inquit,
897 253 952 281 duo
970 254 1021 282 viri
1029 255 1124 283 astite-
1137 260 1161 289 Α

1122 257 1222 292 ιΑτῆς
1248 256 1384 293 πεσούσης
1405 258 1452 284 καὶ
1481 259 1517 294 μὴ
1541 259 1699 295 ὲγερθείσης
1721 258 1886 297 Ἰερουσαλὴμ
1903 262 1945 289 ἀν-

339 302 405 326 runt
418 299 458 326 eis
472 299 500 326 in
517 299 639 326 vestibus
651 299 730 331 albis.
743 300 789 335 qui
801 301 883 327 etiam
895 300 1024 328 dixerunt
1041 310 1048 329 :
1066 301 1123 330 Viri

339 344 454 376 Galilmi,
471 344 535 379 quid
552 345 630 372 statis
648 346 812 381 aspicientes
828 347 856 373 in
879 347 1000 374 ct'elum?
1015 346 1065 375 llic
1080 347 1124 376 Je-

339 398 387 418 sus
401 390 447 426 qui
464 395 620 426 assumptus
639 396 681 418 est
705 399 721 418 a
744 392 822 420 vobis
846 392 874 419 in
895 393 1007 425 malum,
1023 393 1063 420 sic
1078 401 1125 420 ve—

338 436 405 468 niet,
432 436 660 471 quemadmodum
687 437 794 465 vidistis
809 446 871 465 eum
886 443 996 466 euntem
1019 440 1046 466 in
1066 447 1123 467 cte-

338 481 394 510 lum
406 482 439 511 ".
462 493 472 509 ›
489 482 594 516 Quibus
608 484 690 510 etiam
705 484 829 518 adjungit
838 485 919 512 verba
928 485 1004 513 haec;
1020 494 1029 510 ι
1046 484 1123 513 Tunc

338 530 440 557 reversi
474 529 584 557 suntin
606 528 755 557 Jerusalem
779 538 794 556 a
821 534 914 558 monte
934 531 981 566 qui
1010 535 1124 558 vocatur

337 575 503 610 0liveti,qui
531 579 573 602 est
595 579 690 602 contra
717 575 869 603 Jerusalem
884 577 917 604 “.
939 586 948 603 ι
966 577 1014 605 Est
1028 577 1121 613 igitur,

336 621 417 648 etiam
434 621 456 648 si
473 621 536 656 quis
551 621 585 648 ad
600 621 712 648 verbum
729 621 897 657 Scripturam
913 623 976 651 velit
986 624 1120 658 accipere,

335 671 430 693 contra
445 666 596 694 Jerusalem
622 672 649 695 et
674 668 708 695 ab
722 668 768 695 illa
784 668 817 695 ad
835 669 966 696 orientem
983 674 1120 704 spectans,

334 721 413 740 mons
427 714 461 746 is,
476 713 509 741 de
523 721 579 749 quo
605 713 708 740 dictum
723 719 777 747 est,
798 713 956 748 Olivarum;
981 720 1121 743 verumta-

332 767 395 786 men
411 759 434 787 si
451 760 624 793 sententiam,
642 768 695 787 non
711 761 793 788 verba
818 762 894 797 sequi
909 762 1045 794 volumus,
1057 770 1121 790 san-

332 810 376 832 cta
389 806 491 833 Christi
509 805 642 837 Ecclesia.
665 811 692 833 et
710 814 789 834 mons
805 807 832 834 in
855 815 909 843 quo
939 807 1051 835 fundata
1067 812 1119 841 est,

331 852 365 879 dc
392 859 446 886 quo
466 852 586 887 loquitur
611 853 748 885 Salvator,
776 853 872 881 dicens
890 863 896 881 :
925 863 934 880 ι
953 853 1013 881 Non
1029 858 1121 889 potest

322 898 463 925 abscondi
480 899 577 926 civitas
592 906 675 934 supra
694 903 813 926 montem
826 901 918 934 posita
930 901 965 932 "’,
989 909 998 926 ι
1021 907 1072 935 pro
1087 908 1120 928 ea

330 953 392 979 qua:
421 945 529 977 cecidit,
554 953 642 980 neque
665 946 783 980 amplius
815 946 934 974 surrexit
953 946 1117 979 Jerusalem,

330 992 435 1016 structa
450 993 532 1024 atque
545 995 648 1022 erecta,
662 991 800 1026 dignaque
816 991 909 1019 habita
925 992 953 1018 in
967 999 1020 1027 qua
1036 992 1118 1027 pedes

329 1034 438 1062 Domini
456 1036 596 1068 insistant,
621 1044 675 1063 non
705 1037 794 1065 solum
823 1041 865 1065 est
886 1042 982 1064 contra
1005 1037 1118 1066 Jerusa-

329 1082 394 1115 lem,
414 1082 462 1111 sed
482 1083 564 1110 etiam
581 1084 615 1111 ab
630 1092 661 1111 ea
677 1083 710 1111 ad
725 1085 860 1111 orientem
875 1092 1003 1120 vergens,
1017 1084 1118 1120 quippe

329 1133 389 1164 quae
405 1129 465 1164 ejus
487 1129 610 1162 luminis,
634 1137 690 1164 quo
710 1129 794 1157 Deum
815 1130 859 1165 pie
880 1131 1008 1164 colimus,
1026 1130 1118 1158 radios

329 1177 458 1212 excipiat,
479 1181 507 1204 et
540 1178 626 1204 multo
649 1177 707 1212 ipsa
732 1177 884 1206 Jerusalem
905 1179 1026 1206 anterior
1046 1179 1118 1207 facta

329 1223 374 1255 sit,
390 1223 497 1259 ipsique
506 1224 620 1258 justitiaa
633 1224 684 1252 soli
701 1225 893 1260 propinquior,
904 1225 938 1253 de
949 1233 1005 1261 quo
1013 1225 1116 1253 dictum

328 1272 380 1298 est.
401 1278 410 1294 ι
436 1269 596 1297 timentibus
625 1274 716 1297 autem
746 1278 800 1303 me,
826 1271 932 1298 orietur
966 1271 1007 1299 sol
1036 1271 1118 1307 justi-

329 1315 374 1342 tia:
390 1315 413 1331 ⁹⁸
428 1324 435 1342 :
454 1325 464 1340 ι
483 1316 548 1350 quia
563 1324 628 1344 vero
643 1317 710 1343 dicit
725 1316 864 1352 deinceps,
880 1321 954 1353 quod
974 1328 983 1344 ι
1008 1319 1117 1348 scinde-

329 1366 374 1388 tur
387 1369 465 1390 mons
480 1361 620 1390 Olivarnm
638 1372 644 1389 :
659 1363 802 1390 dimidium
818 1364 878 1399 ejus
893 1365 927 1392 ad
941 1365 1078 1393 orientem
1090 1369 1117 1393 et

328 1416 404 1435 mare
421 1417 428 1436 :
450 1408 624 1443 profunditas
637 1416 736 1444 magna
751 1410 937 1443 vehementer,
953 1414 981 1438 et
998 1411 1115 1439 inclina-

329 1454 369 1482 bit
381 1454 524 1482 dimidium
539 1456 600 1490 ejus
615 1456 648 1482 ad
665 1456 787 1488 boream,
807 1461 834 1484 et
848 1457 992 1485 dimidium
1007 1459 1068 1494 ejus
1082 1460 1114 1487 ad

329 1505 469 1535 austrum;
489 1511 498 1527 ι
518 1507 607 1537 potest
619 1503 671 1529 hoc
688 1502 799 1537 quidem
813 1503 942 1532 Ecclesia:
958 1513 1007 1541 per
1026 1509 1115 1532 totum

327 1547 432 1580 orbem,
451 1547 497 1582 qui
518 1547 553 1574 ab
577 1548 732 1575 hominibus
758 1547 898 1582 incolitur,
925 1550 1114 1578 dilatationem

328 1594 482 1630 signiﬁcare
497 1605 503 1622 :
520 1603 580 1630 quae
592 1600 683 1630 partes
695 1596 729 1622 ad
743 1596 876 1624 orientem
892 1596 978 1624 solem
991 1600 1116 1632 spectan-

328 1645 382 1674 tcs,
404 1641 532 1676 ipsasque
548 1648 654 1668 aurora!
667 1640 842 1677 Orientisque
866 1646 960 1677 gentes
975 1648 1008 1668 ac
1025 1641 1115 1668 natio-

327 1694 377 1715 nes
389 1686 546 1721 complevit.
565 1685 717 1721 Porrigitur
731 1694 797 1714 vero
811 1687 893 1714 etiam
910 1695 998 1722 usque
1013 1686 1047 1714 ad
1057 1694 1117 1713 ma-

327 1740 367 1765 re,
387 1733 461 1768 quod
490 1736 532 1760 est
564 1733 598 1759 ad
617 1732 802 1764 occidentem;
821 1737 847 1760 et
859 1733 893 1760 ad
921 1733 1026 1761 insulas
1056 1741 1116 1768 qua:

326 1779 355 1806 in
372 1779 434 1814 ipso
455 1783 529 1807 sunt.
546 1778 632 1806 Porro
648 1779 681 1806 ad
703 1785 826 1806 austrum
845 1787 953 1814 quoque
977 1787 1010 1807 ac
1033 1779 1116 1807 meri-

326 1825 399 1852 diem
424 1825 555 1860 pervenit,
580 1825 644 1852 item
668 1825 701 1851 ad
721 1825 878 1860 aquilonem
900 1828 928 1852 et
951 1825 1116 1860 septentrio-

329 1878 389 1897 nem
409 1879 416 1896 :
443 1870 477 1897 ad
494 1870 682 1904 omnesenim‘
692 1875 783 1907 partes
801 1874 829 1898 et
855 1870 957 1906 ubique
982 1871 1114 1907 gentium,

328 1919 401 1954 quod
427 1919 540 1953 ﬁgurate
561 1917 733 1953 signiﬁcatur
757 1917 866 1944 Domini
890 1917 1037 1949 olivetum,
1056 1925 1116 1952 quas

329 1970 370 1993 est
382 1965 442 2000 ejus
458 1964 590 1996 Ecclesia,
609 1964 760 1999 plantatum
785 1967 837 1991 est.
854 1963 948 1990 Potest
964 1963 1045 1990 etiam
1063 1963 1116 1990 alio

328 2020 422 2043 sensa,
438 2019 498 2046 qua:
514 2011 628 2038 antehac
641 2010 719 2037 factae
733 2010 800 2042 sint,
811 2017 926 2045 quaeque
941 2009 1024 2037 etiam
1042 2017 1116 2036 nunc

329 2057 397 2084 ﬁunt
417 2057 443 2083 in
458 2055 579 2083 Ecclesia
593 2055 708 2086 Christi,
723 2055 876 2083 scissiones
891 2058 918 2082 et
933 2058 1036 2087 sectas,
1055 2062 1116 2082 mo-

328 2103 455 2136 talesque
475 2102 501 2128 in
523 2101 588 2132 vita,
606 2101 652 2128 ubi
679 2101 767 2128 scissa
786 2101 931 2136 divisaque
953 2105 1007 2132 est,
1023 2100 1116 2135 lapsus

328 2145 499 2180 signilicare;
524 2144 592 2171 dicit
614 2144 687 2172 enim
714 2150 835 2172 montem
857 2152 918 2173 esse
933 2145 1114 2180 dilapsurum,

328 2191 471 2218 dimidium
487 2191 548 2226 ejus
565 2190 598 2217 ad
613 2191 759 2223 orientem,
783 2195 810 2219 et
833 2191 976 2218 dimidium
1001 2191 1061 2225 ejus
1082 2191 1116 2218 ad

328 2246 403 2265 mare
420 2246 426 2264 :
446 2237 658 2272 profunditatem
677 2245 803 2273 magnam
827 2238 1011 2269 vehementer,
1027 2242 1054 2265 et
1074 2238 1116 2265 in-

323 2285 442 2311 clinabit
457 2285 600 2312 dimidium
617 2284 718 2312 montis
745 2284 779 2311 ad
803 2284 971 2319 aquilonem,
992 2288 1020 2312 et
1035 2284 1115 2312 dimi-

326 2332 401 2358 dium
418 2331 477 2365 ejus
497 2331 579 2366 290
608 2331 641 2358 ad
667 2334 806 2363 austrum;
832 2335 863 2357 ut
885 2331 926 2358 sic
947 2330 974 2357 in
996 2335 1115 2366 quatuor

328 2382 418 2414 partes
434 2378 522 2405 scindi
549 2377 686 2409 videatur,
704 2376 773 2404 duas
793 2376 902 2411 quidem
927 2376 1067 2412 graviores
1082 2384 1114 2403 ac

327 2425 543 2459 priestantiores,
558 2424 627 2451 duas
640 2427 729 2450 autem
749 2423 902 2450 contrarias
917 2431 924 2450 :
937 2427 964 2450 et
973 2430 1040 2450 sane
1052 2422 1114 2450 vide

327 2478 362 2498 ne
378 2471 448 2498 forte
464 2471 492 2498 in
509 2471 551 2498 his
565 2470 668 2502 verbis,
687 2469 753 2497 illud
770 2469 842 2505 quod
859 2469 960 2496 dicitur
975 2469 1009 2496 ad
1023 2469 1115 2496 orien-

327 2521 381 2544 tem
393 2521 420 2544 et
435 2521 570 2549 austrum,
586 2516 657 2544 duos
673 2516 785 2544 ordines
797 2515 943 2557 signiﬁcet,
961 2523 1056 2543 eorum
1068 2515 1115 2550 qui

328 2570 458 2590 successu
479 2570 510 2590 ac
527 2562 652 2597 profectu
668 2562 696 2588 in
707 2561 799 2589 divino
814 2562 889 2588 cultu
902 2560 1026 2588 instincti
1038 2566 1113 2593 sunt,

329 2616 411 2636 unum
425 2609 536 2643 quidem
551 2616 646 2637 eorum
665 2607 713 2643 qui
740 2608 767 2635 in
794 2608 949 2644 cognitione
969 2615 1000 2634 ac
1018 2607 1112 2639 verbo,

327 2661 354 2684 et
369 2655 481 2690 reliquis
496 2655 580 2683 divini
598 2654 718 2691 Spiritus
733 2655 812 2683 donis
827 2655 984 2690 proﬁciunt,
997 2654 1112 2681 alterum

328 2710 422 2729 eorum
438 2702 484 2736 qui
501 2701 528 2728 in
544 2702 668 2730 moribus
685 2701 795 2738 quidem
811 2706 838 2729 et
853 2701 908 2728 vita
921 2701 1005 2736 probe
1026 2705 1113 2728 recte-

328 2755 381 2782 que
395 2747 507 2783 dcgunt,
523 2748 570 2775 sed
588 2753 679 2776 tamen
700 2749 728 2776 in
745 2749 804 2776 suis
828 2747 976 2782 seligendis
1000 2746 1114 2774 rationi-

330 2791 380 2817 bus
402 2792 569 2819 detinentur.
592 2791 714 2828 Reliqua:
736 2801 799 2821 vero
820 2793 881 2820 dua:
898 2793 1001 2827 partes,
1023 2799 1084 2827 quae
1099 2799 1114 2818 a

329 2836 465 2870 prioribus
482 2837 575 2864 divisa:
591 2842 665 2869 sunt,
684 2838 717 2864 ad
737 2846 810 2866 mare
829 2843 855 2865 et
870 2838 1035 2872 aquilonem,
1057 2844 1114 2864 am-

1136 938 1156 966 Β

1131 2311 1154 2341 D

1176 303 1327 339 εγερθείσα,
1343 304 1389 330 καὶ
1402 303 1456 330 τῶν
1469 304 1557 331 ποδῶν
1571 304 1617 331 τοῦ
1633 305 1736 341 Κυρίου
1752 305 1945 339 καταξιωθείσα,

1175 350 1206 376 οὐ
1227 350 1305 385 μόνον
1323 351 1468 378 κατέναντι
1486 352 1559 377 ἐστιν
1577 351 1762 388 Ἰερουσαλὴμ,
1780 353 1844 380 ἀλλὰ
1857 355 1900 381 καὶ
1921 356 1946 389 ἐξ

1175 398 1310 425 ἀνατολῶν
1334 399 1436 434 αὐτῆς.
1458 398 1646 435 προσλαϐοῦσα
1662 399 1711 431 τάς
1727 399 1813 434 αὐγὰς
1835 401 1879 428 τοῦ
1902 403 1946 438 τῆς

1175 443 1328 476 θεοσεϐείας
1349 444 1446 478 φωτὸς,
1461 445 1509 471 καὶ
1525 444 1592 470 πολὺ
1615 445 1734 481 προτέρα
1755 446 1804 481 τῆς
1825 447 1946 482 Ἰερουσα-

1174 489 1230 525 λὴμ
1248 490 1392 526 γενομένη,
1406 490 1480 526 αὺτῷ
1491 499 1521 517 τε
1541 491 1713 527 πλησιάσασα
1735 491 1774 527 τῷ
1788 492 1837 527 τῆς
1854 493 1945 520 δικαιο-

1175 534 1258 570 σύνης
1271 535 1349 571 ἡλίῳ,
1365 536 1429 572 περὶ
1443 532 1473 563 οὗ
1489 536 1612 564 λέλεκται
1625 546 1631 552 ·
1646 547 1655 563 ι
1670 538 1732 569 Τοῖς
1743 538 1771 564 δὲ
1783 537 1946 573 φοϐουμένοις

1175 589 1208 616 με
1226 581 1350 608 ἁνατελεϊ
1363 581 1438 617 ἥλιος
1453 581 1634 617 δικαιοσύνης.
1647 592 1656 608 ι
1671 583 1704 609 Ὃ
1715 582 1743 609 δὲ
1758 580 1831 617 λέγει
1841 583 1868 609 τὺ
1879 583 1944 619 ἑξῆς,

1173 627 1213 653 ὃτι
1235 636 1243 652 ι
1257 627 1434 663 Σχισθήσεται
1458 627 1488 654 τὸ
1509 627 1571 664 ὄρος
1597 628 1651 656 τῶν
1668 628 1779 655 Ἐλαιῶν
1793 648 1800 661 ,
1819 628 1848 655 τὸ
1870 630 1945 664 ἦμισν

1172 673 1255 699 αὑτοῦ
1273 673 1339 709 πρὸς
1356 673 1488 705 ἀνατολὰς
1500 674 1547 700 καὶ
1562 673 1706 706 Θάλασσαν,
1723 675 1788 709 χάος
1808 668 1875 710 μεγᾶ
1889 676 1945 710 σφό-

1171 718 1232 754 δρα,
1250 719 1296 745 καὶ
1308 718 1393 745 κλινεί
1406 718 1435 745 τὸ
1451 719 1536 754 ἥμισυ
1549 718 1631 745 αὑτοῦ
1646 720 1712 755 πρὸς
1726 720 1772 746 τὸν
1782 719 1890 756 βορρᾶν,
1904 720 1945 748 καὶ

1171 763 1202 790 τὸ
1218 764 1303 801 ἥμισυ
1319 763 1401 790 αὑτοῦ
1416 763 1483 800 πρὸς
1503 764 1588 796 νότον,
1603 774 1612 790 ›
1634 764 1744 792 δύναται
1767 765 1815 800 μὲν
1829 766 1874 802 τὴν
1891 766 1944 793 καθ’

1171 809 1234 845 ὅλης
1250 810 1300 845 τῆς
1314 809 1465 846 ἀνθρώπων
1478 810 1638 846 οἰκουμένης
1659 811 1811 844 ὲξάπλωσιν
1824 811 1871 847 τῆς
1889 812 1944 838 Ἐκ-

1171 855 1287 890 κλησίας
1296 856 1448 891 σημαίνειν,
1457 856 1503 883 ἐπὶ
1510 857 1557 883 καὶ
1568 857 1700 889 ἀνατολὰς
1710 857 1797 893 ἡλίου,
1809 858 1874 885 αὐτά
1882 867 1907 885 τε
1915 858 1944 886 τὰ

1172 901 1227 936 ἑῷα
1241 901 1288 928 καὶ
1305 902 1455 928 ἀνατολικὰ
1469 901 1533 938 ἔθνη
1549 902 1777 940 πεπληρωμένην·
1789 903 1909 931 διατείνει
1920 905 1944 931 δὲ

1172 947 1220 973 καὶ
1239 946 1285 973 ἐπὶ
1300 946 1349 982 τὴν
1365 947 1476 982 δυτικὴν
1499 947 1645 980 θάλασσαν,
1668 949 1718 980 τάς
1733 957 1762 974 τε
1779 949 1809 974 ὲν
1824 948 1888 984 αὐτῇ
1903 949 1944 984 νή-

1174 1001 1245 1024 σους.
1268 993 1305 1019 Οὐ
1319 992 1371 1028 μὴν
1386 992 1442 1019 ἀλλ’
1455 993 1554 1028 ἔφθακε
1572 994 1642 1021 κατά
1654 1002 1684 1020 τε
1696 994 1771 1020 νότον
1784 994 1831 1020 καὶ
1851 1002 1945 1029 μεσημ-

1172 1038 1262 1074 ϐρίαν,
1275 1039 1344 1066 κατά
1359 1046 1389 1066 τε
1407 1039 1517 1075 βορρᾶν,
1532 1040 1579 1066 καὶ
1597 1041 1711 1075 άρκτον⁶
1731 1041 1819 1075 πάντη
1833 1039 1884 1075 γὰρ
1904 1040 1944 1066 καὶ

1174 1085 1309 1121 πανταχοῦ
1335 1085 1349 1112 ό
1380 1086 1577 1121 σημαινόμενος
1608 1086 1745 1122 τροπικῶς
1779 1086 1826 1112 τοῦ
1852 1086 1944 1121 Κυρίου

1171 1131 1269 1162 ἐλαιὼν
1289 1133 1306 1167 ὴ
1331 1131 1478 1167 Ἐκκλησία
1499 1131 1582 1159 αὑτοῦ
1601 1133 1854 1173 καταπεφύτευταις
1873 1131 1942 1159 δύνα-

1171 1187 1216 1205 ται
1238 1179 1266 1205 δὲ
1287 1179 1333 1205 καὶ
1349 1178 1420 1205 κατὰ
1439 1179 1556 1206 διάνοιαν
1577 1178 1611 1206 τὰ
1637 1179 1684 1206 ἐπὶ
1702 1179 1752 1215 τῆς
1769 1178 1816 1206 τοῦ
1837 1176 1945 1214 Χριᾱτοῦ

1178 1225 1339 1261 Ἐκκλησίας
1357 1225 1490 1261 γενόμενά
1515 1235 1544 1252 τε
1558 1246 1565 1258 ,
1589 1226 1636 1252 καὶ
1651 1226 1734 1252 εἰσέτι
1757 1225 1807 1252 νῦν
1829 1225 1946 1260 γινόμενα

1171 1271 1309 1307 σχίσματα
1321 1272 1368 1299 καὶ
1380 1271 1429 1303 τὰς
1449 1271 1587 1307 σίρέσεις,·
1596 1272 1646 1304 τάς
1663 1280 1693 1298 τε
1706 1271 1805 1307 ἠθικὰς
1819 1270 1887 1298 κατὰ
1905 1269 1945 1297 τὸν

1171 1317 1228 1352 βίον
1244 1317 1417 1349 ἀποπτώσεις
1438 1317 1612 1345 αἰνίττεσθαι.
1639 1317 1752 1353 Σχισθὲν
1766 1318 1821 1353 γάρ
1842 1325 1903 1352 φησι
1918 1315 1945 1342 τδ

1169 1364 1232 1400 ὅρος
1251 1363 1456 1400 διαστήσεσθαι,
1471 1363 1502 1391 τὸ
1517 1365 1604 1400 ἥμισυ
1625 1364 1706 1391 αὐτοῦ
1726 1363 1796 1400 πρὸς
1814 1362 1944 1394 ἀνατολὰς,

1169 1411 1216 1437 καὶ
1230 1410 1261 1437 τὸ
1275 1410 1360 1445 ἥμισυ
1380 1410 1461 1437 αὐτοῦ
1475 1410 1543 1446 πρὸς
1557 1411 1705 1441 θάλασσαν,
1721 1410 1786 1446 χάος
1807 1410 1875 1446 μέγα
1889 1409 1943 1443 σφό-

1168 1457 1230 1492 δρα,
1241 1457 1288 1484 καὶ
1304 1457 1389 1484 κλινεῖ
1398 1457 1429 1484 τδ
1440 1458 1526 1493 ἥμισυ
1538 1456 1586 1483 τοῦ
1601 1457 1680 1492 ὅρους
1695 1457 1763 1493 πρὸς
1779 1457 1823 1484 τὸν
1843 1456 1944 1492 βορρᾶν,

1169 1505 1217 1531 καὶ
1227 1503 1257 1530 τὸ
1267 1504 1354 1540 ἥμισυ
1365 1503 1448 1530 αὑτοῦ
1465 1502 1532 1540 πρὸς
1546 1503 1632 1536 νότον,
1646 1503 1684 1535 ὡς
1697 1503 1737 1535 είς
1752 1503 1871 1538 τέσσαρα
1882 1501 1945 1537 μέρη

1167 1545 1345 1585 διαιρεῖσθαι,”
1357 1549 1403 1576 δύο
1423 1549 1471 1585 μὲν
1485 1548 1520 1575 τὰ
1541 1548 1689 1584 σεμνότερα
1701 1548 1749 1575 καὶ
1767 1548 1893 1584 κρείττω,
1904 1546 1946 1574 δύο

1167 1595 1195 1622 δὲ
1208 1595 1242 1623 τὰ
1266 1595 1384 1623 ὲναντία.
1407 1595 1462 1622 Kal
1483 1595 1534 1630 ὅρα
1548 1595 1653 1630 μήποτε
1676 1593 1720 1621 διὰ
1738 1594 1840 1621 τούτων
1852 1593 1880 1620 τὸ
1902 1591 1945 1628 μὲν

1167 1641 1235 1678 πρὸς
1248 1641 1378 1674 ἀνατολὰς
1390 1642 1437 1668 καὶ
1453 1642 1521 1677 πρὸς
1536 1642 1610 1668 νότον
1622 1641 1669 1668 δύο
1683 1641 1812 1677 τάγματα
1831 1639 1945 1676 σημαίνει

1167 1688 1222 1715 τῶν
1238 1688 1287 1724 τῆς
1301 1688 1373 1715 κατὰ
1382 1688 1449 1715 Θεὸν
1462 1690 1604 1724 προκοπῆς
1619 1688 1829 1724 ἐπειλημμένων
1839 1696 1845 1702 ·
1861 1687 1887 1714 ἓν
1901 1685 1945 1722 μὶν

1167 1734 1222 1761 τῶν
1235 1735 1263 1761 ὲν
1276 1735 1376 1770 γνώσει
1395 1735 1441 1762 καὶ
1457 1735 1539 1770 λόγῳ,
1563 1735 1610 1762 καὶ
1628 1736 1683 1766 τοῖς
1699 1734 1804 1766 λοιποϊς
1815 1733 1860 1761 τοῦ
1881 1731 1946 1759 θείου

1167 1779 1326 1815 Πνεύματος
1343 1780 1492 1816 χαρίσμασι
1506 1779 1713 1816 τελειουμένων·
1731 1779 1845 1816 θάτερον
1859 1779 1886 1805 δὲ
1898 1776 1946 1804 τῶν

1167 1824 1211 1850 διὰ
1237 1823 1293 1858 βίου
1307 1825 1509 1861 κατορθούντων
1519 1847 1527 1859 ,
1544 1827 1572 1852 ὲν
1593 1825 1718 1860 ἐκλογαῖς
1734 1834 1767 1860 γε
1786 1826 1838 1861 μὴν
1854 1825 1945 1860 διατρι-

1168 1871 1278 1898 ϐόντων.
1294 1871 1335 1898 Τὰ
1348 1871 1377 1898 δὲ
1391 1871 1472 1898 λοιπὰ
1488 1872 1535 1899 δύο
1554 1872 1623 1908 μέρη
1639 1871 1693 1898 τῶν
1709 1872 1848 1908 προτέρων
1860 1871 1944 1907 διῃρη·

1170 1917 1237 1953 μένα
1254 1917 1296 1952 εἴη
1319 1917 1406 1949 ἂν,τὺ
1426 1917 1495 1944 κατὰ
1519 1911 1655 1944 Θάλασσαν
1672 1917 1718 1944 καὶ
1741 1918 1811 1954 πρὸς
1836 1916 1945 1952 βορρᾶν,

1168 1963 1310 1999 ἀμφότερα
1323 1963 1391 1999 πρὸς
1404 1964 1437 1999 τῇ
1456 1963 1540 1998 κακίᾳ
1551 1963 1747 1999 σημαινόμενα.
1765 1973 1775 1989 t
1794 1963 1859 1990 Ἀπὸ
1869 1969 1946 1998 προσ-

1167 2008 1243 2036 ώπου
1257 2008 1322 2045 γὰρ,
1342 2010 1419 2044 φησὶ,
1441 2009 1525 2044 βορρᾶ
1541 2008 1739 2044 ἐκκαυθήσεται
1759 2008 1795 2035 τὰ
1816 2007 1887 2035 κακὰ
1906 2005 1946 2033 ἐπὶ

1169 2056 1272 2087 πάντας
1289 2056 1353 2087 τοὺς
1372 2055 1566 2086 κατοικοῦντας
1583 2054 1632 2090 τὴν
1652 2055 1719 2091 γῆν
1732 2064 1741 2081 ι
1765 2055 1780 2082 ὃ
1798 2063 1828 2081 τε
1848 2053 1946 2090 δράκων

1168 2101 1215 2128 ἐπὶ
1234 2102 1283 2137 τῆς
1305 2101 1440 2136 θαλάσσης
1460 2101 1595 2128 ποιεῖσθαι
1615 2100 1663 2132 τὰς
1677 2101 1818 2137 διατριϐὰς
1838 2100 1944 2134 λέγεται.

1170 2148 1250 2174 ’Ὥστε
1273 2147 1385 2178 εἰκότως
1412 2146 1551 2173 κάνταῦθα
1565 2146 1619 2172 τῶν
1646 2146 1700 2173 ἀπὸ
1716 2147 1767 2182 τῆς
1796 2144 1947 2181 Ἐκκλησίας

1167 2192 1376 2218 άποπιπτόντων
1391 2191 1438 2218 δύο
1456 2191 1535 2219 πάλιν
1555 2191 1700 2227 δηλοῦσθαι
1716 2190 1845 2227 τρόπους,
1866 2190 1907 2216 τόν
1920 2196 1946 2214 τε

1168 2238 1238 2265 κατὰ
1254 2239 1303 2273 τὴν
1313 2238 1413 2273 γνῶσιν
1424 2239 1470 2265 καὶ
1482 2238 1528 2265 τὸν
1544 2237 1616 2264 κατὰ
1631 2237 1661 2264 τὸ
1675 2236 1740 2273 ἦθος
1756 2237 1946 2274 ἁμαρτάνοντι,

1168 2284 1206 2315 ὼς
1220 2281 1288 2310 εἶναι
1300 2283 1402 2316 ταύτας
1417 2283 1464 2310 τοῦ
1477 2283 1642 2319 δηλουμένου
1655 2283 1801 2314 Ἐλαιῶνος
1812 2279 1946 2320 δρουςοτάς

1168 2330 1221 2356 ὑπὸ
1231 2330 1282 2365 τῆς
1293 2329 1459 2366 προφητείας
1469 2330 1656 2366 αίνιττομένας
1666 2330 1830 2362 διαστάσεις.
1847 2327 1947 2356 Τούτοις

1168 2375 1232 2410 ἑξῆς
1249 2375 1418 2409 ὲπιλέγεται·
1435 2384 1444 2400 ι
1458 2375 1513 2401 Καὶ
1530 2374 1752 2410 ἑμφραχθὴσεται
1764 2375 1781 2410 ή
1797 2372 1888 2404 κοιλὰς
1898 2369 1947 2398 νῦν

1168 2421 1252 2457 ὀρέων
1270 2429 1332 2456 μου,
1354 2421 1402 2448 καὶ
1426 2420 1654 2457 ὲγκολληθήσεται
1675 2420 1785 2456 φάραγξ
1805 2420 1887 2456 ὀρέων
1902 2417 1948 2449 ἕως

1175 2467 1283 2504 Ἀσαήλ.
1309 2467 1365 2494 Kal
1388 2467 1628 2503 ὲμφραχθήσεται,
1648 2467 1678 2493 ὃν
1697 2466 1799 2502 τρόπον
1819 2463 1946 2500 ὲνεφράγη

1168 2514 1222 2541 ἀπὸ
1234 2513 1380 2549 προσώπου
1397 2513 1442 2541 τοῦ
1465 2513 1575 2549 σεισμοῦ
1594 2514 1622 2539 ὲν
1634 2513 1751 2549 ἡμέραις
1772 2511 1861 2544 ὀζίου
1877 2510 1947 2546 βασι-

1165 2561 1234 2592 λέως
1255 2560 1348 2587 Ἰούδα.
1363 2570 1373 2586 »
1391 2559 1492 2591 Κοιλὰς
1510 2559 1538 2586 δὲ
1554 2560 1582 2586 ἐν
1606 2559 1712 2592 τούτοις
1727 2558 1782 2586 τῶν
1803 2558 1887 2594 ὀρέων
1904 2553 1946 2582 τοῦ

1165 2607 1232 2634 Θεοῦ
1246 2607 1288 2638 τίς
1301 2606 1334 2634 ἂν
1350 2606 1391 2642 είη
1409 2606 1425 2642 ἦ
1442 2606 1459 2641 ὴ
1473 2606 1543 2633 κατὰ
1557 2606 1601 2633 τὸν
1624 2606 1765 2637 Μωῢσέως
1777 2605 1860 2640 νόμον
1879 2604 1906 2629 ὲν
1917 2601 1946 2636 τῇ

1172 2651 1346 2688 Ἰερουσαλὴμ
1358 2651 1441 2678 πάλαι
1456 2651 1586 2687 πρότερον
1603 2650 1800 2686 συντελουμένη
1814 2645 1946 2684 σωματικὴ

1166 2699 1212 2725 καὶ
1230 2698 1360 2734 Ἰουδαῖκὴ
1378 2698 1525 2734 ορησκεία;
1541 2698 1573 2734 ἢν
1587 2695 1851 2732 ἀποκλεισθήσεσθαι
1861 2693 1946 2726 ὥσπερ

1168 2745 1390 2780 ἀποφραχθεῐσαν
1411 2746 1425 2771 ὁ
1451 2743 1544 2780 παρὼν
1574 2743 1652 2778 λόγος
1680 2741 1803 2774 θεσπίζει
1828 2740 1944 2776 φάσκων·

1171 2800 1179 2816 ι
1196 2791 1252 2817 Kal
1268 2791 1490 2826 ἐμφραχθήσεται
1506 2791 1522 2825 ὴ
1543 2789 1636 2821 κοιλὰς
1656 2789 1712 2816 τῶν
1727 2788 1814 2824 ὀρέων
1831 2794 1891 2823 μου,
1906 2782 1948 2812 καὶ

1168 2836 1397 2872 ἐγκολληθήσεται
1424 2835 1532 2872 φάραγξ
1565 2835 1650 2871 ὀρέων
1673 2834 1726 2866 ἕως
1760 2831 1879 2868 Ἀσαὴλ.
1905 2826 1948 2856 τ’υῦ

364 2915 387 2929 ⁸⁸
402 2914 461 2942 Act.
475 2922 494 2949 ι,
509 2914 551 2942 Η.
591 2916 614 2932 ’⁵
626 2915 692 2944 ibid.
712 2915 753 2944 12.
792 2917 813 2932 ⁸⁷
826 2915 920 2944 Matth.
934 2924 961 2948 v,
976 2915 1019 2942 H.
1059 2915 1081 2932 ⁸⁸
1095 2915 1187 2944 Malacl

488 2935 494 2949 ,
509 2914 551 2942 Η.
591 2916 614 2932 ’⁸
626 2915 692 2944 ibid.
712 2915 753 2944 12.
792 2917 813 2932 ⁸⁷
826 2915 920 2944 Matth.
934 2924 961 2948 v,
976 2915 1019 2942 H.
1059 2915 1081 2932 ⁸⁸
1095 2915 1212 2944 Malach.
1233 2922 1270 2947 tv,
1284 2914 1311 2943 2.
