2084 3216
169 175 222 207 «6ῢί

612 179 940 212 ΒΕΜΟΝΞΤΒΑἸἹΟΝΙΞ
957 180 1186 214 ΕνΑΝϐΕΙλΙΕᾸΕ
1203 186 1268 216 LIB.
1285 183 1330 217 Vl.

1742 194 1794 220 002

169 238 406 276 ἐμφραχθήσεται.
424 249 435 266 ι
461 241 529 269 Ἀνθ“
550 237 588 268 ὧν
611 243 625 268 ὁ
639 242 786 278 Σύμμαχος
809 244 952 279 πεποίηκε·

1011 244 1052 272 ba:
1066 249 1146 272 erunt
1162 246 1288 280 qiuejam
1311 246 1345 273 ad
1366 246 1498 274 malitiam
1518 249 1653 282 pertinent
1671 259 1677 277 :
1695 259 1706 275 ι
1722 252 1742 277 Α
1759 253 1800 279 fa-
1816 248 1819 273 ἱ

172 292 184 311 ι
202 284 256 311 Καὶ
266 285 487 321 ὲμφραχθήσεται
499 287 515 321 ἡ
531 286 638 322 φάραγξ
652 287 706 314 τῶν
720 288 804 324 ὁρέων
815 298 876 324 μου,
893 298 901 314 ι
914 290 959 316 καὶ

170 330 212 358 ἔτι
224 339 233 356 ε
245 332 334 366 ὲγγιεῖ
342 341 351 357 ι
365 333 382 367 ἡ
391 330 499 367 φάραγξ
506 332 559 358 τῶν
571 333 658 368 ὀρέων
671 334 739 369 πρὸς
748 335 778 361 τὸ
788 335 958 371 παρακείμε-

170 384 228 409 νον,
241 386 250 402 ι
261 377 310 404 καὶ
316 377 552 414 ὲμφραχθήσεται·
567 388 576 404 ι
586 379 620 405 δι’
631 376 668 406 ὧν
681 380 828 416 παρίστησι
836 381 866 408 τὸ
874 381 959 409 αἴτιον

169 422 220 466 ⁸τῆς
233 423 437 460 ἐμφραχθείσης
457 425 606 461 φάραγγος.
626 427 658 453 Τί
676 427 704 453 δὲ
717 425 751 463 ἦν
767 428 846 455 τοῦτο
868 429 924 456 ἀλλ’
941 430 957 466 ἢ

168 465 202 496 τὸ
223 469 331 504 ἐγγίσαι
354 470 439 506 αὐτὴν
465 471 512 498 καὶ
536 472 682 507 πλησιάσαι
705 473 743 509 τῷ
766 465 958 512 παρακειμὲνιρ

167 515 239 551 αὐτῇ
249 523 258 548 ;
270 514 351 542 τοῦτο
364 516 393 543 δὲ
405 513 439 552 ἦν
451 516 483 542 τὸ
496 516 542 543 τοῦ
553 518 656 554 Κυρίου
667 519 728 555 ὅρος
740 520 770 546 τὸ
779 521 831 547 τῶν
846 521 958 549 Ἐλαιῶν

169 562 438 598 προωνομασμένον,
466 563 534 600 ὅπερ
566 562 675 599 Ἀσαὴλ
698 565 855 602 ὠνόμασται
883 568 957 605 παρὰ

167 608 226 640 τοῖς
237 608 446 644 Ἑϐδομήκοντα.
459 609 575 644 Δηλοῖδὲ
585 610 664 638 τοῦτο
675 612 745 638 κατὰ
758 612 807 648 τὴν
825 613 957 649 Ἑϐραίων

165 653 262 689 φωνὴν
282 654 406 688 ποίησιν
428 655 512 682 Θεοῦ.
533 655 611 683 Οὖτω
632 656 678 688 δὲ,
704 658 801 693 φησὶν,
814 659 831 694 ἡ
857 660 957 687 παλαιὰ

167 700 278 736 φάραγξ
289 701 462 737 πλησιάσασα
474 702 514 738 τῷ
522 700 593 738 δρει,
610 705 655 730 καὶ
664 706 696 740 τῇ
709 705 825 740 Χριστοῦ
845 706 958 741 Ἐκκλη-

166 747 236 782 σία,
253 746 292 780 τῷ
314 756 344 774 τε
372 749 502 784 ποιήματι
535 748 603 776 Θεοῦ
619 770 626 781 ,
656 750 884 786 ἓμφραχθὴσεται
911 753 956 779 καὶ

166 793 424 830 ἀποκλεισθήσεται,
438 795 468 821 ὃν
480 796 580 831 τρόπον
595 797 732 832 ἐνεφράγη
742 798 795 824 ἀπὸ
809 798 955 834 προσώπου

164 839 215 865 ίτοῦ
238 840 365 875 σεισμοῦ,
388 841 418 868 ἐν
439 841 557 878 ἡμέραις
588 842 674 875 Ὀζίου
703 843 834 878 βασιλέως
861 845 953 872 Ἰούδα.

167 885 264 921 Ζητῶν
279 885 307 913 δὲ
321 887 386 922 παρ’
401 887 523 922 ἐμαυτῷ,
539 889 585 915 καὶ
601 888 650 920 τὰς
663 889 738 922 Θείας
755 890 866 926 περιϊὼν
886 891 955 926 Γρα-

1011 290 1062 322 cie,
1083 291 1181 326 inquit,
1202 291 1337 327 aquilonis
1350 292 1534 320 accendt-ntur
1552 294 1622 320 mala
1641 302 1724 329 super
1744 304 1801 322 om-

1011 344 1059 363 nes
1075 336 1229 364 habitantes
1246 342 1345 365 terram
1359 339 1392 370 ",
1413 348 1422 363 »
1442 342 1469 366 et
1482 339 1566 366 draco
1578 339 1605 367 in
1619 342 1687 368 mari
1706 342 1798 369 diver—

1010 382 1065 409 sari
1081 382 1192 411 dicitur.
1220 383 1393 420 Quapropter
1421 385 1519 413 merito
1544 385 1589 413 hic
1612 395 1722 422 quoque
1744 390 1799 416 duo

1009 436 1106 457 rursus
1120 437 1218 464 genera
1235 430 1425 465 intelliguntur
1437 439 1542 464 eorum,
1563 433 1610 467 qui
1626 433 1661 461 ab
1677 434 1798 462 Ecclesia

1009 474 1157 505 declinant.
1174 483 1256 502 unum
1273 484 1368 503 eorum
1387 476 1433 511 qui
1449 477 1475 503 in
1492 477 1546 504 vita
1564 482 1590 505 et
1605 479 1727 507 moribus
1738 483 1799 514 pe'c-

1008 524 1089 552 cant,
1123 521 1238 548 alterum
1263 529 1357 549 eorum
1385 523 1430 556 qui
1454 530 1468 549 τι
1488 531 1554 550 sana
1584 529 1610 551 et
1634 529 1707 552 recta
1731 533 1796 552 Scn-

1009 565 1093 592 tentia
1117 565 1256 598 labuntur,
1287 571 1316 593 ut
1330 567 1386 602 jam
1407 569 1503 595 Oliveli
1534 569 1615 604 hujus
1637 572 1747 602 montis,
1764 571 1797 599 do

1008 619 1063 646 quo
1078 619 1169 639 sermo
1180 617 1234 646 est,
1246 613 1287 640 ha;
1301 613 1361 641 dua:
1373 614 1438 646 sint,
1454 623 1514 649 quae
1526 623 1541 642 a
1558 617 1698 651 prophetia
1712 618 1797 653 signi-

1009 657 1134 690 ﬁcantur,
1152 659 1349 694 separationes.
1377 659 1424 688 llis
1449 661 1546 688 deinde
1570 662 1693 698 adjuugit
1718 674 1748 690 ε(
1764 665 1797 692 Et

1007 705 1181 732 ohturabitur
1195 706 1275 733 vallis
1291 707 1424 734 montium
1438 715 1572 740 meorum.
1585 715 1612 736 et
1622 711 1797 745 conglutina-

1008 750 1081 777 bitur
1102 751 1234 778 convallis
1247 753 1389 785 montium,
1408 750 1494 788 u'sque
1505 753 1538 780 ad
1555 754 1635 781 Asael
1653 765 1659 781 :
1676 759 1702 783 et
1717 758 1796 782 obtu-

1007 795 1113 823 rabitur
1133 797 1361 831 quemadmodum
1380 798 1507 825 obturata
1524 804 1566 826 est
1592 808 1606 826 a
1618 800 1686 828 facie
1700 805 1795 828 terrae-

1005 846 1107 875 motus.
1125 843 1154 870 in
1168 843 1265 871 diebus
1281 843 1354 872 Oziaa
1370 846 1442 880 regis
1457 845 1537 872 Jucla.
1555 856 1562 871 ι
1583 847 1616 872 At
1627 848 1698 874 enim
1713 848 1739 874 in
1752 848 1794 875 his

1005 887 1108 919 verbis,
1127 896 1188 924 qua:
1214 889 1324 916 tandem
1347 898 1408 917 esse
1438 895 1526 925 potest
1554 892 1632 919 vallis
1661 894 1793 920 raontium

166 932 232 965 φὰς,
248 932 276 959 ετ
293 941 358 959 ποτε
376 933 407 959 ὲν
422 935 480 965 ταῖς
498 934 615 971 ἡμέραις
636 934 722 967 Ὀζίου
743 937 760 972 ἡ
780 936 895 963 ἐνταῦθα
908 937 952 972 δη-

1005 932 1064 972 Dei,
1078 934 1130 962 nisi
1147 942 1208 969 quae
1220 935 1283 962 olim
1300 940 1379 963 antea
1388 937 1581 964 celebrabatur
1598 947 1630 965 ex
1649 938 1707 973 lege
1721 939 1794 975 Moy-

165 978 285 1015 λουμένη
301 979 408 1016 φάραγξ
427 980 564 1016 ὲνεφράγη
589 981 643 1008 ἀπὸ
664 982 808 1018 προσώπου
829 982 876 1009 τοῦ
901 992 955 1010 σει-

165 1024 250 1060 σμοῦ,
261 1026 290 1052 ὲν
304 1025 353 1061 μὲν
364 1027 423 1058 ταῖς
430 1026 484 1054 τῶν
500 1027 666 1054 Βασιλειῶν
676 1028 805 1064 ἱστορίαις
818 1029 892 1056 οὐδὲν
907 1030 956 1065 ηὖ-

167 1078 272 1106 ρισκον,
287 1071 347 1098 οὐδὲ
364 1072 525 1107 σωματικῶς
541 1081 572 1107 γε
584 1075 644 1099 κατ’
660 1073 741 1100 αὑτὸν
754 1075 864 1110 σεισμὸς
880 1083 955 1109 γεγο-

164 1115 231 1150 νὼς,
246 1117 309 1145 οὔτε
324 1127 350 1145 τι
364 1119 467 1145 τοιοῦτο
482 1119 544 1154 περὶ
567 1119 708 1155 φάραγγος
721 1121 750 1147 ὲν
770 1122 863 1153 αὑταῖς
877 1123 953 1157 εἰρη-

167 1163 249 1198 μένον
272 1164 487 1201 ἀναγέγραπται.
516 1166 672 1200 ’ἱστορεῖται
688 1175 721 1201 γε
739 1166 792 1202 μὴν
812 1168 902 1200 Ὀζίας
925 1169 953 1194 ὲν

162 1211 266 1247 ἀρχαῖς
275 1211 378 1244 δίκαιος
393 1213 545 1246 γεγονέναι,
560 1211 619 1240 εἶτα
631 1213 805 1249 διαϐέϐληται
817 1214 854 1246 ὼς
867 1215 952 1249 ἐπαρ-

165 1256 226 1288 θεὶς
238 1258 272 1292 τῇ
287 1257 400 1294 διανοίᾳ,
421 1258 466 1285 καὶ
477 1257 511 1284 δι’
531 1259 614 1286 αὑτοῦ
632 1259 711 1286 Θῦσαι
726 1260 765 1295 τῷ
779 1260 839 1296 Θεῷ
853 1260 953 1296 τολμή-

165 1311 226 1335 σας.
241 1303 287 1330 Διὸ
301 1304 346 1331 καί
356 1304 459 1339 λέπραν
474 1304 548 1338 αὑτῷ
561 1305 632 1332 κατὰ
645 1305 692 1332 τοῦ
711 1306 856 1341 προσώπου
871 1306 953 1342 ἀνθῆ-

163 1354 221 1376 σαι.
238 1349 324 1376 Τοῦτο
339 1350 387 1386 μὲν
399 1348 445 1377 οὖν
457 1351 473 1386 ἡ
484 1350 572 1386 βίῦλος
581 1351 634 1378 τῶν
646 1351 810 1379 Barrus/(Iw
818 1353 951 1389 παρίστη-

165 1405 219 1423 σιν.
240 1397 270 1423 '0
291 1396 321 1422 δέ
338 1405 370 1431 γε
393 1396 525 1433 Ἰώσηπος
545 1399 592 1424 καὶ
612 1397 660 1429 τὰς
684 1397 782 1430 ἔξωθεν
807 1399 952 1432 Ἰουδαϊκὰς

158 1441 341 1478 ’δευτερώσεις
353 1443 565 1478 ἀπηκριῧωκὼς,
581 1443 628 1471 ἂτε
644 1443 765 1479 Ἑϐραῖος
777 1443 806 1477 ἐξ
821 1445 952 1480 Ἐϐραίων

161 1489 318 1524 τυγχάνων,
332 1490 482 1516 ἐπάκουσον
497 1488 541 1516 οἷα
563 1490 688 1524 γενέσθαι
705 1490 775 1517 κατὰ
791 1491 854 1523 τοὺς
868 1491 951 1518 αὑτοῦ

160 1535 242 1572 δηλοῖ
257 1535 381 1571 χρόνους,
395 1535 492 1570 λέγων,
514 1536 551 1568 ὡς
565 1537 620 1570 ἄρα
639 1546 648 1561 ι
669 1537 893 1571 Κατεπειγόντων
907 1537 951 1564 τὸν

171 1581 264 1614 ὀζίαν
279 1581 334 1609 τῶν
350 1580 449 1618 ἱερέων
465 1583 565 1614 ἐξιέναι
580 1583 627 1610 τοῦ
642 1582 725 1619 ἱεροῦ,
744 1585 789 1610 καὶ
810 1585 847 1620 μὴ
864 1593 952 1620 παρα-

162 1629 260 1664 νομεῖν
280 1629 319 1660 εἰς
331 1629 376 1655 τὸν
388 1629 464 1662 Θεὸν,
481 1629 618 1665 ὀργισθεὶς
635 1631 781 1665 ἠπείλησεν
796 1631 886 1662 αὐτοῖς
903 1631 951 1657 θά-

162 1682 257 1708 νατον,
274 1675 298 1702 εἰ
318 1675 355 1711 μὴ
375 1675 425 1711 τὴν
445 1676 558 1711 ἡσυχίαν
581 1676 700 1708 ἄξουσιν.
721 1677 831 1710 Μεταξὺ
847 1677 878 1704 δὲ
899 1685 952 1704 σει-

164 1719 236 1754 σμὸς
248 1719 375 1756 ἐκλόνησε
400 1720 449 1756 τὴν
467 1721 536 1756 γῆν
561 1721 606 1747 καὶ
629 1721 785 1754 διαστάντος
806 1721 852 1748 τοῦ
876 1722 951 1753 ναοῦ,

164 1763 268 1799 φέγγος
279 1764 404 1801 λαμπρὸν
419 1765 564 1801 ἐξέλαμψε,
577 1766 623 1792 καὶ
637 1768 668 1802 τῇ
683 1767 729 1793 τοῦ
746 1767 876 1802 βασιλέως
892 1769 951 1803 ὄψει

164 1810 344 1847 προσέπεσεν,
367 1812 405 1843 ὡς
420 1812 458 1848 τῷ
476 1812 525 1848 μὲν
541 1813 641 1845 εὐθέως
656 1813 760 1849 λέπραν
781 1815 950 1850 ἐπιδραμεῖν,

164 1857 221 1892 πρὸ
238 1856 267 1884 δὲ
285 1858 333 1894 τῆς
354 1858 456 1891 πόλεως
473 1859 540 1895 πρὸς
553 1860 585 1895 τῇ
604 1859 758 1896 καλουμένῃ
780 1861 891 1895 Ἔρωτῇ
904 1861 951 1887 τοῦ

162 1902 246 1938 ὅρους
263 1903 453 1940 ἀπορραγῆναι
469 1905 500 1931 τὺ
520 1905 605 1940 ἣμισυ
629 1905 675 1932 τοῦ
702 1906 771 1932 κατὰ
796 1906 844 1942 τὴν
865 1907 949 1937 δύσιν,

163 1948 214 1974 καὶ
233 1948 356 1976 κυλισθὲν
377 1950 513 1985 τέσσαρας
532 1951 654 1983 σταδίους
675 1951 721 1977 ἐπὶ
741 1951 771 1977 τὸ
794 1952 950 1979 ἀνατολικὸν

162 1993 229 2030 ὅρος
249 1994 354 2030 στῆναι,
368 1996 406 2028 ὡς
423 1996 472 2028 τάς
493 2005 522 2023 τε
539 1997 671 2032 παρόδους
685 1997 886 2032 ὲμφραχθῆναι,
904 1998 949 2025 καὶ

162 2040 229 2072 τοὺς
245 2040 424 2076 παραδείσους
436 2042 498 2074 τοὺς
511 2042 674 2077 βασιλικούς.
693 2053 701 2068 ι
722 2042 815 2069 Ταῦτά
837 2051 880 2077 μοι
896 2044 949 2070 ἀπὸ

159 2085 212 2112 τοῦ
235 2086 449 2122 συγγράμματος
471 2086 521 2122 τῆς
545 2087 675 2123 Ἰωσήπου
701 2087 862 2125 Ἰουδαϊκῆς
887 2089 949 2122 Ἀρ-

161 2132 340 2167 καιολογίας
359 2132 541 2160 κείσθω.“Κα“ι
562 2134 591 2159 ὲν
605 2133 644 2169 τῷ
664 2134 791 2169 προφήτῃ
811 2134 839 2160 δὲ
862 2134 950 2169 Ἀμὼς

161 2175 246 2214 εὖρον
263 2179 323 2206 κατ’
336 2178 423 2215 ἀρχὰς
438 2179 488 2214 τῆς
504 2180 671 2216 προφητείας
687 2180 778 2212 αὑτοῦ,
796 2180 832 2212 ὡς
848 2181 888 2206 ὅτι
901 2181 950 2215 ἦρ-

161 2222 230 2256 ξατο
243 2223 422 2260 προφητεύειν
436 2225 464 2251 ὲν
475 2225 591 2261 ἡμέραις
611 2225 699 2257 Ὀζίου
717 2225 847 2264 βασιλέως
866 2226 950 2252 Ἰούδα

161 2269 219 2305 πρὸ
234 2268 281 2303 δύο
294 2269 361 2297 ἑτῶν
378 2270 498 2306 σεισμοῦ.
517 2271 596 2297 Ποίου
612 2271 640 2297 δὲ
656 2272 779 2307 σεισμοῦ,
792 2272 883 2299 οὐκέτι
900 2280 948 2299 σα-

161 2314 224 2350 φῶς
240 2313 370 2351 ἐπιλέγει.
392 2314 474 2351 Οἶμαι
499 2316 527 2343 δὲ
548 2316 594 2343 τὸν
616 2317 696 2343 αὐτὸν
718 2318 860 2353 προφήτην
882 2326 948 2354 προ-

156 2359 241 2387 ϊέντα.
254 2359 300 2387 τὸν
313 2361 424 2396 σεισμὸν
438 2360 605 2398 ὗπογράφειν
625 2363 654 2388 ὲν
666 2359 708 2394 οἷς
724 2371 805 2398 φησιν
816 2372 823 2378 ·
846 2373 856 2389 ι
872 2362 948 2390 Εἶδον

159 2406 210 2433 τδν
219 2406 320 2444 Κύριον
332 2407 473 2442 ἐφεστῶτα
483 2408 530 2434 ἐπὶ
539 2407 585 2434 τοῦ
595 2408 798 2444 θυσιαστηρίου,
812 2410 859 2436 καὶ
870 2408 929 2436 εἷπε
939 2418 945 2424 ·

158 2447 288 2485 nimim;
318 2451 366 2479 ἐπὶ
390 2452 422 2479 τὸ
439 2452 640 2489 θυσιαστήριον,
655 2454 702 2481 καὶ
726 2454 898 2490 σεισθὴσεται
913 2455 948 2482 τὰ

159 2497 305 2535 πρόπυλιισ
330 2498 377 2525 καὶ
398 2498 524 2534 διάκοψον
547 2501 586 2531 είς
611 2500 731 2535 κεφαλὰς
755 2500 876 2531 πάντων,
901 2501 949 2527 καὶ

158 2545 226 2577 τοὺς
242 2543 422 2577 καταλοίπους
437 2545 522 2580 αὐτῆς
538 2546 567 2572 ἐν
578 2546 698 2582 ῥομφαίᾳ
713 2545 863 2572 ἀποκτενῶ.
881 2555 896 2571 ι-
909 2547 948 2572 Δι’

161 2587 200 2617 ἓν
214 2589 338 2626 ἡγοῦμαι
357 2589 531 2622 θεσπίζεσθαι
554 2590 599 2617 τὸν
620 2591 740 2626 σεισμὸν,
764 2591 812 2617 καὶ
837 2590 885 2626 τὴν
904 2599 950 2617 κα-

160 2634 286 2670 ὶαίρεσιν
302 2634 358 2662 τῶν
381 2635 464 2662 πάλαι
487 2635 592 2670 σεμνῶν
611 2635 658 2662 τοῦ
687 2635 821 2662 Ἰουδαίων
846 2635 948 2668 ἔθνους,

162 2681 209 2708 (αἱ
223 2680 273 2716 τῆς
287 2681 496 2718 ἐπιτελουμένης
514 2681 559 2708 ὑπ’
578 2680 667 2708 αὐτῶν
682 2682 710 2708 ὲν
722 2683 755 2716 τῇ
774 2681 949 2717 Ἰερουσαλὴμ

161 2726 319 2764 θρησκείας,
336 2727 386 2763 τήν
411 2735 442 2754 τε
465 2727 601 2754 ἀπώλειαν
627 2727 675 2762 τὴν
703 2727 882 2762 μετελθοῦσαν
901 2728 949 2754 αὐ-

162 2772 224 2805 τοὺς
249 2772 319 2810 μετὰ
333 2772 382 2809 τὴν
404 2772 451 2800 τοῦ
472 2773 598 2809 Σωτῆρος
619 2772 697 2808 ἡμῶν
714 2773 875 2808 παρουσίαν,
891 2773 947 2807 ὅτε,

157 2818 410 2855 παραιτησαμένων
431 2818 520 2846 αὐτῶν
541 2819 587 2846 τὸν
607 2817 723 2853 Χριστὸν
746 2817 793 2844 τοῦ
816 2817 882 2844 Θεοῦ
901 2819 946 2845 τὸν

195 2865 233 2901 (1)
245 2865 340 2900 Antiq.
357 2864 421 2891 Jud.
443 2873 481 2896 l.\’,
500 2865 540 2892 ll.

196 2914 219 2930 ⁸³
241 2913 299 2942 ιρι.
318 2915 394 2947 1,14.

1007 978 1045 1006 sis
1063 979 1091 1006 in
1107 979 1291 1013 Hierusalem,
1317 982 1470 1016 corporalis
1484 988 1510 1010 et
1523 981 1637 1010 Iudaica
1652 983 1792 1012 adoratio‘.

1003 1032 1088 1060 quam
1104 1026 1213 1061 quidem
1230 1027 1371 1054 occlusum
1386 1028 1430 1059 iri,
1448 1029 1527 1063 quasi
1539 1028 1715 1058 obturatione
1725 1039 1795 1066 quas

1005 1069 1080 1102 dam,
1096 1078 1218 1106 praesens
1232 1072 1373 1099 oraculum
1390 1073 1473 1104 canit,
1490 1074 1584 1102 dicens
1603 1084 1609 1101 :
1629 1084 1641 1100 ί
1665 1075 1698 1102 Ει
1713 1076 1795 1104 οδω-

1005 1116 1111 1144 rabitur
1125 1118 1204 1145 vallis
1215 1119 1349 1145 montium
1368 1127 1503 1152 meorum,
1517 1125 1543 1147 et
1556 1121 1787 1157 conglutinabito-

1005 1162 1137 1190 convallis
1161 1164 1307 1195 montium,
1332 1172 1419 1199 usque
1441 1165 1474 1192 ad
1497 1166 1588 1198 Asael,
1610 1171 1636 1194 et
1650 1168 1791 1195 ohturabi-

1005 1211 1059 1235 tur.
1078 1218 1087 1234 ι
1105 1208 1158 1236 Pro
1168 1209 1268 1244 quibus
1281 1211 1371 1238 verbis
1384 1210 1564 1246 Symmachus
1581 1213 1698 1240 reddidit
1709 1214 1784 1242 haec:

1008 1263 1017 1279 ι
1037 1254 1069 1281 Et
1081 1255 1256 1282 ohturabitur
1267 1256 1346 1284 vallis
1362 1257 1494 1283 montium
1513 1266 1645 1289 meorum,
1665 1270 1673 1285 ι
1685 1263 1711 1287 et
1721 1268 1792 1295 pra:-

1005 1303 1080 1327 terea
1098 1310 1107 1325 ‹
1125 1301 1356 1337 appropinquahit
1374 1312 1383 1327 ι
1407 1303 1540 1330 convallis
1553 1304 1696 1337 montium,
1715 1306 1749 1333 ad
1764 1306 1791 1333 id

1004 1345 1077 1380 quod
1097 1346 1252 1382 appositum
1275 1351 1317 1374 est
1345 1356 1354 1372 ‹
1378 1351 1406 1374 et
1423 1348 1608 1381 ohturabitur,
1632 1359 1640 1374 ι
1659 1351 1703 1378 ubi
1725 1359 1791 1379 sane

1003 1399 1115 1419 causam
1139 1392 1252 1423 indicat,
1279 1400 1330 1420 cur
1352 1393 1477 1420 obturata
1501 1394 1537 1420 sit
1559 1395 1700 1422 convallis.
1723 1395 1792 1429 Qua:

1004 1446 1086 1473 porro
1100 1439 1157 1466 hac
1172 1439 1236 1471 alia,
1260 1447 1342 1474 quam
1355 1448 1415 1468 eam
1432 1441 1651 1476 appropinquare
1673 1446 1699 1469 et
1724 1443 1792 1470 vici-

1003 1492 1066 1511 nam
1082 1485 1140 1512 ﬁeri
1154 1485 1190 1517 ei,
1211 1487 1283 1520 quod
1304 1486 1356 1522 ipsi
1377 1489 1530 1522 appositum
1549 1490 1610 1516 est?
1627 1489 1678 1516 llic
1700 1495 1789 1518 autem

1002 1535 1045 1558 est
1062 1539 1141 1560 mons
1163 1531 1280 1565 Domini,
1298 1533 1344 1568 qui
1361 1532 1501 1562 Olivarum
1517 1540 1595 1562 antea
1612 1540 1654 1563 est
1673 1537 1792 1572 appella-

1005 1580 1060 1607 tus,
1073 1577 1174 1612 q'uique
1190 1577 1270 1604 Asael
1287 1578 1376 1606 dictus
1399 1579 1433 1607 ah
1453 1580 1518 1615 ipsis
1540 1580 1727 1616 Septuaginta.
1749 1582 1792 1609 Si—

1003 1625 1115 1661 gniﬁcat
1130 1633 1193 1653 vero
1205 1627 1275 1661 apud
1291 1625 1420 1654 Hebraeos
1431 1635 1462 1655 ea
1474 1637 1524 1654 vor
1540 1637 1604 1659 opus
1617 1628 1675 1655 Dei.
1692 1628 1737 1656 Sic
1746 1637 1792 1658 ve-

1004 1678 1045 1703 ro,
1063 1671 1160 1705 inquit,
1173 1676 1252 1698 vetus
1267 1672 1401 1699 convallis
1424 1673 1508 1700 monti
1525 1674 1748 1708 appropinquans
1764 1679 1791 1702 et

1003 1715 1105 1743 Christi
1128 1715 1268 1748 Ecclesize,
1288 1721 1370 1752 atque
1390 1719 1465 1753 operi
1484 1718 1540 1749 Dei,
1563 1720 1738 1747 ohturabitur
1764 1726 1791 1748 et

1002 1762 1172 1794 occludetur,
1184 1764 1414 1797 quemadmodum
1426 1765 1553 1792 obturata
1568 1771 1608 1793 est
1623 1775 1636 1792 a
1654 1766 1723 1794 facie
1734 1771 1790 1794 ter-

1003 1812 1130 1836 rzemotus
1142 1809 1169 1836 in
1181 1809 1277 1836 diebus
1287 1809 1358 1836 01in:
1370 1811 1441 1845 regis
1455 1810 1534 1838 Juda.
1551 1811 1629 1846 291
1647 1811 1715 1838 Cum
1726 1819 1790 1838 vero

1002 1852 1048 1880 diu
1059 1854 1130 1888 apud
1145 1854 1277 1888 meipsum
1290 1855 1459 1888 quresierim,
1471 1859 1498 1881 et
1513 1855 1622 1882 divinas
1633 1855 1790 1890 Scriptura.

1002 1899 1194 1934 percurrerim,
1213 1904 1242 1926 ut
1257 1900 1406 1927 invenirem
1424 1901 1447 1928 si
1467 1901 1577 1936 quando
1592 1910 1623 1928 ea
1644 1903 1788 1933 convallis,

1001 1946 1034 1974 de
1047 1954 1100 1981 qua
1113 1946 1158 1974 hic
1168 1955 1257 1974 sermo
1267 1951 1319 1978 est.
1341 1948 1368 1974 in
1383 1947 1480 1975 diebus
1494 1947 1566 1974 Oziae
1580 1949 1708 1975 obturata
1725 1949 1760 1976 sit
1774 1957 1789 1976 a

1002 1993 1070 2020 facie
1086 1997 1256 2021 terrazmotns
1267 2014 1274 2024 ,
1292 1995 1318 2021 in
1333 1994 1482 2028 Regnorum
1499 1994 1620 2022 historiis
1640 1995 1706 2021 nihil
1724 2003 1790 2023 sane

1002 2039 1113 2066 inveni:
1132 2048 1193 2066 nam
1220 2048 1307 2075 neque
1332 2045 1516 2068 terriemotum
1543 2041 1596 2068 illis
1620 2041 1789 2076 temporibus

1002 2084 1085 2111 ullum
1101 2092 1133 2112 ex
1150 2085 1183 2112 iis
1200 2085 1245 2119 qui
1263 2086 1344 2113 terris
1361 2090 1386 2112 et
1399 2085 1557 2121 regionibus
1574 2086 1663 2113 solent
1679 2086 1788 2113 accide-

1001 2139 1041 2161 re,
1059 2139 1146 2166 neque
1171 2131 1243 2158 aliud
1269 2132 1407 2166 quippiam
1437 2133 1488 2158 [ale
1505 2133 1538 2158 ile
1557 2133 1681 2159 convalle
1698 2133 1790 2167 aliqua

1001 2177 1102 2204 factum
1117 2185 1188 2209 esse,
1205 2179 1232 2204 in
1253 2178 1306 2204 illis
1324 2178 1456 2212 Scriptum
1471 2183 1513 2205 est
1533 2188 1538 2204 :
1555 2183 1685 2205 narratur
1697 2182 1787 2205 autem

1000 2223 1229 2259 quemadmodum
1253 2223 1334 2251 Ozias
1361 2224 1439 2250 initio
1465 2225 1557 2258 justus
1583 2224 1673 2257 fuerit,
1691 2224 1789 2253 deinde

1001 2269 1092 2296 animo
1109 2269 1244 2301 sublatus,
1260 2276 1308 2303 per
1323 2269 1443 2304 soipsnm
1461 2269 1515 2296 Deo
1531 2269 1687 2296 sacriﬁcare
1703 2277 1788 2297 ausus

1000 2313 1035 2341 sit
1053 2323 1059 2340 ε
1079 2322 1165 2349 quare
1189 2315 1223 2342 de
1248 2314 1321 2342 illius
1337 2314 1407 2342 facie
1425 2315 1526 2350 lepram
1547 2315 1710 2348 eiﬂoruissc,
1735 2315 1789 2356 hoc

1001 2360 1110 2395 quidem
1129 2361 1156 2387 in
1180 2359 1329 2396 Regnorum
1354 2362 1431 2388 libris
1454 2361 1620 2388 continetur.
1647 2362 1682 2387 At
1710 2361 1788 2388 Jose-

1001 2406 1082 2440 phus,
1097 2410 1302 2441 praetereaque
1326 2407 1353 2433 in
1378 2407 1464 2434 sacris
1489 2407 1566 2435 libris
1587 2408 1687 2441 scripta
1711 2412 1785 2437 sunt,

1001 2453 1082 2479 etiam
1098 2460 1129 2479 ea
1140 2460 1200 2487 qnaa
1211 2453 1387 2485 intrinsecus,
1401 2453 1479 2488 quasi
1494 2453 1613 2480 secundo
1632 2450 1702 2482 loco,
1715 2454 1788 2487 apud

998 2496 1107 2525 Iudaeos
1122 2498 1268 2531 habentur,
1287 2507 1393 2526 summa
1405 2498 1544 2534 diligentia
1561 2502 1731 2531 persecutus,
1745 2507 1789 2526 ut-

999 2549 1062 2579 pote
1076 2545 1122 2579 qui
1143 2544 1321 2572 Hehraausab
1336 2544 1623 2576 liebrzeisexsisteret,
1639 2551 1699 2578 quae
1714 2544 1788 2572 illius

1000 2591 1072 2627 regis
1096 2592 1265 2627 temporibus
1285 2591 1412 2618 evenisse
1428 2594 1634 2621 commemoret,
1651 2590 1707 2624 jam
1738 2598 1788 2616 au-

1000 2636 1058 2664 dire
1068 2641 1154 2671 potes.
1165 2637 1264 2664 Narrat
1277 2637 1350 2664 enim
1368 2636 1405 2672 (ί)
1423 2635 1651 2670 quemadmodum
1669 2645 1678 2660 ι
1689 2643 1789 2670 urget.-

1001 2683 1075 2710 tibus
1090 2683 1182 2710 Oziam
1199 2684 1399 2714 sacerdotibus,
1419 2687 1447 2709 ut
1461 2681 1495 2709 de
1512 2681 1614 2717 templo
1627 2682 1726 2712 exiret,
1740 2688 1789 2708 ne-

1000 2736 1053 2764 que
1068 2729 1199 2757 adversus
1215 2729 1298 2757 Deum
1314 2733 1451 2765 peccaret,
1461 2729 1505 2756 ille
1519 2728 1605 2754 iratus
1618 2727 1664 2759 sit,
1679 2727 1789 2761 illisque

999 2781 1115 2803 mortem
1139 2776 1269 2807 minatus,
1295 2776 1348 2803 nisi
1372 2775 1544 2810 quiescerent
1569 2783 1576 2800 :
1604 2774 1707 2801 interea
1723 2780 1788 2800 vero

1000 2825 1090 2849 motus
1121 2822 1232 2857 quidam
1260 2826 1361 2850 terram
1389 2820 1580 2853 concusserit,
1615 2820 1788 2855 discissa)an
