2084 3216
325 197 379 228 ιὸδ

659 200 796 229 EUSEBll
810 201 1052 230 CESARIENSIS
1067 203 1143 231 OPP.
1156 202 1246 230 PARS
1264 203 1296 231 ll.
1308 220 1342 223 —
1357 202 1608 232 APOLOGETICA.

1893 206 1947 235 £64

325 257 438 293 templo,
456 255 584 293 splendor
609 258 704 294 ingens
725 260 854 292 illuxerit,
877 260 923 295 qui
940 260 1022 286 etiam
1038 260 1093 295 regi

1143 292 1146 297 _
1163 260 1249 296 ἀληθῆ
1269 261 1406 296 ἀρχιερέα,
1425 261 1513 296 λέπρα
1526 261 1595 288 κατὰ
1615 260 1668 288 τῶν
1681 261 1773 297 ψυχῶν
1782 262 1945 299 ἐξήνθησεν.

325 302 422 331 faciem
438 304 578 337 invaserit,
592 307 618 331 et
640 304 680 331 sic
701 305 830 340 evestigio
860 305 936 332 illum
964 305 992 332 in
1007 305 1108 340 lepram

325 349 465 377 incidisse.
481 349 551 376 Ante
574 349 668 376 urbem
687 358 752 377 vero
773 350 807 377 ad
833 350 923 378 locum
946 350 992 385 qui
1009 350 1109 377 dicitur

323 394 420 430 Erage,
437 395 586 422 abscissam
603 403 664 423 esse
677 395 709 422 de
730 399 824 424 monte
835 395 975 423 dimidiam
991 399 1106 431 partem,

322 448 383 474 quae
396 440 430 467 ad
444 440 613 468 occidentem
622 445 707 469 ‘versa
719 447 778 468 erat
791 451 798 468 :
819 442 1049 476 convolutamque
1059 449 1108 477 per

321 488 441 521 quatuor
464 486 563 519 stadia,
580 486 613 514 ad
629 491 749 515 montem
765 488 886 520 stetisse,
906 488 952 523 qui
973 488 1105 515 orientem

322 532 473 567 spectabat,
490 532 581 567 itaque
602 536 629 560 et
652 532 743 561 aditus
763 538 790 560 et
805 533 900 561 hortos
920 534 1011 569 regios
1024 534 1105 561 obtu-

320 585 408 605 rasse.
431 587 440 603 ι
458 578 520 605 Hmc
532 586 598 605 sane
608 586 658 614 ego
676 579 703 605 in
719 579 797 606 libris
816 578 939 607 Iudaica:
952 580 1105 615 Antiquita-

320 625 354 651 tis
369 625 467 660 posita,
493 625 562 660 apud
587 624 734 661 Joscphum
758 625 933 660 deprehendi.
951 626 1029 661 Apud
1041 634 1104 662 pro-

318 669 426 705 phetam
446 677 514 697 vero
533 670 627 703 Amos,
645 671 724 697 initio
746 671 818 698 illius
834 672 980 706 prophetiae
1000 672 1101 703 inveni,

317 714 544 749 quemadmodum
561 715 619 750 ipse
642 715 785 742 vaticinari
812 716 925 750 cmperit
951 716 979 743 in
1005 716 1102 744 diebus

316 761 389 788 Ozize
403 761 475 796 regis
489 760 568 792 Juda,
586 761 693 789 duobus
710 765 772 788 ante
789 766 971 789 termmotum
998 763 1077 790 annis
1094 772 1099 790 :

315 815 396 842 quem
412 815 476 834 vero
491 811 673 835 terrmmotum
685 807 828 843 intelligat,
843 816 976 843 nusquam
995 808 1101 843 perspi-

315 860 367 880 cue
392 853 542 888 subjungit.
568 852 620 880 Sed
646 854 765 881 arbitror
790 853 915 881 eumdem
940 854 1100 889 prophetam

313 899 423 935 longius
442 907 626 934 progressum,
645 900 717 926 hunc
731 903 916 927 terrmmotum
931 900 1097 932 describere,

1158 305 1299 342 ὡσπεροῦν
1312 306 1359 333 καὶ
1373 307 1419 333 ἐπὶ
1439 306 1486 333 τοῦ
1509 307 1607 338 Ὀζίου,
1622 307 1666 333 ὅτε
1677 308 1724 334 καὶ
1739 308 1846 344 ἀοράτῳ
1863 308 1948 335 δυνά-

1160 361 1206 388 μει
1224 352 1304 384 αὐτὸς
1319 353 1334 378 ό
1349 351 1450 388 Κύριος
1464 352 1578 384 ἐπιστὰς
1589 351 1627 388 τῷ
1641 352 1824 390 θυσιαστηρίῳ
1842 355 1945 388 αὐτῶν,

1156 398 1207 433 τὴν
1220 397 1342 430 ἐξουσίαν
1358 398 1441 424 ἔδωκε
1455 397 1495 433 τῷ
1511 397 1685 430 πατάσσοντι,
1700 399 1804 434 φήσας·
1821 409 1830 425 ι
1849 400 1945 427 Πάτα-

1157 443 1201 476 ξον
1220 443 1250 470 τὸ
1264 443 1464 480 θυσιαστήριον.
1482 453 1491 470 ι
1518 445 1635 480 Δυνάμει
1657 445 1723 479 γοῦν
1742 445 1821 472 τοῦτο
1835 447 1942 483 ἐδήλου,

1155 485 1241 520 λέγων
1253 494 1260 501 '
1277 495 1286 511 ι
1308 487 1428 522 ’Δφίεται
1445 488 1509 522 ὑμῖν
1521 486 1619 520 ὁοῖκος
1633 488 1710 522 ὑμῶν
1729 489 1841 525 ἕρημος.
1859 500 1869 517 ι
1887 493 1942 518 Αὑ-

1153 531 1217 558 ⁸τίκα
1230 531 1294 566 γοῦν
1310 531 1357 558 ἐπὶ
1374 532 1413 567 τῷ
1428 532 1508 560 πάθει
1523 533 1603 560 αὑτοῦ
1626 533 1656 560 τὺ
1679 535 1879 571 καταπέτασμα
1892 536 1940 563 τοῦ

1154 575 1217 602 ναοῦ
1240 576 1351 611 ἐσχίσθη
1375 576 1428 603 ἀπὸ
1449 577 1551 604 ἄνωθεν
1571 577 1624 609 ἕως
1650 578 1735 611 κάτω,
1760 578 1903 616 ὡσπεροῦν
1925 583 1941 609 6

1160 621 1289 658 Ἰώσηπος
1305 622 1405 658 ἱστορεῖ
1422 623 1562 657 γεγονέναι
1584 623 1654 651 κατὰ
1677 625 1741 657 τοὺς
1765 625 1853 658 ὐζίου
1875 628 1939 664 χρό-

1152 676 1223 699 νους.
1240 665 1306 694 Εἶτα
1319 668 1449 704 πρότερον
1463 669 1513 703 μὲν
1530 669 1638 705 ἐσείσθη
1661 669 1696 696 τὰ
1709 670 1844 706 πρόπυλα,
1858 672 1903 699 ὅτε
1919 674 1937 709 ἡ

1151 713 1188 749 γῆ
1204 713 1312 749 ἐσείσθη
1329 714 1399 741 κατὰ
1412 714 1457 741 τὸν
1469 713 1519 740 τοῦ
1534 715 1636 747 πάθους
1651 715 1733 742 αὐτοῦ
1747 717 1841 752 καιρόν
1853 727 1859 732 ·
1877 718 1937 753 μετ’

1150 760 1182 786 οὐ
1197 759 1264 786 πολὺ
1280 759 1308 786 δὲ
1334 760 1380 787 καὶ
1395 760 1445 796 «ne
1461 760 1577 796 ἐσχάτην
1599 761 1726 798 ὑπέμεινε
1753 765 1866 792 πτῶσιν.
1880 766 1938 792 Λαρ-

1151 805 1206 832 6ών
1221 815 1250 833 τε
1268 806 1316 842 τὴν
1330 806 1453 838 ἐξουσίαν
1467 808 1481 834 ὁ
1497 808 1653 840 πατάσσων,
1665 808 1788 844 διέκοψεν
1800 811 1840 841 εὶς
1852 819 1937 844 κεφα-

1150 851 1198 884 λὰς
1213 853 1350 880 ἁπάντων,
1373 853 1453 880 Κατὰ
1465 853 1544 880 τοῦτο
1569 854 1600 890 δὴ
1617 853 1663 881 οὖν
1682 854 1728 881 τοῦ
1745 855 1841 890 καιροῦ
1857 857 1904 883 καὶ
1916 857 1934 892 ἡ

1149 898 1242 931 κοιλὰς
1254 898 1308 926 τῶν
1323 899 1369 926 τοῦ
1383 899 1449 926 Θεοῦ
1467 900 1552 935 ὀρέων
1573 901 1721 937 ἐνεφράγη,
1735 901 1874 936 ὡσπεροῦν
1887 902 1935 937 γέ-

315 945 362 973 ubi
379 946 434 972 ait:
453 954 461 970 ι
483 944 542 972 Vidi
560 945 703 973 Dominum
727 950 842 973 stantem
859 953 941 981 super
957 946 1052 978 altare,
1072 951 1093 973 el

1149 953 1227 979 γονεν
1245 946 1290 972 ἐπὶ
1312 945 1415 978 Ὀζίου·
1438 946 1506 982 πρὸς
1525 947 1575 981 μὲν
1599 947 1678 982 ῥητὸν
1700 948 1746 974 καὶ
1764 947 1847 979 λέξιν,
1863 948 1934 976 κατὰ

314 991 382 1018 dixit
399 1002 404 1019 :
423 991 536 1019 Pcrcute
553 999 635 1027 super
650 992 744 1024 altare,
756 995 782 1019 et
793 992 1036 1019 commovebuntur
1051 1000 1096 1019 ve-

316 1038 427 1070 stibula,
454 1042 481 1065 et
492 1038 565 1065 caede
586 1039 614 1066 in
628 1039 717 1073 capita
741 1038 872 1071 omnium,
893 1041 919 1065 et
937 1038 982 1073 qui
1000 1038 1096 1073 reliqui

314 1083 416 1111 fuerint
430 1092 462 1110 ex
478 1091 520 1115 ea,
532 1084 558 1111 in
573 1083 663 1119 gladio
676 1083 836 1110 interliciam
849 1083 894 1110 "'.
915 1093 924 1109 ι
942 1083 1047 1116 Quibus
1063 1083 1096 1110 il—

312 1129 369 1156 lum
386 1129 475 1156 verbis
492 1137 590 1157 censeo
613 1137 710 1156 canere
735 1132 928 1159 terraamotum,
950 1136 1096 1162 rerumque

310 1174 432 1202 Iudaica!
444 1175 532 1210 gentis
550 1180 574 1202 et
589 1175 691 1210 gloria},
721 1181 828 1202 necnon
844 1174 925 1206 ritus,
939 1174 985 1209 qui
997 1175 1030 1201 ab
1041 1174 1095 1202 illis

310 1219 339 1247 in
360 1219 510 1247 Jerusalem
530 1219 730 1250 celebrabatur,
757 1218 939 1251 eversionem,
964 1223 1094 1253 prmterea

309 1265 460 1297 interitum,
477 1265 523 1300 qui
541 1265 602 1292 illos
615 1269 676 1300 post
702 1264 852 1292 Salvatoris
875 1264 962 1292 nostri
992 1265 1094 1292 adven-

308 1314 367 1337 tum
382 1311 523 1342 invaserit,
539 1318 595 1345 quo
610 1310 737 1338 videlicet
751 1313 884 1345 tempore,
902 1309 1094 1337 recusantibus

310 1355 365 1383 illis
377 1355 515 1383 Christum
532 1356 589 1386 Dei,
606 1356 686 1390 292
705 1364 767 1383 eum
783 1356 830 1391 qui
848 1363 931 1383 verus
942 1359 983 1383 est
1000 1363 1093 1383 sacer-

309 1399 370 1432 dos,
386 1400 462 1435 lepra
478 1400 577 1428 animis
601 1401 707 1428 illorum
724 1401 820 1428 oborta
842 1405 895 1433 est,
920 1402 991 1428 sicut
1011 1401 1093 1428 etiam

305 1443 382 1472 θείω
396 1445 575 1479 temporibus,
590 1444 699 1480 quando
713 1445 739 1471 vi
762 1445 879 1480 quadam
895 1445 1024 1473 invisibili
1040 1445 1093 1472 Do—

305 1490 398 1517 minus
409 1491 493 1518 a'ltare
504 1490 632 1518 insistens
645 1491 763 1523 illorum,
777 1495 937 1526 potestatem
954 1491 1018 1519 fecit
1029 1500 1093 1528 per-

305 1536 432 1568 cutienti,
456 1537 576 1564 dicens:
605 1546 614 1562 ι
641 1536 756 1564 Percute
779 1537 873 1565 altare.
904 1547 913 1564 ι
938 1537 1019 1566 Certe
1042 1546 1092 1566 sua

306 1582 394 1618 ipsius
407 1585 540 1617 potestate
555 1582 606 1609 hoc
619 1582 708 1617 ipsum
721 1582 878 1614 declaravit,
889 1583 983 1610 dicens
997 1592 1003 1610 :
1016 1593 1025 1609 ‹
1035 1574 1092 1611 [Re-

1148 991 1197 1026 τὴν
1216 991 1358 1026 Ῥωμαίων
1379 991 1546 1029 πολιορκίαν,
1563 992 1623 1019 καθ’
1644 993 1676 1028 ῆν
1695 991 1770 1029 οἶμαι
1794 994 1932 1029 συμὸἦναί

1147 1045 1208 1064 τινα
1221 1037 1332 1064 τοιαῦτα
1344 1046 1351 1052 ·
1368 1038 1435 1074 πρὸς
1447 1038 1474 1065 δὲ
1492 1038 1618 1071 διάνοιαν,
1638 1039 1682 1066 ὅτε
1695 1040 1712 1075 ἡ
1727 1041 1868 1076 σωματικὴ
1882 1041 1931 1067 καὶ

1147 1084 1325 1118 ταπεινοτέρα
1349 1084 1396 1110 τοῦ
1412 1085 1550 1117 Μωῡσέως
1572 1085 1654 1120 νόμου
1671 1086 1781 1122 λατρεία
1802 1087 1929 1113 ἀπεκλείυ

1148 1128 1209 1164 σθη,
1227 1130 1266 1161 εἰς
1281 1129 1311 1156 τὸ
1328 1129 1426 1166 μηκέτι
1440 1130 1618 1165 ἐνεργεῖσθαι,
1635 1130 1678 1157 διὰ
1691 1131 1736 1158 τὸν
1756 1131 1867 1166 σεισμὸν
1882 1133 1929 1159 τὸν

1147 1175 1293 1202 ἐπελθόντα
1305 1176 1480 1211 προφητικῶς
1494 1176 1523 1209 ἐξ
1535 1177 1637 1204 ἐκείνου
1649 1177 1688 1212 τῷ
1701 1177 1834 1204 Ἰουδαίων
1844 1178 1928 1209 ἐθνει.

1146 1219 1194 1245 καὶ
1209 1219 1252 1245 διὰ
1270 1218 1303 1246 τὰ
1326 1219 1418 1252 λοιπὰ,
1433 1220 1468 1246 τὰ
1487 1221 1726 1257 ἀναγεγραμμένα.
1746 1222 1823 1250 Μετὰ
1843 1223 1928 1249 ταῦτα

1145 1265 1323 1292 ὲπαναλαϐὼν
1335 1266 1349 1292 ό
1369 1265 1447 1300 λόγος
1466 1265 1515 1302 τὴν
1528 1266 1583 1293 τοῦ·
1596 1267 1697 1303 Κυρίου
1716 1269 1864 1304 παρουσίαν
1882 1277 1928 1295 σα-

1145 1311 1275 1346 φέστερον
1293 1311 1485 1347 ἁνακηρύττει,
1505 1311 1606 1347 λέγων·
1624 1322 1633 1338 ι
1649 1313 1702 1340 Kal.
1718 1314 1851 1350 παρέσται
1868 1315 1923 1342 K15-

1146 1365 1202 1392 ριος
1217 1357 1232 1383 ὁ
1247 1356 1313 1389 Θεὸς
1337 1365 1397 1392 μου,
1420 1357 1466 1383 καὶ
1487 1357 1586 1390 πάντες
1608 1359 1632 1385 οἱ
1646 1359 1718 1393 ἅγιοι
1731 1360 1789 1396 μετ’
1805 1360 1897 1388 αὐτοῦ.
1915 1371 1924 1386 ι

1144 1401 1208 1428 Είτε
1222 1402 1285 1434 τοὺς
1306 1402 1469 1434 ἀποστόλους
1481 1402 1562 1429 αὐτοῦ
1577 1403 1624 1430 καὶ
1645 1404 1767 1440 μαθητὰς
1785 1405 1926 1441 ὀνομάζων

1143 1447 1238 1482 ἁγίους
1251 1447 1345 1479 αὑτοῦ,
1357 1448 1411 1474 εἴτε
1423 1448 1552 1484 δυνάμεις
1559 1448 1635 1481 τινὰς
1648 1450 1778 1485 ἀοράτους
1789 1452 1836 1478 καὶ
1847 1452 1927 1478 πνεύ-

1144 1502 1216 1529 ματα
1237 1493 1418 1530 λειτουργικὰ,
1447 1495 1510 1530 περὶ
1530 1491 1566 1521 ὧν
1589 1494 1711 1531 εἴρηται·
1738 1506 1747 1521 ε
1771 1497 1925 1533 Προσῆλθσν

1142 1539 1262 1574 ἄγγελοι,
1275 1541 1321 1567 καὶ
1335 1540 1474 1574 διηκόνουν
1489 1540 1571 1576 αὐτῷ.
1589 1551 1598 1567 ι
1613 1539 1679 1568 Εἶτα
1693 1541 1739 1568 ἐπὶ
1752 1541 1802 1577 τῆς
1819 1551 1922 1578 παρου-

1143 1585 1204 1616 σίας
1227 1584 1275 1611 τοῦ
1298 1584 1412 1620 Κυρίου,
1434 1593 1444 1610 ‹
1458 1584 1563 1617 Ἔσται,
1584 1585 1674 1620 φησὶν,
1694 1585 1794 1620 ἡμέρα,
1807 1586 1854 1612 καὶ
1874 1587 1925 1613 οὐκ

305 1629 440 1665 linquitur
453 1629 531 1656 vobis
547 1629 644 1656 domus
655 1633 745 1657 vestra
761 1629 869 1656 deserta
882 1629 903 1657 ³.
924 1638 933 1654 ι
961 1628 1090 1657 Protinus

1143 1630 1218 1657 ἔσται
1234 1629 1302 1665 φῶς,
1323 1631 1369 1657 καὶ
1394 1629 1479 1665 ψῦχος
1503 1630 1550 1657 καὶ
1573 1630 1658 1664 πάγος
1678 1630 1754 1657 ἐσται
1772 1631 1836 1665 μίαν
1856 1631 1925 1666 ἡμέο

305 1684 425 1711 namque
444 1676 509 1703 dum
525 1675 570 1703 ille
585 1678 734 1710 pateretur,
750 1675 841 1702 velum
856 1674 949 1709 templi
972 1675 1089 1702 scissum

304 1726 357 1755 est,
374 1730 389 1749 a
407 1729 514 1750 summo
538 1729 624 1756 usque
645 1721 677 1748 ad
693 1721 788 1752 imum,
804 1720 1031 1756 quemadmodum
1046 1720 1088 1748 Jo-

305 1769 407 1804 scphus
424 1772 518 1795 narrat
530 1767 678 1802 contigisse
705 1766 776 1794 Ozias
800 1767 872 1802 regis
896 1766 1062 1802 temporibus
1080 1777 1086 1794 :

299 1819 362 1842 tum
378 1814 495 1850 primum
510 1813 618 1850 quidem
637 1817 772 1841 commota
791 1816 854 1840 sunt
869 1813 1013 1846 vestibula,
1026 1821 1087 1840 cum

300 1866 378 1889 terra
402 1867 476 1889 mota
498 1865 541 1889 est
567 1860 704 1896 passionis
729 1860 803 1886 illius
826 1863 958 1894 tempore.
986 1859 1088 1886 Deinde

303 1907 377 1934 haud
389 1907 473 1935 multo
487 1911 558 1942 post,
571 1910 722 1933 extremum
735 1913 843 1941 quoque
854 1905 966 1940 pertulit
980 1912 1085 1937 casum,

304 1957 470 1988 acceptaque
495 1957 628 1987 potestate
654 1952 812 1986 percutiens
837 1951 936 1978 cecidit
952 1950 980 1977 in
997 1950 1086 1985 capita

303 1999 425 2025 omnium
445 2008 452 2025 :
479 1998 532 2025 hoc
549 1998 631 2033 igitur
648 2002 770 2032 tempore
784 1997 862 2024 vallis
879 1997 1012 2024 montium
1039 1996 1086 2024 Dei

301 2044 430 2072 obturata
444 2048 495 2076 est,
509 2043 737 2078 quemadmodum
753 2042 824 2070 Ozize
842 2043 1012 2078 temporibus
1024 2051 1086 2070 eve-

302 2090 354 2118 nit.
369 2089 447 2123 Quod
477 2090 499 2118 si
523 2090 624 2117 dictum
640 2090 749 2124 quidem
778 2097 810 2116 ac
826 2089 909 2117 verba
933 2089 1084 2124 sequimur,

303 2136 404 2163 factum
422 2143 487 2163 sane
502 2135 529 2163 id
546 2135 626 2163 fuerit
642 2136 670 2162 in
695 2136 753 2170 ipsa
776 2135 917 2162 obsidione
948 2135 1085 2162 Romano—

302 2189 373 2215 rum,
389 2181 538 2208 secundum
554 2188 634 2215 quam
651 2185 716 2215 puto
733 2180 856 2215 quazdam
885 2180 949 2206 talia
972 2180 1086 2207 accidis-

301 2228 349 2260 se;
364 2228 386 2254 si
403 2234 467 2254 vero
479 2227 652 2258 sententiam,
670 2234 724 2261 quo
739 2230 860 2259 tempore
872 2226 1022 2261 corporalis
1038 2226 1085 2254 illa

299 2279 327 2302 et
344 2273 455 2300 humum
470 2277 596 2308 spectans
614 2271 738 2299 Mosaicae
755 2271 823 2306 legis
835 2271 958 2298 adoratio
972 2271 1082 2299 exclusa
1098 2292 1120 2319 Β

299 2325 353 2353 est.
381 2324 411 2346 ut
434 2327 489 2346 non
506 2319 623 2354 amplius
638 2318 800 2349 celebretur,
817 2321 928 2352 propter
943 2321 1083 2345 tememo-

298 2369 358 2394 tum
383 2373 415 2393 ex
441 2365 487 2392 illo
509 2364 667 2400 prophetice
693 2363 863 2399 praedictum,
879 2363 925 2398 qui
939 2362 1082 2391 Judaicam

298 2417 406 2449 gentem
417 2411 527 2444 invasit,
556 2418 588 2437 ac
609 2413 720 2445 propter
735 2413 832 2437 caetera
846 2416 908 2444 quae
920 2409 1009 2444 palam
1025 2416 1084 2436 me-

299 2458 392 2485 moria:
407 2457 512 2492 prodita
524 2460 597 2484 sunt.
613 2455 678 2483 Post
691 2456 748 2482 haec
762 2454 795 2481 ad
812 2454 920 2482 Domini
935 2454 1082 2481 adventum

297 2507 436 2531 revertens
452 2503 603 2534 oraculum,
626 2502 654 2528 in
681 2501 770 2537 ipsum
797 2501 905 2536 planius
924 2501 1080 2532 denuntiat,

298 2549 392 2576 dicens
409 2558 415 2576 :
432 2558 441 2574 ι
461 2549 492 2575 Et.
503 2548 629 2576 adveniet
643 2547 774 2574 Dominus
791 2547 862 2575 Deus
874 2555 961 2578 meus,
980 2551 1007 2574 et
1022 2554 1081 2574 om-

298 2602 347 2622 nes
361 2593 447 2622 sancti
464 2603 526 2622 eum
537 2602 580 2626 eo,
600 2604 608 2619 ι
626 2593 672 2620 ubi
689 2593 753 2620 dum
767 2597 878 2621 sanctos
889 2593 1021 2625 nominat,
1038 2593 1080 2619 vel

299 2641 436 2674 apostolos
449 2641 508 2674 ejus
521 2640 646 2675 intelligit
661 2647 693 2666 ac
704 2639 865 2674 discipulos,
879 2640 920 2667 vel
931 2642 1079 2674 potestates

298 2686 429 2720 quasdam
445 2686 594 2714 invisibiles
605 2690 632 2712 et
645 2686 757 2720 spiritus
769 2685 954 2716 administros,
971 2685 1004 2712 de
1016 2684 1078 2719 qui-

299 2730 350 2758 bus
363 2731 465 2758 dictum
481 2737 522 2759 est
539 2741 545 2759 :
566 2741 576 2758 ‹
598 2731 630 2758 Et
652 2735 827 2759 accesserunt
843 2731 931 2766 angeli
951 2738 983 2757 ac
997 2730 1079 2757 mini-

299 2776 422 2803 strabant
433 2778 468 2804 ei.
483 2777 493 2792 ⁸
515 2787 524 2802 ι
541 2777 644 2805 Deinde
667 2787 674 2804 :
694 2786 703 2802 ι
723 2777 751 2804 ln
768 2777 883 2804 adventu
900 2776 1016 2807 Domini,
1036 2776 1078 2802 in-

299 2821 368 2857 quit,
379 2823 431 2848 erit
440 2823 498 2850 dies
514 2827 541 2850 et
558 2831 611 2850 non
624 2823 675 2850 erit
691 2824 745 2855 lux,
762 2823 808 2850 sed
831 2823 916 2858 frigus
935 2827 962 2849 et
976 2822 1077 2857 glacies

335 2900 368 2917 ίο¹
378 2900 460 2926 Amos
475 2908 511 2934 ix,
527 2900 552 2927 l.
589 2901 598 2915 ³
615 2899 707 2928 Matth.
726 2908 805 2933 uin,
821 2900 864 2927 38.

1141 1685 1200 1712 ραν.
1219 1687 1229 1702 ι
1249 1676 1318 1703 ’Δνθ’
1330 1673 1363 1703 οὗ
1377 1677 1391 1702 ὁ
1405 1677 1552 1712 Σύμμαχος
1563 1677 1730 1712 ἡρμήνευσε,
1747 1685 1756 1702 ι
1776 1676 1830 1704 Kal.
1846 1676 1875 1703 ἐν
1889 1678 1922 1712 τῇ

1139 1722 1230 1758 ἡμέρᾳ
1242 1722 1333 1759 ἐκείνῃ
1353 1722 1402 1748 οὐκ
1417 1722 1493 1748 ἐσται
1511 1721 1578 1757 φῶς,
1595 1721 1662 1748 ἀλλὰ
1677 1720 1761 1756 ψῦχος
1774 1722 1821 1748 καὶ
1834 1722 1923 1756 πάγος

1139 1767 1214 1793 ἕσται
1229 1768 1295 1802 μίαν
1312 1767 1426 1803 ἡμέραν,
1449 1768 1509 1802 ἥτις
1531 1767 1661 1801 ἔγνωσται
1683 1767 1721 1802 τῷ
1745 1767 1848 1803 Κυρίῳ,
1873 1767 1923 1803 οὐχ

1139 1811 1230 1847 ἡμέρα
1248 1812 1307 1838 οὐδὲ
1321 1812 1380 1845 νὺξ,
1391 1813 1448 1839 ἀλλ’
1463 1812 1538 1839 ἔσται
1558 1812 1588 1838 τὸ
1605 1812 1672 1847 πρὸς
1684 1812 1802 1847 ἑσπέραν
1821 1811 1889 1847 φῶς.
1909 1821 1920 1837 ι

1138 1857 1194 1884 Καὶ
1205 1858 1254 1893 ὅρα
1265 1859 1290 1885 ει
1309 1858 1346 1894 μὴ
1359 1858 1403 1885 διὰ
1417 1858 1518 1886 τούτων
1527 1859 1676 1886 λευκότατα
1688 1859 1738 1894 τὴν
1752 1859 1858 1895 ἡμέραν
1872 1858 1921 1886 τοῦ

1139 1903 1240 1936 πάθους
1263 1904 1309 1931 τοῦ
1332 1905 1455 1940 Σωτῆρος
1478 1905 1555 1941 ἡμῶν
1577 1906 1661 1941 δηλοῖ,
1685 1906 1714 1932 ἐν
1777 1905 1867 1942 ἡμέρᾳ
1891 1905 1921 1932 τὺ

1140 1951 1198 1986 μὲν,
1214 1961 1223 1977 ι
1233 1951 1289 1978 Οὐκ
1301 1951 1375 1978 ἔσται
1391 1952 1458 1986 φῶς,
1473 1961 1482 1978 ι
1500 1952 1658 1988 ἐπληροῦτο,
1674 1953 1755 1987 ἡνίκα
1768 1953 1822 1979 ἀπὸ
1837 1952 1922 1988 ἕκτης

1138 1995 1212 2032 ὥρας
1228 1997 1321 2028 σκότος
1344 1997 1451 2032 ἐγένετο
1474 1998 1520 2024 ἐπὶ
1540 1999 1628 2025 πᾶσαν
1643 1998 1692 2033 τὴν
1707 1998 1759 2033 γῆν
1779 1998 1829 2029 ἕως
1845 1997 1921 2033 ὧρας

1137 2043 1250 2078 ὲννάτης
1260 2051 1266 2058 ·
1279 2042 1309 2069 τὸ
1323 2043 1361 2075 δὲ,
1379 2052 1388 2068 ι
1406 2043 1486 2070 Ἀλλὰ
1493 2042 1577 2078 ψῦχος
1588 2043 1635 2069 καὶ
1649 2042 1745 2077 πάγος,
1755 2051 1765 2068 ν
1777 2042 1833 2074 ὅτε,
1848 2041 1920 2068 κατὰ

1136 2088 1182 2115 τὸν
1202 2089 1318 2122 Λουκᾶν,
1339 2088 1540 2125 παραλαϐόντες
1563 2089 1608 2115 τὸν
1631 2087 1732 2124 Ἰησοῦν
1753 2088 1857 2124 ἡγαγον
1877 2088 1920 2120 είς

1136 2135 1186 2170 τὴν
1203 2135 1290 2161 οἰκίαν
1311 2134 1357 2161 τοῦ
1382 2134 1548 2172 ἀρχιερέως·
1566 2135 1580 2160 ό
1599 2133 1627 2160 δὲ
1652 2134 1753 2170 Πέτρος
1776 2133 1919 2168 ἠκολούθει

1137 2180 1272 2216 μακρόθεν
1287 2188 1294 2196 ·
1318 2180 1508 2216 περιαψάντων
1521 2180 1549 2206 δὲ
1570 2179 1626 2216 πῦρ
1645 2180 1674 2206 ἐν
1701 2179 1776 2215 μέσῳ
1797 2178 1846 2214 τῆς
1869 2179 1920 2206 αὐ-

1135 2226 1194 2261 λῆς,
1218 2226 1344 2262 ἐκάθητο,
1363 2225 1433 2253 κατὰ
1454 2226 1499 2252 τὸν
1513 2226 1635 2262 Μάρκον,
1655 2224 1722 2260 μετὰ
1738 2223 1793 2251 τῶν
1816 2223 1920 2250 λοιπῶν

1136 2271 1356 2307 θερμαινόμενος.
1380 2271 1409 2298 '0
1422 2271 1449 2298 δὲ
1466 2271 1591 2306 Ἰωάννης
1605 2271 1732 2306 ἄντικρυς
1744 2270 1791 2297 καὶ
1801 2268 1848 2296 τοῦ
1866 2269 1920 2304 ψύ-

1137 2328 1200 2355 χους
1214 2319 1423 2354 ἐμνημόνευσεν,
1444 2319 1544 2346 εἰπών·
1567 2327 1577 2342 ι
1594 2317 1773 2353 Εἱστήκεισαν
1787 2317 1811 2343 οί
1829 2315 1919 2342 δοῦλοι

1136 2365 1183 2392 καὶ
1196 2366 1220 2392 ot
1231 2365 1363 2402 ὑπηρέται
1375 2364 1522 2400 ἀνθρακιὰν
1533 2363 1718 2398 πεποιηκότες,
1726 2362 1766 2389 ὅτι
1776 2361 1861 2397 ψῦχος
1871 2359 1917 2396 ἦν,

1136 2412 1183 2437 καὶ
1205 2411 1404 2447 ἐθερμαίνοντο.
1417 2419 1487 2436 »-‹
1499 2410 1608 2445 Γνωστὴ
1624 2409 1663 2441 δὲ,
1682 2408 1774 2444 φησὶν,
1792 2405 1826 2443 ἦν
1845 2407 1917 2442 αὕτη

1135 2459 1152 2493 ἡ
1159 2457 1249 2493 ἡμέρα
1256 2457 1294 2492 τῷ
1302 2456 1404 2492 Κυρίῳ,
1414 2456 1460 2483 καὶ
1467 2456 1515 2482 οὐκ
1522 2454 1555 2491 ἦν
1564 2455 1663 2490 ἡμέρα,
1676 2454 1722 2480 καὶ
1731 2454 1781 2480 οὐκ
1792 2451 1826 2488 ἦν
1837 2452 1896 2484 νύξ·
1906 2463 1916 2478 ι

1135 2503 1183 2537 οὐχ
1194 2502 1283 2538 ἡμέρα
1297 2501 1355 2537 μὲν,
1368 2501 1411 2528 διὰ
1421 2501 1450 2527 τὸ
1459 2500 1627 2536 προκεῖσθαι,
1647 2508 1657 2525 ‹
1669 2498 1806 2526 οὐκέσται
1822 2498 1881 2532 φῶς
1889 2508 1896 2513 ·
1906 2509 1914 2524 ι

1131 2549 1205 2575 δοιαὶ
1217 2547 1376 2583 ἐπληροῦτο,
1391 2547 1435 2573 ὅτε
1451 2547 1504 2574 ἀπὸ
1519 2547 1600 2582 ἕκτης
1611 2546 1685 2582 ὥρας
1699 2545 1792 2576 σκότος
1807 2544 1918 2578 ἐγένετο

1132 2594 1178 2620 ἐπὶ
1186 2595 1275 2621 πᾶσαν
1283 2594 1332 2629 τὴν
1345 2594 1396 2629 γῆν
1406 2593 1458 2625 ἕως
1468 2593 1542 2628 ὧρας
1557 2592 1668 2627 ἐννάτης
1678 2599 1685 2607 ⁸
1697 2600 1706 2617 ι
1721 2590 1788 2617 οὐδὲ
1795 2589 1844 2622 νὺξ
1852 2589 1890 2621 δὲ,
1904 2601 1914 2616 ι

1131 2639 1174 2666 διὰ
1195 2640 1226 2666 τὸ
1248 2638 1436 2673 ἐπιλέγεσθαι,
1465 2648 1474 2663 ι
1489 2638 1560 2674 Πρὸς
1581 2636 1699 2670 ἑσπέραν
1721 2636 1796 2663 ἔσται
1815 2635 1884 2670 φῶς.
1905 2646 1914 2660 ι

1134 2686 1166 2712 ’0
1180 2686 1227 2712 καὶ
1243 2685 1306 2712 αὐτὸ
1322 2685 1414 2716 τέλους
1428 2684 1584 2719 ἐτύγχανεν,
1599 2683 1643 2709 ὅτε
1657 2683 1725 2718 μετὰ
1737 2682 1786 2717 τὴν
1799 2681 1916 2716 mam;

1131 2730 1205 2766 ὥραν
1224 2728 1301 2762 αὖθις
1316 2730 1346 2756 τὸ
1364 2729 1476 2765 σύνηθες
1494 2729 1550 2763 φῶς
1565 2728 1755 2763 ἀπελάμϐανεν
1772 2727 1789 2762 ἡ
1805 2727 1913 2762 ἡμέρα·

1131 2776 1177 2802 καὶ
1190 2775 1260 2802 κατὰ
1276 2775 1393 2802 διάνοιαν
1406 2775 1434 2800 δέ
1450 2773 1536 2800 ταῦτα
1551 2773 1710 2809 ἐπληροῦτο.
1726 2772 1851 2799 Καθόλου
1866 2772 1917 2807 μὲν

1131 2822 1175 2848 ἐπὶ
1193 2822 1222 2848 τὸ
1243 2820 1373 2848 Ἰουδαίων
1389 2820 1473 2852 ἔθνος,
1488 2819 1557 2856 μετὰ
1571 2819 1620 2855 τὴν
1632 2818 1702 2846 κατὰ
1723 2817 1769 2845 τοῦ
1782 2815 1916 2854 Χριστοῦ,

903 2900 913 2915 ⁵
925 2899 1019 2926 Matth.
1035 2907 1071 2932 Iv,
1086 2898 1130 2926 ll.
