2084 3216
174 178 228 205 ϐὒὸ

626 159 952 206 bEIIONSTRATIONIS
972 178 1202 207 EVANGELlC/E
1218 178 1283 206 LIB.
1306 178 1347 206 Vl.

1737 179 1794 209 466

174 237 285 272 τόλμαν,
300 236 412 270 σκότους
425 237 471 264 καὶ
486 237 571 273 πάγου
589 238 637 265 καὶ
648 237 749 273 ψύχους
766 239 959 274 γεγενημένου,

1011 239 1062 266 erit
1076 246 1130 265 uno
1151 238 1204 265 die.
1230 247 1239 263 ›
1257 237 1309 265 Pro
1324 245 1379 273 quo
1405 237 1584 273 Symmachus
1598 240 1791 275 interpretatus

176 281 362 317 σκοτισθείσης
379 282 467 309 αὐτῶν
482 282 531 317 τῆς
551 282 666 314 διανοίας
682 284 721 314 είς
740 283 770 309 τὺ
788 282 824 318 μὴ
841 283 960 317 αὐγάσαι

174 329 219 356 τὴν
234 328 374 364 φωτισμὸν
384 329 429 355 τοῦ
438 329 601 364 Εὑαγγελίου
611 331 639 357 ὲν
650 332 709 362 ταῖς
722 330 846 366 καρδίαις
859 330 958 362 αὐτῶν,

173 373 307 410 ψυγείσης
324 383 354 401 τε
369 375 419 410 τῆς
431 377 498 410 πρὸς
514 376 560 402 τὸν
572 376 638 403 Θεὸν
650 376 768 411 ἀγάπης.
781 376 919 411 Ἔμπαλιν
932 376 960 403 δὲ

174 421 244 456 πρὸς
260 421 294 456 τῇ
309 421 413 456 ἑσπέρᾳ
436 421 466 447 τὸ
490 421 546 456 φῶς
565 422 615 456 τῆς
635 421 760 456 γνώσεως
783 421 830 449 τοῦ
842 421 959 457 Χριστοῦ

175 465 366 497 ἀνατέταλκεν,
391 465 428 496 ὡς
451 466 514 498 τοὺς
536 466 618 494 πάλαι
643 467 811 503 καθημένους
829 468 858 493 ὲν
872 467 960 493 σκότει

175 511 223 538 καὶ
244 512 307 546 σκιᾷ
333 511 446 538 θανάτου
465 512 495 538 τὸ
517 512 587 548 μέγα
601 512 658 547 φῶς
676 513 749 544 ἰδεῖν,
767 511 837 538 κατὰ
853 512 902 544 τὰς
914 512 960 539 τοῦ

181 557 293 583 Ἡσαΐου
310 557 401 592 φωνάς
413 565 421 573 ’
434 566 446 583 ί
457 558 501 584 Ἐν
515 558 583 594 αὐτῇ
595 558 626 594 δὴ
638 556 684 585 οὖν
699 559 731 594 τῇ
744 558 854 594 τοιαύτῃ
870 558 961 594 ἡμέρᾳ

173 602 221 628 τοῦ
236 601 349 638 Κυρίου,
362 602 546 636 ἐξελεύσεται,
559 613 568 630 ι
581 604 673 639 φησὶν,
690 613 699 629 ι
715 604 786 639 ὕδωρ
799 603 853 636 ζῶν
868 604 899 636 ἐξ
915 605 961 631 Ἰε-

174 647 327 683 ρουσαλήμ.
338 648 436 675 »Τοῦτο
448 649 475 675 δὲ
489 647 522 685 ἦν
534 649 564 676 τὸ
577 649 682 684 λογικὸν
689 650 736 676 καὶ
744 649 867 685 πότιμον,
881 649 960 681 ζωτι-

174 693 221 719 κόν
238 701 267 720 τε
286 694 332 720 καὶ
355 695 488 730 σωτήριον
514 695 564 730 τῆς
586 695 633 722 τοῦ
652 695 770 732 Χριστοῦ
788 695 961 728 διδασκαλίας

174 739 265 771 ποτὸν,
280 739 343 775 περὶ
353 735 384 766 οὗ
399 740 444 766 καὶ
459 740 540 772 αὐτὸς
556 741 584 767 ὲν
597 740 636 776 τῷ
652 741 721 768 κατὰ
735 741 961 776 Ἰωάννην-Εὑαγο

175 785 260 819 γελίῳ
279 785 330 820 τὴν
346 784 511 821 Σαμαρεῖτιν
531 786 665 813 παιδεύων
683 786 790 821 ἐλεγεψ
814 795 823 812 ‹
840 787 871 813 Εί
888 787 962 822 ᾔδεις

174 831 216 863 τίς
230 832 303 857 ὲστιν
320 831 334 856 ὁ
349 831 436 865 Χέγων
451 840 505 858 σοι·
540 831 589 864 Δός
605 841 650 867 μοι
664 833 745 863 πιεῖν,
762 833 793 859 σὺ
808 832 840 859 ἂν
857 833 962 868 ᾔτησας

176 875 268 909 αὒτδν,
281 877 326 903 καὶ
340 877 438 904 ἔδωκεν
455 878 487 904 ἄν
504 886 544 904 σοι
559 877 630 914 ὕδωρ
646 878 726 910 (dum
743 879 814 905 Αὐτὸ
826 877 871 906 οὖν
883 879 961 906 τοῦτο

1012 287 1054 311 est
1072 292 1078 310 :
1101 292 1110 308 ε
1129 282 1162 310 Ει
1180 283 1207 310 in
1221 283 1265 310 die
1276 283 1321 310 illa
1334 291 1387 310 non
1399 284 1451 311 erit
1462 284 1518 316 lux,
1535 284 1581 312 sed
1594 284 1679 320 frigus
1694 289 1720 312 et
1735 285 1791 320 gla«

1010 330 1066 358 cies
1081 329 1132 356 erit
1147 337 1201 356 uno
1211 329 1264 361 die,
1281 329 1327 365 qui
1337 329 1462 365 cognitus
1475 334 1518 357 est
1530 329 1654 363 Domino,
1667 339 1721 358 non
1732 332 1792 359 dies

1010 382 1098 410 neque
1116 382 1180 407 nox,
1198 374 1244 402 sed
1258 374 1310 401 erit
1327 374 1361 402 ad
1376 382 1517 410 vesperam
1532 375 1588 402 lux.
1603 385 1613 402 ›
1627 375 1660 402 Et
1679 384 1744 404 sane
1755 377 1792 403 vi-

1010 421 1058 460 des
1072 420 1299 455 quemadmodum
1316 421 1342 447 in
1367 420 1410 447 his
1424 421 1515 448 verbis
1530 421 1690 456 planissime
1706 421 1790 452 diem,

1011 474 1065 502 quo
1080 466 1204 494 Salvator
1216 470 1309 494 noster
1321 466 1455 501 supplicio
1474 470 1516 494 est
1536 466 1660 500 affectus,
1691 466 1792 502 signiﬁ-

1010 516 1063 543 cet,
1081 512 1108 538 in
1121 520 1175 547 quo
1186 511 1230 539 die
1245 511 1310 538 illud
1322 512 1440 546 quidem,
1454 520 1463 537 (
1478 510 1536 538 Non
1549 512 1599 539 erit
1615 512 1671 544 lux,
1690 522 1699 538 I
1715 520 1792 539 com-

1011 558 1113 592 pletum
1140 561 1192 589 est.
1216 558 1324 592 quando
1348 565 1363 584 a
1389 561 1465 585 sexta
1487 557 1553 584 hora
1578 557 1697 585 tenebrae
1713 557 1793 585 factas

1011 607 1074 630 sunt
1086 603 1112 629 in
1126 603 1279 630 universam
1293 605 1404 634 terram,
1420 609 1505 636 usque
1521 601 1554 628 ad
1569 601 1663 629 horam
1677 610 1789 630 nonam.

1011 646 1079 674 Illud
1095 651 1205 675 autem:
1225 655 1233 672 ι
1255 645 1307 674 Sed
1332 646 1418 681 frigus
1439 649 1466 672 et
1486 646 1597 681 glacies,
1623 656 1632 672 ι
1652 655 1705 682 quo
1720 651 1795 674 tem-

1011 699 1087 727 pore,
1108 697 1138 720 ut
1155 692 1242 719 Lucas
1258 691 1353 720 scribit
1363 691 1395 724 δ’,
1412 691 1668 726 comprehendenth
1685 691 1790 724 Jesum,

1011 737 1150 764 duxerunt
1164 737 1197 764 ad
1213 737 1322 764 domum
1340 737 1471 772 principis
1493 736 1675 764 sacerdotum.
1692 737 1790 766 Petrus

1012 787 1103 811 autem
1113 783 1277 818 sequebatur
1286 791 1347 810 eum
1361 790 1376 810 a
1387 783 1466 818 longe
1480 792 1487 810 :
1500 790 1615 811 accenso
1625 787 1715 811 autem
1729 785 1792 819 igne

1012 829 1038 856 in
1051 829 1138 857 medio
1146 830 1219 860 atrii,
1229 828 1350 861 sedebat,
1362 834 1391 856 ut
1401 829 1438 855 ait
1450 829 1580 862 Marcus',
1592 837 1654 856 cum
1666 830 1790 865 reliquis.

1013 874 1094 910 293
1110 874 1273 902 calefaciens
1291 883 1330 903 se.
1345 874 1464 903 Joannes
1475 882 1540 902 vero
1553 875 1633 910 plane
1646 875 1728 902 etiam
1743 876 1793 903 fri-

175 922 209 948 τὺ
223 923 355 958 σωτήριον
371 923 450 950 ποτὸν
468 923 497 955 ἐξ
511 924 593 959 αὐτῆς
606 924 654 959 τῆς
669 924 845 960 Ἰερουσαλὴμ
860 925 959 961 προῆλ-

1013 929 1062 956 gus
1077 920 1307 953 commemoravit,
1324 920 1369 947 ubi
1386 921 1441 947 ait:
1458 930 1467 946 ι
1488 919 1601 947 Stabant
1615 921 1687 948 servi
1703 925 1729 948 et
1740 920 1792 948 mi-

175 969 239 996 οιν-
257 969 361 996 ἐνθένδε
374 969 439 1004 γοῦν
451 968 563 1005 ὥρμητο
580 969 662 997 αὑτοῦ
677 970 851 1004 Εὐαγγέλιον,
872 971 920 997 καὶ
934 971 959 997 οἰ

173 1013 270 1040 τούτου
286 1013 405 1049 κήρυκες
420 1014 507 1040 πᾶσαν
521 1013 695 1049 κατέπλησαν
715 1015 763 1050 τὴν
783 1014 958 1050 οἰκουμένην·

174 1059 190 1087 ὃ
202 1059 250 1087 καὶ.
265 1060 389 1096 δηλοῦται
404 1060 447 1087 διὰ
458 1060 503 1087 τοῦ
516 1060 656 1094 λέγεσθαι·
674 1070 683 1086 ι
696 1061 742 1094 Et;
757 1061 806 1096 τὴν
823 1061 960 1088 θάλασσαν

171 1104 225 1141 τὴν
243 1104 365 1141 πρώτην,
380 1105 426 1132 καὶ
441 1107 481 1138 είς
492 1107 540 1142 τὴν
551 1107 686 1134 θάλασσαν
708 1107 756 1142 τὴν
769 1108 886 1143 ἐσχάτην
900 1117 910 1134 ι
930 1108 960 1134 τὸ

175 1149 233 1181 ζῶν
263 1150 334 1186 ὕδωρ
354 1150 550 1184 ἐξελεύσεσθαι.
578 1153 617 1178 Δι’
633 1148 671 1178 ὧν
689 1152 723 1179 τὰ
742 1153 792 1188 τῆς
813 1153 960 1188 συμπάσης

172 1196 229 1231 γῆς
253 1197 359 1233 πέρατα
383 1197 520 1232 δηλοῦται,
547 1198 581 1225 τά
605 1207 635 1225 τε
659 1199 726 1234 πρὸς
750 1199 789 1234 τῷ
810 1199 961 1235 ἀνατολικῴ

179 1241 300 1276 Ὠκεανῷ
314 1241 409 1277 πρώτη
435 1243 552 1270 θάλαττα
567 1243 762 1279 ὀνομαζόμενα,
780 1244 827 1269 καὶ
842 1245 876 1271 τὰ
891 1245 961 1271 κατὰ

172 1287 271 1314 δύοντα
290 1287 365 1322 ἥλιον
384 1288 428 1315 διὰ
443 1289 493 1324 τῆς
507 1288 640 1325 Θαλάττης
655 1289 706 1324 τῆς
727 1290 844 1324 ἐσχάτης
862 1299 960 1326 σημαι-

172 1331 285 1367 νὸμενα,
303 1331 320 1358 ἃ
331 1332 377 1359 καὶ
394 1332 555 1369 πεπλήρωκε
569 1334 599 1359 τὺ
610 1333 662 1366 ζῶν
679 1334 750 1369 ὕδωρ
766 1335 814 1369 τῆς
828 1336 959 1371 σωτηρίου

173 1377 223 1404 καὶ
237 1377 416 1412 εὐαγγελικῆς
439 1378 622 1410 διδασκαλίας,
639 1380 703 1415 περὶ
726 1377 756 1406 οὗ
779 1380 859 1407 πάλιν
879 1382 959 1407 ἐπαί-

172 1422 245 1454 δευε,
260 1423 360 1457 λέγων·
381 1425 447 1455 ι’Ὀς
461 1424 494 1452 ἂν
512 1424 561 1460 πίῃ
582 1425 628 1452 τοῦ
647 1425 752 1458 ὓδατος,
767 1422 798 1452 of:
814 1426 868 1461 ἐγὼ
883 1427 960 1454 δώσω

172 1468 259 1504 αὐτῷ,
285 1470 315 1496 οὐ
336 1469 373 1505 μὴ
395 1470 501 1505 διψήσει
514 1471 553 1502 εἰς
575 1471 620 1497 τὸν
640 1471 736 1498 αἰῶνα.
755 1482 764 1497 ι
794 1473 847 1498 Καὶ
868 1473 957 1500 πάλιν·

175 1511 329 1547 Increpat,
350 1514 441 1549 φησὶν,
462 1515 494 1540 ἐκ
522 1515 571 1550 τῆς
599 1515 703 1547 κοιλίας
723 1516 805 1543 αὑτοῦ
821 1516 959 1552 ῥεύσουσιν

172 1556 271 1589 ὓδατος
296 1558 410 1590 ζῶντος,
441 1560 587 1595 ἁλλομένου
627 1562 667 1592 εἰς
692 1561 764 1598 ζωὴν
795 1562 902 1590 αἰώνιον
918 1583 924 1589 .
947 1573 956 1588 ι

173 1602 231 1630 Καὶ
259 1601 349 1635 αὖθις·
380 1614 389 1630 ι
406 1605 439 1631 Et
458 1613 500 1637 τις
522 1605 595 1640 διψᾷ,
619 1606 739 1642 ἐρχέσθω
762 1607 831 1643 πρὸς
848 1609 891 1643 μὲ,
915 1598 996 1635 καὶο

173 1647 284 1675 πινέτω.
293 1658 302 1674 ι
314 1649 391 1676 Μετὰ
407 1649 471 1684 γοῦν
485 1650 657 1686 ἀνομϐρῆσαν
673 1652 704 1678 ὲκ
718 1652 766 1687 τῆς
786 1653 936 1689 Ἰερουσαλὴ
941 1663 960 1688 μ

172 1694 221 1720 ἐπὶ
242 1694 296 1720 πᾶν
323 1694 400 1729 γένος
430 1694 580 1730 ἀνθρώπων
621 1697 753 1732 σωτήριον
779 1698 826 1724 καὶ
856 1698 960 1732 λογικὸν

178 1739 263 1773 νᾶμα,
282 1739 350 1775 ὅπερ
368 1739 531 1775 σαφέστερον
546 1741 574 1766 ὲν
587 1740 671 1776 ἑτέρῳ
695 1741 819 1777 δηλοῦται
841 1742 886 1768 διὰ
901 1743 958 1769 ’ποῦ’

179 1785 250 1811 οἘκ
262 1784 316 1821 γὰρ
328 1785 396 1812 Σιὼν
412 1785 580 1817 ἐξελεύσεται
597 1786 688 1821 νόμος,
705 1787 751 1814 καὶ
764 1788 849 1822 Λόγος
859 1789 959 1824 Κυρίου

173 1829 205 1862 ἔξ
223 1829 409 1866 Ἰερουσαλὴμ,
427 1831 473 1857 καὶ
489 1833 576 1866 κρινεῖ
597 1832 649 1858 ἀνὰ
665 1832 745 1867 μέσον
758 1833 812 1859 τῶν
829 1833 925 1860 ἐθνῶν·
948 1843 957 1859 ι

176 1875 308 1908 (Eant,
329 1877 412 1912 φησὶ,
432 1876 533 1912 Κύριος
565 1878 604 1909 εἰς
633 1877 753 1912 βασιλέα.
770 1889 779 1904 ι
801 1880 858 1906 Οὐκ
885 1880 960 1906 ἔσται

172 1920 203 1949 δὲ
226 1922 256 1948 ὲν
281 1921 471 1958 Ἰερουσαλὴμ,
499 1924 559 1950 οὐδὲ
585 1924 631 1950 ἐπὶ
658 1924 687 1950 τὸ
715 1925 848 1952 Ἰουδαίων
874 1926 959 1960 ἔθνος,

173 1965 243 1993 ἀλλὰ
255 1975 265 1992 ι
280 1967 326 1994 ἐπὶ
335 1969 424 1995 πᾶσαν
435 1969 483 2004 τὴν
500 1969 551 2003 γῆν
573 1971 601 1996 ὲν
617 1972 651 2005 τῇ
669 1970 760 2006 ἡμέρᾳ
781 1971 882 2006 ἐκείνῃ.
907 1973 960 1998 Καὶ

173 2011 251 2041 ἐσται
266 2011 367 2047 Κύριος
391 2011 441 2046 εἷς,
466 2014 512 2041 καὶ
534 2015 564 2040 τὸ
585 2015 669 2050 ὄνομα
685 2015 766 2041 αὐτοῦ
787 2016 825 2047 ἓν,
847 2017 960 2043 κυκλοῦν

173 2058 265 2084 πᾶσαν
280 2058 328 2094 τὴν
346 2059 408 2093 γῆν.
428 2070 437 2084 ι
456 2060 489 2085 "A
507 2060 554 2087 καὶ
573 2060 641 2086 αὐτὰ
656 2060 761 2095 συνᾴδει
775 2062 830 2092 τοῖς
841 2061 894 2087 ἀπὸ
906 2061 960 2088 τῶν

178 2103 308 2137 Ψαλμῶν
324 2104 508 2139 παρατεθεῖσι,
521 2105 553 2131 δι’
565 2101 602 2131 ὧν
619 2104 737 2139 ἱλέγετο²
751 2115 760 2131 ι
771 2105 959 2134 Ἐϐασίλευσεν

171 2149 187 2175 ὁ
201 2148 268 2181 Θεὸς
283 2150 330 2176 ἐπὶ
340 2150 373 2176 τὰ
390 2150 453 2186 ἔθνη
467 2159 474 2165 ·
494 2161 503 2177 ι
517 2151 563 2177 καὶ
577 2151 674 2178 πάλιν·
695 2160 705 2177 ι
718 2151 821 2178 Εἴπατε
848 2152 878 2179 ὲν
902 2154 958 2185 τοῖς

172 2195 294 2222 ιθνεσιν·
327 2196 355 2223 '0
377 2197 478 2234 Κύριος
506 2197 673 2225 ἐϐασίλευσε.
692 2207 702 2224 ι
731 2198 822 2225 Ταῦτα
843 2199 871 2225 δὲ
891 2199 958 2234 ὁμοῦ

172 2241 265 2268 πάντα
283 2242 311 2268 ἐν
328 2243 387 2274 ταῖς
407 2243 453 2269 τοῦ
468 2243 569 2278 Κυρίου
585 2243 702 2279 ἡμέραις
724 2244 831 2271 ἔσεσθαι
853 2253 958 2281 προφη-

171 2286 291 2314 τεύεται.
312 2288 356 2315 Ἐν
372 2288 442 2323 ἀρχῇ
455 2287 519 2322 γοῦν
532 2289 580 2323 τῆς
593 2288 656 2324 ὂλης
672 2290 848 2325 προφητείας,
872 2299 881 2315 ι
893 2290 956 2317 Ἰδοὺ

171 2331 292 2366 ἡμέραι,
319 2333 410 2368 φησὶν,
438 2332 561 2368 ἔρχονται
585 2333 632 2360 τοῦ
659 2334 770 2369 Κυρίου,
799 2334 844 2360 καὶ
877 2334 954 2360 ἔσται

171 2376 246 2405 τάδε.
260 2387 270 2404 ι
294 2378 361 2405 Τίνα
383 2378 414 2414 δὴ
438 2378 523 2406 ταῦτα
539 2379 596 2412 ἀλλ’
613 2379 630 2414 ἦ
647 2380 663 2415 ἡ
678 2379 819 2415 πολιορκία
835 2379 885 2415 τῆς
909 2380 959 2406 Ἱε-

174 2421 324 2458 ρουσαλὴμ,
340 2424 386 2450 καὶ
402 2424 418 2459 ή
433 2423 479 2450 τοῦ
492 2423 594 2458 Κυρίου
615 2424 779 2459 μετάστασις
794 2425 841 2451 ἐπὶ
855 2425 886 2451 τὸ
904 2424 957 2453 τῶν

178 2468 292 2494 Ἐλαιῶν
311 2468 384 2504 ὅρος,
406 2469 453 2495 καὶ
473 2469 513 2501 τὺ,
526 2469 687 2505 «ιΠαρέσται
701 2469 812 2506 Κύριος,
825 2480 834 2496 ι
860 2470 906 2496 καὶ
923 2469 957 2496 τὰ

173 2512 366 2547 ωμὸεόηκότα
383 2514 447 2549 περὶ
471 2515 520 2550 τὴν
538 2515 644 2551 ἡμέραν
662 2515 710 2545 τοῦ
733 2515 835 2547 πάθους
857 2515 956 2547 αὐτοῧ;

171 2558 220 2586 ιιαὶ
239 2557 269 2584 τὸ
285 2558 338 2590 ζῶν
355 2558 437 2595 ὕδωρ,
457 2559 487 2586 τὸ
507 2560 553 2588 ἐπὶ
570 2561 660 2588 πᾶσαν
677 2561 776 2596 ρεὖσαν
800 2561 848 2596 τὴν
867 2562 956 2588 οἰκου-

172 2603 278 2638 μένην;
297 2604 343 2630 καὶ
360 2605 405 2633 ἐπὶ
419 2607 485 2632 πᾶσι
498 2606 602 2637 τούτοις
615 2608 632 2642 ἠ
644 2606 765 2641 βασιλεία
781 2607 888 2634 ¹πάντων
904 2607 956 2633 τῶν

171 2648 256 2675 ὲθνῶν
282 2649 412 2686 ἄρχουσα,
441 2652 488 2678 καὶ
508 2653 538 2678 τὸ
562 2652 646 2688 ὄνομα
670 2653 750 2680 αὑτοῦ
776 2653 815 2686 ἓν,
837 2653 956 2689 πληροῦν

171 2694 262 2720 πᾶσαν
282 2695 331 2730 τὴν
345 2696 411 2730 γῆν;
429 2696 499 2732 ἅπερ
521 2698 613 2724 ὁποίου
635 2698 727 2730 τέλους
749 2698 852 2734 ἔτυχεν,
869 2698 906 2730 ὡς
927 2700 956 2726 ἐν

170 2738 287 2775 ἐπιτομῇ
301 2740 486 2776 διειλήφαμεν.
507 2743 643 2778 Πρόδηλον
659 2743 687 2770 δὲ
706 2744 753 2770 καὶ
770 2744 828 2775 πῶς
843 2744 895 2770 ἀπὺ
908 2744 957 2779 τῆς

170 2783 218 2811 eoi
231 2785 350 2821 Χριστοῦ
374 2787 426 2815 τοῦ,
437 2788 504 2815 Θεοῦ
527 2789 720 2825 προσηγορίας,
742 2789 772 2816 τὸ
788 2790 956 2825 Χριστιανῶν

1013 966 1093 994 nistri
1109 966 1141 993 ad
1157 974 1269 1002 prunas.
1287 966 1350 1001 quia
1370 966 1453 1001 frigus
1470 971 1542 998 erat,
1556 969 1582 993 et
1598 965 1792 994 calefaciebant

1011 1020 1041 1039 se
1055 1012 1075 1040 ⁸,
1095 1021 1104 1038 ι
1121 1027 1156 1032 ——
1170 1021 1179 1037 ι
1191 1012 1320 1048 Cognitus
1347 1016 1447 1044 autem,
1468 1012 1565 1046 inquit,
1584 1015 1626 1039 est
1663 1012 1707 1039 hic
1733 1011 1792 1040 dies

1010 1057 1135 1090 Domino,
1151 1062 1183 1086 et‘
1192 1066 1245 1085 non
1264 1059 1316 1086 erit
1331 1058 1400 1089 dies,
1417 1066 1506 1093 neque
1520 1058 1571 1085 erit
1584 1065 1649 1090 nox,
1665 1065 1719 1085 non
1730 1059 1791 1093 qui-

1010 1103 1070 1130 dem
1094 1104 1153 1131 dies
1175 1113 1182 1130 z
1206 1113 1216 1129 ι
1244 1107 1386 1139 propterea
1416 1102 1488 1138 quod
1516 1102 1619 1130 dictum
1646 1107 1687 1130 est
1716 1105 1790 1133 ante,

1013 1161 1022 1177 ι
1037 1150 1097 1178 Νοη
1115 1151 1166 1178 erit
1187 1150 1242 1181 lux,
1264 1159 1273 1175 ι
1287 1149 1360 1184 quod
1375 1156 1440 1175 sane
1452 1148 1534 1175 etiam
1558 1147 1717 1182 completum
1738 1152 1790 1180 est,

1010 1197 1120 1232 quando
1132 1203 1146 1222 a
1165 1198 1239 1223 sexta
1255 1194 1322 1221 hora
1338 1193 1454 1220 tenebrae
1465 1192 1543 1220 facta:
1558 1196 1620 1219 sunt
1631 1199 1712 1228 super
1727 1192 1791 1218 uni—

1010 1249 1115 1269 versam
1132 1245 1244 1273 terram,
1267 1246 1353 1274 usque
1373 1239 1405 1266 ad
1427 1239 1522 1266 horam
1539 1245 1639 1265 nonam
1655 1247 1661 1264 :
1677 1246 1686 1262 ι
1699 1236 1791 1272 Neque

1010 1289 1075 1315 item
1105 1295 1180 1314 nox:
1206 1295 1216 1312 ι
1244 1289 1385 1321 propterea
1404 1285 1476 1320 quod
1503 1284 1625 1311 additum
1651 1287 1703 1316 est,
1723 1293 1731 1308 ι
1749 1283 1789 1310 Ad

1009 1341 1152 1369 vesperam
1169 1333 1221 1360 erit
1232 1332 1288 1364 lux,
1314 1341 1324 1358 ι
1343 1331 1414 1367 quod
1429 1332 1510 1358 etiam
1525 1330 1613 1365 ipsum
1630 1330 1733 1357 exitum
1749 1330 1792 1356 in-

1009 1381 1094 1412 venit,
1106 1379 1216 1415 quando
1234 1382 1296 1413 post
1313 1385 1412 1405 nonam
1438 1377 1543 1408 horam,
1557 1383 1653 1403 rursus
1673 1382 1791 1402 consue-

1010 1428 1066 1451 tum
1084 1424 1175 1450 lumen
1190 1422 1292 1458 recepit
1309 1422 1376 1450 dies.
1399 1420 1531 1449 Praeterea
1549 1420 1709 1448 sententiam
1724 1419 1792 1455 Quo-

1010 1477 1063 1505 que
1096 1469 1119 1497 si
1156 1468 1311 1504 sequimur,
1341 1467 1398 1495 lucc
1432 1468 1564 1502 completa
1586 1470 1666 1494 erunt
1687 1467 1713 1493 in
1729 1467 1791 1494 uni-

1009 1524 1089 1544 verso
1098 1515 1207 1551 quidem
1224 1523 1306 1550 super
1315 1514 1427 1542 Judaica
1442 1518 1529 1548 gente,
1539 1518 1681 1549 postquam
1695 1513 1788 1540 adver-

1012 1569 1059 1590 sus
1076 1561 1215 1589 Christum
1228 1560 1294 1588 illud
1307 1561 1425 1587 immane
1439 1558 1545 1586 facinus
1561 1566 1626 1586 ausa
1640 1562 1692 1591 est,
1708 1563 1736 1586 et
1748 1562 1790 1586 te-

1012 1607 1113 1640 nebrae,
1129 1610 1156 1634 et
1170 1606 1281 1642 glacies,
1295 1610 1322 1633 et
1333 1605 1419 1640 frigus
1436 1605 1507 1632 facta
1523 1609 1598 1635 sunt,
1614 1605 1713 1640 quippe
1729 1611 1791 1631 cum

1010 1653 1118 1680 illorum
1132 1660 1208 1679 mens
1220 1651 1395 1679 obtenehrata
1413 1651 1459 1682 sit,
1476 1650 1544 1677 adeo
1558 1654 1587 1676 ut
1603 1649 1737 1684 Evangelii
1750 1650 1791 1677 lu-

1010 1703 1072 1724 men
1087 1695 1177 1723 radios
1202 1695 1230 1722 in
1247 1694 1329 1722 corda
1354 1694 1462 1722 illorum
1486 1695 1631 1722 immittere
1645 1694 1791 1729 nequicrit,

1010 1745 1036 1769 et
1053 1742 1172 1769 Charitas
1188 1748 1252 1776 erga
1270 1740 1354 1768 Deum
1382 1741 1417 1768 sit
1435 1740 1602 1775 refrigerata.
1631 1740 1791 1766 Eeontrario

1010 1792 1100 1815 autem
1123 1787 1156 1815 ad
1178 1795 1319 1822 vesperam
1337 1787 1427 1814 lumen
1443 1785 1606 1821 cognitionis
1627 1785 1728 1813 Christi
1746 1792 1791 1812 or-

1011 1839 1067 1861 tum
1085 1838 1137 1866 est,
1154 1834 1221 1862 adeo
1235 1838 1264 1860 ut
1275 1834 1292 1860 ii
1308 1834 1354 1868 qui
1375 1834 1438 1860 olim
1457 1832 1484 1858 in
1505 1831 1625 1859 tenebris
1645 1836 1671 1859 et
1695 1832 1792 1859 umbra

1011 1879 1105 1906 mortis
1121 1879 1261 1911 sedebant,
1276 1879 1366 1906 lumen
1382 1877 1509 1908 viderint,
1523 1877 1595 1904 sicut
1610 1877 1680 1912 apud
1694 1877 1791 1905 Isaiam

1010 1922 1170 1957 prophetam
1198 1922 1329 1957 scriptum
1353 1925 1395 1950 est
1413 1931 1420 1948 :
1439 1931 1448 1947 ι
1472 1921 1501 1948 In
1514 1921 1573 1956 ipso
1587 1921 1668 1957 igitur
1682 1921 1790 1949 Domini

1010 1967 1197 2001 hujuscemodi
1227 1968 1280 1999 die,
1297 1967 1461 2003 egredietur,
1481 1968 1584 2003 inquit.
1607 1976 1676 2003 aqua
1698 1969 1792 1996 vivens

1010 2012 1044 2039 de
1058 2012 1219 2040 Jerusalem.
1239 2023 1248 2038 ι
1267 2012 1329 2040 Haec
1344 2017 1433 2040 autem
1449 2017 1491 2041 est
1509 2014 1735 2041 rationalisetad
1753 2014 1793 2040 bi-

1010 2059 1127 2086 bendum
1145 2059 1247 2093 suavis,
1265 2064 1293 2087 et
1308 2060 1392 2087 vitam
1413 2059 1606 2094 suppeditans,
1621 2064 1648 2086 et
1664 2060 1792 2087 salutaris

1009 2104 1110 2132 Christi
1124 2105 1255 2132 doctrinae
1276 2106 1360 2140 potio,
1382 2105 1415 2133 de
1429 2113 1483 2140 qua
1510 2107 1567 2140 ipse
1593 2106 1621 2133 in
1648 2105 1792 2141 Evangelio

1009 2151 1083 2185 quod
1115 2150 1235 2179 Joannes
1258 2151 1379 2186 scripsit,
1407 2150 1604 2179 Samaritanam
1631 2152 1705 2179 illam
1731 2160 1792 2179 mu-

1010 2196 1102 2225 lierem
1129 2196 1267 2223 instruens
1290 2196 1461 2231 loquebatur,
1480 2195 1573 2224 dicens
1592 2205 1598 2223 :
1619 2205 1627 2222 σ
1649 2196 1678 2223 Si
1707 2197 1792 2224 scires

1010 2242 1072 2277 quis
1084 2244 1127 2269 est
1141 2241 1187 2276 qui
1208 2240 1274 2268 dicit
1290 2241 1361 2268 tibi:
1381 2241 1418 2267 Da
1434 2241 1500 2270 mihi
1516 2241 1620 2273 bibere,
1632 2244 1661 2268 tu
1677 2241 1792 2276 petisses

1009 2288 1043 2317 ab
1059 2296 1102 2321 eo,
1116 2292 1143 2315 et
1154 2288 1281 2316 dedisset
1294 2288 1343 2315 tibi
1360 2295 1458 2322 aquam
1469 2287 1587 2314 vivam".
1606 2297 1614 2313 ι
1627 2287 1692 2323 .Ipsa
1709 2288 1793 2323 igitur

1009 2335 1067 2363 haec
1086 2334 1224 2362 salutaris.
1241 2334 1316 2370 potio
1335 2334 1370 2362 de
1393 2333 1542 2362 Jerusalem
1559 2333 1689 2369 proﬂuxit
1705 2343 1712 2361 :
1730 2333 1792 2361 inde

1008 2380 1083 2408 illius
1099 2379 1251 2415 profectum
1265 2384 1307 2408 est
1324 2379 1510 2415 Evangelium,
1520 2384 1547 2407 et
1567 2380 1641 2407 illius
1661 2380 1748 2407 nuntii
1765 2385 1791 2407 et

1008 2432 1147 2461 praecones
1162 2428 1248 2452 totum
1264 2429 1397 2452 terrarum
1410 2425 1503 2452 orbem
1515 2425 1705 2460 impleverunt,
1720 2426 1790 2460 quod

1009 2471 1118 2506 quidem
1138 2470 1292 2498 declaratur
1305 2479 1353 2505 per
1373 2470 1399 2498 id
1419 2470 1492 2506 quod
1515 2470 1626 2503 dicitur,
1647 2480 1656 2496 ι
1674 2471 1703 2498 In
1718 2478 1793 2498 mare

1010 2516 1140 2551 primum,
1152 2521 1178 2544 et
1189 2517 1216 2543 in
1225 2524 1299 2544 mare
1310 2517 1445 2549 ultimum,
1463 2526 1472 2542 ι
1481 2516 1615 2543 viventem
1626 2523 1724 2551 aquam
1736 2517 1790 2543 exi-

1010 2566 1111 2593 turam,
1124 2561 1228 2596 quibus
1248 2561 1338 2589 verbis
1354 2561 1489 2588 universae
1507 2564 1586 2587 terra:
1605 2560 1673 2587 fines
1689 2561 1794 2595 signifi-

1010 2612 1118 2639 cantur,
1135 2611 1161 2634 et
1186 2607 1206 2634 ii
1234 2607 1359 2634 videlicet
1382 2607 1427 2642 qui
1452 2607 1484 2633 ad
1510 2606 1646 2633 Oceanum
1680 2606 1794 2633 orientis

1011 2656 1145 2687 spectant,
1164 2652 1210 2687 qui
1228 2651 1345 2686 primum
1359 2659 1434 2679 mare
1452 2651 1638 2682 nominantur,
1655 2654 1681 2677 et
1696 2651 1743 2685 qui
1760 2650 1794 2677 ad

1010 2698 1179 2726 occidentem
1196 2698 1291 2730 solem,
1309 2698 1356 2733 qui
1375 2705 1423 2733 per
1441 2697 1564 2724 ultimum
1589 2704 1664 2724 mare
1689 2696 1795 2732 signiti-

1010 2748 1118 2776 cantur,
1136 2751 1204 2779 quos
1219 2744 1312 2778 utique
1329 2744 1407 2776 fines,
1424 2743 1552 2772 salutaris
1575 2743 1796 2778 evangelicwque

1012 2790 1142 2819 doctrinae
1158 2797 1227 2825 aqua
1249 2789 1342 2818 vivens
1362 2789 1493 2825 implevit,
1512 2790 1545 2818 de
1559 2797 1611 2824 qua
1633 2796 1730 2818 rursus
1746 2789 1794 2816 da-

205 2864 228 2880 "
243 2864 309 2901 Cap.
321 2873 390 2899 xxu,
409 2865 502 2894 54-55.
541 2866 626 2902 'Cnp.
640 2874 696 2900 κεν,
717 2865 762 2895 66.
801 2867 810 2882 ⁶
827 2866 904 2894 Joan.
919 2875 959 2894 xw

1012 2867 1054 2895 18.
1092 2868 1102 2883 ⁷
1117 2866 1194 2895 Joan.
1208 2875 1243 2895 Iv.
1256 2867 1299 2893 to.
