2084 3216
286 155 332 183 ιῖι

289 220 438 252 acceperat,
455 216 616 251 coniunctus
631 219 715 253 (quod
730 227 797 246 sane
811 228 922 255 carpus,
940 229 1063 250 crassum
1079 227 1101 255 Α

288 261 393 296 quidem
408 265 466 288 erat
479 262 514 289 ob
528 269 665 297 corporea:
683 265 802 291 materia:
827 264 966 293 duriorem
983 271 1064 294 natu-

287 314 361 340 ram;
385 312 414 334 at
446 315 542 335 rursus
564 307 633 340 leve,
662 317 694 336 eo
710 310 782 345 quod
799 313 973 346 priestantius
992 317 1064 340 esset

286 361 364 388 quam
379 361 410 380 ea
425 361 484 388 qua;
498 354 532 380 ad
548 362 598 382 nos
611 355 758 389 pertinent,
773 364 806 384 ex
824 365 878 392 quo
893 359 975 385 etiam
997 359 1064 387 levis

285 400 371 426 nubes
387 400 553 432 nominatur,
572 406 713 435 propterea
728 403 801 437 quod
820 412 874 430 non
891 411 922 431 ex
941 405 1064 440 volupta-

284 446 324 472 ria
337 445 520 478 corruptione,
542 446 588 472 sed
605 446 638 473 de
659 446 760 481 Spiritu
783 452 878 475 sancto
895 450 1061 485 constabat),

283 490 310 516 in
327 494 400 517 terra
415 489 604 526 Egyptiorum
620 491 787 521 diversatur.
808 494 896 522 Causa
911 500 999 522 autem
1013 504 1062 524 cur

278 535 346 562 illuc
367 537 526 567 accesserit,
551 537 684 566 rationem
717 539 786 566 hanc
810 540 899 568 habet.
927 541 1060 574 Quoniam

282 581 352 608 enim
367 581 394 608 in
411 581 527 617 Egvpto
554 583 661 611 initium
682 586 822 619 accepisse
841 594 872 613 ea
888 595 949 622 quae
969 588 1001 615 ad
1018 596 1061 615 er-

282 635 368 655 rorem
389 628 495 655 colendi
525 629 670 657 simulacra
695 632 841 665 pertinent,
863 638 1058 665 memorantur,

280 676 307 699 et
325 672 487 700 videbantur
502 675 623 702 omnium
640 675 778 702 hominum
795 677 1059 711 superstitiosissimi

279 724 339 744 esse
355 717 486 753 Egyplii,
500 719 657 755 inimicique
677 725 759 756 atque
780 722 872 750 hostes
891 724 983 758 populi
1000 723 1058 757 Dei,

279 763 488 799 longissimeque
508 773 522 791 a
539 766 678 800 prophetis
693 767 798 797 abesse.
822 769 919 795 merito
940 769 1058 804 primum

278 809 348 842 apud
370 809 432 836 illos
455 809 501 837 Dei
522 812 608 839 virtus
629 818 796 840 commorata
810 818 870 841 est:
892 821 1059 850 quapropter

278 855 339 890 plus
355 855 426 891 apud
441 855 593 892 Egyptios,
612 865 693 891 quam
713 859 782 892 apud
805 867 900 886 omnes
922 860 991 888 alios
1006 862 1055 888 ho-

277 900 375 932 mines,
387 902 550 937 evangelica:
564 903 636 930 illius
648 903 781 931 doctrinae
797 905 908 932 verbum
925 906 1054 934 invaluit:
1073 893 1093 919 Β

276 953 310 973 ex
331 953 386 980 quo
401 946 490 981 ipsum
512 946 655 974 Dominum
678 948 712 975 ad
741 949 802 977 illos
826 958 1012 983 accessurum,
1029 956 1056 979 et

276 997 339 1017 cum
359 991 414 1018 illis
437 996 604 1018 moraturum
625 1000 745 1027 praesens
773 995 914 1029 prophetia
940 996 1054 1024 divinat.

274 1034 309 1064 At
322 1043 375 1062 non
405 1036 546 1071 [Egyptios
570 1037 596 1064 in
613 1042 712 1064 terram
735 1038 890 1067 Judzeorum
913 1046 1054 1073 venturos,

275 1088 362 1117 neque
392 1080 588 1117 Hierosolyma.
609 1088 638 1110 ut
665 1083 701 1110 ibi
724 1084 798 1111 illum
822 1086 946 1119 adorent,
969 1095 1055 1122 neque

274 1132 338 1152 vero
356 1125 454 1153 ibidem
475 1126 546 1154 inter
560 1126 668 1155 Iudaeos
695 1137 728 1156 ex
753 1130 786 1157 iis
806 1138 867 1165 quae
884 1139 898 1157 a
920 1131 993 1158 Mose
1013 1133 1055 1159 in~

273 1170 367 1199 stituta
394 1175 458 1198 sunt
483 1174 711 1208 peregrinaturos,
740 1183 829 1211 neque
854 1177 1054 1206 sacriﬁcatum:

273 1216 299 1241 in
319 1223 362 1246 eo.
378 1217 451 1252 quod
471 1222 513 1245 est
535 1219 561 1245 in
586 1219 747 1253 Jerusalem,
771 1221 866 1249 altari:
885 1223 933 1249 sed
955 1223 1053 1250 horum

218 1264 221 1265 ⁷
272 1262 380 1295 quidem
401 1263 468 1289 nihil
485 1271 598 1297 prorsus
619 1265 656 1291 ait
680 1265 812 1298 futurum,
836 1271 862 1293 at
886 1268 975 1302 ipsum
1001 1269 1052 1295 Do-

272 1308 374 1334 minum
407 1308 543 1336 aditurum
569 1310 722 1346 )Egyptios,
747 1317 773 1339 et
794 1321 843 1340 suo
863 1315 979 1342 adventu
1004 1316 1052 1342 lio-

269 1355 357 1382 mines
381 1356 563 1391 dignaturum,
587 1365 802 1394 magnorumque
826 1361 958 1388 bonorum
984 1363 1050 1396 ipsis

270 1405 409 1428 auctorem
436 1401 571 1429 futurum.
586 1402 756 1431 Directuram
771 1405 903 1440 siquidem
915 1407 1050 1440 perfectu-

269 1453 382 1480 ramque
404 1447 478 1474 illius
499 1448 570 1475 inter
592 1448 652 1476 illos
675 1451 928 1483 commorationem,
944 1459 975 1478 ea
990 1461 1050 1487 qua:

267 1490 323 1525 jam
335 1498 364 1518 re
377 1492 434 1525 ipsa
451 1496 513 1527 post
529 1492 678 1521 Salvatoris
694 1496 779 1522 nostri
800 1495 863 1523 Jesu
882 1497 982 1524 Christi
1001 1498 1049 1524 ad-

268 1541 388 1568 ventum,
405 1539 536 1574 completa
552 1546 717 1574 cernuntur;
735 1549 794 1576 qua:
810 1550 890 1577 porro
911 1543 968 1571 haec
979 1545 1044 1576 sint.
1061 1564 1082 1592 ϐ

268 1582 456 1617 inspiciamus.
474 1584 493 1611 li
505 1586 550 1620 qui
567 1587 644 1620 prius
657 1588 814 1615 incolebant
829 1589 985 1624 Egyptum,
1006 1592 1047 1618 vi-

266 1628 329 1654 tiosi
345 1630 475 1664 pravique
497 1630 645 1663 daemones,
672 1641 720 1668 per
744 1638 827 1661 multa
852 1636 950 1662 saecula
966 1637 992 1663 in
1009 1637 1048 1663 si-

265 1674 396 1702 mulacris
420 1676 567 1709 latitantes,
598 1678 758 1713 animasque
770 1679 960 1715 {Egyptiorum
970 1684 1046 1710 omni

265 1721 466 1754 superstitionis
477 1723 562 1750 errori
573 1724 729 1752 addicentes
745 1733 776 1752 ac
786 1727 972 1761 subjicientes,
982 1737 1045 1756 cum

264 1766 416 1794 sensissent
437 1776 533 1795 novam
554 1770 699 1804 quamdam
723 1771 896 1807 alivinamquc
917 1774 1044 1802 virtutem

264 1811 296 1838 ad
313 1819 342 1838 se
355 1815 513 1844 accessisse,
536 1814 608 1848 illico
636 1817 763 1843 commoti
786 1822 858 1849 sunt,
884 1823 910 1845 et
931 1817 1045 1846 ﬂuctua-

263 1858 363 1885 tionem
387 1866 418 1886 ac
442 1861 669 1894 perturbationem
694 1862 720 1889 in
750 1863 847 1898 seipsis
863 1865 1042 1898 pertulerunt,

262 1910 364 1937 corque
381 1904 502 1939 ipsorum
533 1911 560 1934 et
583 1907 623 1934 vis
648 1908 814 1944 intelligendi
839 1909 1001 1938 intrinsecus
1016 1912 1043 1938 in

262 1948 329 1982 ipsis
338 1955 460 1976 convncta
480 1955 553 1984 sunt,
569 1957 763 1988 cesseruntque
777 1962 808 1981 ac
823 1954 911 1990 fugata
924 1960 988 1983 sunt
1008 1957 1042 1984 ab

262 2002 293 2021 ea
309 1995 417 2027 virtute,
432 2005 493 2031 quae
507 1998 594 2025 visum
610 1999 741 2034 eﬂ‘ugiens
764 2001 824 2027 illos
849 2003 1040 2036 compellebat,

261 2044 289 2066 et
312 2041 382 2075 ignis
397 2042 484 2069 instar
502 2043 630 2072 incﬂ'abili
648 2046 764 2080 quadam
779 2047 883 2074 ratione
899 2048 1039 2075 adurebat.

263 2084 294 2111 Et
319 2089 383 2113 tunc
399 2087 510 2122 quidem
537 2089 712 2117 invisibiliter
729 2091 867 2120 daemones
889 2094 950 2120 talia
967 2095 1039 2127 passi

261 2134 335 2161 sunt,
351 2139 412 2158 cum
429 2132 552 2160 Salvator
571 2139 663 2162 noster
677 2135 756 2164 Jesus
772 2137 898 2166 Christus
915 2139 940 2165 in
957 2139 1040 2176 [Egy-

261 2179 336 2211 ptum
352 2183 413 2202 cum
429 2177 528 2205 visibili
544 2186 657 2214 corpore
672 2182 804 2214 pervenit.
823 2183 906 2217 293
927 2183 961 2210 At
977 2193 1040 2211 vero

618 159 750 187 EUSEBH
766 160 1004 190 CESARIENSIS
1018 162 1093 190 OPP.
1114 163 1202 191 PARS
1222 163 1253 191 ll.
1274 180 1307 184 —
1323 164 1567 193 APOLOGETICA.

1850 167 1903 195 ‘7'!

1117 223 1146 249 τὸ
1162 224 1303 259 κρείττονα
1320 224 1336 259 ἣ
1355 225 1415 251 καθ’
1434 225 1507 260 ἡμᾶς
1523 223 1602 252 εἶναι.
1624 226 1679 253 Καὶ
1695 226 1791 264 νεφέλῃ
1808 227 1901 267 κούφῃ

1116 267 1313 303 ὀνομαζομένῃ,
1329 268 1372 295 διὰ
1387 268 1418 294 τὸ
1438 270 1474 304 μὴ
1489 269 1519 301 ἐξ
1535 269 1688 305 ἡδυπαθοῦς
1705 271 1815 307 φθορᾶς,
1829 273 1900 301 ἀλλὰ

1115 313 1145 346 ἐξ
1166 314 1243 347 ἁγίου
1262 313 1419 350 Πνεύματος
1442 316 1586 350 συστῆναι,
1608 318 1640 352 τῇ
1670 317 1722 343 τῶν
1741 318 1899 352 Δίγυπτῑων

1115 360 1243 394 ἐπιδημεῖ
1265 359 1349 394 χώρᾳ.
1379 360 1410 386 'H
1432 360 1455 386 δ’
1476 361 1548 388 αίτία
1571 362 1620 397 τῆς
1637 362 1725 389 ἐκεῖσε
1751 363 1898 400 ἐπιδημίας

1113 404 1195 431 αὑτοῦ
1218 405 1312 432 τοῦτον
1334 406 1390 441 ἔχει
1418 406 1463 433 τὸν
1489 407 1574 441 λόγον.
1601 408 1677 435 Ἐπεὶ
1701 409 1754 444 γὰρ
1775 410 1804 436 ὲν
1826 410 1896 447 αὐτῇ

1114 451 1208 488 πρώτῃ
1226 451 1357 487 κατάρξαι
1377 452 1412 478 τὰ
1428 453 1477 488 τῆς
1493 453 1684 489 εἰδωλολάτρου
1701 455 1805 491 πλάνης
1826 465 1896 492 μνη-

1114 498 1271 533 μονεύεται,
1296 498 1404 525 ἐδόκουν
1426 507 1454 525 τε
1480 499 1586 526 πάντων
1605 500 1754 536 ἀνθρώπων
1779 502 1896 537 μάλιστα

1111 543 1384 579 δεισιδαιμονέστατοι
1409 545 1560 580 τυγχάνειν,
1586 545 1676 581 ἐχθροί
1698 554 1728 571 τε
1752 544 1822 573 εἶναι
1846 547 1896 574 καὶ

1112 589 1234 624 πολέμιοι
1255 590 1300 616 τοῦ
1324 590 1390 617 λαοῦ
1414 591 1460 617 τοῦ
1477 590 1555 621 Θεοῦ.
1578 591 1632 617 τῶν
1653 592 1797 627 προφητῶν
1823 594 1896 620 κατὰ

1111 635 1235 661 πλεῖστον
1249 636 1311 662 ὅσον
1327 636 1493 670 ἀφεστῶτες
1511 637 1623 668 εἰκότως
1636 638 1726 669 αὐτοῖς
1742 638 1861 673 πρώτοις
1874 641 1892 674 ὴ

1110 681 1156 707 τοῦ
1173 682 1239 708 Θεοῦ
1252 683 1348 717 ἐφίστη
1365 683 1488 718 δύναμις·
1503 684 1542 710 διὸ
1559 684 1604 710 καὶ
1622 684 1729 710 πάντων
1742 684 1894 720 ἀνθρώπων

1111 727 1209 762 μᾶλλον
1227 729 1290 764 παρ’
1304 729 1461 762 Αἰγυπτίοις
1481 729 1589 765 ἴσχυσεν
1612 731 1626 756 ὁ
1647 731 1696 765 τῆς
1713 730 1895 766 εὺαγγελικῆς

1109 774 1190 801 αὑτοῦ
1207 775 1379 808 διδασκαλίας
1401 777 1488 810 λόγος.
1508 777 1587 804 Ὅθεν
1610 778 1625 813 ἡ
1643 777 1766 813 παροῦσα
1784 786 1892 813 προφη-

1108 820 1167 847 τεία
1181 821 1262 848 αὑτὸν
1277 822 1369 853 αὐτοῖς
1388 823 1565 858 ἐπιδημήσειν
1580 823 1627 849 τὸν
1644 823 1745 859 Κύριον
1758 823 1891 856 θεσπίζει,

1109 865 1166 892 ἀλλ’
1182 866 1243 901 οὐχὶ
1263 867 1324 898 τοὺς
1347 868 1510 902 Αἰγυπτίους
1526 869 1600 903 ἥξειν
1624 870 1663 901 εἰς
1685 869 1734 905 τὴν
1756 869 1893 896 Ἰουδαίων

1108 912 1212 948 χώραν,
1231 913 1289 939 οὐδέ
1313 922 1345 947 γε
1370 915 1409 945 είς
1438 913 1472 940 τὰ
1501 914 1671 949 Ἰεροσόλυμα
1692 915 1891 950 προσκυνήσειν

1106 958 1189 993 αὐτῷ,
1206 958 1260 985 οὐδ’
1276 959 1401 989 ἐνταῦθα,
1413 959 1482 986 κατὰ
1498 960 1531 986 τὰ
1552 962 1627 996 παρὰ
1645 961 1756 986 Μωῡσεῖ
1775 968 1892 996 προστε-

1106 1005 1238 1040 ταγμένα,
1256 1006 1482 1041 προσηλυτεύσειν
1501 1006 1645 1038 Ἰουδαίοις,
1663 1007 1721 1033 οὐδὲ
1737 1007 1828 1033 θύσειν
1843 1006 1890 1033 θυ-

1107 1051 1166 1083 σίας
1182 1052 1211 1078 ἐν
1227 1052 1265 1087 τῷ
1280 1052 1348 1088 πρὸς
1363 1054 1395 1087 τῇ
1418 1053 1593 1087 Ἰερουσαλὴμ
1614 1053 1806 1088 θυσιαστηρίῳ
1819 1053 1889 1080 ἀλλὰ

1104 1096 1206 1124 τούτων
1224 1097 1273 1132 μὲν
1288 1097 1397 1124 ἔσεσθαί
1411 1106 1492 1133 φησιν
1507 1098 1597 1129 οὐδὲν,
1612 1097 1657 1124 τδν
1677 1098 1705 1124 δὲ
1721 1097 1822 1133 Κύριον
1837 1098 1888 1124 αὺ-

1104 1142 1150 1169 τὸν
1178 1143 1358 1178 ἐπιδημήσειν
1382 1145 1438 1174 τοῖς
1465 1143 1632 1177 Αἰγυπτίοις,
1659 1145 1706 1170 καὶ
1728 1144 1777 1178 τῆς
1802 1143 1888 1170 αὐτοῦ

1104 1189 1255 1224 παρουσίας
1280 1189 1460 1222 καταξιὼσειν
1482 1190 1544 1220 τοὺς
1564 1189 1678 1224 ἄνδρας,
1703 1190 1827 1224 μεγάλων
1854 1197 1886 1215 τε

1103 1233 1211 1268 ἀγαθῶν
1235 1234 1450 1269 καταστήσεσθαι
1472 1234 1556 1260 αἴτιον
1579 1235 1680 1266 αὐτοῖς.
1695 1234 1887 1270 Κατορθώσειν

1103 1278 1168 1312 γοῦν
1190 1279 1271 1305 αὐτοῦ
1292 1279 1340 1314 τὴν
1361 1279 1506 1314 ἐπιδημίαν
1529 1279 1630 1310 ταῦτα,
1645 1280 1715 1315 ἆπερ
1731 1280 1776 1306 καὶ
1794 1281 1886 1311 αὐτοῖς

1103 1323 1192 1359 ἔργοις
1208 1324 1275 1358 μετὰ
1291 1324 1340 1359 τὴν
1356 1324 1402 1350 τοῦ
1418 1325 1542 1359 Σωτῆρος
1555 1324 1633 1359 ἡμῶν
1655 1325 1741 1360 Ἰησοῦ
1756 1325 1802 1351 τοῦ
1815 1326 1884 1360 Χρι-

1103 1368 1165 1394 στοῦ
1189 1368 1348 1403 ἐπιφάνειαν
1365 1369 1519 1395 συνίσταται
1541 1369 1749 1405 πεπληρωμένα.
1773 1369 1840 1397 Τίνα
1855 1370 1884 1397 δὲ

1100 1411 1144 1448 ἦν,
1173 1413 1342 1449 θεασώμεθα.
1368 1414 1398 1441 Οί
1429 1415 1492 1450 πρὶν
1517 1415 1566 1450 τὴν
1589 1415 1724 1449 Αἴγυπτον
1747 1415 1883 1448 οἰκοῦντες

1100 1459 1197 1494 φαῦλοι
1219 1460 1265 1486 καὶ
1292 1459 1422 1495 μοχθηροὶ
1447 1460 1582 1495 δαίμονες,
1603 1460 1632 1493 ἐξ
1651 1461 1747 1492 αἰῶνος
1775 1461 1882 1496 μακροῦ

1098 1507 1154 1536 τοῖς
1171 1504 1273 1537 ξοάνοις
1289 1505 1500 1540 ἐμφωλεύοντες,
1519 1506 1566 1532 καὶ
1583 1506 1632 1538 τὰς
1650 1506 1703 1532 τῶν
1725 1507 1882 1541 Αἰγυπτίων

1098 1551 1186 1586 ψυχὰς
1201 1551 1274 1587 πάσῃ
1290 1551 1497 1586 δεισιδαιμονίας
1519 1551 1608 1587 πλάνῃ
1621 1551 1879 1587 καταδουλούμενοι,

1099 1596 1301 1632 συναισθόμενοι
1317 1596 1395 1632 ξένης
1414 1597 1486 1628 τινὸς
1502 1597 1548 1624 καὶ
1562 1597 1652 1624 ἐνθέου
1665 1597 1804 1632 δυνάμεως
1819 1598 1881 1624 ὲπι-

1096 1641 1233 1678 δημούσης
1257 1641 1367 1674 αὐτοῖς,
1393 1643 1492 1669 αὐτίκα
1517 1642 1701 1669 συνεκινοῦντο
1724 1643 1809 1676 σάλονῖ
1832 1643 1881 1670 καὶ

1096 1689 1188 1716 κλόνον
1202 1690 1231 1715 ἐν
1245 1691 1350 1720 ἑαυτοῖς
1367 1690 1525 1725 πάσχοντες,
1570 1698 1599 1715 τε
1616 1688 1712 1724 καρδία
1725 1688 1814 1716 αὐτῶν
1831 1689 1880 1715 καὶ

1095 1735 1249 1770 διανοητικὴ
1259 1735 1372 1770 δύναμις
1387 1735 1485 1770 ἡττᾶτο
1504 1735 1576 1761 ἔνδον
1595 1735 1625 1761 ὲν
1639 1735 1753 1766 ἑαυτοῖς,
1770 1734 1879 1769 ὑποχω-

1097 1781 1180 1816 ροῦσα
1200 1781 1247 1807 καὶ
1267 1781 1402 1816 νικωμένη
1421 1780 1474 1806 ὑπὸ
1496 1781 1545 1816 τῆς
1565 1781 1686 1816 ἀοράτως
1703 1779 1879 1806 συνελαυνού-

1096 1835 1155 1861 σης,
1171 1826 1217 1852 καὶ
1233 1826 1316 1861 πυρὸς
1339 1826 1416 1860 δίκην
1437 1827 1547 1861 ἀρρήτῳ
1572 1825 1642 1860 λόγῳ
1658 1824 1810 1860 φλεγούσης
1828 1825 1879 1851 αὺ-

1093 1873 1156 1903 τοὺς
1171 1871 1319 1907 δυνάμεως.
1342 1871 1420 1898 Ἀλλά
1435 1873 1494 1898 τότε
1509 1873 1557 1907 μὲν
1571 1872 1692 1908 ἀοράτως
1708 1872 1731 1897 οἱ
1751 1871 1877 1906 δαίμονες

1093 1918 1179 1945 ταῦτα
1203 1918 1320 1953 ἔπασχον
1343 1917 1389 1944 ἐπὶ
1411 1919 1442 1953 τῇ
1466 1918 1513 1944 τοῦ
1539 1918 1664 1953 Σωτῆρος
1683 1917 1762 1952 ἡμῶν
1788 1915 1875 1952 Ἰησοῦ

1092 1963 1209 1999 Χριστοῦ
1222 1965 1261 1994 είς
1276 1963 1324 1998 τὴν
1336 1963 1470 1996 Αἴγυπτον
1482 1963 1604 1998 ἐνσάρκῳ
1620 1962 1757 1997 ἐπιδημίᾳ.
1767 1961 1874 1996 Ἐπειδὴ

1091 2010 1120 2035 δὲ
1145 2009 1214 2044 μετὰ
1229 2009 1313 2036 ταῦτα
1338 2009 1448 2044 γυμνῶς
1474 2009 1524 2044 ἤδη
1547 2008 1638 2035 λοιπὸν
1659 2008 1689 2034 τὸ
1711 2008 1775 2043 περὶ
1791 2007 1874 2034 αὐτοῦ

1092 2055 1254 2089 Εὑαγγέλιον
1269 2057 1324 2086 τοῖς
1340 2055 1506 2089 Αἰγυπτίοις,
1524 2053 1664 2089 ὠσπεροῦν
1680 2054 1726 2080 καὶ
1743 2055 1798 2085 τοῖς
1817 2053 1875 2080 λοι-

1092 2101 1151 2132 ποῖς
1167 2100 1280 2131 ἔθνεσιν,
1297 2102 1474 2136 ὲκηρύττετο,
1492 2101 1508 2135 ἣ
1521 2109 1551 2126 τε
1567 2100 1680 2135 ἀόρατος
1696 2098 1777 2126 αὐτοῦ
1794 2099 1874 2125 δύνα-

1093 2154 1137 2180 μις
1161 2146 1208 2172 σὺν
1224 2147 1278 2178 τοῖς
1300 2145 1457 2178 ἀποστόλοις
1473 2145 1553 2172 αὑτοῦ
1572 2146 1660 2181 παρῆν
1678 2145 1787 2180 ἀφανῶς
1804 2154 1874 2181 cup.-

1091 2191 1246 2225 πράττουσα
1268 2191 1374 2222 αὐτοῖς,
1391 2191 1437 2217 καὶ
1454 2191 1628 2225 συνεργοῦσα,
1651 2190 1698 2216 καὶ
1723 2190 1874 2224 καταγγὲλυ

259 2231 403 2260 postquam
428 2227 508 2261 plane
531 2228 586 2262 jam
611 2229 697 2263 ipsius
714 2230 886 2264 Evangelium
905 2231 936 2257 ad
954 2231 1038 2267 [Egy-
1054 2231 1069 2260 II

1100 2245 1171 2263 ιουσα
1195 2237 1229 2263 δι’
1252 2236 1341 2263 αὐτῶν
1367 2237 1415 2271 τὴν
1441 2237 1538 2272 εὐσεϐῆ
1570 2237 1740 2263 διδασκαλίαν
1772 2236 1872 2269 αὐτοῦ,

259 2269 342 2304 ptios,
363 2271 433 2296 sicut
446 2271 480 2297 ad
498 2272 616 2306 reliquas
631 2277 724 2307 gentes
737 2274 870 2308 perlatum
887 2279 939 2307 est,
954 2280 980 2303 et
1001 2278 1039 2303 in-

258 2314 375 2342 visibilis
389 2315 449 2349 ejus
465 2316 562 2348 virtus,
582 2326 634 2345 una
647 2326 707 2346 cum
718 2319 777 2353 ejus
794 2321 927 2355 apostolis
942 2322 1037 2354 adfuit,

257 2367 317 2394 quae
334 2361 450 2388 latenter
469 2362 530 2389 illos
545 2363 697 2398 adjuvaret,
719 2369 746 2392 et
759 2373 812 2392 una
827 2374 889 2393 cum
913 2367 966 2394 illis
981 2375 1037 2395 rem

257 2406 449 2442 negotiumque
463 2413 579 2442 gereret.
594 2417 627 2437 ac
647 2418 695 2446 per
709 2419 757 2439 eos
780 2412 933 2447 religiosam
950 2413 1037 2447 piam-

257 2459 308 2484 que
325 2452 410 2486 ipsius
422 2453 573 2481 doctrinam
591 2455 779 2488 denuntiaret,
796 2466 934 2494 unumque
947 2459 1035 2487 solum

256 2502 287 2521 nc
304 2504 396 2524 verum
417 2497 501 2526 Deum
529 2500 619 2528 colere
635 2501 836 2534 adhortaretur,
851 2506 878 2530 et
891 2511 938 2531 eos
954 2511 968 2529 a
981 2504 1036 2531 daa-

255 2541 382 2568 monibus
400 2548 546 2577 averteret,
566 2546 612 2580 qui
628 2547 704 2580 prius
718 2547 823 2583 decepti
844 2548 969 2576 fuerant:
990 2550 1034 2576 hic

254 2585 280 2620 ja
288 2595 310 2612 rn
324 2591 380 2614 tum
396 2588 530 2625 Egyptiis
545 2592 616 2619 sicut
630 2593 711 2619 etiam
727 2594 840 2628 reliquis
852 2595 977 2630 gentibus
989 2603 1033 2622 se-

259 2634 324 2660 ditio
338 2636 492 2672 bellumque
507 2639 666 2668 intestinum
689 2646 813 2669 exortum
831 2647 883 2674 est,
904 2651 966 2670 cum
987 2643 1032 2670 alii

254 2680 360 2713 quidem
378 2682 412 2709 ab
433 2691 525 2712 errore
538 2687 642 2713 colendi
666 2688 758 2722 plures
775 2688 841 2715 deos
859 2689 1026 2719 recederent.

253 2728 280 2751 et
295 2725 327 2752 ad
340 2726 440 2755 Christi
459 2729 503 2756 Dei
521 2730 636 2758 Verbum
653 2738 857 2766 concurrerent,
877 2735 926 2762 alii
935 2743 998 2762 vero
1017 2743 1032 2763 e

251 2772 445 2801 contrariohos
456 2774 529 2808 ipsos
541 2783 824 2814 oppugnarent,atque
834 2780 867 2806 ad
875 2780 1029 2814 hujusmodi

253 2814 361 2842 facinus
384 2824 399 2843 a
423 2818 582 2848 domesticis
605 2821 774 2852 dmmonibus
797 2825 889 2852 furore
911 2826 1029 2860 quodam

253 2861 466 2895 concitarentur,
489 2864 556 2893 adeo
572 2870 600 2893 ut
622 2866 720 2895 fratres
739 2877 752 2895 a
777 2870 907 2899 fratribus
923 2871 1025 2907 disjun-

1092 2281 1171 2316 μόνον
1184 2281 1228 2307 τὸν
1245 2282 1302 2314 ἕνα,
1316 2282 1361 2308 καὶ
1378 2282 1456 2317 μόνον
1471 2282 1556 2318 ἀληθῆ
1570 2283 1635 2309 Θεὸν
1649 2282 1768 2310 εὐσεϐεῖν
1783 2291 1875 2318 παρα-

1091 2328 1265 2364 κελευομένη,
1282 2329 1335 2355 τῶν
1353 2329 1380 2355 δὲ
1403 2329 1535 2364 δαιμόνων
1551 2329 1612 2359 τοὺς
1638 2328 1720 2354 πάλαι
1734 2327 1873 2363 πεπλανη-

1093 2373 1188 2408 μένους
1210 2374 1359 2408 ἀφιστῶσα·
1382 2373 1497 2400 ἐνταῦθα
1516 2373 1606 2400 λοιπὸν
1629 2373 1679 2408 ἤδη
1701 2373 1870 2407 Αἰγυπτίοις,

1090 2418 1230 2454 ὡσπεροῦν
1243 2418 1289 2444 καὶ
1304 2419 1359 2449 τοῖς
1379 2418 1480 2448 λοιποῖς
1501 2417 1605 2450 ἔθνεσι,
1620 2418 1712 2449 στάσις
1727 2418 1773 2445 καὶ
1793 2418 1872 2444 πόλε-

1091 2472 1140 2498 μος
1153 2463 1282 2498 ἐμφύλιος
1294 2463 1444 2494 συνίστατο,
1457 2463 1510 2490 τῶν
1529 2463 1578 2498 μὲν
1594 2463 1804 2498 ἀναχωρούντων
1820 2464 1871 2499 τῆς

1088 2508 1217 2535 πολυθέου
1229 2509 1342 2544 πλάνης,
1357 2509 1404 2536 καὶ
1416 2509 1455 2544 τῷ
1473 2508 1539 2535 Θεοῦ
1559 2509 1676 2544 Χριστοῦ
1700 2509 1770 2544 λόγῳ
1783 2518 1870 2545 προσ-

1087 2554 1251 2589 τρεχόντων,
1274 2554 1327 2580 τῶν
1349 2554 1377 2581 δὲ
1397 2555 1425 2587 ἐξ
1449 2554 1571 2586 ἐναντίας
1591 2554 1693 2586 τούτοις
1718 2555 1870 2590 πολεμούν-

1086 2609 1149 2631 των,
1168 2600 1214 2626 καὶ
1229 2601 1280 2626 ὑπὸ
1294 2601 1346 2627 τῶν
1359 2601 1463 2627 οἰκείων
1479 2601 1614 2636 δαιμόνων
1628 2601 1868 2636 ὲξοιστρουμένων,

1085 2645 1123 2677 ὡς
1139 2646 1185 2672 καὶ
1200 2646 1330 2680 ἀδελφοὺς
1344 2646 1464 2681 ἀλλήλων
1479 2647 1630 2674 διίστασθαι
1640 2667 1647 2679 ,
1668 2647 1714 2673 καὶ
1730 2648 1792 2678 τοὺς
1808 2647 1870 2681 φιλ-

1085 2691 1181 2722 τάτους
1193 2691 1236 2717 διὰ
1258 2691 1341 2725 ξιφῶν
1361 2693 1457 2726 χωρεῖν
1481 2693 1529 2727 τῆς
1548 2692 1594 2718 τοῦ
1611 2693 1727 2729 Χριστοῦ
1739 2692 1868 2719 διδασκα-

1085 2736 1143 2768 λίας
1157 2738 1258 2764 ἕνεκεν.
1272 2738 1355 2772 Φησὶν
1367 2740 1381 2764 ό
1394 2739 1513 2774 χρησμός
1523 2748 1529 2754 ·
1549 2749 1558 2764 ι
1571 2739 1624 2766 Καὶ
1636 2739 1866 2775 ἐπεγερθήσονται

1084 2782 1224 2815 Αἰγύπτιοι
1241 2783 1284 2808 ἐπ’
1298 2783 1470 2816 Αἰγυπτίους.
1488 2784 1534 2811 καὶ
1555 2783 1701 2819 πολεμήσει
1722 2783 1865 2818 ἄνθρωπος

1084 2827 1128 2853 τὸν
1151 2828 1261 2862 ἀδελφὸν
1280 2829 1378 2861 αὐτοῦ,
1401 2829 1446 2855 καὶ
1470 2830 1608 2864 ἄνθρωπος
1627 2830 1671 2856 τὸν
1689 2829 1800 2864 πλησίον
1815 2828 1863 2855 αὐ-

1082 2871 1138 2898 τοῦ.
1158 2883 1166 2897 ι
1183 2872 1326 2899 Πιστοῦται
1349 2873 1375 2900 δὲ
1396 2874 1443 2909 τὴν
1466 2875 1631 2911 προᾳητικὴν
1654 2875 1802 2911 πρόρρησιν
1815 2875 1864 2902 καὶ
