2084 3216
161 179 218 208 473

621 168 948 207 DEMONSTRATIONIS
959 174 1194 207 hEVANGELICE
1213 172 1277 207 LIB;
1298 179 1342 207 Vl.

1729 183 1780 210 ΓΗ

161 235 245 268 αὐτὸς
259 236 273 262 ὁ
285 235 381 271 Σωτὴρ
400 234 488 270 ἡμῶν,
504 234 615 268 φάσκων
640 235 668 261 ἐν
688 235 745 266 τοῖς
761 234 943 269 Εὑαγγκιλίοις·

996 239 1137 270 gerentur,
1150 239 1177 264 et
1188 236 1320 264 doctrina:
1332 226 1435 265 Christi
1449 244 1542 270 causa.
1555 238 1635 267 etiam
1649 240 1780 278 charissi-

163 291 175 310 c
191 280 351 316 Παραδώσει
364 280 476 315 ἀδελφὸς
493 280 606 314 ἀδελφὸν
621 281 660 311 εἰς
681 279 804 311 θάνατον,
827 280 874 307 καὶ
894 288 947 307 πα-

159 328 213 364 τὴρ
237 327 347 359 τέκνον,
363 327 411 353 καὶ
431 326 662 360 ἐπαναστήσονται
683 325 766 352 τέκνα
787 325 833 351 ἐπὶ
847 326 945 359 γονεῖς,

161 374 209 401 καὶ
224 372 423 399 Θανατώσουσιν
443 371 549 403 αὐτούς.
574 380 583 396 ›
605 371 659 398 Καὶ
675 369 765 402 αὖθις·
783 380 793 396 ‹
811 370 857 406 Μὴ
872 371 947 406 νομί-

161 426 238 453 σητε,
255 418 296 443 ὅτι
318 415 399 451 ἦλθον
418 416 528 451 εἰρήνην
548 415 638 441 δοῦναι
655 416 683 440 ἐν
694 416 726 450 τῇ
741 416 787 450 γῇ,
801 415 860 449 οὐχὶ
876 415 946 449 λέγω

162 463 237 498 ὑμῖν,
251 462 308 490 ἀλλ’
322 462 338 498 ἢ
358 461 553 497 διαμερισμόν·
574 461 678 487 ἔσονται
697 461 752 496 γὰρ
766 461 819 487 ἀπὸ
836 461 882 487 τοῦ
899 460 946 486 νῦν

161 509 242 535 πέντε
255 509 283 534 ὲν
300 508 366 542 οἴκῳ
382 507 422 534 ἐνὶ
443 507 693 542 διαμεμερισμένοι·
712 508 786 542 τρεῖς
799 507 845 533 ἐπὶ
860 507 944 538 δυσὶν,

160 553 207 581 καὶ
222 552 268 578 δύο
285 552 329 577 ἐπὶ
347 551 428 586 τρισί.
442 551 698 586 Διαμερισθήσονται
716 551 804 587 πατὴρ
823 552 867 578 ἐπὶ
884 552 944 586 υἱῷ,

160 598 207 624 καὶ
230 598 285 629 υίὸς
305 597 353 623 ἐπὶ
371 597 464 632 πατρὶ,
492 598 580 632 μήτηρ
601 598 646 623 ἐπὶ
665 598 715 632 τὴν
739 597 885 633 θυγατέρα,
900 599 946 624 καὶ

160 643 283 679 θυγάτηρ
306 643 353 669 ἐπὶ
367 642 416 678 τὴν
438 643 554 678 μητέρα,
572 642 691 678 πενθερὰ
705 643 750 668 ἐπὶ
764 643 812 678 τὴν
826 643 944 678 νύμφην,

159 690 206 717 καὶ
230 690 322 726 νύμφη
346 689 393 716 ὲτιὶ
411 690 460 725 τὴν
482 689 623 726 πενθεράν.
648 699 657 715 ›
673 690 705 716 Τί
726 690 780 726 γὰρ
798 690 883 717 ταῦτα
897 691 945 725 τῆς

160 737 330 772 προφητικῆς
347 735 467 771 διαφέροι
489 735 521 762 ἂν
539 735 646 770 φωνῆς,
664 735 710 761 ἐπὶ
725 738 758 771 τῇ
781 736 827 762 τοῦ
844 737 945 772 Κυρίου

160 784 201 815 εἰς
220 782 357 817 Αἴγυπτον
380 781 516 817 παρουσίᾳ
537 781 688 816 λεγούσης,
713 781 944 817 ὲπεγερθήσεσθαι

158 829 324 863 Αἰγυπτίους
340 829 401 855 κατ’
415 826 569 860 Αἰγυπτίων
578 847 585 858 ,
600 826 647 853 καὶ
665 827 827 863 πολεμήσειν
841 827 888 854 ἄνθ
894 836 945 861 ρω-

160 882 209 900 πον
232 873 277 900 τὸν
296 872 408 907 ἀδελφὸν
422 871 522 903 αὺτοῦ;
540 870 595 897 Καὶ
612 870 692 905 νόμος
711 871 739 897 δὲ
753 872 767 897 ὁ
782 871 830 906 τῆς
841 870 944 905 Καινῆς

157 917 295 953 Διαθήκης
314 917 360 943 τοῦ
380 916 496 952 Χριστοῦ
521 915 565 942 ἐπὶ
588 916 670 950 νόμον
686 915 731 942 τὸν
748 916 797 950 τῆς
814 914 943 941 πολυθέου

157 962 370 997 δεισιδαιμονίας
407 960 548 996 ἠγείρετο,
581 961 624 986 ὅτε
661 960 714 986 τῶν
745 960 944 996 είδωλολατρῶν

158 1008 243 1035 ὲθνῶν
258 1008 338 1043 νόμος
349 1008 398 1043 τὴν
412 1007 529 1043 Χριστοῦ
553 1007 678 1041 πολεμῶν
698 1008 879 1038 διδασκαλίαν,
896 1007 944 1033 πό-

157 1053 200 1085 λις
212 1062 242 1080 τε
262 1055 309 1081 καὶ
321 1055 442 1081 πολιτεία
462 1055 511 1090 τῆς
531 1056 559 1081 ὲν
573 1053 682 1090 Χριστῷ
712 1054 872 1088 Ἐκκλησίας
889 1055 944 1085 τοῖς

157 1100 212 1128 τῶν
234 1101 356 1128 ἀπίστων
379 1101 463 1128 ὲθνῶν
487 1102 682 1136 πολιτεύμασιν
706 1101 876 1128 ἐπανίστατο.
899 1101 944 1127 Διὸ

156 1146 291 1175 λέλεκται·
308 1156 318 1173 ι
340 1147 419 1179 Πόλις
439 1147 485 1174 ἐπὶ
503 1147 589 1179 πόλιν,
608 1147 654 1173 καὶ
668 1147 748 1182 νόμος
761 1147 807 1173 ἐπὶ
823 1147 912 1182 νόμον.
931 1156 940 1172 ›

159 1192 238 1220 Ἐστι
250 1192 278 1219 δὲ
288 1193 334 1221 ἐπὶ
345 1193 448 1225 τούτοις
461 1193 522 1225 τοὺς
533 1194 698 1228 Αἰγυπτίους
711 1192 814 1224 πάντας
831 1193 892 1224 τοὺς
905 1193 943 1219 εί-

155 1237 338 1274 δωλολάτρας,
358 1238 388 1264 τό
411 1247 440 1265 τε
453 1239 579 1275 ἐνεργοῦν
591 1241 619 1265 ὲν
638 1239 728 1270 αὐτοῖς
739 1238 788 1273 τῆς
805 1238 943 1266 εἰδωλολα-

156 1284 250 1319 τρείας
267 1284 391 1319 πνεῦμα,
409 1285 523 1311 συνιδεῖν
544 1285 760 1321 ταραττομένους
780 1285 861 1311 εἰσέτι
884 1285 941 1317 νῦν,

154 1329 203 1356 καὶ
217 1329 302 1356 πολλὰ
320 1330 368 1365 μὲν
383 1330 589 1366 βουλευομένους
611 1331 680 1358 κατὰ
697 1332 746 1367 τῆς
762 1331 808 1357 τοῦ
825 1331 942 1366 Χριστοῦ

153 1375 338 1408 διδασκαλίας,
355 1376 393 1408 ὡς
409 1376 440 1403 ἂν
468 1377 588 1404 σϐέσοιεν
612 1378 706 1413 αὐτὴν,
725 1378 771 1404 καὶ
794 1377 823 1409 ἐξ
839 1377 942 1413 ἀνθρὼ-

154 1429 215 1448 πων
231 1421 398 1455 ἀφανίσοιεν,
414 1422 688 1458 διασκεδαννυμένους
700 1423 728 1449 δὲ
737 1423 789 1449 ὑπὸ
802 1422 849 1448 τοῦ
863 1422 941 1454 Θεοῦ,

154 1467 292 1502 φήσαντος
304 1468 332 1494 ὲν
348 1469 382 1503 τῇ
402 1469 570 1504 προφητείᾳ·
590 1479 598 1493 σ
618 1469 671 1495 Καὶ
690 1468 889 1504 ταραχθήσεται
913 1469 943 1494 τὸ

154 1512 265 1548 πνεῦμα
286 1513 341 1539 τῶν
366 1514 519 1548 Αἰγυπτίων
541 1515 569 1540 ὲν
587 1515 687 1546 αὐτοῖς,
708 1515 755 1542 καὶ
780 1515 829 1549 τὴν
846 1514 942 1549 βουλὴν

153 1557 246 1585 αὐτῶν
261 1558 437 1586 διασκεδάσω.
454 1569 463 1585 )
480 1560 572 1596 Μυρία
581 1561 609 1587 δὲ
627 1561 676 1587 ὅσα
687 1560 879 1595 πυνθανόμενοι
896 1560 943 1586 καὶ

152 1604 346 1640 ἐπερωτῶντες
355 1605 415 1632 καθ’
427 1605 505 1641 ἡμῶν
519 1605 548 1632 ἔν
556 1615 585 1632 τε
600 1607 733 1642 χρησμοῖς
747 1606 793 1633 καὶ
805 1607 943 1641 μαντείαις

152 1651 217 1683 τοὺς
234 1650 312 1683 θεοὺς
325 1651 425 1683 αὐτῶν,
441 1652 559 1683 καὶτοὺς
573 1652 601 1678 ὲν
615 1653 671 1683 τοῖς
682 1652 835 1687 ἀγάλμασιν
853 1652 945 1687 ἐμφω-

153 1695 283 1728 λεύοντας
297 1697 437 1732 δαίμονας,
458 1697 521 1729 τούς
542 1706 572 1723 τε
595 1698 677 1724 πάλαι
699 1699 727 1723 ἐν
750 1698 840 1728 αὐτοῖς
860 1697 944 1723 πολλὰ

153 1742 322 1778 δυναμένους
336 1743 664 1779 ἐγγαστριμύθους,οὑδέν
681 1753 706 1770 τι
722 1744 800 1770 πλέον
816 1743 845 1775 εξ
855 1743 943 1770 αὐτῶν

154 1787 258 1823 ἔχουσι.
274 1788 318 1815 Διό
335 1797 417 1825 φησιν
428 1789 442 1815 ὁ
453 1789 530 1824 λόγος
542 1798 548 1804 ·
569 1799 577 1814 ι
598 1789 653 1816 Καὶ
664 1790 866 1825 ἐπερωτήσουσι
883 1790 943 1821 τοὺς

157 1834 237 1866 θεοὺς
260 1835 360 1867 αὐτῶν,
374 1835 468 1862 καὶτὰ
493 1836 637 1871 ἀγάλματα
655 1836 754 1867 αὐτῶν,
771 1836 817 1862 καὶ
832 1836 893 1867 τοὺς
904 1837 944 1869 ἐγ-

152 1880 368 1917 γαστριμύθους.
384 1891 392 1907 ι
418 1881 487 1908 Ἀλλ’
512 1881 639 1918 οὐδεμιᾶς
660 1881 724 1917 γὰρ,
747 1882 822 1916 φησὶ,
839 1881 944 1913 τεύξον-

152 1935 200 1953 ται
211 1926 336 1962 βοηθείας
352 1928 377 1954 οἰ
402 1928 448 1954 ἐπὶ
475 1929 538 1959 τοὺς
563 1928 779 1963 πεπλανημένως
800 1928 943 1959 δοκοῦντας

154 1972 246 1999 αὐτῶν
261 1970 330 1999 εἶναι
348 1973 425 2004 Θεοὺς
444 1974 670 2008 καταφεύγοντες,
687 1975 747 2000 τότε
761 1974 878 2009 μάλιστα
894 1974 942 2000 αὑ-

153 2019 219 2050 τοὺς
232 2018 278 2045 τοῦ
295 2018 362 2045 Θεοῦ
378 2019 483 2054 κυρίοις
497 2020 624 2055 σκληροῖς
641 2020 688 2046 καὶ
702 2020 839 2054 βασιλεῦσι
855 2028 943 2055 παρα-

152 2064 281 2097 διδόντος,
298 2066 342 2092 ὂτε
359 2067 414 2097 τοῖς
443 2065 567 2100 δαίμοσιν
593 2066 682 2092 αὐτῶν
710 2066 872 2100 πειθόμενοι,
897 2066 943 2092 καὶ

153 2111 201 2137 ὑπ’
217 2111 308 2138 αὐτῶν
332 2112 532 2147 ὲνεργούμενοι,
551 2112 612 2143 τοὺς
627 2112 697 2139 κατὰ
712 2113 761 2147 τῆς
783 2112 944 2147 Ἐκκλησίας

154 2158 202 2184 τοῦ
216 2157 285 2186 Θεοῦ
300 2157 434 2193 διωγμοὺς
457 2158 654 2193 ὲπεγείρουσιν.
671 2158 753 2184 Ἔνθα
770 2167 813 2194 μοι
823 2159 868 2184 τὸν
883 2158 943 2184 νοῦν

153 2204 322 2238 ἐπιστήσεις,
339 2203 398 2230 τίνα
413 2204 513 2239 τρόπον
531 2204 610 2239 μέχρι
628 2204 677 2239 μὲν
692 2204 741 2239 τῆς
757 2204 802 2230 τοῦ
819 2205 943 2239 Σωτῆρος

996 287 1057 307 mos
1084 281 1137 308 sibi
1153 281 1250 316 gladiis
1263 281 1461 316 transﬁgerent.
1476 281 1521 308 Ait
1533 282 1605 309 enim
1619 284 1777 312 oraculum:

999 333 1008 349 ι
1025 324 1060 351 Et.
1085 326 1276 353 excitabuntur
1306 325 1426 361 Egyptii
1452 329 1546 353 contra
1572 327 1724 363 Egyptlos,
1751 332 1779 356 et

997 369 1101 397 bellum
1117 375 1191 405 geret
1211 371 1293 398 homo
1314 374 1409 397 contra
1423 370 1534 398 fratrem
1548 379 1639 406 suum,
1654 377 1680 400 et
1696 374 1780 401 homo

999 419 1097 442 contra
1118 415 1270 449 proximum
1294 423 1384 443 suum.
1402 425 1411 441 ι
1439 415 1588 443 Conﬁrmat
1608 421 1696 445 autem
1713 426 1778 453 pro-

998 460 1134 494 pheticam
1153 460 1353 494 przedictionem
1371 461 1452 487 etiam
1473 461 1531 496 ipse
1546 462 1672 489 Salvator
1685 468 1779 492 noster

998 507 1025 532 in
1048 505 1212 541 Evangeliis.
1227 507 1340 533 dicens:
1366 516 1375 532 ‹
1389 506 1489 534 Tradet
1517 507 1600 535 frater
1623 508 1734 536 fratrem
1748 510 1777 538 in

999 555 1124 581 mortem,
1140 556 1167 577 et
1182 556 1258 586 pater
1274 552 1369 582 tilium.
1385 556 1411 579 et
1426 557 1592 589 consurgent
1615 554 1662 581 ﬁlii
1680 555 1777 583 adver-

997 604 1044 623 sus
1067 601 1202 631 parentes,
1228 601 1254 624 et
1285 597 1446 624 interﬁciant
1466 606 1513 625 eos
1524 599 1555 626 ιτ.
1572 608 1581 624 ι
1603 599 1636 626 Et
1658 607 1775 628 rursus:

999 642 1109 669 «Nolite
1134 647 1230 677 putare
1252 643 1325 677 quod
1352 643 1472 669 venerim
1498 651 1593 678 pacem
1619 644 1725 673 mittere
1747 646 1777 673 in

997 692 1107 719 terram,
1135 695 1189 714 non
1206 687 1268 715 dico
1279 688 1365 719 vobis,
1389 687 1436 715 sed
1461 689 1678 723 separationem;
1695 696 1777 718 erunt

995 734 1067 761 enim
1082 742 1114 761 ex
1129 734 1190 767 hoc,
1208 734 1330 769 quinque
1346 735 1372 761 in
1387 734 1469 762 domo
1482 743 1546 767 una,
1563 740 1618 763 tres
1632 735 1714 764 divisi
1730 737 1776 764 ad-

995 789 1090 809 versus
1111 781 1189 813 duos,
1217 786 1243 809 et
1256 781 1310 808 duo
1327 781 1456 809 adversus
1471 785 1536 808 tres.
1558 781 1773 817 Separahuntnr,

994 830 1071 861 pater
1084 830 1181 853 contra
1199 827 1293 857 tilium,
1308 830 1335 853 et
1350 827 1421 853 ﬁlius
1437 830 1531 853 contra
1551 831 1666 861 patrem,
1689 831 1776 856 mater

995 874 1090 897 contra
1103 871 1198 902 tiliam,
1213 875 1240 898 et
1256 871 1309 898 ﬁlia
1325 876 1419 898 contra
1432 877 1556 904 matrem,
1573 879 1669 900 socrus
1680 877 1777 902 contra

995 924 1106 948 nurum,
1133 920 1161 943 et
1183 924 1269 944 nurus
1286 920 1381 944 contra
1405 925 1514 945 socrum
1530 919 1561 945 ".
1578 929 1587 945 ι
1617 919 1679 947 Hac
1693 921 1775 952 “enim

995 961 1022 988 in
1045 969 1099 996 quo
1118 963 1227 990 tandem
1245 970 1259 988 a
1282 971 1348 990 voce
1372 964 1531 998 prophetica
1554 964 1696 998 diﬁ‘erunt,
1717 974 1778 1001 qua

995 1015 1048 1041 quo
1064 1011 1184 1042 tempore
1207 1007 1339 1036 Dominus
1369 1010 1396 1036 in
1417 1009 1562 1045 [Egyptum
1583 1011 1718 1045 adveniet,
1739 1014 1778 1040 ait

994 1058 1166 1081 surrecturos
1183 1053 1325 1089 Egyptios
1343 1059 1440 1082 contra
1460 1055 1623 1091 Egyptios?
1636 1061 1662 1084 et
1676 1058 1775 1085 bellum

994 1103 1132 1134 gesturum
1164 1099 1300 1127 hominem
1329 1104 1426 1128 contra
1450 1100 1559 1129 fratrem
1580 1103 1679 1130 suum?
1699 1103 1776 1130 Tunc

993 1152 1058 1173 vero
1075 1145 1142 1173 Novi
1168 1145 1336 1174 Testamenti
1351 1147 1404 1180 lex,
1420 1147 1499 1181 cujus
1519 1147 1646 1176 Christus
1670 1153 1778 1182 auctor,

993 1195 1087 1218 contra
1105 1191 1190 1226 legem
1206 1192 1419 1227 superstitionis,
1435 1194 1462 1220 in
1480 1201 1533 1228 qua
1550 1194 1640 1228 plures
1654 1194 1690 1221 dii
1703 1195 1778 1222 cole-

993 1235 1103 1267 bantur,
1126 1237 1256 1267 surrexit,
1272 1245 1333 1264 cum
1351 1237 1478 1264 videlicet
1493 1239 1612 1273 gentium
1628 1239 1775 1266 simulacra

993 1281 1163 1308 adorantium
1190 1282 1243 1313 lex,
1263 1282 1365 1310 Christi
1386 1283 1539 1310 doctrinam
1556 1291 1727 1319 oppugnaris,
1747 1290 1775 1311 et

993 1327 1090 1354 civitas
1105 1335 1137 1354 ac
1154 1329 1308 1363 respublica
1324 1329 1383 1362 ejus
1408 1329 1536 1356 Ecclesiae.
1550 1337 1609 1364 quae
1621 1331 1648 1357 in
1665 1330 1777 1358 Christo

993 1373 1128 1404 consistit,
1144 1373 1275 1401 adversus
1289 1374 1358 1401 ritus
1368 1378 1448 1409 atque
1459 1375 1582 1402 instituta
1596 1383 1649 1402 non
1659 1376 1776 1404 creden-

992 1419 1058 1445 tium
1068 1420 1205 1446 nationum
1217 1420 1346 1447 suscitata
1354 1424 1404 1448 est.
1418 1420 1456 1447 Ex
1466 1428 1520 1456 quo
1529 1421 1593 1448 illud
1602 1422 1702 1449 dictum
1714 1425 1774 1452 est:

995 1474 1004 1489 ι
1019 1464 1121 1492 Civitas
1128 1464 1260 1492 adversus
1270 1465 1418 1497 civitatem,
1429 1469 1455 1493 et
1465 1466 1508 1493 lex
1521 1467 1651 1495 adversus
1660 1467 1754 1503 legem.
1762 1478 1773 1494 ι

993 1510 1093 1538 Deinde
1106 1511 1168 1539 licet
1182 1512 1262 1546 plane
1273 1511 1415 1546 Egyptios
1423 1516 1450 1539 et
1457 1520 1552 1540 omnes
1565 1513 1773 1541 simulacrorum

994 1555 1122 1587 cultores,
1137 1564 1252 1591 eumque
1267 1556 1312 1591 qui
1331 1556 1356 1582 in
1367 1556 1433 1591 ipsis
1449 1557 1502 1583 vim
1522 1565 1599 1585 suam
1610 1562 1717 1586 exercet
1729 1566 1776 1587 su-

995 1601 1161 1635 perstitionis
1169 1602 1306 1637 spiritum,
1315 1602 1415 1629 intueri
1423 1602 1503 1630 etiam
1512 1611 1584 1630 nunc
1591 1605 1774 1639 perturbatos,

995 1646 1075 1681 299
1088 1651 1114 1674 et
1127 1650 1241 1674 multum
1254 1647 1363 1683 quidem
1377 1649 1562 1677 consultantes
1571 1669 1578 1682 ,
1593 1654 1620 1677 et
1632 1650 1777 1678 commini-

995 1698 1103 1721 scentcs
1117 1698 1212 1721 contra
1234 1695 1337 1723 Christi
1359 1694 1512 1722 doctrinam
1523 1715 1530 1728 ,
1546 1699 1575 1722 ut
1595 1704 1654 1723 eam
1671 1697 1776 1724 exstin-

996 1742 1096 1771 guant,
1114 1742 1195 1773 atque
1216 1747 1248 1766 ex
1273 1739 1432 1767 hominibus
1446 1740 1571 1767 doleant:
1588 1740 1706 1776 dispergi
1723 1748 1774 1768 au-

994 1785 1048 1810 tem
1064 1790 1095 1809 ac
1110 1783 1238 1818 dissipari
1256 1793 1270 1811 a
1288 1784 1360 1817 Deo,
1377 1785 1423 1819 qui
1440 1786 1478 1812 ait
1493 1786 1519 1812 in
1536 1786 1594 1820 ipsa
1610 1786 1751 1820 prophetia
1765 1795 1773 1813 z

997 1837 1006 1852 ‹
1024 1828 1055 1854 Et
1069 1830 1276 1856 conturbabitur
1297 1830 1412 1865 spiritus
1428 1828 1613 1865 Aigypliorum
1626 1830 1653 1857 in
1674 1831 1714 1858 eis
1725 1852 1732 1864 ,
1747 1835 1775 1858 et

994 1874 1139 1901 consilium
1165 1882 1259 1902 eorum
1284 1875 1434 1910 dissipabo.
1450 1884 1459 1900 ι
1475 1875 1597 1909 Cumque
1620 1875 1775 1903 innumera-

994 1922 1057 1948 bilia
1082 1920 1138 1949 sint
1161 1927 1221 1955 qua“:
1242 1921 1410 1955 interrogent
1425 1928 1456 1947 ac
1472 1920 1647 1948 soiscitentur
1669 1920 1697 1947 in
1716 1927 1776 1947 ona-

994 1967 1064 1994 culis
1091 1975 1123 1994 ac
1147 1966 1377 1998 divinationibus,
1404 1966 1549 1993 adversum
1574 1973 1642 1997 nos,
1670 1966 1776 2000 quoties

993 2014 1059 2041 deos
1081 2021 1160 2045 suos,
1183 2017 1210 2040 et
1231 2012 1371 2040 latitantes
1392 2012 1421 2039 in
1443 2011 1598 2039 simulacris
1619 2012 1774 2044 dazlnonas,

994 2064 1021 2087 et
1033 2067 1081 2087 eos
1093 2059 1139 2093 qui
1156 2058 1234 2094 prius
1252 2058 1280 2085 in
1296 2058 1363 2093 ipsis
1383 2057 1500 2085 multum
1522 2061 1663 2092 poterant,
1678 2057 1775 2093 pytho-

994 2113 1044 2132 nas
1058 2125 1064 2136 ,
1084 2105 1186 2132 adeunt
1201 2113 1208 2132 ε
1224 2104 1294 2131 nihil
1309 2108 1400 2130 tamen
1416 2103 1533 2138 amplius
1548 2111 1579 2130 ex
1595 2103 1649 2130 illis
1663 2102 1774 2130 habent.

994 2150 1167 2185 Quapropter
1182 2150 1323 2177 oraculum
1341 2149 1379 2176 ait
1394 2159 1400 2176 ι
1418 2158 1427 2174 ι
1440 2148 1474 2175 Et
1488 2148 1693 2183 interrogabunt
1710 2147 1776 2176 deos

995 2205 1076 2229 suos,
1092 2200 1118 2224 et
1143 2197 1288 2224 simulacra
1310 2203 1378 2227 sua,
1400 2198 1427 2222 ct
1449 2194 1605 2230 pythonas.»
1615 2193 1668 2221 Sed
1687 2194 1775 2226 enim,

153 2249 235 2284 ἡμῶν
256 2249 343 2285 Ἰησοῦ
359 2238 476 2286 Χριστοῦ
487 2238 646 2284 ἐπιφανείας
661 2238 770 2281 οἰκείοις
790 2238 943 2284 βασιλεῦσιν
959 2247 981 2274 D
996 2242 1098 2276 Ῐηίῖυίιν
1120 2242 1223 2268 "unum
1246 2241 1334 2286 Planci
1359 2240 1520 2286 Oblineb‘ii‘“
1548 2239 1696 2286 θυῐίιίξηξιι
1715 2238 1777 2273 qui”

156 2295 231 2327 ἰδίως
254 2295 302 2322 καὶ
335 2296 394 2322 καθ’
412 2295 509 2330 ἑαυτὴν
525 2297 598 2323 πᾶσα
623 2296 759 2329 Αἴγυπτος
775 2295 902 2331 κέχρητο,
916 2297 945 2321 ὲν

154 2340 305 2376 αὐτονομίᾳ
321 2349 352 2367 τε
374 2341 421 2367 κα)⁸
440 2342 468 2367 ὲν
480 2341 620 2376 ἐλευθερίᾳ
639 2341 730 2375 διῆγον
749 2342 773 2367 οἱ
790 2341 943 2375 Αἰγύπτιοι,

153 2386 299 2413 δυναστεία
315 2387 343 2413 δὲ
355 2387 442 2413 αὐτῶν
462 2387 490 2419 ἐξ
507 2386 604 2418 αἰῶνος
621 2387 713 2422 μακρὰ
728 2396 769 2418 τις
789 2387 835 2413 καὶ
862 2387 944 2422 πολλὴ

156 2432 280 2467 βεδόητο,
295 2432 324 2466 ἐξ
341 2433 445 2460 ἐκείνου
456 2442 486 2459 τε
498 2435 605 2468 πρώτου
622 2433 763 2468 Ῥωμαίων
778 2433 943 2467 Αὐγούστου,

155 2478 216 2506 καθ’
227 2479 256 2509 ὃν
267 2479 281 2505 ὁ
295 2479 396 2515 Κύριος
411 2479 488 2514 ἡμῶν
504 2478 671 2513 ὲγεγέννηίτο⁷
685 2479 885 2513 χειρωσαμένου
896 2479 945 2514 τὴν

154 2524 304 2559 Αιγυπτον,
317 2526 436 2561 ὑστάτης
454 2534 484 2551 τε
502 2525 556 2551 τῶν
578 2525 752 2560 Πτολεμαίων
769 2526 946 2561 Κλεοπάτρας

156 2571 294 2607 ἀλούσης,
326 2571 379 2598 ὑπὸ
396 2571 445 2606 τὴν
472 2571 613 2606 Ῥωμαίων
638 2571 781 2604 γεγόνασιν
810 2571 943 2603 ἐξουσίαν,

157 2618 209 2645 ὑπό
225 2627 254 2645 τε
267 2618 330 2649 τοὺς
346 2619 434 2645 αὐτῶν
444 2618 553 2653 νόμους,
563 2618 610 2644 καὶ
620 2618 804 2653 ἐπιτάγματα,
819 2618 869 2652 τῆς
880 2627 945 2653 προ-

156 2664 240 2700 τέρας
267 2663 427 2699 αὐτονομίας
454 2665 501 2691 καὶ
525 2663 679 2698 ἐλευθερίας
703 2663 889 2700 ἀφῃρημένοι·
907 2664 945 2695 ὡς

156 2710 205 2738 καὶ
227 2710 256 2736 ὲν
277 2709 366 2744 τούτῳ
393 2709 423 2735 τὸ
443 2708 611 2745 προφητικὸν
638 2708 815 2743 ἐπαληθεύειν
844 2708 942 2742 λόγιον,

157 2755 221 2791 περὶ
235 2756 285 2790 μὲν
300 2755 354 2785 τῶν
369 2756 409 2786 εἰς
424 2755 486 2786 τοὺς
500 2754 598 2785 τόπους
616 2754 831 2788 ἐκπεμπομένων
842 2754 947 2789 ἐπιτρό-

158 2808 217 2828 πων
233 2809 263 2827 τε
274 2801 322 2828 καὶ
335 2800 503 2836 ἡγουμένων,
513 2800 560 2827 καὶ
576 2800 638 2835 περὶ
647 2799 700 2825 τῶν
711 2799 811 2826 λοιπῶν
825 2800 853 2827 ἐν
868 2799 944 2836 μέρει

195 2890 218 2909 ⁸⁷
234 2889 331 2919 Matth.
349 2898 377 2924 x,
392 2890 437 2917 21.
476 2889 498 2906 ¹³
509 2889 577 2922 Lue.
593 2897 642 2924 xu.
659 2888 752 2918 5i-53.

995 2294 1101 2321 cunque
1125 2286 1158 2313 ad
1183 2294 1230 2313 eos
1256 2285 1301 2320 qui
1328 2285 1449 2320 ipsorum
1474 2284 1512 2311 dii
1537 2291 1597 2311 esse
1621 2283 1775 2316 videantur,

994 2332 1094 2366 quique
1112 2332 1184 2365 ipsos
1208 2334 1286 2358 antea
1311 2330 1484 2365 deceperint,
1512 2329 1686 2364 confugient,
1710 2332 1776 2357 tunc

995 2379 1088 2413 utique
1103 2378 1219 2404 maxime
1236 2384 1283 2404 eos
1298 2377 1374 2412 ipsos
1388 2376 1507 2403 dominis
1523 2383 1554 2402 ac
1572 2375 1681 2409 regibus
1696 2382 1776 2409 aspe-

994 2423 1033 2450 ris
1047 2423 1172 2449 tradente
1189 2422 1320 2453 Domino,
1337 2429 1398 2448 cum
1414 2420 1583 2448 daemonibus
1595 2419 1652 2446 suis
1667 2418 1775 2446 auscul-

995 2472 1084 2495 tantes
1094 2488 1102 2501 ,
1115 2473 1143 2494 et
1157 2467 1191 2494 ab
1204 2467 1258 2494 illis
1274 2466 1415 2499 instincti,
1430 2464 1621 2493 insectationes
1644 2463 1775 2491 adversus

995 2513 1042 2541 Dei
1058 2512 1207 2539 Ecclesiam
1223 2511 1407 2539 concitabunt.
1430 2509 1478 2537 llic
1498 2509 1563 2536 mihi
1590 2508 1709 2535 animum
1729 2508 1775 2535 ad-

994 2563 1086 2586 vertas
1105 2557 1250 2593 diligenter
1270 2557 1370 2589 velim~,
1393 2563 1511 2591 quonam
1533 2558 1612 2590 pacto
1635 2561 1721 2589 usque
1741 2554 1772 2581 ad

996 2605 1146 2632 Salvatoris
1167 2603 1254 2631 nostri
1269 2603 1333 2631 Jesu
1349 2602 1450 2630 Christi
1474 2601 1635 2631 adventum,
1658 2600 1715 2627 suis
1733 2607 1776 2627 re-

995 2651 1074 2686 gibus
1089 2658 1213 2678 seorsum
1229 2657 1260 2676 ae
1276 2657 1323 2684 per
1339 2657 1368 2676 se
1382 2652 1438 2675 tota
1454 2647 1587 2682 (Egyptus
1602 2650 1733 2677 uteretur,
1749 2649 1776 2673 et

996 2696 1022 2722 in
1038 2703 1087 2723 suo
1104 2696 1225 2731 ipsorum
1237 2695 1299 2729 jure
1311 2702 1342 2721 ac
1354 2694 1478 2720 libertate
1491 2693 1620 2727 degerent
1635 2690 1754 2726 Egyptii
1764 2709 1772 2723 ,

995 2746 1169 2777 potestasque
1193 2741 1300 2768 illorum
1314 2740 1348 2767 ab
1363 2740 1440 2767 initio
1456 2746 1536 2774 quam
1554 2739 1632 2773 longa
1645 2741 1673 2765 et
1696 2743 1775 2770 quam

998 2789 1081 2816 multa
1108 2788 1179 2815 fama
1202 2786 1306 2815 feratur
1326 2785 1428 2818 fuisse,
1451 2788 1478 2813 et
1499 2783 1725 2820 quemadmodum
1741 2788 1778 2812 ex
