2089 3218
285 164 337 194 4.7-3

619 163 757 193 EUSEBlI
771 164 1011 194 C£SARIENSIS
1021 165 1082 196 09F

1134 166 1208 196 uas
1224 167 1256 196 ιι.
1276 154 1311 188 ζ
1327 154 1587 198 Δροιοαιπιολζ

1859 173 1912 203 676

285 223 350 256 illo,
380 230 444 251 cum
469 222 577 258 primus
600 222 787 253 Romanorum
812 225 970 262 Augustus,
994 227 1075 262 cujus

1134 228 1264 266 ὶρχόντων
1294 229 1411 264 φάσκον·
1433 240 1443 257 ι
1462 231 1527 267 Kal]
1536 229 1691 267 παραδώσω
1709 231 1846 267 Αιγυπτον
1871 233 1913 266 είς

286 269 457 305 temporibus
477 269 611 298 Dominus
634 274 730 298 noster
748 275 830 300 natus
850 275 906 305 est,
926 272 1073 308 [Egyptum

286 315 459 351 subegisset,
477 319 505 343 et
527 316 679 344 novissima
699 316 908 346 Ptolemaeorum
931 318 1074 354 Cleopatra

287 364 367 396 capta
390 367 479 395 esset,
504 361 531 389 in
553 361 738 391 Romanorum
761 367 923 399 potestatem
959 364 1075 393 devene-

286 407 358 440 rint,
373 411 400 435 et
415 407 467 435 sub
482 407 591 435 illorum
604 408 679 443 leges
695 413 779 444 atque
792 410 881 438 edicta
899 411 978 439 missi
999 411 1054 438 sint
1065 430 1073 443 ,

287 460 393 488 suaque
420 453 543 489 ipsorum
568 455 680 490 proprio
708 455 771 490 jure
785 475 792 488 .
821 464 925 492 suaque
951 457 1076 484 libertate

287 499 403 535 privati.
429 504 459 527 ut
483 501 672 536 propheticum
695 501 839 529 oraculum
866 503 948 530 etiam
971 503 999 530 in
1024 503 1076 530 hoc

287 546 367 581 plane
389 547 531 574 veritatem
554 554 631 574 suam
655 547 845 580 demonstret,
868 549 940 583 quod
965 549 1077 584 quidem

286 593 320 620 de
332 592 375 620 -iis
388 594 434 628 qui
451 593 484 620 ad
497 593 578 626 loca,
594 595 759 628 procurandi
776 594 864 629 gratia
879 594 1004 622 mittendi
1029 601 1075 622 es»

286 643 364 672 sent,
387 639 475 674 deque
496 640 661 674 praetoribus
682 648 715 668 ac
737 641 854 676 reliquis
879 648 928 676 per
952 641 1076 675 singulas

286 689 379 720 partes
402 685 629 721 magistratibus,
655 686 694 714 ita
719 687 862 723 loquitur:
887 696 897 712 ι
913 687 947 714 Et
970 687 1075 714 tradam

289 732 436 768 Egyptum
450 733 478 760 in
494 740 593 761 manus
616 732 757 760 hominum
772 753 779 766 ,
801 733 974 760 dominorum
998 740 1077 768 aspeo

286 787 390 806 rerum.
406 789 416 806 ›
430 779 469 808 De
487 779 522 807 iis
543 786 609 806 vero
623 778 670 814 qui
690 783 777 806 totum
792 779 938 814 imperium
952 778 1075 811 obirent,

285 832 478 860 cantuumque
491 824 538 860 jus
558 825 731 858 obtinerent,
747 825 774 852 id
789 825 862 860 quod
878 826 1012 860 sequitur,
1026 832 1076 859 pro

1124 275 1218 310 χεῖρας
1242 273 1393 310 ἀνθρώπων
1420 276 1522 311 κυρίων
1543 275 1685 311 σκληρῶν·
1701 285 1711 301 ι
1728 276 1791 313 περὶ
1812 277 1841 304 δὲ
1856 277 1914 305 τῶν

1124 319 1174 354 τὴν
1198 319 1258 346 καθ’
1282 319 1343 346 ὅλου
1368 319 1515 349 διεπόντων
1539 321 1626 358 ἀρχὴν
1639 321 1670 348 τὸ
1686 320 1758 358 ἑξῆς,
1776 323 1835 350 ἀνθ’
1850 320 1882 350 οὗ
1898 325 1914 351 6

1131 364 1246 397 Ἀκύλας
1259 366 1337 401 φησὶ,
1355 375 1365 391 ι
1383 366 1439 392 Καὶ
1447 366 1571 401 βασιλεὺς
1582 368 1820 404 κεκραταιωμένος
1837 369 1913 402 ἐξου-

1126 411 1213 437 σιάσει
1224 411 1254 437 ὲν
1269 411 1375 443 αὐτοῖς·
1395 421 1404 438 ι
1421 412 1436 438 ὁ
1456 412 1485 438 δὲ
1499 411 1645 448 Σύμμαχος
1657 421 1664 428 ·
1683 421 1692 438 ι
1713 414 1769 441 Καὶ
1787 414 1914 449 βασιλεὺς

1128 456 1238 494 ἰσχυρὸς
1254 457 1406 489 ὲξουσιάσει
1426 457 1527 485 αὐτῶν.
1539 466 1548 484 ι
1562 458 1688 495 Οὕτωδὴ
1704 459 1754 495 τὴν
1771 460 1914 496 Ῥωμαίων

1126 503 1245 538 ἠγοῦμαι
1263 503 1410 538 κεκλῆσθαι
1425 504 1572 539 βασιλείαν,
1589 505 1634 539 ὑφ’
1650 502 1696 540 ἦς,
1710 505 1803 541 ὥσπερ
1814 506 1915 542 χαλινῷ

1126 549 1173 576 καὶ
1195 549 1297 584 δεσμῷ,
1331 550 1544 585 πεπεδημένους,
1571 551 1601 578 οὐ
1633 551 1712 586 μόνον
1724 552 1788 583 τοὺς
1806 552 1915 579 πάντων

1127 595 1277 631 ἀνθρώπων
1291 596 1587 632 δεισιδαιμονεστάτους
1602 598 1852 632 Αἰγυπτίουςῴλῇ
1866 600 1914 626 καὶ

1125 642 1189 673 τοὺς
1205 641 1314 673 λοιποὺς
1326 641 1430 673 πάντας
1443 641 1603 678 ἀνθρώπους
1621 643 1702 678 μηδὲν
1712 643 1840 670 δύνασθαι
1855 643 1915 670 τολ-

1128 688 1183 723 μᾷν
1199 687 1269 714 κατὰ
1283 687 1333 723 τῆς
1349 687 1396 714 τοῦ
1412 688 1537 724 Σωτῆρος
1545 688 1622 724 ἡμῶν
1640 688 1802 724 Ἐκκλησίας
1811 689 1914 725 δυσφη-

1128 735 1199 768 μεῖν.
1216 733 1293 760 Μετὰ
1300 733 1386 760 ταῦτα
1400 734 1599 770 προφητεύεται
1611 735 1716 766 τούτοις
1732 734 1795 771 ἑξῆς
1811 743 1916 762 σκοτει-

1127 779 1224 815 νότερά
1238 788 1309 813 τινα,
1327 780 1374 807 καὶ
1385 780 1418 806 δι’
1434 780 1602 815 αἰνιγμάτων
1614 781 1784 817 μακροτέρας
1799 781 1847 808 καὶ
1863 781 1914 816 βα-

1127 825 1243 862 θυτέρας
1264 826 1314 861 τῆς
1340 826 1411 853 κατὰ
1430 827 1608 862 τροπολογίαν
1625 827 1740 862 δεόμενα
1756 827 1914 863 ἑρμηνείας,

285 879 341 907 quo
357 871 454 907 Aquila
468 871 507 898 ait
520 881 527 899 :
544 880 554 898 ι
570 871 604 898 Et
619 879 666 899 rex
681 871 878 899 corroboratus
890 892 897 905 ,
913 875 1074 906 potestatem

1134 872 1145 899 ὶ
1163 872 1194 908 δὴ
1221 873 1268 899 ἐπὶ
1293 872 1391 908 σχολῆς
1418 872 1489 899 κατὰ
1504 873 1549 900 τὸν
1567 874 1739 909 προσήκοντα
1759 873 1853 909 καιρὸν
1865 874 1915 910 τῆς

287 918 421 946 obtinebit
447 918 474 945 in
502 918 553 946 eis.
573 927 582 944 ι
598 918 781 953 Symmachus
806 921 917 950 autem,
941 927 951 943 ι
969 917 1001 944 Ει
1027 925 1076 945 rex

1134 918 1317 954 προσηκούσης
1329 919 1452 951 τεύξεται
1467 919 1632 956 διηγήσεως,
1650 921 1718 947 ὲπὰν
1736 919 1784 947 σὺν
1795 919 1855 956 Θεῷ
1870 920 1928 947 τὸν,

286 965 366 993 fortis
377 966 422 1000 ius
437 966 464 993 in
480 965 542 993 illos
558 966 678 994 habebit.
695 975 704 991 ι
718 965 764 993 Sic
780 970 870 994 autem
886 966 944 1001 ipse
959 973 1072 1001 regnum

1127 964 1254 1000 περὶτῶν
1270 965 1439 999 ἐπαγγελιῶν
1457 965 1640 1001 ἀποδώσωμεν
1654 966 1742 1000 λόγον.

287 1013 471 1041 Romanorum
489 1013 608 1041 arbitror
637 1019 763 1041 vocatum
779 1021 841 1042 esse
852 1034 859 1046 .
884 1022 940 1049 quo
956 1018 1086 1049 tanquam
1106 1013 1182 1040 freno
1209 1021 1240 1040 ac
1254 1013 1364 1040 vinculo
1379 1014 1518 1050 impediti,
1534 1022 1589 1042 non
1605 1015 1693 1043 solum
1708 1014 1827 1050 λειω)ιῆ
1857 1022 1917 1042 om-

286 1061 363 1088 nium
376 1061 517 1088 hominum
531 1061 811 1096 superstitiosissimi,
827 1061 875 1089 sed
891 1061 989 1096 reliqui
1012 1069 1121 1096 quoque
1137 1061 1258 1088 universi
1288 1061 1431 1093 homines.
1463 1063 1530 1090 nihil
1557 1067 1674 1098 possunt
1698 1063 1754 1097 jam
1781 1062 1917 1090 audentve

287 1109 384 1133 contra
414 1105 569 1134 Salvatoris
587 1108 676 1135 nostri
701 1107 853 1136 Ecclesiam
871 1108 1019 1135 oblatrare.
1040 1108 1121 1143 300
1139 1107 1204 1135 Post
1225 1108 1302 1142 haec,
1323 1108 1350 1136 in
1374 1109 1468 1136 eadem
1493 1109 1634 1144 prophetia
1652 1109 1749 1137 ordine
1763 1112 1927 1145 sequuntur»

287 1153 448 1182 obscuriora
481 1155 623 1190 quaedam,
655 1159 682 1182 et
708 1156 791 1184 nodis
815 1163 847 1183 ac
877 1155 1081 1183 dill‘icultatihus
1095 1156 1244 1190 implicita,
1261 1164 1322 1191 qua:
1345 1157 1478 1192 longioris
1499 1161 1580 1192 atque
1599 1157 1721 1188 altioris.
1746 1158 1782 1185 ob
1804 1157 1927 1194 figuram.

288 1207 342 1234 qua
366 1200 508 1227 enuntiata
537 1205 620 1232 sunt,
649 1200 884 1236 interpretationis
909 1202 1065 1236 indigeant,
1084 1202 1185 1237 quibus
1223 1202 1335 1236 quidem
1368 1210 1419 1230 nos
1449 1210 1496 1237 per
1523 1204 1627 1235 otium.
1655 1211 1717 1231 cum
1741 1208 1849 1240 tempus
1871 1204 1919 1233 ad-

288 1247 356 1278 erit.
384 1251 474 1282 aptam
498 1248 677 1283 expositionis
695 1249 783 1295 lucem
804 1249 935 1278 adhibere
958 1257 1013 1276 non
1037 1251 1221 1285 gravabimur,
1243 1250 1288 1278 ubi
1313 1249 1368 1278 Deo
1395 1249 1502 1279 favente
1527 1250 1680 1286 divinarum
1706 1251 1919 1286 promissionum

289 1294 424 1321 rationem
439 1294 648 1323 absolverimus.

579 1350 694 1379 CAPUT
715 1350 786 1378 XXI.

293 1406 332 1434 Ab
357 1406 456 1434 eodem.
471 1422 506 1426 —
523 1406 657 1434 Bonorum
684 1408 825 1441 promissio
855 1407 890 1434 ad
915 1416 992 1438 eam.
1019 1416 1079 1442 qua:

326 1442 402 1470 prius
418 1442 521 1478 deserta
536 1447 593 1469 erat
607 1462 614 1474 ,
636 1451 668 1468 ex
687 1443 807 1478 gentibus
828 1443 966 1469 collectam
988 1442 1078 1470 Eccle-

328 1478 395 1504 sium
406 1497 414 1509 ,
427 1482 451 1504 σι
464 1476 497 1503 ad
511 1477 621 1512 afﬂictas
633 1476 791 1512 vexatasque
803 1478 907 1505 animos
922 1479 1079 1512 manifestus

327 1513 375 1539 Dei
399 1515 543 1543 adt-antur.
563 1518 587 1539 et
617 1513 749 1540 salutares
775 1513 965 1540 miraculorum
990 1513 1081 1547 pradi~

326 1549 479 1583 giorumque
490 1549 687 1575 ostentationes.

332 1614 341 1630 ι
357 1604 480 1638 Laetare,
502 1603 609 1631 deserta
632 1604 745 1636 sitiens,
770 1604 887 1632 exsultet
910 1604 1034 1637 deserta,
1052 1608 1079 1631 et

294 1653 388 1680 ﬂoreat
403 1655 433 1679 ut
448 1651 534 1679 lilium
549 1661 555 1678 :
571 1654 598 1678 et
612 1650 787 1683 clﬂorebunt,
801 1654 828 1678 et
839 1651 1016 1678 exsultabunt
1028 1650 1079 1678 de-

294 1703 367 1725 serta
391 1697 530 1725 Jorrlanis.
556 1695 590 1723 Et
607 1697 693 1732 gloria
716 1696 814 1724 Libani
837 1696 900 1724 data
918 1701 960 1724 est
984 1696 1026 1729 ei.
1053 1700 1081 1724 et

295 1745 382 1771 honor
398 1743 515 1771 Carmeli
530 1751 538 1776 ;
556 1746 584 1770 et
605 1742 722 1779 populus
744 1749 822 1770 meus
846 1742 949 1770 videbit
967 1743 1081 1778 gloriam

294 1791 417 1823 Domini.
441 1793 469 1818 et
490 1789 664 1817 altitudinem
688 1789 747 1817 Dei.
774 1789 963 1817 Convalescite
984 1795 1084 1816 manus

295 1838 431 1869 remissas,
453 1840 481 1864 et
505 1843 593 1872 genua
616 1835 771 1864 dissoluta:
793 1834 974 1863 consolamini
996 1834 1084 1869 pusil-

294 1884 410 1912 lanimes
430 1883 586 1916 intellectu,
605 1882 803 1914 convalescite,
825 1888 860 1909 ne
881 1880 990 1908 timete.
1013 1879 1084 1907 Ecce

297 1928 368 1956 Deus
386 1932 480 1956 noster
492 1928 625 1963 judicium
642 1927 735 1955 reddit
746 1947 753 1958 ,
771 1930 799 1954 et
816 1926 932 1954 reddet:
959 1925 1019 1960 ipse
1038 1932 1085 1953 ve-

296 1974 354 2003 niet
368 1994 375 2007 .
398 1978 426 2002 et
450 1975 540 2002 salvos
558 1974 637 2001 faciet
654 1981 714 2001 nos.
733 1972 810 2000 Il'unc
834 1973 993 2008 aperientur
1011 1971 1083 1999 oculi

297 2027 450 2054 caecorum,
467 2024 494 2048 et
509 2027 590 2047 aures
607 2019 756 2047 surdorum
775 2019 887 2046 audient
901 2025 907 2044 :
926 2021 991 2045 tunc
1006 2017 1086 2045 saliet

303 2070 334 2095 r-t
359 2075 475 2098 cervus.
498 2066 632 2097 claudus,
657 2069 684 2093 et
706 2065 787 2101 plana
809 2064 862 2092 erit
881 2063 973 2099 lingua
994 2067 1086 2090 muto-

300 2119 372 2139 rum.
388 2110 523 2144 Quoniam
536 2110 627 2145 erupit
642 2109 670 2136 in
685 2109 797 2137 deserto
811 2116 882 2144 aqua
892 2128 900 2141 ,
913 2113 940 2136 et
954 2107 1087 2135 convallis

300 2159 328 2187 ln
344 2163 416 2186 terra
434 2156 537 2185 sitienti
552 2166 559 2183 :
575 2160 602 2184 et
617 2156 668 2184 erit
681 2163 742 2192 quae
754 2159 831 2183 caret
844 2163 916 2191 aqua
931 2155 959 2182 in
973 2160 1085 2190 stagna,

299 2209 326 2233 et
352 2205 379 2231 in
395 2207 495 2231 terram
517 2203 655 2230 sitientem
685 2202 747 2230 fons
772 2209 850 2237 aqua:
873 2201 926 2229 erit
943 2201 977 2228 ι’.
1000 2211 1009 2227 ι
1030 2200 1088 2228 Hoc

1339 1363 1343 1366 ~
1386 1351 1583 1379 ΚΕΦΑΛΑΙΟΝ
1599 1353 1665 1379 KA’.

1136 1408 1272 1446 24316101")
1283 1410 1440 1446 qivroﬁ._——
1463 1409 1593 1444 Ἀγαθῶν
1609 1410 1771 1445 ἐπαγγελία
1794 1411 1831 1446 τῇ
1849 1412 1922 1446 πρὶν

1164 1443 1262 1478 ἐρήμῳ
1276 1444 1310 1476 ἐξ
1335 1444 1429 1471 ἐθνῶν
1451 1443 1622 1478 Ἐκκλησία,
1640 1443 1694 1472 καῖ
1707 1446 1772 1479 ταῖς
1796 1443 1921 1474 assultu.)-

1164 1479 1269 1516 μέναις
1281 1479 1550 1516 ψυχαῖς-ἐμφανὴς
1566 1481 1638 1508 Θεοῦ
1654 1482 1815 1515 παρουσία,
1830 1482 1922 1516 σωτή-

1161 1515 1222 1548 ριοι
1236 1523 1267 1541 τε
1280 1515 1524 1549 παραδοξοποίαι,

1170 1612 1179 1629 ι
1201 1602 1389 1639 Εὐφράνθητι,
1407 1602 1509 1639 ἔρημος
1528 1602 1644 1638 διψῶσα,
1668 1603 1841 1638 ἀγαλλιάσθω
1858 1604 1924 1640 ἐρη-

1133 1658 1193 1685 μος,
1225 1650 1272 1676 καὶ
1299 1649 1414 1677 ἀνθείτω
1431 1649 1468 1681 ὼς
1490 1649 1597 1686 κρίνον”
1627 1650 1674 1677 καὶ
1703 1649 1846 1686 ὲξανθήσει
1875 1650 1923 1676 καὶ

1132 1695 1327 1730 ἀγαλλιάσεται
1347 1695 1381 1722 τὰ
1400 1695 1491 1731 ἔρημα
1520 1695 1567 1722 τοῦ
1591 1695 1734 1732 Ἰορδάνου.
1758 1696 1843 1731 Καὶή
1861 1695 1924 1728 δόξα

1132 1741 1179 1767 τοῦ
1191 1741 1309 1768 Λιϐάνου
1322 1741 1401 1776 ἐδόθη
1414 1741 1496 1776 αὐτῇ.
1514 1740 1562 1768 καὶ
1576 1743 1593 1777 ἡ
1615 1742 1682 1777 τιμὴ
1698 1741 1746 1769 τοῦ
1761 1741 1923 1778 Καρμήλου,

1133 1787 1181 1815 καὶ
1206 1788 1219 1813 ὸ
1247 1786 1310 1819 λαός
1338 1795 1388 1822 μου
1409 1786 1503 1821 ἅψεται
1527 1787 1577 1824 τὴν
1600 1787 1678 1821 δόξαν
1698 1788 1812 1824 Κυρίου,
1830 1788 1877 1815 καὶ
1891 1788 1931 1816 τὰ

1135 1833 1201 1868 ὕψος
1227 1833 1274 1860 τοῦ
1303 1833 1382 1861 Θεοῦ.
1405 1834 1559 1870 Ίσχύσατε,
1586 1836 1677 1871 χεῖρες
1706 1835 1857 1871 ἀνειμέναι,
1875 1835 1925 1863 καὶ

1133 1879 1235 1915 γόνατα
1249 1880 1458 1918 παραλελυμένα
1486 1882 1709 1918 παρακαλέσατε·
1726 1883 1751 1909 οἱ
1767 1882 1925 1917 ὀλιγόψυχοι

1134 1925 1290 1962 τῇδιανοίᾳ,
1319 1926 1456 1961 ἰσχύσατε,
1488 1927 1525 1962 μὴ
1550 1927 1687 1961 φοσεῖσθε.
1735 1927 1799 1954 Ἰδοὺ
1823 1928 1837 1954 ὁ
1859 1927 1929 1960 Θιδς

1135 1972 1213 2007 ἡμῶν
1225 1972 1316 2008 κρίσιν
1341 1973 1547 2003 ἀνταποδίδωσι,
1565 1973 1612 2000 καὶ
1627 1973 1812 2001 ἀνταποδώσει
1824 1982 1831 1989 ·
1844 1974 1927 2006 αὐτὸς

1135 2018 1206 2053 ἥξει,
1221 2018 1268 2047 καὶ
1287 2018 1368 2045 σώσει
1381 2020 1465 2054 ἡμᾶς.
1489 2019 1558 2045 Τότε
1576 2019 1779 2055 ἀναχθήσονται
1791 2020 1928 2056 ὀφθαλμοὶ

1136 2063 1255 2099 τυφλῶν,
1283 2064 1330 2090 καὶ
1346 2061 1403 2090 ὦτα
1427 2064 1604 2093 ἀκούσονται·
1620 2065 1680 2092 τότε
1695 2066 1800 2093 ἁλεϊται
1816 2065 1855 2098 ὡς
1865 2066 1928 2094 ἐλα-

1138 2118 1187 2144 φος
1209 2110 1224 2136 ὁ
1255 2109 1352 2145 χωλὸς,
1373 2109 1420 2136 καὶ
1441 2110 1525 2146 τρανὴ
1543 2110 1620 2136 ἔσται
1634 2110 1744 2144 γλῶσσα
1762 2111 1926 2146 μογιλάλων.

1139 2155 1200 2181 Ὅτι
1216 2154 1322 2191 ὲρράγη
1337 2155 1366 2181 ὲν
1388 2155 1421 2191 τῇ
1436 2155 1531 2190 ἐρήμῳ
1550 2154 1633 2190 ὓδωρ,
1653 2156 1699 2182 καὶ
1721 2155 1828 2191 φάραγξ
1846 2157 1875 2182 ὲν
1891 2158 1936 2193 τῇ⁵

1131 2194 1245 2237 ’διψώσῃ
1256 2209 1262 2215 '
1294 2201 1341 2228 καὶ
1364 2200 1440 2226 ἔσται
1466 2201 1485 2236 ἡ
1498 2199 1610 2236 ἄνυδρος
1629 2201 1669 2232 εἰς
1689 2200 1748 2236 ἕλη,
1759 2201 1807 2228 καὶ
1821 2203 1861 2233 εἰς
1876 2202 1928 2237 τὴν

299 2251 382 2279 e'iam
398 2250 425 2277 in
442 2249 503 2276 loco
517 2249 606 2284 palam
624 2247 754 2276 salutaris
778 2247 825 2275 Dei
851 2247 959 2274 canitur
983 2246 1082 2274 adven-

1139 2245 1257 2280 διψῶσαν
1280 2247 1332 2282 γῆν
1347 2246 1422 2282 πηγὴ
1442 2246 1538 2277 ὕδατος
1554 2247 1641 2273 ἔσται.
1666 2256 1676 2273 ›
1693 2246 1840 2274 Κάνταῦθα
1853 2247 1929 2282 διαρ-

301 2301 363 2331 tus,
390 2296 436 2332 qui
459 2295 544 2323 multa
566 2296 636 2323 bona
660 2295 695 2322 sit
718 2293 871 2326 allaturus;
894 2292 988 2321 surdis
1011 2292 1085 2320 enim

301 2343 445 2375 auditum.
470 2346 497 2370 et
526 2341 606 2369 caecis
639 2341 748 2373 visum,
775 2343 905 2375 praeterea
927 2338 1033 2366 claudis
1061 2341 1089 2366 et

304 2391 423 2426 linguam
446 2388 605 2424 impeditam
626 2386 810 2419 habentibus,
833 2385 967 2413 medelam
988 2384 1089 2421 praedi-

303 2437 375 2464 citur
390 2435 546 2464 redditurus
561 2443 568 2461 :
585 2441 646 2468 quae
661 2433 754 2460 omnia
769 2439 824 2459 non
841 2431 910 2458 alias
927 2431 1031 2458 exitum
1047 2430 1090 2458 in-

302 2485 459 2513 venerunt,
489 2479 542 2507 nisi
568 2483 712 2514 postquam
739 2477 865 2505 Salvator
889 2482 983 2504 noster
1007 2475 1089 2504 Jesus

303 2527 430 2555 Christus
451 2526 577 2558 advenit,
602 2532 617 2552 a
639 2532 694 2560 quo
716 2528 743 2552 et
764 2531 899 2551 caecorum
916 2522 989 2550 oculi
1004 2522 1090 2557 aperti

305 2577 371 2601 sunt
382 2594 389 2605 ,
405 2577 432 2600 et
448 2571 524 2600 surdi
542 2571 664 2598 auditum
680 2573 860 2605 receperunt;
877 2569 942 2604 quid
963 2576 1028 2596 vero
1044 2569 1088 2596 di—

309 2626 370 2646 cere
384 2626 453 2654 opus
468 2622 510 2646 est
520 2638 526 2650 ,
543 2625 624 2653 quam
641 2616 718 2644 multi
735 2623 783 2651 per
798 2615 871 2643 illius
885 2615 1050 2650 discipulos,
1065 2617 1093 2642 et

309 2664 398 2692 soluta
414 2665 537 2692 membra
553 2664 685 2691 habentes
695 2682 702 2695 ,
716 2665 743 2690 et
759 2662 826 2689 muti
842 2666 870 2689 et
885 2661 994 2694 claudi,
1011 2664 1093 2688 natu—

308 2711 379 2738 rales
403 2711 559 2738 sanationes
583 2708 828 2744 recuperaverint?
853 2707 932 2743 301
956 2714 1093 2742 quamque

310 2756 356 2783 alii
370 2755 585 2784 innumerabiles
595 2776 602 2788 ,
614 2755 661 2791 qui
673 2755 758 2783 variis
773 2754 967 2790 mgritudinum
983 2753 1093 2789 languo-

311 2810 427 2839 rumque
441 2802 587 2838 generibus
602 2805 777 2834 vexarentur,
797 2801 831 2829 ab
845 2800 892 2828 illo
907 2799 1095 2842 etcuratione

350 2893 371 2909 ι’
382 2890 434 2920 lsa.
450 2899 531 2925 xxxv,
546 2891 602 2918 'l-‘l.

1140 2292 1224 2329 ρήδην
1239 2292 1306 2319 Θεοῦ
1318 2292 1408 2327 ἄφιξις
1423 2292 1578 2325 θεσπίζεται
1595 2294 1737 2329 σωτήριος,
1756 2293 1803 2320 καὶ
1822 2292 1930 2320 πολλῶν

1139 2338 1247 2373 ἀγαθῶν
1264 2339 1352 2366 αίτία·
1369 2341 1471 2374 κωφοῖς
1490 2339 1556 2374 γοῦν
1577 2339 1658 2371 ἴασις,
1674 2339 1721 2366 καὶ
1735 2339 1846 2374 τυφλοῖς
1861 2340 1930 2367 ἀνά-

1139 2385 1244 2420 6λεψις,
1256 2385 1369 2422 προσέτι
1384 2394 1413 2412 τε
1426 2385 1522 2421 χωλοῖς
1539 2386 1586 2413 καὶ
1608 2385 1657 2421 τὴν
1668 2385 1790 2420 γλῶτταν
1806 2386 1931 2413 συνδεδε-

1141 2431 1233 2467 μένοις
1245 2431 1378 2467 θεραπεία
1389 2431 1498 2458 ἑσεσθαι
1511 2431 1710 2468 προφητεύεται
1722 2440 1729 2447 ·
1744 2432 1762 2458 ἃ
1777 2433 1824 2458 καὶ
1835 2432 1931 2464 τέλους

1140 2477 1234 2513 ἔτυχεν
1247 2478 1297 2505 οὑκ
1309 2478 1395 2509 ἄλλως
1405 2478 1421 2513 ἢ
1434 2478 1478 2505 διὰ
1487 2479 1537 2512 τῆς
1546 2478 1593 2505 τοῦ
1608 2479 1734 2514 Σωτῆρος
1744 2478 1822 2514 ἡμῶν
1843 2479 1931 2514 Ἰησοῦ

1141 2525 1258 2560 Χριστοῦ
1274 2525 1432 2560 παρουσίας,
1441 2522 1523 2559 ὑφόὖ
1539 2525 1587 2552 καὶ
1595 2525 1702 2560 τυφλῶν
1716 2524 1894 2560 ἀνεῴχθησαν
1908 2526 1933 2552 ot

1143 2570 1285 2606 ὀφθαλμοὶ,
1295 2571 1340 2597 καὶ
1353 2571 1441 2605 κωφοὶ
1453 2571 1502 2607 τὴν
1513 2571 1597 2607 ἀκοὴν
1604 2572 1779 2607 ἀπειλήφασι.
1792 2571 1824 2597 Τί
1836 2571 1878 2597 δεῖ
1889 2571 1934 2597 λέ-

1144 2618 1332 2650 γειν,ὂσοικαὶ
1342 2617 1385 2644 διὰ
1391 2617 1445 2644 τῶν
1458 2618 1540 2644 αὐτοῦ
1554 2618 1683 2654 μαθητῶν
1695 2618 1867 2654 παρειμένοι,
1885 2618 1930 2645 καὶ

1145 2663 1242 2698 κωφοὶ,
1252 2664 1299 2690 καὶ
1306 2663 1387 2698 χωλοὶ
1395 2664 1445 2695 τὰς
1456 2663 1525 2690 κατὰ
1534 2664 1614 2698 φύσιν
1622 2664 1714 2699 βάσεις
1727 2664 1932 2700 ἀπελάμϐανον;

1144 2708 1218 2736 ἄλλοι
1230 2717 1260 2735 τε
1290 2709 1379 2745 μυρίοι
1396 2709 1531 2741 ποικίλαις
1558 2710 1645 2741 νόσοις
1660 2710 1705 2736 καὶ
1721 2710 1869 2745 μαλακίαις
1886 2719 1933 2737 τι·

1144 2754 1313 2790 τρυχωμένοι
1324 2755 1375 2790 τῆς
1392 2756 1456 2791 παρ’
1469 2755 1550 2782 αὑτοῦ
1564 2755 1711 2791 θεραπείας
1729 2765 1759 2782 τε
1775 2757 1821 2783 καὶ
1845 2764 1934 2792 σωτη-

1146 2801 1207 2838 ρίας
1223 2801 1355 2836 ἠξιοῦντο,
1373 2802 1442 2829 κατά
1463 2810 1493 2828 τε
1515 2801 1562 2837 τὴν
1582 2801 1671 2829 ἔνθεον
1694 2803 1743 2838 τῆς
1766 2802 1934 2839 προφητείας
