2089 3218
203 167 255 194 ΓΠ

654 170 980 200 DEMONSTRATIONIS
999 172 1225 202 EVANGELICE
1244 172 1309 201 LIB.
1332 172 1377 202 VL

1760 176 1814 203 478

202 225 361 262 πρόρρησιν,
380 227 426 254 καὶ
446 228 515 256 κατά
539 229 587 265 τὴν
605 230 806 269 ἀψευδεστάτην
826 235 880 261 τῶν
902 235 978 270 ἱερῶν

1032 238 1058 261 et
1071 234 1158 262 salute
1180 234 1255 269 digni
1274 234 1406 268 judicati,
1428 237 1576 270 utnunque
1597 236 1737 267 consecuti
1756 237 1815 263 sint

202 272 373 307 Εὖαγγελίων
391 276 551 312 μαρτυρίαν,
570 278 690 314 Ἔρημον
703 280 731 306 δὲ
748 281 776 306 ὲν
791 280 894 312 τούτοις
907 283 921 307 ὁ
937 281 982 307 λύ-

200 327 257 353 γος,
276 320 424 348 αἰνίττεται
445 322 493 358 τὴν
507 322 536 355 ἐξ
560 323 644 351 ὲθνῶν
661 325 830 360 Ἐκκλησίαν,
846 327 878 362 ἣν
900 327 982 354 πάλαι

198 364 267 392 Θεοῦ
278 366 380 402 ἔρημον
396 364 478 395 οὖσαν
490 368 534 395 διὰ
548 369 602 396 τῶν
617 371 645 397 ὲν
661 371 755 407 χερσὶν
769 372 979 407 εὐαγγελίζεται.

197 412 253 439 Καὶ
265 408 352 439 ¹ταῦτα
363 414 391 440 δὲ
403 414 470 450 πρὸς
483 416 538 446 τοῖς
550 415 639 447 ἄλλοις
659 418 692 451 τῇ
708 418 803 453 ἐρήμῳ
817 419 897 453 φησὶν
913 420 927 445 ὁ
939 419 981 445 λό-

196 465 258 492 γος,
280 457 439 493 δοθήσεσθαι
454 459 503 495 τὴν
521 460 598 493 δόξαν
616 461 662 488 τοῦ
680 462 806 489 Λιϐάνου.
826 464 938 491 Λίϐανον
952 465 980 491 δὲ

197 502 246 537 τὴν
267 503 443 539 Ἰερουσαλὴμ
457 504 642 540 ἁλληγορικῶς
658 505 770 541 σύνηθές
784 507 857 533 ἐστιν
873 508 978 534 ἀποκα-

197 548 263 578 λεῖν,
280 549 317 580 ὡς
333 549 378 575 ἐπὶ
396 550 490 585 καιροῦ
513 550 556 577 διὰ
568 550 622 577 τῶν
637 551 691 578 ἀπὸ
711 552 759 587 τῆς
782 552 856 584 θείας
870 553 980 588 Γραφῆς

196 594 356 627 ἀποδείξεων
376 597 594 631 παραστήσομεν.
616 598 659 623 Ἐν
678 597 710 633 δὴ
728 596 774 624 οὖν
792 600 824 634 τῇ
844 599 890 625 τοῦ
914 599 979 625 Θεοῦ

196 639 236 669 εἰς
252 638 410 674 ἀνθρώπους
429 640 572 676 παρουσίᾳ,
584 643 616 676 τῇ
634 642 781 678 δηλωθείσῃ
793 643 897 679 ἐρήμῳ,
910 643 980 677 λέγω

195 684 227 718 δὴ
243 686 276 719 τῇ
298 684 327 718 ἐξ
349 685 432 711 ἐθνῶν
456 686 611 722 Ἐκκλησία,
628 688 675 722 τὴν
697 688 775 720 δόξαν
796 689 841 715 τοῦ
864 689 978 716 Λιϐάνου

195 730 353 765 δοθήσεσθαι
369 732 385 766 ἡ
401 732 565 767 προκειμένη
588 732 706 759 διδάσκει
729 734 888 770 πρόρρησις.
909 735 979 761 ’Λντὶ

194 777 223 803 δὲ
234 777 290 809 τοῦ,
308 785 318 802 ε
333 777 379 803 καὶ
394 778 410 813 ἠ
427 778 493 813 τιμὴ
508 778 553 804 τοῦ
564 779 721 814 Καρμήλου,
738 790 747 805 ι
766 781 780 806 ὁ
796 781 845 815 μὲν
866 780 978 812 Ἀκύλας

194 822 260 857 φησί
271 831 278 837 ·
299 831 309 848 Ι
331 823 499 858 Διαπρέπεια
515 824 560 850 τοῦ
578 825 726 860 Καρμήλου
749 827 794 852 καὶ
811 826 858 852 τοῦ
874 826 977 862 Σαρὼν,

192 868 270 894 αὐτοὶ
284 867 392 902 ὄψονται
407 867 485 900 δόξαν
500 869 602 904 Κυρίου
613 878 620 885 ·
637 880 646 895 ι
665 871 679 896 ὸ
694 871 722 897 δὲ
738 871 899 906 Σύμμαχος·
917 872 980 898 «Εὑ-

195 914 315 949 πρέπεια
327 913 372 940 τοῦ
385 915 533 950 Καρμήλου
547 916 650 942 καὶτοῦ
665 917 765 948 πεδίου,
781 918 855 944 αὐτοὶ
869 918 978 953 ὄψονται
994 911 1013 938 Β

191 959 241 993 τὴν
255 958 332 991 δόξαν
348 959 460 995 Κυρίου.
472 970 480 985 ι
495 961 549 987 Καὶ
565 962 578 987 ὸ
592 961 736 988 Θεοδοτίων
749 963 787 994 δὲ,
797 971 808 990 ι
826 963 974 999 Ὡραιότης,

191 1004 269 1039 φησι,
283 1003 330 1030 τοῦ
351 1005 499 1041 Καρμήλου
516 1006 563 1032 καὶ
582 1007 628 1032 τοῦ
651 1007 754 1042 Σαρὼν,
769 1008 845 1034 αὐτο)⁴
866 1008 974 1043 ὄψονται

190 1053 240 1087 τὴν
255 1053 333 1087 δόξαν
343 1055 445 1091 Κυρίου
458 1064 465 1072 ι
481 1065 490 1081 1
507 1056 540 1084 δι’
555 1053 592 1083 ὦν
604 1057 768 1085 αἰνίττεσθαι
781 1058 902 1093 ἡγοῦμαι
924 1058 973 1094 τὴν

190 1099 356 1134 προφητείαν
372 1100 401 1126 οὺ
418 1101 467 1136 τὴν
487 1101 670 1138 Ἰερουσαλὴμ,
691 1103 750 1129 οὐδὲ
764 1103 812 1139 τὴν
835 1103 971 1137 Ἰουδαίαν,

191 1143 259 1170 ἀλλὰ
268 1144 317 1180 τὴν
328 1145 381 1172 τῶν
398 1146 481 1173 ἐθνῶν
494 1148 585 1183 χώραν
602 1149 851 1184 καταξιωθήσεσθαι
865 1151 913 1186 τῆς
932 1152 974 1177 ἐν-

190 1189 252 1216 θέου
262 1190 397 1224 γνώσεως.
421 1193 449 1218 '0
463 1193 527 1226 γοῦν
546 1193 705 1229 Κάρμηλος,
719 1194 766 1221 καὶ
780 1196 793 1221 ὁ
809 1194 973 1230 καλούμενος

190 1234 283 1271 Eapth
304 1237 379 1263 τόποι
395 1237 449 1264 τῶν
474 1238 627 1273 ἀλλοφύλων
641 1241 761 1275 ὑπῆρχον
774 1240 866 1267 ἐθνῶν.
881 1242 973 1268 Ταῦτα

193 1282 242 1316 μὲν
254 1279 299 1308 οὖν
317 1282 385 1316 πρὸς
399 1283 471 1315 λέξιν
481 1292 487 1298 ”
508 1284 555 1311 καὶ
570 1286 638 1312 κατά
653 1285 771 1313 διάνοιαν
782 1286 810 1312 δὲ
826 1287 906 1313 εἰσέτι
924 1288 972 1322 σή-

191 1336 271 1363 μερον
282 1330 306 1355 ot
322 1329 384 1364 πρὶν
398 1329 447 1362 τὰς
463 1330 551 1366 ψυχὰς
567 1333 770 1367 πεπηρωμένοι,
786 1333 823 1364 ὡς
839 1332 914 1365 ξύλα,
926 1334 973 1360 καὶ

189 1374 287 1406 λίθους,
311 1375 358 1401 καὶ
377 1376 425 1411 τὴν
447 1376 543 1411 λοιπὴν
568 1377 670 1412 ἄψυχον
694 1377 770 1413 ὕλην,
791 1378 919 1414 δαίμονάς
941 1388 971 1405 τε

188 1420 353 1454 πριγείους,
378 1420 424 1446 καὶ
448 1422 589 1456 πνεύματα
617 1422 731 1457 πονηρὰ,
755 1423 815 1449 ἀντὶ
836 1423 883 1450 τοῦ
904 1424 972 1450 Θεοῦ

186 1464 241 1491 τῶν
254 1465 322 1491 ὅλων
335 1467 505 1500 προσκυνεῖν,
521 1467 546 1493 οἳ
558 1476 587 1493 τε
602 1467 636 1493 τὰ
653 1464 709 1494 ὦτα
722 1468 772 1502 τῆς
789 1468 906 1500 διανοίας
927 1477 972 1495 κε-

187 1510 357 1546 κωφωμένοι,
368 1513 414 1538 καὶ
426 1512 583 1544 σκάζοντες,
594 1513 639 1539 καὶ
652 1513 810 1548 παρειμένοι
824 1514 868 1540 τὸν
883 1514 971 1541 πάντα

186 1556 290 1587 ἑαυτῶν
303 1557 369 1591 βίον,
386 1557 487 1584 τούτων
504 1558 630 1584 ἁπάντων
646 1558 691 1584 καὶ
707 1558 760 1584 τῶν
777 1559 863 1586 ἄλλων
878 1560 971 1586 παθῶν

186 1610 215 1628 τε
229 1602 275 1629 καὶ
289 1603 511 1638 ἀρρωστημάτων
523 1603 566 1630 διὰ
578 1604 626 1639 τῆς
639 1604 686 1630 τοῦ
699 1605 822 1640 Σωτῆρος
835 1605 911 1640 ὴμῶν
924 1607 973 1641 Ἰη-
985 1596 1005 1624 C

187 1648 234 1674 σοῦ
251 1648 368 1683 Χριστοῦ
383 1649 555 1681 διδασκαλίας
572 1650 654 1676 εἰσέτι
669 1650 715 1676 καὶ
729 1650 775 1676 νῦν
790 1651 972 1677 ἀπαλλάττον-

186 1701 243 1725 ται,
259 1694 324 1720 πολὺ
339 1694 490 1730 κρείττονος
505 1695 521 1729 ἢ
540 1694 609 1720 κατὰ
624 1694 702 1729 σῶμα
719 1694 814 1726 ἰάσεως
838 1696 882 1721 καὶ
901 1696 972 1730 ὠφε-

184 1739 261 1772 λείας
282 1740 445 1776 ἀξιούμενοι,
466 1741 513 1767 καὶ
531 1740 581 1775 τῆς
600 1742 640 1771 εἰς
659 1740 816 1775 ἀνθρώπους
836 1741 882 1767 τοῦ
903 1741 969 1768 θεοῦ

186 1785 271 1819 Λόγου
286 1786 434 1822 παρουσίας
448 1786 548 1821 ἐναργῆ
568 1786 616 1821 τὴν
634 1786 708 1811 θείαν
721 1786 767 1812 καὶ
781 1787 850 1822 ὑπὲρ
863 1787 968 1822 ἄνθρω-

184 1840 235 1858 πον
248 1831 360 1867 δύναμιν
372 1831 596 1866 ἐπιδεικνύμενοι.

1033 280 1134 307 bonum
1144 299 1152 311 ,
1174 279 1218 307 cui
1239 280 1277 307 rei
1297 283 1325 306 et
1341 279 1434 306 divina
1449 280 1598 315 prophetiae
1614 281 1768 315 praedictio,
1783 285 1811 308 et

1032 326 1066 352 ab
1080 325 1153 352 omni
1174 324 1315 352 mendacio
1336 324 1536 352 alienissimum
1561 332 1702 353 sacrorum
1719 324 1821 361 Evan—_

1032 371 1163 406 geliorum
1187 370 1391 402 testimonium,
1416 370 1598 398 indubitatam
1626 371 1707 399 fidem
1734 371 1809 399 facit.

1032 416 1171 444 Desertam
1195 423 1259 443 vero
1282 415 1309 442 in
1335 415 1378 443 his
1400 416 1492 443 verbis
1514 416 1656 442 oraculum
1677 416 1813 451 signiﬁcat

1031 470 1089 489 eam
1104 469 1163 496 quae
1177 462 1210 489 de
1225 461 1353 495 gentibus
1368 461 1484 488 collecta
1497 466 1554 493 est,
1569 461 1719 489 Ecclesiam
1729 482 1736 493 ,
1751 469 1812 497 quae

1030 516 1091 534 cum
1108 513 1184 534 antea
1199 508 1257 535 sine
1272 507 1326 534 Deo
1340 512 1412 534 esset
1426 527 1433 538 ,
1449 515 1497 542 per
1510 516 1558 535 eos
1575 509 1608 535 de
1623 509 1724 543 quibus
1739 515 1812 536 nunc

1031 554 1128 588 agitur,
1144 554 1317 588 Evangelium
1340 553 1449 588 accipit.
1471 553 1606 581 Praeterea
1626 555 1697 582 idem
1715 562 1812 582 oracu-

1031 600 1085 626 lum
1107 601 1160 631 ait,
1182 600 1245 627 huic
1266 600 1381 627 desertae
1402 600 1519 627 dandam
1544 608 1608 627 esse
1631 601 1745 636 gloriam
1765 599 1811 628 Li-

1029 646 1102 673 bani.
1118 645 1250 672 Libanum
1271 652 1360 672 autem
1376 646 1489 680 ﬁgurate
1511 645 1663 673 Jerusalem
1678 646 1810 681 appellari

1029 696 1188 718 consuetum
1208 696 1250 719 est
1260 711 1268 723 ,
1292 693 1363 718 sicut
1379 699 1428 719 suo
1443 696 1564 726 tempore
1576 700 1623 726 per
1636 699 1683 720 eas
1696 692 1810 720 demon-

1029 737 1192 768 strationes,
1220 745 1288 772 quas
1311 738 1344 764 de
1369 737 1462 764 divina
1486 737 1628 772 Scriptura
1651 737 1810 771 conﬁciam,

1029 783 1192 817 probaturus
1212 791 1293 810 sum:
1314 783 1405 817 itaque
1425 783 1451 809 in
1471 783 1556 817 ipsius
1575 782 1620 810 Dei
1640 783 1673 810 ad
1687 783 1813 812 homines

1030 829 1145 855 adventu
1158 850 1165 859 ,
1188 829 1226 855 illi
1249 829 1363 856 desertae
1374 849 1381 860 ,
1406 828 1439 856 de
1455 837 1509 863 qua
1524 828 1627 856 dictum
1644 831 1700 860 est,
1718 828 1812 856 Eccle-

1030 875 1092 908 sine,
1115 876 1244 910 inquam,
1263 883 1323 910 quae
1338 875 1372 903 de
1386 875 1512 910 gentibus
1534 875 1648 901 collecta
1669 879 1727 907 est,
1752 875 1812 910 glo-

1028 921 1094 948 riam
1112 921 1205 948 Libani
1222 921 1338 948 dandam
1354 929 1415 948 esse
1427 942 1434 954 ,
1456 920 1629 956 propositum
1649 920 1729 947 docet
1749 927 1811 947 ora-

1027 965 1128 992 culum.
1145 965 1198 992 Pro
1212 973 1244 992 eo
1259 969 1350 992 autem
1369 965 1442 1000 quod
1458 965 1561 992 dictum
1579 970 1639 997 est,
1656 974 1665 990 (
1682 968 1710 992 et
1724 965 1812 992 honor

1026 1008 1160 1040 Carmeli,
1177 1019 1186 1035 ι
1208 1009 1304 1044 Aquila
1335 1009 1445 1044 quidem
1472 1010 1627 1040 convertit,
1650 1018 1659 1034 ι
1678 1008 1812 1044 Splendor

1026 1054 1143 1081 Carmeli
1159 1058 1186 1081 et
1203 1054 1307 1086 Saron,
1324 1054 1374 1089 ipsi
1390 1054 1520 1081 videbunt
1535 1054 1648 1089 gloriam
1666 1054 1781 1081 Domini.
1798 1064 1808 1081 ι

1027 1100 1205 1137 Symmachus
1217 1109 1298 1133 vero,
1314 1111 1322 1126 ε
1339 1100 1424 1128 Decor
1443 1101 1559 1128 Carmeli
1580 1107 1607 1128 et
1633 1100 1739 1135 campi,
1757 1100 1810 1135 ipsi

1028 1147 1158 1174 videbunt
1184 1147 1299 1182 gloriam
1328 1147 1447 1174 Domini.
1469 1156 1477 1172 ι
1496 1146 1666 1173 Theodotion
1694 1149 1808 1173 autem:

1029 1202 1038 1218 ε
1054 1192 1184 1227 Species,
1200 1192 1309 1227 inquit,
1330 1191 1448 1219 Carmeli
1473 1194 1500 1217 et
1528 1191 1633 1221 Saron,
1657 1189 1708 1224 ipsi
1734 1189 1807 1216 vide-

1026 1237 1094 1263 hunt
1114 1237 1227 1272 gloriam
1251 1236 1371 1264 Domini.
1388 1246 1398 1262 ι
1413 1236 1519 1268 Quibus
1540 1236 1633 1262 verbis
1654 1235 1810 1271 signiﬁcare

1026 1283 1143 1309 arbitror
1158 1282 1329 1317 prophetiam
1341 1302 1348 1313 ,
1366 1290 1419 1309 non
1441 1282 1529 1316 ipsam
1550 1281 1700 1309 Jerusalem
1721 1289 1809 1317 neque

1025 1327 1145 1355 Judteam
1158 1348 1164 1360 ,
1181 1327 1227 1355 sed
1244 1328 1366 1362 ipsarum
1379 1327 1500 1362 gentium
1516 1331 1615 1354 terram
1628 1346 1635 1358 ,
1652 1327 1694 1353 cui
1717 1327 1809 1354 divina

1025 1374 1142 1408 cognitio
1156 1373 1309 1401 exhibenda
1327 1373 1373 1400 sit.
1391 1373 1535 1400 Carmelus
1549 1373 1621 1399 enim
1635 1392 1642 1404 ,
1656 1377 1684 1399 et
1698 1373 1745 1407 qui
1761 1381 1810 1400 vo-

1025 1424 1103 1446 catur
1127 1419 1231 1451 Saron,
1256 1423 1432 1445 externarum
1455 1418 1575 1453 gentium
1592 1418 1649 1444 loca
1665 1422 1754 1445 erant.
1773 1417 1806 1445 Et

1023 1466 1080 1493 tunc
1105 1466 1215 1500 quidem
1240 1465 1272 1492 ad
1300 1465 1414 1492 verbum
1428 1484 1435 1496 ,
1452 1464 1486 1491 ad
1502 1472 1613 1492 sensum
1635 1472 1700 1491 vero
1723 1465 1808 1491 inter-

1024 1511 1217 1545 pretantibus.
1243 1510 1390 1538 dicendum
1416 1511 1489 1541 erit,
1514 1510 1586 1545 quod
1614 1509 1632 1536 ii
1659 1510 1704 1545 qui
1731 1510 1807 1545 prius

1025 1557 1124 1584 animis
1137 1557 1264 1584 excmcali
1280 1560 1357 1583 erant
1369 1575 1376 1587 ,
1397 1556 1464 1583 adeo
1480 1559 1510 1582 ut
1530 1556 1601 1590 ligna
1624 1559 1649 1582 et
1667 1556 1769 1590 lapides
1782 1559 1809 1583 et

1024 1603 1154 1637 reliquam
1172 1603 1269 1629 animm
1297 1607 1434 1637 expertem
1452 1602 1612 1633 materiam,
1630 1609 1736 1629 necnon
1753 1601 1808 1629 dte-

1024 1658 1119 1677 monas
1136 1650 1238 1677 circum
1258 1653 1357 1676 terram
1376 1652 1536 1679 versantes,
1554 1648 1677 1682 aliosque
1695 1648 1807 1682 spiritus

1022 1697 1183 1731 dcpravatos
1194 1716 1202 1726 ,
1218 1696 1278 1721 loco
1294 1694 1392 1722 summi
1417 1694 1462 1721 Dei
1480 1694 1601 1721 colerent
1612 1713 1619 1725 ,
1635 1694 1736 1728 quique
1756 1701 1806 1721 au-

1022 1742 1097 1768 ribus
1121 1741 1306 1776 intelligcntiae
1330 1740 1551 1772 obsurduerant;
1573 1742 1599 1766 et
1620 1738 1806 1766 claudicantes

1021 1788 1157 1822 solutique
1169 1788 1242 1815 omni
1257 1787 1313 1814 vita
1329 1792 1407 1813 erant
1417 1806 1423 1817 ,
1438 1786 1480 1812 his
1497 1785 1625 1812 omnibus
1639 1784 1718 1818 malis
1734 1785 1806 1812 aliis-

1020 1842 1074 1869 que
1097 1838 1124 1861 et
1147 1833 1382 1869 perturbationum
1400 1835 1427 1858 et
1441 1830 1631 1866 aegritudinum
1644 1829 1804 1865 generibus,

185 1887 234 1912 per
261 1878 410 1907 Salvatoris
425 1880 511 1906 nostri
525 1878 590 1907 Jesu
607 1879 709 1907 Christi
726 1879 877 1907 doctrinam
898 1881 979 1909 etiam
999 1890 1072 1909 nunc
1087 1882 1249 1912 liberantur,
1266 1884 1293 1907 et
1313 1879 1399 1906 multo
1431 1878 1645 1913 praestantiorem
1670 1884 1751 1912 quam
1773 1883 1805 1903 ea

183 1929 245 1958 est,
274 1933 334 1961 quae
347 1926 381 1953 ad
406 1934 505 1961 corpus
535 1926 669 1961 pertinet,
703 1927 816 1954 salutem
844 1936 977 1964 opemque
993 1930 1145 1963 recipiunt,
1167 1932 1194 1955 et
1212 1928 1262 1958 Dei
1280 1926 1360 1954 Verbi
1383 1925 1417 1953 ad
1437 1925 1560 1953 homines
1582 1924 1714 1952 adventus
1734 1923 1806 1952 divi-

184 1980 248 2004 nam
262 1977 289 2001 et
297 1973 358 2008 plus
372 1981 453 2008 quam
467 1974 613 2000 humanam
629 1974 757 2001 virtutem
775 1975 906 2011 detegunt
922 1983 954 2003 ac
973 1976 1172 2004 demonstrant.

438 2029 634 2055 ΚΕΦΑΛᾹΙΟΝ
647 2029 712 2058 ΚΒ’.

190 2072 268 2110 Ἇπῤ-
281 2073 334 2100 τοῦ
356 2073 460 2110 αὑτοῦἶ
482 2091 517 2094 -
534 2075 579 2106 Ὠς
602 2076 618 2101 ὁ
642 2075 756 2108 πρῶτος
776 2076 824 2102 καὶ
849 2077 892 2110 είς
916 2078 969 2104 τὸν

217 2107 467 2150 αίξῦΜΙτοῦῃϐεοῦ
491 2110 594 2150 Λόγος)
616 2111 632 2136 o'
647 2107 710 2150 id)?
729 2110 809 2150 ᾇλιρν
828 2107 968 2150 Amitae-p-

219 2142 287 2179 rdc,
299 2143 359 2171 ὑπὸ
370 2144 481 2178 Κυρίου
495 2142 547 2171 τοῦ
561 2145 674 2179 Πατρός
687 2145 737 2174 καὶ
747 2145 804 2173 νῦν
817 2142 966 2174 dulcorth-

218 2179 266 2205 θαι
276 2178 384 2205 ἑαυτὸν
400 2179 547 2214 ὁμολογεῖ.

1249 2031 1329 2066 302
1354 2028 1468 2057 CAPUT
1489 2026 1571 2054 χχιι.

1021 2077 1060 2105 Ab
1074 2077 1174 2105 eodem.
1188 2091 1223 2096 ——
1237 2074 1463 2108 Quemadmodum
1475 2072 1592 2108 primum
1601 2071 1802 2108 sempiternum-

1072 2121 1103 2139 ue
1127 2113 1176 2138 Dei
1196 2105 1308 2138 Verbum
1319 2131 1326 2142 ,
1343 2111 1398 2144 ipse
1411 2105 1527 2136 universi
1543 2106 1638 2144 Opifegc
1655 2115 1671 2131 α
1691 2105 1803 2132 Domino

1072 2121 1103 2139 ue
1127 2121 1176 2138 υει
1199 2121 1326 2142 vernum,
1343 2121 1398 2144 Ipse
1411 2121 1527 2136 uincerat
1543 2121 1636 2141 υμιιτιι
1655 2121 1671 2131 ω
1691 2121 1711 2131 υ

1054 2121 1135 2177 I’alre
1153 2148 1233 2175 etiam
1246 2154 1313 2173 nunc
1327 2153 1354 2172 se
1371 2145 1480 2171 missum
1495 2150 1551 2170 esse
1566 2142 1713 2176 conﬁtetur.

219 2245 231 2260 ι
249 2234 346 2262 Ἀκουέ
363 2243 423 2271 μου,
445 2235 550 2268 Ὶακὼῦ,
566 2236 612 2262 καὶ
634 2236 751 2273 Ἰσραὴλ,
767 2236 796 2263 ὃν
808 2235 862 2271 ἐγὼ
877 2238 964 2265 καλῶ·

1060 2245 1068 2260 ι
1082 2234 1153 2261 Audi
1174 2241 1234 2264 me.
1257 2231 1341 2259 Jacob
1362 2235 1388 2258 et
1407 2229 1490 2257 Israel
1504 2249 1510 2260 ,
1534 2236 1613 2264 quem
1637 2234 1687 2262 ego
1710 2233 1776 2253 voco
1793 2235 1800 2253 :

181 2278 237 2317 ὲχὼ
250 2281 308 2317 ειμι
330 2281 447 2317 πρῶτος,
465 2282 512 2308 καὶ
532 2281 588 2315 ἐγώ
600 2282 658 2317 είμι
681 2283 721 2314 είς
742 2283 787 2309 τὸν
802 2283 902 2310 αἰῶνα·
918 2285 965 2311 καὶ

180 2327 196 2361 ἡ
214 2326 274 2362 χείρ
291 2335 340 2362 μου
362 2327 522 2362 ὲθεμελίωσε
546 2327 595 2362 τὴν
619 2328 680 2363 γῆν,
695 2329 711 2363 ή
727 2328 800 2361 δεξιά
817 2338 868 2363 μου
891 2331 966 2356 ἐστε-

183 2371 268 2405 ρέωσε
286 2371 332 2397 τὸν
354 2372 476 2407 οὐρανόν.
496 2381 505 2397 ι
522 2371 585 2398 ’Καὶ
603 2372 727 2407 ἐπιῳέρει
748 2373 850 2407 λέγων’
878 2383 887 2399 ‹
911 2374 966 2401 Καὶ

182 2416 229 2443 νῦν
251 2417 352 2452 Κύριος
366 2417 519 2445 ἀπέσταλκὲ
538 2426 581 2452 με,
602 2418 649 2443 καὶ
667 2418 697 2443 τὸ
714 2418 824 2454 Πνεῦμα
839 2419 932 2446 αὐτοῦ.
952 2429 962 2445 ι

184 2463 276 2498 Ἔχεις
297 2463 434 2490 κάνταῦθα
453 2463 499 2490 καὶ
521 2463 566 2489 τὸν
588 2462 828 2498 ἁποστελλόμενον,
850 2464 896 2491 καὶ
918 2464 965 2492 τὸν

181 2507 391 2541 ἀποστέλλοντα,
414 2508 513 2544 δηλαδὴ
532 2508 578 2535 τὸν
608 2508 717 2543 Πατέρα
744 2509 791 2534 καὶ
819 2509 884 2536 Θεὸν
910 2510 964 2537 τῶν

181 2553 260 2585 ὅλων,
276 2553 397 2589 συνήθως
409 2554 449 2586 δὶς
464 2553 564 2589 Κύριον
581 2553 787 2589 ὀνομαζόμενον.

433 2611 629 2639 ΚΕΦΑΛΑΙΟΝ
646 2611 710 2638 Kl".

188 2656 253 2668 01-1
271 2656 322 2668 --κ
347 2657 434 2668 ,)ν-Αξξ
518 2658 545 2668 ιη
590 2657 654 2668 ῌινᾉι
695 2658 706 2668 1
725 2656 808 2668 vix-..
849 2657 875 2668 ει
899 2660 906 2667 ι

192 2657 254 2684 Ἀπὸ
269 2657 322 2684 τοῦ
343 2657 445 2685 αὐτοῦ.
463 2673 496 2677 -
518 2658 564 2690 Ὠς
584 2657 674 2690 αὐτος
690 2658 706 2684 ὀ
721 2657 827 2690 Κύριος
845 2657 878 2685 τὸ
899 2660 965 2686 Ἰου-

217 2692 308 2718 δαίων
320 2692 406 2724 ἔθνος
423 2692 591 2727 ἀπελέγχει.
608 2693 652 2719 ὅτι
666 2692 704 2724 δὴ
727 2693 851 2719 ἐλθόντα
872 2695 964 2721 αὐτὸν

216 2728 252 2754 οὺ
279 2727 500 2760 παραδέξονταί,
522 2727 592 2754 οὐδὲ
614 2727 755 2754 καλοῦντι
774 2729 964 2756 ὑπακούσον-

216 2769 273 2793 ται,
289 2761 377 2788 ὁποῖά
387 2770 418 2789 τε
430 2763 563 2789 πείσεται
579 2763 653 2796 πρὸς
666 2763 775 2790 αὐτῶν.

219 2826 228 2842 ί
245 2816 323 2843 οὕτω
352 2817 423 2852 λέγει
449 2817 566 2853 Κύριος·
599 2817 676 2844 Ποῖον
714 2819 790 2845 τοῦτο
813 2819 842 2846 τὺ
865 2819 964 2855 βιϐλίον

222 2894 244 2915 ³⁸
261 2893 313 2923 Isa.
328 2902 422 2927 xum,
440 2894 480 2922 I3.
519 2895 538 2910 ¹¹
552 2894 616 2922 ibid.
637 2894 677 2921 16.

1019 2289 1069 2317 ego
1089 2289 1148 2308 sum
1165 2279 1287 2315 primus,
1304 2282 1330 2306 et
1351 2284 1401 2312 ego
1421 2283 1482 2304 sum
1498 2275 1526 2302 in
1543 2274 1757 2309 sempiternum:
1774 2275 1802 2299 et

1022 2336 1117 2354 manus
1136 2334 1193 2353 mea
1211 2324 1334 2353 fundavit
1349 2328 1447 2351 terram
1458 2342 1465 2354 ,
1479 2321 1589 2348 dextera
1605 2326 1664 2346 mea
1679 2317 1807 2345 ﬁrmavit-

1022 2375 1122 2401 cmlum
1138 2374 1171 2399 η.
1188 2382 1197 2398 ι
1210 2371 1242 2398 ΕΙ,
1256 2369 1379 2406 adjungit
1395 2368 1476 2404 paqu
1491 2372 1552 2402 post
1565 2375 1571 2392 :
1589 2375 1598 2390 ι
1612 2364 1645 2390 Et
1660 2370 1733 2390 nunc
1747 2361 1800 2389 Do-

1023 2421 1113 2446 minus
1128 2418 1202 2445 misit
1217 2424 1260 2444 me
1279 2420 1306 2443 et
1322 2414 1440 2450 Spiritus
1462 2412 1521 2447 ejus
1535 2412 1568 2437 “.
1585 2420 1594 2435 ι
1606 2409 1695 2436 Habes
1718 2407 1801 2442 igitur

1018 2464 1063 2491 hic
1084 2471 1191 2498 (illoque
1210 2462 1353 2489 Dominum
1366 2481 1373 2493 ,
1399 2459 1446 2495 qui
1468 2457 1585 2485 mittitur
1598 2459 1624 2483 et
1639 2454 1685 2490 qui
1700 2452 1798 2485 mittit,

1018 2509 1126 2537 Patrem
1142 2508 1270 2536 videlicet
1287 2515 1319 2535 ac
1334 2506 1420 2534 Deum
1436 2504 1575 2535 universi,
1595 2502 1641 2537 qui
1658 2499 1801 2528 consuevit

1017 2555 1060 2583 bis
1075 2554 1204 2582 Dominus
1218 2552 1364 2581 nominari.

1299 2609 1414 2639 CAPUT
1433 2607 1527 2635 XXIII.

1017 2658 1056 2686 Ab
1071 2657 1171 2685 eodem.
1183 2673 1216 2676 —
1228 2655 1455 2690 Quemadmodum
1471 2654 1536 2691 ipse_
1546 2651 1674 2678 Dominus
1688 2649 1796 2691 Indera-

1052 2702 1110 2720 rum
1129 2688 1399 2726 gentemwredarguit,
1419 2697 1449 2715 eo
1468 2688 1536 2723 quod
1558 2692 1695 2726 uenturum
1711 2688 1795 2726 ipsum

1052 2720 1197 2762 suscepturi
1214 2736 1265 2753 non
1280 2720 1350 2757 εἱηῖ,
1367 2720 1446 2762 neque
1461 2720 1565 2762 p‘oqanli
1587 2722 1637 2748 sibi
1657 2720 1797 2748 ausculta-

1053 2764 1105 2790 ιιινί
1115 2758 1160 2797 ,ἐι
1175 2771 1233 2798 qua:
1248 2769 1375 2797 passurus
1390 2758 1424 2787 sit
1439 2759 1472 2786 ab
1486 2758 1533 2786 eis.
1736 2784 1738 2786 _

1056 2828 1064 2845 ι
1081 2819 1125 2846 Sic
1141 2818 1205 2846 dicit
1222 2817 1370 2849 Dominus,
1390 2814 1483 2849 Qualis
1497 2818 1538 2842 est
1553 2813 1597 2841 hic
1610 2812 1677 2841 liber
1692 2809 1797 2848 repudii
