2089 3218
294 194 348 222 679

627 179 759 218 ῈΕΒΕΒΠ
777 189 1015 219 CAESARIENSIS
1033 188 1107 217 OPP.
1125 189 1214 217 PARS
1224 189 1256 218 ll.
1275 206 1310 211 -—
1327 189 1575 219 APOLOGETICA.

1853 194 1906 222 880

294 253 390 281 matris
410 254 525 282 vestrae,
542 256 596 285 quo
619 249 710 277 dimisi
732 249 815 277 eam!
834 252 880 276 aut
895 250 938 277 cui
954 248 1070 277 debitori
1083 251 1107 280 Α

1083 251 1107 280 Α
1120 249 1167 276 τοῦ
1181 248 1344 276 ἀποστασίου
1361 249 1410 285 τῆς
1424 250 1526 286 μητρὸς
1539 249 1616 285 ὑμῶν
1629 245 1839 284 ᾦ-ὲξαπέστειλα
1854 256 1905 281 αὐ·

293 298 401 327 vendidi
418 305 467 325 vos
476 296 489 323 ?
502 303 565 323 ecce
579 296 701 330 peccatis
716 295 815 323 vestris
829 295 929 322 venditi
946 296 1013 323 estis
1023 316 1030 328 ,
1046 299 1073 323 et

293 342 483 379 iniquitatibus
501 340 600 368 vestris
618 340 697 367 emisi
718 344 832 369 matrem
848 345 965 369 vestram
978 362 985 373 ,
1002 349 1072 376 quo-

293 388 365 415 niam
381 387 456 419 veni,
473 391 500 415 et
514 395 569 414 non
582 391 640 414 erat
655 387 752 418 homo;
769 388 879 418 vocavi,
894 391 920 414 et
936 395 989 414 non
1009 391 1068 415 erat

291 434 337 467 qui
355 431 470 459 audiret.
489 431 615 467 Nunquid
641 439 693 458 non
712 436 800 465 potest
816 440 912 458 manus
929 440 987 459 mea
1002 433 1068 459 libe-

291 478 370 505 rare?
383 482 429 504 aut
444 478 565 513 nunquid
585 486 638 504 non
655 485 764 511 possum
778 478 882 512 eripere
894 478 936 504 "?
949 488 957 503 ι
972 477 1072 505 Deinde

291 523 319 549 in
346 523 439 550 eadem
465 524 605 558 prophetia
632 524 770 558 paululum
795 531 974 557 progressus:
991 533 999 549 ι
1016 523 1072 558 Ego

291 576 364 601 vero,
386 569 489 603 inquit.
511 576 564 595 non
588 573 733 595 coatumax
752 577 826 600 sum,
851 576 939 603 neque
960 573 1071 595 contra-

293 612 354 639 dieo
369 621 375 638 :
405 616 510 647 tergum
532 620 621 639 meum
643 612 704 639 dedi
722 613 748 639 in
766 613 888 647 flagella,
904 617 931 640 et
947 614 1071 641 maxillas

291 665 365 684 meas
387 657 414 684 in
438 658 530 692 alapas
547 667 552 684 :
578 658 672 685 faciem
693 666 756 685 vero
777 666 863 685 meam
887 667 940 685 non
955 660 1038 686 averti
1055 667 1070 685 a

289 703 389 737 probro
401 707 541 737 sputorum
551 704 598 731 “.i
608 703 666 738 Ipse
680 703 809 732 Dominus
821 725 827 737 ,
843 712 905 731 cum
918 705 944 731 in
959 705 1000 732 his
1014 713 1071 732 ver-

289 748 331 776 bis
346 756 424 775 suum
439 748 472 774 ad
488 749 611 776 homines
627 749 773 776 adventum
789 750 915 782 fateatur,
930 750 1070 785 redarguit

288 793 367 829 303
390 795 518 829 populum
544 794 716 826 Judaeorum,
740 796 812 830 quod
835 797 986 823 venientem
1007 804 1068 823 eum

289 840 442 874 suscepturi
458 848 511 867 non
528 839 592 873 sint,
611 848 697 874 neque
714 842 821 868 vocanti
836 842 1025 873 auscultaturi,
1042 846 1069 869 et

289 884 370 916 hanc,
395 885 470 919 quasi
496 885 614 919 seipsum
638 885 796 917 defendens,
822 894 931 913 causam
959 887 1066 913 illorum

1123 295 1188 330 τήν;
1210 295 1227 330 ἢ
1249 294 1300 321 τίνι
1328 295 1453 331 ὑπόχρεῳ
1483 295 1613 331 πέπρακα
1645 296 1736 332 (quiq;
1757 299 1819 327 Ἰδοὺ
1843 303 1905 333 ταῖς

1122 339 1269 375 ἁμαρτίαις
1291 340 1368 375 ὑμῶν
1385 340 1532 376 ἑπράθητε,
1550 342 1596 368 καὶ
1610 343 1670 374 ταῖς
1690 344 1812 378 ἀνομίαις
1827 346 1906 381 ὑμῶν

1123 384 1297 417 ἐξαπέστειλα
1314 386 1363 421 τὴν
1378 386 1482 421 μητέρα
1496 386 1570 421 ὑμῶν
1583 395 1589 401 ·
1607 387 1672 414 διότι
1687 386 1777 424 ἦλθον,
1795 392 1840 417 καὶ
1855 393 1905 418 οὐκ

1122 428 1156 465 ἦν
1171 431 1320 465 ἄνθρωπος’
1339 432 1464 463 ἐκάλεσα,
1481 433 1526 458 καὶ
1538 433 1587 458 οὑκ
1608 432 1641 468 ἦν
1655 435 1668 459 6
1687 435 1839 462 ὑπακούων.
1857 437 1903 472 Μὴ

1122 476 1180 510 οὐχὶ
1198 476 1283 510 ἰσχύει
1300 478 1315 511 ἡ
1332 478 1391 512 χείρ
1412 486 1461 512 μου
1478 477 1523 503 τοῦ
1542 478 1689 513 ρύσασθαι;
1705 480 1721 515 ἦ
1745 481 1795 507 οὐκ
1821 483 1906 517 ἰσχύω

1121 522 1167 547 τοῦ
1194 522 1347 554 ἑξελέσθαι;
1374 532 1382 548 ι
1410 522 1465 549 Εἶτ’
1490 524 1534 549 ἐπὶ
1559 525 1607 559 τῆς
1629 526 1711 560 αὐτῆς
1739 528 1905 561 προφητείας

1122 567 1234 598 ὑποϐὰς,
1258 567 1348 600 «Ἐγὼ
1371 567 1408 599 δὲ,
1433 569 1525 603 φησιν,
1545 569 1594 594 οὑκ
1616 569 1727 601 ἀπειθῶ,
1750 571 1809 596 οὐδὲ
1831 572 1905 598 ἀντι-

1121 613 1200 646 λέγω.
1227 613 1262 639 Τὸ
1285 613 1366 640 νῶτόν
1395 623 1444 648 μου
1461 615 1547 641 ἔδωκα
1567 616 1604 646 εἰς
1636 616 1777 650 μάστιγας,
1802 618 1850 649 τὰς
1875 619 1903 645 δὲ

1121 659 1245 692 σιαγόνας
1275 668 1324 693 μου
1354 661 1392 690 εὶς
1423 661 1604 694 ῥαπίσματα’
1635 662 1665 687 τὸ
1701 662 1728 688 δὲ
1761 663 1903 698 πρόσωπόν

1122 712 1171 738 μου
1197 704 1246 730 οὐκ
1269 704 1427 740 ἀπέστρεψα
1444 706 1497 732 ἀπὸ
1510 707 1638 742 αἰσχύνης
1661 709 1870 744 ὲμπτυσμάτων.
1891 720 1901 736 ι

1119 749 1203 780 Αὐτὸς
1226 751 1239 775 6
1254 749 1354 785 Κύριος
1370 751 1412 777 διὰ
1434 752 1533 778 τούτων
1552 754 1601 788 τὴν
1616 755 1655 785 εἰς
1679 754 1834 790 ἀνθρώπους
1855 756 1904 782 αὒ-

1119 795 1164 821 τοῦ
1179 796 1326 831 παρουσίαν
1345 797 1435 831 σαψῶς
1453 798 1598 832 ὁμολογῶν,
1622 800 1762 835 ἀπελέγχει
1778 802 1821 827 τὸν
1839 802 1904 828 Ἰου-

1118 841 1198 867 δαίων
1224 842 1297 873 λαὸν,
1322 843 1361 868 ὅτι
1393 843 1428 878 μὴ
1451 844 1558 870 ἐλθόντα
1589 845 1669 871 αὑτὸν
1699 846 1901 878 καταδέξονται,

1120 887 1186 922 μηδὲ
1207 888 1331 914 καλούντι
1352 889 1557 916 ὑπακούσονται.
1572 890 1626 916 Καὶ
1642 890 1713 916 τοῦθΙ
1729 890 1821 926 ὥσπερ
1832 893 1899 918 ἁπο-

288 929 407 963 ipsorum
416 929 570 962 rejectionis
585 929 663 956 docet
672 930 755 957 fuisse
766 940 771 956 :
783 938 843 957 nam
862 940 870 955 ι
885 931 1015 963 Quoniam
1024 940 1069 959 ve-
1085 926 1105 952 Β

1085 926 1278 968 Βλογούμενος
1294 955 1300 966 ,
1323 934 1408 960 αἴτιον
1447 935 1495 970 τῆς
1523 935 1610 961 αὑτῶν
1635 936 1737 962 ἐκείνου
1765 936 1898 971 ἀποϐολῆς

288 975 327 1005 ni,
349 974 445 1009 inquit,
466 978 492 1001 et
504 982 555 1000 non
573 979 631 1001 erat
647 975 672 1001 in
686 976 761 1002 vobis
778 976 868 1008 homo,
879 977 1025 1011 vocavique
1042 982 1068 1004 et

287 1019 378 1047 nullus
399 1024 466 1051 erat,
485 1021 528 1054 qui
550 1021 654 1047 audiret
675 1031 680 1047 :
699 1022 809 1053 idcirco,
831 1022 928 1057 inquit,
950 1023 1068 1057 peccatis

289 1064 389 1092 vestris
408 1065 508 1092 venditi
528 1066 604 1099 estis,
628 1076 635 1091 ι
661 1070 787 1101 tanquam
804 1068 854 1102 ipsi
870 1077 916 1102 per
930 1076 978 1096 vos
994 1069 1067 1103 ipsos

287 1117 354 1136 meae
376 1111 524 1137 vocationis
550 1111 737 1145 repudiatores
771 1114 946 1145 exstiteritis,
981 1122 1067 1149 neque

286 1161 350 1182 vero
366 1155 422 1189 ipse
436 1156 512 1182 vobis
532 1156 651 1182 libellum
673 1156 776 1190 repudii
790 1156 920 1185 dederim.
943 1158 1004 1185 Haec
1018 1167 1067 1185 au-

285 1202 339 1226 tem
354 1199 556 1227 evidentissime
577 1200 610 1226 ad
627 1208 687 1227 eum
704 1202 831 1235 populum
844 1203 889 1236 qui
902 1203 935 1229 ad
950 1204 1068 1229 circum-

285 1244 415 1271 cisionem
439 1246 566 1279 pertinet.
587 1245 689 1271 directa
705 1250 778 1277 sunt,
791 1251 817 1273 et
841 1248 920 1276 simul
937 1256 980 1280 ea,
1007 1257 1066 1283 quae

286 1291 323 1316 illi
338 1294 432 1316 contra
448 1291 535 1324 ipsum
555 1291 581 1317 in
604 1293 730 1325 passione
751 1292 810 1318 ausi
826 1298 899 1324 sunt,
920 1293 1063 1328 significat,

285 1336 378 1363 (Ieens
395 1345 401 1362 :
418 1345 426 1361 ι
448 1335 563 1371 Tergum
581 1345 668 1363 nicum
686 1337 746 1364 dedi
765 1338 790 1363 in
805 1337 917 1372 ﬂagella,
933 1343 959 1365 et
974 1341 1066 1366 maxil-

285 1382 325 1408 las
340 1389 412 1409 meas
427 1382 453 1408 in
470 1382 572 1416 alapas,
592 1392 600 1407 ι
618 1387 644 1409 et
661 1391 720 1417 qum
740 1388 900 1417 sequuntur.
918 1384 979 1412 Haec
997 1393 1065 1420 quo-

283 1435 336 1461 que
348 1434 394 1461 per
403 1429 486 1454 otium
497 1435 512 1454 a
528 1428 605 1454 nobis
615 1428 687 1463 justa
702 1429 922 1464 interpretatione
935 1432 1064 1466 explana-

283 1472 394 1499 buntur.

550 1529 665 1558 CAPUT
694 1531 789 1560 XXIV.

1119 980 1258 1012 γεγονέναι
1285 980 1413 1006 διδάσκει.
1441 989 1450 1005 ι
1474 981 1548 1006 Ἐπεὶ
1570 982 1622 1016 γὰρ
1644 980 1733 1016 ἦλθον,
1756 982 1831 1017 φησὶ,
1853 984 1901 1009 καὶ

1118 1025 1166 1050 οὐκ
1188 1023 1221 1059 ἦν
1246 1026 1274 1051 ὲν
1295 1026 1358 1060 ὑμῖν
1379 1026 1536 1061 ἅνθρωπος,
1552 1026 1667 1052 ἐκάλεσα
1689 1035 1727 1059 τε,
1745 1028 1790 1053 καὶ
1813 1028 1901 1060 οὐδεὶς

1117 1067 1150 1104 ἦν
1173 1071 1187 1095 ό
1201 1071 1360 1097 ὑπακούων
1388 1071 1431 1097 διὰ
1454 1072 1548 1104 τοῦτο,
1570 1073 1651 1107 φησὶ,
1671 1074 1730 1104 ταῖς
1755 1073 1901 1108 ἁμαρτίαις

1118 1115 1193 1149 ὑμῶν
1209 1115 1344 1150 ἐπράθη-ιε
1355 1136 1361 1147 ,
1376 1126 1384 1140 ι
1404 1117 1450 1143 ατε
1467 1117 1543 1143 αὐτο)¹
1563 1118 1609 1151 ἀφ’
1631 1118 1732 1144 ἑαυτῶν
1748 1118 1898 1145 ἀποστάται

1116 1160 1165 1193 τῆς
1180 1160 1248 1194 ἐμῆς
1262 1161 1382 1195 κλήσεως
1407 1162 1586 1193 καταστάντες
1599 1183 1605 1194 ,
1632 1163 1689 1189 ἀλλ’
1705 1164 1753 1189 οὑκ
1770 1163 1836 1198 ἐμοῦ
1860 1164 1900 1198 βι-

1117 1205 1188 1230 ϐλίον
1209 1206 1270 1239 ὑμῖν
1296 1206 1459 1232 ἀποστασίου
1474 1207 1626 1238 δεεωκότος.
1653 1208 1748 1241 Σαφῶς
1768 1208 1795 1234 δὲ
1812 1208 1904 1235 ταῦτα»

1116 1251 1183 1285 πρὸς
1198 1252 1241 1277 τὸν
1256 1253 1286 1277 ἐκ
1299 1253 1449 1287 περιτομῆς
1462 1253 1523 1279 λαὸν
1540 1254 1719 1279 ἀποτείνεται.
1729 1253 1810 1288 Ὁμοῦ
1824 1254 1852 1280 δὲ
1864 1254 1900 1280 τὰ

1116 1298 1179 1331 περὶ
1194 1298 1222 1323 τὸ
1237 1298 1321 1329 πάθος
1334 1299 1519 1333 τετολμημένα
1533 1300 1623 1330 αὐτοῖς
1635 1299 1708 1334 δηλοῖ
1718 1299 1812 1332 λέγων·
1831 1300 1905 1325 ιΤὺν-

1116 1343 1199 1370 νῶτόν
1215 1353 1264 1378 μου
1277 1345 1379 1371 δέδωκα
1392 1346 1430 1376 εἰς
1447 1346 1590 1379 μάστιγας,
1603 1346 1651 1376 τὰς
1667 1346 1694 1371 δὲ
1710 1346 1834 1379 σιαγόνας
1847 1354 1896 1380 μου

1114 1389 1153 1419 εἰς
1169 1390 1343 1424 ῥαπίσματα,
1362 1400 1369 1415 ι
1398 1390 1444 1416 καὶ⁵
1466 1390 1499 1416 τὰ
1516 1390 1618 1421 τούτοις
1641 1391 1712 1425 ἑξῆς.
1736 1391 1789 1417 Καὶ
1811 1390 1900 1417 ταῦτα

1114 1435 1159 1460 ἐπὶ
1178 1435 1274 1470 σχολῆς
1288 1436 1337 1470 τῆς
1355 1436 1542 1472 προσηκούσης
1558 1435 1679 1468 τεύξεται
1693 1435 1853 1471 ἑρμηνείας.

1365 1536 1563 1563 ΚΕΦΑΛΔΙΟΝ
1581 1537 1643 1563 ΚΔ’.

282 1585 321 1612 Ab
335 1585 433 1628 eodem.
448 1602 484 1628 ‘—
496 1587 722 1628 Quﬂemadmodum
743 1589 797 1623 ipse
815 1589 865 1628 qui
880 1589 907 1628 in
931 1590 1060 1628 prophetis
1075 1595 1097 1626 ο

1075 1595 1097 1626 ο
1118 1591 1189 1619 Ἀπὸ
1210 1591 1274 1628 τοῦν
1288 1591 1390 1620 αὑτοῦ.
1402 1607 1437 1613 --
1453 1593 1499 1626 Ὠς
1519 1593 1610 1627 αὐτὸς
1624 1594 1640 1620 ὁ
1656 1593 1690 1620 ὲν
1703 1593 1765 1626 τοῖς
1780 1594 1894 1628 προφή-

316 1621 378 1647 olim
390 1621 497 1648 canebat
527 1623 663 1654 Dominus,
686 1621 865 1651 venturus'ad
887 1621 1012 1656 hoininés,
1037 1630 1061 1651 et
1078 1621 1085 1633 Ἴ

286 1670 287 1673 η
317 1657 379 1695 ipsis
396 1657 479 1684 oculis
499 1659 687 1692 inspiciendus,
700 1664 724 1686 et
743 1668 760 1686 α
772 1659 890 1694 gentibus
905 1668 1061 1695 cognoueri-

316 1694 376 1724 dus,
385 1697 587 1726 exspectaretur.

316 1769 327 1786 ι
346 1759 408 1788 Haec
426 1756 492 1788 dicit
503 1761 633 1790 Dominus
647 1772 652 1790 :
672 1762 786 1798 Propter
798 1771 846 1790 vos
857 1772 955 1792 nomen
971 1773 1060 1792 meum

279 1805 481 1842 blasphematur
496 1809 523 1835 in
539 1809 675 1843 gentibus,
693 1809 796 1837 idcirco
817 1814 963 1846 cognoscet
975 1819 1062 1846 popu-

279 1849 324 1879 lus
339 1860 415 1880 meus
431 1852 458 1880 in
482 1853 525 1881 die
547 1854 602 1885 illa,
618 1854 691 1889 quod
714 1862 764 1890 ego
785 1863 855 1887 sum,
875 1855 932 1890 ipse
956 1856 1002 1890 qui
1021 1856 1061 1882 lo-

280 1904 361 1931 quor,
389 1897 495 1930 adsum,
515 1903 544 1925 ut
563 1899 718 1928 formositas
734 1900 761 1927 in
770 1901 918 1934 montibus,
934 1906 962 1928 ut
979 1902 1060 1936 pedes

279 1943 489 1977 evangelizantis
505 1945 624 1972 auditum
641 1947 725 1981 pacis,
738 1952 767 1975 ut
781 1948 827 1983 qui
850 1949 958 1976 nuntiat
978 1949 1058 1983 bona,

279 1987 819 2023 quoniamauditamfaeietsalutemtuam
836 1994 930 2021 dicens
955 2004 961 2021 :
981 1994 1057 2027 Sion,

278 2042 326 2062 rex
343 2039 407 2063 tuus
430 2036 483 2063 erit
499 2036 579 2065 Deus.
596 2037 655 2065 Vox
680 2040 890 2067 custodientium
901 2044 927 2067 te
942 2041 1058 2068 exaltata

278 2083 330 2111 est.
343 2084 370 2107 et
387 2088 448 2107 cum
464 2088 530 2109 voce
544 2083 624 2110 simul
639 2084 814 2117 laetabuntur,
829 2085 956 2132 quonipm
971 2086 1058 2114 oculis

278 2127 312 2154 ad
333 2128 427 2156 oculos
445 2128 583 2161 videbunt.
604 2132 714 2166 quando
737 2127 1057 2161 miserebitur'Dominus

279 2172 345 2200 Sion
364 2183 370 2201 ε
385 2179 528 2209 erumpant
543 2176 661 2204 laetitiam
674 2178 754 2205 simul
767 2179 874 2206 deserta
894 2178 1055 2212 Jerusalem,

277 2219 405 2254 quoniam
427 2221 570 2249 miseratus
588 2227 629 2250 est
653 2223 782 2252 Dominus
800 2225 896 2259 ipsam,
912 2229 939 2251 et
955 2225 1056 2253 libera-

1149 1636 1214 1660 ταις
1234 1627 1327 1654 πάλαι
1343 1627 1489 1663 θεσπίζων
1502 1629 1606 1662 Κύριος
1619 1628 1705 1661 ἥξειν
1721 1629 1764 1661 εἰς
1787 1627 1898 1663 ἀνθρώ-

1150 1670 1227 1696 πρυς
1239 1683 1246 1694 ,
1264 1663 1313 1689 καὶ
1327 1662 1429 1695 αὐτοῖς
1444 1663 1607 1697 ὀφθαλμοῖς
1624 1663 1832 1697 θεαθήσεσθαι,
1842 1662 1898 1690 aut

1150 1698 1210 1730 τοῖς
1224 1699 1324 1724 ἔθνεσι
1339 1698 1567 1732 γνωσθήσεσθαι
1578 1697 1733 1732 μελλήσει.

1151 1772 1161 1788 ‹
1175 1762 1243 1789 Τάδε
1264 1762 1338 1796 λέγει
1375 1762 1492 1798 Κύριος·
1524 1764 1562 1789 Δι’
1583 1764 1654 1798 ὑμᾶς
1678 1763 1721 1790 διὰ
1750 1764 1849 1796 παντὸς
1867 1764 1898 1791 τὺ

1113 1808 1198 1844 δνομά
1220 1817 1269 1843 μου
1290 1808 1489 1845 βλασφημεῖται
1505 1810 1534 1836 ὲν
1557 1811 1612 1841 τοῖς
1626 1810 1728 1836 ἔθνεσι·
1753 1810 1796 1837 διὰ
1818 1811 1898 1837 τοῦτο

1113 1854 1245 1889 γνώσεται
1265 1855 1280 1881 6
1301 1855 1364 1887 λαός
1383 1864 1433 1891 μου
1452 1856 1480 1882 ὲν
1495 1856 1527 1890 τῇ
1549 1855 1640 1891 ἡμέρᾳ
1657 1855 1762 1892 ἐκείνῃ,
1779 1856 1820 1882 ὅτι
1841 1856 1898 1890 ὲγὼ

1114 1900 1189 1936 ειμι,
1206 1900 1286 1932 αὐτὸς
1317 1902 1332 1927 ό
1352 1901 1459 1934 λαλῶν,
1486 1901 1618 1937 πάρειμι,
1644 1901 1681 1933 ὡς
1695 1901 1753 1937 ὥρα
1775 1902 1821 1928 ἐπὶ
1842 1902 1898 1930 τῶν

1113 1946 1206 1981 ὀρέων,
1221 1946 1258 1978 ὡς
1273 1947 1350 1978 πόδες
1367 1947 1608 1983 εὐαγγελιζομένου
1625 1947 1709 1983 ἀκοὴν
1721 1948 1843 1983 εἰρήνης,
1855 1948 1895 1980 ὡς

1113 1992 1353 2027 εὐαγγελιζόμενος
1378 1993 1484 2027 ἁγαθά-
1508 1994 1548 2020 ὄτι
1562 1993 1697 2029 ἀκουστὴν
1721 1994 1827 2029 ποιήσει
1847 1994 1896 2029 τὴν

1113 2038 1249 2073 σωτηρίαν
1265 2046 1322 2069 σου,
1335 2038 1420 2072 λέγων
1430 2047 1436 2053 ·
1450 2038 1529 2070 Σιὼν,
1557 2039 1709 2073 βασιλεύσει
1743 2048 1789 2066 σου
1798 2039 1895 2072 ὸΘεός.

1111 2083 1188 2118 Φωνὴ
1201 2083 1254 2109 τῶν
1268 2083 1456 2118 φυλασσόντων
1471 2093 1499 2111 σε
1515 2084 1623 2120 ὑψώθη,
1640 2085 1687 2112 καὶ
1700 2086 1733 2121 τῇ
1750 2087 1825 2121 φωνῇ
1838 2086 1897 2121 ἃμα

1110 2124 1359 2164 εὐφρανθήσονται,
1392 2129 1433 2156 ὅτι
1462 2129 1610 2165 ὀφθαλμοῖς
1638 2130 1706 2165 πρὸς
1741 2130 1896 2166 ὀφθαλμοὺς

1110 2176 1219 2210 ὄψονται
1229 2197 1235 2208 ,
1248 2177 1328 2212 ἡνίκα
1343 2177 1375 2204 ἂν
1389 2177 1486 2214 ἐλεήσῃ
1502 2177 1602 2212 Κύριος
1615 2177 1664 2213 τὴν
1676 2177 1755 2204 Σιών.
1773 2177 1897 2213 Ῥηξάτω

1110 2222 1279 2258 εὐφροσύνην
1295 2222 1352 2258 ἅμα
1370 2222 1404 2249 τὰ
1421 2223 1510 2258 ἔρημα
1528 2223 1720 2259 Ἰερουσαλὴμ.
1733 2224 1774 2250 ὃτι
1794 2223 1896 2258 ἠλέησε

276 2263 316 2291 vit
325 2262 486 2299 Jerusalem,
498 2271 524 2294 et
533 2267 663 2295 revelabit
676 2269 816 2296 brachium
829 2274 953 2297 sanctum
965 2278 1056 2304 suum,
1074 2274 1095 2301 Ι)

1074 2274 1095 2301 [)
1110 2267 1212 2303 Κύριος
1229 2267 1328 2303 αὐτὴν,
1346 2268 1392 2294 καὶ
1406 2268 1539 2304 ἐρρύσατο
1557 2268 1750 2304 Ἰερουσαλὴμ,
1767 2268 1815 2295 καὶ
1831 2269 1896 2296 ἀπο-

276 2306 304 2334 in
321 2314 468 2344 conspectu
491 2312 612 2338 omnium
627 2313 757 2347 gentium,
780 2318 807 2341 et
822 2314 950 2342 videbunt
964 2316 1056 2343 omnia

275 2359 394 2384 extrema
416 2361 496 2386 terra:
519 2359 633 2386 salutem
662 2368 677 2387 a
704 2360 758 2389 Deo
787 2366 881 2390 nostro
909 2364 941 2390 ".
975 2374 984 2389 ι
1010 2363 1057 2391 ilis

275 2400 344 2436 ipsis
369 2402 496 2439 deinceps
524 2405 626 2433 adnexa
655 2411 696 2434 est
730 2407 780 2434 sub
809 2416 862 2435 uno
900 2413 926 2436 et
961 2408 1057 2436 eodem

274 2452 420 2482 contextu,
445 2449 478 2477 de
510 2452 636 2485 passione
659 2451 762 2480 Christi
792 2454 953 2489 prophetia,
974 2463 1055 2490 quam

274 2492 338 2520 item
372 2502 420 2528 per
455 2495 538 2523 otium
570 2498 744 2532 expositurus
779 2507 849 2527 sum.
882 2500 950 2527 Cum
992 2509 1057 2528 vero

276 2544 348 2567 unus
360 2543 387 2566 et
400 2540 469 2568 idem
485 2542 520 2569 sit
535 2541 681 2575 Dominus,
698 2544 744 2579 qui
761 2545 797 2571 ait
807 2546 834 2572 in
850 2546 981 2580 particula
995 2551 1057 2574 ante

275 2583 345 2611 hanc
360 2586 482 2620 proxime
497 2590 629 2623 exposita,
645 2590 678 2617 ad
699 2590 786 2626 ipsum
808 2590 950 2619 Judaicum
968 2600 1056 2628 popu-

275 2630 329 2657 lum
347 2640 354 2658 :
368 2631 465 2669 304(
476 2633 598 2662 Peccatis
612 2636 710 2663 vestris
719 2636 819 2664 venditi
830 2638 907 2670 estis,
919 2642 945 2665 et
957 2638 1055 2674 iniqui—

273 2676 376 2704 tatibus
397 2679 495 2706 vestris
519 2679 609 2708 dimisi
634 2685 746 2709 matrem
773 2687 890 2709 vestram
904 2702 911 2714 ,
927 2684 1056 2717 quoniam

275 2721 384 2753 Veni,et
397 2730 451 2750 non
462 2728 520 2752 erat
536 2725 617 2753 homo
629 2735 636 2759 ;
647 2727 752 2760 vocavi,
766 2731 793 2754 et
808 2736 861 2755 non
874 2733 932 2756 erat
946 2729 992 2763 qui
1007 2737 1056 2755 auo

275 2764 345 2793 diret
357 2768 391 2800 ";
408 2777 417 2793 ι
434 2769 461 2795 ἰη
478 2769 521 2797 his
537 2771 570 2798 de
583 2772 683 2805 quibus
699 2780 770 2800 nunc
786 2774 875 2809 agitur
894 2774 982 2801 verbis
995 2794 1002 2805 ,
1020 2774 1053 2801 ad

275 2811 385 2839 eosdem
404 2814 461 2841 ait:
480 2824 489 2841 ‹
508 2815 621 2851 Propter
640 2825 688 2845 νος
706 2827 804 2847 nomen
819 2827 910 2847 meum
926 2820 1053 2856 blasphe-

1113 2312 1227 2347 καλύψει
1241 2313 1286 2340 τὸν
1301 2313 1430 2349 βραχίονα
1447 2314 1491 2340 τὸν
1514 2314 1589 2348 ἅγιον
1598 2314 1683 2341 αὑτοῦ
1696 2314 1809 2341 ὲνὼπιον
1824 2314 1898 2341 πάν-

1109 2367 1161 2384 των
1173 2358 1226 2384 τῶν
1242 2358 1341 2391 ἐθνῶν,
1359 2360 1405 2385 καὶ
1421 2359 1530 2393 ὀψονται
1547 2359 1635 2386 πάντα
1651 2359 1684 2386 τὰ
1696 2360 1767 2396 ἄκρα
1781 2360 1830 2395 τῆς
1843 2361 1895 2395 τῆς

1107 2404 1156 2440 τὴν
1174 2405 1309 2440 σωτηρίαν
1331 2406 1380 2441 τὴν
1397 2405 1473 2441 παρὰ
1495 2406 1543 2432 τοῦ
1562 2406 1628 2432 Θεοῦ
1643 2406 1731 2441 ἡμῶν.
1748 2416 1757 2432 ι
1782 2406 1895 2438 Τούτοις

1107 2450 1172 2485 ἑξῆς
1190 2451 1372 2486 ἐπισυνῆπται
1389 2452 1434 2486 ὑφ’
1449 2451 1497 2477 ἕνα
1525 2451 1571 2478 καὶ
1591 2451 1636 2477 τὸν
1658 2451 1737 2477 αὐτὸν
1760 2452 1854 2486 εἱρμὸν
1877 2452 1894 2487 ἡ

1108 2496 1172 2532 περὶ
1196 2496 1242 2523 τοῦ
1265 2497 1367 2528 πάθους
1389 2496 1507 2531 Χριστοῦ
1533 2497 1698 2532 προσητεία,
1719 2496 1753 2531 ἢν
1778 2497 1825 2523 καὶ
1847 2497 1895 2523 ἐπὶ

1108 2542 1206 2577 σχολῆς
1225 2542 1383 2577 ἐκθήσομαι.
1405 2540 1451 2573 Εἷς
1467 2542 1495 2568 δὲ
1509 2542 1547 2569 ὢν
1571 2542 1618 2568 καὶ
1633 2543 1647 2569 6
1667 2542 1748 2573 αὐτὸς
1764 2542 1866 2577 Κύριος
1880 2543 1895 2569 ό

1109 2589 1198 2623 φήσας
1221 2589 1250 2614 ἐν
1274 2590 1306 2624 τῇ
1328 2588 1381 2624 πρὸ
1399 2589 1499 2622 ταύτης
1525 2590 1659 2624 περικοπῇ
1677 2588 1745 2624 πρὸς
1764 2588 1809 2614 τὸν
1829 2589 1894 2614 ’1ου-

1107 2634 1188 2661 δαίων
1202 2634 1265 2661 λαόν
1275 2644 1282 2650 ·
1307 2644 1316 2661 ι
1331 2636 1398 2666 Ταῖς
1415 2635 1562 2670 ἁμαρτίαις
1575 2635 1651 2670 ὑμῶν
1676 2634 1812 2669 ὲπράθητε
1822 2655 1828 2666 ,
1847 2636 1893 2661 καὶ

1106 2682 1166 2712 ταῖς
1184 2681 1308 2716 ἀνομίαις
1323 2681 1399 2716 ὑμῶν
1418 2680 1595 2713 ἐξαπέστειλα
1615 2680 1663 2716 τὴν
1677 2681 1781 2716 μητέρα
1796 2680 1893 2712 ὑμῶν’

1107 2727 1173 2753 διότι
1188 2725 1278 2761 ἦλθον,
1293 2727 1339 2753 καὶ
1352 2727 1401 2753 οὐκ
1416 2725 1449 2762 ἦν
1466 2721 1624 2762 ἄνθρωποςζ
1642 2726 1769 2757 ἐκάλεσα,
1785 2726 1831 2752 καὶ
1843 2726 1893 2752 οὐκ

1108 2771 1141 2809 ἦν
1153 2774 1167 2799 ό
1180 2774 1338 2800 ὑπακούων·
1356 2783 1365 2799 ι
1380 2773 1423 2800 διὰ
1440 2773 1493 2800 τῶν
1506 2774 1534 2799 ὲν
1547 2774 1624 2809 χερσὶ
1637 2772 1704 2808 πρὸς
1719 2773 1782 2804 τοὺς
1794 2771 1893 2803 αὐτούς

1108 2828 1191 2855 φησι·
1212 2830 1220 2844 ι
1235 2819 1283 2846 Διὰ
1309 2820 1381 2855 ὑμᾶς
1406 2820 1436 2846 τὺ
1456 2820 1544 2854 δνομά
1565 2828 1615 2855 μου
1638 2818 1838 2855 βλασφημεῖται
1862 2819 1893 2845 ἂν

308 2889 436 2924 “lsa.r.,
458 2890 483 2920 1.
521 2893 542 2908 "
557 2894 623 2921 ibid.
652 2894 710 2922 5-6.
748 2896 881 2931 "lsaddt,
898 2896 974 2926 5-10.
1013 2897 1101 2927 "lsa.
1121 2906 1183 2930 xu.
1206 2896 1260 2925 1-3-
