2089 3218
199 176 254 206 468i

660 171 988 204 DEMONS'I‘RATIDNIS
1010 172 1237 205 Eunaeum
1257 176 1322 205 LIB.
1341 168 1400 209 η’

1773 179 1827 209 68!

199 235 256 266 rei;
269 235 384 263 ἔθνεσιν.
398 243 409 262 ι
424 232 480 261 Εἶθ’
490 232 527 267 ὡς
540 233 610 270 ἔχων
625 233 718 270 ἕτερον
730 235 795 270 παρ’
808 234 905 266 αὐτοὺς
915 234 982 261 λαὸν.

1040 226 1131 263 matur
1151 235 1178 263 in
1203 234 1340 271 gentibus.
1360 245 1370 262 ι
1393 235 1495 264 Deinde
1521 237 1602 272 quasi
1622 237 1725 266 habens
1741 238 1826 266 illum

193 282 328 318 ἐπιφέρει
337 290 344 297 ·
362 290 371 307 ι
385 281 435 308 Διὰ
447 280 526 307 τοῦτο
538 280 671 315 γνώσεται
686 281 701 307 6
713 280 778 312 λαός
792 289 842 316 μου
856 280 887 307 τὸ
901 280 989 316 ὀνομά

200 334 270 369 μου·
289 336 298 352 ι
314 327 434 353 διδάσκει
449 335 495 359 τε,
512 326 552 353 ὃτι
573 326 610 362 μὴ
630 326 738 363 ἕτερος,
753 326 810 353 ἀλλ’
824 326 903 358 αὐτὸς
923 328 937 353 ὁ
960 328 988 353 ὲν

200 373 258 404 τοῖς
274 373 427 408 προφήταις
442 372 561 408 λαλήσας
575 372 676 407 Κύριος
693 373 856 408 ὲπιδημήσει
871 373 934 399 ποτε
950 372 988 407 τῷ

202 417 263 453 βίῳ,
272 418 367 453 λέγων·
379 428 388 444 ε
399 419 469 453 Ἐγώ
485 419 552 454 ειμι,
565 419 645 450 αὐτὸς
659 420 673 445 6
686 418 783 450 λαλῶν,
794 418 918 454 πάρειμι.
927 428 935 443 ι
952 419 987 444 Τὸ

200 464 239 497 δὲ,
250 473 260 490 ί
271 463 315 496 Ὣς
324 464 383 500 ὦρα
392 465 438 491 ἐπὶ
445 464 498 492 τῶν
510 465 603 501 ὀρέων,
613 466 650 497 ὼς
660 466 738 497 πῶες
746 465 985 501 εὐαγγελιζομένου

200 510 285 547 ἀκοὴν
300 512 410 546 εῑρήνης
419 531 426 543 ,
438 511 475 543 ὡς
490 511 730 547 εὐαγγελιζόμενος
740 511 838 546 ἀγαθὰ,
852 512 986 547 ἀκουστὴν

199 558 306 592 ποιήσω
318 557 366 592 τὴν
384 557 519 592 σωτηρίαν
534 565 590 588 σου,
608 557 710 592 λέγων·
734 557 813 589 Σιὼν,
833 557 986 593 βασιλεύσει

200 610 249 629 σου
269 602 284 628 6
298 602 378 635 Θεὸς,
396 612 405 627 )
422 603 586 638 σαφέστερον
603 603 628 630 οἱ
646 603 735 629 λοιποὶ
749 603 928 630 ὲκδεδὼκασιν
940 604 986 639 ἑρ-

200 648 349 684 μηνευταί·
372 649 386 674 6
405 649 452 684 μὲν
475 649 589 681 Ἀκύλας
607 649 710 681 εἰπὼν,
728 660 737 675 ι
753 650 785 676 Τί
805 650 984 685 ὠραιώθησαν

199 696 245 721 ἐπὶ
258 695 292 721 τὰ
306 694 355 731 ὅρη
372 695 451 726 πόδες
467 695 720 730 εὐαγγελιζομένου,
737 696 925 728 ἀκουτίζοντος
947 697 985 722 el-

200 741 294 777 ρήνην,
308 741 549 777 εὐαγγελιζομένου
570 742 680 776 ἀγαθὸν,
694 742 882 774 ἁκουτίζοντος
897 752 983 778 σωτη-

197 789 260 825 ρίαν
271 809 278 821 ,
293 788 417 827 λέγοντος
429 790 461 824 τῇ
473 788 541 815 Σιών
552 798 558 804 ·
578 788 765 816 Ἐϐασίλευσεν
780 790 794 816 6
808 790 874 821 Θεός
893 799 939 817 σου
951 799 958 822 ;
970 801 979 816 ι

196 835 246 862 καὶ
256 836 270 862 6
282 835 427 870 Σύμμαχος
438 835 526 870 φήσας
535 843 541 849 ·
554 843 563 860 ‹
575 835 606 861 Τί
614 835 762 870 εὐπρεπεῖς
776 834 821 862 ἐπὶ
833 836 886 863 τῶν
897 837 981 872 ὀρέων

198 881 279 912 πόδες
291 880 542 915 εὐαγγελιζομένου,
559 880 693 916 ἀκουστὴν
707 880 847 913 ποιοῦντος
859 882 979 917 εἰρήνην,

1019 294 1021 296 -
1040 284 1138 316 praeter
1149 281 1211 309 illos
1224 281 1365 316 populum,
1379 280 1502 317 adjungit
1515 291 1521 309 :
1537 291 1546 307 ι
1564 280 1669 311 Idcirco
1681 287 1827 319 cognoscet

1040 327 1156 361 populus
1165 334 1242 354 meus
1250 335 1347 354 nomen
1355 335 1454 354 meum.
1472 338 1481 354 ι
1491 327 1592 356 Deinde
1602 329 1681 356 docet
1691 328 1764 364 quod
1773 337 1827 357 non

1040 372 1129 405 alius,
1147 373 1194 400 sed
1214 373 1271 408 ipse
1286 374 1332 408 qui
1349 374 1376 401 in
1400 374 1540 409 prophetis
1558 375 1721 410 loquebatur
1735 375 1827 402 Domi-

1039 423 1103 449 nus,
1118 417 1271 444 versabitur
1286 418 1349 445 olim
1362 419 1389 446 in
1405 419 1456 446 hac
1470 419 1536 451 vita,
1553 419 1596 447 his
1612 420 1703 447 verbis
1719 429 1725 447 :
1741 429 1750 445 ι
1771 420 1826 455 Ego

1039 468 1111 493 sum,
1128 461 1186 496 ipse
1202 463 1249 497 qui
1266 463 1373 498 loquor,
1387 463 1494 491 adsum.
1515 474 1525 490 ι
1543 464 1612 491 Illud
1627 468 1717 492 autem
1735 475 1741 492 :
1760 474 1769 490 ι
1791 464 1825 492 Ut

1037 506 1194 535 formositas
1218 509 1247 536 in
1275 510 1425 542 montibus,
1449 516 1479 537 ut
1504 510 1586 545 pedes
1613 512 1825 547 evangelizantis

1037 553 1159 581 auditum
1174 555 1260 590 pacis,
1273 555 1358 590 utqui
1370 556 1478 583 nuntiat
1492 556 1562 584 bona
1573 577 1581 589 ,
1595 557 1713 584 auditam
1725 557 1823 585 faciam

1036 599 1151 627 salutem
1169 604 1254 634 tuam,
1275 602 1368 629 dicens
1386 612 1393 629 :
1409 602 1485 635 Sion,
1502 610 1550 630 rex
1565 607 1629 630 tuus
1643 604 1695 631 erit
1711 603 1792 636 Deus,
1810 614 1820 630 ι

1036 646 1210 675 manifestius
1221 647 1317 683 reliqui
1330 652 1523 676 converterunt
1535 649 1711 684 interpretes:
1725 651 1821 685 Aquila

1035 691 1143 726 quidem
1160 692 1186 719 in
1207 692 1279 720 hunc
1293 694 1420 720 modum:
1440 704 1448 719 ι
1464 693 1533 726 Quid
1553 695 1667 728 speciosi
1680 695 1744 722 facti
1758 699 1824 723 sunt

1034 745 1117 772 super
1130 743 1245 773 montes,
1260 739 1342 774 pedes
1355 741 1584 775 evangelizantis?
1595 741 1654 775 ejus
1667 741 1712 776 qui
1729 741 1823 769 audire

1032 783 1098 811 facit
1109 785 1220 819 pacem?
1231 786 1290 819 ejus
1301 786 1348 821 qui
1364 786 1587 818 nuntiatbonum,
1598 788 1643 822 qui
1655 788 1749 815 audire
1758 787 1823 815 facit

1033 830 1158 862 salutem,
1176 831 1292 859 dicentis
1308 832 1360 867 ipsi
1378 831 1443 859 Sion
1460 841 1466 858 :
1483 831 1614 867 Regnavit
1628 833 1698 860 Deus
1710 833 1792 861 tuus?
1808 843 1819 859 ι

1034 874 1212 910 Symmachus
1222 885 1286 904 vero
1299 886 1305 904 ι
1320 887 1328 902 ι
1346 877 1401 904 Cur
1412 877 1538 905 decentes
1553 878 1579 905 in
1591 878 1726 906 montibus
1740 879 1823 913 pedes

198 926 438 962 εὐαγγελιζομένου
453 925 560 960 ἀγαθὰ,
577 927 712 962 ἀκουστὴν
731 926 870 958 ποιοῦντος
894 936 981 963 σωτη-

1032 923 1259 957 evangelizantis?
1275 924 1394 951 auditam
1419 924 1544 952 facientis
1565 932 1670 959 pacem,
1686 925 1822 960 evangeli-

199 971 259 1006 ρίαν
270 992 278 1004 ,
289 971 411 1006 λέγοντος
423 973 456 1006 τῇ
473 971 555 998 Σιών·
578 971 765 998 Ἐϐασίλευσεν
784 971 798 997 6
816 971 881 1003 Θεὸς
895 981 940 998 σου
950 981 957 1005 ;
969 981 977 997 ι

197 1017 257 1043 ἀντὶ
271 1016 299 1043 δὲ
313 1016 376 1049 τῶν,
391 1026 401 1042 ι
413 1016 490 1052 Φωνὴ
503 1016 556 1043 τῶν
568 1017 757 1051 φυλασσόντων
774 1026 804 1044 σε
818 1017 921 1053 ὑψώθη,
935 1019 981 1044 καὶ

197 1063 230 1097 τῇ
256 1064 330 1098 φωνῇ
352 1063 410 1098 ἅμα
430 1063 678 1099 εὐφρανθήσονται·
696 1064 737 1090 ὃτι
750 1064 898 1099 ὀφθαλμοῖς
914 1064 981 1099 πρὸς

193 1108 350 1145 ὀφθαλμοὺς
364 1109 473 1143 ὖψονται
486 1118 493 1125 ·
507 1119 516 1135 ι
539 1111 553 1136 6
571 1110 618 1145 μὲν
630 1110 778 1146 Σύμμαχος
791 1110 876 1142 οὕτως
890 1111 980 1146 ἡρμή-

196 1163 285 1182 νευσε·
308 1164 317 1180 ι
332 1156 408 1190 Φωνὴ
421 1155 475 1182 τῶν
495 1156 604 1182 σκοπῶν
624 1165 670 1182 σου
689 1156 795 1192 ὲπῆραν
813 1156 914 1192 φωνὴν,
936 1157 981 1182 ἐπὶ

196 1199 227 1226 νδ
247 1200 312 1227 αὐτὸ
335 1200 502 1227 αίνέσουσιν·
530 1200 743 1236 ὀφθαλμοφανῶς
761 1201 813 1237 γὰρ
830 1202 949 1236 ὄψονται.
969 1211 978 1227 ι

196 1245 323 1280 Δέγοιντο
338 1246 360 1272 δ’
378 1246 411 1273 ἂν
426 1247 454 1274 ὲν
469 1246 572 1278 τούτοις
587 1247 682 1273 σκοποὶ
696 1249 720 1274 οἱ
742 1248 807 1284 ἱεροὶ
826 1248 872 1274 τοῦ
889 1249 981 1283 Σωτῆ-

196 1300 244 1328 9ος
258 1292 335 1328 ήμῶν
351 1293 493 1320 ἀπόστολοι
506 1314 513 1326 ,
529 1294 553 1320 οἳ
568 1294 628 1325 καὶ,
648 1293 862 1329 ὀφθαλμοφανῶς
886 1295 981 1327 ἰδόντες

195 1337 241 1364 τὸν
265 1339 502 1375 προφητευόμενον
513 1359 519 1371 ,
537 1339 647 1374 ὕψωσαν
662 1339 751 1366 αὐτῶν
772 1340 822 1376 τὴν
838 1340 927 1376 φωνὴν
943 1341 982 1372 εἰς

195 1385 286 1411 πᾶσαν
300 1384 349 1420 τὴν
362 1385 526 1420 οἰκουμένην
542 1385 717 1420 κηρύξαντες.
739 1385 806 1412 Σιὼν
823 1386 851 1412 δὲ
867 1387 914 1413 καὶ
932 1387 981 1413 Ἰε-

195 1430 337 1466 ρουσαλὴμ
353 1431 403 1465 τὴν
422 1431 451 1457 ὲν
470 1432 526 1462 τοῖς
542 1432 632 1462 τόποις
657 1431 899 1468 εὐαγγελιζομένην
913 1431 981 1459 οἶδεν

195 1476 373 1512 ὲπουρανίους
386 1477 400 1502 6
420 1477 578 1508 Ἀπόστολος
589 1497 595 1508 ,
612 1477 644 1503 δι’
656 1474 693 1503 ὧν
705 1486 786 1512 φησιν
799 1487 804 1493 ·
822 1488 831 1503 ι
847 1479 879 1504 'H
890 1479 917 1505 δὲ
927 1479 982 1506 ἄνω

200 1521 377 1557 Ἰερουσαλὴμ
390 1521 519 1557 ἐλευθέρα
532 1522 615 1554 ἐστὶν,
628 1523 687 1557 ἥτις
702 1524 758 1549 ἐστὶ
773 1524 862 1560 μήτηρ
874 1525 978 1560 ήμῶψ)

193 1565 253 1598 καὶ,
269 1575 280 1591 ι
295 1566 517 1607 Προσεληλύθατε
533 1566 601 1593 Σιὼν
617 1567 674 1603 ὄρει
690 1568 736 1593 καὶ
752 1569 826 1594 πόλει
838 1569 903 1595 Θεοῦ
916 1570 980 1601 ζῶν-

193 1620 249 1644 τος,
258 1600 433 1647 Ἰερουσαλὴμ
448 1613 600 1648 ἐπουρανίῳ
613 1633 620 1644 ,
635 1600 691 1639 ’καὶ
710 1614 836 1650 μυριάσιν
856 1600 978 1649 ἀγγέλων
992 1600 1013 1628 C

194 1658 356 1694 πανηγύρει.
373 1668 382 1684 ι
397 1658 510 1692 Λέγοιτο
521 1659 543 1685 δ’
556 1658 588 1685 ἂν
603 1659 671 1686 Σιὼν
685 1661 731 1686 καὶ
748 1661 764 1695 ὴ
778 1661 817 1692 εἰς
833 1661 920 1687 πάντα
933 1662 978 1687 τὸν

193 1705 241 1731 ἐπὶ
264 1705 314 1740 γῆς
335 1705 417 1731 τόπον
431 1705 475 1732 διὰ
490 1706 606 1740 Χριστὸν
630 1707 750 1732 συστᾶσα
766 1706 925 1742 Ἐκκλησία,
941 1707 979 1738 ὡς

193 1750 243 1777 καὶ
268 1746 446 1786 Ἰερουσαλὴμ
470 1751 524 1777 πᾶν
547 1751 576 1777 τὸ
598 1751 722 1783 θεοσεϐὲς
740 1751 877 1787 τόπισμα,
902 1752 916 1778 ὃ
932 1753 979 1778 καὶ

193 1795 271 1831 παρὰ
289 1795 380 1831 μόνοις
393 1795 526 1823 Ἰουδαίων
543 1797 598 1827 τοῖς
613 1796 695 1822 πάλαι
716 1797 746 1822 τὸ
768 1797 831 1831 πρὶν
855 1798 978 1829 συνεστὸς

193 1843 235 1873 εις
271 1842 388 1877 ἐρημίαν
422 1842 466 1868 διὰ
493 1841 543 1873 τὰς
571 1842 730 1874 δυσσεϐείας
757 1843 845 1870 αὐτῶν
875 1844 979 1878 περιτέ-

193 1897 313 1925 τραπται
323 1897 330 1903 ·
343 1886 391 1915 εἶτ’
405 1886 438 1916 αὗ
457 1889 536 1915 πάλιν
548 1889 598 1924 τῆς
616 1889 662 1915 ἐπὶ
679 1889 708 1915 τὸ
727 1891 846 1925 κρεῖττον
861 1890 979 1916 ἀνανεώ-

194 1942 264 1966 σεως
278 1934 357 1969 ἔτυχε
368 1934 412 1960 διὰ
433 1935 480 1969 τῆς
505 1934 551 1960 τοῦ
569 1934 781 1970 Σωτῆροςήμῶν
800 1935 958 1969 ἐπιφανείας
970 1943 976 1950 ·

192 1979 240 2006 Διὸ
256 1981 338 2016 φησὶν
351 1981 368 2016 ἡ
383 1980 549 2015 προφητεία·
571 1990 580 2006 ι
592 1981 713 2016 Ῥηξάτω
735 1981 902 2017 εὐφροσύνην
922 1981 979 2016 ἅμα.

193 2025 228 2052 τὰ
251 2025 342 2062 ἔρημα
363 2026 554 2061 Ἰερουσαλήμ·
580 2026 621 2052 ὃτι
637 2026 735 2062 ἠλέησε
758 2026 860 2061 Κύριος
884 2027 978 2062 αὐτὴν,

193 2071 241 2098 καὶ
254 2072 388 2107 ἑρῤύσατο
406 2072 591 2108 Ἰερουσαλήμ.
609 2082 618 2098 ι
633 2073 689 2098 Οὐκ
700 2072 733 2099 ἂν
744 2072 772 2098 δὲ
786 2072 918 2108 ἁμάρτοις
930 2072 979 2108 τὴν

193 2116 295 2148 παντὸς
308 2117 385 2150 ἁγίου
398 2117 444 2143 καὶ
455 2116 594 2151 θεοφιλοῦς
605 2117 703 2153 ψυχὴν,
715 2117 782 2144 καθὸ
798 2118 847 2153 μὲν
861 2117 978 2153 ἐπῆρται

193 2161 234 2198 τῷ
251 2161 312 2197 βίῳ,
323 2162 353 2188 τὸ
369 2162 518 2198 πολίτευμα
530 2163 629 2198 ἔχουσα
650 2164 678 2189 ὲν
694 2164 829 2199 οὐρανοῖς,
842 2162 979 2190 σκοποῦσα

192 2208 228 2234 τὰ
253 2208 434 2243 ὕπερκόσμια,
457 2208 523 2234 Σιὼν
550 2208 688 2243 ὀνομάζων
713 2209 905 2245 (ἑρμηνεύεται
925 2209 978 2244 γὰρ

190 2253 444 2289 σκοπευτήριω·)·
461 2254 527 2280 καθὸ
542 2254 569 2280 δὲ
593 2256 621 2281 έν
637 2255 779 2290 εὐσταθείᾳ
805 2255 852 2282 καὶ
873 2256 977 2292 γαλήνῃ
993 2272 1015 2300 D

193 2298 290 2326 παθῶν
320 2299 495 2334 καθέστηκεν,
505 2300 681 2336 Ἰερουσαλὴμ
703 2300 786 2335 αὐτὴν
813 2300 975 2327 ἀποκαλῶν

193 2343 302 2377 ὅρασιν
309 2344 363 2380 γὰρ
377 2344 498 2378 εἰρήνης
511 2344 679 2379 μεταληφθὲν
701 2344 820 2380 τοῦνομα
838 2346 975 2380 σημαίνει.

193 2388 306 2421 Τούτοις
324 2389 477 2421 ἀκολούθως
498 2391 515 2426 ἡ
536 2389 589 2417 τῶν
614 2390 699 2416 ἐθνῶν
715 2391 760 2416 ἐπὶ
773 2390 822 2426 τὴν
838 2391 977 2417 εὐσέϐειαν

192 2433 241 2460 τοῦ
255 2433 322 2460 Θεοῦ
337 2434 433 2469 κλῆσις
450 2435 635 2471 ἐναργέστατα
645 2434 768 2470 δηλοῦται
781 2435 825 2462 διὰ
831 2435 887 2468 τοῦ,
902 2446 910 2461 ι
923 2437 977 2462 Καὶ

192 2480 363 2516 ἀποκαλύψει
386 2481 486 2517 Κύριος
509 2483 523 2508 6
547 2481 614 2513 Θεὸς
636 2482 681 2508 τὸν
697 2481 825 2517 βραχίονα
839 2482 884 2508 τὸν
902 2482 977 2516 ἅγιον

193 2526 276 2553 αὐτοῦ
289 2527 403 2554 ἐνώπιον
419 2528 525 2554 πάντων
541 2528 594 2554 τῶν
613 2527 697 2554 ἐθνῶν
708 2536 714 2542 ⁸
733 2528 779 2554 καὶ
791 2527 900 2563 ὄψονται
914 2529 980 2555 πάν-

191 2581 226 2599 τα
247 2572 283 2598 τὰ
301 2572 374 2608 ἂκρα
394 2572 444 2608 τῆς
461 2573 512 2608 γῆς
534 2573 582 2609 τὴν
604 2574 739 2609 σωτηρίαν
761 2574 810 2609 τὴν
835 2574 908 2610 παρὰ
930 2575 975 2601 τοῦ

192 2618 261 2645 Θεοῦ
276 2619 363 2654 ἡμῶν.
380 2629 390 2645 ι
406 2619 540 2654 Βραχίονα
560 2619 588 2646 δὲ
603 2620 650 2646 τοῦ
667 2620 733 2646 Θεοῦ
755 2620 791 2655 μὴ
806 2619 884 2647 ἄλλον
906 2619 975 2647 εῐναι

191 2664 239 2691 τοῦ
258 2665 355 2699 Λόγου,
371 2665 418 2692 καὶ
434 2665 482 2701 τῆς
497 2666 604 2700 Σοφίας,
620 2666 667 2692 καὶ
690 2666 771 2692 αὑτοῦ
795 2666 841 2692 τοῦ
861 2666 974 2702 Κυρίου,

191 2710 220 2741 ὃς
238 2711 311 2738 ἐστιν
323 2711 338 2737 6
351 2711 467 2747 Χριστὸς
487 2711 534 2737 τοῦ
557 2711 635 2743 Θεοῦ,
651 2711 753 2746 νόμιζε.
771 2711 854 2738 Τοῦτο
867 2711 931 2745 γοῦν
945 2713 976 2738 ἐκ

193 2755 296 2783 πολλῶν
311 2757 483 2792 παραστῆσαι
501 2757 698 2793 ῥᾴδιον.Ἔχεις
715 2757 742 2783 δὲ
758 2757 804 2784 καὶ
818 2759 846 2784 ὲν
867 2757 976 2790 Ἐξοδῳ

190 2803 238 2830 τὸν
259 2804 366 2841 Ἰσραὴλ
382 2804 502 2839 βραχίονι
522 2804 588 2831 Θεοῦ
612 2804 742 2840 ρυσθέντα
763 2805 813 2840 τῆς
836 2806 976 2840 ὐπἈίγυο

226 2882 251 2898 ⁸⁸
266 2881 355 2910 Galat.
368 2890 404 2916 iv,
421 2878 467 2913 ﬁt
504 2883 525 2898 "
542 2882 622 2910 Hebr.
637 2890 684 2915 xu,
695 2882 739 2909 22.

1032 971 1118 996 zantis
1130 970 1211 1002 bona,
1223 970 1343 998 auditam
1355 970 1481 998 facientis
1496 972 1628 999 salutem?
1640 972 1754 999 dicentis
1769 972 1821 1007 ipsi

1032 1013 1097 1041 Sion
1113 1023 1119 1040 :
1133 1014 1265 1049 Regnavit
1276 1016 1347 1043 Deus
1358 1017 1440 1044 tuus?
1459 1027 1468 1042 ι
1486 1024 1534 1052 pro
1548 1024 1580 1044 eo
1594 1025 1659 1044 vero
1674 1018 1747 1052 quod
1759 1023 1819 1046 est:

1034 1068 1043 1084 ε
1062 1059 1118 1087 Vox
1141 1061 1352 1089 custodientium
1377 1065 1404 1089 te
1426 1063 1542 1089 exaltata
1558 1068 1610 1095 est,
1631 1067 1658 1090 et
1678 1071 1739 1090 cum
1754 1071 1822 1091 voee

1032 1105 1112 1132 simul
1131 1106 1310 1138 laetabuntur,
1327 1107 1455 1142 quoniam
1472 1108 1560 1136 oculis
1582 1108 1615 1135 ad
1635 1110 1730 1137 oculos
1744 1109 1820 1137 vide—

1031 1150 1109 1182 bunt,
1129 1161 1138 1177 ι
1153 1151 1337 1186 Symmachus
1352 1153 1460 1187 quidem
1487 1154 1526 1181 sic
1541 1154 1734 1189 interpretatus
1757 1160 1817 1182 est:

1034 1205 1043 1222 ι
1068 1196 1125 1223 Vox
1150 1198 1352 1231 speculatorum
1369 1202 1478 1225 tuorum
1493 1200 1649 1227 extulerunt
1662 1208 1767 1233 vocem,
1791 1202 1817 1228 in

1031 1242 1058 1269 id
1074 1241 1161 1277 ipsum
1178 1243 1337 1275 laudabunt,
1350 1244 1439 1278 palam
1457 1244 1529 1271 enim
1549 1245 1636 1272 oculis
1649 1245 1789 1273 videbunt.
1806 1257 1816 1272 ι

1032 1286 1090 1314 Dici
1104 1295 1186 1322 porro
1202 1287 1229 1314 in
1244 1288 1287 1315 bis
1302 1288 1487 1323 speculatores
1498 1289 1635 1322 videntur,
1649 1292 1819 1318 sacrosancti

1033 1333 1184 1361 Salvatoris
1202 1334 1289 1362 nostri
1306 1334 1433 1369 apostoli,
1454 1335 1500 1370 qui
1517 1336 1605 1370 palam
1622 1335 1709 1364 oculis
1728 1336 1818 1363 intuiti

1032 1388 1105 1414 eum,
1121 1380 1154 1407 de
1168 1388 1221 1415 quo
1238 1381 1376 1416 prophetae
1398 1381 1588 1416 loquebantur,
1608 1382 1764 1409 extulerunt
1776 1391 1820 1409 vo-

1032 1434 1090 1454 cem
1114 1434 1192 1454 suam
1208 1427 1235 1453 in
1252 1430 1338 1454 totum
1355 1430 1489 1454 terrarum
1508 1427 1612 1459 orbem,
1630 1427 1706 1454 illum
1728 1428 1817 1462 ipsum

1031 1473 1219 1507 praedicantes.
1236 1474 1324 1507 Ipsam
1340 1480 1405 1500 vero
1423 1472 1488 1500 Sion
1502 1481 1534 1500 ac
1548 1472 1698 1500 Jerusalem
1716 1480 1776 1508 quae
1789 1473 1817 1500 in

1032 1519 1100 1546 locis
1113 1519 1325 1554 evangelizatur,
1338 1519 1365 1545 in
1377 1519 1446 1546 cmlo
1463 1519 1571 1554 agnovit
1586 1519 1643 1554 ipse
1658 1519 1815 1554 Apostolus,

1033 1562 1087 1589 illis
1111 1563 1227 1590 verbis:
1255 1572 1264 1587 ε
1295 1562 1425 1597 Superior
1449 1568 1538 1590 autem
1557 1563 1708 1591 Jerusalem
1732 1564 1816 1591 libera

1029 1611 1081 1640 est,
1091 1616 1151 1642 qua:
1160 1612 1202 1635 est
1212 1613 1297 1635 mater
1304 1613 1398 1636 nostra
1405 1609 1437 1641 ",
1445 1618 1454 1634 ι
1465 1614 1491 1636 et
1502 1618 1508 1636 :
1521 1609 1696 1638 (Accessistis
1705 1610 1738 1637 ad
1751 1609 1817 1638 Sion

1030 1658 1149 1682 montem
1157 1658 1183 1682 et
1193 1655 1226 1681 ad
1238 1655 1374 1682 civitatem
1388 1654 1436 1682 Dei
1446 1655 1561 1683 viventis
1571 1655 1721 1684 Jerusalem
1735 1657 1817 1684 caele—

1029 1705 1138 1732 stem,et
1145 1701 1289 1727 multorum
1298 1701 1412 1727 millium
1420 1701 1575 1736 angelorum
1584 1702 1796 1736 frequentiam".
1804 1711 1813 1728 ι

1030 1747 1086 1775 Dici
1097 1755 1160 1775 vero
1170 1747 1234 1774 Sion
1247 1747 1345 1782 poterit
1356 1748 1436 1775 etiam
1449 1755 1491 1780 ea,
1501 1756 1561 1783 qua:
1578 1748 1607 1775 in
1622 1755 1730 1776 omnem
1737 1754 1817 1776 terra:

1029 1795 1130 1824 locum,
1149 1801 1195 1828 per
1210 1792 1348 1820 Christum
1357 1793 1506 1820 constituta
1516 1797 1558 1820 est
1570 1793 1702 1826 Ecclesia,
1720 1802 1815 1829 quem-

1030 1839 1174 1866 admodum
1189 1838 1339 1867 Jerusalem
1355 1846 1435 1866 omne
1450 1839 1523 1874 pium
1531 1846 1562 1866 ac
1569 1839 1724 1874 religiosum
1735 1840 1815 1867 civile

1030 1885 1194 1917 institutum,
1204 1885 1276 1920 quod
1285 1892 1346 1911 cum
1359 1884 1429 1920 apud
1439 1885 1512 1911 solos
1522 1889 1625 1912 veteres
1634 1884 1741 1912 Judmos
1748 1886 1814 1912 olim

1028 1932 1182 1964 exsisteret,
1190 1932 1216 1958 in
1230 1931 1404 1958 solitudinem
1415 1935 1525 1965 propter
1532 1931 1652 1965 ipsorum
1661 1931 1814 1966 impietates

1028 1985 1191 2005 conversum
1208 1982 1259 2011 est,
1276 1977 1374 2004 deinde
1388 1985 1486 2004 rursus
1500 1977 1705 2004 renOvationem
1718 1978 1744 2005 in
1760 1986 1814 2005 me-

1028 2025 1082 2051 lius
1102 2029 1281 2052 consecutum
1296 2029 1338 2052 est
1349 2043 1357 2056 ,
1374 2031 1423 2059 per
1441 2023 1543 2051 Christi
1564 2023 1712 2052 Salvatoris
1726 2025 1813 2052 nostri

1029 2070 1184 2098 adventum.
1195 2070 1274 2105 305
1284 2070 1452 2105 Quapropter
1467 2070 1505 2097 ait
1514 2070 1656 2105 prophetia
1673 2079 1679 2097 :
1694 2079 1704 2096 ι
1718 2070 1814 2098 Erum-

1027 2119 1092 2151 pant
1108 2116 1225 2143 laetitiam
1238 2116 1318 2143 simul
1333 2115 1606 2149 desertaJerusalem,
1620 2116 1749 2150 quoniam
1762 2118 1812 2144 mi-

1028 2166 1133 2190 seratus
1143 2167 1184 2189 est
1195 2162 1325 2191 Dominus
1336 2163 1433 2198 ipsam,
1449 2167 1475 2190 et
1483 2163 1606 2190 liberavit
1617 2162 1784 2190 Jerusalem.
1799 2173 1809 2190 ι

1027 2208 1170 2241 Caeterum,
1181 2215 1317 2243 nusquam
1328 2215 1394 2236 sane
1410 2208 1532 2242 aberres,
1546 2208 1570 2235 si
1596 2208 1811 2243 uniuscujusque

1028 2253 1079 2281 viri
1096 2254 1183 2281 sancti
1196 2253 1304 2288 Deoque
1318 2253 1397 2280 amici
1410 2253 1539 2285 animam,
1552 2258 1686 2288 quatenus
1702 2254 1810 2288 quidem

1029 2307 1112 2335 supra
1138 2300 1208 2326 hanc
1223 2299 1306 2326 vitam
1329 2299 1399 2326 elata
1426 2302 1478 2331 est,
1506 2300 1605 2334 quippe
1626 2307 1688 2326 cum
1705 2299 1731 2326 in
1741 2299 1810 2327 coelo

1029 2352 1107 2372 suum
1120 2345 1166 2380 jus
1182 2344 1300 2371 civitatis
1313 2345 1420 2378 habeat,
1434 2345 1683 2379 contempleturque
1700 2351 1732 2371 ea
1750 2352 1810 2379 qua:

1029 2392 1089 2426 ipso
1101 2391 1202 2418 mundo
1215 2395 1278 2419 sunt
1294 2391 1444 2425 superiora,
1463 2390 1529 2418 Sion
1554 2391 1679 2418 nomines
1689 2390 1763 2426 (nam
1776 2399 1810 2418 ex

1030 2439 1252 2474 interpretatione
1276 2439 1477 2473 speculatorium
1497 2438 1657 2473 significat);
1676 2442 1810 2472 quatenus

1029 2490 1119 2513 autem
1132 2486 1159 2513 in
1174 2486 1245 2513 bono
1259 2490 1332 2513 statu
1345 2490 1371 2512 et
1392 2485 1484 2520 quiete
1498 2485 1729 2519 perturbationum
1744 2492 1810 2512 con-

1029 2532 1124 2559 stituta
1155 2536 1217 2563 est,
1240 2530 1391 2558 Jerusalem
1422 2529 1543 2557 eamdem
1574 2529 1703 2564 appelles.
1741 2528 1809 2556 Illud

1029 2577 1100 2604 enim
1121 2584 1219 2604 nomen
1233 2583 1412 2609 iconversum,
1434 2575 1559 2602 visiomzm
1575 2574 1647 2608 pacis
1661 2574 1807 2610 signiﬁcat.

1028 2620 1128 2648 Ordine
1144 2620 1257 2655 posthac
1271 2620 1319 2648 Dei
1342 2619 1376 2647 ad
1401 2626 1492 2646 veram
1519 2619 1675 2653 religionem
1701 2619 1809 2646 vacatio

1029 2667 1158 2703 gentium,
1175 2667 1378 2695 evidentissime
1393 2665 1547 2704 declaratur
1557 2664 1612 2692 illis
1622 2664 1710 2692 verbis
1724 2672 1729 2689 :
1751 2673 1761 2690 ι
1775 2663 1808 2690 Ει

1028 2714 1158 2742 revelabit
1176 2713 1306 2741 Dominus
1323 2713 1394 2740 Deus
1408 2711 1549 2739 brachium
1566 2714 1690 2738 sanctum
1715 2718 1806 2743 suum,

1029 2760 1057 2786 in
1072 2764 1218 2793 conspectu
1235 2759 1355 2785 omnium
1371 2757 1501 2792 gentium,
1518 2760 1544 2783 et
1571 2755 1700 2783 videbunt
1712 2763 1807 2783 omnes

1029 2807 1096 2835 ﬁnes
1122 2810 1202 2834 terra:
1230 2806 1346 2834 salutem
1362 2812 1376 2831 a
1394 2804 1447 2832 Deo
1475 2806 1582 2831 nostro.
1601 2812 1612 2828 ι
1638 2802 1724 2830 Porro
1746 2802 1808 2829 bra-
