2089 3218
305 171 360 199 ωδ

641 168 775 197 EUSEBH
789 167 1028 197 C/ESARIE‘NSIS
1046 162 1125 196 ΟΡῬ.
1139 167 1237 196 PARS.
1256 164 1290 196 il.
1312 185 1347 190 —
1365 169 1613 197 APOLOGETICA.

1879 171 1934 199 484

305 231 398 259 citium
420 229 466 258 Dei
483 231 639 266 neutiquam
669 229 744 256 aliud
771 236 833 257 esse
858 229 1001 257 arbitreris
1011 236 1092 264 quam

1146 229 1234 261 πτίοις
1248 229 1378 262 δουλείας.
1394 230 1479 256 Αὑτὸν
1493 230 1524 265 δὴ
1541 230 1643 256 ἐκεῖνον
1666 230 1711 256 τὸν
1736 230 1865 266 βραχίονα
1886 231 1934 259 tui

307 278 425 306 Verbum
436 281 463 306 et
480 277 657 313 Sapientiam,
672 280 699 304 et
713 276 801 311 ipsum
816 275 972 308 Dominum,
989 276 1036 311 qui
1051 281 1094 303 est

305 325 433 353 Christus
450 323 508 351 Dei.
525 323 583 351 Hoc
597 323 669 350 enim
681 330 714 350 ex
732 322 826 350 multis
851 322 996 350 ostendere
1013 322 1093 350 facile

304 375 358 398 est.
373 369 462 398 Habes
473 374 602 405 praeterea
615 369 642 395 in
657 363 764 399 Exodo,
780 366 863 394 Israel
880 367 913 394 ab
930 365 1092 402 Egyptiaca

304 417 438 444 servitute
452 415 599 443 liberatum
615 414 728 442 brachio
745 413 802 441 Dei.
821 412 911 449 ipsum
928 413 1011 448 igitur
1025 412 1092 440 i'llod

304 460 448 488 brachium
464 459 530 490 Dei,
548 458 620 494 quod
642 459 727 486 veteri
747 458 849 493 populo
864 458 979 485 salutem
1005 457 1093 485 matti-

306 506 455 534 festissime
467 505 566 538 attulit,
579 504 707 532 ontnibus
719 504 845 539 gentibus
859 503 1034 539 aperiendum
1061 510 1094 530 ac

307 552 497 589 detegendum,
517 555 647 586 tanquam
664 550 691 578 id
702 550 774 586 quod
802 551 877 585 prius
892 550 1030 577 occultum
1047 557 1093 577 es-

1145 274 1213 301 Θεοῦ
1235 275 1281 301 τδν
1304 275 1475 309 ἀναφανέντα
1487 275 1597 310 σωτῆρα
1611 274 1657 300 τοῦ
1680 274 1761 301 πάλαι
1783 275 1848 302 λαοῦ
1866 276 1935 302 πᾶσι

1145 323 1201 354 τοῖς
1215 321 1319 348 ἔθνεσιν
1333 320 1662 356 ἁποκαλυφθήσεσθαι,ὡς
1674 320 1706 348 ἂν
1717 320 1747 347 τὸ
1762 321 1826 356 πρὶν
1841 323 1936 348 ἐπικε-

1145 367 1314 404 κρυμμένον,
1335 368 1352 403 ἡ
1370 366 1493 402 παροῦσα
1511 367 1638 402 σημαίνει
1655 367 1816 402 προφητεία.
1833 367 1889 404 Τὴν
1906 368 1935 394 δὲ

1146 414 1297 449 σωτηρίαν,
1310 414 1344 448 ἣν
1367 421 1449 448 φησιν
1475 423 1484 438 ε
1500 412 1612 448 ὄψεσθαι
1637 413 1725 440 πάντα
1741 413 1774 439 τὰ
1791 414 1863 449 ἄκρα
1886 414 1936 448 τῆς

1146 459 1206 494 γῆς,
1223 468 1232 484 ι
1244 459 1291 485 καὶ
1304 458 1338 494 ἣν
1349 459 1483 495 ἀνώτερον
1497 458 1588 494 ἐδήλου
1606 459 1702 493 λέγων,
1713 459 1752 485 ὅτι
1761 463 1772 480 ι
1784 458 1935 495 Ἄκουε-τὴν

1147 505 1253 540 ποιήσω
1264 504 1313 540 τὴν
1326 505 1462 540 σωτηρίαν
1479 513 1537 536 σου,
1555 514 1564 530 t
1581 504 1635 531 ἶσοι
1654 506 1687 540 τῇ
1708 504 1839 540 Ἐϐραίων
1856 506 1934 542 φωνῇ

1146 547 1186 585 τῷ
1196 550 1242 576 τοῦ
1259 549 1345 585 Ἰησοῦ
1357 550 1468 586 ὀνόματι
1481 546 1738 586 προσαγορεῦεσθαι.

308 602 371 632 set,
403 605 525 634 praesens
540 597 681 633 prophetia
704 596 847 632 significat.
874 595 995 623 Salutem
1015 603 1080 623 vero
1103 603 1185 630 quant
1202 597 1268 625 dicit
1294 597 1423 625 «visuros
1450 604 1544 625 omnes
1565 601 1646 625 terra:
1664 597 1763 629 lines.)
1797 602 1825 625 et
1852 605 1933 633 quam

305 646 433 682 superius
452 645 583 674 indicavit
604 651 667 673 cum
690 644 760 672 dixit
777 651 785 671 :
805 653 815 669 ι
832 644 959 671 Auditam
986 643 1083 671 faciant
1105 644 1220 673 salutem
1235 649 1320 679 tuam,
1335 654 1346 671 ι
1362 646 1416 673 cito
1431 645 1502 680 apud
1517 644 1643 673 Hebraeos
1659 645 1717 680 ipso
1733 645 1813 674 Jesus
1824 645 1936 673 nomine

304 693 447 731 appellari.

586 749 701 780 CAPUT
729 746 810 779 XXV.

306 809 346 838 Ab
360 809 459 837 eodem.
477 825 510 831 -—
527 808 604 842 Quod
627 817 718 836 rursus
745 809 872 836 Dominus
889 827 896 839 ,
910 807 996 842 ipsum
1016 802 1093 841 plane

346 845 395 872 Dei
413 845 534 877 Verbum,
547 850 669 872 venturus
683 849 708 871 et
722 849 808 880 gentes
827 848 1032 878 congregatum;
1048 850 1093 868 ca-

341 885 457 908 nentur.

1396 748 1594 776 ΚΕΦΑΛΑῘΟΝ
1614 746 1678 776 κεν.

1153 805 1224 833 Ἀπὸ
1237 805 1290 833 τσῦ
1305 805 1407 833 αὑτοῦ.
1424 805 1512 839 -Ὧς
1525 803 1611 839 αὖθις
1622 807 1740 841 Κύριος,
1754 809 1770 835 ὀ
1784 808 1838 835 τοῦ
1860 810 1934 838 Θεοῦ

1182 841 1476 906 ἓρῑγοὲεςὲαῗρχόμενος,
1498 841 1548 868 καὶ
1568 841 1605 868 τὰ
1629 842 1702 877 ἔθνη
1726 843 1871 876 συνάξειν
1889 848 1934 873 θε-

343 936 354 952 ι
366 926 436 954 Ecce
448 925 580 953 Dominus
593 930 623 953 ut
639 925 710 960 ignis
717 925 817 958 veniet,
834 926 861 953 e't
870 924 941 953 sicut
950 927 1096 958 tempestas

1186 931 1194 947 ι
1207 921 1270 948 Ἰδοὺ
1287 921 1389 957 Κύριος
1412 920 1450 953 ὡς
1468 920 1524 957 πῦρ
1545 920 1615 957 ἥξει,
1629 922 1676 948 καὶ
1699 922 1738 954 ὡς
1757 925 1884 958 καταιγὶς
1899 924 1933 953 τὰ

306 973 473 1007 currusejus
486 972 519 1004 ",
534 981 543 998 ι
554 975 648 1007 etquae
660 976 822 1006 sequuntur.
838 980 847 996 ι
863 970 935 997 Dixit
948 969 1092 996 Dominus:

309 1018 343 1045 Et
357 1025 408 1053 ego
421 1025 503 1052 opera
520 1024 615 1044 eorum
638 1020 666 1044 et
685 1016 878 1051 cogitationem
908 1022 1001 1042 eorum
1026 1014 1093 1046 seio,

303 1069 333 1093 et
350 1073 400 1101 ego
415 1064 495 1092 venio
517 1070 682 1098 congregare
703 1069 800 1090 omnes
825 1066 919 1096 gentes
935 1065 962 1087 et
977 1059 1094 1094 linguas,

303 1115 333 1139 et
345 1110 454 1138 venient
467 1113 494 1137 et
508 1109 639 1136 videbunt
651 1108 764 1143 gloriam
783 1114 889 1139 nteant,
903 1110 930 1133 et
943 1106 1095 1140 relinquam

304 1157 347 1185 cis
358 1157 477 1192 signum,
493 1159 520 1183 et
534 1155 656 1183 emittam
665 1162 699 1181 ex
713 1154 754 1180 eis
765 1153 812 1188 qui
831 1153 927 1180 salvati
944 1151 1046 1179 fuerint
1062 1151 1095 1178 ad

305 1207 412 1238 gentes,
428 1202 510 1237 306
529 1201 555 1228 in
573 1200 697 1232 Tharsis,
710 1203 738 1227 et
762 1197 851 1230 Phud,
870 1202 898 1226 et
912 1197 981 1228 Lud,
997 1200 1024 1224 et
1039 1196 1094 1223 Mo-

304 1247 385 1278 soch,
401 1250 428 1274 et
441 1245 554 1277 Thobel,
582 1250 610 1273 et
632 1245 659 1272 in
676 1243 820 1276 Graeciam,
840 1246 867 1270 et
883 1242 916 1269 ad
932 1242 1036 1270 insulas
1051 1249 1095 1268 re-

307 1296 408 1325 motas,
425 1291 457 1318 ad
477 1298 526 1318 eos
549 1290 596 1326 qui
619 1297 674 1317 non
695 1288 844 1316 audierunt
871 1295 970 1314 nomen
995 1294 1094 1317 meum,

306 1345 396 1372 neque
410 1335 536 1364 viderunt
552 1343 640 1362 meam
663 1335 792 1370 gloriam.
808 1337 835 1361 et
851 1332 1024 1360 nuntiabunt
1037 1338 1095 1358 mea

306 1390 390 1418 opera
419 1382 446 1409 in
477 1381 672 1417 gentiltus".i
701 1380 864 1408 Planissime
896 1379 978 1407 etiam
999 1378 1026 1405 in
1054 1378 1096 1405 itis

307 1428 417 1456 Domini
447 1428 581 1455 adventus
595 1426 631 1454 ad
654 1426 779 1454 homines
802 1426 958 1457 indicatur;
981 1429 1009 1451 et
1029 1432 1098 1459 quo-

307 1475 381 1502 niam
398 1474 442 1501 hic
455 1474 558 1501 dictum
571 1477 624 1505 est,
635 1472 711 1500 illum
722 1475 753 1499 ut
763 1472 852 1507 ignem
871 1476 1029 1503 venturum,
1040 1478 1097 1498 me-

306 1520 361 1547 rito
376 1519 503 1546 Salvator
529 1521 623 1545 noster
639 1518 677 1544 ait
694 1525 700 1543 :
721 1517 836 1552 «Ignem
862 1517 923 1544 veni
946 1517 1054 1544 mittere
1068 1515 1096 1542 in

309 1569 422 1596 terram,
437 1567 464 1591 et
476 1563 542 1599 quid
557 1563 618 1591 volo
634 1563 656 1590 si
667 1562 725 1598 jam
739 1569 872 1590 accensus
889 1565 932 1589 est
945 1561 984 1588 '°?
1000 1571 1009 1587 ι
1027 1561 1096 1588 Cur-

310 1618 358 1637 rus
373 1617 438 1637 vero
460 1608 530 1644 ejus,
545 1609 678 1643 stipantes
705 1607 795 1642 ipsum
822 1606 928 1634 divinas
948 1609 1095 1642 potestates

308 1656 545 1690 inservientesque
575 1654 628 1690 ipsi
654 1658 765 1681 sanctos
793 1652 904 1687 angelos
920 1671 928 1684 ,
955 1651 1096 1679 commode

308 1702 422 1735 dixeris,
448 1701 482 1729 de
494 1701 594 1737 quibus
610 1700 677 1727 illud
692 1700 796 1728 dictum
818 1703 879 1727 est:
902 1708 911 1724 ι
928 1697 961 1724 Et
977 1705 1097 1726 accesse-

308 1752 374 1776 ruttt
398 1747 486 1783 angeli
509 1751 537 1774 et
563 1746 757 1774 ministrabant
773 1745 798 1773 ei
813 1745 847 1778 ³¹,
863 1754 872 1771 ι
893 1748 1004 1772 sanctos
1031 1744 1096 1771 item

306 1794 431 1828 ejusdem
448 1793 586 1828 apostolos
603 1799 637 1820 ac
653 1791 814 1827 discipulos,
830 1791 930 1826 quibus
956 1790 1095 1818 invectum

309 1839 402 1867 divina
412 1843 493 1874 atque
508 1837 638 1865 invisibili
653 1837 754 1864 virtute
771 1836 819 1864 Dei
841 1835 974 1868 Verbum,
986 1842 1094 1863 omnem

308 1885 458 1922 permeavit
469 1889 605 1912 terrarum
620 1884 724 1911 orbem.
742 1883 834 1910 Potest
849 1883 930 1910 etiam
947 1882 1026 1908 aliter
1042 1881 1096 1908 dici

308 1932 345 1958 ad
355 1931 467 1958 verbum
480 1939 487 1957 :
502 1929 591 1965 lgnent
606 1933 633 1956 et
651 1937 749 1957 currus
764 1936 816 1956 una
832 1936 894 1955 cum
903 1928 963 1962 ejus
979 1927 1097 1954 adventu

310 1977 476 2008 denuntiari,
500 1980 610 2011 propter
627 1983 705 2008 eam,
722 1983 783 2010 qua:
810 1974 959 2002 Jerusalem
986 1981 1098 2008 oppres-

309 2024 359 2055 sit,
373 2022 542 2051 obsidionem
558 2026 619 2057 post
645 2021 794 2049 Salvatoris
822 2021 908 2048 nostri
930 2020 1095 2048 adventum:

311 2073 375 2105 post
391 2076 471 2104 quem
496 2068 566 2096 haud
593 2068 690 2099 multo,
722 2067 851 2102 templum
876 2066 985 2102 quidem
1009 2067 1098 2101 ipsum

311 2115 376 2151 igne
397 2115 537 2142 incensum
560 2117 612 2145 est,
625 2117 653 2141 et
666 2117 817 2141 extremam
840 2113 951 2148 pertulit
966 2112 1099 2140 vastatio-

312 2168 386 2188 nem.
408 2159 479 2187 Urbs
495 2167 560 2187 vero
572 2159 740 2187 circumdata
770 2163 813 2186 est
833 2158 960 2186 curribus
979 2162 1006 2185 et
1021 2165 1099 2185 exer-

311 2205 413 2233 citibus
424 2204 544 2238 bellicis;
561 2208 623 2240 post
641 2211 723 2239 quem
739 2210 835 2231 casum
846 2203 927 2230 etiam
939 2210 971 2230 ea
988 2209 1048 2237 quae
1065 2201 1098 2228 de

312 2250 554 2286 cunctisgentibus
574 2250 703 2286 pradicta
727 2249 842 2281 fuerant,
867 2249 932 2275 huic
951 2247 1098 2283 prophetiae
1114 2267 1135 2295 Β

312 2301 529 2324 consentaneum
545 2295 624 2324 tinem
650 2295 746 2323 sortita
777 2298 852 2322 sunt.
875 2294 1020 2324 Caeterum,
1036 2293 1098 2328 quis

312 2350 370 2371 non
385 2342 534 2370 admiretur
557 2341 672 2369 audiens
699 2340 844 2368 Dominum
875 2348 922 2376 per
939 2340 1097 2376 prophetam

312 2389 449 2417 dicentem
459 2398 468 2416 :
487 2398 497 2415 ι
516 2387 601 2416 Venio
615 2395 883 2424 eongregareomnes
898 2390 992 2422 gentes
1003 2390 1030 2414 et
1045 2387 1098 2414 lin-

312 2443 394 2470 guas,
409 2445 420 2461 ι
436 2443 498 2462 cum
510 2435 599 2463 videat
620 2435 649 2463 in
664 2435 739 2463 omni
756 2455 764 2467 ,
780 2441 949 2470 quaecunque
962 2433 997 2460 ab
1010 2433 1100 2460 homi-

314 2481 396 2509 nibus
411 2481 549 2509 ltabitatlr
560 2502 568 2515 ,
588 2485 672 2514 terra,
688 2489 737 2517 per
755 2479 904 2508 Salvatoris
933 2479 1019 2507 nostri
1033 2479 1098 2506 Jesu

313 2526 418 2555 Christi
426 2528 570 2556 adventum
581 2535 614 2556 ac
621 2529 803 2560 vocationem,
815 2530 966 2554 conventus
979 2526 1099 2561 gentium

317 2572 346 2599 in
357 2572 459 2600 Christi
487 2574 596 2602 nomine
621 2574 765 2606 celebrari,
790 2573 952 2608 linguasque
977 2571 1099 2599 omnium

316 2618 458 2646 nationum
469 2620 543 2647 omni
559 2628 659 2656 genere
690 2618 825 2648 sermonis
856 2626 940 2646 unum
962 2617 1047 2645 Deum
1067 2624 1100 2644 at:

319 2661 462 2691 Dominum
486 2665 664 2694 invocantes?
687 2664 808 2700 Denique
832 2667 894 2700 post
922 2664 1014 2691 omnia
1044 2663 1101 2690 hac

316 2708 381 2742 quis
395 2709 543 2744 inspiciens
553 2718 658 2743 omnes,
674 2711 831 2746 quicunque
851 2710 878 2737 in
898 2709 1000 2736 Christi
1022 2708 1100 2736 ﬁdem

319 2757 462 2787 venerunt,
477 2754 590 2782 salutari
610 2756 688 2790 signo
705 2763 754 2791 pro
776 2755 869 2782 annuli
890 2758 954 2782 nota
982 2758 1100 2786 utentes,

318 2806 376 2826 non
393 2800 490 2827 merito
503 2800 688 2836 Obstupescat,
704 2801 726 2829 si
744 2801 838 2828 audiat
846 2804 923 2828 tanto
941 2799 1100 2834 anteipsum

1144 967 1254 1004 ἅρματα
1273 967 1371 994 αὑτοῦ·
1390 977 1400 994 )
1420 967 1468 994 καὶ
1492 967 1572 1002 ἑξῆς·
1603 978 1611 994 ι
1627 966 1694 995 Eine
1715 970 1832 1006 Κύριος·
1849 969 1934 1006 Κάγὼ

1144 1013 1178 1039 τὰ
1193 1013 1260 1049 ἔργα
1276 1013 1366 1040 αὐτῶν
1393 1014 1437 1040 καὶ
1456 1012 1502 1039 τδν
1524 1012 1652 1050 λογισμὸν
1667 1015 1757 1042 αὐτῶν
1772 1016 1932 1052 ἐπίσταμαι,

1145 1059 1192 1086 καὶ
1204 1059 1318 1095 ἔρχομαι
1331 1061 1491 1093 συναγαγεῖν
1503 1060 1591 1087 πάντα
1602 1060 1637 1087 τὰ
1648 1060 1712 1096 ἔθνη
1727 1061 1773 1088 καὶ
1786 1062 1835 1094 τὰς
1846 1062 1934 1096 γλώσ-

1146 1114 1205 1136 σας,
1225 1105 1272 1132 καὶ
1290 1105 1394 1139 ἥξουσι,
1416 1105 1463 1132 καὶ⁴
1485 1105 1596 1140 ὄψονται
1621 1106 1670 1142 τὴν
1696 1106 1775 1140 δόξαν
1801 1117 1861 1142 μου.
1878 1109 1933 1134 Καὶ

1145 1151 1298 1186 καταλείψω
1326 1152 1368 1177 ἐπ’
1384 1151 1473 1178 αὐτῶν
1500 1153 1622 1187 σημεῖον,
1641 1152 1688 1178 καὶ
1708 1152 1878 1185 ἐξαποστελῶ
1903 1154 1934 1186 ἐξ

1145 1197 1233 1224 αὐτῶν
1257 1197 1443 1232 σεσωσμένους
1466 1198 1506 1230 είς
1529 1197 1563 1224 τὰ
1585 1197 1658 1233 ἔθνη.
1676 1198 1716 1230 είς
1740 1199 1859 1234 Θαρσὴς.
1886 1201 1933 1226 καὶ

1142 1243 1221 1274 tim-‘45,
1240 1243 1286 1269 καὶ
1300 1243 1379 1274 Λοὺδ,
1394 1244 1441 1270 καὶ
1460 1243 1563 1279 Mora-ex.
1577 1243 1623 1270 καὶ
1635 1243 1728 1276 Θοὸἐλ,
1748 1245 1787 1276 εἰς
1804 1245 1853 1279 τὴν
1872 1245 1930 1271 Ἐλ-

1145 1289 1222 1321 λάδα,
1239 1288 1285 1315 καὶ
1300 1290 1340 1320 εὶς
1356 1289 1405 1320 τὰς
1418 1290 1516 1325 νήσους
1532 1289 1580 1322 τὰς
1593 1290 1697 1326 πόρρω,
1711 1290 1736 1316 οἳ
1750 1291 1798 1316 οὐκ
1813 1291 1933 1326 ἦκουσὰν

1147 1343 1198 1370 μου
1214 1335 1244 1361 τὸ
1263 1335 1357 1370 ὄνομα,
1373 1334 1429 1361 οὔθ’
1447 1335 1584 1371 ἑωράκασι
1601 1344 1650 1371 μου
1663 1336 1712 1371 τὴν
1725 1335 1813 1368 δόξαν,
1829 1337 1875 1363 καὶ
1888 1337 1934 1363 εὐ-

1144 1379 1290 1414 αγγελοῦσί
1309 1388 1360 1415 μου
1381 1380 1416 1406 τὰ
1436 1380 1505 1416 ἔργα
1530 1381 1559 1407 ὲν
1575 1383 1631 1413 τοῖς
1645 1381 1758 1408 ἔθνεσιν.
1773 1381 1932 1418 »Ἀντικρυς

1146 1427 1192 1453 καὶ
1206 1427 1234 1452 ὲν
1249 1426 1353 1458 τούτοις
1370 1427 1387 1462 ή
1400 1426 1446 1452 τοῦ
1458 1426 1557 1462 Κυρίου
1570 1427 1609 1458 είς
1625 1426 1783 1463 ἀνθρώπους
1799 1427 1932 1463 παρουσία

1145 1472 1281 1508 δηλοῦται.
1299 1473 1355 1499 Καὶ
1371 1472 1520 1508 ἐπειδήπερ
1535 1471 1653 1508 εἴρηται,
1667 1472 1704 1504 ὡς
1720 1472 1775 1508 πῦρ
1791 1472 1877 1508 ἡξειν,
1893 1474 1932 1500 εἰ⁹

1146 1518 1233 1550 κότως
1248 1519 1330 1554 φησὶν
1343 1519 1358 1544 ὁ
1372 1518 1467 1554 Σωτὴρ
1483 1518 1560 1554 ήμῶν
1570 1525 1577 1533 ⁸
1595 1527 1604 1544 ‹
1618 1518 1678 1554 Πῦρ
1689 1516 1770 1554 ἦλθον
1785 1519 1874 1554 βαλεῖν
1885 1520 1933 1546 ἐπὶ

1146 1563 1195 1600 τὴν
1213 1564 1274 1599 γῆν,
1290 1564 1336 1590 καὶ¹
1352 1564 1377 1590 τί
1402 1563 1470 1591 θέλω
1485 1565 1509 1590 εί
1520 1564 1569 1600 ἤδη
1593 1564 1718 1600 ἀνήφθης
1735 1574 1745 1591 ›
1758 1565 1887 1601 Ἀρματα
1904 1565 1933 1593 δὲ

1146 1609 1228 1636 αὑτοῦ
1252 1609 1301 1640 τὰς
1324 1609 1525 1645 δορυφορούσας
1548 1609 1629 1636 αὐτὸν
1642 1609 1718 1641 θείας
1732 1609 1869 1645 δυνάμεις,
1886 1611 1935 1638 καὶ

1145 1655 1208 1686 τοὺς
1223 1654 1488 1690 ὲξυπηρετουμένους
1504 1654 1578 1691 αὐτῷ
1593 1655 1681 1691 ιεροὺς
1691 1655 1833 1689 ἀγγέλους,
1847 1655 1935 1687 εἴποις

1145 1701 1189 1734 ἂν,
1206 1701 1270 1737 περὶ
1287 1698 1325 1728 ὦν
1341 1702 1448 1736 εἴρηται
1460 1709 1466 1715 ⁸
1485 1710 1495 1726 ‹
1512 1701 1566 1728 Καὶ
1582 1701 1734 1737 προσῆλθον
1749 1701 1869 1735 ἄγγελοι,
1887 1702 1935 1728 καὶ

1146 1746 1284 1782 διηκόνουν
1306 1746 1393 1780 αὐτῷ·
1414 1746 1462 1772 καὶ
1483 1747 1545 1778 τοὺς
1565 1746 1654 1782 ίεροὺς
1665 1746 1832 1778 ἀποστόλους
1848 1746 1932 1773 αὐτοῦ

1147 1792 1193 1818 καὶ
1208 1791 1342 1827 μαθητὰς,
1359 1788 1399 1822 οἷς
1415 1791 1594 1827 ἐποχούμενος
1609 1792 1692 1827 ὲνθέῳ
1707 1793 1754 1820 καὶ
1766 1793 1874 1828 ἀοράτῳ
1889 1793 1934 1820 δυ-

1146 1837 1226 1873 νάμει
1238 1839 1252 1864 ὁ
1265 1837 1312 1874 τοῦ
1328 1837 1395 1864 Θεοῦ
1410 1837 1507 1871 Λόγος,
1520 1838 1570 1873 τὴν
1586 1839 1676 1865 πᾶσαν
1689 1838 1831 1875 διέδραμεν
1845 1840 1934 1866 οἰκου-

1149 1884 1242 1919 μένην.
1260 1884 1373 1918 Λέγοιτο
1386 1884 1408 1910 δ’
1419 1883 1452 1910 ἂν
1467 1884 1513 1910 καὶ
1528 1884 1614 1916 ἄλλως
1631 1884 1698 1920 πρὸς
1711 1885 1783 1918 λέξιν
1793 1893 1799 1898 ·
1815 1885 1873 1921 Πῦρ
1889 1886 1936 1912 καὶ

1148 1928 1258 1964 ἅρματα
1277 1928 1506 1963 καταγγέλλεσῡαι
1521 1929 1568 1955 σὺν
1589 1931 1622 1965 τῇ
1644 1929 1726 1956 αὑτοῦ
1740 1930 1877 1966 παρουσίᾳ
1891 1930 1935 1956 διὰ

1147 1974 1195 2010 τὴν
1210 1974 1412 2001 καταλαϐοῦσαν
1428 1974 1584 2010 πολιορκίαν
1600 1975 1650 2011 τὴν
1671 1975 1848 2011 Ἰερουσαλὴμ
1866 1977 1936 2011 μετα

1147 2021 1196 2053 τὴν
1212 2022 1240 2053 ἐς
1254 2021 1329 2056 ἡμᾶς
1347 2020 1447 2055 ἄφιξιν,
1465 2021 1524 2056 μεθ’
1539 2021 1572 2057 ἢν
1588 2021 1640 2049 οὐκ
1659 2022 1698 2054 εἰς
1722 2022 1830 2058 μακρὰν
1850 2024 1864 2049 ό
1885 2023 1934 2057 μὲν

1148 2066 1214 2098 νεὼς
1228 2067 1309 2099 αὐτὸς
1321 2067 1509 2103 ἐπυρπολείτο,
1528 2067 1574 2094 καὶ
1589 2067 1638 2103 τὴν
1658 2068 1775 2104 ἐσχάτην
1790 2068 1935 2103 ὑπέμεινεν

1148 2113 1300 2148 ἐρημίαν,ὴ
1313 2113 1341 2139 δέ
1354 2113 1429 2144 πόλις
1441 2112 1581 2147 ἐκυκλώοη
1593 2113 1645 2139 ὑπὸ
1655 2113 1785 2149 ἁρμάτων
1796 2115 1843 2141 καὶ
1855 2122 1936 2149 στρα-

1148 2159 1266 2186 τοπέδων
1282 2159 1444 2195 πολεμικῶν,
1457 2158 1515 2194 μεθ’
1523 2159 1541 2186 ἃ.
1552 2160 1597 2186 καὶ
1612 2159 1675 2194 περὶ
1686 2159 1739 2185 τῶν
1753 2159 1836 2187 ἐθνῶν
1848 2161 1939 2187 ἀπάν-

1148 2215 1202 2233 των
1223 2206 1430 2242 προηγγελμένα
1446 2205 1597 2242 συμφώνως
1620 2206 1654 2241 τῇ
1676 2206 1826 2242 προφητείᾳ
1842 2206 1935 2239 τέλους

1150 2252 1237 2287 ἔτυχε.
1253 2252 1301 2284 Τίς
1315 2252 1339 2278 δ’
1356 2253 1406 2279 οὐκ
1422 2252 1455 2280 ἂν
1472 2251 1636 2288 θαυμάσειεν
1650 2251 1755 2279 ἀκούων
1767 2251 1814 2278 τοῦ
1830 2252 1934 2287 Κυρίι)

1150 2297 1194 2324 διὰ
1215 2296 1262 2323 τοῦ
1287 2298 1426 2333 προφήτου
1442 2296 1580 2332 λέγοντος·
1599 2297 1752 2333 ιἜρχομαι
1773 2299 1935 2331 συναγαγεῖν

1151 2342 1239 2369 πάντα
1255 2341 1289 2368 τὰ
1311 2341 1375 2378 ἔθνη
1392 2342 1439 2369 καὶ
1451 2341 1500 2374 τὰς
1515 2341 1650 2376 γλώσσας,
1667 2352 1678 2368 ι
1702 2341 1773 2378 ὁρῶν
1797 2341 1857 2368 καθ’
1871 2342 1936 2377 ὅλης

1151 2389 1200 2423 τῆς
1220 2388 1274 2414 τῶν
1296 2387 1444 2423 ἀνθρώπων
1464 2388 1515 2423 γῆς
1536 2387 1580 2414 διὰ
1591 2387 1640 2422 τῆς
1654 2387 1701 2414 τοῦ
1716 2386 1842 2422 Σωτῆρος
1857 2387 1936 2422 ἡμῶν

1157 2434 1244 2470 Ἰησοῦ
1266 2434 1313 2461 τοῦ
1328 2435 1446 2470 Χριστοῦ
1463 2434 1611 2470 παρουσίας
1626 2442 1655 2460 τε
1679 2433 1727 2460 καὶ
1749 2433 1872 2469 κλήσεως
1887 2433 1937 2464 τὰς

1148 2478 1202 2505 τῶν
1213 2477 1297 2505 ἐθνῶν
1309 2479 1468 2513 συναγωγὰς
1478 2479 1520 2504 ἐπ’
1534 2478 1664 2514 ὀνόματος
1674 2478 1720 2504 τοῦ
1733 2478 1852 2514 Χριστοῦ
1869 2486 1936 2512 συγ-

1149 2523 1350 2558 κροτουμένας;
1367 2523 1416 2554 τάς
1436 2532 1465 2550 τε
1486 2523 1610 2558 γλώσσας
1628 2523 1754 2550 ἁπάντων
1776 2522 1830 2550 τῶν
1850 2522 1936 2550 ἐθνῶν

1148 2569 1177 2595 ἐν
1197 2568 1336 2600 παντοίαις
1349 2569 1498 2601 διαλέκτοις
1512 2569 1661 2605 ἀνθρώπων
1675 2569 1720 2596 τὸν
1735 2568 1783 2595 ἕνα
1796 2568 1873 2601 Θεὸν,
1889 2568 1936 2595 καὶ

1149 2614 1250 2650 Κύριον
1261 2614 1494 2650 ὲπικαλουμένας;
1510 2616 1556 2641 καὶ
1570 2614 1618 2641 ἐπὶ
1635 2615 1702 2642 πᾶσι
1716 2614 1745 2640 δὲ
1761 2614 1878 2646 τούτοις,
1894 2614 1936 2645 τίς

1148 2660 1284 2696 θεώμενος
1306 2659 1345 2695 τῷ
1366 2659 1531 2696 σωτηριὼδει
1555 2659 1660 2696 σημείῳ
1681 2659 1785 2691 πάντας
1810 2659 1874 2691 τοὺς
1897 2660 1937 2691 εἰς

1147 2706 1263 2742 Χριστὸν
1278 2707 1492 2739 πεπιστευκότας
1510 2707 1636 2744 σφραγῖδι
1649 2706 1816 2743 χρωμένους,
1829 2706 1879 2732 οὐκ
1904 2705 1938 2732 ἂν

1148 2753 1266 2788 εὐλόγως
1282 2753 1467 2789 καταπλαγείη
1489 2754 1595 2782 ἀκούων
1616 2754 1752 2790 πρόπαλαι
1771 2752 1816 2780 τοῦ
1833 2751 1936 2788 Κυρίου

1148 2799 1304 2835 εἰρηκότοςο
1329 2808 1338 2825 ι
1356 2799 1410 2826 Καὶ
1425 2799 1520 2835 ἥξουσι
1535 2801 1581 2828 καὶ
1594 2800 1704 2835 ὄψονται
1718 2800 1767 2836 τὴν
1778 2799 1857 2833 δόξαν
1871 2805 1936 2835 μου,

355 2874 442 2902 “lsa.
459 2883 530 2909 mi,
549 2876 588 2903 15.
627 2878 649 2892 ”
665 2877 730 2904 ibid.
748 2877 847 2910 i8,19.
887 2877 909 2893 ³⁸
926 2875 993 2904 Luc.
1011 2883 1059 2909 xtl,
1077 2876 1094 2904 4

1161 2876 1184 2892 ³⁸
1211 2875 1303 2903 Matth.
1327 2876 1419 2909 tv,H.
