2089 3218
325 155 376 185 δεῖ

662 155 796 184 EUSEBII
815 154 1054 184 CAESARIENSIS
1074 155 1149 186 OPP.
1167 158 1267 187 PARS.
1290 157 1322 188 Il.
1341 176 1376 182 -—-
1395 159 1645 189 APOLOGETlCA.

1892 163 1946 189 483

329 220 387 248 hac
396 219 512 247 maxima
528 219 604 254 signa
622 218 695 245 illius
720 217 853 245 adventus
866 217 956 244 futura
971 227 976 243 :
989 221 1108 253 gentium

1166 229 1211 256 ρια
1225 221 1274 257 τῆς
1286 221 1367 248 αὑτοῦ
1376 221 1530 257 παρουσίας
1546 219 1654 247 ἔσεσθαι
1664 228 1670 234 ·
1685 219 1779 254 κλῆσιν
1793 220 1948 256 ὲπ”ἀναλή-

329 274 377 301 per
391 270 477 293 totum
495 265 587 292 orbem
613 264 645 290 ad
659 263 843 298 accipiendam
865 271 955 290 veram
970 263 1015 291 Dei
1037 265 1110 292 noti-

328 313 404 343 tiam,
427 310 607 340 vocationem,
626 313 652 335 et
663 307 783 334 Judaica:
799 308 887 343 gentis
900 312 1009 344 propter
1024 309 1112 336 incre-

301 364 309 396 ξ
327 356 468 383 dulitatem
483 354 509 380 in
526 353 614 384 illum,
628 353 736 380 ruinam
751 360 783 380 ac
800 353 986 384 solitudinem.
1002 362 1034 381 ex
1048 362 1112 389 pro-

327 401 442 437 pheticis
458 400 570 427 vocibus
582 398 947 434 didicerimus,'ibidemque
960 399 1111 434 inspexeri-

326 453 399 477 mus,
427 445 508 480 309
532 452 612 479 quem
637 443 745 471 tandem
776 445 880 471 exilum
910 445 1064 472 invenerint
1079 453 1111 471 ea

326 498 387 526 quae
398 491 525 525 praedicta
542 492 662 520 l'uerant.
676 490 733 524 ipse
749 489 877 525 deinceps
893 489 998 521 ordine,
1017 490 1043 517 in
1060 490 1112 518 hoc

326 536 442 572 septimo
455 535 616 571 Evangelica:
636 535 876 562 Demonstrationis
894 535 1039 568 volumine,
1053 543 1111 562 mo-

326 583 391 610 dum
408 583 584 618 contemplari
611 583 782 616 conabimur,
809 582 960 610 secundum
982 589 1062 617 quem
1074 582 1111 608 ait

326 636 356 656 se
364 628 397 655 ad
409 629 532 656 homines
542 628 747 664 commigrasse.
770 629 830 656 1am
847 629 909 656 inde
923 629 1006 664 igitur
1021 629 1112 656 videa-

325 681 398 705 mus.
419 675 545 709 quisnam
562 675 659 702 modus
682 675 728 702 Dei
746 675 779 702 ad
801 675 926 703 homines
942 675 1111 710 migrationis

325 726 469 748 caneretur
481 721 601 754 futurus,
611 727 638 748 et
654 721 762 749 ubinam
776 722 896 756 gentium
911 722 1031 749 oriturus
1043 729 1112 756 pra:-

324 765 472 797 diceretur,
491 769 518 792 et
532 765 567 793 de
579 774 632 800 quo
645 774 743 801 genere
765 766 940 801 profecturus
953 771 1110 793 sanctorum

325 809 465 840 hominum
481 812 593 840 voeibus
610 811 734 839 ferretur.

639 916 753 947 CAPUT
773 920 792 947 Ι.

325 978 365 1005 Ab
383 976 466 1005 Isaia.
491 993 525 997 —
542 977 671 1011 Quisnam
689 978 782 1004 modus
807 985 927 1004 accessus
943 975 1049 1003 Domini
1077 978 1111 1003 ad

651 1012 777 1040 homines.

360 1058 504 1086 Pratdictio
529 1057 686 1085 Judaaorum
713 1058 911 1085 incredulitatis
936 1065 1000 1093 erga
1033 1058 1112 1086 Chri—

324 1109 409 1138 stum,
424 1109 450 1132 et
467 1105 575 1139 signum
597 1104 637 1131 eis
661 1111 676 1130 a
694 1103 807 1130 Domino
822 1103 924 1130 datum.
942 1103 1004 1130 Fuit
1020 1109 1110 1131 autem

324 1150 391 1179 illud
404 1160 412 1177 :
427 1150 510 1186 Virgo
523 1157 656 1185 generans
670 1149 753 1177 Deum
766 1159 773 1183 ;
795 1150 847 1177 sub
862 1150 941 1183 cujus
956 1151 1110 1185 generatio-

324 1205 360 1225 ne
374 1197 537 1224 universalis
545 1195 700 1223 Judatorum
714 1196 833 1223 nationis
849 1197 973 1231 purgatio
991 1197 1109 1224 caneba-

325 1246 388 1276 lur;
403 1246 430 1270 et
442 1242 513 1269 sicut
535 1242 639 1269 externi
667 1245 695 1268 et
719 1242 814 1269 hostes
838 1242 976 1276 regionem
1001 1242 1109 1269 illorum

323 1289 509 1323 occupabunt,
527 1291 554 1315 et
569 1287 800 1322 quemadmodum
817 1294 878 1322 qua:
892 1290 956 1314 ante
972 1286 1109 1314 desertum

325 1335 393 1366 fuit,
419 1334 611 1369 agriculturam
648 1334 742 1361 sortita
759 1328 896 1364 divinam,
913 1332 1028 1360 fecunda
1044 1333 1105 1360 erit.

324 1379 446 1407 Ecclesia
459 1387 491 1406 ex
507 1379 632 1414 gentibus
647 1379 760 1406 collecta
780 1378 853 1405 hune
877 1379 1036 1405 ostendente
1051 1385 1109 1404 mo-

323 1425 389 1452 dum
408 1424 635 1459 quemadmodum
657 1423 765 1451 divinus
783 1423 949 1458 evangelista
971 1422 1108 1456 Joannes,

323 1471 386 1506 plus
400 1478 481 1505 quant
501 1471 618 1497 humana
637 1477 704 1497 voce
724 1469 757 1496 de
783 1469 923 1497 Salvatore
943 1477 975 1497 ac
995 1470 1109 1497 Domino

324 1521 436 1549 nostro,
455 1517 488 1544 de
503 1517 573 1551 ipso,
589 1516 710 1550 inquam,
727 1515 773 1542 Dei
792 1515 880 1542 Verbo
901 1515 1051 1548 disserens,
1064 1524 1108 1544 sa-

322 1569 453 1596 cramque
477 1561 549 1589 illius
569 1560 738 1596 Seripturam
762 1561 1001 1595 narrationemque
1016 1569 1108 1596 aggre-
1122 1563 1142 1590 C

323 1608 401 1636 diens
413 1628 420 1640 ,
435 1616 490 1635 una
505 1615 567 1635 cum
583 1607 642 1642 ipsa
659 1606 693 1633 de
708 1606 754 1633 illa
771 1606 906 1641 theologia
929 1606 1051 1641 ejusdem
1074 1606 1108 1633 ad

322 1654 447 1682 homines
460 1661 613 1684 accessum,
624 1660 672 1687 per
687 1656 857 1687 assumptum
871 1660 971 1687 corpus
985 1653 1106 1686 exponit,

321 1701 363 1728 sic
376 1700 470 1728 dicens
483 1710 489 1727 :
508 1710 517 1726 ‹
538 1700 567 1727 ln
584 1699 718 1734 principio
732 1703 791 1726 erat
803 1698 932 1730 Verbum,
945 1704 971 1726 et
989 1697 1107 1726 Verbum

320 1751 380 1774 erat
392 1747 463 1782 apud
479 1746 578 1777 Deum,
604 1749 632 1773 et
649 1744 719 1773 Deus
749 1750 808 1772 erat
828 1743 945 1772 Verbum
973 1745 1005 1771 ".
1028 1755 1036 1770 ι
1051 1744 1108 1772 lloc

321 1797 381 1819 erat
394 1792 422 1819 in
434 1791 567 1827 principio
579 1791 651 1826 apud
666 1790 767 1822 Deum,
794 1790 885 1817 omnia
900 1798 948 1825 per
963 1790 1051 1824 ipsum
1068 1790 1108 1817 fa-

320 1844 365 1865 cta
373 1841 437 1866 sunt
456 1847 464 1865 :
490 1841 571 1871 atque
584 1837 626 1864 his
641 1837 769 1871 deinecps
787 1835 956 1871 adjungens:
977 1845 985 1861 ι
998 1836 1028 1862 Et
1042 1835 1109 1863 Ver-

321 1885 386 1911 bum
401 1891 466 1911 caro
482 1884 581 1910 factum
597 1887 650 1914 est,
665 1887 691 1910 et
701 1882 833 1909 habitavit
852 1882 879 1909 in
891 1881 971 1909 nobis
988 1882 1021 1909 ³³.
1042 1891 1051 1907 ι
1069 1881 1108 1908 Ita

320 1930 414 1958 divino
428 1929 531 1964 Spiritu
550 1929 656 1956 amatus
671 1929 811 1963 propheta,
824 1936 886 1955 cmn
902 1927 987 1955 Deum
1001 1928 1034 1954 de
1048 1927 1109 1954 Vir-

320 1975 383 2011 gine
407 1975 529 2010 genitum
560 1978 634 2001 esset
661 1974 851 2004 nuntiaturus,
869 1973 1000 2000 visionem
1027 1978 1107 1999 antea

320 2020 467 2055 quamdam
501 2019 573 2046 illius
606 2020 699 2054 gloriae
727 2019 946 2054 contemplatur,
971 2019 1106 2053 talemque

320 2067 483 2102 theologiam
497 2067 645 2094 describit:
669 2076 677 2092 ι
696 2065 758 2093 Vidi
773 2064 916 2092 Dominutn
932 2064 1049 2093 Sabaoth
1063 2074 1107 2093 se-

319 2115 428 2142 dentem
441 2120 522 2148 super
539 2113 607 2140 solio
622 2113 730 2140 excelso
742 2117 769 2140 et
783 2112 904 2144 sublimi,
918 2116 944 2139 et
957 2112 1034 2147 plena
1047 2116 1107 2139 erat

318 2160 417 2188 domus
431 2159 517 2195 gloria
534 2159 602 2194 ejus,
611 2164 637 2186 et
649 2159 785 2193 seraphim
794 2158 903 2186 stabant
914 2158 1017 2185 circum
1032 2165 1105 2192 eum,

317 2212 368 2232 sex
382 2205 432 2231 ala:
447 2204 504 2235 uni,
518 2207 546 2231 et
569 2212 616 2231 sex
632 2204 681 2231 ala:
700 2204 794 2236 alteri,
817 2207 844 2230 et
867 2203 974 2230 duabus
994 2204 1103 2238 quidem

319 2251 446 2287 tegebant
462 2250 569 2282 faciem,
586 2250 691 2277 duabus
706 2252 796 2277 autem
811 2249 937 2276 volabant
963 2249 1044 2283 pedes
1054 2270 1061 2280 ,
1077 2254 1103 2276 et

317 2298 426 2324 duabus
443 2297 589 2327 volabant,
608 2299 634 2323 et
647 2296 729 2332 310
742 2296 896 2322 clamabant
907 2295 976 2321 alter
991 2296 1024 2322 ad
1036 2296 1104 2322 alte-

318 2351 390 2372 rum.
405 2346 432 2370 et
454 2342 598 2369 dicebant:
616 2341 744 2372 Sanctus,
764 2344 876 2368 sanctus
888 2360 896 2372 ,
915 2344 1026 2368 sanctus
1050 2341 1104 2368 Do-

318 2389 409 2417 minus
439 2387 581 2419 Sabaoth,
612 2388 691 2422 plena
723 2391 766 2415 est
793 2387 883 2414 onmis
915 2391 986 2414 terra
1019 2387 1104 2421 gloria

317 2434 377 2467 ejus
389 2434 423 2460 “.
442 2444 452 2459 ι
468 2433 501 2460 Ει
515 2433 643 2468 deinceps
655 2432 798 2467 adjungit:
816 2442 825 2457 ι
846 2432 879 2458 Et
897 2431 987 2458 audivi
1010 2440 1102 2459 vocent

318 2479 425 2506 Domini
439 2479 573 2506 dicentis:
588 2477 673 2510 Quem
695 2478 811 2509 mittam.
829 2481 856 2505 et
869 2477 932 2512 quis
946 2477 995 2504 ibit
1010 2477 1043 2504 ad
1059 2486 1104 2512 po-

318 2525 411 2560 pulum
426 2525 509 2551 hunc.
523 2523 555 2550 Et
566 2524 622 2551 dixi
638 2534 644 2550 :
662 2523 731 2550 Ecce
745 2532 806 2558 ego.
823 2523 900 2550 mitte
916 2531 968 2550 me.
986 2522 1019 2549 Et
1035 2522 1103 2549 dixit

317 2571 352 2598 ad
370 2579 430 2598 me:
455 2570 542 2604 Vade,
560 2575 586 2598 et
600 2571 644 2598 die
666 2571 766 2606 populo
788 2571 852 2597 huic
867 2579 874 2597 :
893 2569 994 2599 Auditn
1011 2570 1103 2596 audie—

318 2616 364 2649 tis,
378 2621 406 2644 et
420 2625 474 2644 non
489 2617 664 2652 intelligetis:
682 2622 709 2644 et
721 2617 858 2644 intuentes
876 2615 1061 2646 intuebimini.
1077 2620 1104 2642 et

318 2667 373 2686 non
385 2660 520 2688 videbitis.
532 2660 661 2688 Crassum
677 2661 749 2688 enim
768 2660 870 2688 factum
886 2664 928 2688 est
940 2667 988 2688 cor
1009 2660 1100 2695 populi

318 2704 400 2740 hujus
411 2725 418 2738 ,
440 2711 466 2734 et
481 2707 593 2734 auribus
610 2707 668 2734 suis
682 2707 799 2741 graviter
814 2705 958 2734 audierunt
969 2726 977 2738 .
993 2711 1020 2733 et
1036 2713 1101 2733 ocu-

319 2751 359 2779 los
383 2760 448 2780 suos
463 2753 620 2780 clauserunt
632 2773 640 2786 ,
658 2761 692 2780 ne
705 2753 815 2787 quando
829 2753 939 2780 videant
950 2753 1038 2780 oculis
1050 2772 1057 2783 ,
1074 2755 1101 2778 et

319 2797 401 2826 corde
414 2797 582 2834 intelligant,
605 2802 632 2826 et
645 2803 852 2829 convertantur,
873 2802 899 2824 et
923 2805 1016 2824 sanem
1034 2805 1098 2830 eos,

353 2894 465 2923 "Joan.
479 2903 498 2930 I,
510 2897 535 2924 t.
575 2896 596 2912 ³³
611 2896 675 2924 ibid.
693 2897 734 2923 14.
776 2896 796 2911 ’³
815 2895 866 2923 lsa.
884 2903 925 2923 vt.
943 2895 1000 2924 1-3.

1161 267 1205 300 ψει
1219 268 1268 302 τῆς
1281 267 1396 303 ἀληθοῦς
1412 267 1574 302 θεογνωσίας
1591 264 1644 293 τῶν
1658 266 1708 293 ἀνὰ
1721 266 1769 302 τὴν
1785 266 1946 303 οἰκουμένη»

1161 313 1255 345 ἐθνῶν,
1269 314 1425 340 ἀπόπτωσιν
1444 322 1473 340 τε
1489 314 1535 340 καὶ
1551 311 1668 348 ἐρημίαν
1684 311 1727 338 διὰ
1739 312 1786 348 τὴν
1808 314 1847 344 είς
1866 313 1949 340 αὐτὸν

1160 359 1289 386 ἀπιστίαν
1312 359 1358 384 τοῦ
1379 358 1511 385 Ἰουδαίων
1536 358 1638 390 ἔθνους,
1658 359 1686 384 ἐν
1711 358 1750 393 τῷ
1777 358 1828 394 πρὸ
1851 359 1949 386 τούτου

1162 405 1356 441 συγγράμματι
1369 405 1412 435 διὰ
1425 405 1478 431 τῶν
1493 404 1667 441 προφητικῶν
1681 404 1775 438 φωνῶν
1792 404 1950 440 μεμαθηκό-

1161 458 1216 481 τες,
1231 450 1444 485 ἐπισκεψάμενοί
1466 458 1494 476 τε
1520 450 1588 476 κατὰ
1606 449 1635 476 τὸ
1653 450 1719 476 αὐτὸ
1742 450 1833 476 ὁποίου
1854 450 1948 483 τέλους

1161 495 1239 530 ἔτυχε
1267 496 1301 522 τὰ
1324 496 1557 532 προηγορευμένα,
1583 495 1646 530 ἑξῆς
1668 495 1715 522 καὶ
1739 495 1892 528 ἀκολούθως
1918 497 1949 524 tv

1162 540 1267 576 ὲῦδόμῳ
1277 540 1362 576 τούτῳ
1378 540 1572 576 συγγράμματι
1586 540 1636 574 τῆς
1645 539 1850 574 Εὐαγγελικῆς
1868 541 1949 568 Ἀπο-

1161 586 1282 619 δείξεως
1300 587 1345 613 τὸν
1358 587 1457 622 τρόπον
1472 586 1655 622 ὲπιθεωρῆσαι
1671 585 1866 621 πειρασόμεθα,
1884 587 1946 614 καθ’

1161 633 1190 658 ὃν
1204 641 1285 668 φησιν
1296 632 1376 659 αὑτὸν
1393 633 1441 668 τὴν
1458 633 1496 664 είς
1508 631 1666 668 ἀνθρώπους
1681 631 1844 667 ποιήσασθαι
1862 632 1934 668 πάρο

1161 678 1216 706 δον.
1233 676 1300 714 Φέρε
1318 677 1364 705 οὖν
1386 679 1508 705 ἐντεῦθεν
1528 678 1577 714 ἤδη
1593 679 1781 714 σκοπήσωμεν,
1798 678 1888 710 ὁποῖός
1905 687 1947 712 τις

1161 725 1175 750 ὁ
1189 726 1286 761 τρόπος
1300 724 1408 751 ἔσεσθαι
1423 725 1471 760 τῆς
1485 725 1531 751 τοῦ
1545 725 1612 751 Θεοῦ
1629 725 1668 756 εἰς
1679 724 1838 760 ἀνθρώπους
1853 725 1948 760 ἐπιδη-

1163 770 1225 805 μίας
1241 770 1407 802 ἐθεσπίζετο,
1423 771 1470 797 καὶ
1493 769 1545 797 ποῦ
1568 770 1619 805 γῆς
1642 769 1856 805 γεννηθήσεσθαι
1877 778 1947 806 προ-

1161 817 1325 852 εκηρύττετο
1339 837 1346 849 ,
1370 817 1423 843 ἀπὸ
1456 816 1532 842 ποίου
1555 823 1585 843 τε
1615 817 1710 850 γένους
1734 816 1946 852 προελεύσεσθαι

1162 863 1266 889 ὲὸοᾶτο.

1425 919 1619 946 ΚΕΦᾹΛΑΙΟΝ
1639 920 1677 946 A’.

1168 962 1234 992 Ἀπὸ
1247 964 1299 992 τοῦ
1315 963 1480 992 Ἡσαΐου.-
1491 966 1538 998 Τίς
1551 967 1566 992 ό
1580 966 1688 999 τρόπος
1700 965 1754 1000 τῆς
1768 965 1820 992 τοῦ
1833 965 1946 1000 Κυρίου

1342 1002 1386 1033 εὶς
1400 1000 1573 1034 ἀνθρώπους
1588 1001 1756 1035 ἐπιδημίας.

1196 1045 1350 1082 Πρόρρησις
1362 1046 1410 1080 τῆς
1424 1047 1463 1077 είς
1475 1046 1590 1081 Χριστὸν
1607 1047 1735 1078 ἀπιστίας
1748 1047 1795 1073 τοῦ
1812 1047 1946 1074 Ἰουδαίων

1161 1092 1261 1124 ἔθνους,
1274 1090 1320 1119 καὶ
1333 1093 1443 1128 σημεῖον
1455 1092 1545 1124 αὐτοῖς
1555 1091 1608 1120 ἀπὸ
1620 1092 1721 1127 Κυρίου
1733 1092 1879 1128 διδόμενον.
1891 1091 1946 1119 Ἦν

1160 1138 1188 1164 δὲ
1202 1139 1291 1165 τοῦτο’
1318 1138 1454 1174 Παρθένος
1467 1139 1533 1165 Θεὸν
1552 1139 1683 1172 γεννῶσα,
1700 1140 1742 1173 ἐφ’
1753 1137 1783 1165 οὗ
1793 1141 1826 1174 τῇ
1839 1139 1946 1173 γενέσει

1161 1184 1317 1219 καθαίρεσις
1328 1185 1460 1220 παντελὴς
1469 1184 1516 1211 τοῦ
1535 1184 1667 1211 Ἰουδαίων
1674 1185 1767 1216 ἔθνους
1776 1184 1944 1217 ἐθεσπίζετο,

1160 1230 1207 1256 καὶ
1218 1231 1255 1262 ὠς
1270 1230 1410 1264 ἀλλόφυλοι
1419 1231 1464 1257 καὶ
1479 1230 1601 1265 πολέμιοι
1611 1231 1659 1266 τὴν
1674 1230 1765 1266 χώραν
1773 1231 1862 1258 αὐτῶν
1877 1231 1943 1258 καθ-

1161 1276 1260 1308 έξουσι,
1286 1276 1332 1302 καὶ
1351 1277 1388 1307 ὡς
1407 1277 1423 1311 ἡ
1444 1277 1506 1311 πρὶν
1529 1276 1631 1311 ἕρημος
1655 1277 1704 1311 τῆς
1718 1276 1810 1302 ἐνθέου
1823 1276 1944 1311 τυχοῦσα

1159 1322 1305 1357 γεωργίας,
1334 1323 1488 1358 εὐφορήσει·
1516 1322 1566 1357 τῆς
1594 1321 1624 1354 ἐξ
1657 1321 1742 1348 ἐθνῶν
1783 1321 1946 1357 Ἐκκλησίας

1159 1369 1253 1395 τοῦτον
1274 1368 1440 1404 δηλουμένης
1461 1368 1507 1394 τὸν
1528 1368 1636 1403 τρόπον·
1654 1367 1748 1403 ὥσπερ
1765 1369 1779 1394 6
1794 1367 1946 1402 θαυμάσιος

1160 1414 1353 1449 εὑαγγελιστὴς
1381 1414 1514 1449 Ἰωάννης,
1541 1414 1643 1449 μείζονι
1666 1414 1683 1449 ἢ
1709 1413 1780 1440 κατὰ
1803 1413 1945 1449 ἄνθρωπον

1161 1460 1349 1495 μεγαλοφωνίᾳ
1367 1459 1413 1486 τὸν
1443 1460 1554 1495 Σωτῆρα
1582 1460 1627 1486 καὶ
1657 1460 1758 1495 Κυριον
1882 1459 1945 1486 θεο-

1159 1505 1256 1540 λογῶν,
1274 1506 1353 1532 αὑτὸν
1373 1506 1404 1542 δὴ
1424 1506 1468 1532 τὸν
1487 1506 1533 1532 τοῦ
1555 1506 1622 1532 Θεοῦ
1642 1506 1737 1540 Λόγον,
1754 1506 1803 1541 τῆς
1819 1514 1850 1540 γε
1870 1506 1946 1541 ἱερᾶς

1160 1550 1270 1586 Γραφῆς
1280 1550 1360 1576 αὑτοῦ
1371 1551 1568 1586 ἀπαρχόμενος,
1579 1551 1646 1586 ὁμοῦ
1657 1553 1689 1586 τῇ
1703 1551 1825 1587 θεολογίᾳ
1838 1552 1885 1578 καὶ
1896 1551 1946 1586 τὴν

1160 1596 1290 1632 ἔνσαρκον
1300 1597 1382 1623 αὐτοῦ
1395 1598 1434 1629 εἰς
1445 1597 1603 1633 ἀνθρώπους
1613 1598 1776 1633 παρίστησιν
1786 1597 1943 1632 ἐπιδημίαν·

1162 1653 1171 1669 ι
1189 1643 1231 1669 Ἑν
1247 1644 1317 1678 ἀρχῇ
1329 1641 1362 1678 ἦν
1372 1645 1386 1670 6
1397 1643 1491 1677 Λόγος,
1506 1643 1552 1669 καὶ
1564 1644 1578 1669 6
1588 1643 1673 1677 Λόγος
1683 1642 1716 1678 ἦν
1730 1643 1798 1678 πρὸς
1812 1643 1857 1669 τὸν
1867 1644 1946 1676 Θεὸν,

1159 1690 1206 1716 καὶ
1215 1689 1280 1721 Θεὸς
1292 1688 1327 1725 ἦν
1341 1690 1355 1716 ό
1365 1689 1460 1724 Λόγος.
1474 1688 1557 1721 Οὗτος
1567 1688 1600 1725 ἦν
1610 1691 1638 1716 ἐν
1649 1690 1718 1725 ἀρχῇ
1733 1690 1800 1725 πρὸς
1811 1690 1857 1716 τὸν
1868 1689 1945 1716 Θεόν·

1159 1737 1247 1763 πάντα
1261 1736 1296 1762 δι’
1310 1736 1391 1762 αὑτοῦ
1409 1737 1526 1770 ἐγένετο,
1546 1746 1554 1761 ι
1579 1737 1676 1771 φήσας·
1697 1736 1799 1768 τούτοις
1815 1736 1878 1771 ἑξῆς
1895 1737 1944 1762 ἐπ-

1158 1784 1242 1817 άγων·
1255 1792 1264 1808 t
1279 1783 1333 1809 Καὶ
1350 1783 1364 1808 6
1376 1783 1460 1816 Λόγος
1476 1782 1543 1817 σὰρξ
1559 1783 1675 1816 ἐγένετο,
1691 1783 1737 1808 καὶ
1746 1783 1899 1817 ἐσκήνωσεν
1917 1783 1945 1808 ἐν

1157 1830 1234 1864 ἡμῖν.
1254 1838 1262 1854 ι
1276 1828 1327 1854 Τὸν
1343 1828 1424 1855 αὑτὸν
1437 1828 1468 1863 δὴ
1481 1829 1580 1863 τρόπον
1596 1828 1643 1854 καὶ
1657 1829 1670 1854 6
1684 1827 1825 1859 θεσπέσιος
1839 1829 1945 1863 προφή-

1157 1883 1207 1910 της
1225 1874 1291 1900 Θεοῦ
1309 1875 1340 1900 ὲκ
1360 1873 1498 1909 Παρθένου
1514 1873 1708 1908 γεγεννημένον
1726 1872 1829 1908 μέλλων
1842 1873 1946 1908 avum-‘-

1159 1921 1275 1957 ρύττειν,
1287 1921 1335 1956 τὴν
1351 1921 1454 1952 ἔνδοξον
1470 1921 1550 1946 αὑτοῦ
1565 1920 1706 1946 θεοπτείαν
1719 1919 1879 1955 προθεωρεῖ,
1893 1915 1944 1945 ὧδε

1157 1968 1207 2003 τὴν
1222 1967 1359 2001 θεολογίαν
1381 1965 1555 2002 ὑπογράφων·
1574 1976 1583 1991 ι
1602 1964 1679 1992 Εἶδον
1699 1965 1745 1991 τὸν
1767 1963 1867 1999 Κύριον
1890 1964 1943 1990 Σα-

1158 2012 1232 2039 ϐαὼθ
1249 2012 1400 2047 καθήμενον
1416 2012 1463 2038 ἐπὶ
1481 2011 1576 2046 θρόνου
1594 2010 1696 2046 ὑψηλοῦ
1713 2010 1760 2037 καὶ
1774 2009 1943 2044 ἐπηρμένου,

1158 2059 1204 2085 καὶ
1221 2059 1326 2093 πλήρης
1346 2059 1360 2084 ό
1381 2055 1455 2088 οἶκος
1476 2057 1525 2091 τῆς
1540 2056 1619 2092 δόξης
1642 2055 1735 2088 αὐτοῦ,
1754 2055 1801 2082 καὶ
1820 2055 1944 2090 capacity.

1158 2104 1330 2139 εἱστήκεισαν
1341 2102 1432 2137 κύκλῳ
1446 2102 1537 2128 αὑτοῦ·
1552 2101 1581 2133 ἒξ
1594 2101 1728 2136 πτέρυγες
1738 2100 1777 2136 τῷ
1788 2100 1837 2131 ἐνὶ,
1853 2100 1900 2126 καὶ
1913 2100 1944 2133 ἒξ

1158 2149 1292 2184 πτέρυγες
1307 2148 1346 2184 τῷ
1364 2148 1420 2174 ἐνίθ
1442 2147 1487 2174 καὶ
1508 2148 1567 2178 ταῖς
1589 2147 1637 2182 μὲν
1655 2146 1731 2173 δυσὶν
1748 2146 1898 2173 ἐκάλυπτον
1912 2145 1944 2172 τὸ

1158 2195 1311 2230 πρόσωπον,
1334 2195 1394 2225 ταῖς
1412 2194 1447 2220 δέη
1462 2193 1521 2220 δυσὶ
1543 2192 1745 2219 κατεκάλυπτον
1762 2193 1825 2223 τοὺς
1846 2191 1941 2223 πόδας³

1120 2235 1141 2262 Ῑ)
1155 2243 1214 2273 ταῖς
1232 2242 1258 2267 δὲ
1278 2242 1353 2267 δυσὶν
1374 2241 1513 2267 ἐπέταντο.
1532 2240 1585 2266 Καὶ
1601 2239 1748 2274 ἐκέκραγον
1765 2238 1857 2273 ἔτερος
1873 2238 1942 2273 πρὸς

1155 2288 1200 2314 τὸν
1217 2288 1319 2323 ἕτερον,
1334 2288 1379 2313 καὶ
1393 2286 1493 2320 ἕλεγοψ
1509 2286 1610 2319 Ἄγιος,
1628 2284 1713 2318 ἅγιος,
1735 2283 1821 2317 ἅγιος,
1839 2282 1942 2318 Κύριος

1155 2333 1279 2365 Σαϐαὼθ,
1296 2332 1402 2368 πλήρης
1417 2332 1491 2358 πᾶσα
1511 2332 1527 2366 ὴ
1545 2331 1580 2364 γῆ
1595 2331 1645 2364 τῆς
1658 2329 1736 2364 δόξης
1750 2329 1843 2355 αὐτοῦ.
1861 2339 1870 2354 ι
1887 2329 1942 2355 Καὶ

1155 2379 1218 2414 ἑξῆς
1241 2378 1369 2411 ἐπιλέγει·
1393 2386 1401 2402 ι
1422 2377 1476 2402 Καὶ
1491 2377 1595 2410 ἤκουσα
1609 2375 1657 2409 τῆς
1673 2374 1763 2409 φωνῆς
1777 2373 1881 2409 Κυρίου
1896 2372 1941 2399 λέ-

1155 2433 1266 2459 γοντος·
1289 2423 1356 2449 Τίνα
1377 2420 1527 2451 ἀποστελῶ,
1559 2421 1605 2446 καὶ
1625 2420 1666 2450 τίς
1685 2418 1846 2453 πορεύσεται
1873 2417 1942 2452 πρὸς

1152 2471 1197 2497 τὸν
1217 2470 1279 2496 lati/1
1294 2468 1402 2500 τοῦτον;
1421 2467 1475 2493 Καὶ
1493 2463 1566 2492 εἶπα·
1588 2464 1652 2491 Ὶδοῦ
1665 2463 1718 2498 ἐγώ
1731 2464 1799 2498 εἰμι,
1814 2463 1944 2490 ἀπόστει-

1153 2517 1197 2544 λόν
1213 2525 1257 2551 με.
1271 2515 1324 2541 Καὶ
1337 2512 1398 2541 εἷπε
1415 2513 1482 2548 πρὸς
1495 2512 1538 2547 μὲ-
1557 2510 1717 2546 Πορεὺθητι,
1740 2510 1786 2535 καὶ
1810 2508 1887 2534 εἰπὸν
1903 2508 1941 2543 τῷ

1153 2563 1209 2599 λαῷ
1223 2562 1320 2596 τούτῳ·
1340 2561 1420 2595 Ἀκοῇ
1442 2559 1584 2589 ἀκούσετε,
1600 2557 1647 2583 καὶ
1660 2557 1690 2582 ου
1708 2555 1745 2590 μὴ
1766 2555 1876 2589 συνῆτε,
1896 2555 1941 2580 καὶ

1154 2610 1296 2645 βλέποντες
1310 2607 1430 2642 βλέψετε,
1446 2606 1493 2632 καὶ
1508 2604 1537 2630 οὑ
1557 2603 1593 2639 μὴ
1613 2602 1694 2636 ἴδητε.
1714 2600 1871 2635 Ἐπαχὺνθη
1887 2600 1941 2634 γὰρ

1153 2657 1171 2692 ἡ
1183 2654 1278 2691 καρδία
1289 2653 1335 2680 τοῦ
1345 2652 1410 2679 λαοῦ
1421 2651 1526 2682 τούτου,
1539 2651 1649 2680 καὶτοῖς
1661 2648 1727 2689 dictv
1735 2646 1825 2673 αὐτῶν
1836 2646 1941 2681 βαρέως

1154 2703 1283 2738 ἥκουσαν,
1297 2701 1344 2726 καὶ
1355 2700 1417 2730 τοὺς
1429 2697 1583 2733 ὀφθαλμοὺς
1593 2695 1682 2722 αὐτῶν
1695 2695 1871 2730 ἐκάμμυσαν,
1890 2694 1940 2728 μή·

1154 2756 1218 2774 ποτε
1241 2747 1315 2774 ἴδωσι
1331 2747 1388 2777 τοῖς
1407 2744 1565 2779 ὀφθαλμοῖς,
1580 2743 1693 2774 καὶτοῖς
1708 2742 1773 2768 ὠσὶν
1789 2739 1938 2769 ἀκούσωσι,

1154 2795 1200 2822 καὶ
1223 2794 1342 2829 ἰὰσωμαι
1361 2792 1466 2824 αὐτούς.
1484 2790 1537 2819 Καὶ
1558 2787 1630 2816 εἶπα-
1649 2789 1720 2820 ’Έως
1741 2787 1819 2819 πότε,
1836 2785 1938 2820 Κύριε,
