2089 3218
180 186 236 216 889

620 182 944 211 DEMONSTRATIONIS
965 173 1195 210 ΕΫΔΝΕΕΙᾸΟᾸΞ
1214 181 1278 209 LIB.
1300 181 1356 210 VII.

1747 183 1800 212 ‘90

181 246 236 272 Καὶ
248 241 333 271 εἷπεν-
354 253 362 269 ι
377 244 449 275 Ἕως
461 244 492 271 ἂν
506 244 667 280 ὲρημωθῶσι
681 244 781 276 πόλεις,
800 244 874 279 παρὰ
884 245 914 270 τὸ
928 245 965 279 μὴ

1023 248 1044 270 et
1064 243 1119 270 dixi
1133 253 1139 270 :
1156 243 1323 278 Quousque,
1340 243 1474 270 Domine?
1497 242 1529 269 Et
1547 243 1614 270 dixit
1628 253 1634 270 :
1655 243 1745 271 Donec
1760 246 1802 270 dr-

182 289 376 321 κατοικεῖσθαι,
386 290 433 316 καὶ
441 287 509 315 οἶκοι
523 288 596 325 παρὰ
606 289 636 315 τὸ
649 289 684 325 μὴ
696 287 764 315 εἶναι
779 289 945 324 ἀνθρώπους.
953 299 962 314 ι

183 336 262 361 Ποῖον
282 334 311 361 δὲ
330 334 439 370 θεμιτὸν
460 334 574 368 φάσκειν
592 335 638 360 τὸν
655 336 796 370 προφήτην
816 335 965 369 ἑωρακέναι

181 380 300 416 Κύριον;
317 380 333 415 ἢ
350 381 379 406 ὃν
404 380 458 411 τοῖς
484 380 549 415 περὶ
567 380 612 406 τὸν
638 381 761 416 Ἀϐραὰμ
782 376 966 416 προπάτορξτιν

180 424 271 461 ὦφθαί
284 435 315 453 τε
331 428 377 453 καὶ
389 426 555 461 ὡμιληκέναι
571 427 600 452 ὲν
613 427 669 458 τοῖς
686 427 736 462 πρὸ
746 427 848 453 τούτων
862 427 967 453 ἀπεδεί-

181 471 284 507 ξαμεκ
307 471 407 498 Τοῦτον
431 471 484 507 γὰρ
508 471 575 507 ὁμοῦ
598 472 663 498 Θεὸν
678 473 725 499 καὶ
741 472 850 508 Κύριον,
869 473 916 499 καὶ
935 472 966 507 δὴ

181 518 296 552 ἄγγελον
314 515 394 549 εἶναι,
412 518 460 545 καὶ
478 518 695 553 ἀρχιστράτηγον
710 518 849 554 δυνάμεως
864 519 966 554 Κυρίου

182 562 448 598 προμεμαθήκαμεν.
465 563 576 589 Μέλλων
591 564 732 599 τοιγαροῦν
746 564 794 599 τὴν
807 565 846 595 εἰς
862 564 966 600 ἀνθρώ-

183 618 251 640 πους
265 609 348 636 αὖτοῦ
365 609 481 645 πάροδον
497 610 512 635 ὁ
532 610 627 645 παρὼν
649 609 726 644 λόγος
746 609 900 642 θεσπίζειν,
919 610 968 646 τὴν

183 655 273 681 ἔνθεον
285 655 366 682 αὐτοῦ
377 655 527 692 προθεωρεῖ
539 655 683 690 βασιλείαν,
696 656 728 682 δι’
740 653 773 691 ἦς
785 665 866 691 φησιν
880 657 967 692 ἑωρα-

184 701 261 728 κέναι
274 701 354 728 αὐτὸν
366 702 519 737 καθήμενον
537 703 583 728 ἐπὶ
599 703 694 738 θρόνου
708 703 809 737 ὑψηλοῦ
823 704 869 729 καὶ
881 705 968 738 ἐπηρ-

186 752 278 782 μενου.
296 744 380 779 Οὗτος
400 747 420 774 δ’
433 747 466 774 ἂν
480 748 523 784 εἴη
540 749 554 774 ὁ
572 748 664 784 θρόνος
679 748 761 775 αὐτοῦ
779 750 881 781 ἐκεῖνος
894 750 908 775 ὁ
923 750 969 776 καὶ

183 794 214 819 ἐν
225 793 264 829 τῷ
279 794 342 829 περὶ
355 794 402 820 τοῦ
422 795 562 829 ἀγαπητοῦ
692 795 883 830 δεδηλωμένος,
899 795 970 822 κατὰ

182 839 224 866 τό·
241 848 250 864 ι
274 840 302 865 ’0
319 839 412 875 θρόνος
433 848 491 871 σου,
505 842 518 867 ὁ
533 840 608 872 Θεὸς,
624 842 663 871 εἰς
678 840 726 866 τὸν
746 840 830 867 αἰῶνα
843 841 889 867 τοῦ
902 841 968 868 αἰῶ-

183 894 239 918 νος,
257 895 265 911 ι
283 887 324 920 ἐφ’
338 886 367 912 ὃν
381 887 427 913 καὶ
445 888 459 913 ὁ
473 887 601 913 ἀνωτάτω
615 887 668 914 τῶν
683 887 753 913 ὅλων
770 888 883 923 ποιητὴς
904 888 969 919 Θεὸς

1019 294 1098 316 serue
1113 289 1168 315 sint
1183 289 1321 320 civitates,
1335 296 1368 317 eo
1383 289 1454 323 quod
1473 297 1525 316 non
1537 289 1631 324 sitqui
1649 290 1800 318 inhabitet:

1017 340 1043 362 et
1060 336 1168 366 domus,
1181 344 1214 363 eo
1230 336 1301 371 quod
1317 343 1370 362 non
1397 335 1451 362 sint
1466 335 1590 362 homines
1605 336 1638 363 ³⁸.
1656 346 1666 362 ι
1680 336 1715 363 At
1729 337 1802 364 enim

1018 389 1097 416 quem
1128 381 1236 408 tandem
1281 380 1423 407 Dominum
1458 380 1500 407 fas
1523 384 1566 408 est
1596 381 1688 410 dicere
1713 382 1802 410 visum

1019 426 1103 453 fuisse
1119 434 1133 452 a
1154 426 1284 461 propheta
1301 432 1397 461 prmter
1408 434 1482 457 eum,
1502 434 1582 461 quem
1598 431 1624 454 et
1639 427 1800 460 Abraham

1019 471 1130 505 reliquis
1149 471 1264 498 Abraha:
1284 471 1420 499 similibus
1445 472 1543 506 priscis
1569 472 1692 506 patribus
1713 475 1801 502 visum

1019 517 1115 548 fuisse,
1129 522 1156 544 et
1175 524 1238 544 cum
1254 518 1355 547 iisdem
1371 518 1490 545 locutum
1504 526 1566 546 esse
1579 538 1586 549 .
1611 519 1639 546 in
1666 520 1803 554 prioribus

1019 563 1095 590 libris
1120 563 1307 591 ostendimus?
1324 562 1400 590 Hunc
1415 564 1487 591 enim
1505 565 1606 598 pariter
1625 569 1652 592 et
1674 565 1759 593 Deum
1776 571 1803 593 et

1019 610 1174 642 Dominum,
1185 616 1212 637 et
1226 611 1289 638 item
1303 612 1428 646 angelum
1443 620 1515 643 esse,
1533 617 1558 639 et
1578 613 1695 647 primum
1717 613 1803 648 impe-

1019 661 1137 683 ratorem
1153 658 1292 691 copiarum
1313 657 1435 688 Domini.
1452 662 1531 685 antea
1550 658 1705 685 didicimus.
1735 658 1803 685 Cum

1019 710 1084 737 ergo
1110 710 1229 737 praesens
1258 704 1399 730 oraculum
1430 708 1503 731 esset
1527 704 1600 730 illius
1621 703 1655 730 ad
1682 703 1804 730 homines

1020 748 1270 783 eommigrationem
1289 749 1481 783 praedicturum
1493 769 1500 779 ,
1526 749 1648 776 divinum
1665 752 1744 776 antea
1772 749 1806 775 ιι.

1021 793 1074 821 lius
1087 802 1199 829 regnum
1214 796 1425 830 contemplatur,
1441 796 1486 822 ubi
1505 796 1542 822 ait
1557 803 1586 822 se
1605 795 1708 823 vidisse
1728 795 1803 822 illum

1021 839 1160 867 sedentem
1176 841 1202 867 in
1224 841 1293 867 solio
1309 841 1427 871 excelso,
1443 844 1469 867 et
1484 841 1604 867 sublimi.
1633 840 1690 867 Hoc
1715 845 1804 868 autem

1021 886 1095 913 illius
1109 886 1206 913 solium
1226 887 1291 913 illud
1305 894 1366 914 esse
1378 887 1588 914 existimandum
1611 891 1664 919 est,
1679 888 1752 922 quod
1779 888 1805 914 in

183 932 281 967 Πατήρ
295 940 323 958 τε
343 932 425 958 αὐτοῦ
440 932 478 964 ὡς
496 932 529 959 ἂν
547 935 686 967 μονογενεί
701 933 748 959 καὶ
764 933 899 968 ἀγαπητῷ
918 942 968 959 κα-

1023 930 1128 959 Psalmo
1153 932 1187 959 de
1209 933 1309 959 dilecto
1335 937 1475 960 ostensum
1497 938 1548 960 est.
1567 933 1593 959 in
1618 933 1672 959 illis
1695 933 1804 960 verbis:

183 976 309 1008 θέζεσθαι
332 977 536 1012 παρεκελεύετο,
560 977 662 1011 λέγων·
684 987 692 1002 ι
712 977 801 1004 Κάθου
823 979 855 1004 ὲκ
876 977 969 1010 δεξιῶν

186 1030 249 1056 μου,
263 1021 315 1053 ἕως
325 1021 358 1048 ἂν
373 1021 411 1047 θῶ
429 1023 490 1053 τοὺς
505 1022 616 1058 ἐχθρούς
632 1031 677 1049 σου
694 1023 837 1049 ὑποπόδιον
851 1023 904 1049 τῶν
920 1031 968 1049 πο-

182 1067 238 1093 δῶν
251 1075 306 1093 σου.
327 1077 336 1093 ι
352 1067 494 1102 Συνίστησι
518 1068 546 1094 δὲ
563 1069 662 1103 ταύτην
683 1068 760 1103 ἡμῶν
780 1068 829 1103 τὴν
853 1069 892 1100 είς
909 1069 970 1100 τοὺς

184 1113 284 1145 τόπους
296 1114 442 1149 ἑρμηνείαν
465 1114 589 1148 Ἰωάννης
605 1114 618 1139 ό
637 1114 845 1149 Εὐαγγελιστὴς,
862 1115 901 1146 ὃς,
919 1124 970 1142 πει-

186 1157 333 1193 ραθέμενος
357 1158 406 1189 τὰς
428 1159 609 1194 προκειμένας
627 1159 673 1186 τοῦ
697 1160 807 1187 Ἡσαΐου
822 1162 923 1195 φωνὰς,
943 1163 970 1187 ὲν

184 1200 231 1234 αἷς
246 1203 346 1238 εἴρητο·
365 1213 373 1228 ι
397 1204 549 1239 Ἑπαχύνθη
561 1205 615 1240 γὰρ
631 1207 647 1239 ἡ
662 1205 758 1239 καρδία
772 1206 819 1233 τοῦ
832 1206 896 1233 λαοῦ
910 1207 971 1233 τοὺ-

185 1257 244 1280 του,
264 1249 310 1276 καὶ
328 1250 383 1281 τοῖς
399 1250 465 1276 ὠσὶν
479 1250 567 1277 αὐτῶν
585 1251 690 1287 βαρέως
705 1252 834 1286 ἥκουσαν,
848 1253 895 1279 καὶ
910 1254 971 1284 τοὺς

185 1295 340 1330 ὀφθαλμοὺς
356 1295 447 1322 αὐτῶν
467 1296 641 1332 ἐκάμμυσαν,
662 1307 671 1322 ι
688 1298 814 1334 ἐπιφέρει
838 1299 901 1334 περὶ
924 1299 970 1325 τοῦ

186 1341 305 1370 γριποῦ
320 1341 414 1376 λέγων·
430 1352 438 1367 ι
458 1342 548 1369 Ταῦτα
564 1342 639 1369 εἶπεν
660 1344 781 1376 Ἡσαΐας,
796 1345 840 1371 ὅτε
855 1343 908 1372 εἶδε
923 1346 971 1379 τὴν

184 1384 265 1419 δόξαν
277 1388 370 1420 αὐτοῦ,
388 1391 434 1416 καὶ
449 1390 621 1427 ἐμαρτύρησε
641 1392 703 1427 περὶ
715 1392 806 1418 αὑτοῦ.
823 1403 831 1419 ι
858 1392 929 1420 Ἰδὼν
939 1394 971 1429 δὴ

187 1430 236 1458 οὖν
254 1434 269 1459 ὀ
292 1439 433 1470 προφήτης
454 1436 502 1471 τὴν
524 1436 569 1462 ἐπὶ
590 1436 636 1463 τοῦ
661 1438 793 1473 πατρικοῦ
814 1438 908 1474 θρόνου
923 1440 972 1474 τῆς

187 1478 280 1505 ἐνθέου
296 1479 374 1515 δόξης
388 1489 418 1507 τε
439 1482 485 1507 καὶ
503 1481 640 1517 βασιλείας
663 1483 766 1519 ἵδρυσιν
783 1484 829 1511 τοῦ
848 1485 972 1521 Σωτῆρος

187 1523 277 1558 ήμιῖιν,
290 1525 328 1560 τῷ
340 1534 370 1552 τε
384 1527 453 1561 ἁγίῳ
466 1527 622 1560 ἐπιθειάσας
639 1529 788 1564 Πνεύματι,
806 1530 851 1557 καὶ
869 1530 972 1565 μέλλων

187 1571 252 1606 ἑξῆς
269 1572 318 1608 τὴν
342 1573 383 1605 είς
411 1574 568 1610 ἀνθρώπους
596 1575 678 1601 αὐτοῦ
700 1576 832 1612 πάροδον,
860 1578 907 1604 καὶ
923 1577 972 1613 τὴν

187 1617 221 1643 ἐκ
241 1617 379 1652 Παρθένου
401 1620 526 1654 γέννησιν
549 1620 725 1657 ὑπογράφειν,
749 1623 971 1659 προμαρτύρεται

186 1662 239 1698 τὴν
251 1663 292 1694 εἰς
307 1664 396 1690 πᾶσαν
413 1664 461 1699 τὴν
474 1665 525 1699 γῆν
545 1665 693 1700 μέλλουσαν
706 1667 813 1694 ἔσεσθαι
829 1668 929 1701 γνῶσίν
942 1677 972 1694 τε

188 1708 237 1737 καὶ
245 1707 407 1743 δοξολογίαν,
416 1710 452 1736 τὰ
467 1712 587 1747 σεραφὶμ
601 1712 717 1746 εἰσάγων
728 1713 877 1740 κυκλοῦντα
891 1714 971 1740 αὐτὸν

188 1754 237 1780 καὶ
253 1754 406 1787 φάσκοντα·
422 1765 431 1781 ι
446 1757 554 1790 Ἄγιος,
572 1758 665 1791 ἅγιος,
682 1758 759 1791 ἅγιος
770 1780 776 1791 ,
795 1758 897 1795 Κύριος
921 1760 973 1785 Σα-

187 1799 274 1832 σαὼθ,
295 1800 400 1837 πλήρης
424 1803 498 1829 πᾶσα
514 1804 531 1838 ὴ
556 1803 591 1838 γῆ
608 1804 657 1838 τῆς
674 1804 752 1839 δόξης
774 1806 865 1832 αὑτοῦ.
880 1815 888 1830 ι
907 1806 972 1832 Τίνα

188 1845 212 1872 δ’
229 1846 262 1872 ἂν
275 1846 317 1882 εἴη
331 1847 365 1874 τὰ
381 1849 511 1883 σεραφὶμ,
522 1849 557 1875 τὰ
566 1850 612 1875 τὸν
626 1850 742 1885 Χριστὸν
758 1851 805 1877 τοῦ
817 1851 884 1877 Θεοῦ
896 1852 974 1887 δορυ-

189 1892 333 1927 φοροῦντα,
350 1893 367 1928 ἡ
384 1893 454 1929 τάχα
470 1894 534 1926 ἴσως
544 1895 666 1929 ἀγγέλων
680 1896 727 1922 καὶ
743 1896 821 1923 θείων
833 1897 972 1932 δυνάμεων

188 1937 275 1972 χοροὶ,
289 1938 306 1973 ἢ
319 1939 365 1965 καὶ
380 1940 525 1975 προφητῶν
538 1941 585 1966 καὶ
606 1940 780 1974 ἀποστόλωνς
794 1942 972 1978 ἑρμηνεύεται

188 1982 245 2018 γὰρ
260 1983 295 2010 τά
317 1985 436 2020 σεραφὶμ
452 1985 530 2020 ἀρχὴ
547 1987 697 2020 στόματος
721 1987 828 2014 αὐτῶν.
852 1988 972 2015 Τοιοῦτοι

188 2029 218 2055 δὲ
232 2030 257 2056 οἱ
273 2031 409 2066 προφῆται
424 2031 471 2058 καὶ
490 2032 641 2064 ἀπόστολοι,
656 2030 693 2059 ὧν
714 2032 758 2060 διὰ
780 2033 827 2061 τοῦ
843 2034 973 2069 στόματος

189 2076 207 2110 ἡ
232 2076 344 2112 ἀπαρχὴ
366 2076 461 2111 γέγονε
482 2077 529 2103 τοῦ
553 2079 687 2114 σωτηρίου
715 2078 910 2115 κηρύγματος*
933 2080 975 2106 διὸ

188 2120 292 2157 ταύτης
305 2122 400 2157 ἔτυχον
416 2123 464 2158 τῆς
488 2124 688 2159 προσηγορίας,
706 2121 742 2150 ὢν
760 2125 806 2151 καὶ
825 2125 872 2151 τοῦ
895 2125 973 2159 ἁγίου

187 2166 347 2202 Πνςύματος
362 2169 390 2194 at
405 2168 543 2203 δυνάμεις,
562 2169 695 2205 πτέρυγες
713 2170 902 2205 ὠνομασμέναι
913 2190 920 2202 ,
939 2170 973 2198 τά

190 2213 241 2247 μὲν
257 2212 352 2247 πρῶτα
364 2215 411 2240 καὶ
426 2213 460 2240 τά
474 2214 575 2241 ὕστατα
587 2215 636 2250 τῆς
653 2215 698 2242 τοῦ
711 2216 778 2242 Θεοῦ
799 2217 884 2251 Λόγου
902 2216 972 2251 γνώ-

190 2266 260 2289 σεως
282 2258 514 2294 ἐπικρύπτουσιν,
537 2260 575 2292 ὡς
595 2261 702 2296 ἄρρητα
721 2262 767 2288 καὶ
794 2262 974 2297 ἀκατάληπτα
991 2278 1011 2304 D

188 2303 254 2335 ὄντα
267 2304 318 2340 τὴν
332 2304 424 2339 φύσιν,
441 2304 474 2332 τὰ
488 2305 516 2332 δὲ
531 2305 600 2341 μέσα
614 2306 664 2340 τῆς
681 2306 745 2342 περὶ
768 2307 850 2334 αὑτοῦ
871 2308 973 2334 οἰκονο-

191 2350 255 2386 μίας
268 2351 453 2385 ἐκφαίνουσι-θ,
464 2352 504 2378 ὅτι
521 2352 551 2387 δὴ
566 2352 634 2387 μόνα
644 2353 751 2386 γνωστὰ
769 2353 853 2380 ταῦτα
870 2353 975 2388 ἀνθρώ-

189 2405 249 2424 πων
261 2397 352 2431 φύσει,
366 2397 419 2424 τῶν
441 2398 568 2424 ἐπέκεινα
595 2399 642 2425 καὶ
670 2398 723 2425 τῶν
744 2399 812 2434 μετὰ
835 2399 922 2426 ταῦτα
946 2400 974 2425 ὲν

189 2442 356 2478 ἀπορρήτοις
373 2443 568 2477 σεσιγημένων.
582 2442 636 2468 Καὶ
654 2442 780 2478 δυνάμεις
800 2443 828 2469 δὲ
842 2444 911 2471 θεῖαι
929 2444 975 2471 καὶ

188 2488 310 2524 οὐράνιοι
330 2486 384 2515 εἷεν
398 2488 442 2519 ἂν,
459 2488 502 2515 διὰ
520 2488 551 2514 τὸ
573 2489 692 2523 σεραφὶμ
711 2488 906 2523 ἑρμηνεύεσθαι
927 2489 976 2523 ἐμ-

189 2534 343 2569 πρησμοι·
360 2534 401 2561 διὸ
419 2534 542 2570 εῐρηται·
565 2544 574 2561 ι
599 2535 627 2561 ὐ
651 2534 734 2561 ποιῶν
758 2535 821 2566 τοὺς
845 2535 976 2569 ἀγγέλους

189 2579 273 2607 αὑτοῦ
286 2580 444 2616 πνεύματα.
462 2581 509 2607 καὶ
525 2581 587 2613 τοὺς
606 2581 777 2616 λειτουργοὺς
793 2580 875 2607 αὑτοῦ
891 2581 976 2616 πυρὸς

191 2625 288 2661 φλόγα.
305 2634 315 2651 ι
330 2626 488 2661 Κεκράγασι
501 2626 529 2651 δὲ
549 2623 621 2652 οὗτοι
644 2626 689 2652 καὶ
706 2625 803 2661 βοῶσιν
823 2625 914 2660 ἕτερος
938 2624 976 2660 τῷ

191 2670 278 2707 ἑτέρῳ
291 2671 362 2698 κατὰ
375 2671 425 2707 τὴν
446 2671 548 2698 οἰκείαν
564 2671 688 2707 δύναμιν,
705 2671 754 2703 τὴν
778 2671 908 2705 ἁγιότητα
928 2671 975 2697 τοῦ

191 2715 400 2752 θεολογουμένου
412 2717 609 2753 παριστῶντες,
624 2717 670 2743 καὶ
683 2716 714 2743 τό
721 2725 752 2750 γε
767 2716 875 2743 πάντων
888 2725 975 2752 παρα-

189 2761 347 2795 δοξάτατον,
370 2762 567 2796 θεολογοῦντες.
591 2763 650 2788 ’Ὁτι
675 2762 711 2797 μὴ
733 2763 811 2797 μόνος
827 2762 874 2789 καὶ
893 2762 927 2788 τὰ
947 2762 976 2788 ἐν

190 2807 299 2843 οὐρανῷ
310 2808 399 2835 πάντα
411 2807 500 2843 πλήρη
514 2808 640 2842 τυγχάνει
654 2807 702 2842 τῆς
714 2806 866 2841 δοξολογῐας
881 2807 973 2840 αὑτοῦ,

1023 985 1032 1000 ι
1052 976 1136 1004 Sedes
1150 981 1208 1010 tua,
1229 977 1310 1010 Deus,
1330 978 1359 1005 in
1385 979 1513 1011 saeculum
1543 979 1634 1006 sreeuli
1647 978 1680 1009 “.
1699 988 1708 1004 ι
1725 986 1807 1013 super

1020 1030 1100 1056 quam
1113 1031 1258 1058 supremus
1269 1028 1296 1051 et
1307 1025 1426 1052 universi
1443 1024 1568 1052 conditor
1585 1025 1665 1056 Dens.
1678 1029 1705 1053 et
1717 1025 1805 1059 ipsius
1846 1049 1850 1053 .

1020 1068 1115 1101 Pater,
1133 1069 1221 1104 ipsum
1238 1074 1367 1105 tanquam
1388 1071 1499 1098 unicum
1516 1078 1548 1098 ac
1565 1071 1694 1098 dilectum
1710 1072 1806 1099 sedere

1017 1114 1269 1148 jubebat,dieens:
1289 1125 1298 1141 I
1315 1116 1384 1143 Sede
1405 1124 1420 1142 ιι
1437 1116 1541 1144 dextris
1557 1117 1638 1149 meis,
1657 1118 1807 1152 donech-

1020 1167 1083 1187 nam
1100 1161 1226 1189 inimicos
1249 1165 1311 1189 tuos
1340 1162 1485 1189 seabellum
1505 1163 1600 1197 pedum
1619 1167 1728 1190 tuorum
1741 1163 1774 1191 ³⁷.
1795 1173 1804 1189 ι

1020 1205 1170 1233 Confirmat
1184 1215 1248 1234 vero
1264 1208 1334 1234 hanc
1351 1212 1472 1235 nostram
1490 1209 1515 1234 in
1528 1208 1577 1235 hos
1590 1209 1662 1236 locos
1678 1210 1807 1244 interpre-

1023 1252 1162 1283 tationem,
1174 1252 1294 1280 Joannes
1311 1254 1486 1288 evangelista.
1509 1254 1554 1289 qui
1572 1259 1716 1289 postquam
1738 1255 1807 1282 cita-

1023 1296 1060 1322 vit
1076 1297 1197 1330 proxime
1214 1298 1351 1332 expositas
1368 1298 1445 1325 lsaim
1461 1306 1542 1326 voces
1553 1319 1561 1330 .
1592 1299 1618 1326 in
1641 1300 1741 1334 quibus
1765 1299 1807 1326 di—
1836 1317 1840 1321 -

1022 1346 1095 1368 etum
1110 1347 1171 1370 est:
1199 1352 1208 1368 ι
1229 1342 1359 1371 Crassum
1380 1345 1453 1371 enim
1476 1345 1576 1372 factum
1597 1349 1639 1372 est
1652 1353 1700 1372 cor
1716 1346 1806 1380 populi

1022 1387 1114 1422 hujus,
1132 1392 1159 1415 et
1177 1389 1288 1417 auribus
1302 1390 1359 1416 suis
1370 1391 1488 1425 graviter
1503 1391 1659 1423 audierunt,
1672 1396 1698 1419 et
1713 1392 1808 1419 oculos

1023 1441 1088 1461 suos
1113 1435 1281 1467 clauserunt,
1302 1446 1310 1461 I
1329 1437 1452 1472 adjungit
1477 1437 1510 1465 de
1528 1438 1646 1470 Christo,
1665 1441 1692 1465 et
1716 1437 1806 1465 dicit:

1025 1488 1035 1504 ι
1053 1479 1114 1506 Haec
1128 1480 1195 1507 dicit
1222 1480 1316 1516 Isaias,
1331 1483 1441 1516 quando
1463 1482 1529 1509 vidit
1552 1484 1666 1517 gloriam
1683 1483 1742 1517 ejus
1755 1503 1763 1514 .
1780 1487 1807 1510 et

1024 1525 1185 1553 testiﬁcatus
1197 1530 1239 1553 est
1270 1526 1303 1553 de
1328 1535 1360 1553 eo
1375 1527 1407 1555 ³⁸.
1426 1536 1437 1553 ι
1452 1527 1519 1554 Cum
1535 1536 1600 1563 ergo
1614 1528 1728 1556 vidisset
1740 1536 1806 1563 pro-

1023 1571 1104 1607 pheta
1125 1571 1276 1599 Salvatoris
1292 1574 1379 1600 nostri
1404 1581 1485 1608 super
1510 1578 1622 1608 paterna
1637 1574 1736 1602 dit-ina:
1751 1582 1806 1601 ma-

1021 1618 1130 1653 jestatis
1145 1626 1177 1645 ac
1192 1619 1266 1654 regni
1284 1619 1348 1646 sede
1363 1620 1580 1653 collocationem,
1593 1621 1739 1656 divinoque
1751 1622 1808 1656 ipse

1023 1669 1096 1692 esset
1113 1664 1216 1700 Spiritu
1244 1666 1390 1693 instinctus
1402 1687 1410 1699 ,
1439 1670 1565 1700 essetque
1584 1666 1714 1702 deinceps
1734 1668 1809 1702 ejus-

1023 1712 1083 1739 dem
1100 1715 1132 1738 ad
1154 1712 1278 1740 homines
1295 1720 1454 1746 accessum,
1481 1717 1625 1747 ortumque
1639 1713 1672 1740 de
1698 1712 1809 1749 Virgine

1023 1757 1221 1792 descripturus,
1239 1759 1315 1793 prius
1332 1759 1493 1786 testiﬁcatur
1508 1766 1581 1791 eam,
1597 1759 1676 1793 311
1694 1767 1755 1793 qua:
1781 1761 1808 1786 in

1024 1811 1131 1831 omnem
1165 1808 1265 1830 terram
1283 1808 1446 1838 perventura
1475 1809 1543 1835 erat,
1575 1806 1810 1840 cognitionem,ct

1023 1851 1116 1885 gloria:
1132 1851 1361 1885 praedicationem.
1375 1852 1433 1886 ipsa
1448 1851 1584 1886 seraphin)
1598 1851 1810 1887 inducens,qu:e

1024 1897 1126 1924 circum
1140 1897 1214 1923 illum
1229 1900 1342 1929 starent,
1357 1904 1389 1924 ac
1409 1897 1532 1924 dicerent
1545 1906 1552 1925 :
1573 1906 1582 1922 ι
1604 1895 1734 1928 Sanetus.
1744 1905 1808 1925 san-

1024 1947 1095 1976 ctus,
1109 1948 1232 1973 sanctus.
1249 1942 1379 1970 Dominus
1399 1942 1529 1974 Sabaoth,
1547 1943 1626 1977 plena
1651 1948 1693 1971 est
1718 1944 1810 1971 omnis

1023 1993 1096 2016 terra
1113 1989 1198 2025 gloria
1211 1989 1280 2023 ejus.
1302 1999 1310 2014 ι
1329 1988 1381 2016 Sed
1402 1997 1525 2024 quaenam
1540 1990 1722 2017 existimanda
1745 1995 1810 2017 sunt

1024 2035 1082 2062 htec
1097 2035 1244 2069 seraphin],
1258 2035 1398 2062 Christum
1414 2035 1462 2062 Dei
1472 2034 1623 2070 stipantia?
1637 2034 1707 2062 Num
1727 2036 1810 2062 I'orsi-

1024 2084 1070 2107 tan
1085 2081 1242 2116 angelorum
1258 2088 1290 2108 ac
1305 2080 1458 2107 divinarum
1478 2084 1644 2113 potestatum
1660 2081 1736 2107 chori
1751 2101 1758 2112 ,
1776 2089 1811 2108 an

1024 2133 1089 2153 vero
1102 2126 1295 2161 prophetarum
1315 2130 1396 2161 atque
1418 2125 1623 2161 apostolorum?
1645 2133 1708 2153 nam
1733 2133 1812 2153 sera-

1026 2172 1098 2205 phim
1115 2172 1138 2199 si
1159 2172 1361 2207 interpreteris.
1380 2173 1483 2199 initium
1502 2173 1555 2199 oris
1572 2173 1689 2207 ipsorum
1704 2173 1810 2200 audias.

1025 2216 1105 2244 Tales
1122 2224 1187 2245 vero
1202 2221 1229 2244 ct
1247 2217 1383 2252 propheta:
1399 2222 1426 2245 et
1444 2217 1571 2253 apostoli.
1585 2225 1632 2252 per
1642 2224 1758 2251 quorum
1767 2224 1810 2249 os,

1027 2263 1112 2289 instar
1125 2262 1316 2296 primitiarum,
1338 2262 1446 2289 initium
1462 2263 1590 2290 salutaris
1608 2262 1811 2297 praedicationis

1029 2307 1129 2334 tactum
1141 2311 1194 2338 est,
1206 2315 1238 2334 ex
1252 2314 1306 2342 quo
1321 2307 1529 2342 appellationem
1546 2307 1616 2334 hanc
1632 2307 1721 2334 sortiti
1737 2311 1812 2338 sunt.

1029 2352 1099 2378 sicut
1119 2352 1200 2378 etiam
1219 2353 1304 2379 sancti
1318 2351 1436 2387 Spiritus
1456 2355 1617 2386 potestates,
1628 2360 1688 2386 quze
1702 2352 1751 2378 ahe
1763 2359 1812 2378 no-

1029 2397 1138 2425 minata:
1163 2401 1241 2428 sunt.
1260 2397 1362 2432 primas
1377 2398 1485 2432 quidem
1511 2402 1593 2433 atque
1617 2403 1753 2425 extremas
1779 2398 1812 2424 de

1029 2442 1084 2470 Deo
1098 2442 1187 2470 Verbo
1212 2444 1314 2471 notitia
1327 2448 1419 2478 partes
1438 2444 1588 2474 occultant.
1607 2449 1737 2478 tanquam
1764 2451 1811 2471 eas

1028 2495 1089 2522 quae
1101 2492 1199 2523 suapte
1217 2492 1313 2515 natura
1337 2496 1425 2524 neque
1440 2489 1493 2515 dici
1519 2497 1606 2523 neque
1620 2488 1813 2523 comprehendi

1029 2534 1152 2568 possint;
1177 2541 1238 2567 qua:
1263 2541 1327 2560 vero
1351 2534 1438 2569 ipsius
1465 2533 1499 2560 de
1526 2533 1573 2560 illo
1597 2532 1815 2568 dispensatioais

1029 2578 1124 2606 mediae
1142 2582 1216 2611 sunt,
1231 2586 1277 2606 eas
1293 2580 1441 2607 ostendunt
1455 2599 1462 2611 ,
1491 2583 1635 2613 propterea
1663 2578 1737 2614 quod
1755 2578 1813 2605 sola

1028 2624 1203 2652 lmenaturae
1217 2625 1356 2653 hominum
1382 2626 1588 2661 cognoscibilia,
1607 2633 1669 2653 cum
1695 2632 1727 2652 ea
1754 2632 1813 2659 quau

1029 2679 1111 2706 supra
1125 2670 1182 2698 hac
1194 2675 1221 2698 et
1236 2675 1298 2706 post
1310 2671 1367 2698 haec
1382 2671 1486 2705 reliqua
1505 2674 1579 2703 sunt,
1596 2671 1624 2697 in
1640 2670 1749 2697 areanis
1764 2670 1814 2696 ha-

1030 2717 1084 2744 bita
1101 2718 1243 2745 sileantur.
1260 2717 1393 2745 Praeterea
1408 2718 1505 2745 divina:
1528 2725 1560 2744 ac
1583 2717 1711 2745 cmlestes
1741 2720 1816 2751 pate—

1028 2767 1124 2795 states,
1140 2768 1268 2799 poterunt
1292 2764 1357 2791 item
1381 2764 1514 2791 vocabulo
1535 2763 1671 2798 seraphim
1684 2762 1813 2796 intelligi,

1028 2812 1163 2843 quatenus
1178 2808 1230 2835 alia
1245 2807 1362 2842 quadam
1379 2808 1482 2836 ratione
1493 2828 1500 2840 ,
1518 2808 1656 2843 seraphim
1670 2815 1704 2835 ex
1728 2807 1813 2834 inter-

225 2898 247 2914 ³⁸
265 2895 314 2924 Isa.
333 2903 371 2927 rt.
388 2895 464 2922 8-H.
505 2895 527 2913 ³⁸
542 2892 613 2923 Psal.
631 2903 703 2925 κων,
719 2895 746 2924 7.
786 2896 806 2912 ³⁷
820 2894 891 2923 Psal.
906 2903 961 2928 cu,

1023 2895 1041 2923 ι.
1080 2897 1100 2912 ³⁸
1119 2896 1196 2924 Joan.
1213 2903 1262 2929 xu,
1280 2886 1378 2930 ιο,ιιζ

376 2944 513 2975 ΡΑτιιοι..
533 2943 591 2974 Gn.
615 2943 718 2976 ΧΧΙΙ.

1597 2947 1633 2977 16
