2089 3218
302 171 351 199 891

639 169 772 197 EUSEBII
791 169 1030 198 CESARIENSIS
1047 169 1123 197 OPP.
1145 168 1235 198 PARS
1253 170 1329 197 ll.——
1341 168 1587 200 APOLOGETICA.

1874 171 1928 198 ως

302 229 465 264 pretatione,
479 227 602 255 incendia
616 227 782 262 signiﬁcant.
793 235 826 255 ex
837 236 893 262 quo
905 228 971 255 illud
984 228 1085 256 dictum

1138 229 1205 255 ἀλλὰ
1217 229 1265 255 καὶ
1288 229 1360 255 πᾶσα
1376 229 1393 264 ὴ
1412 228 1447 263 γῆ
1470 228 1520 263 τῆς
1535 227 1621 263 αὐτῆς
1643 227 1756 263 μετέσχε
1773 227 1928 263 δυνάμεως,

300 281 361 303 est:
380 283 390 300 ε
412 274 464 307 Qui
482 273 548 301 facit
569 274 681 309 angelos
708 280 773 301 suos
802 274 932 308 spiritus.
957 280 985 301 et
1006 274 1089 301 mini-

300 326 374 347 stros
391 327 456 346 suos
472 319 543 353 ignis
560 319 696 345 ﬂammam
710 319 742 346 ".
761 328 770 344 ι
789 318 914 346 Clamant
928 327 1008 353 porro
1017 319 1045 345 hi
1061 323 1087 346 et

301 366 486 392 vociferantur
510 365 578 392 alter
594 365 626 391 ad
640 365 754 391 alterum
773 373 822 399 pro
838 366 896 392 suis
915 365 1031 399 quisque
1046 365 1087 391 vi-

300 412 387 444 ribus,
405 411 577 438 sanctitatem
591 411 661 444 ejus,
675 411 709 437 de
723 419 776 445 quo
789 416 818 437 ut
830 411 863 438 de
884 410 939 438 Deo
968 411 1088 445 loquitur

301 460 442 494 propheta,
455 459 689 490 commendantes,
706 463 732 486 et
744 458 818 493 quod
833 459 954 485 omnium
969 458 1088 485 admira-

299 506 374 533 tione
390 505 580 540 dignissimum
593 510 645 537 est,
658 505 810 540 theologice
822 504 1002 537 declarantes,
1015 505 1087 540 quod

299 559 355 578 non
374 551 455 578 modo
470 550 580 582 cadum,
595 553 622 576 et
644 557 704 585 qua:
717 550 745 577 in
766 550 837 576 cmlo
856 554 938 582 sunt,
960 550 1087 578 universa

299 596 379 630 plena
397 599 461 622 sunt
479 595 623 629 majestate
638 599 665 623 et
678 595 764 630 gloria
779 595 850 630 ejus,
868 595 915 622 sed
930 595 1012 622 etiam
1026 603 1087 623 om-

299 650 342 669 nis
357 647 427 669 terra
443 640 565 675 ejusdem
596 639 734 668 facultatis
754 648 785 668 ac
806 641 916 668 virtutis
940 645 982 668 est
1005 643 1090 677 parti-

298 687 377 722 ceps,
405 692 515 722 propter
533 687 608 722 ejus,
627 688 673 722 qui
690 687 797 715 canitur
818 687 852 715 de
868 688 938 715 cmlo
953 688 986 715 ad
1000 688 1088 715 homi-

299 742 359 765 nes,
374 734 551 765 descensum,
566 733 599 760 de
617 741 672 767 quo
687 733 814 768 deinceps
834 734 942 768 longius
959 741 1088 769 progres-

299 787 360 806 sum
375 779 517 806 oraculum
542 779 724 811 vaticinatur,
752 787 802 806 nec
818 787 874 807 non
893 785 921 807 et
949 785 1039 808 ortum
1055 782 1088 808 de

297 823 422 861 Virgine,
437 829 464 853 et
479 833 526 860 per
541 825 613 853 hunc
630 826 712 854 latius
734 827 760 853 in
783 835 891 855 onmem
908 832 1009 855 terram
1030 828 1088 856 dis-

298 872 460 899 seminatam
475 872 569 906 gloriae
593 872 653 906 ejus
679 872 908 906 celebrationem,
934 874 1086 902 denuntiat.

297 918 431 945 Dominus
455 905 545 945 autem
577 905 698 946 Sabaoth
724 927 758 946 ex
781 905 1023 955 interpretatione,
1045 925 1087 948 est
1104 905 1126 935 Β

299 964 427 991 Dominus
442 965 603 991 exercituum
615 972 625 991 :
641 966 664 993 is
680 969 771 992 autem
786 966 837 993 erit
852 967 957 1001 primus
973 966 1087 1002 impera-

298 1014 342 1036 tor
355 1009 523 1037 exercituum
540 1009 663 1043 Domini,
679 1018 760 1046 quem
779 1012 805 1038 in
819 1012 899 1039 tertio
911 1020 943 1039 ac
956 1013 1087 1040 vicesimo

299 1056 404 1090 psalmo
429 1054 573 1082 Dominum
593 1055 723 1089 Sabaoth,
741 1056 839 1084 divinae
856 1065 952 1085 rursus
966 1063 1087 1093 potesta-

298 1107 350 1132 tes.
363 1102 518 1137 appellant,
548 1102 594 1129 ubi
619 1102 742 1137 ejusdem
771 1104 805 1131 de
832 1109 903 1131 terra
927 1104 961 1131 ad
987 1106 1086 1132 caelum

297 1154 442 1175 accensam
454 1148 588 1182 divinant,
599 1152 626 1175 et
640 1152 741 1175 canunt
756 1150 846 1177 verbis
866 1150 922 1177 illis
935 1159 942 1177 τ
960 1159 971 1175 α
989 1150 1088 1179 Tollite

297 1198 406 1228 portas,
433 1194 589 1229 principes,
619 1199 740 1226 vestras,
771 1198 798 1222 et
820 1195 982 1229 elevamini,
1003 1201 1087 1231 porta:

297 1246 414 1272 aeternae,
430 1245 458 1267 et
482 1240 606 1267 introibit
619 1239 677 1267 Rex
690 1240 792 1275 gloriae.
822 1240 889 1273 Quis
903 1246 944 1268 est
963 1242 1017 1269 iste
1039 1250 1085 1269 rex

297 1286 407 1321 gloriae?
419 1286 549 1314 Dominus
558 1286 738 1318 exercituum,
752 1286 810 1321 ipse
818 1291 860 1314 est
869 1295 916 1314 rex
924 1287 1017 1322 gloria).
1027 1288 1059 1314 ⁸⁸.
1073 1298 1083 1314 ι

297 1332 378 1368 312
395 1331 544 1358 Ilebraicus
567 1332 639 1359 enim
662 1336 805 1360 contextus
825 1333 877 1360 hoc
903 1333 962 1360 loco
989 1342 1086 1362 rursus

298 1378 444 1406 Dominum
462 1376 582 1404 Sabaoth
607 1377 684 1404 illum
707 1382 807 1405 vocat:
825 1383 852 1406 et
875 1379 1005 1414 quoniam
1028 1380 1087 1415 ipse

297 1431 338 1453 est
353 1423 411 1452 Rex
423 1424 525 1458 gloriae,
545 1429 572 1452 et
589 1429 700 1459 propter
714 1424 774 1459 ejus
789 1424 946 1457 adventum,
964 1425 1085 1453 futurum

294 1475 356 1499 erat
376 1476 405 1498 nt
418 1472 507 1498 omnis
526 1475 598 1498 terra
619 1471 778 1506 impleretur
792 1472 878 1507 gloria
899 1473 970 1507 ejus,
988 1474 1087 1501 merito

297 1517 369 1552 quod
387 1518 507 1544 futurum
523 1522 592 1550 erat,
603 1521 630 1544 et
647 1517 674 1543 in
690 1518 832 1553 propheta,
848 1522 875 1545 et
891 1515 918 1544 in
931 1519 1035 1553 psalmo
1045 1519 1087 1546 di-

297 1568 372 1591 ctum
389 1569 439 1591 est.
458 1563 486 1590 in
503 1563 635 1599 propheta
649 1563 759 1598 quidem
780 1563 834 1591 illis
849 1564 939 1591 verbis
953 1573 958 1591 :
978 1574 987 1590 ε
1002 1564 1084 1593 Plena

296 1614 339 1637 est
351 1611 441 1638 omnis
457 1614 529 1637 terra
547 1610 633 1645 gloria
646 1610 726 1644 ejus;
745 1620 754 1636 ι
769 1610 795 1637 in
811 1611 916 1645 psalmo
930 1615 1020 1638 autem
1033 1612 1086 1638 ini-

296 1657 334 1683 tio
351 1657 442 1683 statim
460 1656 506 1683 ubi
526 1656 564 1682 ait
579 1665 585 1682 :
604 1665 614 1681 ι
631 1655 740 1683 Domini
764 1659 807 1684 est
823 1661 895 1683 terra
910 1660 937 1684 et
949 1657 1086 1692 plenitudo

295 1703 374 1738 ejus,
403 1702 478 1730 orbis
504 1705 651 1734 terrarum,
668 1706 695 1729 et
721 1710 817 1730 omnes
836 1703 883 1738 qui
907 1703 1032 1731 habitant
1057 1704 1086 1731 in

295 1747 373 1775 eo“.
389 1757 398 1773 ι
419 1746 468 1774 His
477 1751 569 1774 autem
585 1747 715 1774 vaticinio
728 1748 943 1782 comprehensis,
958 1748 1086 1783 deinceps

296 1801 459 1829 progrchus
481 1793 616 1829 propheta
633 1793 799 1821 testiﬁcatur
819 1795 892 1829 quod
914 1795 976 1821 licet
996 1795 1085 1822 omnis

295 1845 369 1866 terra
391 1840 483 1867 futura
501 1840 537 1867 sit
558 1840 636 1874 plena
665 1840 751 1875 gloria
769 1841 846 1874 ejus.
863 1844 984 1868 attamen
1009 1841 1085 1868 illum

295 1885 408 1913 Iudaica
424 1893 490 1921 gens
506 1890 653 1920 acceptura
662 1893 716 1913 non
730 1886 776 1913 sit.
792 1885 887 1920 Itaque
903 1886 956 1913 ait:
973 1885 1005 1913 Et
1016 1886 1086 1913 dixit

297 1930 430 1959 Dominus
454 1932 511 1966 (ille
534 1932 661 1960 videlicet
681 1932 727 1967 qui
752 1932 828 1959 visus
850 1932 937 1959 fuerat
953 1932 1085 1960 Dominus

298 1977 417 2004 Sabaoth
434 1977 540 2012 ),Quem
556 1979 660 2005 mittam
671 1999 677 2008 .
690 1979 787 2012 etquis
802 1978 882 2005 vadet
907 1979 940 2005 ad
956 1978 1084 2013 populum

296 2023 388 2050 hunc?
407 2023 439 2050 Et
464 2023 531 2057 dixi,
550 2023 619 2052 Ecce
632 2032 681 2059 ego
693 2032 764 2055 sum,
781 2025 858 2052 mitte
873 2032 926 2052 me.
947 2024 980 2051 Et
993 2025 1082 2052 dixit:

297 2068 381 2102 Vade,
390 2074 416 2096 et
424 2070 466 2097 die
479 2071 578 2105 populo
591 2071 664 2102 huic,
675 2071 767 2098 auditu
776 2071 891 2099 audietis
904 2076 993 2099 etnon
1005 2072 1084 2098 intel-

297 2115 388 2150 ligetis
399 2136 406 2147 ,
427 2120 454 2143 et
478 2117 614 2144 intuentes
637 2117 819 2149 intuebimini,
835 2121 862 2145 et
876 2125 930 2144 non
947 2117 1082 2145 videbitis.

296 2161 425 2189 Crassum
435 2163 508 2190 enim
520 2163 620 2190 factum
628 2168 669 2191 est
678 2171 726 2191 cor
734 2164 825 2199 populi
834 2164 926 2199 hujus.
935 2168 962 2191 et
971 2165 1084 2191 auribus

296 2208 354 2235 suis
369 2208 488 2243 graviter
503 2209 659 2241 audierunt,
675 2214 702 2237 et
717 2210 812 2237 oculos
825 2206 890 2237 'suos
914 2210 1082 2243 clauserunt,

1138 275 1182 302 διὰ
1197 275 1246 311 τὴν
1268 275 1297 308 ἐξ
1322 274 1443 310 οὐρανῶν
1459 275 1499 306 είς
1522 273 1681 310 ἀνθρώπους
1695 273 1777 300 αὑτοῦ
1801 273 1931 306 θεσπιζο-

1141 322 1224 357 μένην
1238 321 1359 353 κάθοδον,
1375 322 1408 357 ἡν
1425 321 1527 356 προῖὼν
1547 321 1611 355 ἑξῆς
1625 321 1639 346 ὀ
1655 321 1731 355 λόγος
1750 321 1928 357 προφητεύει,

1138 368 1186 402 τὴν
1197 369 1228 394 ἐκ
1241 367 1379 403 Παρθένου
1395 368 1501 401 γένεσιν
1515 367 1562 393 καὶ
1574 367 1623 402 τὴν
1642 367 1685 393 διὰ
1706 367 1808 402 ταύτης
1820 369 1860 399 είς
1876 369 1927 394 πᾶ-

1140 423 1188 440 σαν
1204 414 1252 448 τὴν
1270 414 1321 448 γῆν
1335 413 1540 447 ἐφαπλωθεῐσαν
1556 412 1710 447 δοξολογίαν
1727 414 1809 440 αὐτού
1827 414 1930 450 κηρύτ-

1138 469 1200 486 των.
1227 460 1327 495 Κύριος
1349 461 1377 486 δὲ
1400 460 1513 486 Σαϐαὼθ
1539 460 1719 496 ἑρμηνεύεται
1747 461 1854 494 Κύριος
1869 452 1930 487 uir

1138 506 1308 540 δυνάμεων
1333 506 1412 537 αὐτὸς
1428 506 1450 532 δ’
1468 506 1500 532 ἂν
1521 506 1563 541 εἴη
1580 507 1595 532 ὁ
1609 506 1829 541 ἀρχιστράτηγος
1846 505 1929 533 δυνά-

1141 561 1213 588 μεως
1225 553 1339 588 Κυρίου,
1351 553 1380 578 ὃν
1399 553 1445 578 καὶ
1465 553 1492 578 ὲν
1515 555 1557 587 κγ’
1572 552 1672 587 ψαλμῷ
1694 551 1795 587 Κύριον
1813 551 1929 578 Σαϐαὼθ

1138 600 1166 625 αι
1182 599 1252 625 θεῖαι
1275 599 1355 625 πάλιν
1372 598 1540 625 ἀποκαλοῦσι
1565 599 1711 634 δυνάμεις,
1728 598 1778 634 τὴν
1803 597 1858 625 ἀπὺ
1875 597 1929 632 γῆς

1139 645 1179 675 εἰς
1191 644 1322 680 οὐρανοὺς
1334 644 1426 670 ἄνοδον
1440 643 1522 670 αὑτοῦ
1535 643 1720 675 θεσπίζουσαι,
1732 643 1766 669 δι’
1779 640 1817 670 ὧν
1831 650 1927 677 φασιν·

1142 700 1151 716 ι
1167 690 1267 725 Ἄρατε
1293 690 1389 722 πύλας,
1408 690 1432 716 ol
1447 689 1587 725 ἄρχοντες,
1607 689 1694 724 ὑμῶν,
1711 689 1757 715 καὶ
1771 688 1909 724 saepem
1919 708 1928 720 ,

1139 736 1221 763 πύλαι
1240 735 1354 767 αἰώνιοι,
1377 736 1423 762 καὶ
1443 735 1624 762 εἰσελεύσεται
1643 735 1657 761 ὁ
1675 734 1800 770 βασιλεὺς
1817 733 1868 769 τῆς
1883 733 1930 760 δό-

1140 782 1196 817 ξης.
1226 782 1274 813 Τίς
1303 784 1377 808 ἐστιν
1391 780 1467 812 οὗτος
1478 782 1492 807 ὁ
1508 781 1634 816 βασιλεὺς
1649 781 1697 816 τῆς
1710 780 1806 815 δόξης;
1826 779 1930 815 Κύριος

1138 828 1188 863 τῆς
1209 827 1349 863 δυνάμεως
1360 848 1366 859 ,
1385 827 1466 859 αὑτός
1489 828 1563 854 ἐστιν
1577 827 1591 853 ὁ
1604 825 1728 861 βασιλεὺς
1744 826 1793 860 τῆς
1809 824 1897 860 δόξης.
1915 835 1925 850 ι

1139 871 1176 896 Τὸ
1194 871 1258 905 γοῦν
1279 871 1420 906 Ἐὃραῖκὺν
1441 871 1520 898 πάλιν
1547 870 1664 897 ἐνταῦθα
1685 870 1786 906 Κύριον
1813 869 1927 897 Σαὸαὼθ

1140 916 1220 942 αὑτὸν
1233 916 1310 942 καλεί
1322 925 1328 931 ι
1349 916 1396 942 καὶ
1418 916 1565 951 ἐπειδήπερ
1580 916 1661 947 αὑτός
1682 916 1756 942 ἐστιν
1769 916 1784 942 ὁ
1800 915 1928 950 βασιλεὺς

1139 963 1189 998 τῆς
1206 962 1294 998 δόξης,
1308 963 1352 989 διά
1365 971 1395 989 τε
1409 963 1458 997 τὴν
1475 962 1622 997 ἐπιδημίαν
1639 962 1721 988 αὑτοῦ
1737 961 1832 997 ἔμελλε
1850 962 1928 989 πᾶσι

1139 1010 1156 1044 ὴ
1170 1009 1204 1044 γῆ
1218 1008 1387 1044 πληροῦσθαι
1398 1009 1446 1043 τῆς
1460 1008 1538 1043 δόξης
1551 1007 1643 1039 αὑτοῦ,
1658 1007 1770 1039 εἰκότως
1785 1007 1816 1033 τὺ
1830 1006 1929 1042 μέλλον

1141 1055 1249 1081 ἔσεσθαι
1277 1054 1305 1081 ἐν
1327 1063 1357 1080 τε
1382 1054 1421 1089 τῷ
1447 1055 1574 1090 προφήτῃ
1598 1054 1741 1087 λέλεκται,
1765 1053 1813 1080 καὶ
1835 1054 1864 1080 ὲν
1887 1052 1928 1088 τῷ

1139 1100 1252 1136 ψαλμῷ·
1268 1101 1297 1126 ὲν
1315 1100 1364 1135 μὲν
1379 1100 1417 1135 τῷ
1429 1101 1553 1136 προφήτῃ
1570 1100 1615 1127 διὰ
1628 1100 1686 1133 τοῦ,
1707 1111 1716 1126 ι
1731 1099 1840 1136 Πλήρης
1851 1100 1928 1127 πᾶσι

1140 1148 1157 1182 ή
1174 1147 1211 1182 γῆ
1235 1147 1284 1182 τῆς
1303 1147 1382 1182 δόξης
1401 1146 1500 1173 αὑτοῦ⁸
1516 1157 1524 1171 ι
1545 1147 1574 1172 ὲν
1589 1147 1617 1172 δὲ
1636 1146 1675 1181 τῷ
1693 1146 1792 1181 ψαλμῴ
1813 1145 1857 1172 διὰ
1877 1144 1926 1181 τῆς

1140 1194 1226 1229 ἀρχῆς
1247 1193 1418 1229 φασκούσης²
1438 1203 1447 1219 ι
1462 1193 1515 1220 Τοῦ
1532 1193 1635 1229 Κυρίου
1650 1195 1667 1229 ή
1689 1193 1725 1228 γῆ
1745 1192 1837 1220 καὶτὸ
1858 1191 1928 1228 πλή-

1141 1248 1220 1274 ρωμα
1230 1239 1324 1274 αὐτῆς,
1335 1240 1352 1274 ἡ
1363 1239 1518 1274 οἰκουμένη,
1528 1240 1576 1266 καὶ
1592 1239 1690 1271 πάντες
1700 1241 1724 1266 οἱ
1738 1239 1926 1271 κατοικοῦντες

1140 1286 1169 1312 ἐν
1184 1286 1262 1321 αὐτῇ.
1279 1295 1289 1312 ι
1315 1285 1422 1312 Τούτων
1447 1286 1681 1321 τεῦεσπισμένων,
1705 1287 1768 1322 ἑξῆς
1786 1286 1890 1319 ὑποϐὰς
1911 1288 1927 1313 6

1140 1332 1282 1367 προφήτης
1297 1331 1474 1367 μαρτύρεται,
1486 1332 1526 1358 ὅτι
1543 1332 1586 1368 δὴ,
1601 1333 1625 1358 ει
1648 1332 1695 1359 καὶ
1717 1333 1822 1368 πλήρης
1846 1332 1925 1359 ἔσται

1140 1378 1213 1403 πᾶσα
1231 1378 1248 1412 ἡ
1264 1378 1298 1412 γῆ
1314 1378 1362 1412 τῆς
1383 1377 1461 1412 δόξης
1484 1377 1583 1410 αὑτοῦ,
1603 1378 1671 1405 ἀλλά
1691 1387 1722 1412 γε
1742 1378 1773 1404 τὸ
1791 1378 1928 1405 Ἰουδαίων

1139 1423 1214 1454 ἔθνος
1232 1424 1262 1449 οὺ
1280 1424 1454 1459 προσήσεται·
1477 1424 1517 1450 διό
1532 1432 1613 1459 φησι·
1629 1433 1638 1450 ι
1658 1425 1713 1451 Καὶ
1727 1421 1788 1451 εἷπε
1810 1424 1924 1460 Κύριος,

1138 1469 1218 1501 αὐτὸς
1240 1469 1339 1505 δηλαδὴ
1350 1470 1364 1495 ὁ
1376 1469 1495 1505 τεθεωρη
1500 1470 1579 1504 μένος
1591 1470 1692 1506 Κύριος
1705 1469 1817 1497 Σαϐαὼθ
1827 1478 1834 1485 ·
1857 1470 1926 1497 Τίνα

1139 1514 1290 1542 ἀποστείλω
1303 1523 1310 1547 ;
1329 1516 1374 1542 καὶ
1394 1515 1436 1547 τίς
1457 1516 1618 1551 πορεύσεται
1638 1516 1706 1552 πρὸς
1721 1516 1766 1542 τὸν
1781 1515 1844 1543 λαὸν
1860 1515 1908 1543 to:
1921 1533 1926 1536 -

1138 1570 1201 1594 τον;
1218 1562 1272 1588 Καὶ
1284 1560 1364 1588 εἶπα·
1385 1561 1449 1588 Ἰδού
1478 1563 1536 1596 εἰμι
1554 1562 1620 1596 ἐγὼ,
1638 1562 1798 1589 ἁπόσ-ιειλόν
1809 1571 1854 1598 με.
1869 1562 1927 1590 Καὶ.

1136 1605 1209 1634 εἷπε·
1234 1607 1401 1643 Πορεύθητι,
1427 1609 1473 1635 καὶ
1492 1606 1570 1635 εἷπον
1593 1609 1632 1644 τῷ
1648 1608 1704 1644 λαῷ
1720 1609 1823 1645 τούτῳ·
1842 1609 1925 1645 Ἀκοῇ

1137 1655 1278 1687 ἀκούσετε,
1292 1658 1338 1683 καὶ
1354 1657 1383 1683 οὐ
1402 1658 1439 1693 μὴ
1453 1658 1549 1693 συνῆτε
1561 1667 1567 1673 ·
1585 1658 1631 1684 καὶ
1643 1658 1786 1693 βλέποντες
1799 1659 1924 1694 βλέψετε,

1136 1703 1184 1729 καὶ
1216 1702 1247 1728 οὗ
1275 1703 1312 1738 μή
1337 1703 1419 1738 ἴδητε.
1448 1703 1600 1739 Ἐπαχύνθη
1629 1704 1684 1739 γὰρ
1707 1705 1724 1740 ἠ
1753 1703 1852 1739 καρδία
1874 1703 1924 1731 τοῦ

1136 1748 1199 1774 λαοῦ
1216 1748 1321 1780 τούτου,
1335 1748 1382 1775 καὶ
1402 1750 1457 1780 τοῖς
1474 1749 1541 1775 ὠσὶν
1559 1748 1648 1776 αὐτῶν
1672 1748 1777 1785 βαρέως
1792 1749 1925 1785 ήκουσαν,

1136 1794 1183 1820 καὶ
1206 1793 1268 1825 τοὺς
1296 1794 1450 1829 ὀφθαλμοὺς
1477 1794 1567 1821 αὐτῶν
1597 1794 1780 1830 ἐκάμμυσαν,
1816 1795 1925 1830 μήποτε

1137 1840 1212 1866 ίδωσι
1231 1841 1286 1872 τοῖς
1301 1840 1450 1875 ὀφθαλμοῖς
1472 1841 1577 1872 αὐτῶν,
1591 1842 1639 1868 καὶ
1660 1842 1716 1873 τοῖς
1741 1841 1808 1868 ὠσὶν
1831 1841 1924 1868 αὐτῶν

1135 1886 1281 1919 ἀκούσωσι,
1295 1887 1341 1913 καὶ
1361 1888 1394 1922 τῇ
1411 1887 1509 1923 καρδία
1531 1887 1642 1918 συνῶσι,
1659 1888 1705 1914 καὶ
1725 1887 1923 1923 ὲπιστρίψωσι,

1136 1930 1183 1959 καί
1202 1933 1320 1968 ίάσωμαι
1333 1934 1440 1965 αὐτούς.
1453 1943 1462 1959 ι
1482 1933 1520 1960 Δι’
1532 1930 1569 1961 ὦν
1583 1933 1712 1970 ἄντικρυς
1729 1933 1852 1966 θεσπίζει
1871 1934 1924 1969 τὴν

1135 1979 1267 2015 ἐσομένην
1289 1980 1329 2011 είς
1347 1980 1427 2006 αὐτὸν
1442 1980 1593 2014 ἀντιλογίαν
1615 1979 1664 2006 τοῦ
1691 1979 1825 2006 Ἰουδαίων
1842 1978 1922 2013 λαοῦ,

1135 2027 1182 2052 καὶ
1194 2027 1231 2057 ὡς
1250 2026 1359 2061 ὖψονται
1375 2027 1424 2061 μὲν
1442 2027 1533 2058 αὑτὸν,
1550 2027 1581 2053 οὺ
1603 2027 1656 2062 μὴν
1679 2026 1853 2062 προσέξουσι,
1879 2026 1923 2058 τίς

1135 2073 1176 2108 εἴη
1187 2081 1193 2087 ·
1208 2072 1331 2106 λέγοντός
1343 2081 1373 2098 τε
1392 2072 1421 2098 ὲν
1435 2073 1526 2103 αὐτοῖς
1542 2073 1588 2098 καὶ
1603 2072 1774 2104 διδάσκοντος
1791 2071 1924 2100 ἀκούσαν-

1134 2128 1189 2150 ται,
1214 2120 1245 2145 οὐ
1272 2120 1325 2154 μὴν
1341 2119 1388 2145 καὶ
1414 2119 1572 2154 συνήσουσιν
1595 2118 1651 2145 οὗθ’
1673 2119 1747 2151 ὅστις
1769 2119 1807 2146 ὢν
1828 2119 1923 2152 αὐτοῖς

1134 2165 1289 2198 διαλέξοιτο,
1303 2165 1359 2192 οὗθ’
1371 2165 1442 2201 ἆπερ
1454 2166 1545 2196 αὐτοῖς
1564 2166 1613 2200 τῆς
1630 2166 1726 2201 καινῆς
1745 2165 1923 2198 διδασκαλίας

1135 2212 1290 2248 παραδώσει
1312 2211 1468 2248 μαθήματα.
1488 2212 1630 2247 Μαρτυρεῖ
1643 2211 1672 2238 δὲ
1691 2212 1746 2243 τοῖς
1761 2210 1817 2238 τῶν
1832 2211 1922 2246 λόγων

295 2261 330 2281 ne
350 2255 460 2290 quando
477 2255 583 2283 videant
604 2257 692 2284 oculis
707 2257 776 2289 suis,
793 2261 820 2284 et
835 2258 947 2285 auribus
962 2258 1020 2285 suis
1033 2266 1082 2285 au-

1136 2258 1350 2293 ἁποτελέσμασιν
1374 2259 1387 2284 ὁ
1409 2258 1604 2292 εὐαγγελιστὴς
1631 2257 1756 2293 Ἰωάννης
1783 2257 1848 2293 περὶ
1871 2256 1921 2284 τοῦ

295 2299 382 2332 diant,
395 2304 422 2328 et
434 2300 517 2328 corde
530 2301 691 2337 intelligant,
707 2306 734 2330 et
745 2307 941 2330 convertantur
953 2307 980 2331 et
988 2312 1081 2332 sanem

294 2354 353 2374 eos.
374 2355 383 2372 ι
407 2345 513 2379 Quibus
530 2347 621 2374 verbis
637 2348 858 2376 manifestissime
875 2350 947 2376 canit
963 2349 1081 2378 futuram

295 2393 439 2420 adversum
452 2401 482 2420 se
500 2394 704 2421 accusationem
723 2394 891 2427 Judmorum,
912 2400 939 2424 et
953 2397 1025 2431 quod
1039 2397 1081 2424 in-

294 2441 444 2467 tuebuntur
463 2440 573 2476 quidem
599 2441 699 2476 ipsum,
717 2449 770 2468 non
795 2442 887 2469 tamen
908 2443 1079 2471 animadver-

295 2490 353 2513 tent
384 2486 447 2520 quis
468 2486 520 2518 sit,
539 2486 668 2521 quodque
692 2487 847 2522 loquentem
871 2488 942 2515 inter
964 2489 1038 2523 ipsos
1054 2493 1080 2516 et

293 2532 438 2558 docentem
469 2531 597 2564 audient,
628 2539 683 2559 non
705 2536 797 2559 tamen
819 2533 901 2560 etiam
930 2533 1080 2568 intelligent

293 2578 419 2611 quisnam
438 2580 461 2605 is
479 2578 514 2605 sit
531 2579 577 2614 qui
594 2586 656 2606 eum
673 2578 741 2613 ipsis
760 2579 897 2614 loquatur,
910 2587 998 2614 neque
1015 2581 1078 2607 item

294 2631 417 2658 quaenam
441 2632 472 2651 ea
491 2626 545 2652 sint
560 2633 636 2653 nova:
651 2626 783 2653 doctrina:
798 2629 930 2660 praecepta
947 2633 1007 2660 quae
1021 2625 1079 2660 ipse

294 2668 346 2696 illis
359 2671 458 2698 tradet.
476 2671 642 2706 Comprobat
658 2679 723 2699 vero
738 2671 820 2706 hujus
836 2672 940 2699 oraculi
951 2675 1078 2699 eventum

292 2716 457 2750 evangelista
466 2715 595 2749 Joannes,
606 2718 653 2753 qui
664 2718 697 2746 de
709 2718 849 2745 Salvatore
863 2721 958 2745 nostro
969 2718 1010 2744 sic
1021 2717 1058 2744 ait
1070 2726 1076 2743 :

295 2772 304 2786 ι
325 2761 393 2788 Cum
417 2767 507 2790 autem
527 2767 581 2790 tam
598 2765 680 2790 multa
697 2765 774 2799 signa
794 2765 904 2791 fecisset
923 2770 1015 2791 coram
1025 2764 1075 2795 eis.

293 2815 348 2834 non
369 2807 542 2835 crediderunt
555 2809 582 2835 in
605 2817 678 2841 eum,
695 2814 724 2837 ut
742 2817 833 2837 sermo
850 2809 925 2837 Isaia:
940 2810 1076 2844 propheta:

329 2896 355 2914 ³⁹
376 2896 459 2924 llebr.
477 2905 497 2929 I,
514 2897 539 2925 7.
579 2899 600 2915 "
624 2898 696 2926 Psal.
714 2906 791 2934 mn,
811 2900 870 2932 7,8.
924 2900 945 2916 “
967 2900 1032 2927 ibid.
1048 2901 1072 2928 Ι.

1133 2303 1258 2338 Σωτῆρος
1271 2302 1348 2338 ἡμῶν
1373 2302 1475 2336 λέγων·
1493 2311 1501 2327 ι
1518 2301 1643 2329 Τοσαῦτα
1665 2302 1693 2328 δὲ
1715 2301 1798 2328 αὐτοῦ
1817 2302 1922 2338 σημεῖα

1132 2350 1311 2384 πεποιηκότος
1327 2349 1479 2384 ἔμπροσθεν
1502 2349 1590 2376 αὐτῶν
1602 2369 1609 2381 ,
1629 2350 1679 2376 οὐκ
1694 2349 1858 2376 ἐπίστευσαν
1879 2349 1921 2381 είς

1131 2396 1222 2427 αὐτὸν,
1237 2396 1280 2422 ἵνα
1296 2397 1311 2422 ὁ
1323 2396 1399 2429 λόγος
1421 2395 1532 2422 Ἡσαΐου
1546 2395 1593 2422 τοῦ
1614 2396 1750 2431 προφήτου
1768 2395 1899 2431 πληρωθῇ
1910 2414 1919 2428 ,

1130 2443 1159 2468 ὃν
1175 2440 1250 2469 εἷπε·
1272 2442 1367 2477 Κύριε,
1387 2442 1427 2474 τίς
1442 2442 1584 2468 ἐπίστευσε
1605 2443 1638 2477 τῇ
1669 2442 1737 2476 ἀκοῇ
1753 2441 1851 2477 sum;
1871 2442 1920 2468 καὶ

1130 2491 1144 2515 ὁ
1162 2489 1281 2524 βραχίων
1303 2489 1406 2524 Κυρίου
1420 2489 1472 2515 τίνι
1494 2487 1690 2523 ἀπεκαλύφθη;
1707 2488 1751 2515 διὰ
1770 2487 1852 2515 τοῦτο
1867 2488 1920 2516 ("ait

1130 2535 1259 2569 ἠδύναντο
1272 2535 1419 2565 πιστεύειν,
1430 2534 1470 2561 ὃτι
1494 2535 1573 2561 πάλιν
1594 2532 1669 2561 εἶπεν
1686 2534 1815 2566 Ἡσαΐας·
1833 2534 1921 2562 Τετύ-

1131 2581 1236 2614 φλωκεν
1262 2580 1351 2607 αὐτῶν
1375 2581 1438 2612 τοὺς
1464 2580 1639 2616 ὀφθαλμοὺς,
1666 2582 1715 2607 καὶ
1745 2581 1919 2617 πεπώρωκεν

1129 2627 1219 2653 αὐτῶν
1234 2627 1283 2662 τὴν
1302 2626 1430 2662 καρδίαν,
1448 2627 1491 2652 ἴνα
1514 2626 1551 2662 μὴ
1573 2626 1648 2653 ἴδωσι
1669 2628 1725 2659 τοῖς
1747 2624 1917 2662 ὀφθαλμοῖς,

1129 2672 1176 2697 καὶ
1192 2673 1309 2707 νοήσωσι
1320 2673 1352 2707 τῇ
1367 2672 1473 2707 καρδίᾳ,
1486 2673 1533 2698 καὶ
1548 2672 1745 2708 ὲπιστρέψωσι,
1763 2673 1811 2699 καὶ
1832 2672 1917 2700 ἰάσω-

1131 2727 1179 2753 μιιι
1196 2718 1302 2750 αὐτούς.
1319 2718 1410 2745 Ταῦτα
1426 2717 1503 2745 εἶπεν
1516 2719 1629 2751 Ἡσαΐας
1644 2719 1689 2746 ὅτε
1705 2717 1759 2746 εἶδε
1775 2719 1826 2755 τὴν
1839 2719 1919 2753 δόξαν

1128 2765 1226 2796 αὑτοῦ,
1250 2766 1296 2792 καὶ
1316 2764 1489 2801 ἐμαρτύρησε
1512 2766 1576 2801 περὶ
1601 2765 1693 2793 αὑτοῦ.
1715 2776 1724 2792 ι
1752 2766 1917 2802 ’Δναμφιλό-

1119 2820 1182 2848 fro);
1196 2809 1242 2838 οὖν
1261 2811 1307 2839 ἐπὶ
1319 2811 1364 2839 τὸν
1377 2812 1494 2848 Χριστὸν
1509 2813 1640 2848 ἀνήνεγκε
1653 2814 1702 2849 τήν
1716 2814 1745 2841 ἐν
1757 2813 1798 2850 τῷ
1817 2813 1918 2851 Ἠσαίᾳ
