2089 3218
183 201 237 229 επ

180 259 339 293 θεοφάνειαν
377 259 391 285 ὁ
424 258 616 295 ιὺαγγελιστὴς
631 280 638 290 ,

179 307 262 333 δαίων
285 306 349 333 λαὺν
374 307 404 333 οὐ
429 306 663 342 παραδεδεγμένον
683 308 726 334 τὸν
750 308 904 343 ἑωραμένον
927 309 965 343 τῷ

179 352 308 388 πργρήτῃ
324 352 442 389 Κύριον,
461 352 531 379 κατὰ
549 353 597 387 τὴν
621 354 684 388 περὶ
704 353 784 380 αὑτοῦ
803 354 962 390 πρόρρησιν.

253 397 319 432 γοῦν
355 398 481 434 προφήτῃ
529 399 662 434 ὲωρακᾶτι
696 399 741 425 τὸν
776 399 877 435 Κύριον
911 401 963 426 Σα-

178 443 253 470 ὁαὼθ
282 453 363 479 φησιν
381 445 395 471 ό
417 445 539 480 χρησμὸς
560 446 645 472 εἰπεῖν
660 445 699 481 τῷ
718 446 850 473 Ἰουδαίων
869 446 939 472 ἔθνει
955 468 961 477 ,

176 491 219 516 ὅτι
245 490 276 526 δὴ
298 492 345 517 καὶ
368 491 445 518 αὐτοὶ¹
463 491 570 526 δψονταί
593 501 657 518 ποτε
683 492 729 518 τὸν
750 493 841 525 αὑτὸν,
859 493 915 519 ἀλλ’
932 495 961 519 οὐ

177 537 338 571 συνήσουσιν
358 537 431 569 ὅστις
444 537 503 572 εἴη,
522 539 568 564 καὶ
585 538 745 564 ἀκούσονται
767 539 849 565 αὑτοῦ
872 539 962 573 λέγον-

173 590 222 614 τος
240 583 268 609 ὲν
283 584 372 615 αὐτοῖς
386 584 432 610 καὶ
447 585 616 616 διδάσκοντος
625 606 632 616 ,
646 585 702 611 ἀλλ’
716 585 746 611 οὐ
765 586 898 620 νοήσουσι,
917 586 960 612 διὰ

175 628 208 654 τὸ
232 629 414 664 πεπωρῶσθαι
444 631 531 657 αὐτῶν
555 631 603 666 τὴν
624 631 748 667 καρδίαν.
770 632 851 658 Ταῦτ’
869 631 915 658 οὖν
946 634 959 658 ό

180 672 295 705 Ἡσαΐας
307 674 340 701 δι’
351 671 388 701 ὧν
401 675 574 711 παρεθέμεθα
586 676 683 709 λέξεων
696 677 836 708 θεσπίσας,
848 679 875 703 ἐν
890 679 959 703 ἱστο-

175 717 237 753 ρίας
253 719 388 755 ἀφηγήσει
402 720 536 754 πολεμίων
554 721 645 755 ἔφοδον
660 722 730 748 κατὰ
749 722 794 748 τοῦ
811 723 897 757 ’Ἄχας
906 743 913 754 ,
930 723 959 755 ὃς

173 764 267 800 ἐπεῖχε
290 765 349 792 τότε
366 766 399 792 τὰ
417 766 465 801 τῆς
491 767 626 801 βασιλείας
645 767 698 794 τῶν
720 768 852 795 Ἰουδαίων
872 768 936 795 λαοῦ
949 789 957 800 ,

174 810 336 846 ὑπογράφει,
352 811 398 838 καὶ
414 811 463 846 τὴν
476 811 529 838 τῶν
543 812 592 847 μὲν
607 813 741 848 αἰσθητῶν
759 814 894 849 πολεμίων
911 823 957 841 κα-

169 856 295 891 θαίρεσιν
305 857 415 888 αὐτίκα.
431 858 476 884 καὶ
491 858 539 884 οὐκ
553 859 592 889 είς
605 859 712 894 μακρὰν
726 859 887 895 γενήσεσθαι
907 869 955 895 ση-

169 903 280 938 μαίνοι·
299 900 337 930 ὧν
355 904 383 931 δὲ
403 903 523 940 σύμϐολα
544 905 624 940 ἔφερε
649 906 750 941 νοητῶν
769 906 816 933 καὶ
834 907 956 942 ἀοράτων

171 949 288 985 ἑχθρῶν,
313 949 446 985 δαιμόνων
469 949 565 982 τινῶν,
592 951 637 977 καὶ
661 951 771 985 ἀφανῶν
801 952 956 986 δυνάμεων,

170 995 237 1030 ’κρῖ
250 991 288 1021 ὧν
301 995 444 1031 ἀρχόμενοι
454 995 503 1030 τῆς
517 995 580 1031 ὅλης
599 996 790 1031 πραγματείας
800 997 957 1032 διεληλύθα-

167 1047 233 1073 μεν,
245 1039 282 1072 ὠς
300 1041 330 1066 οὺ
348 1041 426 1075 μόνον
441 1040 471 1067 τὸ
495 1041 629 1067 Ἰουδαίων
644 1041 728 1073 ἔθνος,
745 1041 812 1068 ἀλλὰ
834 1042 879 1068 καὶ
903 1043 955 1068 πᾶν

168 1086 201 1111 τὺ
220 1085 387 1122 ἀνθρώπειον
407 1086 483 1121 γένος
502 1087 547 1112 ἐπὶ
563 1087 616 1113 πᾶν
633 1086 702 1119 εἶδος
719 1088 833 1120 κακίας,
850 1089 895 1114 καὶ
909 1089 955 1115 ἐπὶ

168 1131 255 1166 αὑτήν
271 1139 302 1165 γε
314 1130 362 1167 τὴν
374 1130 451 1157 ἄθεον
464 1132 682 1168 εἰδωλολατρείαν
693 1132 933 1167 καταῦεϐληκότων
945 1154 952 1165 ,

166 1177 220 1203 οὐκ
232 1176 319 1208 ἄλλως
334 1177 382 1212 τὴν
399 1175 481 1212 ἧτταν
499 1178 606 1204 ἔσεσθαι
623 1178 698 1213 δηλοῖ
713 1178 729 1213 ἢ
747 1178 790 1204 διὰ
805 1179 887 1214 μόνης
904 1180 953 1214 τῆς

167 1221 365 1258 θεσπιζομένης
393 1225 431 1255 εἰς
461 1223 618 1259 ἀνθρώπους
646 1224 790 1259 ἐπιδημίας
814 1225 860 1251 τοῦ
883 1226 951 1252 Θεοῦ

167 1267 269 1301 Λόγου,
292 1267 322 1300 ἐξ
351 1269 537 1304 ἀπειρογάμου
565 1269 702 1305 Παρθένου
727 1270 825 1305 σκῆνος
850 1270 953 1306 ἀνθρώ-

166 1321 244 1339 πειον
258 1313 470 1350 ἀναληψομένου.
485 1315 532 1347 Τίς
543 1315 570 1342 δὲ
587 1315 660 1351 αὐτῷ
709 1316 802 1342 τούτου
817 1317 894 1352 χρεία
909 1315 951 1352 ἦν,

165 1357 262 1393 καιρὸς
279 1358 312 1385 ἂν
322 1359 363 1394 εἴη
376 1359 522 1386 διαλαϐεῖν.

622 202 951 232 DEMONSTRATIUNlS
972 202 1199 231 EVANG‘ELICIE
1217 202 1284 230 LIB.
1304 203 1363 231 VII.

670 261 716 287 καὶ
747 261 793 287 ἐπὶ
825 261 870 287 τὸν
902 262 948 287 ’ῐοτ

999 279 1004 290 λ
1020 260 1187 296 impleretur,
1209 268 1288 295 quem
1301 260 1369 287 dixit
1385 269 1390 286 :
1407 259 1530 290 Domine.
1546 259 1607 294 quis
1620 259 1736 296 credidit
1750 268 1801 286 au-

1748 202 1801 230 ιθι

1018 306 1085 333 dilui
1097 310 1201 339 nostro,
1211 311 1237 333 et
1249 306 1391 333 brachium
1400 305 1508 332 Domini
1522 306 1565 332 cui
1579 305 1725 333 revelatum
1740 305 1803 337 est?

1018 357 1160 386 propterea
1180 359 1235 378 non
1257 355 1382 386 poterant
1402 350 1512 378 credere
1523 371 1531 383 ,
1545 351 1606 385 quia
1620 350 1718 378 iterum
1733 351 1800 378 dixit

1018 397 1101 424 Isaias
1119 407 1124 424 :
1142 397 1293 424 Excarcavit
1305 397 1399 424 oculos
1423 404 1528 428 eorum,
1545 401 1572 424 et
1597 396 1731 424 induravit
1752 404 1801 429 cor

1016 451 1110 470 eorum
1121 464 1128 474 .
1146 451 1179 470 ne
1196 443 1304 470 videant
1317 443 1422 475 oculis,
1436 448 1462 470 et
1485 443 1567 470 corde
1587 443 1756 477 intelligant,
1773 447 1800 469 et

1016 493 1220 520 convertantur,
1233 492 1260 515 et
1271 497 1363 515 sanem
1372 496 1429 516 eos.
1442 488 1504 515 [hec
1516 488 1584 515 dixit
1595 488 1678 516 Isaias
1688 487 1799 523 quando

1015 534 1082 561 vidit
1093 534 1206 569 gloriam
1219 534 1288 568 ejus,
1299 539 1325 561 et
1336 533 1496 561 testiﬁcatus
1510 538 1550 561 est
1565 533 1599 561 de
1609 542 1642 562 eo
1652 534 1684 560 δ’.
1707 543 1715 559 ι
1727 533 1798 570 Ergo

1015 580 1118 614 absque
1129 580 1314 607 controversia
1329 579 1460 606 visionem
1470 580 1543 606 illam
1554 579 1601 607 Dei
1612 580 1646 606 ad
1656 579 1796 608 Christum

1014 625 1106 652 retulit
1113 625 1277 660 evangelista
1286 624 1416 656 Joannes,
1426 625 1491 651 etad
1502 624 1646 651 Judaicum
1655 625 1796 660 populum,

1012 672 1058 705 qui
1091 671 1178 698 visum
1214 678 1228 697 a
1259 671 1389 706 propheta
1419 670 1586 701 Dominum,
1619 670 1796 705 quemadmo-

1012 716 1077 743 dum
1104 717 1138 743 ab
1163 716 1210 743 illo
1235 716 1295 752 ipso
1321 716 1479 751 praedictum
1500 720 1552 746 est,
1578 723 1632 743 non
1661 717 1792 751 suscepit.

1010 762 1091 798 313
1103 762 1169 788 Nam
1183 771 1245 789 cum
1266 762 1410 789 Dominum
1429 762 1547 789 Sabaoth
1563 763 1694 798 propheta
1709 762 1794 789 vidis-

1011 814 1062 840 set.
1084 809 1166 836 refert
1178 810 1330 841 oraculum,
1347 809 1574 844 quemadmodum
1594 809 1643 843 ipsi
1658 816 1794 844 prmcepe-

1008 857 1056 889 rit,
1076 861 1105 883 ut
1119 857 1152 883 ad
1166 856 1275 884 Judazos
1288 858 1390 885 diceret
1407 867 1413 884 ε
1432 857 1503 892 quod
1518 857 1570 892 ipsi
1589 857 1665 884 illum
1683 857 1791 892 quidem

1010 902 1157 937 aliquando
1172 903 1314 935 videbunt,
1331 904 1378 931 sed
1394 911 1447 931 non
1465 904 1617 938 intelligent
1630 903 1693 937 quis
1707 903 1754 933 sit,
1765 906 1792 929 et

975 959 994 986 Β
1008 948 1120 975 audient
1145 949 1219 975 illum
1236 949 1389 984 loquentem
1416 950 1486 976 inter
1502 949 1576 984 ipsos
1597 953 1624 975 et
1637 948 1792 980 docentem.

1008 994 1055 1021 sed
1070 1002 1122 1021 non
1138 995 1299 1030 percipient.
1318 999 1461 1030 propterea
1472 994 1545 1029 quod
1563 994 1720 1021 induratum
1738 993 1792 1020 erit

1006 1047 1054 1066 cor
1068 1047 1173 1067 eorum.
1191 1039 1259 1067 Cum
1282 1041 1339 1068 hmo
1362 1041 1445 1075 igitur
1460 1039 1544 1067 Isaias
1565 1040 1607 1066 his
1626 1046 1687 1074 qua:
1708 1046 1792 1074 appo-

1005 1086 1123 1117 suimus,
1140 1086 1229 1113 verbis
1244 1091 1335 1118 canat,
1354 1087 1381 1113 in
1402 1087 1522 1113 historiae
1538 1086 1647 1113 modum
1670 1085 1789 1113 hostium

1008 1132 1140 1159 adversus
1161 1132 1251 1159 Achaz
1265 1133 1405 1167 impetum,
1422 1133 1468 1166 qui
1496 1136 1561 1159 tunc
1577 1132 1683 1159 Judaici
1699 1131 1791 1167 populi

1007 1186 1120 1214 regnum
1137 1179 1302 1210 obtinuerat,
1320 1178 1460 1209 describit,
1484 1182 1511 1205 et
1526 1185 1540 1204 a
1558 1177 1711 1204 visibilibus
1729 1177 1791 1212 qui-

1003 1224 1067 1251 dem
1083 1225 1208 1252 hostibus
1222 1225 1328 1251 ruinam
1342 1224 1428 1254 brevi,
1442 1231 1530 1258 neque
1542 1223 1613 1250 haud
1628 1223 1713 1249 multo
1728 1227 1790 1257 post.

1006 1270 1125 1297 futuram
1152 1270 1297 1305 signiﬁcat.
1322 1269 1444 1302 Quorum
1469 1276 1532 1296 vero
1561 1268 1639 1303 signa
1664 1268 1788 1303 quaedam

1005 1316 1139 1343 duntaxat
1159 1316 1300 1350 attulit(hi
1324 1323 1406 1350 porro
1421 1319 1484 1342 sunt
1504 1314 1686 1350 intelligibiles
1706 1318 1789 1348 atque

1006 1362 1156 1389 invisibiles
1172 1362 1283 1397 quidam
1304 1362 1409 1392 hostes,
1427 1361 1564 1388 diemones
1580 1361 1674 1396 utique
1691 1367 1723 1386 ac
1737 1360 1790 1387 sub

165 1406 256 1432 visum
275 1413 328 1433 non
341 1405 470 1434 cadentes
482 1412 641 1442 potestates,
654 1407 687 1435 de
701 1408 803 1443 quibus
820 1409 899 1436 initio
924 1410 1009 1437 totius
1038 1411 1130 1445 operis
1157 1409 1350 1439 disseruimus.
1372 1409 1444 1443 quod
1470 1416 1524 1435 non
1539 1408 1625 1436 solam
1647 1405 1789 1434 Judaicam

164 1460 285 1492 gentem,
311 1456 359 1484 sed
387 1463 467 1483 omne
489 1464 601 1491 prorsus
624 1457 772 1482 humanum
800 1464 896 1491 genus,
924 1457 950 1484 in
968 1465 1050 1484 omne
1064 1457 1175 1484 malitia:
1186 1465 1282 1492 genus,
1299 1464 1331 1484 ac
1343 1456 1460 1491 denique
1475 1458 1502 1483 in
1528 1456 1617 1491 ipsum
1646 1454 1720 1482 omni
1745 1462 1789 1480 re-

165 1502 259 1537 ligioni
286 1502 453 1530 contrarium
489 1503 698 1530 simulacrorum
731 1503 836 1530 cultum
872 1504 1084 1539 compulerint),
1119 1505 1169 1531 hos
1196 1512 1250 1530 non
1287 1503 1367 1530 aliter
1394 1504 1466 1530 vinci
1491 1511 1571 1538 posse
1600 1502 1786 1531 demonstrat.

163 1557 247 1584 quam
263 1558 311 1586 per
322 1559 418 1583 unum,
435 1551 481 1586 qui
499 1551 607 1578 canitur
625 1551 669 1578 Dei
685 1549 766 1578 Verbi
782 1551 952 1579 ad‘homines
969 1559 1121 1584 accessum,
1141 1552 1213 1586 quod
1239 1551 1348 1586 quidem
1370 1550 1417 1577 Dei
1435 1550 1553 1577 Verbum
1574 1553 1648 1577 esset
1677 1556 1710 1576 ex
1743 1549 1786 1574 in-

163 1601 250 1633 nupta
281 1597 390 1634 Virgine
422 1598 570 1625 humanum
599 1605 698 1632 corpus
728 1603 944 1633 assumpturum.
982 1599 1036 1626 sed
1063 1600 1144 1634 hujus
1169 1599 1206 1625 illi
1228 1599 1354 1633 quisnam
1383 1605 1450 1624 usus
1472 1597 1562 1628 fuerit,
1586 1596 1642 1630 jam
1679 1599 1786 1630 tempus

162 1652 225 1672 esse
238 1644 356 1676 videtur,
372 1648 402 1672 ut
415 1645 496 1672 latius
511 1645 692 1680 inquiramus.

210 1703 249 1731 Τὰ
261 1703 328 1738 περὶ
342 1702 397 1737 τῆς
413 1702 466 1729 τοῦ
486 1702 621 1736 Σωτῆρος
635 1701 719 1737 ὴμῶν
731 1703 900 1738 ἐπιδημίας.

203 1759 312 1795 Ἐπειδὴ
331 1769 340 1785 ι
361 1759 394 1786 δι’
407 1759 550 1795 ἀνθρώπου
563 1759 676 1791 θάνατος
699 1759 821 1794 εἰσῆλθεν
843 1761 882 1791 εἰς
901 1759 947 1786 τόν

155 1804 272 1839 κόσμον,
279 1813 289 1831 ι
298 1805 379 1839 φησὶν
389 1806 404 1830 ὀ
417 1805 582 1835 Ἀπόστολος,
591 1806 657 1841 χρῆν
664 1805 748 1840 δήπου
759 1805 801 1831 διὰ
811 1805 857 1832 τοῦ
865 1806 946 1832 αὑτοῦ

157 1850 304 1887 ἀνθρώπου
317 1851 367 1887 τὴν
381 1851 450 1878 κατὰ
465 1851 511 1877 τοῦ
531 1851 644 1878 θανάτου
659 1851 838 1886 βραϐευθῆναι
851 1852 928 1886 νίκην
937 1872 945 1883 ,

158 1896 208 1923 καὶ
223 1895 255 1923 τὸ
271 1895 349 1931 σῶμα
363 1895 410 1921 τοῦ
426 1895 540 1922 θανάτου
557 1895 635 1930 σῶμα
654 1895 727 1930 ζωῆς
747 1895 944 1931 ἀναδειχθῆναι,

159 1942 207 1968 καὶ
223 1941 275 1976 τῆς
290 1940 425 1976 ἁμαρτίας
448 1941 497 1976 τὴν
522 1941 659 1975 βασιλείαν
682 1942 711 1966 ὲν
730 1941 769 1975 τῷ
788 1941 876 1975 θνητῷ
898 1940 946 1966 σώ-

157 1995 225 2021 ματι
238 1986 270 2013 τδ
279 1987 344 2022 πρὶν
362 1985 523 2021 ἐνεργοῦσαν
537 1986 729 2020 καταλυθῆναι,
750 1985 846 2020 μηκέτι
861 1985 947 2020 ἁμαρ-

156 2033 219 2065 τιας
233 2033 328 2063 αὐτοῦ,
345 2033 411 2060 ἀλλὰ
422 2032 592 2068 δικαιοσύνης
608 2032 760 2068 κρατούσης
769 2040 776 2047 ⁶
790 2033 836 2058 καὶ
852 2033 944 2067 ἐπειδὴ

156 2079 201 2105 διὰ
216 2078 272 2105 τῶν
287 2079 336 2114 τῆς
353 2079 451 2114 σαρκὸς
466 2079 671 2114 ἁμαρτημάτων
688 2078 770 2104 πάλαι
784 2078 913 2113 πρότερον
927 2079 943 2112 ἡ

156 2125 261 2157 πτῶσις
287 2125 390 2159 ἐγίνετο
422 2126 502 2151 πᾶσιν
533 2124 705 2160 ἀνθρώποις,
734 2125 846 2156 εἰκότως
863 2124 942 2151 πάλιν

155 2171 190 2197 δι’
215 2171 410 2206 ἀναμαρτήτον
423 2190 430 2201 ,
453 2171 501 2197 καὶ
520 2170 609 2205 πάσης
638 2170 773 2205 ἄχραντον
793 2170 890 2201 κακίας
909 2171 942 2196 τὰ

155 2217 227 2244 κατὰ
246 2217 302 2243 τῶν
316 2215 420 2251 ἐχθρῶν
436 2216 595 2251 ἁνηγείρετο
614 2216 740 2251 τρόπαια.
758 2215 844 2242 Τίνων
853 2215 881 2241 δὲ
896 2216 942 2250 ἐχ-

153 2263 228 2299 θρῶν
239 2263 256 2298 ἢ
274 2262 328 2289 τῶν
340 2262 423 2288 πάλαι
435 2261 479 2289 διὰ
494 2262 548 2287 τῶν
561 2263 611 2297 τῆς
627 2263 727 2297 σαρκὸς
738 2261 838 2296 ἡδονῶν
855 2270 940 2288 κατα-

155 2307 324 2335 παλαιόντων
348 2306 378 2334 τὺ
403 2306 567 2341 ἀνθρώπειον
596 2307 692 2340 γένος;
721 2307 767 2332 καὶ
795 2306 881 2337 ἄλλως
912 2306 940 2332 δὲ

155 2353 252 2389 ἱχρῆν,
266 2352 504 2389 ἀνθρώποιςλθεοῦ
519 2353 604 2385 Λόγον
622 2351 726 2386 ὁμιλεῖν
737 2351 878 2386 μέλλοντα,
893 2351 940 2377 καὶ

1056 1701 1121 1734 Quae
1137 1703 1255 1734 spectant
1271 1698 1306 1725 ad
1317 1698 1465 1726 Saluatoris
1483 1697 1567 1723 nostri
1580 1696 1729 1724 adventum.

1036 1757 1105 1790 Quia
1123 1766 1132 1781 ε
1148 1764 1195 1791 per
1213 1756 1349 1782 hominem
1366 1762 1442 1781 mors
1462 1753 1572 1780 intravit
1591 1753 1618 1779 in
1640 1753 1780 1783 mundum.

1001 1804 1038 1829 ait
1057 1802 1204 1837 Apostolus
1214 1802 1258 1832 δ”,
1275 1810 1283 1826 ι
1304 1800 1407 1826 idcirco
1423 1798 1554 1825 adversus
1569 1802 1684 1824 mortem
1700 1798 1784 1825 victo-

998 1850 1067 1876 riam
1087 1848 1203 1876 obtineri
1225 1852 1272 1881 per
1294 1845 1419 1873 eumdem
1443 1844 1578 1871 hominem
1601 1844 1731 1878 oportuit,
1755 1848 1783 1871 et

999 1894 1071 1930 quod
1088 1894 1184 1920 mortis
1206 1893 1294 1919 fuerat
1317 1899 1428 1926 corpus.
1446 1891 1507 1916 vita
1523 1897 1623 1923 corpus
1635 1889 1781 1919 declarari.

998 1945 1024 1967 et
1046 1939 1149 1974 peccati
1167 1945 1292 1973 regnum,
1307 1937 1379 1972 quod
1398 1936 1474 1970 prius
1495 1936 1522 1962 in
1545 1942 1659 1969 corpore
1673 1936 1781 1962 mortali

998 1988 1052 2013 vim
1077 1993 1154 2012 suam
1180 1983 1335 2015 exercebat,
1357 1982 1441 2009 deleri
1469 1989 1555 2015 usque
1572 1980 1650 2013 adeo,
1675 1985 1704 2007 ut
1726 1988 1780 2008 non

997 2031 1114 2066 amplius
1126 2030 1165 2056 illi
1183 2033 1336 2064 peccatum,
1350 2028 1397 2055 sed
1415 2027 1522 2062 iustitia
1539 2026 1737 2060 dominaretur,
1753 2031 1781 2054 et

996 2080 1124 2114 quoniam
1135 2085 1167 2104 ex
1180 2077 1301 2112 peccatis
1315 2076 1451 2110 corporis,
1470 2079 1549 2101 antea
1570 2074 1678 2101 cunctis
1693 2074 1780 2101 homi-

997 2125 1078 2151 nibus
1097 2124 1177 2151 ruina
1202 2123 1273 2149 facta
1294 2127 1347 2153 est,
1372 2122 1468 2148 merito
1490 2128 1587 2147 rursus
1615 2127 1663 2154 per
1688 2120 1778 2147 omnis

996 2170 1099 2204 peccati
1116 2177 1213 2203 expers
1228 2176 1339 2203 corpus.
1352 2167 1480 2200 onmique
1496 2173 1609 2200 prorsus
1621 2165 1723 2191 malitia
1738 2165 1779 2191 in-

995 2219 1110 2246 tactum,
1130 2218 1230 2248 trop:ea
1249 2213 1382 2240 adversus
1397 2211 1488 2238 hostes
1511 2210 1640 2245 erigenda
1655 2209 1777 2238 fuerunt.

996 2261 1049 2289 Sed
1066 2268 1136 2296 quos
1150 2259 1258 2286 tandem
1273 2259 1375 2289 hostes,
1391 2258 1442 2285 nisi
1454 2265 1502 2284 eos
1517 2258 1563 2291 qui
1579 2257 1643 2283 olim
1658 2264 1706 2291 per
1716 2263 1779 2284 cor-

994 2314 1092 2341 poreas
1106 2306 1260 2341 voluptates
1278 2305 1424 2331 humanum
1444 2311 1531 2337 genus
1553 2302 1781 2337 prosternebant?

994 2356 1124 2387 praeterea
1149 2358 1210 2378 cum
1237 2350 1282 2376 Dei
1301 2349 1421 2377 Verbum
1446 2352 1520 2375 esset
1540 2355 1601 2374 cum
1623 2348 1778 2374 hominibus

156 2398 258 2434 σαρκδς
270 2399 365 2430 ἀκοαῖς
383 2398 416 2424 τὰ
431 2398 480 2434 τῆς
496 2397 634 2428 εὐσεϐείας
649 2398 797 2432 μαθήματα
812 2396 939 2432 παραδώ-

1001 2399 1203 2427 :olloculurum.
1227 2400 1254 2423 et
1278 2395 1418 2430 corporeis
1443 2393 1556 2420 auribus
1582 2397 1716 2427 praecepta
1744 2392 1778 2420 de

154 2453 247 2476 σαντα,
271 2445 412 2480 τερατείας
431 2452 460 2470 τε
480 2444 527 2471 καλ¹
544 2443 770 2478 παραδοξοποιίας
791 2443 942 2479 ἀνθρώπων

153 2489 319 2526 ὀφθαλμοῖς,
336 2489 404 2517 Θεοῦ
418 2498 447 2516 τε
465 2489 577 2524 δύναμιν
597 2489 698 2524 ὲναργῆ
720 2490 937 2524 παραστήσοντα,

155 2536 193 2571 μὴ
218 2535 306 2568 ἄλλως
328 2535 345 2571 ἢ
366 2535 410 2562 διὰ
423 2535 470 2562 τοῦ
486 2535 616 2570 συνήθους
633 2537 699 2570 ἡμῖν
721 2536 837 2570 ὀργάνου
863 2535 940 2562 τοῦτο

153 2581 275 2618 πρᾶξαγ
290 2583 331 2608 ὅτι
348 2582 409 2608 οὐδὲ
420 2581 499 2608 πλέον
512 2581 588 2607 οὐδὲν
604 2581 736 2615 σωμάτων
750 2582 816 2615 ὸρᾷν
835 2581 940 2617 ἀνθρώ-

151 2636 212 2655 πων
225 2627 339 2654 δυνατὸν
350 2625 385 2663 ἦν
398 2627 556 2662 ὀφθαλμοῖς,
571 2627 625 2652 οὐδ’
637 2626 744 2653 ἀκούειν
762 2626 845 2660 ἀκοὴν
859 2626 940 2652 πλέον

150 2674 233 2702 τιτυῦ
242 2674 288 2701 διὰ
295 2673 417 2709 γλώττης
428 2673 630 2709 προφερομένου
643 2673 771 2707 ἧχου.”1ν“
779 2670 826 2698 οὖν
840 2672 886 2698 καὶ
895 2672 939 2698 διὰ

152 2721 287 2757 σωμάτων
300 2720 452 2755 αἰσθήσεως
463 2719 512 2754 τῆς
527 2718 581 2744 τῶν
595 2717 696 2752 νοητῶν
716 2718 761 2744 καὶ
785 2718 938 2753 ἀσωμάτων

150 2768 254 2799 ὲννοιας
267 2765 470 2801 ὲπιλαδὼμεθα,
478 2766 523 2791 τὸν
536 2766 601 2799 ἡμῖν
615 2764 732 2798 συγγενῆ
747 2764 793 2790 καὶ
802 2765 938 2798 γνώριμον

150 2813 228 2848 λόγον
237 2813 319 2844 αὐτὸς
333 2814 350 2839 6
367 2811 433 2842 Θεὸς
449 2811 534 2844 Λόγος
548 2810 728 2844 ἀνελάμϐανε,
747 2810 792 2836 καὶ
807 2809 893 2835 πάντα
906 2817 936 2842 γε

150 2859 183 2884 δι’
203 2858 286 2885 αὐτοῦ
306 2857 342 2885 τὰ
369 2857 488 2892 σωτήρια
506 2857 561 2886 τοῖς
577 2855 719 2891 αὑτηκόοις
733 2855 779 2881 καὶ
790 2855 936 2887 αὑτὸπταις

185 2937 207 2953 δ’
225 2936 304 2964 Joan.
323 2943 373 2970 xu,
387 2934 479 2962 57-“.
519 2934 551 2950 "'
567 2934 645 2961 Rom.
664 2940 691 2965 v,
710 2932 754 2960 η,

993 2446 1093 2480 pietate
1114 2444 1291 2473 traditurum,
1305 2441 1484 2477 prodigiaque
1500 2443 1526 2467 et
1542 2439 1673 2466 miracula
1689 2439 1779 2466 oculis

995 2491 1146 2522 hominum,
1162 2488 1245 2525 314
1259 2488 1361 2522 Deique
1383 2487 1511 2513 virtutem
1533 2485 1673 2512 evidenter
1695 2489 1777 2519 atque

993 2540 1086 2571 aperte
1098 2535 1360 2563 demonstraturum.
1378 2540 1432 2559 non
1447 2532 1526 2558 aliter
1542 2537 1624 2565 quam
1642 2537 1691 2564 per
1710 2537 1778 2557 con-

992 2587 1110 2612 suetum,
1128 2580 1261 2614 nobisque
1281 2579 1415 2605 familiare
1436 2577 1659 2606 instrumentum.
1675 2575 1728 2602 hoc
1737 2574 1774 2602 fa-

991 2636 1054 2655 cere
1075 2627 1164 2661 ipsum
1188 2625 1320 2660 oportuit.
1344 2624 1472 2658 quoniam
1495 2621 1561 2648 nihil
1581 2620 1690 2655 quidem
1716 2627 1776 2646 am-

991 2673 1075 2707 plius,
1091 2679 1172 2706 quam
1195 2678 1255 2705 qua:
1269 2676 1385 2704 corpora
1409 2671 1485 2696 sunt.
1511 2665 1674 2692 mortalibus
1688 2665 1777 2692 oculis

991 2725 1019 2745 ut
1034 2725 1223 2748 cerneremus,
1241 2716 1297 2743 ﬁeri
1313 2717 1429 2750 poterat,
1446 2720 1535 2747 neque
1546 2715 1576 2738 ut
1590 2711 1704 2738 auribus
1715 2718 1777 2744 per-

989 2765 1152 2799 ciperemus.
1169 2770 1250 2797 quam
1277 2769 1385 2792 sonum,
1405 2760 1451 2795 qui
1468 2759 1560 2793 lingua
1573 2757 1690 2793 proferri
1709 2765 1776 2784 con-

989 2811 1087 2838 suevit.
1105 2809 1140 2837 Ut
1155 2809 1238 2845 igitur
1254 2807 1393 2842 corporeis
1404 2813 1513 2841 quoque
1527 2804 1654 2831 sensibus
1671 2803 1773 2829 intelli-

990 2855 1114 2889 gibilium
1131 2855 1408 2890 incorporearumque
1418 2858 1508 2878 rerum
1525 2850 1650 2877 notiones
1659 2855 1772 2884 capere-
