2089 3218
327 190 379 218 495

662 189 796 217 EUSEB“
815 188 1057 217 CESARIENSIS
1075 188 1151 216 OPP.
1173 189 1264 217 PARS
1283 186 1315 216 ll.
1327 203 1361 208 --
1373 186 1622 217 APOLOGETICA.

1904 190 1956 218 ‘96

327 256 399 280 mus,
416 255 476 276 eum
497 248 543 283 qui
561 248 639 275 nobis
661 251 688 275 et
713 251 848 283 cognatus
866 252 894 275 et
909 247 1053 275 familiaris
1073 255 1106 275 est

1165 248 1219 274 τῶν
1236 247 1335 274 ἐνθέων
1350 247 1432 274 αὑτοῦ
1453 247 1539 283 λόγων
1558 256 1588 274 τε
1603 247 1649 274 καὶ
1663 247 1750 283 ἔργων
1766 248 1957 283 προεϐάλλετο.

327 299 379 326 set,
400 294 459 329 ipse
481 293 554 321 Deus
568 293 687 322 Verbum
714 294 874 329 assumpsit,
900 293 1046 329 omniaque
1065 299 1114 328 per

326 340 402 367 illum
418 347 588 375 quaecunque
602 341 734 368 salutaria
752 345 857 371 essent,
870 341 915 372 iis,
931 341 977 375 qui
994 341 1044 375 ipsi
1066 348 1113 367 au-

327 386 448 418 diebant,
464 386 570 422 ipsique
582 386 710 418 lidebant,
729 391 783 413 tam
800 395 861 422 qua:
876 386 902 413 in
915 386 1016 414 divinis
1027 386 1113 421 ipsius

326 432 427 464 verbis,
447 440 529 468 quam
547 440 607 467 qum
624 433 651 459 in
671 433 752 459 factis
765 433 959 463 consisterent.
975 432 1110 467 exposuit.

326 478 415 513 Atque
437 478 494 506 haec
516 479 606 505 omnia
624 479 835 512 administravit,
861 486 996 513 nusquam
1016 482 1046 504 ut
1062 486 1112 505 nos

327 524 410 552 simili
422 524 529 551 ratione
546 525 670 559 corporis
687 525 898 552 necessitatibus
913 525 1044 559 illigatus,
1065 532 1112 551 ne-

326 576 380 604 que
393 569 451 604 ipse
467 569 614 603 quidquam
633 573 680 596 aut
701 569 822 597 deterius
845 573 891 596 aut
921 570 1037 604 amplius
1061 577 1110 597 sua

289 627 291 637 ι
325 615 412 650 ipsius
432 616 574 643 divinitate
590 617 756 651 perpetiens,
780 624 868 651 neque
886 624 950 643 vero
970 621 998 641 ul
1021 616 1110 642 anima

325 662 457 695 hominis,
470 663 507 689 ita
525 663 583 698 ipse
599 663 643 690 tali
657 670 773 698 corpore
796 663 954 698 impeditus,
971 667 1001 689 ut
1018 662 1110 690 divina

325 708 434 736 interim
447 716 560 736 munera
570 709 645 736 obire
656 717 709 736 non
719 713 821 744 posset,
838 714 885 736 aut
893 709 992 744 ubique
1003 709 1108 739 adesse.

325 755 371 790 qui
392 755 439 782 Dei
460 755 580 782 Verbum
593 759 645 788 est,
663 756 808 790 omniaque
828 755 932 790 implet,
956 763 1004 790 per
1019 756 1110 782 omnia

325 806 459 836 penetrat,
478 809 566 837 neque
581 802 645 829 item
665 806 711 829 aut
726 802 853 830 sordibus
868 803 941 834 ullis,
958 807 1003 829 aut
1015 810 1110 829 corru~

326 848 429 883 ptioue,
445 852 492 874 aut
507 848 638 880 fmditate,
654 856 686 875 ex
698 857 730 875 co
746 856 861 882 corpore
872 847 944 883 quod
961 849 1109 883 assumpsit

325 895 496 929 inquinatus,
513 899 654 930 propterea
669 895 742 930 quod
758 903 819 922 cum
833 896 891 930 ipse
903 899 1000 921 natura
1013 895 1048 921 sit
1062 903 1108 922 ex-

324 948 386 975 pers
404 945 431 968 et
445 942 579 976 corporis,
596 945 623 968 et
639 941 740 972 carnis,
756 944 783 968 et
800 941 889 968 omnis
905 941 1035 972 materiaa,
1049 946 1109 967 tan-

324 994 405 1022 quam
430 986 475 1014 Dei
495 986 624 1019 Verbum,
646 987 737 1014 divina
764 987 881 1022 quadam
907 987 1013 1014 virtute.
1030 987 1109 1013 ratio-

325 1033 459 1068 nibuSque
479 1033 670 1065 inel'fabilibus,
687 1041 794 1059 omnem
819 1033 949 1060 sustinuit
971 1032 1110 1068 dispensa-

323 1081 438 1111 tionem,
461 1087 522 1114 qua:
545 1087 593 1107 sua
620 1082 714 1107 essent
742 1079 911 1113 impertiens,
937 1086 990 1105 non
1017 1083 1108 1105 autem

324 1131 419 1153 contra
441 1126 492 1154 sibi
515 1125 668 1154 vindicans.
697 1130 742 1152 aut
767 1133 902 1160 usurpans
927 1133 988 1160 quae
1009 1126 1107 1153 aliena.

324 1170 394 1206 Ergo
411 1179 460 1198 cur
477 1171 511 1197 ita
528 1171 598 1197 hanc
616 1171 689 1198 illius
706 1173 732 1198 in
748 1178 863 1205 corpore
876 1171 1107 1205 dispensationem

324 1217 470 1245 formidare
489 1225 557 1251 opus
579 1221 631 1249 est,
653 1216 762 1251 quando
780 1224 868 1252 neque
889 1217 1006 1244 fmdatus
1023 1221 1064 1244 est
1085 1217 1108 1243 is

323 1263 369 1298 qui
387 1262 481 1290 fmdari
503 1271 555 1290 non
582 1267 681 1297 potest,
703 1271 790 1298 neque
811 1271 844 1290 ex
863 1271 945 1290 carne
969 1268 1107 1297 assumpta

324 1309 494 1345 inquinatus,
516 1309 562 1344 qui
584 1317 637 1336 non
659 1312 746 1343 potest
770 1308 919 1343 inquinari,
935 1317 1022 1344 neque
1043 1316 1108 1335 vero

324 1357 432 1393 propria
452 1357 575 1391 corporis
593 1360 689 1383 natura
705 1361 861 1391 corruptus.
880 1364 941 1383 cum
961 1357 1049 1390 ipsum
1073 1357 1108 1383 sit

324 1404 370 1431 Dei
389 1403 504 1431 Verbum
520 1403 555 1430 ab
570 1403 644 1429 omni
664 1402 784 1437 patiendi
800 1406 896 1429 natura
914 1410 1025 1436 prorsus
1041 1401 1108 1428 alie-

323 1451 407 1478 num?
424 1450 573 1483 Quanllone
591 1449 657 1477 solis
680 1448 790 1484 quidem
806 1448 873 1474 radii
894 1447 957 1474 dum
975 1447 1105 1474 cadavera

323 1501 350 1524 et
363 1497 452 1524 omnis
471 1497 577 1532 generis
592 1503 706 1530 corpora
723 1495 868 1529 attingunt,
885 1493 1032 1529 quidquam
1048 1500 1106 1519 om-

323 1543 389 1569 nino
414 1542 468 1577 pati
490 1541 637 1568 dicuntur?
661 1540 695 1567 a‘.)
718 1540 777 1574 ipso
800 1544 890 1566 autem
904 1539 997 1565 divino
1017 1537 1107 1565 Verbo

324 1590 404 1616 etiam
434 1591 539 1620 contra,
568 1586 640 1622 quod
663 1586 841 1620 corruptibile
866 1588 925 1612 erat
954 1585 980 1611 in
1008 1585 1105 1612 melius

323 1640 519 1663 commutatum
549 1638 600 1665 est,
629 1637 809 1667 sanctumque
832 1636 913 1665 atque
944 1630 1105 1662 immortale,

323 1680 548 1715 quemadmodum
571 1679 657 1715 ipsius
676 1679 802 1706 voluntas
821 1676 884 1708 fuit,
900 1676 1024 1704 ell‘ectnm
1042 1680 1104 1703 est;

322 1726 468 1761 quinetiam
486 1726 586 1753 divinis
608 1724 649 1751 sui
666 1723 754 1750 Palris
770 1722 904 1753 consiliis,
921 1726 1002 1756 atque
1018 1721 1105 1748 actio-

322 1772 414 1802 nibus,
429 1771 486 1806 ipse
507 1770 615 1797 interim
638 1768 812 1796 inscrviebat.
837 1767 934 1794 Totum
957 1766 1038 1801 igitur
1054 1766 1105 1793 hoc

323 1817 461 1844 hominum
483 1815 688 1843 amantissimus
712 1813 783 1840 Deus
804 1812 903 1848 Deique
925 1811 1041 1839 Verbum
1057 1819 1106 1846 pro

321 1867 482 1890 cunctorum
499 1861 638 1888 hominum
655 1859 758 1887 medela
775 1863 800 1885 et
816 1859 913 1890 salute,
937 1857 1048 1884 vocibus
1065 1857 1106 1883 in-

322 1909 400 1936 terim
429 1909 620 1943 prophetarnm
657 1910 838 1934 consentanea
873 1913 970 1940 gerens
997 1903 1104 1935 effecit,

321 1955 368 1990 qui
394 1955 503 1989 quidem
528 1954 666 1988 prophetae
691 1956 768 1979 tanto
798 1956 859 1978 ante
888 1958 903 1977 a
929 1950 1028 1985 priscis
1056 1958 1104 1977 us-

321 2009 374 2037 quo
400 2000 580 2035 temporibus,
608 1998 795 2025 admirabilem
827 1997 914 2032 ipsius
937 1997 971 2023 de
995 1995 1105 2031 Virgine

320 2053 409 2075 ortum
444 2046 578 2073 testiﬁcati
609 2045 726 2072 fuerant.
765 2043 851 2070 Porro
883 2046 973 2069 autem
1011 2043 1105 2069 admo-

320 2094 385 2121 dum
413 2093 567 2120 necessario
599 2092 663 2118 huic
688 2090 788 2118 Christi
815 2089 886 2117 ortui
915 2089 948 2115 de
974 2087 1102 2122 Virgine,

321 2140 451 2176 propheta
483 2139 624 2173 anteponit
654 2137 680 2164 id
714 2136 786 2171 quod
821 2135 917 2162 reddat
952 2138 1102 2164 attentum,

318 2182 399 2220 315
414 2184 565 2216 inclamans
582 2182 616 2209 ad
630 2190 677 2209 eos
687 2182 733 2217 qui
746 2182 802 2216 ipsa
816 2181 873 2207 haec
886 2180 1101 2210 audiant,illud:

322 2240 331 2257 ι
350 2230 379 2257 Si
403 2238 459 2257 non
481 2229 662 2260 credideritis.
681 2235 735 2255 non
752 2227 920 2262 intelligetis:
936 2236 944 2252 ι
963 2227 1006 2253 cui
1023 2225 1101 2252 dein-

317 2284 382 2312 ceps
398 2275 521 2311 adjungit
544 2283 576 2302 ea
596 2282 656 2309 qua:
675 2274 701 2301 in
717 2274 790 2300 hunc
807 2253 914 2299 modum
929 2280 958 2299 se
976 2271 1075 2298 habent
1093 2281 1098 2298 :

1157 2265 1182 2291 τὸ
1198 2263 1308 2298 ἀγαθόν.
1330 2263 1384 2290 Kal
1400 2260 1643 2295 καταλειφθήσεται
1664 2258 1680 2292 ή
1697 2256 1744 2291 γῆ,
1762 2255 1795 2290 ην
1810 2253 1843 2280 σὺ
1856 2261 1892 2287 φο

319 2332 334 2350 ι
350 2322 379 2350 Si
391 2330 446 2350 non
459 2321 639 2353 credideritis,
654 2328 707 2347 non
721 2319 887 2354 intelligetis.
905 2327 913 2343 ι
926 2332 959 2336 —
979 2327 987 2342 ι
1008 2318 1039 2344 Et
1053 2318 1100 2344 ad-

313 2369 380 2404 jecit
401 2368 533 2396 Dominus
557 2367 630 2402 loqui
659 2366 691 2393 ad
712 2365 804 2392 Acha:
829 2364 923 2392 dicens
940 2373 946 2390 :
966 2363 1029 2391 Pete
1051 2363 1099 2389 tibi

316 2415 424 2450 signum
449 2421 464 2440 a
490 2413 604 2440 Domino
630 2411 684 2439 Deo
709 2415 755 2438 tuo
772 2411 800 2438 in
815 2409 980 2445 profundum
1005 2412 1050 2435 aut
1073 2410 1100 2435 in

315 2461 464 2489 excelsum.
479 2459 511 2486 Et
527 2459 596 2486 dixit
614 2458 705 2485 Achaz
723 2467 728 2484 :
745 2457 803 2484 Non
822 2461 921 2491 petam,
938 2462 1024 2489 neque
1042 2459 1101 2482 ten-

316 2507 378 2534 tabo
394 2506 548 2534 Dominum.
559 2504 591 2531 Et
604 2505 672 2532 dixit
684 2513 690 2531 :
703 2503 802 2530 Audite
813 2502 880 2537 jam,
890 2502 987 2529 domus
999 2500 1081 2527 David
1092 2510 1098 2527 :

315 2552 384 2580 Num
404 2559 500 2587 parum
527 2551 604 2577 vobis
629 2554 682 2580 est,
699 2547 856 2575 hominibus
874 2546 1001 2574 exhibere
1013 2550 1099 2572 certa-

315 2597 434 2626 menlet
450 2605 500 2624 cur
517 2596 631 2623 Domino
653 2595 788 2631 exbibetis
811 2591 966 2620 certamen?
991 2595 1100 2625 propter

308 2643 367 2670 .hoc
377 2642 453 2670 dabit
470 2642 600 2668 Dominus
622 2641 680 2675 ipse.
704 2639 781 2666 vobis
806 2638 1003 2672 signumzecce
1018 2633 1100 2668 Virgo

315 2690 342 2716 in
355 2694 434 2716 utero
457 2688 555 2722 capiet,
570 2691 596 2714 et
614 2686 700 2721 pariet
723 2685 820 2715 ﬁlium,
835 2688 861 2710 et
879 2682 989 2709 vocabis
1001 2688 1099 2707 nomen

313 2735 374 2768 ejus
390 2733 565 2763 Emmanuel,
586 2732 716 2767 Butyrum
741 2735 767 2758 et
788 2729 839 2756 mel
866 2727 1098 2761 comedet,prius-

314 2788 395 2814 qualn
418 2783 563 2814 cognoscat
587 2778 653 2810 ipse,
671 2780 718 2803 aut
742 2776 823 2810 eligat
847 2774 929 2806 mala,
945 2776 975 2799 ut
1004 2771 1099 2805 seligat

316 2828 416 2854 bonum
433 2835 439 2852 :
457 2825 519 2860 quia
538 2825 612 2859 prius
636 2831 716 2857 quam
733 2823 878 2856 cognoscat
906 2826 972 2853 puer
998 2818 1097 2844 bonum

317 2875 363 2898 aut
379 2871 490 2901 malum,
509 2878 561 2896 non
588 2873 631 2896 est
658 2868 788 2894 obediens
810 2865 929 2895 malitiae,
951 2867 979 2890 ut
1003 2863 1098 2896 seligat

318 2919 427 2945 bonum.
444 2915 475 2942 Et
490 2910 734 2950 coinprebeudelur
749 2917 832 2943 terra,
850 2918 929 2946 quam
945 2915 973 2936 tu
989 2909 1066 2935 limes
1083 2915 1097 2934 a

1125 921 1146 950 Β

1121 1604 1141 1631 C

1165 294 1220 321 Kal
1232 293 1306 320 ταῦτ’
1317 293 1432 330 ἔπραττε
1444 295 1504 326 ταῖς
1515 293 1563 321 τοῦ
1577 293 1702 330 σώματος
1715 294 1846 329 ἀνάγκαις
1857 296 1959 330 ὁμοίως

1165 342 1230 375 ἡμῖν
1257 340 1380 374 οὐδαμῶς
1402 340 1664 375 καταδεσμούμενος,
1692 340 1751 366 ούδέ
1773 349 1799 366 τι
1822 343 1913 376 χεῖρον
1942 342 1958 376 ἢ

1166 387 1257 422 μεῖζον
1285 387 1364 418 αὐτὸς
1385 387 1481 414 ἑαυτοῦ
1503 387 1552 422 τῆς
1574 387 1700 422 θεότητος
1724 387 1875 422 ὑπομένων,
1903 387 1959 413 οὐδ’

1164 433 1249 465 οὕτως
1262 433 1326 460 ὥσθ’
1340 431 1384 460 οἷα
1401 433 1542 469 ἀνθρώπου
1554 433 1637 468 ψυχὴ.
1653 433 1691 468 τῷ
1708 433 1813 468 σώματι
1830 435 1956 468 παρεῖναι

1163 479 1230 505 Θεοῦ
1246 480 1330 512 Λόγον
1347 480 1423 511 ὄντα,
1441 479 1488 505 καὶ
1509 479 1542 505 τὰ
1559 480 1647 506 πάντα
1664 479 1829 514 πληροῦντα,
1849 479 1896 506 καὶ
1914 479 1958 505 διὰ

1164 526 1270 553 πάντων
1282 527 1383 561 ἥκοντα
1395 535 1401 540 ·
1414 526 1471 552 ἀλλ’
1487 525 1546 552 οὐδὲ
1557 525 1588 560 ρύ
1594 533 1652 557 πον,
1661 526 1677 560 ἢ
1687 525 1799 560 φθορὰν,
1811 525 1827 560 ἢ
1838 525 1956 561 μίασμα,

1163 572 1192 605 ἐξ
1208 570 1240 607 ἧς
1260 572 1387 607 ἀνείληφε
1405 572 1504 607 σαρκὸς
1522 571 1754 607 ὲπενηνεγμένος,
1774 571 1815 598 ὅτι
1831 571 1862 607 δὴ
1885 571 1956 598 ἀσώ-

1164 628 1247 654 ματος
1258 618 1294 645 ὦν
1308 619 1357 654 τὴν
1371 618 1462 652 φύσιν,
1477 618 1523 644 καὶ
1538 617 1616 649 ἄῦὶος
1628 619 1676 644 καὶ
1689 618 1819 653 ἄσαρκος,
1831 616 1875 644 οἶα
1886 618 1955 644 Θεοῦ

1163 665 1258 698 Λόγος,
1270 664 1353 699 ἐνθέῳ
1366 665 1479 699 δυνάμει
1495 664 1541 690 καὶ
1552 663 1639 698 λόγοις
1649 664 1713 698 ἡμῖν
1725 664 1854 699 ἀρρήτοις
1864 665 1954 690 πᾶσαν

1163 711 1244 746 ὑπῄει
1266 711 1315 746 τὴν
1332 710 1498 745 οἰκονομίαν,
1516 709 1570 736 τῶν
1588 709 1694 737 οἰκείων
1711 710 1882 744 μεταδιδοὺς,
1896 709 1954 736 ἀλλ’

1161 758 1210 784 οὐκ
1228 757 1446 792 ἀντεπαγόμενος
1462 756 1515 783 τῶν
1529 756 1685 791 ἀλλοτρίων.
1704 755 1807 782 Οὐκοῦν
1823 756 1849 782 τί
1861 755 1955 790 (906s!-

1162 802 1222 829 σθαι
1237 803 1288 838 χρὴ
1307 802 1356 838 τὴν
1384 802 1513 838 ένσαρκον
1532 801 1703 835 οἰκονομίαν,
1717 801 1778 826 ἐπεὶ
1796 800 1834 835 μὴ
1857 800 1955 835 ὲμολύ-

1160 857 1220 874 νετο
1242 849 1256 874 ό
1281 847 1445 883 ἀμόλυντος⁷
1469 847 1534 882 μηδὲ
1553 848 1585 873 ἐκ
1610 847 1658 882 τῆς
1678 846 1778 882 σαρκὸς
1793 846 1807 871 ὁ
1821 846 1954 880 ἀμίαντος

1160 893 1296 928 ἐμιαίνετο
1307 913 1314 924 ,
1328 893 1394 927 μηδὲ
1408 892 1596 927 συνειρθείρετο
1612 893 1644 926 τῇ
1657 891 1702 917 τοῦ
1720 890 1845 926 σώματος
1862 891 1952 926 οἰκείᾳ

1163 938 1241 973 φύσει
1256 938 1384 974 ὀὰπαθὴς
1401 938 1448 965 τοῦ
1462 938 1529 965 Θεοῦ
1544 938 1639 972 Λόγος;
1654 937 1713 964 ἐπεὶ
1729 937 1796 972 μηδὲ
1808 937 1883 972 ἡλίου
1898 938 1952 964 πά-

1164 985 1233 1012 θοιεν
1252 985 1284 1012 ἀν
1303 994 1329 1011 τι
1348 986 1456 1016 ἀκτῖνες
1476 984 1579 1020 νεκρῶν
1601 984 1646 1010 καὶ
1664 984 1797 1010 παντοίων
1812 983 1947 1016 σωμάτων

1163 1031 1350 1067 ὲπαφώμεναι.
1360 1031 1404 1068 Τῷ
1417 1031 1445 1058 δὲ
1459 1031 1522 1066 θείῳ
1533 1031 1609 1065 Λόγῳ
1620 1029 1770 1065 τοῦμπαλιν
1781 1029 1810 1055 τὸ
1826 1028 1947 1063 φθαρτὸν

1164 1078 1377 1113 μετεσκευάζετο
1387 1098 1393 1110 ,
1406 1078 1452 1104 καὶ
1470 1078 1546 1111 ἀτιόν
1559 1086 1587 1103 τε
1605 1076 1651 1103 καὶ
1665 1076 1806 1107 ἀθάνατον,
1822 1075 1839 1102 ἆ
1857 1083 1886 1101 τε
1901 1074 1948 1100 καὶ

1161 1123 1195 1161 ἦν
1209 1125 1283 1160 αὑτῷ
1299 1124 1436 1160 βουλητὸν,
1446 1123 1601 1150 ἀπετελεῖτο
1610 1143 1616 1148 .
1633 1122 1686 1148 Ναὶ
1699 1121 1751 1156 μὴν
1767 1121 1814 1147 καὶ
1825 1121 1885 1151 ταῖς
1898 1120 1941 1145 ὲνο

1163 1171 1232 1203 θέοις
1247 1171 1293 1197 τοῦ
1313 1170 1467 1205 Πνεύματος
1490 1168 1595 1203 βουλαῖς
1610 1175 1640 1193 τε
1659 1167 1706 1193 καὶ
1724 1165 1839 1202 πράξεσι
1859 1164 1943 1199 διηκο

1162 1219 1241 1243 νείτο.
1254 1216 1338 1242 Τοῦτο
1350 1213 1395 1242 οῦν
1410 1215 1468 1242 ὅλον
1478 1214 1517 1249 τῷ
1528 1213 1622 1248 φιλανθ
1628 1212 1774 1248 ρωποτάτῳ
1789 1210 1848 1246 Θεῷ
1862 1219 1891 1238 τε
1903 1211 1950 1237 καὶ

1161 1262 1229 1289 Θεοῦ
1243 1262 1320 1297 Λόγῳ
1332 1261 1401 1297 ὑπὲρ
1416 1261 1463 1295 τῆς
1477 1260 1585 1286 πάντων
1598 1259 1644 1285 ἀνθ
1650 1258 1746 1294 ρώπων
1758 1257 1904 1292 θεραπείας
1919 1264 1949 1282 τε

1162 1310 1208 1335 καὶ
1221 1308 1355 1343 σωτηρίας
1363 1309 1422 1338 ταῖς
1432 1306 1485 1332 τῶν
1496 1304 1641 1341 προφητῶν
1650 1303 1801 1334 ἀκολούθως
1809 1302 1950 1337 ἐνηργεῖτο

1161 1355 1262 1389 φωναῖς
1274 1376 1281 1387 ,
1295 1353 1396 1381 ἀνωθεν
1413 1354 1445 1379 ἐκ
1465 1351 1587 1378 παλαιῶν
1606 1350 1707 1386 χρόνων
1725 1349 1774 1384 τὴν
1791 1347 1946 1383 Θαυμασίαν

1160 1401 1192 1427 ὲκ
1218 1400 1355 1434 Παρθένου
1383 1399 1508 1434 γέννησιν
1543 1396 1625 1424 αὐτοῦ
1666 1393 1946 1431 προμαρτυρομέναις.

1160 1446 1266 1481 Σφόδρα
1292 1446 1321 1472 δὲ
1350 1444 1505 1479 ἀναγκαίως
1529 1444 1542 1469 ό
1569 1443 1710 1478 προφήτης
1738 1440 1881 1475 προτάττει
1897 1438 1947 1473 τῆς

1160 1492 1192 1518 ὲκ
1216 1490 1354 1526 Παρθένου
1377 1489 1509 1523 γενέσεως
1524 1487 1571 1513 τοῦ
1591 1485 1708 1522 Χριστοῦ
1728 1484 1758 1510 τὸ
1772 1481 1945 1518 ὲπιστρεφές,

1159 1535 1302 1571 ἱστιφωνῶν
1329 1536 1456 1570 ἄντικρυς
1479 1535 1534 1564 τοῖς
1563 1532 1664 1559 τούτων
1690 1529 1874 1566 ἀκροωμένοις
1901 1527 1943 1558 τὺ,

1161 1592 1172 1610 ι
1195 1583 1257 1609 Ἐὰν
1280 1583 1317 1618 μὴ
1335 1581 1508 1616 πιστεύσητε,
1527 1579 1586 1606 οὐδὲ
1601 1578 1637 1614 μὴ
1652 1578 1747 1613 συνῆτε
1759 1585 1766 1591 ·
1786 1586 1796 1602 ι
1812 1571 1834 1609 ᾧ
1850 1575 1945 1609 ἐπιφέ-

1161 1637 1201 1665 ρει
1221 1628 1284 1663 ἑξῆς
1310 1627 1344 1654 τὰ
1368 1626 1460 1653 τοῦτον
1477 1626 1571 1660 ἔχοντα
1594 1625 1639 1650 τὸν
1659 1623 1774 1658 τρόπον·
1796 1630 1806 1647 ι
1827 1620 1891 1647 Ἐὰν
1906 1619 1944 1655 μὴ

1158 1673 1331 1708 πιστεύσητε,
1347 1673 1406 1699 οὐδὲ
1425 1672 1461 1707 μὴ
1479 1671 1585 1706 συνῆτε.
1599 1679 1607 1694 ι
1633 1679 1642 1695 ί
1659 1669 1712 1695 Καὶ
1725 1666 1871 1703 προσέθετο
1887 1665 1945 1692 Κύ-

1157 1727 1214 1754 ριος
1235 1718 1348 1753 λαλῆσαι
1378 1718 1415 1752 τῷ
1434 1716 1531 1751 Ἄχας,
1564 1716 1650 1749 λέγων
1668 1722 1675 1729 ·
1698 1713 1814 1748 Αἴτησαι
1839 1709 1946 1744 σεαυτῷ

1158 1766 1268 1800 σημεῖον
1283 1764 1359 1800 παρὰ
1375 1763 1477 1799 Κυρίου
1491 1762 1537 1789 τοῦ
1558 1760 1625 1788 Θεοῦ
1650 1768 1696 1786 σου
1716 1759 1755 1790 εις
1776 1758 1857 1793 βάθος
1871 1756 1889 1792 ἢ
1905 1757 1945 1787 είς

1157 1811 1232 1845 ὕψος.
1264 1810 1318 1836 Καὶ
1340 1808 1415 1835 εἶπεν
1441 1807 1544 1843 Ἀχαζ·
1569 1807 1606 1833 Οὐ
1631 1806 1667 1841 μὴ
1689 1805 1803 1839 αἰτήσω,
1820 1800 1891 1845 οὺδὲᾼ
1906 1801 1943 1837 μὴ

1156 1856 1278 1891 πειράσω
1306 1854 1417 1889 Κύριον.
1439 1853 1494 1880 Καὶ
1518 1850 1609 1878 εἶπεν·
1639 1849 1783 1876 Ἀκούσατε
1800 1848 1850 1883 δὴ,
1869 1843 1943 1877 οἶκος

1155 1890 1251 1927 Δαυῖδ·
1270 1900 1312 1935 Μὴ
1332 1899 1427 1934 μικρὸν
1444 1898 1508 1932 ὑμῖν
1522 1894 1675 1932 ἀνθρώποις
1693 1893 1823 1928 παρέχειν
1835 1890 1942 1925 ἀγῶνα;

1155 1946 1202 1972 καὶ
1224 1945 1281 1977 πῶς
1296 1944 1390 1979 Κυρίῳ
1412 1942 1545 1978 παρέχετε
1565 1940 1675 1974 ἀγῶνα;
1692 1937 1742 1965 Διά
1762 1937 1842 1963 τοῦτο
1861 1935 1942 1962 δώσει

1155 1991 1256 2026 Κύριος
1270 1989 1350 2020 αὐτὸς
1364 1989 1426 2023 ὑμῖν
1440 1988 1567 2022 σημεῖον·
1592 1985 1645 2011 ἰδοὺ
1662 1985 1678 2018 ὴ
1695 1981 1830 2018 Παρθένος
1849 1981 1877 2006 ὲν
1890 1987 1941 2026 γαῖ⁴

1155 2037 1216 2072 στρὶ
1242 2035 1369 2072 λήψεται,
1391 2034 1438 2061 καὶ
1461 2033 1565 2065 τέξεται
1590 2031 1661 2061 υἱὸν,
1687 2030 1734 2056 καὶ
1760 2027 1885 2057 καλέσεις
1911 2025 1941 2051 τδ

1154 2083 1238 2118 ὄνομα
1250 2082 1330 2109 αὑτοῦ
1351 2079 1532 2115 Ἐμμανουήλ.
1552 2077 1686 2112 Βούτυρον
1700 2075 1747 2101 καὶ
1771 2073 1832 2108 μέλι
1854 2072 1940 2118 τράγε-

1153 2115 1209 2160 ταιξ
1225 2128 1289 2163 πρὶν
1305 2127 1322 2162 ἢ
1342 2125 1442 2160 γνῶναι
1463 2123 1572 2157 αὐτὶ)νῆ
1591 2119 1749 2157 προελέσθαι
1766 2115 1931 2163 πονηρὰςξκ

1153 2162 1258 2206 λέξεται
1272 2174 1302 2199 τὸ
1322 2171 1437 2206 ἀγαθόν·
1459 2170 1525 2196 διότι
1548 2168 1611 2203 πρὶν
1626 2168 1643 2203 ἢ
1664 2165 1765 2200 γνῶναι
1782 2163 1813 2190 τδ
1831 2162 1939 2189 παιδίον

1153 2217 1253 2252 ἀγαθὸν
1275 2217 1292 2252 ἢ
1316 2217 1410 2249 κακὸν,
1434 2214 1542 2242 ἀπειθεῖ
1564 2211 1690 2248 πονηρίᾳ,
1714 2209 1760 2236 τοῦ
1778 2206 1940 2252 ἐκλέξασθαι

1893 2251 1938 2287 σῇ.

1151 2311 1204 2338 ἀπὸ
1220 2310 1364 2346 προσώπου
1376 2308 1430 2335 τῶν
1442 2307 1488 2334 δύο
1508 2306 1647 2342 βασιλέων.
1668 2314 1677 2330 ι
1696 2303 1750 2330 Καὶ
1771 2301 1806 2328 τὰ
1824 2300 1875 2336 μὲν

1151 2345 1318 2392 προφητείας
1331 2352 1382 2381 ὧδέ
1395 2362 1433 2389 πη
1447 2351 1519 2388 εἶχεν
1529 2361 1535 2368 ’
1552 2351 1696 2385 ἐπιστῆσαι
1708 2349 1736 2376 δὲ
1748 2348 1822 2382 ἀξιον
1835 2346 1875 2382 τῷ
1887 2345 1934 2372 τοῦ

1151 2403 1229 2436 λόγου
1257 2401 1392 2437 προοιμίῳ
1418 2397 1613 2435 μαρτυρομένῳ
1635 2397 1692 2427 τοῖς
1712 2393 1932 2429 ἐντυγχάνουσιν.

1150 2450 1202 2479 ὅτι,
1216 2447 1262 2474 ἐὰν
1277 2448 1313 2482 μὴ
1328 2445 1520 2475 πιστεύσωσιν,
1533 2443 1593 2470 οὐδὲ
1608 2442 1644 2478 μὴ
1661 2440 1770 2468 συνῶσι.
1785 2437 1840 2467 Καὶ
1853 2439 1935 2472 ἀναγ-

1151 2493 1235 2525 καίως
1254 2492 1322 2528 χρῆν
1341 2488 1572 2526 ἐπισημήνασθαι,
1588 2486 1755 2518 δεικνύντας,
1770 2485 1812 2511 bu
1830 2483 1868 2519 μὴ
1889 2483 1936 2518 μό-

1151 2548 1195 2566 νον
1212 2539 1355 2570 συνέσεως,
1369 2536 1438 2563 ἀλλά
1451 2536 1498 2562 καὶ
1519 2534 1634 2564 πίστεως
1653 2532 1692 2558 δεῖ
1705 2532 1761 2562 τοῖς
1777 2528 1938 2564 ἐντευξομέ-

1151 2593 1215 2617 νοις¹
1239 2584 1287 2610 καὶ
1309 2583 1339 2609 οὐ
1369 2581 1447 2617 μόνον
1473 2580 1601 2611 πίστεως,
1630 2577 1698 2605 ἀλλά
1720 2576 1768 2603 καὶ
1791 2574 1936 2604 συνέσεως.

1152 2631 1232 2657 Ὅθεν
1244 2630 1267 2656 οἱ
1285 2630 1317 2655 ὲκ
1332 2626 1482 2663 περιτομῆς
1497 2625 1534 2660 μὴ
1552 2623 1743 2653 πιστεύσαντες
1758 2621 1799 2652 είς
1812 2620 1858 2647 τὸν
1869 2620 1936 2655 Χρι-

1151 2676 1213 2702 στὸν
1235 2674 1282 2701 τοῦ
1303 2673 1382 2705 Θεοῦ,
1404 2672 1488 2699 εἰσέτι
1508 2671 1553 2697 κα)⁸
1570 2670 1616 2697 νῦν
1629 2669 1730 2695 τούτων
1751 2665 1934 2702 ἀκροώμενοι.

1150 2721 1226 2748 οὔπω
1248 2720 1295 2747 καὶ
1316 2720 1356 2750 εις
1378 2718 1457 2753 δεῦρο
1481 2716 1600 2751 συνῆκαν
1620 2714 1666 2741 τδν
1688 2711 1935 2748 προφητευόμενον,

1149 2767 1219 2793 ὣστε
1241 2767 1283 2792 ἐπ’
1303 2765 1392 2796 αὐτοῖς
1413 2762 1531 2799 πρώτοις
1546 2759 1729 2796 ἐπαληθεῦσαι
1750 2757 1800 2792 τὴν
1815 2757 1937 2793 πρόρρη-

1151 2821 1208 2839 σιν·
1227 2812 1294 2847 ἀκοῇ
1311 2811 1366 2845 γὰρ
1388 2808 1442 2836 τῶν
1465 2808 1529 2843 περὶ
1552 2805 1599 2833 τοῦ
1621 2803 1739 2841 Χριστοῦ
1763 2801 1936 2838 προφητειῶν

1148 2859 1193 2886 διὰ
1211 2859 1298 2892 πάσης
1313 2856 1417 2892 ἡμέρας
1431 2854 1586 2885 ἀκούοντες,
1599 2852 1650 2880 ὡσὶ
1661 2850 1780 2881 διανοίας
1793 2849 1846 2876 οὐκ
1855 2848 1937 2876 ἀκού-

1149 2914 1232 2932 ουσιν.
1250 2904 1305 2939 Τῆς
1321 2912 1350 2930 τε
1368 2902 1477 2937 ἀγνοίας
1495 2900 1583 2928 αὐτῶν
1600 2899 1685 2926 αἴτιον
1701 2897 1777 2925 οὐδὲν
1801 2897 1896 2932 ῑτερον
1918 2896 1933 2929 ἢ
