2089 3218
162 180 212 209 497

590 171 918 203 DEMONSTRATIONIS
937 171 1167 201 EVANGELlCzE
1187 173 1252 202 LIB.
1273 174 1332 203 Vll.

1739 178 1793 207 I98

159 235 277 264 ἀπιστία
291 235 430 270 τυγχάνει,
447 233 494 260 καὶ
510 232 588 259 τοῦτο
607 232 655 267 τῆς
676 231 854 267 προρρήσεως
867 229 952 264 ἀψευ-

1008 229 1073 258 lacic
1088 231 1202 258 duorum
1216 219 1350 267 regum".
1367 243 1376 259 ι
1390 232 1421 259 Ει
1434 241 1494 269 qua:
1509 234 1619 269 quidem
1631 236 1664 263 ad
1677 237 1793 272 prophe-

159 283 213 315 δὼς
237 282 300 318 περὶ
323 281 413 308 αὐτῶν
442 280 487 307 καὶ
509 279 576 315 πρὸς
605 279 702 310 αὐτοὺς
728 275 952 312 ἀποφηναμένης.

164 340 173 354 ι
190 329 252 356 Ἐὰν
265 328 329 364 γὰρ,
342 338 351 353 ι
366 328 444 362 φησὶ,
457 325 510 362 «μὴ
519 324 693 360 πιστεύσητε.
704 324 762 351 οὐδὲ
775 323 813 359 μὴ
826 321 950 357 συνῆτε.»

167 376 237 402 Ἀλλ’
260 377 285 402 εί
301 376 379 409 φαῖεν
405 375 442 410 μὴ
467 372 616 409 Παρθένον,
633 371 724 398 νεᾶνιν
743 369 772 397 δὲ
794 367 952 405 ὠνομάσθαι

161 424 190 449 ὲν
204 423 239 458 τῇ
253 422 346 457 Γραφῇ
362 420 443 456 (οὕτω
468 419 521 455 γάρ
532 427 597 454 φασι
612 417 742 453 φέρεσθαι
759 418 823 453 παρ’
835 416 951 448 αὐτοῖς),

163 469 211 495 καὶ
235 469 310 494 ποῖον
326 467 360 494 ἂν
380 467 494 501 γένοιτο,
510 466 642 500 φήσομεν,
660 465 771 499 σημεῖον
787 462 952 498 ἐπαγγελίας

162 514 232 542 Θεοῦ
247 514 332 547 ἄξιον,
354 514 378 539 εἰ
403 512 524 548 συνήθως
545 510 657 542 τίκτειν,
672 508 717 538 οἷα
733 510 780 537 καὶ
803 511 888 537 πᾶσαι
902 518 950 543 γυ-

163 564 266 593 ναῖκες,
284 560 314 593 ὲξ
331 559 440 595 ὁμιλίας
459 558 554 594 ἀνδρὸς
567 558 596 584 ὲν
610 557 709 592 γαστρὶ
729 555 848 583 λαϐοῦσα
864 556 953 587 νεᾶνίς

163 616 206 640 τις
221 607 332 643 ἔμελλες
346 604 407 636 Πῶς
421 604 449 631 δὲ
462 604 509 631 καὶ
522 602 589 635 Θεὸς
603 600 637 639 ἦν
650 604 664 629 ὁ
678 602 707 636 ἐξ
721 602 805 638 αὐτῆς
817 601 952 637 γεννώμε-

169 664 225 688 «Lg;
241 654 287 681 καὶ
305 654 354 688 οὺχ
369 652 464 684 ἁπλῶς
478 650 554 684 Θεὸς,
570 651 628 678 ἀλλ’
643 652 660 678 ό
674 650 738 684 μεθ’
754 648 855 684 ἡμῶν;
874 648 952 675 τοῦτο

165 702 219 739 γὰρ
239 701 380 737 σημαίνειν
399 699 523 734 βούλεται
540 698 572 724 τὸ
590 695 773 732 Ἐμμανουὴλ,
798 695 865 730 ὅπερ
887 694 952 729 φησὶ

164 750 219 775 δεῖν
232 746 375 782 ὀνομάζειν
394 745 439 772 τὸν
459 743 636 779 γεννώμενον.
657 753 666 769 ‹
688 743 752 769 Ἰδοὺ
776 742 830 776 γὰρ
847 742 863 777 ἡ
880 741 953 776 Παρ-

165 794 252 825 θένος,
275 792 367 827 φησιν,
389 791 417 816 ὲν
435 790 533 825 γαστρὶ
552 788 675 824 λήψεται,
694 787 741 814 καὶ
761 786 867 819 τέξεται
884 785 950 817 υἱον,

165 839 214 866 καὶ
234 837 360 868 καλέσεις
378 836 409 863 τὸ
430 835 515 869 ὄνομα
528 834 610 861 αὐτοῦ
630 832 817 869 Ἐμμανουήλ·
839 842 847 857 ι
862 832 876 857 ὅ
896 833 952 857 ἐστι

166 883 446 921 μεθερμηνευόμενον,
470 881 532 916 μεθ’
549 879 632 915 ἡμῶν
648 881 663 906 ὁ
677 879 759 912 Θεός.
776 878 854 909 Ποίος
865 877 892 903 δὲ
906 878 953 904 καὶ

165 915 328 965 ἀγὼν-Θεῷ,
391 915 476 959 ποῖοςῗ
489 927 521 953 ἂν
540 927 581 961 εἴη
604 925 696 957 κόπος,
720 925 766 950 καὶ
791 923 889 958 μόχθος
909 924 954 949 ἐπὶ
971 915 991 941 Β

166 976 277 1011 συνήθει
287 974 381 1009 τρόπῳ
396 972 523 1007 γυναικὸς
538 970 697 1005 τικτούσης;
715 969 759 995 Ἐν
774 969 822 1004 μὲν
834 967 888 1004 γὰρ
900 969 954 998 τοῖς

166 1021 311 1058 ἡμετέροις
337 1018 526 1054 ἀντιγράφοις,
552 1017 596 1051 ὑφ’
626 1016 824 1050 Ἑϐδομήκοντα
852 1013 956 1049 ἀνδρῶν

167 1068 271 1096 ἄνωθεν
289 1067 338 1103 μὲν
356 1065 487 1100 Ἑϐραίων
504 1063 533 1090 τδ
549 1064 637 1098 γένος,
659 1062 701 1088 ἐπ’
717 1060 844 1097 ἀκριϐείᾳ
858 1059 885 1086 δὲ
907 1060 955 1093 τῆς

167 1114 286 1150 πατρίου
318 1111 442 1143 παιδείας
472 1109 708 1145 δεδοκιμασμένων
729 1106 953 1143 ἡρμηνευμένοις,

166 1158 218 1189 ὧδέ
236 1168 293 1192 πως
309 1159 420 1194 φέρεται
434 1167 440 1173 ·
464 1167 473 1182 ι
495 1156 539 1191 Μὴ
563 1155 660 1192 μικρὸν
677 1155 741 1190 ὑμῖν
759 1154 852 1188 ἀγῶνα
887 1161 956 1188 παρ-

167 1207 242 1242 έχειν
263 1204 434 1241 ἀνθρώποις;
453 1202 500 1229 καὶ
513 1202 571 1233 πῶς
588 1201 681 1236 Κυρίῳ
697 1200 829 1235 παρέχετε
846 1199 954 1233 ἀγῶνα;

166 1253 213 1280 διὰ
225 1252 303 1280 τοῦτο
318 1250 398 1278 δώσει
416 1249 517 1284 Κύριος
534 1247 614 1279 αὐτὸς
629 1247 693 1282 ὑμῖν
713 1247 834 1281 σημεῖον·
857 1245 921 1271 Ἰδοὺ
940 1246 955 1280 ἡ

169 1299 306 1335 Παρθένος
322 1299 351 1324 ὲν
375 1297 474 1332 γαστρὶ
493 1294 618 1330 λήψεται,
640 1293 686 1320 καὶ
712 1292 817 1324 τέξεται
844 1291 911 1323 υἱον,
928 1291 956 1322 ὃς

169 1346 332 1381 κεκλήσεται
354 1346 371 1371 ὁ
394 1345 459 1378 μεθ’
480 1340 564 1376 ἡμῶν
588 1340 668 1372 Θεός.
688 1350 697 1365 ι
724 1339 809 1365 Τοῦτο
830 1338 894 1374 γὰρ,
919 1338 956 1368 ὼς

169 1393 248 1428 ἔφην,
269 1391 364 1427 δηλοῦν
381 1389 504 1425 βούλεται
520 1389 550 1415 τὸ
569 1385 741 1424 Ἐμμανουὴλ
756 1385 849 1420 ὄνομα.
869 1384 912 1410 Ἐν
929 1383 957 1409 δὲ

168 1440 226 1470 τοῖς
242 1437 329 1464 αὐτῶν
349 1435 482 1464 Ἰουδαίων
503 1434 688 1470 ἀντιγράφοις,
715 1431 784 1458 κατὰ
808 1431 856 1466 τὴν
877 1429 956 1456 Ἀκύ-

168 1485 216 1512 λου
233 1482 382 1519 μεταϐολὴν
403 1481 561 1517 φερομένοις
587 1479 764 1515 (προσήλυτος
795 1477 824 1504 δὲ
845 1478 858 1503 ό
879 1476 958 1503 Ἀκύ-

169 1530 218 1562 λας
230 1528 276 1566 ἦν,
291 1529 321 1556 οὐ
335 1528 415 1563 φύσει
434 1526 579 1561 Ἰουδαῖος),
592 1526 665 1560 ὅμως
680 1525 702 1551 δ’
715 1522 761 1551 οὖν
778 1523 825 1550 καὶ
840 1523 898 1548 κατ’
912 1521 958 1548 αὐ-

169 1577 215 1604 τὸν
241 1575 334 1603 τοῦτον
361 1574 468 1610 εἴρηται
490 1573 534 1599 τὸν
557 1572 657 1608 τρόπον
674 1580 680 1585 ·
709 1580 717 1596 ι
743 1569 888 1596 Ἀκούσατε
911 1568 954 1603 δὴ,
969 1582 992 1613 c

169 1622 244 1654 οἶκος
256 1621 352 1648 Δαυῖδ·
372 1623 436 1656 μήτι
450 1619 538 1653 ὀλίγον
556 1618 609 1644 ἀπὸ
625 1616 699 1651 ὑμῶν
717 1615 831 1650 μοχθοῦν
846 1615 954 1650 ἄνδρας,

169 1670 211 1696 ὃτι
227 1666 356 1704 μοχθοῖπέ
372 1675 404 1700 γε
421 1665 467 1692 καὶ
481 1664 526 1691 τὸν
541 1663 643 1698 Κύριον
659 1662 725 1688 Θεὸν
739 1669 806 1696 μου;
819 1660 867 1687 Διά
880 1660 958 1687 τοῦτο

169 1714 250 1742 δώσει
269 1713 349 1744 αὐτὸς
367 1712 431 1747 ὖμῖν
445 1712 572 1746 σημεῖον·
593 1709 658 1735 Ἰδοὺ
674 1709 690 1744 ἡ
713 1708 801 1738 νεᾶνις
819 1708 847 1733 ὲν
859 1706 957 1741 γαστρὶ

169 1759 364 1795 συλλαμϐάνει,
377 1759 423 1785 καὶ
436 1758 523 1784 τίκτει
538 1755 605 1788 υἱον,
619 1755 666 1781 καὶ
679 1754 802 1784 καλέσεις
814 1753 898 1787 ὄνομα
910 1752 958 1778 αὺ-

169 1808 219 1835 τοῦ
241 1805 427 1842 Ἐμμανουήλ.
447 1815 456 1830 ι
478 1803 556 1839 Παρὰ
572 1803 600 1829 δὲ
618 1801 658 1836 τῷ
671 1800 809 1836 Συμμάχῳ
824 1799 900 1826 ταῦθ’
916 1798 958 1824 οὖ-

169 1862 225 1885 τως
239 1853 313 1888 ἔχει’
326 1852 444 1887 (λέγεται
460 1851 488 1876 δὲ
502 1851 516 1877 ὁ
533 1849 679 1884 Σύμμαχος
703 1847 856 1876 Ἐὃιωναῖος
871 1843 940 1871 εἶναι
950 1853 956 1859 ·

171 1900 277 1936 αἵρεσις
296 1898 324 1924 δὲ
340 1896 373 1933 ἦν
387 1897 457 1923 οὕτω
472 1894 645 1929 καλουμένων
665 1891 744 1918 τινῶν
767 1890 900 1917 Ἰουδαίων
919 1890 958 1920 είς

171 1934 289 1982 Χριστὸν
296 1944 432 1971 πιστεύειν
445 1941 609 1977 λεγομένων,
619 1939 648 1970 ἐξ
664 1935 700 1964 ὧν
712 1939 725 1964 ὁ
742 1937 888 1972 Σύμμαχος
901 1934 958 1971 ἦν.)

172 1988 272 2027 παρ’ᾦ
290 1991 338 2018 καὶ
360 1989 433 2024 αὐτῷ
454 1988 540 2014 ταῦτα
564 1986 650 2017 οὕτως
670 1985 741 2020 ἔχει·
770 1993 778 2009 ι
801 1983 957 2014 Ἀκούσατε,

171 2037 246 2069 nixo;
261 2037 342 2064 Δαυῶ
353 2045 360 2051 ·
379 2036 424 2071 Μὴ
444 2035 493 2061 οὐκ
507 2034 642 2068 αὔταρκες
659 2032 722 2067 ὑμῖν
744 2029 844 2056 κοποῦν
859 2027 961 2063 ἀνθρώ-

172 2092 250 2116 πους,
267 2084 308 2111 ὅτι
327 2082 443 2110 κοποῦτε
464 2082 510 2108 τὸν
528 2081 595 2107 Θεόν
618 2087 688 2115 μους
709 2077 758 2104 Διὰ
780 2075 858 2102 τοῦτο
881 2074 960 2101 δώσει

172 2130 253 2161 αὐτὸς
267 2130 331 2164 ὑμῖν
345 2129 456 2164 σημεῖον
469 2136 474 2142 ·
494 2127 559 2153 Ἰδοὺ
570 2128 587 2161 ἡ
604 2126 694 2156 νεᾶνις
709 2121 901 2157 συλλαμϐάνει,
914 2120 960 2146 καὶ

172 2176 259 2203 τίκτει
272 2175 340 2208 υἱον,
353 2174 400 2202 καὶ
414 2174 539 2204 καλέσεις
555 2172 639 2207 ὄνομα
653 2170 735 2197 αὑτοῦ
759 2167 958 2204 Ἐμμανουήλ.»

177 2222 289 2257 Ἐπειδὴ
311 2221 365 2257 γὰρ
386 2220 435 2247 τοῦ
453 2219 590 2246 Ἰουδαίων
611 2218 703 2249 ἔθνους
723 2217 752 2243 τὸ
775 2213 892 2250 σκληρὸν
914 2212 959 2239 τοῦ

1008 275 1072 303 tiam
1090 277 1236 312 pertinent,
1254 279 1281 306 in
1297 279 1370 306 hunc
1383 280 1493 307 modum
1508 288 1539 308 se
1552 280 1662 310 habent.
1676 279 1792 317 Diligen-

1007 322 1061 350 tius
1074 331 1136 350 vero
1152 324 1292 354 attendere
1308 333 1356 361 par
1369 330 1411 354 est
1422 326 1508 362 ipsius
1520 328 1625 354 oraculi
1638 328 1792 359 exordium,

1007 369 1080 404 quod
1096 370 1215 405 legentes
1230 371 1369 405 admonet,
1384 373 1407 400 si
1432 380 1487 400 non
1510 373 1686 407 crediderim,
1701 382 1736 402 ne
1751 375 1793 401 in-

1007 415 1163 444 tellecturos
1187 417 1296 451 quidem
1314 425 1393 452 esse;
1410 422 1436 446 et
1448 426 1514 447 sane
1534 419 1665 448 adnotare
1681 428 1794 448 necesse

1007 460 1068 493 fuit,
1085 465 1165 496 atque
1188 463 1342 496 ostendere,
1365 464 1438 500 quod
1455 473 1510 493 non
1535 466 1622 493 solum
1643 466 1791 499 intellectu,

1007 508 1054 536 sed
1067 508 1149 536 etiam
1166 509 1216 537 lide
1234 510 1267 538 iis
1277 510 1322 545 qui
1340 511 1436 538 lecturi
1449 515 1523 544 sunt,
1535 519 1604 547 opus
1617 512 1664 544 sit,
1674 516 1702 539 et
1711 512 1794 540 vicis-

1007 555 1069 588 sim,
1096 563 1149 583 non
1176 556 1263 583 solum
1281 556 1332 584 [ide
1348 557 1396 585 sed
1411 558 1493 585 etiam
1519 559 1667 586 intellectu.
1685 558 1722 586 Ex
1738 567 1794 594 quo

1006 599 1092 628 Judaei
1115 601 1161 636 qui
1183 602 1209 629 in
1232 602 1371 630 Christum
1384 602 1430 630 Dei
1443 612 1496 631 non
1519 604 1694 632 crediderunt
1710 605 1790 632 etiam

1007 654 1081 674 nunc
1107 647 1164 675 hinc
1183 648 1338 680 audientes,
1360 650 1481 677 nondum
1507 655 1596 678 tamen
1619 651 1681 686 quis
1703 651 1792 684 sit,de

1007 700 1061 727 quo
1076 693 1207 728 propheta
1222 694 1342 729 loquitur
1358 695 1598 729 intellexerunt,ut
1612 697 1639 724 in
1654 697 1721 732 ipsis
1737 698 1792 732 pri—

1007 739 1059 766 mis
1077 740 1217 767 veritatem
1234 748 1310 768 suam
1329 742 1482 776 probaverit
1494 743 1652 769 vaticinium
1671 753 1678 768 :
1697 743 1790 770 auditu

1006 785 1079 812 enim
1102 789 1159 813 tota
1179 787 1223 813 die
1244 787 1400 822 prophetias
1411 787 1444 815 de
1455 788 1564 816 Christo
1579 789 1731 822 audientes,
1742 796 1792 816 auo

1007 831 1083 859 ribus
1109 832 1293 867 intelligentiae
1318 841 1372 860 non
1403 834 1526 861 audiunt.
1552 834 1641 869 Atque
1669 836 1791 870 ipsorum

1008 878 1167 911 ignorantia:
1189 879 1241 904 alia
1257 879 1330 905 trulla
1343 883 1385 906 est
1400 886 1483 906 causa
1501 886 1582 914 quant
1605 880 1792 913 incredulitas,

1005 931 1067 949 eum
1083 923 1170 958 ipsum
1185 924 1235 951 hoc
1248 924 1351 959 absque
1376 925 1518 952 mendacio
1532 929 1560 952 et
1575 925 1608 952 de
1623 925 1700 960 ipsis.
1715 930 1743 953 et
1758 926 1792 954 ad

1006 968 1080 1003 ipsos
1091 969 1261 1002 vaticinium,
1276 970 1354 1005 plane
1365 971 1567 999 enuntiaverit:
1581 981 1590 997 ι
1607 970 1634 998 Si
1649 972 1721 999 enim
1738 980 1792 999 non

1005 1014 1187 1046 credideritis,
1207 1015 1305 1050 inquit,
1322 1024 1355 1043 tte
1373 1016 1529 1050 intelligetis
1549 1017 1670 1051 quidem.
1686 1027 1695 1043 ι
1713 1016 1793 1050 Quod

1006 1061 1030 1087 si
1048 1060 1165 1088 dixerint
1186 1069 1241 1089 non
1266 1061 1416 1097 Virginem,
1433 1062 1480 1089 sed
1495 1063 1612 1097 puellam
1635 1063 1705 1098 apud
1719 1063 1792 1091 Scri-

1006 1110 1113 1141 pturam
1136 1109 1303 1135 nominatam
1316 1116 1377 1136 esse
1393 1108 1443 1143 (sic
1455 1109 1526 1136 enim
1540 1110 1617 1136 aiunt
1627 1110 1704 1145 apud
1716 1110 1792 1144 ipsos

1006 1153 1122 1188 haberi),
1148 1154 1302 1189 cujusmodi
1329 1154 1438 1182 tandem
1462 1155 1569 1190 signum
1596 1155 1648 1183 hoc
1669 1155 1790 1183 futurum

1006 1199 1139 1232 dicemus,
1156 1201 1226 1235 quod
1253 1199 1344 1227 divina
1368 1201 1549 1235 promissione
1575 1201 1611 1229 sit
1630 1201 1752 1237 dignum,
1767 1202 1790 1229 si

1007 1245 1116 1277 usitate,
1129 1246 1357 1281 quemadmodum
1368 1252 1472 1275 αιτιοι-αι
1482 1256 1577 1276 omnes
1592 1248 1731 1280 mulieres,
1743 1248 1789 1275 ubi

1006 1300 1038 1318 ex
1070 1292 1120 1319 viri
1148 1292 1342 1327 conjunctione
1367 1301 1511 1328 praegnans
1539 1295 1674 1326 evaserit,
1702 1294 1790 1328 puella

1006 1337 1139 1372 quaepiam
1167 1337 1218 1365 fuit
1245 1338 1386 1373 paritura?
1411 1339 1553 1371 Quomodo
1575 1343 1704 1374 praeterea
1720 1338 1793 1366 Deus

1006 1383 1058 1410 erit
1073 1383 1120 1418 qui
1136 1392 1169 1410 ex
1185 1384 1230 1411 illa
1261 1391 1400 1416 nascatur,
1417 1393 1504 1419 neque
1530 1384 1691 1419 simpliciter
1707 1384 1789 1414 Deus.

1007 1429 1053 1456 sed
1078 1430 1212 1457 nobiscum
1233 1430 1388 1458 Deus?hoc
1414 1431 1486 1459 enim
1512 1431 1643 1466 signiﬁcat
1661 1439 1712 1458 vox
1729 1430 1791 1457 Em—

1008 1477 1126 1508 manuel,
1142 1485 1196 1511 quo
1214 1477 1324 1504 nomine
1341 1478 1378 1504 ait
1392 1485 1453 1505 esse
1472 1477 1625 1504 vocandum
1647 1477 1722 1504 illum
1745 1477 1792 1511 qui

1008 1527 1160 1550 nascetur:
1180 1532 1189 1549 ι
1216 1523 1285 1551 Ecce
1305 1523 1388 1555 enim,
1421 1524 1520 1559 inquit,
1547 1523 1629 1558 Virgo
1658 1524 1685 1550 in
1715 1528 1795 1551 utero

1008 1569 1106 1603 capiet,
1119 1569 1199 1604 316
1210 1572 1236 1596 et
1251 1569 1338 1604 pariet
1352 1570 1447 1601 (ilium,
1460 1574 1486 1597 et
1502 1570 1610 1596 vocabis
1623 1577 1721 1596 nomen
1734 1570 1793 1603 ejus

1011 1614 1178 1649 Emmanuel,
1194 1625 1203 1641 ι
1220 1616 1291 1650 quod
1309 1619 1361 1648 est,
1375 1616 1398 1644 si
1409 1616 1471 1650 quis
1486 1616 1689 1649 interpretetur,
1704 1615 1794 1642 nobis--

1008 1671 1066 1689 ειιιιι
1085 1663 1162 1690 Deus.
1184 1662 1345 1697 Cujusruodi
1371 1665 1461 1690 autem
1488 1665 1626 1689 certamen
1654 1661 1719 1692 Deo,
1747 1665 1793 1687 aut

1010 1710 1072 1744 quis
1087 1709 1195 1736 tandem
1213 1708 1300 1739 labor,
1320 1715 1412 1742 quaeve
1427 1707 1573 1734 dillicultas
1591 1706 1708 1741 objecta,
1722 1707 1745 1733 si
1759 1706 1793 1733 de

1010 1763 1084 1782 more
1102 1755 1224 1789 paritura
1249 1754 1300 1780 fuit
1323 1754 1481 1780 muliean
1497 1753 1599 1780 nostris
1609 1753 1681 1779 enim
1700 1760 1793 1779 exem-

1010 1800 1151 1835 plaribus,“
1166 1807 1226 1834 qua:
1249 1800 1405 1834 quicunque
1433 1798 1601 1833 interpretati
1628 1801 1709 1829 sunt,
1726 1797 1743 1823 ii
1766 1801 1793 1824 et

1008 1854 1107 1882 genere
1119 1846 1153 1873 ab
1170 1845 1290 1873 Hebraeis
1305 1844 1414 1872 oriundi
1431 1843 1551 1875 fuerunt,
1565 1847 1591 1870 et
1604 1842 1699 1878 patriae
1716 1843 1792 1877 ipso-

1012 1901 1072 1920 rum
1095 1893 1193 1928 lingua:
1213 1891 1383 1926 peritissimi,
1395 1894 1421 1917 et
1439 1890 1466 1916 in
1480 1898 1512 1917 ea
1526 1889 1678 1917 eruditione
1694 1888 1792 1924 proba-

1010 1939 1121 1969 tissimi,
1133 1938 1174 1965 sic
1186 1937 1301 1964 habetur
1314 1946 1319 1963 :
1338 1945 1346 1961 ‹
1363 1936 1431 1962 Num
1446 1942 1542 1969 parum
1556 1934 1635 1962 vobis
1646 1939 1697 1963 est.
1709 1938 1795 1960 certa-

1012 1992 1073 2011 men
1087 1983 1216 2011 exliibere
1238 1982 1413 2010 hominibus?
1426 1986 1453 2008 et
1467 1988 1516 2007 cur
1531 1980 1646 2007 Dotniuo
1661 1979 1795 2007 exhibetis

1009 2029 1169 2057 certamen?
1199 2033 1309 2064 propter
1342 2027 1393 2054 hoc
1415 2027 1491 2054 dabit
1504 2026 1634 2053 Dominus
1647 2026 1704 2060 ipse
1718 2026 1794 2052 vobis

1011 2077 1130 2111 signum.
1160 2075 1231 2103 Ecce
1261 2074 1345 2110 Virgo
1372 2075 1399 2101 in
1427 2078 1503 2101 utero
1523 2072 1622 2107 capiet,
1653 2076 1678 2099 et
1708 2071 1796 2105 pariet

1012 2123 1107 2154 lilium,
1127 2122 1173 2157 qui
1189 2126 1301 2149 vocatur
1313 2120 1449 2148 nobiscum
1461 2119 1540 2146 Deus.
1557 2128 1566 2144 ›
1580 2117 1637 2144 Hoc
1655 2117 1728 2145 enim
1744 2117 1796 2144 sibi

1013 2168 1079 2199 vult,
1096 2167 1324 2202 quemadmodum
1341 2166 1409 2196 dixi,
1424 2167 1481 2200 ipsa
1503 2171 1556 2192 vox
1580 2162 1749 2189 Emmanuel.
1767 2160 1795 2188 III

1012 2213 1080 2248 ipsis
1097 2217 1187 2240 autem
1203 2211 1358 2239 Judmorum
1385 2210 1594 2244 exemplaribus,
1612 2215 1672 2243 qum
1699 2215 1797 2236 secun-

172 2268 284 2304 τρόπου,
301 2266 429 2302 καὶπρὸς
450 2264 590 2292 εὐσέϐειαν
609 2262 770 2293 δυσένὸοτον,
794 2260 891 2295 ἱδρῶτα
915 2258 958 2284 καὶ

1013 2261 1077 2287 dum
1103 2259 1208 2294 Aquilae
1236 2257 1442 2286 conversionem
1472 2256 1596 2283 feruntur
1621 2255 1798 2290 (adventitius

172 2315 267 2347 κόπον,
285 2313 383 2350 μόχθον
399 2321 428 2339 τε
440 2312 471 2338 οὺ
487 2311 532 2337 τὸν
545 2310 669 2344 τυχόντα,
683 2308 729 2334 καὶ
743 2307 836 2341 ἀγῶνα
849 2305 961 2340 παρεῖχε

172 2361 228 2392 τοῖς
239 2359 325 2387 πάλαι
335 2358 469 2394 Θεοφιλέσι
483 2357 646 2393 προφήταις,
660 2354 755 2380 τούτου
768 2353 858 2388 χάριν,
876 2361 884 2376 ι
905 2351 962 2377 Οὐκ

173 2407 309 2443 αὔταρκες
329 2406 404 2441 ὑμῖν,
430 2414 439 2430 ι
467 2403 544 2439 φησι,
563 2413 572 2429 ι
586 2404 649 2434 τοὺς
669 2401 811 2437 προφήτας
826 2399 872 2425 τοῦ
894 2398 961 2425 Θεοῦ

175 2453 304 2490 μοχθοῦν,
318 2452 366 2479 καὶ
381 2451 474 2485 ἀγῶνα
489 2449 618 2485 παρέχειν
637 2447 790 2483 ἀνθρώποις
803 2454 809 2478 ;
832 2445 888 2472 ἀλλ’
911 2444 962 2480 ἢδη

173 2500 222 2528 καὶ
239 2499 286 2526 τὸν
298 2498 364 2525 Θεόν
377 2506 427 2534 μου
447 2496 574 2527 κοποῦτε,
593 2495 638 2521 καὶ
657 2493 750 2528 ἀγῶνα
767 2493 899 2527 παρέχετε
916 2490 962 2517 καί

172 2556 204 2583 γε
227 2545 265 2581 τῷ
278 2544 339 2580 Θεῷ
353 2552 422 2580 μους
440 2554 449 2570 ι
466 2543 544 2570 Οὕτω
567 2542 620 2577 γὰρ
642 2542 689 2568 καὶ
709 2540 854 2567 Θεοδοτὶων
869 2536 963 2571 ἐξέδω-

172 2601 228 2620 κεν.
259 2592 290 2618 '0
316 2590 382 2625 γοῦν
406 2590 549 2626 προφήτης
581 2589 653 2620 ἰδίως
675 2587 771 2614 ἑαυτοῦ
800 2586 876 2617 Θεὸν,
906 2585 962 2611 ἀλλ’

171 2638 232 2674 οὐχὶ
250 2637 299 2664 καὶ
313 2636 368 2663 τῶν
385 2636 454 2671 πρὸς
476 2634 522 2666 οὓς
536 2636 550 2661 ὁ
570 2635 657 2668 λόγος,
675 2634 720 2660 τὸν
733 2631 900 2667 κοπούμενον
918 2632 963 2658 καὶ

173 2684 219 2710 ἐπὶ
228 2683 276 2710 τὸν
287 2681 380 2717 ἀγῶνα
391 2681 572 2715 ἀποδυόμενον
588 2681 744 2715 προσεῖπεν,
756 2678 805 2705 οὐκ
820 2677 852 2704 ἂν
863 2678 961 2713 φήσας,

173 2727 239 2754 Θιόν
255 2735 306 2763 μου
320 2727 366 2754 τὸν
379 2728 424 2754 ἐπὶ
439 2727 547 2754 πάντων
559 2726 624 2752 Θεὸν
640 2726 668 2751 ὲν
685 2724 831 2755 Ἰουδαίοις,
847 2724 911 2758 παρ’
923 2721 964 2754 οἷς

174 2773 206 2799 ἑκ
221 2773 348 2807 πατέρων
360 2772 391 2799 τὺ
404 2781 436 2798 πε
441 2772 468 2807 p‘t
480 2772 524 2798 τὸν
533 2771 587 2798 τῶν
601 2771 708 2798 πάντων
721 2768 885 2805 δημιουργὸν
899 2768 964 2794 Θεὸν

175 2818 258 2850 σέᾶας
277 2818 450 2853 ἐφυλάττετο.
465 2818 511 2850 Τίς
526 2818 547 2844 δ’
563 2818 593 2845 ἂν
610 2818 650 2852 εἴη
672 2818 684 2843 ὁ
700 2816 774 2850 ἁγὼν
791 2816 837 2842 καὶ
856 2814 962 2851 μόχθος,

215 2898 236 2913 ⁵³
250 2898 301 2926 lsa.
319 2907 366 2932 vn,
384 2898 471 2926 l0-16.

1013 2311 1102 2334 autem
1123 2306 1218 2340 Aquila
1237 2305 1296 2334 fuit,
1314 2312 1368 2331 nou
1385 2308 1482 2331 natura
1498 2300 1628 2338 Judmus),
1643 2302 1690 2329 sed
1706 2305 1796 2328 tamen

1012 2353 1094 2379 etiam
1115 2352 1264 2380 secundum
1282 2352 1365 2382 hunc.
1381 2351 1432 2377 hoc
1446 2357 1512 2376 sane
1530 2348 1662 2383 scriptum
1682 2350 1724 2373 cst
1739 2354 1797 2373 nn)—

1014 2398 1048 2425 do
1065 2408 1071 2425 :
1089 2408 1098 2424 ‹
1123 2398 1251 2432 Nunquid
1273 2404 1369 2432 parum
1385 2400 1427 2423 est
1444 2403 1459 2422 ιι
1475 2395 1553 2421 vobis
1577 2393 1683 2428 fatigari
1707 2392 1798 2418 viros?

1013 2445 1085 2479 quod
1113 2445 1231 2472 laborem
1259 2442 1393 2471 exbibctis
1408 2442 1489 2469 etiam
1507 2439 1562 2467 Deo
1587 2439 1667 2466 meo?
1685 2437 1798 2472 Propter

1014 2493 1065 2519 hoc
1079 2491 1154 2519 dabit
1170 2491 1227 2525 ipse
1243 2490 1320 2518 vobis
1339 2490 1447 2524 signum
1467 2497 1473 2515 :
1492 2487 1562 2514 Ecce
1573 2485 1660 2520 puella
1674 2484 1702 2512 in
1721 2488 1798 2510 utero

1014 2536 1148 2571 concipit,
1166 2539 1192 2562 et
1223 2538 1292 2570 parit
1311 2534 1408 2566 tilium,
1431 2537 1457 2560 et
1481 2531 1590 2559 vocabis
1616 2537 1715 2556 nomen
1739 2529 1799 2563 ejus

1015 2581 1185 2608 Emmanuel.
1201 2590 1209 2606 ι
1227 2578 1305 2614 Apud
1326 2577 1518 2614 Symmachum
1548 2583 1612 2611 vero
1635 2574 1693 2601 bch
1710 2574 1746 2600 ita
1769 2581 1800 2601 sc

1015 2628 1114 2655 habent
1127 2627 1220 2662 (porro
1234 2624 1414 2660 Symmachus
1426 2623 1527 2649 dicitur
1539 2621 1680 2648 Ebionaaus
1696 2619 1796 2647 fuisse:

1015 2679 1089 2703 secta
1114 2679 1203 2701 autem
1227 2674 1284 2700 btet:
1310 2673 1359 2699 fuit
1377 2671 1546 2701 Judaaorum,
1562 2669 1608 2703 qui
1632 2675 1664 2695 eo
1689 2667 1800 2694 nomino

1016 2721 1194 2753 vocabantur,
1208 2724 1234 2747 et
1253 2719 1281 2746 in
1295 2718 1434 2745 Christum
1452 2715 1563 2743 credere
1577 2713 1750 2743 dicebantur,
1766 2719 1797 2739 ex

1015 2767 1114 2802 quibus
1138 2765 1318 2802 Symmachus
1341 2764 1417 2799 fuit);
1434 2763 1505 2799 apud
1528 2763 1616 2798 ipsum
1633 2763 1705 2790 hunc
1719 2761 1801 2797 igitur

1016 2813 1072 2840 hare
1089 2813 1125 2839 ita
1138 2820 1167 2840 se
1183 2812 1297 2839 habent:
1313 2819 1322 2836 ι
1334 2810 1442 2842 Audite,
1457 2810 1554 2837 domus
1571 2808 1665 2841 David,
1678 2806 1800 2843 nunquid
