2089 3218
292 175 349 203 499

631 172 764 202 EUSEBH
786 174 1030 202 C/ESARIENSIS
1046 162 1121 202 OPP.
1144 174 1233 202 PARS
1254 175 1285 202 ll.
1298 191 1332 196 —-
1348 174 1598 204 APOLOGETICA.

1868 179 1922 207 500

295 242 349 261 non
365 233 433 261 satis
449 233 526 261 vobis
540 237 581 261 est
602 233 716 269 fatigare
728 234 864 265 homines.
877 233 951 269 quod
962 234 1078 268 fatigatis

1133 235 1149 269 ἢ
1167 236 1182 261 6
1196 235 1280 266 κόπος
1305 236 1351 261 τοῦ
1372 237 1609 271 προφητευομένου
1630 237 1708 268 Θεοῦ,
1729 238 1746 273 ἦ
1763 238 1794 264 τδ
1814 240 1854 270 είς
1872 240 1922 265 ἀν-

295 281 379 308 Deum
406 281 516 308 meum?
544 285 653 315 propter
679 280 730 308 hoc
759 281 836 308 dabit
866 280 997 308 Dominus
1024 281 1078 315 ipse

1133 278 1249 314 θρὼπων
1264 280 1370 313 γένεσιν
1384 280 1485 313 ἐλθεῖν;
1505 281 1576 307 κατὰ
1592 281 1644 316 μὲν
1657 282 1730 317 ἡμᾶς
1743 283 1789 309 καὶ
1804 283 1853 319 τὴν
1865 283 1922 310 τῶν

297 327 374 354 vobis
393 326 499 362 signum
517 336 524 353 :
543 325 612 354 Ecce
629 327 717 361 puella
732 327 852 362 concipit
865 331 891 354 et
905 326 975 363 parit
986 327 1080 358 filium,

295 377 323 398 et
347 372 456 399 vocabis
480 379 579 399 nomen
593 372 654 406 ejus
669 371 840 400 Emmanuel.
861 382 870 398 ι
889 372 993 405 Quibus
1009 372 1082 399 enim

295 416 417 444 Iudaicae
432 415 522 452 gentis
531 410 628 444 [mores
641 417 795 452 asperrimi,
809 422 836 444 et
852 425 866 443 a
877 418 976 452 pietate
989 417 1083 444 admo-

295 462 360 489 dum
379 462 569 493 abhorrentes,
593 462 720 489 sudorem
743 462 928 497 laboremque,
941 470 973 489 ac
987 461 1083 497 fatiga-

296 508 397 536 tionem
428 517 482 535 non
513 509 664 543 vulgarem,
681 513 761 543 atque
785 513 935 541 certamen,
961 510 1082 544 antiquis

295 554 350 582 illis
364 555 417 582 Deo
425 556 520 582 amicis
535 555 673 590 prophetis
685 556 860 588 exhibebant,
870 556 984 587 idcirco.
999 565 1008 581 σ
1026 564 1081 583 non

295 601 365 627 satis
393 605 445 631 est.
464 601 561 635 inquit,
581 601 670 634 \obis,
695 601 742 628 Dei
773 602 920 636 prophetas
952 602 1080 637 amisere,

296 645 506 680 hominibusque
532 646 662 673 exhibere
685 650 835 678 certamen,
856 647 908 674 nisi
922 647 978 682 jam
998 648 1080 674 etiam

296 691 381 718 Deum
392 699 482 718 meum
495 691 625 726 fatigetis,
635 692 714 727 eique
728 693 881 720 exhibeatis
894 693 1054 720 certamen?
1068 703 1078 719 ι

295 744 345 764 nec
354 736 409 764 Deo
421 737 592 772 simpliciter,
601 738 649 765 sed
662 738 717 766 Deo
731 740 809 766 meo?
817 739 862 766 Sic
872 740 944 767 enim
956 739 1081 767 Theodo-

295 783 352 810 tion
363 790 472 818 quoque
487 784 632 811 convertit.
642 784 776 819 Propheta
789 785 872 820 igitur
896 793 975 813 suum
997 794 1080 821 pecu-

295 829 397 857 liariter
404 829 499 862 Deum,
507 833 533 857 et
546 838 599 857 non
611 838 705 857 eorum
719 831 752 857 ad
763 839 832 866 quos
846 839 937 859 sermo
948 832 1081 867 dirigeba-

294 879 350 906 tur,
362 883 424 903 eum
437 875 484 910 qui
504 880 659 907 vexaretur.
671 880 698 903 et
709 876 735 903 in
751 880 888 904 certamen
899 877 1020 909 daretur,
1032 885 1081 913 ap-

292 922 410 955 pellavit,
425 923 471 957 qui
484 922 593 957 quidem
608 930 748 958 nunquam
764 923 847 950 Deum
863 932 952 951 meum
965 912 1079 953 dixisset
1097 912 1117 938 Β

291 974 355 992 cum
369 967 419 1001 qui
428 967 498 1001 apud
509 966 616 995 Judaaos
628 975 773 1002 supremus
782 969 905 999 habetur.
917 969 987 1003 apud
998 978 1076 1004 quos,

293 1017 374 1043 quem
402 1018 416 1035 η
442 1010 564 1045 patribus
596 1019 686 1039 rerum
717 1013 839 1040 omnium
868 1016 1018 1043 conditoris
1032 1015 1079 1043 Dei

292 1053 375 1088 317
391 1054 494 1081 cultum
513 1054 564 1090 ipsi
577 1062 747 1090 acceperant,
763 1057 786 1084 is
801 1057 1007 1092 diligentissime
1025 1068 1081 1087 ser-

293 1099 418 1131 vabatur,
439 1100 487 1128 sed
504 1101 577 1135 quod
604 1101 711 1132 tandem
736 1110 798 1130 esse
819 1108 908 1138 potest
930 1109 1078 1138 certamen,

293 1144 355 1178 q'fis
373 1145 459 1176 labor,
475 1153 536 1180 qua:
552 1146 674 1181 fatigatio
684 1147 744 1182 ejus
760 1147 817 1179 Dei,
831 1149 865 1176 de
880 1157 934 1184 quo
948 1150 1079 1185 propheta

293 1191 425 1225 loquitur,
439 1191 492 1218 nisi
508 1192 575 1218 illud
587 1192 620 1219 ad
636 1192 773 1221 hominum
788 1195 992 1229 generationem
1005 1205 1080 1224 acce-

292 1236 368 1266 dere,
381 1241 407 1262 et
421 1239 478 1262 tum
492 1237 642 1264 secundum
655 1244 715 1270 nos,
732 1241 788 1264 tum
805 1240 953 1266 secundum
969 1239 1080 1274 Septua-

293 1282 368 1316 ginta
384 1282 634 1317 interpretationem
648 1283 680 1310 de
699 1283 808 1318 Virgine
825 1285 912 1311 nasci:
927 1286 1077 1313 secllndum

293 1337 358 1357 vero
378 1338 437 1358 eam
461 1337 522 1365 qua:
547 1331 617 1366 apud
644 1332 768 1366 juniores
795 1331 881 1359 fertur
904 1332 1024 1366 Judaeos,
1045 1334 1078 1360 de

294 1375 405 1410 puella?
444 1375 578 1404 (Steterunt
603 1378 674 1412 apud
699 1378 802 1405 Mosem
826 1387 934 1414 quoque
957 1379 1079 1408 invenies

293 1430 365 1453 eam,
383 1430 443 1458 quae
464 1423 569 1457 absque
590 1425 777 1452 controversia
794 1425 830 1452 sit
847 1425 934 1459 virgo,
962 1425 1077 1458 puellam

293 1468 440 1502 appellari:
464 1468 599 1502 siquidem
623 1476 683 1496 eam
708 1477 768 1504 qua:
784 1470 829 1496 alii
852 1470 1015 1504 desponsata
1031 1472 1076 1501 sit.

293 1514 346 1540 alia
370 1521 436 1540 vero
462 1514 615 1549 repudiata,
638 1515 689 1542 hac
710 1516 890 1550 appellatione
912 1517 1028 1544 vocavit.
1054 1517 1079 1544 Is

293 1563 423 1594 praeterea
447 1560 494 1595 qui
515 1560 548 1587 de
571 1560 617 1586 tali
644 1560 741 1588 femina
767 1561 803 1589 sit
827 1561 948 1590 cdendus
968 1563 1078 1590 nomine

292 1604 465 1637 Emmanuel,
483 1606 586 1640 majore
603 1605 689 1633 fertur
711 1607 843 1641 potentia,
857 1615 938 1642 quam
956 1608 1077 1636 omnium

293 1651 409 1678 aliorum
425 1651 576 1684 hominum,
599 1652 701 1687 quippe
721 1653 768 1687 qui
788 1653 870 1688 eligat
885 1653 986 1680 bonum
1001 1655 1078 1689 prius

292 1705 373 1732 quam
395 1699 553 1733 cognoverit
571 1699 652 1732 mala,
667 1703 694 1726 et
709 1700 819 1727 malitia:
838 1708 892 1727 non
909 1702 1078 1736 obtemperet

293 1744 355 1771 boni
370 1744 487 1780 eligendi
498 1745 596 1780 gratia,
612 1753 644 1773 eo
655 1746 740 1778 magis
751 1747 823 1780 quod
835 1747 891 1774 haec
903 1752 1011 1782 praestet
1023 1755 1077 1775 non

293 1791 319 1817 in
336 1790 406 1817 virili
425 1792 493 1826 jam,
509 1791 556 1818 sed
581 1792 608 1818 in
626 1792 722 1827 puerili
741 1793 831 1820 adhuc
846 1797 925 1821 aetate
944 1795 1078 1821 constitu-

292 1840 351 1868 tus;
366 1844 399 1863 ex
412 1844 466 1871 quo
481 1836 546 1864 illud
559 1837 661 1864 dictum
678 1841 738 1864 est:
770 1837 850 1866 Prius
873 1847 954 1873 quam
969 1840 1078 1866 noverit

292 1890 360 1917 puer
375 1883 474 1910 bonum
489 1887 537 1910 aut
552 1884 664 1917 malum,
685 1892 739 1911 non
756 1890 831 1919 paret
843 1886 962 1917 malitiae,
983 1890 1013 1912 ut
1028 1887 1078 1914 eli-

291 1932 336 1963 gat
364 1928 477 1955 bonum.
499 1939 508 1954 ι
521 1928 626 1962 Quibus
645 1930 734 1957 verbis
760 1939 872 1965 prorsus
892 1931 964 1966 quod
984 1931 1028 1958 ille
1044 1931 1078 1959 de

291 1982 347 2009 quo
362 1975 451 2010 agitur
465 1975 566 2001 nullam
577 1975 706 2002 malitiam
718 1977 848 2011 attigerit,
864 1977 1076 2005 demonstratur.

292 2020 345 2048 Sed
363 2021 583 2048 excellentiorem
600 2029 708 2057 quoque
724 2022 983 2056 denominationcm,
995 2032 1076 2059 quam

291 2067 411 2094 hominis
426 2067 480 2093 ulla
497 2075 558 2095 esse
582 2068 667 2102 possit
681 2069 838 2103 appellatio,
860 2069 1031 2097 nanciscitur
1054 2071 1076 2098 is

292 2112 337 2146 qui
354 2112 497 2140 nobiscum
512 2118 554 2140 est
576 2113 660 2140 Deus:
686 2122 771 2149 quare
794 2114 902 2149 signum
923 2115 986 2143 item
1004 2116 1076 2151 quod

294 2158 328 2185 de
343 2158 390 2185 illo
407 2156 500 2190 datur,
516 2158 728 2193 profunditatem
750 2160 832 2186 simul
849 2160 951 2188 habere
964 2162 1074 2194 dicitur,

295 2207 323 2231 et
337 2203 420 2231 simul
439 2203 628 2231 altitudinem:
643 2204 854 2239 profunditatem
885 2206 993 2240 quidem
1013 2215 1077 2242 pro-

1091 1582 1112 1609 C

1139 324 1336 361 Ἐὃδομήκοντα
1359 327 1519 362 ἑρμηνείαν,
1539 327 1570 353 ὲκ
1585 327 1724 363 Παρθένου
1740 328 1919 364 γεννώμενον,

1133 370 1202 397 κατὰ
1225 371 1253 397 δὲ
1273 371 1321 406 τὴν
1350 371 1396 398 νῦν
1423 373 1497 408 παρὰ
1523 373 1660 405 Ἰουδαίοις
1692 375 1860 410 φερομένην,
1886 376 1921 402 ἐκ

1133 417 1262 448 νεάνιδος.
1283 417 1379 452 Εὖροις
1401 418 1423 444 δ’
1437 418 1470 445 ἂν
1489 419 1565 455 παρὰ
1576 420 1671 446 Mutis!
1692 421 1740 448 καὶ
1754 421 1804 457 τὴν
1822 421 1921 457 ὁμολθο

1132 464 1273 499 γουμένως
1296 465 1432 501 Παρθένον
1455 467 1545 492 νεᾶνιν
1565 468 1835 503 προσηγορευμένην.
1863 469 1923 504 τὴν

1132 510 1197 544 γοῦν
1217 510 1301 546 ἑτέρῳ
1323 511 1579 547 μεμνηστευμένην,
1602 512 1647 547 ὑφ’
1672 513 1765 549 ἑτέρου
1788 513 1816 540 δὲ
1837 514 1921 540 ἑκόεο

1132 556 1283 592 ϐιασμένην
1306 556 1392 592 τούτῳ
1415 557 1533 592 κέκληκε
1555 558 1594 593 τῷ
1620 559 1804 594 προσρήματι.
1839 559 1920 587 me

1132 602 1178 628 καὶ
1194 604 1209 628 6
1224 603 1256 629 ἐκ
1278 603 1328 637 τῆς
1345 602 1510 638 δηλουμένης
1530 603 1728 639 τεχθησόμενος
1746 606 1921 642 Ἐμμανουήλ

1133 648 1244 684 μείζονα
1271 648 1286 684 ἤ
1307 649 1377 675 κατὰ
1401 650 1446 675 τὸν
1468 650 1556 676 κοινὸν
1585 649 1728 686 ἄνθρωπον
1759 651 1921 687 ἐπιφέρεται

1130 695 1264 730 δύναμιν,
1291 694 1466 729 ἐκλεγόμενος
1493 696 1524 721 τὸ
1553 695 1655 729 ἀγαθὸν
1681 697 1744 732 πρὶν
1768 697 1785 732 ἢ
1815 698 1919 731 γνῶναι

1132 740 1248 776 πονηρὰ,
1275 741 1322 767 καὶ
1345 740 1466 767 ἀπειθῶν
1494 742 1620 777 πονηρίᾳ,
1637 742 1683 768 τοῦ
1707 743 1869 776 ἐκλέξασθαι
1887 745 1919 771 τὸ

1131 787 1241 821 ἀγαθόν·
1254 788 1396 815 καὶταῦτα
1407 789 1456 815 οὐκ
1467 789 1495 815 ἐν
1507 789 1539 822 τῇ
1551 787 1598 814 τοῦ
1610 789 1705 825 ἀνδρὸς
1712 790 1814 826 ἡλικίᾳ,
1823 790 1880 817 ἀλλ’
1888 792 1919 818 ὲν

1130 833 1162 868 τῇ
1172 833 1218 859 τοῦ
1229 834 1396 861 παιδίου.Διὺ
1409 835 1526 870 εἴρηται·
1539 837 1620 872 «Πρὶν
1634 835 1757 871 ἢγνῶναι
1768 836 1799 862 τὸ
1813 835 1921 862 παιδίον

1132 878 1232 912 ἀγαθὸν
1250 878 1266 914 ἢ
1278 879 1372 910 κακὸν,
1388 879 1496 906 ἀπειθεῖ
1509 881 1636 916 πονηρία,
1652 881 1699 906 τοῦ
1713 880 1873 912 ἐκλέξασθαι
1886 880 1921 906 τὸ

1131 924 1246 958 ἀγαθόν·
1264 935 1273 949 ι
1294 925 1327 951 δι’
1346 922 1383 951 ὧν
1407 926 1545 958 παντελῶς
1567 926 1597 953 τὸ
1618 927 1667 961 τῆς
1685 926 1783 958 κακίας
1804 927 1919 961 ἄπειρον

1131 969 1176 996 τοῦ
1199 970 1362 1006 δηλουμένου
1389 971 1564 1006 παρίενταται.
1593 971 1672 998 Ἀλλὰ
1701 972 1747 998 καὶ
1775 971 1919 1007 κρείττονα

1130 1015 1146 1050 ἦ
1166 1017 1236 1042 κατὰ
1257 1016 1399 1052 ἄνθρωπον
1425 1017 1557 1052 ἐπάγεται
1578 1017 1627 1053 τὴν
1650 1018 1806 1053 ἐπωνυμίαν
1825 1018 1839 1044 6
1857 1017 1917 1053 μεθ’

1130 1062 1208 1097 ἡμῶν
1219 1063 1349 1098 ὑπάρχων
1363 1063 1429 1095 Θεός
1439 1072 1446 1079 ⁶
1468 1064 1507 1090 διὸ
1521 1065 1568 1090 καὶ
1581 1064 1612 1090 τὸ
1626 1065 1688 1099 περὶ
1704 1064 1785 1091 αὐτοῦ
1804 1065 1917 1099 σημεῖον

1131 1109 1211 1143 βάθος
1223 1109 1331 1144 ἐλέγετο
1345 1111 1491 1146 περιέχειν,
1501 1110 1568 1146 ὁμοῦ
1580 1110 1608 1137 δὲ
1621 1110 1668 1137 καὶ
1682 1110 1761 1144 ὕψος·
1775 1109 1855 1144 βάθος
1867 1110 1921 1145 μὲν

1130 1154 1173 1180 διὰ
1183 1155 1231 1190 τὴν
1243 1156 1281 1187 εὶς
1292 1156 1449 1191 ἀνθρώπους
1460 1156 1582 1186 κάθοδον,
1592 1156 1608 1191 ἢ
1619 1157 1666 1182 καὶ
1678 1155 1726 1191 τὴν
1738 1155 1818 1191 μέχρι
1830 1155 1914 1182 θανά-

1130 1209 1174 1226 του
1193 1209 1280 1236 παρου
1286 1201 1356 1233 σίαν,
1369 1200 1435 1235 ὕψος
1452 1202 1479 1227 δὲ
1492 1201 1536 1228 διὰ
1550 1202 1599 1237 τὴν
1611 1201 1701 1227 ἔνθεον
1711 1202 1743 1227 ὲκ
1756 1199 1804 1226 τοῦ
1819 1199 1921 1234 βάθους

1131 1247 1362 1279 ἀποκατάστασιν,
1380 1248 1396 1282 ἢ
1413 1248 1456 1274 διὰ
1471 1248 1519 1282 τὴν
1535 1247 1585 1282 τῆς
1599 1247 1692 1274 ἐνθέου
1716 1246 1915 1282 προῦπάρξεως

1129 1290 1210 1316 αὑτοῦ
1233 1290 1380 1325 θεολογίαν.
1403 1292 1450 1323 Τίς
1468 1291 1491 1318 δ’
1511 1291 1544 1318 ἂν
1568 1292 1609 1327 εἴη
1633 1293 1647 1318 ὁ
1668 1291 1727 1327 μεθ’
1748 1293 1826 1327 ἡμῶν
1849 1291 1921 1324 Θεὲς

1129 1337 1145 1372 ἢ
1167 1339 1181 1364 6
1199 1337 1243 1364 διὰ
1263 1338 1317 1364 τῶν
1336 1338 1452 1374 πρότιθεν
1470 1339 1695 1374 ἀποδεδειγμένος
1712 1338 1778 1370 Θεὸς
1794 1338 1919 1373 Κύριος;

1128 1384 1142 1409 6
1157 1384 1254 1419 καὶτῷ
1269 1384 1392 1420 Ἀϐραὰμ
1408 1385 1457 1411 οὐκ
1472 1385 1558 1417 ἄλλως
1573 1385 1634 1421 ἢδι¹
1651 1384 1795 1420 ἀνθρώπου
1808 1383 1917 1420 μορφῆς

1129 1430 1306 1464 τεθεαμένοςς
1321 1430 1351 1456 ΕΞ
1366 1430 1388 1456 δ’
1401 1431 1560 1465 ἀναφέροιεν
1579 1430 1627 1456 ἐπὶ
1645 1431 1690 1456 τὸν
1703 1430 1826 1462 Ἑζεκίαν
1842 1431 1866 1456 οἱ
1883 1431 1920 1456 ἐκέ

1129 1477 1278 1511 περιτομῆς
1291 1476 1377 1503 ταῦτα
1387 1497 1393 1506 .
1411 1476 1456 1502 τον
1466 1477 1512 1503 τοῦ
1534 1477 1621 1512 ’Δχαζ
1632 1477 1725 1508 παῖδα,
1738 1476 1832 1503 τοῦτον
1844 1474 1914 1503 εἶναι

1129 1522 1277 1557 φάσκοντες
1293 1523 1337 1548 τὸν
1352 1522 1390 1557 τῷ
1405 1523 1488 1558 πατρὶ
1502 1523 1765 1559 προσημαινόμενον,
1781 1523 1839 1550 ἀλλ’
1853 1522 1919 1550 οὔτε

1128 1567 1142 1593 6
1159 1567 1216 1602 μεθ’
1232 1567 1310 1602 ἡμῶν
1333 1567 1399 1599 Θεὸς
1423 1568 1546 1600 Ἐζεκίας
1571 1566 1616 1603 ἦν.
1640 1568 1700 1595 οὔτε
1725 1570 1836 1604 σημεῖον
1857 1568 1916 1595 θεο-

1131 1613 1236 1648 πρεπὲς
1260 1614 1415 1649 πέπρακταί
1438 1622 1464 1640 τι
1488 1614 1530 1640 ἐπ’
1557 1614 1646 1649 αὐτῷ·
1672 1614 1729 1640 ἀλλ’
1755 1613 1816 1640 οὐδὲ
1841 1614 1916 1648 ἀγὼν

1129 1659 1145 1694 ἢ
1162 1659 1259 1694 μόχθος
1273 1659 1311 1694 τῷ
1326 1659 1385 1694 Θεῷ
1404 1658 1437 1695 ἦν
1460 1660 1523 1696 περὶ
1539 1660 1588 1695 τὴν
1604 1660 1708 1686 ἐκείνου
1722 1660 1847 1694 γένεσιν·
1868 1661 1916 1687 καὶ

1128 1705 1215 1737 ἄλλως
1232 1706 1307 1742 παρὰ
1329 1706 1415 1733 ταῦτα
1437 1706 1573 1733 δείκνυται
1597 1707 1611 1732 6
1628 1707 1755 1738 Ἐζεκίας
1774 1706 1916 1734 ἀποκλειό-

1130 1760 1208 1786 μενος
1227 1751 1279 1778 τῶν
1300 1753 1402 1788 χρόνων
1421 1753 1469 1788 τῆς
1488 1753 1664 1788 προφητείας.
1689 1752 1779 1779 Ταῦτα
1798 1752 1848 1788 μὲν
1860 1753 1920 1787 γὰρ

1129 1796 1313 1830 βασιλεύοντος
1331 1796 1412 1823 αὑτοῦ
1432 1797 1463 1832 δὴ
1476 1797 1523 1823 τοῦ
1545 1796 1646 1832 πατρὸς
1662 1794 1751 1831 "Axe:
1766 1796 1830 1831 περὶ
1852 1795 1917 1830 μελ-

1128 1841 1225 1868 λόντων
1236 1842 1406 1874 ὲθεσπίζετο’
1424 1844 1438 1869 6
1449 1843 1477 1868 δὲ
1490 1842 1611 1875 Ἐζεκίας
1626 1843 1680 1878 πρὸ
1693 1842 1740 1869 τοῦ
1756 1841 1916 1877 βασιλεῦσαι

1128 1888 1173 1914 τὴν
1185 1889 1272 1923 Ἀχαζ
1295 1889 1454 1915 συνίσταται
1473 1889 1683 1924 γεγεννημένος.
1707 1888 1739 1914 El
1759 1887 1788 1914 δὲ
1812 1887 1850 1923 μὴ
1867 1888 1917 1914 ἐπὶ

1127 1933 1220 1960 τοῦτον
1246 1934 1374 1969 ἀναχθείη
1397 1934 1430 1960 τὰ
1454 1935 1503 1969 τῆς
1519 1934 1700 1970 προκειμένης
1725 1933 1915 1969 προρῤήσεως,

1129 1979 1224 2006 πολλοῦ
1238 1980 1278 2006 δεῖ
1294 1981 1336 2014 ἐφ’
1348 1980 1440 2016 ἕτερον
1452 1980 1505 2006 τῶν
1518 1981 1592 2017 παρὰ
1610 1981 1747 2011 Ἰουδαίοις
1767 1979 1838 2015 μετὰ
1850 1979 1919 2012 τοὺς

1127 2026 1176 2060 τῆς
1190 2026 1356 2061 προφητείας
1371 2026 1482 2061 χρόνους
1493 2025 1656 2061 γενομένων.
1679 2025 1738 2052 Ἐπί
1751 2033 1782 2059 γε
1797 2024 1850 2060 μὴν
1863 2024 1914 2059 τῆς

1126 2071 1173 2097 τοῦ
1192 2070 1308 2105 ἀληθοῦς
1330 2070 1511 2106 Ἐμμανουὴλ,
1529 2071 1601 2097 τοῦτ’
1621 2070 1679 2096 ἐστι
1702 2070 1749 2097 τοῦ
1772 2069 1916 2104 γεγονότος

1129 2117 1187 2152 μεθ’
1204 2117 1282 2152 ἡμῶν
1303 2116 1370 2143 Θεοῦ
1395 2117 1538 2151 γενέσεως,
1562 2117 1609 2144 καὶ
1632 2117 1678 2144 ἐπὶ
1695 2117 1780 2153 μόνης
1794 2117 1843 2153 τῆς
1864 2116 1917 2143 τοῦ

1127 2164 1251 2198 Σωτῆρος
1284 2163 1361 2198 ἡμῶν
1391 2163 1437 2189 τοῦ
1466 2162 1534 2189 Θεοῦ
1567 2163 1653 2196 Λόγου
1685 2164 1725 2194 είς
1752 2161 1916 2198 ἀνθρώπους

1126 2209 1286 2244 ἐπιδημίας·
1308 2208 1361 2234 τῶν
1378 2208 1432 2243 γὰρ
1453 2209 1526 2234 δυεῖν
1550 2208 1680 2243 βασιλέων
1703 2208 1914 2244 καθῃρημένων,

293 2253 353 2285 pter
377 2250 540 2278 descensum
556 2250 588 2277 ad
613 2250 747 2282 homines,
767 2255 814 2278 aut
827 2252 908 2278 etiam
930 2261 1015 2288 usque
1042 2254 1076 2281 ad

1129 2254 1291 2289 κατελείφθη
1308 2254 1409 2289 ἕρημος
1423 2255 1439 2289 ἡ
1454 2254 1507 2280 τῶν
1522 2254 1653 2281 Ἰουδαίων
1674 2255 1720 2289 γῆ,
1735 2254 1829 2290 ὥσπερ
1855 2253 1917 2281 ἐσι-

291 2300 406 2323 mortem
427 2303 587 2324 accessum:
610 2296 780 2324 altitudinem
798 2305 863 2324 vero
876 2303 986 2334 propter
1003 2300 1074 2327 divi-

292 2343 386 2370 nitatis
417 2351 432 2369 a
462 2342 648 2378 profunditate
679 2345 892 2377 restitutionem,
919 2350 966 2373 aut
992 2347 1073 2374 etiam

289 2393 401 2424 propter
414 2389 513 2416 divina:
528 2389 588 2424 ejus
609 2390 781 2421 substantiae,
804 2399 864 2426 qua:
881 2392 956 2419 omni
974 2396 1073 2419 natura

290 2435 364 2468 prior
378 2438 430 2466 est,
448 2434 622 2469 theologiam.
641 2436 708 2469 Quis
720 2444 784 2464 vero
798 2437 868 2464 alius
881 2439 916 2465 sit
931 2438 1074 2466 nobiscum

291 2481 372 2509 Deus.
390 2489 471 2516 quam
485 2481 508 2509 is
526 2489 605 2516 quem
618 2483 806 2517 superioribus
822 2484 899 2511 libris
916 2483 1001 2512 Deum
1024 2484 1075 2512 Do-

289 2527 446 2562 minumque
480 2528 669 2556 ostendimus?
705 2529 807 2564 quique
847 2530 912 2557 item
957 2530 1075 2558 Abrahae

287 2574 425 2607 quondam
443 2582 496 2601 non
512 2575 564 2602 alia
590 2583 670 2610 quam
687 2575 805 2603 hominis
822 2575 908 2603 forma
925 2578 1001 2604 visus
1015 2577 1076 2604 est?

287 2618 365 2652 Quod
393 2620 416 2646 si
439 2619 525 2647 Judzei
551 2621 608 2647 haec
630 2621 662 2647 ad
676 2621 817 2649 Ezechiam
842 2622 961 2650 referant
988 2622 1072 2649 illium

287 2665 388 2697 Aehaz,
401 2670 427 2692 et
449 2665 542 2694 dicant
562 2667 635 2695 hunc
657 2676 718 2696 esse
737 2669 782 2703 qui
806 2668 876 2702 patri
896 2676 946 2695 suo
963 2669 1073 2696 futurus

285 2711 398 2738 oraculo
419 2713 606 2745 promittatur,
630 2714 741 2741 videant
767 2715 906 2750 quomodo
930 2715 1072 2742 nobiscum

286 2755 359 2782 Deus
371 2755 451 2783 fuerit
468 2757 609 2789 Ezechias,
620 2763 666 2785 aut
675 2759 810 2794 quodnam
826 2754 934 2795 signum
953 2768 1001 2788 sua
1015 2769 1073 2787 ma-

284 2801 383 2834 jestate
396 2801 518 2835 dignum,
537 2801 609 2829 Deus
619 2803 646 2830 in
662 2805 710 2831 illo
729 2805 896 2833 ostenderit:
915 2805 961 2833 sed
984 2814 1071 2840 neque

288 2851 425 2874 .;ertamon
444 2848 538 2880 ullum,
553 2857 642 2884 neque
654 2850 728 2876 labor
741 2851 770 2877 in
783 2851 857 2878 illius
874 2855 934 2878 ortu
955 2850 1009 2878 Deo
1021 2858 1070 2879 ex-

288 2891 390 2919 lnbitus
403 2896 463 2920 est:
481 2898 610 2928 pratterea
627 2896 707 2930 plane
722 2905 735 2922 ιι
752 2897 893 2932 prophetia
904 2897 1069 2931 excluditur,

1129 2302 1189 2329 σθαί
1210 2310 1290 2337 φησιν
1313 2302 1326 2327 6
1344 2301 1467 2336 χρησμὸς
1476 2300 1559 2327 εἰπών
1571 2309 1577 2316 ’
1599 2311 1608 2326 ‹
1623 2300 1878 2336 Καταλειφθήσεται
1897 2302 1914 2336 ἡ

1127 2347 1162 2382 γῆ
1184 2346 1237 2373 ἀπὸ
1264 2346 1408 2382 προσώπου
1433 2346 1486 2373 τῶν
1502 2346 1548 2373 δύο
1561 2345 1704 2381 βασιλέων·
1722 2355 1731 2370 ι
1757 2345 1772 2372 ὃ
1784 2345 1831 2373 καὶ
1848 2345 1919 2372 αὐτὸ

1127 2392 1215 2428 ῥητῶς
1241 2392 1288 2418 καὶ
1312 2391 1382 2418 κατὰ
1401 2390 1472 2423 λέξιν
1496 2390 1581 2422 οὕτως
1606 2389 1638 2416 ἂν
1657 2389 1810 2424 ἀποδοθείη.
1835 2389 1916 2416 Κατὰ

1126 2439 1179 2473 γὰρ
1202 2437 1313 2472 βασιλέα
1331 2438 1428 2472 Ἄχας,
1454 2437 1500 2463 καὶ
1521 2437 1634 2463 Ἡσαΐαν
1660 2436 1718 2463 υἱὸν
1742 2435 1843 2471 ’Λμὼς,
1867 2435 1916 2462 καὶ

1125 2485 1188 2515 τοὺς
1204 2484 1253 2519 τῆς
1270 2483 1436 2519 προφητείας
1453 2483 1564 2518 χρόνους
1574 2503 1581 2513 ,
1600 2482 1723 2517 βασιλεὺς
1737 2481 1837 2517 Συρίας
1853 2481 1868 2507 6
1884 2482 1915 2508 ἐν

1126 2526 1274 2564 Δαμασκῷ,
1291 2530 1337 2556 καὶ
1352 2529 1476 2564 βασιλεὺς
1493 2529 1600 2565 Ἰσραὴλ
1621 2529 1635 2554 6
1654 2528 1682 2554 ὲν
1698 2527 1851 2563 Σαμαρείᾳ,
1864 2527 1917 2562 οὐχ

1124 2578 1138 2603 ὀ
1153 2579 1182 2603 ἐν
1196 2577 1380 2612 Ἰερουσαλὴμ,
1397 2575 1453 2602 ἀλλ’
1469 2577 1483 2602 6
1498 2575 1545 2602 τοῦ
1569 2575 1685 2610 πλήθους
1701 2573 1754 2600 τῶν
1777 2573 1917 2600 Ἰουδαίων

1124 2622 1178 2648 τῶν
1202 2623 1376 2648 ἀποστάντων
1386 2621 1432 2648 τοῦ
1454 2621 1526 2647 θείου
1549 2621 1649 2656 νόμου.
1683 2619 1820 2654 συνθήκας
1844 2619 1916 2654 πρὸς

1124 2668 1254 2704 ἀλλήλους
1269 2668 1387 2702 θέμενοι,
1404 2668 1466 2698 τοὺς
1484 2666 1537 2693 ὑπὸ
1551 2667 1607 2697 τοῖς
1620 2666 1751 2700 διαδόχοις
1767 2664 1814 2691 τοῦ
1830 2663 1917 2691 Δαυῖδ

1125 2713 1348 2749 βασιλευομένους
1359 2713 1542 2749 ἐπολιόρκουν.
1562 2713 1669 2739 Τούτων
1685 2709 1731 2738 οὗν
1747 2711 1850 2746 ἀμφοῖν
1863 2709 1914 2745 τὴν

1124 2760 1284 2795 καθαίρεσιν
1297 2761 1313 2794 ἡ
1326 2759 1478 2795 προφητεία
1493 2758 1667 2790 θεσπίζουσα,
1682 2757 1780 2788 αὖτοὺς
1791 2757 1841 2792 μὲν
1850 2758 1912 2788 τοὺς

1123 2806 1277 2834 κατ’ἐκεῖνο
1287 2804 1383 2840 καιροῦ
1398 2804 1538 2835 Ἰουδαίους
1552 2811 1582 2830 τε
1597 2803 1644 2829 καὶ
1657 2801 1832 2836 ἀλλοφύλους,
1842 2801 1912 2828 κατὰ

1123 2853 1169 2878 τοῦ
1183 2852 1247 2879 λαοῦ
1262 2851 1308 2877 τοῦ
1321 2851 1387 2877 Θεοῦ
1400 2850 1489 2882 δεξιὰς
1502 2849 1624 2886 ἀλλήλοις
1636 2848 1796 2879 δεδωκότας.
1813 2847 1912 2874 αὐτίκα

1125 2898 1196 2934 μάλα
1217 2897 1423 2933 διαλυθήσεσθαι
1451 2897 1498 2924 καὶ
1522 2896 1711 2932 ἁποχωρήηειν
1731 2893 1778 2920 τοῦ
1792 2894 1910 2929 πολέμου
