2089 3218
188 183 238 212 5M

584 174 586 176 ’
628 181 954 210 DEMONSTRATIONIS
972 180 1200 210 EVANGELlCE
1219 181 1284 209 LlB.‘
1301 181 1369 209 Vll.‘

1757 183 1808 212 ΞΜ

189 244 275 281 φησί’
291 244 341 279 τήν
357 252 389 277 γε
402 243 454 279 μὴν
470 242 606 279 βασιλείαν
620 243 710 271 αὐτῶν
726 243 772 269 καὶ
787 243 836 279 τὴν
852 243 975 278 διαδοχὴν

1026 244 1132 271 ratione
1148 247 1303 278 temporum
1327 240 1468 269 Ezechias.
1495 240 1558 268 Haec
1570 241 1645 269 enim
1670 242 1732 276 ipso
1750 242 1808 277 jam

189 290 264 321 εἰςτδ
271 289 402 321 παντελὲς
408 288 652 324 καταλυθήσεσθαι,
666 289 712 315 καὶ
724 287 974 323 ἀποσϐεσθήσεσθαι

190 334 236 361 ἐπὶ
245 334 295 369 τῆς
308 334 356 361 τοῦ
371 334 620 370 προφητευομένου,
639 333 699 369 μεθ’
710 333 788 369 ἡμῶν
801 333 880 367 Θεοῦ,
896 334 973 369 γενέ-

190 389 268 413 σεως.
292 381 451 416 Ἐπίστησον
468 380 556 406 τοίνυν
585 380 649 407 πότε
665 383 680 416 ἡ
698 381 884 416 Δαμασκηνῶν
907 380 973 416 ὁμοῦ

190 426 235 453 καὶ
252 426 386 453 Ἰουδαίων
411 426 544 462 κατελύθη
574 426 705 461 βασιλεία,
728 428 773 453 καὶ
796 427 866 453 κατὰ
883 427 974 457 ποίους

189 471 300 507 χρόνους
315 471 476 507 κατελείφθη
492 473 509 507 ἡ
524 473 558 507 γῆ
572 472 626 499 τῶν
644 473 776 499 Ἰουδαίων
790 472 972 503 ἀὸασίλευτος,

189 518 235 544 καὶ
259 517 327 552 αὐτή
352 525 384 551 γε
409 519 425 552 ἡ
447 518 511 553 πρὶν
532 517 615 544 πολλὰ
638 518 771 554 δυναμένη
789 517 973 553 Δαμασκηνῶν

189 561 275 598 χώρα,
293 562 397 598 μεγάλῃ
415 562 488 598 χειρὶ
508 563 538 589 τὸ
554 562 669 590 παλαιὸν
689 564 738 598 τῆς
752 563 849 598 Συρίας
866 563 974 597 ἁπάσης

189 607 375 642 βασιλεύουσα.
395 609 458 635 Ἐπὶ
473 609 527 644 γὰρ
547 610 596 643 τῆς
615 608 716 635 τούτων
732 609 915 644 καθαιρέσεως
928 609 973 635 τὸν

195 653 367 689 Έμμανουὴλ
391 654 498 685 πάντως
517 662 567 680 που
580 654 791 690 γεννηθήσεσθαι
817 655 902 686 εἰκὸς,
928 655 974 680 καὶ

187 699 234 726 τὸν
258 699 494 735 προφητευόμενον
524 699 691 735 ἐληλυθέναι.
724 701 755 726 Εί
782 700 829 735 μὲν
851 699 897 726 οὖν
919 700 974 725 τῶν

187 747 358 783 δηλουμένων
378 747 468 782 παρῆν
485 748 549 782 ὁρᾷν
567 747 737 778 συνεστώσας
755 748 803 779 τὰς
827 747 971 781 βασιλείας,

187 793 262 820 οὐδὲν
280 793 348 829 χρῆν
367 793 522 829 περαιτέρω
545 793 646 828 ζητεῖν,
665 794 743 828 μόνον
762 793 790 819 δὲ
810 793 849 819 ἔτι
866 794 911 819 καὶ
926 792 973 819 νῦν

187 840 227 871 εις
242 839 371 874 μέλλοντα
383 839 477 874 χρόνον
490 840 608 875 ἀναρτᾷν
619 839 667 870 τὰς
681 839 790 870 ἐλπίδας
800 847 806 854 ”
823 840 846 865 εἰ
859 838 887 864 δὲ
901 838 973 874 ἔργῳ

186 885 327 919 προςανὴς
349 885 365 919 ὴ
383 884 539 918 καθαίρεσις
559 885 612 910 τῶν
630 884 791 920 εἰρημένων,
811 885 848 916 ὼς
864 884 930 919 μήτε
944 885 973 910 ὲν

185 930 334 966 Δαμασκῷ,
362 931 430 966 μήτε
452 932 480 957 ὲν
500 932 531 966 τῇ
552 931 674 966 Ἰουδαίᾳ,
700 931 760 958 καθ’
775 932 847 967 ἡμᾶς
873 932 969 963 αὐτοὺς

185 976 328 1010 φαίνεσθαι
355 976 483 1011 βασιλέα,
517 976 646 1012 πρόδηλον
668 978 705 1009 ὡς
722 977 814 1009 τέλους
838 978 916 1013 ἔτυχε
941 979 970 1004 τὸ

184 1020 274 1055 λόγιον
299 1021 407 1056 φῆσαν’
439 1030 447 1045 ι
464 1022 518 1047 Καὶ
547 1021 789 1056 καταλειψθήσεται
818 1022 834 1056 ἡ
856 1021 892 1056 γῆ
917 1021 971 1048 ἀπὸ

186 1065 330 1101 προσώπου
357 1066 410 1092 τῶν
430 1065 476 1092 δύο
507 1066 655 1101 βασιλέων,
681 1063 718 1093 ὧν
741 1067 772 1092 σὺ
801 1067 888 1101 φοϐῇ,
917 1067 971 1092 ἀπὸ

183 1112 330 1148 προσώπου
353 1112 441 1139 αὐτῶν
455 1121 461 1127 ·
480 1123 488 1138 ›
516 1113 569 1139 τῶν
595 1113 740 1148 βασιλέων,
765 1113 825 1140 ἀντὶ
845 1113 899 1140 τῶν
925 1113 971 1147 βα-

184 1158 291 1186 σιλειῶν
313 1159 523 1194 ὠνομασμένων.
560 1159 587 1185 '0
602 1159 666 1193 γοῦν
695 1159 841 1194 Σύμμαχος
869 1168 968 1194 φησιν·

187 1215 197 1230 ι
220 1204 515 1240 Ἐγκαταλειφθήσεται
540 1206 555 1240 ὴ
580 1205 631 1240 γῆ,
652 1205 698 1239 ἀφ’
719 1202 752 1240 ἦς
777 1206 809 1231 σὺ
833 1206 969 1239 ὲγκακεῖς,

182 1250 237 1277 ἀπὸ
262 1250 408 1285 προσώπου
431 1250 485 1276 τῶν
508 1250 554 1277 δύο
577 1250 709 1285 βασιλέων
733 1251 832 1286 αὐτῆς·
850 1261 858 1276 ι
888 1252 934 1277 καὶ
956 1253 980 1277 ὸ-

187 1295 339 1328 ’Ᾱκύλαςη
358 1295 647 1331 Ἑγκαταλειφθήσεται
670 1297 687 1332 ἡ
706 1296 788 1331 χθὼν,
811 1297 844 1331 ἣν
861 1298 892 1323 σὺ
911 1306 970 1323 σικ-

182 1342 304 1377 χαίνεις,
320 1342 373 1368 ἀπὸ
397 1341 541 1377 προσώπου
563 1342 616 1369 τῶν
635 1342 681 1368 δύο
702 1342 832 1378 βασιλέων
856 1343 967 1377 αὑτῆς.»

181 1387 237 1415 Καὶ
263 1388 277 1413 ὁ
289 1387 434 1414 Θεοδοτίων
458 1388 486 1414 δὲ
506 1387 599 1414 τοῦτον
616 1389 770 1424 ἡρμήνευσε
793 1389 838 1415 τὸν
853 1389 967 1424 τρόπον·

183 1443 192 1458 ι
216 1432 508 1468 Ἐγκαταλειφθήσεται
529 1434 545 1468 ἡ
565 1434 618 1469 γῆ,
643 1434 676 1469 ἢν
694 1435 726 1460 σὺ
749 1434 896 1469 βδελύσσῃ,
915 1435 970 1461 ἀπὸ

181 1478 326 1514 προσώπου
353 1479 407 1505 τῶν
430 1479 476 1505 δύο
496 1478 627 1513 βασιλέων
644 1480 738 1514 αὐτῆς.
760 1489 768 1504 ι
800 1480 880 1515 Ὁρᾷς
896 1481 970 1512 ὅπως

180 1523 229 1559 τὴν
255 1524 308 1558 γῆν
335 1524 598 1560 χαταλειφθήσεσθαι
626 1524 802 1551 ἀϐασίλευτον
828 1525 969 1558 Ges-triga;

180 1568 263 1596 Ποίαν
279 1568 307 1595 δὲ
324 1569 386 1604 γῆν,
401 1569 417 1605 ῆ
435 1569 482 1605 τὴν
500 1569 553 1596 τῶν
572 1570 769 1605 Δαμασκηνῶν,
788 1570 834 1597 καὶ
852 1571 901 1606 τὴν
922 1569 969 1597 τοῦ

186 1615 310 1651 Ἰσραήλς
327 1615 428 1642 τούτων
446 1616 499 1651 γὰρ
513 1614 582 1651 ἦσαν
598 1617 623 1642 οἱ
642 1616 687 1641 δύο
704 1616 823 1650 βασιλεῖς
836 1637 843 1649 ,
862 1617 886 1643 oi
905 1617 968 1652 περὶ

179 1658 216 1687 ὧν
228 1661 243 1687 ὁ
258 1660 345 1695 λόγος·
360 1658 398 1688 ὧν
411 1663 424 1688 ὁ
438 1662 525 1696 Ἀχαζ
540 1662 588 1698 τὴν
607 1662 659 1696 γῆν
674 1662 826 1697 ὲσίκχαινεν
836 1683 843 1693 ,
863 1663 884 1697 ἦ·
896 1663 969 1688 ἐϐδε-

179 1705 302 1738 λύσσετο,
313 1707 478 1742 ἀποκάμνων
494 1708 509 1743 ἢ
524 1707 650 1742 ἐγκακῶν
667 1708 713 1734 ἀπ’
733 1709 827 1743 αὐτῆς.
845 1709 907 1735 Πότ¹
922 1707 968 1735 οὖν

179 1750 259 1778 τοῦτο
281 1751 395 1786 γέγονε;
413 1752 514 1779 τούτων
531 1752 584 1788 γὰρ
606 1753 869 1788 συμπερασθέντων,
892 1755 968 1780 πᾶσα

181 1797 286 1833 ἀνάγκη
308 1798 353 1824 καὶ
372 1798 403 1824 τὸ
421 1798 618 1834 προλεγόμενον
637 1799 718 1834 μέρος
736 1800 784 1835 τῆς
802 1801 967 1836 προφητείας

179 1843 221 1874 είς
233 1843 312 1879 ἔργον
325 1845 513 1880 κεχωρηκέναι
527 1853 534 1860 ο
548 1844 627 1871 τοῦτο
639 1845 666 1871 δὲ
680 1843 714 1880 ἦν
729 1845 758 1871 τὸ
769 1845 818 1880 τὴν
831 1846 967 1881 Παρθένον

178 1889 268 1915 τεκεῖν
289 1888 334 1915 τὸν
359 1889 418 1924 μεθ’
435 1890 512 1924 ἡμῶν
531 1890 606 1916 Θεὸν.
630 1891 684 1917 Καὶ
700 1891 732 1926 δὴ
759 1891 891 1927 πρόδηλον
911 1893 967 1923 τοῖς

179 1934 229 1966 τὰς
242 1935 363 1970 ἱστορίας
378 1935 549 1968 ἐξετάζουσιν
559 1957 566 1968 ,
580 1937 617 1967 ὡς
635 1936 715 1972 μέχρι
737 1937 786 1971 μὲν
798 1937 851 1963 τῶν
865 1938 966 1973 χρόνων

179 1978 230 2014 τῆς
241 1980 402 2014 ἐπιφανείας
413 1981 459 2007 τοῦ
478 1982 603 2017 Σωτῆρος
619 1982 697 2016 ἡμῶν
720 1983 806 2018 Ἰησοῦ
822 1983 868 2009 τοῦ
898 1984 966 2018 Χρι-

179 2025 241 2052 στῡῦ
252 2025 299 2052 καὶ
306 2026 351 2052 ἐπὶ
357 2026 404 2061 τῆς
411 2019 555 2061 Δαμασκοῦ
567 2028 736 2062 συνειστήκει
748 2028 777 2054 τὸ
789 2028 820 2054 ἐκ
829 2029 966 2063 προγόνων

178 2070 302 2106 διαδοχῆς
318 2071 460 2106 βασίλειον.
475 2072 618 2107 Μέμνηται
628 2073 692 2106 γοῦν
706 2074 719 2099 ὁ
735 2073 806 2108 ἱερὸς
821 2074 966 2104 ἀπόστολος

185 2115 282 2151 Ἀρέτα
303 2116 350 2142 τοῦ
375 2116 504 2152 βασιλέως
529 2118 733 2154 Δαμασκηνῶν·
755 2119 802 2145 καὶ
825 2118 871 2145 τοῦ
902 2120 965 2145 Ἰου-

178 2161 260 2188 δαίων
272 2162 301 2189 δὲ
315 2162 432 2198 ἑθνουςὴ
452 2164 577 2195 ἄτακτος,
590 2164 637 2190 καὶ
649 2165 679 2190 οὺ
695 2165 765 2191 κατὰ
780 2165 862 2200 νόμον
882 2165 965 2192 εἰσέτι

179 2208 238 2235 τότε
262 2208 367 2244 διέμενε
392 2209 523 2244 βασιλεία.
546 2210 583 2236 Οὺ
612 2210 665 2246 γὰρ
691 2211 744 2238 ἀπὸ
767 2211 861 2245 γένους
885 2210 965 2237 Δαυῒδ

986 923 1006 950 Β

983 1598 1003 1625 C

1025 292 1082 316 tum
1097 292 1174 324 patre
1186 289 1277 316 Achaz
1291 292 1424 323 regnante
1438 287 1529 314 futura
1545 288 1723 315 canebantur.
1742 287 1823 316 Eua--

1024 334 1114 361 chiam
1133 341 1198 361 vero
1210 337 1355 369 antequam
1370 341 1482 368 regnum
1496 332 1631 368 acceperit
1645 332 1747 365 Achaz,
1761 341 1809 368 3e-

1025 380 1110 407 nitum
1129 387 1190 407 esse
1210 384 1328 406 constat.
1347 378 1425 412 Quod
1443 379 1466 406 si
1494 381 1528 406 ad
1550 379 1622 406 hunc
1644 386 1675 405 ea
1694 386 1753 413 qua
1773 380 1807 406 ad

1026 427 1197 461 propositum
1223 426 1365 452 oraculum
1395 425 1542 460 pertinent,
1574 425 1684 452 minime
1712 425 1807 452 referri

1025 477 1151 507 possunt.
1167 472 1253 499 multo
1270 471 1361 499 "Illius
1383 472 1415 499 ad
1432 472 1514 498 alium
1531 471 1685 507 quempiam
1700 479 1806 503 eorum,

1024 518 1070 552 qui
1083 518 1152 552 apud
1166 518 1272 545 Judaeos
1284 521 1344 551 post
1354 517 1501 552 prophetiae
1511 522 1632 552 tempora
1641 518 1806 549 exstiterint,

1025 568 1204 599 prmterquam
1223 564 1256 590 ad
1276 568 1365 591 ortum
1381 564 1451 598 ejus.
1469 564 1513 597 qui
1532 571 1612 590 verus
1636 567 1679 591 est
1700 563 1807 590 Emma—

1028 610 1102 640 nuel,
1128 610 1210 644 318
1226 609 1278 636 hoc
1293 613 1334 636 est
1351 609 1410 643 ejus
1419 610 1464 643 qui
1486 609 1620 636 exstiterit
1637 617 1698 636 vere
1715 609 1807 636 nobis-

1025 664 1086 682 cum
1103 655 1185 687 Deus,
1202 659 1229 682 et
1244 655 1277 682 ad
1291 663 1375 681 unum
1394 654 1544 682 Salvatoris
1561 655 1646 681 nostri
1662 654 1708 681 Dei
1723 654 1806 682 Verbi

1025 702 1057 728 ad
1072 701 1196 728 homines
1210 708 1368 728 accessum:
1390 700 1497 727 duobus
1512 701 1582 727 enim
1603 700 1718 727 sublatis
1733 701 1805 735 regi-

1025 747 1086 778 bus,
1108 747 1216 774 deserta
1239 751 1265 773 et
1288 747 1344 773 sola
1370 746 1463 773 relicta
1488 751 1529 773 est
1549 745 1704 773 Judzeorum
1721 751 1805 776 terra.

1025 794 1095 820 sicut
1108 793 1248 820 oraculum
1260 793 1298 819 ait
1311 792 1442 823 futurum,
1460 792 1553 819 dicens
1567 801 1574 819 :
1589 801 1598 816 ι
1629 791 1807 826 Relinquetur

1025 842 1097 864 terra
1113 844 1128 863 a
1144 836 1211 864 facie
1225 836 1339 863 duorum
1356 844 1467 871 regum;
1490 845 1498 861 ι
1512 835 1584 870 quod
1595 835 1704 870 quidem
1716 834 1806 868 ipsum

1024 883 1104 909 etiam
1120 882 1198 916 plane
1215 881 1248 908 ad
1264 881 1377 908 verbum
1398 881 1438 907 sic
1460 880 1699 907 ult-monstrabitur.
1724 880 1807 907 Tem-

1020 929 1132 964 poribus
1147 928 1218 955 enitn
1245 926 1317 961 regis
1334 926 1434 958 Achaz,
1450 929 1476 952 et
1495 924 1570 952 Isaia:
1581 925 1628 952 filii
1643 925 1737 956 Amos,
1749 926 1808 960 qui-

1023 975 1074 1002 bus
1086 973 1229 1009 prophetia
1246 973 1291 999 illa
1306 972 1379 999 edita
1394 975 1448 1003 est,
1476 979 1523 998 rex
1541 970 1626 1006 Syria:
1642 971 1689 1006 qui
1704 970 1805 998 Dama-

1023 1022 1073 1052 sci,
1088 1024 1115 1048 et
1131 1028 1176 1047 rex
1198 1019 1281 1046 lsrael
1308 1026 1363 1046 non
1387 1019 1409 1046 is
1427 1018 1473 1053 qui
1489 1019 1515 1045 in
1531 1017 1694 1050 Jerusalem,
1713 1017 1759 1045 sed
1781 1018 1806 1044 is

1021 1067 1067 1102 qui
1094 1065 1224 1093 Samarize
1237 1065 1379 1100 regnabat.
1409 1069 1435 1091 et
1449 1064 1616 1091 multitudini
1636 1062 1803 1092 Judteorum.

1024 1112 1098 1147 quia
1112 1111 1204 1137 divina
1219 1110 1277 1145 lege
1289 1109 1456 1138 defecerant.
1471 1109 1630 1144 imperabat,
1648 1108 1751 1135 foedere
1763 1107 1805 1134 iu-

1022 1163 1106 1184 ter-se
1129 1158 1193 1188 icto.
1210 1163 1257 1183 eos
1281 1155 1381 1189 quibus
1404 1154 1513 1182 Davidis
1528 1161 1701 1182 successores
1719 1153 1805 1188 impe-

1021 1202 1128 1232 rabant.
1157 1200 1284 1228 obsidere
1308 1203 1461 1234 cmperunt.
1489 1199 1577 1227 llosec
1600 1199 1684 1234 igitur
1708 1198 1804 1226 ambos

1021 1255 1083 1274 cum
1101 1246 1244 1281 prophetia
1270 1244 1406 1272 tollendos
1425 1249 1506 1278 atque
1527 1244 1688 1271 erertcndos
1710 1248 1801 1273 canat.

1021 1293 1095 1328 ipsos
1111 1292 1220 1327 quidem
1245 1291 1317 1319 illius
1332 1292 1463 1325 temporis
1484 1289 1593 1317 Judzeos
1613 1293 1639 1317 ct
1665 1294 1804 1322 externos,

1020 1339 1066 1373 qui
1084 1339 1215 1365 adversus
1232 1337 1361 1372 populum
1381 1336 1428 1364 Dei
1443 1337 1493 1364 sibi
1509 1336 1618 1363 dextras
1630 1336 1700 1362 inter
1712 1343 1741 1362 se
1756 1335 1803 1362 de-

1020 1384 1127 1415 derant,
1151 1392 1165 1411 e
1188 1383 1304 1417 vestigio
1329 1381 1527 1413 dissolvendos,
1554 1385 1582 1409 et
1602 1381 1774 1408 discessuros
1788 1389 1804 1406 a

1021 1430 1091 1457 bello
1108 1430 1249 1465 praedicit;
1265 1437 1376 1465 regnum
1396 1434 1486 1456 tamen
1508 1428 1573 1455 illud
1595 1435 1626 1455 ac
1650 1428 1804 1455 successio-

1018 1482 1078 1502 nem
1090 1483 1184 1502 eornm
1199 1483 1311 1510 prorsus
1330 1475 1494 1502 dissolutum
1509 1474 1734 1508 exstinctumque
1755 1473 1801 1504 iri.

1019 1521 1070 1547 sub
1095 1520 1180 1552 illius,
1208 1521 1241 1548 de
1263 1528 1319 1555 quo
1342 1521 1483 1555 prophetia
1512 1520 1641 1555 loquitur,
1659 1519 1802 1546 nobiscum

1023 1566 1079 1597 Dei,
1095 1571 1196 1594 ortum.
1215 1567 1331 1594 Attende
1353 1567 1435 1601 igitur
1450 1566 1595 1601 diligenter
1607 1574 1662 1601 quo
1678 1571 1800 1600 tempore

1021 1612 1249 1640 Damascenorum
1263 1613 1344 1639 simul
1359 1620 1390 1639 ac
1405 1612 1559 1639 Judaeorum
1585 1611 1747 1639 dissolututn
1760 1615 1802 1638 est

1019 1666 1144 1692 regnum,
1162 1662 1190 1686 et
1204 1658 1315 1693 quando
1326 1658 1434 1685 tandem
1452 1658 1546 1685 relicta
1560 1662 1601 1685 est
1612 1661 1684 1685 terra
1695 1657 1804 1685 Judaeu-

1020 1712 1078 1730 rum
1106 1705 1165 1732 sine
1191 1712 1266 1740 rege,
1292 1711 1399 1731 necnon
1424 1704 1482 1738 ipsa
1508 1711 1567 1738 qua:
1584 1704 1659 1738 prius
1684 1705 1800 1731 multum

1019 1757 1134 1786 poterat,
1159 1760 1255 1788 magna
1280 1758 1364 1778 manu
1391 1750 1528 1785 quondam
1551 1750 1637 1786 Syria;
1663 1751 1799 1778 universa:

1019 1800 1190 1835 imperitans,
1218 1799 1447 1826 Damascenorum
1475 1798 1560 1832 regio.
1596 1797 1716 1832 Namque
1749 1798 1801 1824 sub

1018 1846 1114 1872 horum
1128 1846 1295 1872 eversionem
1311 1848 1393 1879 atque
1415 1845 1564 1876 interitum,
1586 1844 1674 1878 ipsum
1691 1843 1801 1870 Emma-

1018 1891 1080 1918 nuel
1105 1898 1217 1925 prorsus
1235 1891 1369 1917 oriturum
1387 1890 1471 1917 fuisse
1488 1897 1535 1924 par
1550 1894 1602 1920 est,
1625 1892 1652 1916 et
1673 1896 1734 1916 eum
1760 1889 1793 1915 de

1018 1943 1071 1970 quo
1084 1936 1225 1970 prophetia
1241 1935 1361 1970 loquitur
1377 1939 1532 1962 venturum.
1557 1933 1585 1961 Si
1602 1934 1686 1969 igitur
1701 1934 1797 1961 horum

1017 1982 1149 2016 ipsorum,
1162 1981 1195 2008 de
1210 1982 1309 2017 quibus
1321 1981 1423 2008 dictum
1439 1984 1491 2011 est,
1508 1988 1602 2015 regna,
1617 1981 1707 2007 adhuc
1725 1986 1798 2007 stare

1018 2027 1115 2055 intueri
1133 2027 1238 2059 liceret,
1257 2027 1324 2053 nihil
1340 2026 1457 2061 amplius
1477 2033 1598 2060 qumrere
1621 2033 1690 2060 opus
1714 2030 1798 2057 esset.

1017 2075 1063 2102 sed
1079 2075 1250 2101 etiamnunc
1273 2073 1299 2100 in
1324 2072 1445 2100 futurum
1469 2078 1576 2107 tempus
1589 2080 1664 2107 spem
1686 2079 1794 2099 omnem

1017 2121 1167 2147 intendere.
1191 2119 1240 2146 Sin
1260 2113 1350 2146 autem
1373 2119 1463 2154 reipsa
1483 2123 1590 2146 constat
1602 2127 1633 2145 ea
1647 2118 1680 2146 de
1694 2118 1794 2153 quibus

1015 2167 1118 2194 dictum
1132 2171 1186 2199 est,
1203 2174 1297 2193 eversa
1314 2166 1474 2200 sublataque
1492 2174 1564 2197 esse.
1581 2173 1667 2200 usque
1682 2165 1748 2192 adeo
1768 2169 1797 2191 ut

1015 2221 1103 2248 neque
1118 2213 1145 2239 in
1160 2212 1301 2244 Damasco,
1320 2220 1407 2247 neque
1420 2212 1447 2238 in
1459 2211 1562 2243 Jndzea,
1577 2211 1680 2239 nostris
1693 2215 1797 2245 tempo-

178 2254 273 2290 ῐφερον
285 2255 334 2291 τὴν
347 2255 396 2290 τῆς
408 2255 494 2291 ἀρχῆς
506 2255 627 2291 διαδοχὴν
653 2257 774 2292 Ἡρώδης
795 2257 841 2283 καὶ
859 2258 883 2283 οἱ
905 2256 963 2291 μετ’

1021 2260 1092 2286 ribus
1109 2266 1199 2293 regem
1224 2258 1325 2285 intueri
1348 2258 1438 2289 liceat,
1459 2258 1523 2293 quid
1541 2258 1657 2292 amplius
1669 2257 1798 2284 dubitan-

177 2300 258 2327 αὑτὸν
273 2300 320 2328 ἐπὶ
329 2301 376 2327 τοῦ
393 2302 517 2337 Σωτῆρος
528 2302 605 2337 ἡμῶν
619 2303 768 2337 γενόμενοι.
787 2303 861 2329 Μετὰ
874 2303 902 2329 δὲ
913 2302 962 2337 τὴν

177 2347 338 2382 ιπιφάνειαν
361 2348 459 2380 αὑτοῦ,
486 2349 534 2374 καὶ
558 2348 589 2374 τὺ
612 2349 787 2382 εὐαγγελικὸν
806 2349 845 2380 εἰς
861 2348 963 2379 πάντας

176 2391 337 2427 ἀνθρώπους
356 2392 401 2419 τοῦ
425 2394 456 2419 ἐκ
481 2394 530 2428 τῆς
550 2393 687 2429 Παρθένου
704 2393 797 2425 παιδὸς
820 2395 960 2429 κήρυγμα,

140 2474 143 2476 γ
177 2438 384 2465 καταλέλειπται
416 2439 515 2466 αὐτίκα
547 2440 563 2474 ἡ
589 2439 623 2474 γῆ
650 2440 704 2466 ἀπὸ
737 2439 881 2475 προσώπου
907 2442 962 2466 τοῖν

175 2484 248 2510 δυεῖν
262 2483 401 2519 βασιλέων.
431 2484 474 2516 ἘΞ
491 2485 594 2511 ἐκείνου
610 2485 663 2521 γὰρ
675 2485 724 2520 τῆς
753 2486 894 2520 Ῥωμαίων
913 2495 962 2521 μο-

175 2530 289 2565 ναρχίας
301 2529 354 2555 τῶν
371 2529 455 2556 ἐθνῶν
474 2531 708 2566 ὲπικρατησάσης,
728 2531 836 2557 ἐλέλυτο
851 2532 900 2567 μὲν
914 2532 962 2558 καὶ

175 2575 251 2600 πᾶσα
265 2575 282 2609 ἡ
297 2574 366 2600 κατὰ
382 2574 444 2606 τοὺς
452 2575 549 2607 τόπους
562 2575 689 2611 ἐθναρχία
703 2585 732 2603 τε
743 2577 790 2603 καὶ
799 2577 960 2612 ἰτολιαρχία⁸

174 2618 249 2650 τέλος
270 2618 297 2645 δὲ
327 2618 396 2654 μετὰ
423 2619 475 2646 τῶν
505 2620 591 2646 ἄλλων
620 2617 674 2647 καῖ’
693 2621 726 2647 τὰ
749 2622 798 2656 τῆς
816 2623 844 2648 έν
869 2623 961 2658 χερσὶν

173 2664 310 2700 ἐλάμϐανε
335 2666 512 2702 προφητείας.
546 2667 627 2702 Ῥητὰ
656 2668 704 2702 μὲν
727 2667 773 2695 οὖν
788 2669 869 2695 τάδε·
894 2670 961 2705 πρὸς

171 2710 201 2737 δὲ
222 2711 342 2738 διάνοιαν
363 2712 378 2738 ὁ
412 2712 461 2747 τῆς
491 2713 659 2748 προφητείας
686 2714 762 2748 λόγος
783 2715 889 2750 ἀπάσης
910 2716 959 2750 ψυ-

173 2755 223 2791 χῆς
235 2756 266 2782 τὸ
279 2757 408 2788 εὐσταθὲς
419 2758 464 2784 καὶ
471 2758 624 2793 γαληναῖον,
635 2758 681 2784 καὶ
691 2759 826 2794 εἰρηναῖον
834 2760 959 2794 σημαίνει

172 2801 222 2837 τῆς
238 2801 285 2828 τὺν
302 2802 465 2837 γεννηθέντα
480 2803 546 2829 Θεὸν
563 2803 644 2830 αὑτὸν
664 2803 695 2838 δὴ
716 2804 762 2829 τὸν
789 2804 958 2842 Ἑμμανουὴλ

174 2850 407 2885 παραδεξαμένης.
433 2851 506 2883 Ἐνὸς
521 2851 572 2886 γὰρ
590 2851 706 2888 Χριστοῦ
725 2852 771 2878 καὶ
791 2852 835 2879 τοῦ
859 2862 958 2887 καταγ-

173 2893 312 2927 γιλθέντος
338 2895 406 2930 πρὸς
437 2896 518 2922 αὑτοῦ
550 2896 627 2931 λόγου
657 2898 704 2933 τῆς
731 2897 783 2923 τῶν
810 2898 956 2933 ἀνθρώπιον

1014 2305 1077 2332 dum
1103 2309 1157 2338 est,
1187 2305 1328 2331 oraculum
1346 2313 1425 2332 suum
1451 2304 1530 2331 linem
1559 2304 1705 2338 accepisse,
1724 2303 1796 2337 quod

1014 2352 1070 2377 ait?
1093 2360 1101 2376 ι
1116 2351 1148 2376 Ει
1166 2351 1334 2385 relinquetur
1350 2353 1423 2377 terra
1444 2357 1458 2375 a
1480 2349 1547 2376 facie
1561 2349 1676 2376 duorum
1690 2356 1794 2382 regum,

1013 2402 1082 2431 quos
1101 2402 1128 2424 tu
1154 2398 1234 2424 times
1246 2404 1260 2423 a
1277 2396 1344 2423 faeie
1359 2396 1480 2430 ipsorum
1493 2404 1500 2426 ;
1514 2404 1522 2420 ι
1542 2395 1642 2429 quibus
1663 2394 1690 2420 in
1705 2394 1795 2420 verbis

1012 2449 1089 2476 reges
1105 2448 1153 2475 pro
1180 2442 1270 2476 regitis
1296 2440 1427 2466 nominati
1450 2443 1523 2466 sunt.
1551 2439 1689 2473 Siquidem
1716 2437 1795 2473 Sym-

1013 2487 1126 2514 machus
1149 2487 1185 2513 ita
1216 2487 1273 2513 ait:
1303 2485 1503 2520 «Relinquetur
1534 2489 1617 2515 terra.
1645 2492 1660 2510 a
1685 2492 1738 2518 qua
1765 2493 1792 2509 ιιι

1012 2533 1082 2559 mala
1114 2532 1232 2567 pateris,
1254 2540 1269 2559 a
1299 2531 1367 2559 facie
1402 2532 1517 2559 duorum
1551 2539 1644 2566 regum
1675 2531 1790 2565 ipsius.»

1011 2578 1109 2613 Aquila
1153 2585 1234 2605 vero:
1290 2577 1487 2612 tRelinquetur
1519 2581 1608 2608 terra.
1642 2584 1723 2611 quam
1764 2581 1792 2602 tu

1012 2623 1119 2651 fastidis
1133 2642 1141 2655 ,
1174 2630 1189 2650 τι
1210 2623 1279 2651 facie
1305 2623 1420 2650 duorum
1442 2630 1534 2657 regum
1556 2622 1650 2657 ipsius.
1667 2632 1676 2647 ›
1699 2621 1790 2648 Theo—

1010 2669 1105 2696 dolion
1131 2677 1239 2704 quoque
1268 2669 1364 2697 eodem
1396 2670 1592 2703 interpretatus
1620 2672 1662 2696 est
1691 2668 1785 2694 modo-

1009 2716 1092 2752 319
1106 2726 1114 2741 ι
1129 2715 1318 2752 Relinquetur,
1339 2716 1437 2750 inquit,
1455 2719 1525 2742 terra
1544 2723 1624 2750 quam
1647 2719 1675 2741 tu
1687 2715 1776 2742 ahomi

1010 2762 1084 2789 naris
1102 2770 1116 2788 a
1133 2761 1201 2789 facie
1224 2762 1341 2789 duorum
1366 2770 1458 2798 regum
1483 2761 1578 2797 ipsius.
1601 2771 1610 2787 ι
1631 2761 1729 2788 Cernis

1009 2806 1170 2834 vaticinatur
1187 2812 1286 2834 terram
1310 2807 1514 2843 relinquendam
1541 2815 1602 2835 esse
1619 2807 1678 2835 sine
1704 2815 1765 2842 rege

1009 2851 1061 2879 Sed
1076 2860 1156 2886 quam
1173 2854 1281 2880 tandem
1299 2854 1397 2881 terram
1408 2874 1415 2886 ,
1432 2854 1484 2881 nisi
1500 2853 1730 2881 Damascenorum
1749 2858 1790 2879 at-

1008 2906 1061 2933 que
1075 2897 1179 2926 lsrael?
1194 2897 1296 2926 llorum
1319 2900 1390 2926 enim
1417 2900 1472 2927 (luo
1487 2907 1564 2935 rcges
1578 2902 1666 2931 erant,
1683 2898 1717 2926 de
1730 2899 1791 2933 qui-
