2089 3218
285 181 339 212 δυο
610 181 749 217 βυδΕΒΙΙ
769 180 1011 210 σεδΑιιιεΝειε
1026 180 1102 210 OPP.
1116 181 1211 210 PARS
1228 182 1264 210 Ιῐ.
1283 197 1318 202 -
1336 180 1586 210 Αιιοιοοετιελ.
1857 181 1910 209 508

285 247 337 269 ous
366 239 412 267 hic
437 244 530 268 sermo
550 243 604 267 est.
631 240 753 273 Quorum
784 244 886 268 terram
902 239 993 267 Acha;
1022 240 1064 267 τι·
1084 245 1106 270 Α

1086 245 1106 270 Α
1119 240 1209 276 ψυχῆς
1222 240 1409 276 βασιλεύοντος
1417 260 1425 271 ,
1435 241 1460 267 οἱ
1475 241 1538 275 πρὶν
1555 239 1761 273 ἀποπεφεύγασι
1774 240 1911 276 πολέμιοι.

285 287 414 315 stidiebat
443 286 502 312 sive
527 285 738 312 abominabatur
759 285 903 318 laborans,
920 285 978 313 sive
1002 285 1072 312 mala

1123 287 1169 314 δύο
1189 288 1285 322 τρόποι
1302 287 1472 317 δυσσεϐείας,
1489 287 1504 312 ὁ
1517 295 1547 311 τε
1564 285 1613 321 τὴν
1630 284 1850 320 εἰδωλολατρείαν
1862 295 1910 314 και

286 333 393 368 patiens
408 332 443 359 ab
468 338 511 358 ea.
527 330 645 363 Quando
659 331 752 366 igitur,
767 338 875 366 quaeso,
897 331 950 358 hoc
971 331 1073 358 factum

1122 334 1171 368 τὴν
1184 333 1213 359 ὲν
1230 332 1408 368 πολυτρόποις
1425 332 1555 367 δόγμασιν
1571 330 1738 366 ὲτεροδοξίαν
1752 331 1910 359 ὑποϐάλλων

284 380 346 408 est?
359 379 407 406 His
421 378 493 406 enim
506 378 641 406 confectis
655 398 662 410 ,
682 385 794 406 necesse
804 381 847 405 est
873 385 988 412 prorsus
1011 385 1072 404 eam

1123 379 1286 414 ἀνθρώποις,
1306 379 1352 405 καὶ
1370 380 1385 405 ο
1399 378 1448 413 τὴν
1463 380 1492 404 ἐν
1507 377 1584 412 ἧθεσι
1599 376 1763 412 διαστροφὴν
1779 378 1909 412 ἐνεργῶν.

284 425 432 461 prophetia:
461 428 578 460 partem,
593 425 627 452 de
641 431 695 459 qua
710 424 756 451 hic
774 424 877 451 dictum
892 428 949 455 est,
967 423 1000 450 ad
1015 425 1072 450 exi-

1123 425 1230 450 Τοὺτων
1243 424 1271 450 δὲ
1285 422 1331 450 οὖν
1343 423 1438 459 ἔφερον
1449 425 1473 450 οἰ
1489 423 1572 450 πάλαι
1585 422 1746 457 δηλούμενοι
1760 423 1911 458 nonatton

285 476 342 499 tum
359 471 527 506 pervenisse,
536 471 587 498 hoc
596 475 638 498 est
653 469 803 506 Virginem,
816 470 958 497 nobiscum
976 469 1070 501 Deum,

1123 469 1241 503 βασιλεῖς
1259 469 1293 496 τὰ
1319 468 1459 504 σύμϐολα·
1484 466 1521 495 ὧν
1545 469 1560 495 ὁ
1584 468 1632 503 μὲν
1655 469 1842 504 Δαμασκηνῶν
1859 468 1911 503 τῆς

285 518 434 553 peperisse.
449 516 482 543 Et
493 525 560 544 sane
575 520 684 544 constat
703 515 775 550 apud
788 523 836 542 eos
851 515 898 550 qui
911 523 965 542 non
979 514 1072 542 indili-

1122 516 1175 542 τῶν
1199 516 1284 542 ἐθνῶν
1311 516 1376 552 περὶ
1395 516 1431 542 τὰ
1452 515 1549 542 εἴδωλα
1569 514 1672 550 πλάνης
1692 514 1774 541 εἰκὼν
1796 513 1840 550 ἦν,
1857 516 1872 542 ὁ
1887 515 1909 541 δ’

285 568 379 597 genter
392 563 524 590 historias
548 562 764 597 exploraverim,
778 561 1006 596 quemadmodum
1025 569 1072 589 us-

1121 562 1214 597 ἕτερος
1235 562 1289 588 τῶν
1310 562 1485 589 ἀποστάντων
1510 561 1559 595 τῆς
1591 561 1784 596 Ἰερουσαλὴμ,

283 617 338 644 que
356 608 390 635 ad
402 612 525 643 tempora
541 608 690 635 Salvatoris
708 608 794 635 nostri
810 606 876 635 Jesu
895 607 1009 639 Christi,
1028 616 1071 635 re-

1121 607 1174 634 τῶν
1192 608 1427 634 ἀποπεπτωκὼων
1446 607 1496 641 τῆς
1517 607 1587 633 κατὰ
1609 607 1656 633 τὸν
1678 607 1760 642 νόμον
1776 606 1823 633 τοῦ
1842 605 1911 633 Θεοῦ

283 663 330 691 ges
354 654 480 682 Damasci
503 662 518 680 a
534 653 685 688 majoribus
697 654 755 682 suis
771 659 911 689 acceptum
927 654 1070 689 imperium

1122 652 1256 688 λατρείας.
1284 654 1344 680 Ὀτι
1372 654 1401 680 δὲ
1424 652 1511 679 ταῦτα
1535 652 1606 679 κατὰ
1628 653 1747 679 διάνοιαν
1772 652 1911 688 τροπικῶς

283 701 432 729 tenuerint.
457 700 525 727 Nam
553 705 666 728 sanctus
689 709 798 736 quoque
822 700 970 734 Apostolus
983 700 1071 728 Arene

1121 699 1300 734 ἀποδέχεσθαι
1321 700 1472 734 προσήκει,
1497 699 1575 734 μάθοι
1591 699 1623 725 ἄν
1646 707 1688 730 τις
1708 699 1754 724 καὶ
1777 698 1831 724 ἀπὸ
1855 698 1911 724 τῶν

283 746 514 774 Damascenorum
527 747 598 782 regis
610 747 743 777 meminit.
759 752 787 774 et
801 745 922 774 Judaica!
937 747 1026 781 gentis
1036 747 1070 773 ad

1121 745 1184 780 ἑξῆς
1200 745 1400 780 ἐπιλεγομένων
1411 765 1418 777 ,
1430 745 1462 771 δι’
1477 741 1515 771 ὧν
1531 745 1560 770 ὲν
1576 746 1609 779 τῇ
1626 744 1718 780 ἡμέρᾳ
1734 743 1782 770 τοῦ
1804 744 1911 779 Ἐμμα-

282 793 349 822 illud
363 801 450 828 usque
462 798 580 828 tempus,
596 793 722 828 quamvis
734 793 921 820 inordinatum
931 796 959 820 et
972 797 1070 828 praeter

1120 791 1201 826 νουὴλ
1227 791 1306 827 μυίας
1324 791 1402 822 τινὰς
1426 791 1473 818 καὶ
1497 791 1626 826 μελίσσας
1648 789 1843 816 ἐπελεύσεσθαι
1871 789 1910 824 τῷ

282 842 367 876 leges,
384 847 500 875 regnum
515 840 653 867 manebat.
670 839 729 866 Non
749 840 823 867 enim
841 847 856 866 a
871 847 972 873 genere
984 839 1069 866 David

1127 836 1258 863 Ἰουδαίων
1280 837 1350 863 ἔθνει
1371 838 1418 863 καὶ
1441 837 1455 863 ὁ
1472 836 1550 870 λόγος
1570 836 1709 868 θεσπίζει,
1726 836 1776 867 τὰς
1793 835 1843 870 μὲν
1862 834 1910 861 ἀπ’

282 892 330 914 aut
345 887 477 918 Herodes,
492 891 539 913 aut
554 886 600 920 qui
619 889 680 921 post
695 885 841 917 llerodem,
857 885 1008 913 Salvatoris
1020 894 1070 913 no-
1087 915 1104 921 __

1087 915 1104 921 ῃ
1120 881 1268 914 Αἰγύπτου,
1285 881 1334 912 τὰς
1347 881 1375 907 δὲ
1392 881 1446 908 ἀπὸ
1459 881 1513 907 τῶν
1531 881 1678 916 Ἀσσυρίων
1688 900 1695 911 ,
1707 881 1756 915 τὴν
1778 879 1910 915 κεφαλὴν,

281 932 333 960 atri
348 932 517 967 temporibus
530 931 706 963 exstiterunt,
721 931 797 966 regni
823 938 1012 958 successorem
1029 931 1069 958 fe-
1085 915 1106 942 Β

1085 915 1106 942 Β
1121 929 1167 956 καὶ
1197 930 1259 961 τοὺς
1288 929 1387 960 πόδας,
1412 929 1459 955 καὶ
1485 928 1531 954 τὸν
1562 927 1679 961 πώγωνα
1703 926 1887 962 ἁποξυρήσειν
1901 934 1909 941 ·

282 978 390 1006 rebant.
405 978 441 1004 At
465 981 606 1012 vero-post
630 976 690 1011 ejus
716 977 866 1008 adviutum,
893 982 1007 1012 postque
1034 976 1068 1004 de

1118 975 1261 1011 ἄνθρωπον
1274 975 1302 1001 δὲ
1318 975 1434 1010 δάμαλιν
1447 974 1527 1009 βοῶν.
1538 974 1641 1001 καὶδύο
1658 973 1778 1009 πρόϐατα
1787 972 1908 1008 θρέψειν,

282 1023 394 1059 Virgine
415 1024 470 1051 nati
488 1023 673 1058 evangelicam
695 1023 723 1049 in
739 1030 835 1050 omnes
858 1022 983 1050 homines
1000 1030 1066 1057 prae.

1119 1021 1164 1046 καὶ
1180 1020 1247 1046 ἄλλα
1261 1020 1321 1046 τινὰ
1335 1020 1395 1046 καθ’
1407 1020 1455 1046 ἕνα
1473 1019 1519 1046 καὶ
1534 1019 1579 1045 τὸν
1593 1019 1674 1045 αὑτὸν
1691 1019 1786 1054 χρόνον
1800 1016 1911 1043 ἔσεσθαι

281 1070 456 1100 dicationem,
471 1075 543 1097 terra
553 1069 685 1096 continuo
709 1077 724 1095 ιι
742 1068 811 1096 facie
840 1069 957 1096 deorum
973 1077 1067 1104 regum

1118 1066 1241 1100 οὐδαμῶς
1264 1066 1330 1101 πρὸς
1338 1065 1414 1097 ’λέξιν
1423 1065 1567 1100 νοούμενα,
1577 1064 1648 1091 κατὰ
1660 1064 1742 1099 μόνην
1753 1063 1781 1089 δὲ
1791 1062 1910 1090 διάνοιαν

280 1117 377 1145 relicta
389 1120 440 1144 est.
454 1115 521 1143 Nam
543 1123 575 1142 ex
592 1115 638 1142 illo
661 1123 722 1142 cum
739 1114 854 1142 Romani
865 1115 986 1142 omnium
1003 1124 1068 1150 gen—

1118 1112 1300 1147 θεωρούμενα.
1324 1112 1417 1138 Ταῦτα
1446 1111 1496 1146 μὲν
1520 1109 1567 1138 οὖν
1594 1110 1726 1137 τοιαῦτα·
1743 1110 1817 1142 ὅπως
1834 1109 1863 1136 δὲ
1891 1110 1909 1144 ή

280 1161 348 1190 tium
375 1161 519 1197 imperium
534 1161 715 1188 obtinuissent
730 1180 738 1192 ,
764 1160 871 1188 solutus
887 1160 997 1196 quidem
1024 1164 1067 1188 est

1118 1158 1242 1193 παροῦσα
1273 1157 1366 1193 γραφὴ
1398 1158 1449 1192 τῆς
1479 1157 1526 1189 τοῦ
1560 1157 1684 1192 Σωτῆρος
1710 1156 1789 1191 ἡμῶν
1821 1154 1909 1190 Ἰησοῦ

280 1209 370 1236 omnis
383 1216 431 1244 per
447 1207 554 1242 singula
570 1207 646 1239 loca,
662 1211 717 1233 tam
733 1204 853 1241 gentium
869 1214 950 1241 quam
969 1206 1068 1233 civita-

1116 1204 1235 1239 Χριστοῦ
1251 1201 1385 1238 γενέσεως
1402 1204 1587 1239 προεσήμαινε
1605 1203 1650 1230 τὸν
1669 1202 1768 1237 τρόπον
1779 1222 1787 1234 ,
1805 1210 1907 1237 μαρτυ‹

281 1261 337 1282 tum
363 1254 544 1290 principatus,
571 1253 705 1287 ﬁnemque
725 1261 778 1279 una
794 1260 856 1279 eum
872 1252 966 1279 multis
993 1253 1065 1284 aliis,

1119 1251 1194 1286 ρήσει
1220 1247 1270 1276 ὦδὲ
1286 1258 1344 1281 πως
1359 1251 1373 1276 ὁ
1395 1249 1589 1284 εὐαγγελιστὴς
1612 1249 1725 1283 γράφων
1738 1256 1745 1262 ·
1774 1257 1782 1273 ι
1800 1246 1854 1274 Τοῦ
1878 1247 1908 1273 δὲ

279 1301 363 1327 etiam
377 1308 409 1328 ea
423 1307 484 1334 qua:
498 1299 531 1326 ad
550 1303 709 1334 pratsentem
723 1298 894 1333 prophetiam
917 1298 1065 1333 pertinent,

1122 1296 1208 1331 Ἰησοῦ
1226 1295 1342 1331 Χριστοῦ
1360 1297 1375 1330 ὴ
1393 1296 1499 1329 γένεσις
1521 1295 1607 1326 οὕτως
1622 1293 1672 1330 ἦν·
1687 1293 1908 1328 Μνηστευθείσης

281 1347 379 1374 sortita
400 1350 475 1373 sunt.
491 1344 524 1372 Et
539 1346 596 1372 hate
611 1345 721 1380 quidem
737 1344 771 1371 ad
797 1345 911 1371 verbum
929 1344 1066 1379 interpre-

1116 1343 1169 1378 γὰρ
1193 1342 1242 1376 τῆς
1261 1342 1362 1377 μητρὸς
1383 1341 1464 1368 αὑτοῦ
1485 1342 1594 1376 Μαρίας
1617 1340 1656 1375 τῷ
1678 1340 1793 1375 Ἰωσὴφ,
1807 1340 1873 1374 πρὶν
1889 1338 1907 1374 ἦ

281 1393 402 1420 tantibus
411 1392 485 1419 dicta
496 1391 560 1419 sint.
572 1391 612 1417 Ad
629 1398 738 1418 sensum
753 1397 817 1418 vero
831 1391 858 1417 in
870 1391 943 1417 hunc
955 1391 1065 1417 modum

1118 1388 1253 1415 συνελθεῖν
1265 1389 1373 1419 αὐτοὺς,
1386 1387 1484 1423 εὑρέθη
1503 1389 1531 1414 ὲν
1547 1388 1646 1423 γαστρὶ
1659 1387 1758 1422 ἔχουσα
1774 1387 1807 1412 ἐκ
1821 1385 1906 1412 Π·δεὺ-

281 1439 389 1466 dicatur
402 1445 409 1464 :
420 1438 502 1472 hujus
519 1436 669 1472 prophetiae
685 1436 765 1463 verba
783 1437 874 1463 omnis
887 1437 986 1463 anima:
1006 1444 1066 1471 qua:

1118 1444 1200 1470 ματος
1217 1435 1304 1470 ἁγίου.
1329 1435 1426 1470 Ἰωσὴφ
1441 1435 1470 1461 δὲ
1486 1435 1500 1460 ὁ
1514 1434 1584 1470 ἀνὴρ
1601 1435 1701 1469 αὐτῆς,
1724 1433 1828 1464 δίκαιος
1853 1431 1907 1464 ὢν,

280 1485 365 1513 Deum
373 1485 446 1512 hunc
454 1490 559 1516 natum,
570 1481 957 1518 ipsum,inquam,Emmanuel
972 1489 1067 1509 susce-

1116 1482 1163 1508 καὶ
1188 1481 1226 1517 μὴ
1258 1481 1342 1507 θέλων
1369 1481 1617 1516 παραδειγματίσαι
1647 1480 1750 1515 αὐτὴν,
1773 1477 1907 1514 ἐϐουλήθη

281 1529 662 1564 perit,stabiles,tranquillos,
670 1527 957 1563 paciﬁcossigniﬁcarc
964 1535 1064 1555 mores.

1115 1528 1201 1563 λάθρα
1210 1527 1343 1554 ἀπολῦσαι
1354 1527 1449 1562 αὑτήν.
1461 1526 1553 1553 Ταῦτα
1565 1527 1592 1553 δὲ
1603 1526 1684 1553 αὑτοῦ
1698 1525 1904 1561 ἐνθυμηθέντος,

281 1575 341 1604 Uno
354 1576 425 1603 enim
434 1574 554 1604 Christo.
568 1578 595 1602 et
610 1582 642 1602 co
654 1574 725 1609 quod
737 1574 771 1601 ab
783 1574 842 1609 ipso
853 1573 1007 1600 nuntiatum
1023 1577 1065 1601 est
1078 1587 1100 1615 α

1078 1587 1100 1615 C
1118 1574 1171 1601 ἰδοὺ
1185 1574 1298 1608 ἅγγελος
1309 1573 1410 1608 Κυρίου
1429 1574 1486 1599 κατ’
1498 1573 1565 1608 ὄναρ
1580 1572 1702 1607 φαίνεται
1721 1571 1794 1606 αὐτῷ
1807 1571 1902 1606 λέγων·

278 1622 373 1653 verbo,
391 1622 515 1648 humanae
531 1621 628 1647 anima:
639 1620 782 1655 imperium
797 1620 946 1651 obtinente,
959 1619 1065 1654 priores

1124 1619 1220 1654 Ἰωσὴφ
1250 1619 1308 1650 υἱὸς
1335 1618 1434 1649 Δαυῖδ,
1461 1619 1497 1653 μὴ
1520 1618 1642 1653 φοὸηθῇς
1659 1617 1829 1653 παραλαϐεῖν
1846 1618 1907 1644 Μα-

279 1668 339 1703 ejus
345 1668 448 1698 hostes,
457 1667 745 1702 duoimpictatismodi
757 1666 840 1701 fugati
850 1671 915 1694 sunt
929 1675 937 1693 ι
947 1675 1018 1694 unus
1029 1667 1063 1698 is,

1119 1666 1186 1702 ριὰμ
1202 1665 1250 1700 τὴν
1266 1665 1384 1699 γυναῖκα
1404 1673 1460 1691 σου.
1477 1665 1513 1690 Τὸ
1529 1664 1584 1699 γὰρ
1600 1664 1628 1690 ὲν
1642 1664 1710 1699 αὐτῇ
1727 1663 1857 1699 γεννηθὲν
1873 1665 1905 1690 ὲκ

278 1715 326 1749 qui
339 1718 365 1741 et
381 1714 592 1742 simulacrorum
608 1714 724 1745 cultum,
739 1717 766 1740 et
782 1714 810 1740 in
828 1713 996 1740 multimodis
1006 1713 1064 1747 opi-

1119 1711 1274 1746 Πνεύματός
1289 1711 1363 1737 ἐστιν
1377 1711 1466 1744 ἁγίου.
1481 1709 1593 1742 Τέξεται
1603 1709 1631 1736 δὲ
1645 1709 1711 1740 υἱὸν,
1725 1710 1771 1735 καὶ
1781 1708 1905 1740 καλέσεις

278 1760 408 1788 nionibus
421 1760 607 1788 diversitatem
623 1759 780 1786 hominibus
795 1759 959 1794 suggerebat
973 1768 979 1786 :
995 1759 1065 1786 alter

1117 1758 1146 1784 τὸ
1160 1758 1244 1792 ὄνομα
1261 1757 1342 1783 αὑτοῦ
1363 1756 1476 1791 Ἰησοῦν.
1497 1756 1583 1787 Αὐτὸς
1601 1755 1655 1790 γὰρ
1678 1754 1759 1781 σώσει
1779 1754 1825 1781 τὸν
1841 1754 1905 1781 λαὸν

278 1807 313 1839 is,
341 1807 387 1842 qui
399 1807 426 1834 in
442 1806 565 1834 moribus
580 1806 785 1841 perversitatem
800 1806 976 1840 propagabat.
995 1805 1062 1832 Nam

1117 1803 1199 1829 αὐτοϋ
1219 1803 1272 1829 ἀπὸ
1294 1802 1348 1828 τῶν
1372 1802 1512 1839 ἁμαρτιῶν
1535 1801 1633 1828 αὐτῶν.
1656 1811 1665 1826 ι
1688 1800 1772 1827 Τοῦτο
1797 1800 1827 1827 δὲ
1845 1800 1905 1827 ὅλον

278 1853 308 1886 ii,
320 1853 366 1888 qui
380 1852 444 1880 dicti
462 1856 526 1880 sunt
542 1852 699 1887 corporales
717 1859 804 1886 reges.
821 1851 917 1878 horum
934 1856 1012 1879 notas
1037 1856 1064 1878 et

1117 1849 1241 1883 γέγονεν,
1259 1849 1304 1875 ἵνα
1316 1847 1445 1883 πληρωθῇ
1463 1847 1494 1874 τὺ
1511 1847 1592 1882 ῥηθὲν
1609 1847 1661 1873 ὑπὸ
1672 1846 1720 1873 τοῦ
1737 1846 1842 1881 Κυρίου
1860 1846 1907 1872 διὸ.

279 1900 356 1934 signa
372 1899 524 1934 gestabant,
536 1907 551 1926 e
566 1898 665 1933 quibus
680 1906 752 1925 unus
774 1897 951 1925 Damascenis
977 1897 1064 1931 impe-

1117 1895 1163 1922 τοῦ
1176 1895 1313 1930 προφήτου
1325 1894 1450 1928 λέγοντος
1469 1903 1474 1908 ·
1495 1893 1560 1920 Ἰδοὺ
1585 1894 1601 1928 ὴ
1614 1892 1749 1928 Παρθένος
1765 1893 1793 1918 ὲν
1804 1891 1905 1927 γαστρὶ

279 1953 354 1975 rans.
377 1945 491 1976 erroris,
511 1951 566 1979 quo
581 1944 608 1971 in
625 1943 781 1971 simulacris
811 1943 934 1970 colendis
969 1947 1064 1977 gentes

1117 1941 1240 1977 λήψεται,
1257 1941 1304 1967 καὶ
1320 1940 1426 1973 τέξεται
1440 1940 1506 1971 υἱὸν,
1519 1941 1565 1966 καὶ
1577 1939 1701 1970 καλέσεις
1715 1938 1746 1965 τὸ
1758 1938 1845 1974 ὕνομα
1855 1939 1905 1965 αὑ-

279 1990 452 2020 tenebantur,
466 1993 523 2017 erat
539 1990 627 2024 imago
642 1999 648 2017 :
666 1990 736 2016 alter
746 1997 808 2016 vero
829 1996 934 2020 eorum,
959 1988 1006 2023 qui
1027 1989 1062 2015 ab

1117 1987 1162 2014 τοῦ
1172 1987 1353 2022 Ἐμμανουὴλ,
1362 1988 1376 2013 ὅ
1384 1987 1441 2013 ἐστι
1453 1985 1733 2021 μεθερμηνευόμενον,
1742 1983 1806 2019 μεθ’
1818 1983 1905 2018 ἡμῶν

278 2035 428 2062 Jerusalem
445 2035 611 2066 defecerant,
633 2035 679 2069 qui
702 2034 827 2062 videlicet
843 2042 858 2061 a
880 2034 927 2061 Dei
944 2035 1064 2069 legitima

1119 2036 1134 2060 ό
1149 2034 1230 2066 Θεός.
1238 2044 1246 2057 ι
1253 2033 1330 2060 Οὕτω
1342 2033 1373 2067 δὴ
1385 2032 1445 2058 καθ’
1452 2033 1525 2067 ἡμᾶς
1533 2032 1567 2058 τὰ
1577 2031 1626 2066 τῆς
1641 2031 1715 2063 θείας
1725 2030 1904 2066 προγνώσεως

280 2081 440 2109 adoratione
463 2081 631 2113 deciderant,
662 2081 776 2117 ﬁgurate
797 2088 942 2116 personam
971 2089 1064 2116 gerere

1119 2079 1173 2106 ἀπὸ
1189 2079 1238 2114 τῆς
1253 2079 1307 2104 τῶν
1319 2078 1489 2114 πραγμάτων
1505 2077 1644 2108 ἐκϐάσεως
1651 2077 1802 2108 πιστοῦται,
1817 2075 1906 2107 ἄλλως

277 2127 429 2154 videbatur.
441 2127 522 2163 320
538 2127 614 2160 Quod
631 2136 696 2155 vero
719 2128 776 2155 haec
799 2128 832 2154 ad
847 2135 958 2154 sensum
975 2135 1008 2154 ex
1037 2127 1067 2153 li-

1120 2127 1170 2152 οὺκ
1191 2126 1223 2151 ἂν
1235 2125 1286 2159 τῆς
1307 2124 1474 2159 προφητείας
1497 2123 1613 2159 ἀληθοῦς
1629 2121 1903 2158 ἁποφανθησομένης.

277 2179 343 2209 gura
361 2173 483 2208 accipi-re
505 2176 636 2207 oporteat,
657 2173 755 2208 poterit
771 2173 907 2208 quispiam
921 2174 1002 2200 etiam
1016 2181 1049 2200 ex
1069 2173 1103 2199 iis
1115 2179 1175 2206 qua:
1191 2175 1343 2206 sequuntur
1356 2171 1510 2201 addiscere,
1529 2170 1576 2196 ubi
1590 2170 1617 2196 in
1631 2169 1729 2196 diebus
1743 2167 1905 2196 Emmanuel

277 2229 387 2249 muscas
397 2221 529 2256 quasdam
540 2225 621 2256 atque
632 2229 708 2256 apes,
722 2220 863 2248 Iudaicam
878 2224 985 2255 gentem
1004 2212 1148 2247 invasuras
1169 2219 1310 2246 oraculum
1330 2218 1414 2250 canit,
1433 2218 1501 2245 alias
1516 2218 1625 2253 quidem
1644 2218 1679 2244 ab
1694 2216 1824 2252 Egypto,
1835 2217 1906 2245 alias

277 2271 368 2294 autem
381 2267 415 2294 ab
427 2266 559 2302 Assyriis,
569 2272 650 2302 caput
665 2275 696 2294 ac
711 2267 792 2303 pedes
805 2271 832 2294 et
843 2267 955 2294 barbam
965 2266 1108 2294 Dominum
1128 2266 1301 2296 abrasurum,
1318 2266 1454 2292 hominem
1471 2273 1535 2292 vero
1550 2265 1695 2298 jurencam
1709 2264 1906 2291 houmetduas

282 2322 348 2342 oves
358 2314 571 2347 nutritnrnm,et
586 2315 638 2341 alia
650 2316 772 2349 quaedam
786 2314 837 2342 sub
853 2322 936 2341 unum
954 2320 1035 2349 atque
1048 2315 1118 2342 idem
1137 2319 1243 2349 tempus
1259 2313 1359 2345 futura,
1371 2321 1431 2348 quae
1444 2313 1519 2339 nullo
1536 2312 1616 2339 modo
1627 2312 1659 2339 ad
1671 2311 1906 2346 verhumintelligi

276 2365 402 2396 possunt,
412 2360 459 2388 sed
471 2360 505 2387 ad
513 2368 623 2388 sensum
636 2360 767 2387 duntaxat
785 2361 942 2396 accipienda
956 2365 1064 2395 sunt;et
1073 2362 1129 2388 haec
1146 2361 1255 2396 quidem
1270 2361 1296 2387 in
1306 2361 1379 2387 hunc
1390 2359 1500 2386 modum
1512 2367 1540 2385 se
1554 2359 1663 2386 habent.
1677 2357 1757 2391 Quod
1767 2362 1858 2385 autem
1873 2366 1905 2385 ea

277 2415 336 2442 quzc
347 2407 387 2435 sic
395 2407 496 2442 scripta
507 2406 736 2438 sunt,Salvatoris
750 2408 835 2434 nostri
849 2406 912 2435 Jesu
935 2408 1036 2435 Christi
1055 2408 1164 2435 modum
1182 2407 1311 2434 nascendi
1332 2405 1558 2441 signiﬁcaverim,
1582 2405 1640 2439 ipse
1664 2404 1833 2439 evangelista
1853 2404 1906 2432 hoc

275 2459 355 2488 pacto
375 2454 536 2480 testihcatur
551 2453 674 2482 scribens
687 2464 693 2481 :
713 2464 721 2479 ε
738 2454 800 2482 .lesu
814 2455 916 2482 Christi
932 2459 1021 2482 autem
1041 2454 1180 2490 generatio
1192 2455 1232 2481 sic
1248 2457 1308 2481 erat
1323 2452 1406 2480 :Cum
1415 2457 1488 2479 esset
1499 2452 1664 2486 desponsata
1674 2456 1760 2478 mater
1772 2451 1834 2485 ejus
1850 2451 1906 2478 Ma-

276 2499 315 2525 ria
341 2498 457 2534 Ioseph,
484 2503 628 2534 antequam
658 2501 844 2533 convenirent,
862 2502 971 2528 inventa
991 2505 1034 2528 est
1056 2501 1082 2527 in
1104 2504 1182 2528 utero
1205 2500 1309 2527 habens
1333 2499 1367 2526 de
1386 2498 1488 2533 Spiritu
1510 2503 1615 2525 sancto.
1637 2496 1736 2531 Ioseph
1755 2501 1847 2524 autem
1865 2497 1906 2524 vir

275 2549 346 2580 ejus,
367 2555 428 2575 cum
454 2552 527 2575 esset
539 2547 642 2582 justus,
668 2552 695 2576 et
711 2549 795 2576 nollet
806 2556 865 2575 eam
884 2540 1038 2578 traducere,
1060 2549 1145 2574 voluit
1160 2549 1266 2575 ocrultc
1284 2547 1421 2573 dimittere
1436 2554 1507 2572 eam.
1526 2544 1587 2571 llaec
1603 2549 1692 2571 autem
1708 2551 1741 2571 eo
1754 2544 1905 2580 cogitante,

275 2600 340 2621 ecce
353 2593 472 2629 Angelus
491 2594 596 2622 Domini
619 2595 646 2623 in
667 2597 771 2623 somnis
791 2601 903 2631 apparet
918 2597 942 2623 ei
958 2595 1070 2623 dicens:
1086 2596 1185 2631 .loseph
1201 2596 1236 2622 lili
1261 2595 1356 2626 David,
1373 2594 1428 2625 noli
1445 2593 1541 2619 timere
1557 2593 1680 2626 accipere
1699 2591 1812 2618 Mariam
1837 2599 1906 2619 con.

273 2639 364 2674 jugem
379 2644 464 2667 tuam.
479 2639 556 2673 Quod
572 2642 644 2668 enim
657 2642 684 2669 in
695 2651 726 2670 ea
739 2643 859 2677 genitum
867 2648 919 2674 est,
939 2643 972 2669 de
997 2642 1100 2677 Spiritu
1117 2646 1212 2669 sancto
1225 2646 1277 2669 est.
1298 2640 1388 2667 Pariet
1403 2645 1495 2666 autem
1514 2639 1616 2670 lilium,
1630 2642 1657 2665 et
1674 2638 1787 2666 vocabis
1804 2646 1906 2667 nomen

274 2683 334 2716 ejus
348 2682 451 2711 Jesum.
477 2684 536 2720 Ipse
552 2687 623 2713 enim
641 2687 745 2714 salvum
759 2687 839 2714 faciet
858 2688 986 2723 populum
1001 2696 1082 2716 suum
1096 2695 1111 2713 a
1127 2688 1246 2722 peccatis
1269 2687 1400 2721 ipsorum.
1422 2684 1478 2711 Hoc
1495 2688 1585 2711 autent
1603 2687 1689 2711 totum
1718 2682 1821 2711 factum
1851 2689 1904 2717 est,

277 2733 306 2756 ιη
317 2729 476 2764 impleretur
490 2733 562 2766 quod
586 2733 689 2761 dictum
716 2739 758 2762 est
781 2743 796 2761 a
817 2734 931 2763 Domino
955 2743 1003 2770 per
1027 2736 1185 2770 prophetam
1211 2734 1370 2761 dicentem:
1393 2732 1462 2759 Ecce
1487 2732 1561 2765 virgo
1583 2732 1609 2758 in
1638 2735 1716 2758 utero
1739 2731 1861 2762 habebit,
1877 2736 1904 2759 et

277 2775 363 2810 pariet
386 2776 481 2810 lilium,
507 2784 534 2806 et
556 2780 667 2808 vocabis
682 2790 783 2809 nomen
796 2782 856 2817 ejus
872 2782 1048 2814 Emmanuel,
1064 2782 1136 2817 quod
1152 2788 1193 2810 est
1215 2783 1435 2816 interpretatum,
1450 2780 1585 2806 nobiscum
1607 2778 1676 2806 Deus
1693 2778 1725 2806 “.
1747 2788 1756 2804 ι
1774 2777 1820 2806 Sic
1837 2787 1903 2807 sane

277 2822 425 2849 secundum
440 2832 490 2852 nos
503 2833 544 2858 ea,
559 2834 620 2860 quae
633 2827 667 2854 ad
680 2828 799 2856 divinam
817 2830 1018 2865 praedictionem
1037 2831 1184 2866 pertinent.
1197 2838 1229 2857 ex
1249 2830 1308 2865 ipso
1327 2836 1416 2856 rerum
1433 2833 1529 2854 eventu
1551 2827 1777 2862 eomprobantur:
1791 2827 1901 2864 quippe.

279 2875 339 2894 cum
362 2869 412 2895 alia
443 2870 562 2903 ratione.
594 2882 730 2909 nunquam
751 2885 805 2912 prie
822 2885 850 2905 se
869 2878 1010 2906 veritatem
1030 2879 1170 2914 prophetia
1199 2879 1285 2905 latura
1310 2885 1370 2905 c5se
1390 2876 1522 2903 rideatur.

310 2938 332 2954 ιλ
346 2937 440 2967 naua.
460 2948 478 2973 ι,
497 2939 588 2969 13-25.
