2089 3218
623 187 949 218 υΕΉΟΝὸΊἫΛΤΙΟΝΙε
967 189 1196 219 EVANGELICAS
1212 189 1276 219 LIB.
1296 189 1354 218 VII.

1746 192 1798 220 5&6

214 247 294 283 Ἑξῆς
309 247 338 275 δὲ
361 247 463 274 τούτων
479 247 540 274 τίνα
561 248 608 274 καὶ
626 248 714 274 ὁπόσα
730 247 838 282 λέγεται
856 246 965 274 ἔσεσθαι

1052 247 1181 276 Posthac
1192 251 1294 279 autem.
1309 255 1435 282 quanam
1449 250 1477 275 et
1489 251 1558 282 quot
1576 247 1668 275 futura
1683 255 1745 276 esse
1760 249 1801 276 di-

173 304 203 323 εν
219 295 252 330 τῇ
376 294 467 329 ἐκείνῃ
481 313 489 326 ,
511 293 589 328 δῆλον
603 293 641 325 δὲ,
657 294 698 320 ὅτι
715 294 745 319 ἐν
759 293 797 329 τῷ
811 293 898 329 χρόνῳ
914 295 962 328 τῆς

175 339 334 375 ἐπιφανείας
352 339 399 366 τοῦ
427 339 615 374 Ἐμμανουὴλ,
638 339 720 375 φέρε,
742 340 960 375 κατανοήσωμεν·

177 396 186 412 ι
205 384 527 422 Συριεί,ιφησὶ,‹Κύριος
543 385 682 420 μυίαις,αἳ
694 385 849 421 κυριεύουσι
864 385 963 420 μέρους

173 430 296 465 ποταμοῦ
322 429 478 464 Αἰγύπτου,
502 431 550 457 καὶ
567 432 600 466 τῇ
626 431 757 468 μελίσσῃ,
790 431 807 466 ἦ
831 432 904 457 ἐστιν
935 432 963 456 ὲν

171 475 251 511 χώρᾳ.
270 476 430 512 Ἀσσυρίων,
447 476 495 502 καὶ
509 476 678 509 ἐλεύσονται,
697 478 744 504 καὶ
763 477 963 504 ἀναπαύσονται

172 523 201 548 ἐν
213 523 275 554 ταῖς
285 522 404 557 φάραγξι
417 522 466 557 τῆς
482 522 588 558 χώρας,
599 523 645 549 καὶ
656 523 684 549 ἐν
691 525 750 555 ταῖς
763 522 896 558 τρώγλαις
911 522 964 548 τῶν

175 566 292 602 πετρῶν,
308 567 355 594 καὶ
369 568 409 598 εἰς
426 568 459 594 τὰ
475 568 605 601 σπήλαια,
626 568 672 595 καί
683 569 723 600 εἰς
739 569 829 595 πᾶσαν
847 568 962 604 ραγάδα.

175 612 223 639 καὶ
238 612 268 638 ιν
282 613 363 639 παντὶ
380 612 461 648 ξύλῳ.
482 614 528 640 Ἐν
537 613 670 649 ’τῇ-ἡμέρᾳ
680 614 772 650 ἐκείνῃ
787 614 898 650 ξυρήσει
911 613 965 640 Κύ-

178 668 233 694 ριος
255 660 284 686 ἑν
301 659 341 695 τῷ
363 659 437 695 ξυρῷ
457 660 495 695 τῷ
509 660 629 696 μεγάλῳ,
647 661 686 697 τῷ
699 661 896 696 μεμισθωμένῳ
915 661 963 687 πέ-

176 716 226 743 ραν
236 707 283 734 τοῦ
302 708 425 743 ποταμοῦ
437 707 568 742 βασιλέως
591 708 753 744 Ἀσσυρίων,
770 709 817 743 τὴν
834 708 963 743 κεφαλὴν,

175 754 223 780 καὶ
238 753 287 785 τὰς
307 753 404 789 τρίχας
430 754 484 780 τῶν
510 754 607 785 ποδῶν,
633 755 679 781 καὶ
697 753 742 780 τὸν
766 753 885 788 πώγωνα
900 755 965 788 ἀψε-

176 800 225 826 λεί.
238 800 292 827 Καὶ
305 799 381 826 ἔσται
409 800 439 826 ὲν
462 801 494 835 τῇ
510 801 600 836 ἡμέρᾳ
623 800 725 836 ἐκείνῃ,
747 800 843 836 θρέψει
862 799 965 835 ἀνθρω-

177 855 227 878 πος
237 845 352 881 δάμαλιν
370 846 439 881 βοῶν
451 866 458 877 ,
481 846 527 873 καὶ
543 846 589 873 δύο
604 846 741 882 πρόϐατα,
759 847 806 872 καὶ
819 846 895 872 ἔσται
912 846 966 872 ἀπὸ

176 892 223 919 τοῦ
244 892 370 918 πλεῖστον
395 894 482 918 ποιεῖν
503 892 590 926 γάλα·
612 892 728 926 φάγεται
754 891 896 927 βούτυρον,
925 892 965 918 ὅτι

1016 297 1124 324 cantur.
1136 294 1177 320 vcl
1192 293 1275 324 bona,
1291 293 1333 320 vel
1346 293 1416 320 mala
1429 293 1456 319 in
1469 293 1514 320 die
1526 293 1582 325 illa,
1598 294 1650 321 hoc
1667 299 1729 326 est;
1745 305 1800 330 quo

1018 343 1139 374 tempore
1164 338 1290 366 adveniet
1307 338 1476 370 Emmanuel,
1493 338 1558 366 hinc
1570 339 1627 373 jam
1643 341 1800 369 considere-

1017 393 1078 412 mus
1096 394 1102 411 :
1122 394 1131 409 ι
1153 383 1295 415 Sibilabit,
1325 384 1430 418 inquit,
1453 383 1584 412 Dominus
1602 386 1722 417 muscis,
1740 395 1800 421 qua:

1017 431 1194 458 dominantur
1209 431 1235 457 in
1261 434 1337 465 parte
1352 430 1472 457 [luminis
1497 429 1619 466 Egypti,
1634 435 1662 458 et
1680 433 1723 467 api
1741 441 1802 469 quae

1017 475 1098 503 estin
1112 481 1184 502 terra
1199 476 1384 510 Assyriorum.
1399 480 1426 502 et
1440 476 1558 508 venient.
1576 481 1603 504 et
1617 478 1759 512 quiescent
1773 479 1802 506 in

1017 522 1188 549 convallibus
1203 522 1321 556 regionis
1335 543 1342 552 .
1357 526 1383 548 et
1402 522 1428 548 in
1442 521 1624 550 foraminibus
1645 528 1782 559 petrarum
1792 545 1800 556 ,

1017 568 1080 595 etin
1095 568 1243 603 speluncis.
1261 571 1288 594 et
1305 568 1331 594 in
1347 568 1422 594 omni
1437 569 1569 601 scissura,
1593 573 1620 596 et
1633 570 1662 596 in
1678 571 1753 598 omni
1770 571 1801 598 li—

1019 622 1082 649 gno.
1096 614 1123 641 In
1135 614 1179 641 die
1194 614 1238 640 illa
1257 614 1334 640 radet
1347 613 1477 640 Dominus
1498 614 1525 640 in
1544 615 1675 641 novacula
1692 623 1801 651 magna,

1018 667 1078 693 quae
1092 659 1215 686 mercede
1232 658 1368 685 conducta
1381 663 1433 688 est,
1446 658 1643 685 ultra-ﬂuvium
1662 660 1733 694 regis
1749 659 1801 687 As-

1019 706 1166 740 syriorum,
1180 705 1259 739 321
1281 709 1363 739 caput
1377 709 1404 731 et
1421 704 1490 738 pilos
1510 704 1618 738 pedum,
1643 709 1670 732 et
1691 705 1802 738 barbam

1019 751 1134 782 auferet.
1151 754 1178 778 et
1192 751 1246 778 erit
1270 751 1296 777 in
1313 750 1357 777 die
1372 750 1428 781 illa,
1447 749 1548 788 nutriet
1563 749 1644 776 homo
1656 750 1803 784 juvencaut

1020 798 1100 824 boum
1117 801 1143 824 et
1156 797 1226 824 duas
1241 804 1317 827 oves,
1340 800 1367 823 et
1380 796 1432 823 erit
1451 804 1484 823 ex
1507 804 1540 822 eo
1554 795 1626 830 qttod
1657 796 1804 830 plurimqu

1021 842 1102 869 faciet
1125 842 1178 872 lac,
1194 842 1318 869 comedet
1334 842 1474 876 butyrum:
1491 841 1618 875 quoniam
1634 841 1759 876 butyrum
1778 846 1806 871 ct

1020 888 1071 915 mel
1085 887 1209 914 comedet
1245 887 1335 914 omnis
1363 887 1411 921 qui
1433 886 1545 913 relictus
1562 885 1643 913 fuerit
1667 886 1694 912 in
1720 891 1804 917 terra,

177 938 306 974 βούτυρον
324 938 371 964 καὶ
395 938 455 973 μέλι
478 938 594 972 φάγεται
611 939 666 970 πᾶς
680 939 694 965 ὁ
711 938 901 973 καταλειφθεὶς
920 940 966 965 ἐπὶ

1022 938 1043 961 et
1057 935 1110 961 erit
1132 933 1159 960 in
1182 933 1227 960 die
1241 934 1297 966 illa,
1314 933 1404 960 omnis
1424 933 1500 960 locus
1529 932 1685 966 ubicunque
1705 932 1806 959 fuerim.

176 985 227 1020 τῆς
238 985 300 1019 γῆς.
321 985 376 1012 Καὶ
394 984 468 1011 ἔσται
485 986 514 1011 ὲν
526 986 558 1021 τῇ
573 985 665 1021 ἡμέρᾳ
679 985 770 1021 ἐκείνῃ
780 1005 786 1017 ,
801 986 854 1016 πᾶς
867 985 948 1017 τόπος
958 1006 965 1017 ,

175 1027 207 1056 οὗ
219 1030 252 1056 ἂν
264 1027 316 1056 ὦσι
333 1029 417 1065 χίλιαι
431 1030 546 1065 ἄμπελοι
562 1031 655 1065 χιλίων
678 1031 775 1057 σίκλων
786 1050 793 1062 ,
814 1032 854 1063 εἰς
871 1031 966 1067 χέρσον

176 1076 283 1103 ἔσονται
295 1077 343 1103 καὶ
355 1077 395 1108 είς
406 1076 535 1108 ἄκανθαν,
551 1077 618 1112 μετὰ
634 1077 727 1112 βέλους
742 1077 787 1103 καὶ
802 1076 966 1112 τοξεύματος

177 1121 373 1148 εἰσελεύσονται
386 1123 502 1153 ὲκεῖ,ὄτι
514 1123 611 1158 χέρσος
621 1123 667 1148 καὶ
682 1122 787 1149 ἄκανθα
800 1123 877 1149 ἔσται
893 1123 967 1149 πᾶσα

176 1166 247 1202 ﬁgi;
260 1187 268 1199 ,
289 1167 337 1192 καὶ
354 1167 410 1193 πᾶν
424 1166 487 1202 Ι5ρος
507 1167 711 1202 ἁροτριώμενον
725 1168 964 1204 ἀροτριαθήσεται.

177 1213 215 1240 Οὐ
233 1213 271 1248 μὴ
283 1212 386 1249 ἐπέλθῃ
398 1214 457 1239 ἐκεῖ
471 1213 552 1247 φόϐος
564 1221 571 1228 ·
588 1213 663 1239 ἔσται
677 1213 730 1248 γὰρ
742 1214 795 1240 ἀπὸ
804 1213 854 1248 τῆς
870 1214 966 1248 χέρσου

178 1268 226 1286 σου
245 1260 292 1286 καὶ
306 1259 428 1295 ἀκάνθης
445 1261 484 1291 εἰς
507 1259 633 1295 βόσκημα
651 1260 802 1294 προϐάτου,
820 1260 867 1286 καὶ
883 1267 967 1286 κατα-

178 1305 292 1341 πάτημα
312 1305 381 1341 βοός.
397 1316 406 1330 ι
422 1306 546 1332 Τοσαῦτα
563 1305 671 1332 ἔσεσθαι
696 1307 724 1332 ὲν
742 1307 775 1341 τῇ
807 1306 898 1341 ἡμέρα
920 1306 967 1332 τοῦ

187 1351 359 1387 Ἐμμανουὴλ
374 1354 390 1387 ἡ
407 1352 532 1387 παροῦσα
556 1348 709 1387 προφητεία
734 1352 872 1388 περιέχει·
897 1351 968 1387 ἅπερ

179 1398 274 1430 ὁποίας
289 1397 379 1434 ἔχεται
399 1398 519 1433 θεωρίας
541 1398 600 1433 ὥρα
624 1398 753 1430 διελθεῖν,
779 1398 829 1433 τὴν
851 1397 968 1424 διάνοιαν

180 1443 418 1478 ὲπιτεμνομὲνους.
436 1453 445 1469 ι
460 1443 560 1478 Συριετ,
576 1453 585 1468 ι
598 1444 679 1478 φησὶ,
694 1453 702 1468 ι
720 1442 822 1478 Κύριος
835 1443 928 1478 μυίαις
941 1444 969 1468 ἐν

179 1490 215 1523 τῇ
229 1489 322 1525 ἡμέρᾳ
338 1489 440 1524 ἐκείνῃ,
454 1489 482 1515 αἲ
497 1488 653 1524 κυριεύουσι
668 1489 766 1524 μέρους
782 1488 906 1523 ποταμοῦ
922 1489 970 1514 Δί-

181 1535 351 1569 γύπτου,καὶ
361 1536 394 1570 τῇ
408 1535 559 1570 μελίσσῃ,ἧ
575 1535 646 1560 ἐστιν
658 1535 686 1561 ἐν
700 1534 777 1570 χώρᾳ
792 1534 967 1569 Ἀσσυρίωνί

179 1581 241 1612 ταῖς
262 1581 312 1616 μὲν
334 1580 479 1616 προτέραις
495 1579 694 1615 εἰδωλολατρῶν
719 1579 823 1615 ἀνδρῶν
837 1580 936 1614 ψυχαῖς
952 1579 968 1615 ἦ

185 1669 276 1705 μυίαις
287 1669 500 1705 ὀνομαζομέναις
509 1689 517 1701 ,
535 1670 581 1696 καὶ
598 1670 688 1704 μυίαις
700 1670 908 1704 Αἰγυπτιακαῖς,
926 1669 971 1696 θυ-

183 1717 255 1748 σίαις
276 1717 324 1743 καὶ
345 1716 458 1751 αῖμασιν
485 1715 601 1742 εἰδώλων
624 1715 800 1751 χαιρούσαις“
819 1718 851 1751 τῇ
870 1717 898 1742 δὲ
925 1725 972 1751 με-

183 1762 262 1798 λίσσῃ
277 1761 339 1797 ζώῳ
359 1762 470 1798 κέντρον
487 1762 676 1797 ἐπιφερομένῳ
688 1782 694 1792 ,
711 1762 865 1797 βασιλεύειν
879 1771 908 1788 τε
927 1764 972 1788 καὶ

185 1808 392 1843 βασιλεύεσθαι,
416 1808 463 1834 καὶ
479 1808 606 1843 πολεμεῖν
623 1809 806 1843 ἐπισταμένῳ,
823 1808 972 1843 ἀμύνεσθαί

183 1861 214 1880 τε
225 1853 272 1880 καὶ
285 1852 445 1889 τιτρώσκειν
460 1853 542 1879 εἰδότι
555 1853 617 1884 τοὺς
630 1852 850 1888 ἀνθισταμένους.
867 1853 973 1884 Ταύτας

184 1897 231 1925 οὗν
243 1898 312 1934 ὀμοῦ
329 1898 507 1930 συνελθούσας
519 1918 526 1928 ,
541 1898 589 1930 τὰς
608 1899 656 1933 μὲν
673 1899 706 1924 εκ
732 1899 782 1933 τῆς
798 1899 850 1925 τῶν
867 1899 973 1925 εἰδωλο-

185 1943 292 1980 λατρῶν
315 1943 420 1980 χώρας,
441 1945 489 1975 τὰς
513 1945 540 1970 δὲ
559 1944 612 1970 ἀπὸ
626 1945 675 1979 τῆς
689 1944 743 1970 τῶν
758 1944 974 1971 κατευθύνοντων

185 1990 238 2025 γῆς
259 1989 510 2024 (κατευθύνοντες
537 1989 590 2025 γὰρ
605 1991 628 2015 οἱ
648 1990 784 2025 Ἀσσύριοι
809 1990 974 2024 ἑρμηνεύσει-

185 2035 254 2069 ται),
281 2034 403 2062 κελεύσει
431 2034 525 2070 ὥσπερ
542 2035 662 2070 σύρισμέι
686 2044 712 2061 τι
729 2035 776 2061 τοῦ
802 2036 904 2070 Κυρίου
931 2037 975 2062 καὶ

185 2079 254 2106 Θεοῦ
273 2079 328 2106 τῶν
344 2079 412 2106 ὅλων
434 2080 482 2115 τῆς
506 2080 636 2112 Ἰουδαίας
653 2080 762 2115 ἁπάσης
782 2081 975 2115 ἐπικρατήσειν

185 2124 231 2152 διὰ
251 2124 302 2160 τήν
322 2125 362 2156 εἰς
379 2125 495 2160 Χριστὸν
520 2126 648 2151 ἀπιστίαν
665 2125 754 2152 αὐτῶν
767 2146 773 2157 ,
792 2127 821 2151 ὲν
835 2127 868 2161 τῇ
887 2126 976 2160 ἡμέρᾳ

186 2170 234 2198 τοῦ
253 2170 436 2207 Ἐμμανουήλ,
450 2172 526 2206 φησί.
547 2172 676 2206 Σημαίνει
690 2172 719 2198 δὲ
741 2172 785 2198 διὰ
799 2171 899 2198 τούτων
913 2171 975 2206 ἔθνη

187 2216 324 2250 ἀλλόφυλα
337 2217 384 2243 καὶ
402 2217 583 2251 στρατιωτικὰ
597 2218 718 2251 οἰκήσειν
732 2217 780 2252 τὴν
799 2217 975 2253 Ἰερουσαλὴμ

189 2262 236 2289 καὶ
247 2261 299 2297 τὴν
316 2261 446 2288 Ἰουδαίαν
459 2263 510 2296 γῆν
522 2271 528 2276 ·
544 2262 611 2297 ὅπερ
625 2263 670 2288 καὶ
686 2263 700 2287 ὁ
715 2262 808 2297 Σωτὴρ
824 2262 901 2297 ἡμῶν
918 2262 977 2288 λευ-
994 2278 1016 2306 D

189 2308 311 2344 ποτέροις
329 2308 459 2343 ὀνόμασιν
475 2307 616 2340 ὲθέσπιζεν
627 2328 634 2339 ,
657 2308 742 2334 εἰπὼν
754 2329 761 2339 ,
780 2317 789 2333 ι
806 2309 859 2334 Καὶ
879 2308 977 2343 Ἰερου-

190 2354 282 2390 σαλὴμ
299 2353 376 2380 Εσται
397 2353 550 2389 πατουμένη
569 2353 620 2379 ὑπὸ
640 2353 738 2379 ἐθνῶν·
758 2364 767 2379 ν
791 2354 804 2379 δ
825 2354 871 2380 καὶ
887 2354 978 2385 τέλους

189 2400 267 2435 ἔτυχε
278 2419 286 2431 ,
299 2400 359 2434 μετ’
375 2399 405 2426 οὐ
424 2399 506 2425 πολὺν
524 2400 618 2434 χρόνον
633 2399 687 2426 τῶν
704 2400 750 2426 τοῦ
763 2400 887 2435 Σωτῆρος
901 2401 978 2435 ἡμῶν

190 2443 299 2478 φωνῶν,
318 2444 460 2479 Ῥωμαίων
475 2444 523 2479 τὴν
536 2444 611 2470 πόλιν
627 2444 740 2471 ἑλόντων
751 2465 757 2477 ,
770 2445 932 2479 ἀλλοφύλους
951 2454 979 2471 τε

190 2490 290 2525 ἄνδρας
323 2490 412 2516 αὐτόθι
438 2491 648 2516 κατοικισάντων
674 2490 719 2516 καὶ
744 2491 791 2516 ἐπὶ
824 2490 870 2516 τοῦ
897 2491 979 2516 τόπου

191 2539 428 2573 καταστησάντων.
438 2536 520 2562 Πάλιν
534 2535 561 2562 δὲ
573 2537 586 2562 ὁ
597 2537 676 2567 αὐτὸς
688 2535 788 2570 Κύριος
798 2536 925 2571 ξυρήσειν
939 2537 981 2562 λέ-

190 2591 268 2617 γεται
285 2583 317 2609 ὲν
331 2582 370 2617 τῷ
385 2582 432 2609 τοῦ
451 2582 582 2616 βασιλέως
600 2582 748 2616 Ἀσσυρίων
766 2581 855 2617 ξυρῷ,
872 2582 930 2616 ἤτοι
947 2584 976 2617 τῇ

192 2629 337 2663 κολαστικῇ
349 2627 462 2662 δυνάμει
478 2627 524 2653 τοῦ
541 2627 667 2661 ἄρχοντος
687 2626 732 2652 τοῦ
756 2627 852 2658 αἰῶνος
869 2627 962 2652 τούτου
973 2647 979 2656 ,

190 2675 240 2710 τὴν
252 2674 373 2710 κεφαλὴν
383 2693 391 2704 ,
404 2674 451 2700 καὶ
466 2674 529 2704 τοὺς
542 2672 624 2703 πόδας
638 2693 644 2704 ,
661 2673 707 2698 καὶ
722 2673 766 2698 τὸν
782 2673 900 2706 πώγωνα
911 2693 918 2704 ,
931 2674 980 2699 οὐκ

190 2720 270 2749 ἄλλου
290 2721 362 2752 τινος
375 2721 392 2757 ἢ
408 2719 486 2753 αὖθις
500 2720 546 2747 τοῦ
565 2720 697 2747 Ἰουδαίων
713 2720 821 2752 ἔθνους,
835 2720 908 2746 τοῦτ’
922 2720 980 2747 ἐστι

191 2767 236 2794 τὸν
258 2767 359 2803 κόσμον
382 2766 472 2794 αὐτῶν
488 2766 533 2793 καὶ
556 2766 605 2801 τὴν
620 2766 698 2799 δόξαν
721 2766 852 2801 περιελεῖν
871 2766 914 2793 διὰ
930 2767 980 2801 τῆς

192 2812 244 2839 τῶν
260 2813 374 2840 καθόλου
389 2813 608 2848 ἐπικρατούντων
623 2813 719 2848 ἀρχῆς.
737 2813 888 2847 Ῥωμαίους
901 2812 929 2839 δὲ
944 2811 981 2839 εἷ-

194 2867 235 2885 ναι
252 2858 359 2890 τούτους
376 2859 533 2887 αἰνίττεται.
553 2859 600 2886 Ani.
696 2859 742 2885 τοῦ
760 2859 811 2885 τῶν
833 2859 979 2894 Ἀσσυρίων

230 2938 251 2953 ⁸³
267 2937 320 2966 lsa.
339 2945 388 2972 vn,
409 2936 512 2964 18-25.

1019 980 1092 1007 mille
1104 980 1173 1007 vites
1183 987 1232 1014 pro
1242 980 1315 1006 mille
1327 979 1451 1010 siclis.in
1466 983 1568 1007 terram
1578 979 1804 1010 incultamcrum.

1018 1030 1045 1052 et
1061 1026 1089 1052 in
1105 1025 1222 1060 spinam,
1239 1033 1301 1052 cum
1310 1025 1406 1059 sagitta
1417 1030 1444 1052 et
1455 1032 1520 1052 arcu
1533 1025 1719 1060 ingrcdientur
1730 1024 1806 1055 illuc,

1018 1072 1148 1106 quoniam
1168 1071 1350 1099 terrainculta
1359 1076 1386 1099 et
1399 1071 1478 1106 spina
1502 1072 1554 1099 erit
1574 1071 1664 1098 omnis
1679 1074 1762 1103 terra,
1780 1075 1807 1097 et

1018 1118 1107 1145 omnis
1124 1125 1203 1145 mons
1216 1118 1263 1152 qui
1281 1121 1385 1148 aratur,
1403 1117 1534 1144 arabitur.
1551 1116 1610 1144 Non
1627 1116 1807 1144 accedetilluc

1019 1168 1118 1196 terror,
1134 1163 1186 1190 erit
1199 1163 1271 1190 enim
1288 1170 1302 1188 a
1318 1169 1391 1190 terra
1411 1163 1512 1189 inculta
1526 1167 1553 1189 et
1569 1162 1646 1197 spina
1662 1162 1688 1188 in
1708 1167 1808 1196 pascua

1019 1209 1088 1242 ovis,
1106 1214 1132 1237 et
1159 1210 1186 1236 in
1203 1208 1440 1235 conculcationem
1471 1208 1548 1236 bovis
1572 1207 1606 1236 ⁸⁸,
1628 1217 1637 1233 ›
1658 1205 1720 1234 Haec
1751 1211 1806 1233 tam

1019 1257 1104 1283 multa
1130 1256 1221 1282 futura
1239 1255 1264 1282 in
1283 1255 1326 1282 die
1344 1254 1515 1285 Emmanuel,
1534 1262 1652 1288 praesens
1667 1253 1808 1288 prophetia

1019 1301 1159 1335 complexa
1174 1304 1228 1331 cst,
1243 1307 1304 1334 quae
1317 1299 1393 1334 quali
1408 1298 1638 1333 contemplatione
1659 1297 1807 1325 scrutanda

1020 1348 1087 1379 sint,
1103 1347 1159 1381 jam
1176 1345 1293 1380 experiri
1311 1349 1419 1379 tempus
1442 1350 1493 1375 est,
1511 1345 1598 1379 ipsam
1622 1344 1729 1370 interim
1745 1351 1808 1370 sen-

1021 1394 1132 1420 tentiam
1149 1391 1325 1419 dividentes:
1361 1401 1370 1416 ι
1390 1390 1526 1421 Sibilahit.
1554 1391 1651 1425 inquit,
1677 1389 1808 1416 Dominus

1021 1439 1123 1466 muscis
1136 1439 1163 1465 in
1181 1438 1225 1465 die
1240 1438 1297 1468 illa,
1321 1445 1382 1472 qua:
1398 1436 1576 1464 dominantur
1591 1436 1617 1462 in
1634 1441 1709 1470 parte
1721 1435 1810 1462 ﬂuini-

1022 1486 1064 1512 nis
1080 1485 1202 1521 Aigypti,
1219 1489 1246 1512 et
1264 1485 1307 1519 api
1320 1491 1381 1518 qua:
1391 1487 1433 1510 est
1451 1483 1478 1510 in
1499 1487 1570 1510 terra
1588 1482 1772 1518 Assyriorum,
1797 1492 1806 1507 ι

1024 1531 1068 1558 ubi
1085 1532 1207 1558 virorum
1226 1530 1302 1565 prius
1319 1530 1466 1557 simulacra
1494 1529 1665 1555 adorantimn
1692 1528 1808 1558 animas.

985 1609 1004 1635 Γ
1022 1576 1160 1603 autetiam
1176 1576 1307 1610 quasdam
1326 1579 1352 1602 et
1368 1574 1521 1601 immundas
1539 1578 1565 1600 ct
1590 1573 1704 1600 infestas
1735 1578 1810 1607 pote-

997 1629 1005 1635 .
1023 1626 1106 1635 ......,...
1134 1630 1241 1635 ...η-..μη
1389 1620 1522 1635 ..,....;.η..-;
1552 1624 1574 1635 ιιι
1594 1627 1701 1635 unum":
1733 1618 1810 1635 Δῗηυ-

183 1626 230 1652 καὶ
253 1626 419 1661 δυνάμεσιν,
441 1625 478 1657 ὡς
499 1623 593 1660 οἶμαι,
619 1625 783 1659 ἀκαθάρτοις
806 1626 853 1651 καὶ
878 1625 970 1660 ἀηδέσι
985 1623 1005 1637 “

1022 1626 1118 1655 states,
1134 1630 1242 1649 muscas
1255 1622 1373 1649 arbitror
1389 1620 1534 1651 nominari,
1552 1624 1578 1646 et
1594 1627 1703 1646 muscas
1726 1618 1812 1653 [Egy-

1024 1670 1139 1704 ptiacas,
1155 1676 1216 1703 quae
1241 1668 1384 1695 sacriliciis
1417 1672 1445 1693 (ιι
1473 1666 1618 1693 cruoribus
1645 1665 1807 1692 simulacro-

1025 1723 1084 1742 rum
1099 1714 1227 1750 gaudent.
1245 1714 1310 1748 Apis
1327 1721 1391 1740 γει-ο
1419 1716 1460 1740 est
1476 1712 1575 1738 animal
1603 1712 1698 1738 aculeo
1718 1718 1809 1737 arma-

1025 1766 1092 1792 tum,
1110 1764 1137 1787 et
1155 1760 1227 1795 quod
1248 1759 1378 1794 regnandi
1389 1778 1395 1788 .
1418 1766 1450 1785 ac
1466 1758 1518 1794 sub
1532 1765 1594 1792 rege
1611 1756 1736 1791 (legendi.
1753 1756 1811 1783 bel-

1025 1807 1151 1840 landique
1176 1805 1316 1832 scientiam
1334 1804 1423 1836 habet,
1443 1808 1470 1831 et
1491 1803 1585 1830 ulcisci
1613 1810 1643 1829 ac
1668 1802 1812 1829 vulnerare

1025 1853 1201 1879 adversantes
1231 1851 1360 1878 idoneum
1390 1854 1443 1877 est.
1467 1848 1555 1876 Hasce
1581 1849 1662 1883 igitur
1676 1848 1703 1874 in
1721 1848 1810 1874 locant

1026 1907 1109 1925 unum
1133 1898 1344 1925 convenientes.
1363 1897 1431 1923 alias
1449 1895 1558 1930 quidem
1581 1895 1615 1922 de
1640 1894 1750 1928 regione
1765 1901 1812 1920 eo-

1027 1951 1085 1970 rum
1103 1944 1147 1977 qui
1162 1942 1308 1969 simulacra
1322 1941 1446 1971 adurant.
1469 1940 1535 1966 alias
1549 1946 1614 1965 vero
1631 1938 1664 1965 de
1675 1941 1747 1964 terra
1763 1945 1811 1972 gu-

1027 1989 1198 2016 bernantium
1212 1988 1327 2022 (Assyrii
1344 1987 1414 2014 enim
1435 1994 1468 2012 ex
1483 1985 1706 2020 interpretatione
1724 1984 1812 2010 nouli-

1027 2035 1070 2062 nis
1088 2034 1260 2068 gubernanles
1275 2031 1571 2067 intelliguntur),jussu
1584 2035 1610 2057 et
1624 2030 1702 2065 quasi
1718 2029 1812 2056 sibila-

1028 2081 1101 2107 tione
1115 2080 1220 2107 Domini
1235 2083 1262 2106 et
1279 2079 1324 2106 Dei
1341 2087 1431 2106 rerum
1445 2078 1578 2110 omnium,
1595 2076 1694 2104 Judaeze
1707 2077 1813 2103 univero

1028 2135 1064 2153 sae
1078 2127 1269 2161 imperaturus,
1287 2129 1395 2159 propter
1411 2124 1497 2159 ipsius
1513 2124 1540 2150 in
1555 2124 1695 2150 Christum
1723 2123 1814 2149 incre-

1028 2172 1168 2199 dulitatem
1187 2172 1235 2202 ait,
1252 2171 1279 2197 in
1292 2170 1336 2197 die
1352 2170 1521 2197 Emmanuel.
1546 2169 1594 2196 llis
1609 2173 1699 2196 autem
1722 2169 1813 2196 verbis

1028 2218 1162 2253 signiﬁcat
1175 2221 1268 2253 gentes
1293 2221 1419 2243 externas
1434 2220 1460 2243 et
1483 2216 1627 2246 militares,
1643 2215 1813 2241 habitaturas

1028 2264 1179 2292 Jerusalem
1205 2269 1231 2291 et
1243 2262 1363 2290 Judmam
1379 2266 1492 2289 terram.
1508 2261 1585 2294 Quod
1601 2260 1710 2295 quidem
1726 2260 1813 2294 ipsum

1029 2310 1242 2338 evidentioribus
1259 2309 1349 2336 verbis
1377 2308 1501 2334 Salvator
1525 2311 1618 2334 noster
1643 2306 1752 2337 cet-iuit,
1769 2306 1814 2332 ubi

1030 2357 1067 2382 ait
1083 2365 1089 2383 :
1107 2365 1116 2380 ι
1135 2354 1166 2381 Et
1175 2354 1326 2381 Jerusalem
1339 2352 1567 2379 conculcabitnra
1577 2350 1729 2385 gentibus,»
1740 2348 1813 2381 quod

1030 2400 1171 2428 oraculum
1192 2400 1264 2426 haud
1282 2399 1317 2424 ita
1348 2398 1432 2424 multo
1449 2401 1509 2432 post
1522 2396 1583 2423 illas
1604 2394 1750 2421 Salvatoris
1766 2401 1814 2420 no-

1029 2447 1081 2473 stri
1094 2453 1175 2473 voces
1190 2445 1293 2472 exitum
1325 2444 1437 2474 invenit,
1453 2442 1583 2468 lionianis
1614 2441 1698 2474 ipsam
1720 2438 1814 2465 urbem

1032 2491 1263 2526 expugnantlbus,
1285 2490 1393 2524 illicquc
1409 2488 1508 2515 diversi
1526 2487 1634 2522 generis
1645 2486 1718 2512 viros
1730 2484 1814 2511 collo-

1031 2538 1157 2564 cantilius
1177 2540 1204 2562 et
1221 2536 1321 2562 inloco
1334 2534 1526 2562 statuentibus.
1546 2533 1649 2559 Rursus
1672 2530 1741 2557 idem
1762 2529 1814 2556 Do.

1033 2584 1122 2610 minus
1148 2583 1298 2609 abrasurus
1313 2581 1413 2608 dicitur
1438 2580 1464 2606 in
1487 2579 1557 2614 regis
1577 2578 1751 2612 Assyriorum
1767 2584 1816 2602 no-

1032 2630 1139 2661 vacula,
1151 2633 1201 2655 hor.
1215 2633 1268 2659 est,
1281 2627 1456 2662 castigatoria
1472 2626 1496 2651 vi
1512 2623 1642 2659 principis
1661 2622 1752 2649 saaculi
1765 2622 1815 2647 liu-

1030 2677 1086 2710 jus,
1100 2680 1182 2710 caput
1196 2679 1222 2702 et
1239 2674 1319 2709 pedes
1333 2678 1360 2700 et
1379 2672 1502 2703 barbam,
1519 2679 1572 2697 non
1599 2668 1710 2696 alterius
1723 2667 1816 2700 cujus-

1034 2723 1104 2756 piam
1119 2729 1200 2756 quam
1226 2727 1323 2747 rursus
1349 2718 1469 2746 Judaicaa
1483 2716 1582 2751 gentis.
1598 2715 1649 2741 hoc
1667 2717 1719 2745 est,
1736 2712 1818 2747 322

1034 2771 1224 2794 ornamentum
1236 2770 1263 2794 et
1280 2765 1394 2801 gloriam
1411 2764 1553 2790 ablaturus
1579 2769 1626 2797 per
1650 2767 1755 2792 eorum,
1770 2759 1816 2793 qui

1036 2813 1164 2841 universo
1188 2813 1342 2847 imperant,
1362 2811 1554 2846 principatum.
1574 2808 1629 2835 llos
1644 2811 1733 2834 autem
1760 2813 1815 2832 non

1036 2860 1102 2886 alios
1121 2867 1201 2894 quam
1218 2858 1356 2887 Ronmnus
1370 2866 1431 2885 esse
1447 2856 1545 2884 innuit.
1560 2853 1752 2882 Nominceuim
1765 2852 1814 2878 As-
