2089 3218
275 170 324 198 όΜ

611 168 745 197 EUSEBII
763 169 1002 197 CESARIENSIS
1020 169 1095 197 ΟΡΡ.
1118 168 1208 197 PARS
1226 170 1302 197 l|.——
1314 168 1561 200 APOLOGETICA.

1846 171 1901 198 ιω

275 228 437 263 pretatione,
451 226 575 254 incendia
589 226 754 262 signiﬁcant,
765 235 799 255 ex
810 235 865 262 quo
878 227 944 255 illud
957 228 1056 255 dictum

1111 229 1178 255 ἀλλὰ
1191 229 1238 255 καὶ
1261 229 1333 255 πᾶσα
1349 229 1366 263 ή
1385 228 1421 263 γῆ
1443 228 1493 263 τῆς
1509 227 1595 263 αὐτῆς
1617 227 1730 263 μετέσχε
1746 227 1900 263 δυνάμεως,

273 280 334 303 est:
353 282 362 300 ι
385 273 437 307 Qui
455 273 521 300 facit
542 273 653 308 angelos
681 280 746 300 suos
775 273 904 308 spiritus,
930 280 957 301 et
978 274 1061 301 mini-

273 325 346 347 stros
363 326 429 346 suos
444 318 516 352 ignis
533 318 669 344 llammam
683 318 714 345 ".
734 327 743 344 ι
762 317 887 345 Clamant
900 326 980 353 porro
990 319 1018 345 hi
1034 323 1060 345 et

273 365 458 391 vociferantur
483 364 551 391 alter
566 364 599 390 ad
613 364 726 391 alterum
746 372 795 398 pro
811 365 869 392 suis
887 365 1003 399 quisque
1019 364 1060 391 vi-

273 410 359 443 ribus,
378 410 549 437 sanctitatem
563 410 634 444 ejus,
648 410 681 437 de
696 418 749 444 quo
762 415 790 437 ut
802 410 835 438 de
856 410 911 437 Deo
941 411 1061 445 loquitur

273 459 414 493 propheta,
428 458 661 489 commendantes,
678 462 705 485 et
717 458 790 493 quod
805 458 927 485 omnium
942 458 1061 485 admira-

273 506 347 533 tione
362 504 552 539 dignissimum
566 509 618 536 est,
631 504 783 539 theologice
794 503 975 537 declarantes,
987 504 1060 540 quod

272 558 327 577 non
346 549 427 577 modo
442 549 553 581 cadum,
567 552 594 576 et
616 557 676 584 quae
690 549 717 576 in
738 549 809 576 cmlo
828 553 910 582 sunt,
933 550 1060 577 universa

272 595 352 630 plena
369 599 434 621 sunt
452 594 595 628 majestate
611 598 637 622 et
651 594 737 629 gloria
752 595 822 629 ejus,
840 595 887 622 sed
902 595 984 622 etiam
998 603 1059 623 om-

272 649 314 668 nis
330 646 399 667 terra
415 639 537 674 ejusdem
568 638 706 667 facultatis
726 647 758 667 ac
778 640 888 668 virtutis
913 644 954 668 est
977 642 1062 676 parti—

271 687 350 721 ceps,
377 691 488 721 propter
505 686 580 721 ejus.
599 687 646 721 qui
662 686 770 714 canitur
791 686 824 714 de
841 687 911 714 coelo
925 687 959 715 ad
972 688 1061 715 homi-

272 741 331 764 nes,
347 732 523 764 descensum,
538 732 572 759 de
589 739 644 766 quo
659 732 787 767 deinceps
806 733 914 768 longius
931 741 1060 769 progres-

271 785 332 805 sutn
348 778 489 806 oraculum
514 778 695 810 vaticinatur,
724 786 846 806 necnon
865 785 893 806 et
921 784 1011 807 ortum
1027 781 1061 808 de

270 822 394 860 Virgine,
409 829 436 852 et
451 833 498 859 per
513 824 585 852 hunc
602 825 684 853 latius
705 826 732 852 in
755 834 863 854 omnem
880 831 981 854 terram
1003 828 1060 855 dis—

271 871 432 898 seminatam
447 871 540 906 gloriae
565 871 625 905 ejus
651 871 881 905 celebrationem,
906 873 1058 901 denuntiat.

270 917 403 945 Dominus
427 922 517 944 autem
549 915 670 944 Sabaoth
697 926 730 945 ex
753 918 994 954 interpretatione,
1017 924 1059 948 est

271 963 399 990 Dominus
414 964 575 990 exercituum
587 971 597 990 :
613 964 635 992 is
652 968 743 991 autem
758 965 809 992 erit
825 966 930 1000 primus
946 965 1059 1001 impera-

270 1013 313 1035 tor
327 1009 495 1036 exercituum
512 1008 634 1041 Domini,
651 1017 732 1044 quem
751 1010 777 1037 in
791 1011 872 1038 tertio
883 1019 915 1038 ac
928 1011 1059 1039 vicesimo

271 1055 376 1089 psalmo
400 1053 545 1081 Dominum
565 1054 695 1088 Sabaoth,
713 1055 812 1082 divinae
828 1064 924 1084 rursus
938 1062 1059 1092 potesta-

271 1106 322 1131 tes_
335 1101 490 1136 appellant,
519 1101 565 1128 ubi
591 1101 714 1136 ejusdem
743 1103 777 1130 de
804 1108 875 1130 terra
900 1103 934 1130 ad
959 1105 1058 1132 caelum

270 1153 414 1174 accensam
426 1147 559 1181 divinant,
571 1151 597 1174 et
612 1151 713 1174 canunt
728 1149 818 1176 verbis
838 1149 894 1176 illis
907 1158 914 1176 :
932 1158 942 1174 ι
962 1149 1060 1178 Tollite

270 1197 378 1227 portas,
405 1193 561 1228 principes,
590 1198 711 1225 vestras,
743 1197 770 1221 et
792 1194 953 1228 elevamini,
975 1200 1060 1230 portae

269 1244 386 1271 aeternas,
402 1244 430 1266 et
454 1239 577 1266 introibit
590 1238 648 1266 Rex
662 1239 764 1274 gloriae.
794 1239 861 1272 Quis
875 1245 916 1268 est
935 1241 988 1268 iste
1011 1249 1057 1268 rex

269 1285 379 1320 gloriae?
390 1285 521 1313 Dominus
530 1285 710 1317 exercituum,
723 1285 781 1320 ipse
790 1290 832 1313 est
841 1294 888 1313 rex
896 1286 989 1321 gloriae
999 1287 1031 1313 ⁸ο.
1045 1297 1055 1313 ι

268 1331 350 1366 312
366 1330 516 1358 Hebraicns
538 1331 611 1358 enim
633 1335 776 1359 contextus
797 1332 848 1359 hoc
875 1332 934 1359 loco
961 1340 1058 1361 rursus

270 1377 416 1404 Dominum
433 1375 554 1403 Sabaoth
578 1376 655 1403 illum
678 1382 779 1404 vocat:
797 1382 824 1405 et
847 1378 977 1413 quoniam
1000 1379 1058 1414 ipse

269 1429 310 1452 est
325 1422 382 1450 Rex
394 1423 497 1457 εισι-ιω,
516 1427 544 1450 et
560 1427 672 1459 propter
685 1424 745 1458 ejus
760 1423 917 1457 adventum,
936 1424 1057 1452 futurum

266 1474 328 1497 erat
348 1475 377 1497 nt
389 1470 479 1497 omnis
497 1474 569 1497 terra
591 1470 749 1505 impleretur
764 1471 849 1506 gloria
870 1472 942 1507 ejus,
959 1473 1058 1500 merito

269 1516 341 1551 quod
358 1516 478 1543 futurum
495 1521 563 1548 erat,
575 1520 601 1543 et
618 1516 645 1542 in
661 1517 803 1552 propheta,
819 1521 846 1544 et
862 1514 889 1544 in
902 1518 1006 1552 psalmo
1016 1518 1059 1545 di-

269 1566 344 1589 clnm
360 1567 411 1590 est.
429 1561 458 1589 In
474 1562 606 1598 propheta
620 1562 731 1597 quidem
751 1563 805 1590 illis
820 1563 930 1591 verbis:
949 1573 958 1589 ι
973 1563 1056 1592 Plena

268 1613 311 1636 est
322 1609 412 1637 omnis
429 1613 501 1636 terra
518 1609 604 1644 gloria
617 1608 697 1644 ejus;
716 1619 725 1635 ι
740 1609 767 1636 in
782 1609 887 1644 psalmo
901 1614 991 1637 autem
1004 1611 1057 1637 ini-

269 1656 307 1682 tio
323 1655 414 1682 statim
431 1654 477 1682 ubi
497 1655 535 1681 ait
550 1664 556 1681 :
576 1663 585 1680 ι
603 1654 711 1682 Domini
735 1658 778 1683 est
794 1660 866 1682 terra
881 1660 908 1683 et
920 1656 1057 1691 plenitudo

268 1702 346 1736 ejus,
375 1701 449 1728 orbis
476 1704 623 1733 terrarum,
639 1705 666 1728 et
693 1709 789 1729 omnes
808 1702 855 1737 qui
878 1702 1003 1730 habitant
1029 1703 1057 1730 in

268 1746 345 1774 eo“.
361 1755 370 1772 ι
391 1745 440 1774 His
449 1750 541 1773 autem
557 1746 687 1773 vaticinio
699 1747 914 1781 comprehensis,
929 1747 1057 1783 deinceps

269 1800 430 1827 progressus
454 1792 587 1827 propheta
604 1792 770 1820 testiﬁcatur
791 1793 864 1828 quod
885 1794 947 1820 licet
967 1795 1056 1821 omnis

267 1843 341 1865 terra
363 1838 455 1865 futura
473 1839 509 1865 sit
529 1839 608 1873 plena
637 1839 723 1873 gloria
740 1840 817 1873 ejus,
835 1843 955 1867 attamen
980 1840 1056 1867 illum

267 1883 380 1911 Iudaica
396 1891 462 1919 gens
478 1888 624 1919 acceptura
634 1892 687 1911 non
701 1885 747 1911 sit.
763 1883 858 1919 Itaque
874 1885 927 1912 ait:
944 1884 976 1912 Et
988 1885 1056 1912 dixit

269 1929 401 1957 Dominus
426 1930 482 1965 (ille
506 1930 633 1958 videlicet
652 1931 698 1966 qui
723 1931 800 1958 visus
821 1931 908 1958 fuerat
924 1931 1056 1959 Dominus

270 1975 388 2003 Sabaoth
405 1976 511 2010 ),Quem
527 1978 631 2003 mittam
642 1998 649 2007 .
661 1981 689 2004 et
697 1978 758 2011 quis
773 1976 853 2004 vadet
878 1978 911 2004 ad
927 1978 1055 2012 populum

268 2021 360 2048 hunc?
379 2021 411 2048 Et
435 2022 502 2055 dixi,
521 2022 590 2050 Ecce
603 2030 652 2058 ego
665 2030 735 2054 sum,
753 2023 829 2051 mitte
844 2031 897 2051 me.
918 2023 951 2050 Et
964 2024 1054 2051 dixit:

268 2067 352 2100 Vade,
361 2068 438 2095 etdic
450 2069 550 2104 populo
562 2069 636 2100 huic,
646 2070 737 2096 auditu
747 2070 862 2097 audietis
875 2076 964 2098 etnon
977 2071 1055 2098 intel—

268 2114 359 2148 ligetis
370 2134 378 2145 ,
399 2118 426 2142 et
448 2115 585 2143 intuentes
608 2115 790 2147 intuebimini,
807 2120 833 2143 et
847 2124 901 2143 non
918 2117 1053 2144 videbitis.

267 2159 396 2188 Crassum
407 2161 479 2188 enim
491 2161 591 2189 factum
599 2167 641 2190 est
649 2170 697 2189 cor
704 2163 796 2198 populi
805 2162 896 2198 hujus,
907 2167 933 2190 et
942 2163 1055 2190 auribus

267 2206 326 2233 suis
340 2207 458 2241 graviter
475 2207 630 2240 audierunt,
646 2213 673 2235 et
688 2208 782 2236 oculos
796 2204 861 2236 suos
885 2209 1053 2242 clauserunt,

1112 274 1155 302 διὰ
1170 274 1219 311 τὴν
1241 274 1270 308 ἐξ
1295 274 1416 310 οὐρανῶν
1433 275 1472 306 είς
1495 273 1655 310 ἀνθρώπους
1669 273 1750 300 αὑτοῦ
1774 273 1904 306 θεσπιζο-

1114 322 1196 357 μένην
1211 321 1332 353 κάθοδον,
1348 321 1381 356 ἣν
1398 321 1501 356 προῖὼν
1521 320 1584 355 ἑξῆς
1598 321 1612 346 ό
1628 321 1704 355 λόγος
1723 321 1901 357 προφητεύει,

1111 367 1159 402 τὴν
1170 368 1201 394 ἐκ
1214 367 1351 403 Παρθένου
1368 368 1474 401 γένεσιν
1488 367 1535 393 καὶ
1548 367 1596 403 τὴν
1615 367 1658 393 διὰ
1679 367 1781 402 ταύτης
1793 369 1833 399 εἰς
1849 369 1899 394 πᾶ-

1113 422 1161 440 σαν
1177 413 1224 448 τὴν
1243 413 1294 448 γῆν
1308 413 1513 447 ἐφαπλωθεῖσαν
1529 413 1682 447 δοξολογίαν
1700 414 1782 440 αὑτοῦ
1800 414 1903 450 κηρύτ-

1111 469 1172 486 των.
1199 460 1300 495 Κύριος
1322 460 1350 486 δὲ
1373 459 1486 486 Σαϐαὼθ
1513 460 1692 496 ἑρμηνεύεται
1720 461 1826 494 Κύριος
1841 452 1903 487 fair

1111 505 1281 540 δυνάμεων·
1305 506 1385 537 αὐτὸς
1401 506 1423 532 δ’
1441 506 1473 532 ἂν
1494 506 1536 541 εἴη
1554 507 1568 532 ὁ
1583 505 1801 541 ἀρχιστράτηγος
1819 505 1900 533 δυνά-

1113 561 1186 588 μεως
1197 553 1311 588 Κυρίου,
1323 553 1352 578 ὃν
1372 552 1418 578 καὶ
1437 553 1465 579 ὲν
1488 555 1530 586 κγ’
1545 551 1644 587 ψαλμῷ
1666 551 1773 587 Κύριον,
1786 551 1900 579 Σαϐαὼθ

1111 600 1139 625 αι
1155 599 1225 625 θεῖαι
1247 598 1328 626 πάλιν
1345 598 1512 625 ἁποκαλοῦσι
1538 599 1683 634 δυνάμεις,
1701 598 1751 634 τὴν
1776 597 1830 625 ἀπὸ
1847 597 1900 633 γῆς

1111 645 1151 675 εἰς
1164 644 1295 679 οὐρανοὺς
1307 644 1399 670 ἄνοδον
1413 643 1494 670 αὑτοῦ
1508 643 1693 675 Θεσπίξουσαι,
1705 643 1738 669 δι’
1752 640 1789 669 ὧν
1803 650 1899 677 φασιν⁸

1114 700 1123 716 ι
1139 690 1239 725 Ἄρατε
1265 689 1361 722 πύλας,
1380 690 1405 715 οί
1419 689 1560 725 ἄρχοντες,
1580 689 1666 724 ὑμῶν,
1684 689 1730 715 καὶ
1743 688 1900 724 ὲπάρθητε,

1111 736 1193 763 πύλαι
1212 735 1326 767 αἰώνιοι,
1349 736 1395 762 καὶ
1416 735 1597 762 εἰσελεύσεται
1616 736 1630 761 ό
1647 734 1773 770 βασιλεὺς
1790 733 1840 770 τῆς
1856 733 1902 761 66-

1112 782 1169 817 ξης.
1198 782 1246 813 Τίς
1275 783 1349 808 ἐστιν
1364 780 1439 813 οὗτος
1451 782 1464 807 ό
1481 781 1606 816 βασιλεὺς
1621 781 1670 816 τῆς
1683 780 1778 815 δόξηςς
1799 779 1900 815 Κύριος

1110 828 1160 862 τῆς
1181 827 1321 863 δυνάμεως
1332 848 1338 859 ,
1357 827 1438 858 αὑτός
1461 828 1535 853 ἐστιν
1549 827 1563 853 ὁ
1577 826 1701 861 βασιλεὺς
1716 826 1765 860 τῆς
1781 824 1868 860 δόξης.
1886 835 1897 850 ι

1112 870 1148 896 Τὸ
1166 871 1229 904 γοῦν
1251 871 1392 906 Ἐὗραϊκὸν
1413 871 1492 897 πάλιν
1519 870 1636 897 ἐνταῦθα
1657 870 1758 906 Κύριον
1785 870 1899 897 Σαϐαὼθ

1112 916 1191 942 αὑτὸν
1205 915 1282 942 καλεῖ
1294 924 1300 930 ·
1321 916 1368 942 καὶ
1390 916 1537 951 ἐπειδήπερ
1552 915 1633 947 αὑτός
1655 916 1728 942 ἐστιν
1742 916 1756 941 ὁ
1772 915 1899 950 βασιλεὺς

1112 962 1162 997 τῆς
1178 962 1267 998 δόξης,
1280 962 1324 989 διά
1337 970 1367 988 τε
1381 963 1430 996 τὴν
1447 962 1594 998 ἐπιδημίαν
1611 961 1693 989 αὑτοῦ
1709 962 1804 997 ἔμελλε
1822 962 1899 989 πᾶσα

1112 1010 1128 1043 ὴ
1142 1009 1176 1044 γῆ
1191 1008 1359 1043 πληροῦσθαι
1370 1008 1418 1043 τῆς
1432 1008 1510 1043 δόξης
1523 1007 1615 1039 αὑτοῦ,
1630 1008 1742 1039 είκότως
1757 1007 1788 1033 τὸ
1803 1007 1900 1042 μέλλον

1113 1054 1220 1080 ἔσεσθαι
1249 1054 1277 1081 ἐν
1300 1063 1329 1080 τε
1354 1053 1393 1089 τῷ
1419 1055 1546 1090 προφήτῃ
1571 1054 1713 1087 λέλεκται,
1737 1054 1785 1080 καὶ
1808 1055 1836 1080 ὲν
1858 1053 1900 1088 τῷ

1112 1099 1224 1136 ψαλμῷ’
1240 1101 1269 1125 ὲν
1287 1100 1336 1135 μὲν
1350 1099 1389 1135 τῷ
1401 1101 1526 1136 προφήτῃ
1542 1100 1586 1127 διὰ
1600 1100 1658 1133 τοῦ,
1679 1111 1688 1126 ι
1703 1099 1812 1136 Πλήρης
1823 1101 1900 1127 πᾶσι

1112 1147 1129 1182 ἡ
1147 1146 1183 1181 γῆ
1207 1147 1256 1181 τῆς
1275 1146 1353 1181 δόξης
1374 1145 1472 1173 αὑτοῦ·
1488 1157 1496 1171 ι
1517 1147 1546 1172 ὲν
1561 1147 1589 1172 δὲ
1608 1146 1647 1181 τῷ
1665 1146 1764 1181 ψαλμῷ
1785 1145 1829 1173 διὰ
1848 1145 1898 1181 τῆς

1112 1193 1198 1228 ἀρχῆς
1219 1193 1390 1228 φασκούσης’
1410 1203 1419 1219 ι
1435 1193 1487 1220 Τοῦ
1504 1193 1606 1229 Κυρίου
1622 1195 1638 1229 ή
1661 1193 1696 1228 γῆ
1717 1193 1763 1220 καὶ
1778 1193 1809 1219 τὸ
1829 1192 1898 1228 πλήν

1113 1247 1192 1273 ρωμα
1203 1239 1295 1273 αὐτῆς,
1307 1239 1323 1274 ή
1335 1239 1491 1274 οἰκουμένη,
1500 1239 1547 1265 καὶ
1564 1240 1661 1271 πάντες
1672 1241 1695 1266 οὶ
1709 1239 1897 1271 κατοικοῦντες

1112 1285 1140 1311 ἐν
1155 1285 1234 1320 αὐτῇ.
1251 1294 1261 1311 ›
1287 1285 1393 1311 Τούτων
1419 1285 1653 1321 τεθεσπισμένων,
1677 1287 1740 1322 ἑξῆς
1758 1286 1860 1319 ὑποϐὰς
1882 1289 1898 1313 ὸ

1112 1331 1254 1366 προφήτης
1269 1330 1446 1367 μαρτύρεται,
1459 1331 1498 1358 ὃτι
1515 1332 1558 1367 δὴ,
1573 1333 1597 1358 εἰ
1619 1332 1666 1359 καὶ
1689 1333 1794 1369 πλήρης
1818 1333 1895 1359 ἔσται

1112 1377 1185 1403 πᾶσα
1203 1377 1220 1411 ή
1236 1377 1270 1411 γῆ
1286 1377 1334 1412 τῆς
1355 1377 1433 1412 δόξης
1456 1377 1536 1404 αὐτοῦ
1547 1399 1554 1410 ,
1575 1378 1643 1405 ἀλλὰ
1663 1387 1694 1413 γε
1714 1378 1745 1404 τὸ
1763 1378 1898 1406 Ἰουδαίων

1111 1422 1185 1454 ἔθνος
1204 1423 1234 1449 οὺ
1251 1423 1426 1458 προσήσεται·
1449 1424 1489 1450 διό
1503 1432 1584 1459 φησι·
1601 1434 1610 1450 ι
1630 1425 1684 1451 Καὶ
1698 1422 1760 1451 εἷπε
1782 1424 1894 1461 Κύριος,

1110 1468 1190 1500 αὐτὸς
1212 1468 1310 1504 δηλαδὴ
1322 1469 1336 1494 ὁ
1348 1469 1551 1505 τεθεωρημένος
1563 1470 1664 1506 Κύριος
1677 1470 1789 1497 Σασαώθ
1799 1479 1806 1485 ·
1829 1470 1897 1498 Τίνα

1110 1513 1281 1547 amo-.50“;
1300 1515 1346 1541 καὶ
1366 1515 1407 1546 τίς
1428 1516 1590 1552 πορεύσεται
1610 1517 1678 1552 πρὸς
1693 1517 1738 1543 τὸν
1753 1516 1816 1543 λαὸν
1831 1515 1878 1543 10C
1892 1532 1896 1537 -

1109 1569 1172 1592 τον;
1189 1561 1244 1587 Καὶ
1256 1559 1336 1587 simt-
1357 1561 1421 1588 Ἰδού
1450 1563 1507 1596 είμι
1526 1562 1591 1596 ἐγὼ,
1610 1562 1769 1589 ἀπόστειλόν
1782 1571 1825 1598 με.
1840 1563 1897 1590 Καὶ.

1108 1605 1181 1633 εἷπε·
1205 1607 1373 1643 Πορεύθητι,
1399 1608 1445 1635 καὶ
1463 1606 1541 1635 εἷπον
1565 1609 1604 1644 τῷ
1619 1609 1676 1644 λαῷ
1692 1609 1795 1645 τούτῳ·
1813 1609 1895 1645 Ἀκοῇ

1108 1655 1249 1687 ἀκούσετε,
1263 1657 1310 1682 καὶ
1326 1657 1355 1682 οὐ
1374 1657 1411 1693 μὴ
1425 1657 1520 1693 συνῆτε
1533 1666 1539 1673 ·
1557 1659 1603 1684 καὶ
1615 1658 1758 1693 βλέποντες
1771 1659 1894 1694 βλέψετε,

1107 1703 1155 1728 καὶ
1188 1702 1218 1728 οὗ
1247 1702 1284 1738 μὴ
1308 1703 1391 1738 ἴδητε.
1420 1703 1572 1739 Ἐπαχύνθη
1600 1703 1655 1739 γὰρ
1679 1705 1695 1740 ἡ
1724 1704 1823 1740 καρδία
1845 1703 1895 1731 τοῦ

1107 1747 1171 1774 λαοῦ
1187 1747 1293 1780 τούτου,
1306 1748 1353 1774 καὶ
1373 1750 1428 1780 τοῖς
1446 1748 1512 1775 ὠσὶν
1531 1748 1620 1776 αὐτῶν
1644 1748 1748 1785 βαρέως
1763 1750 1895 1785 ἥκουσαν,

1108 1793 1155 1820 καὶ
1177 1794 1240 1825 τοὺς
1268 1793 1422 1829 ὀφθαλμοὺς
1449 1794 1538 1820 αὐτῶν
1568 1794 1751 1830 ἐκάμμυσαν,
1787 1795 1895 1830 μήποτε

1108 1839 1183 1866 ῑδωσι
1203 1841 1258 1872 τοῖς
1273 1840 1421 1875 ὀφθαλμοῖς
1444 1841 1549 1872 αὐτῶν,
1563 1842 1610 1868 καὶ
1631 1843 1687 1873 τοῖς
1713 1841 1778 1868 ὠσὶν
1802 1841 1895 1869 αὐτῶν

1106 1886 1252 1919 ἀκούσωσι,
1266 1887 1312 1913 καὶ
1332 1888 1365 1922 τῇ
1383 1887 1480 1923 καρδία
1502 1887 1613 1919 συνῶσι,
1631 1888 1677 1914 καὶ
1697 1887 1893 1924 ἐπιστρέψωσιν

1107 1930 1154 1959 καὶ
1173 1933 1291 1968 ίάσωμαι
1304 1934 1411 1965 αὐτούς.
1424 1943 1433 1960 ι
1453 1933 1491 1960 Δι’
1503 1930 1540 1961 ὧν
1554 1934 1683 1970 ἄντικρυς
1701 1934 1822 1966 θεσπίζει
1842 1934 1894 1970 τὴν

1106 1979 1238 2015 ἐσομένην
1260 1980 1299 2011 είς
1318 1979 1398 2006 αὑτὸν
1413 1980 1565 2014 ἀντιλογίαν
1586 1979 1635 2006 τοῦ
1662 1980 1796 2007 Ἰουδαίων
1813 1979 1892 2013 λαοῦ,

1106 2027 1152 2052 καὶ
1164 2027 1201 2057 ὡς
1220 2026 1330 2060 ἅζονται
1347 2027 1394 2061 μὲν
1413 2027 1504 2058 αὑτὸν,
1521 2027 1552 2053 οὺ
1574 2027 1627 2062 μὴν
1650 2027 1823 2063 προσέξουσι,
1849 2026 1894 2059 τις

1106 2072 1147 2108 εἴη
1157 2080 1164 2087 ·
1179 2072 1301 2106 λέγοντός
1315 2081 1344 2098 τε
1363 2072 1392 2098 ἐν
1405 2073 1497 2104 αὐτοῖς
1513 2073 1559 2099 καὶ
1574 2072 1745 2104 διδάσκοντος
1762 2072 1894 2100 ἀκούσον-

1105 2128 1160 2149 ται,
1185 2120 1216 2145 οὐ
1243 2119 1295 2154 μὴν
1312 2119 1359 2145 καὶ
1384 2120 1544 2154 συνήσουσιν
1565 2118 1622 2145 οὔθ’
1644 2120 1717 2151 ὅστις
1740 2119 1778 2146 ὢν
1798 2120 1893 2153 αὐτοῖς

1105 2165 1260 2198 διαλέξοιτο,
1274 2165 1330 2192 οὗθ’
1342 2165 1413 2201 ἂπερ
1425 2166 1516 2196 αὐτοῖς
1535 2166 1585 2201 τῆς
1601 2167 1697 2201 καινῆς
1716 2166 1893 2198 διδασκαλίας

1105 2211 1260 2247 παραδώσει
1283 2211 1439 2247 μαθήματα,
1459 2212 1601 2247 Μαρτυρεῖ
1615 2211 1643 2238 δὲ
1661 2213 1716 2244 τοῖς
1732 2211 1787 2239 τῶν
1802 2211 1892 2247 λόγων

267 2260 302 2279 ne
321 2253 431 2288 quando
448 2254 555 2281 videant
574 2255 663 2283 oculis
678 2255 747 2287 suis,
764 2260 791 2283 et
805 2256 918 2284 auribus
933 2257 991 2284 suis
1004 2265 1053 2284 au-

1107 2257 1321 2292 ἁποτελέσμασιν
1344 2259 1358 2283 ό
1380 2258 1575 2292 εὐαγγελιστὴς
1602 2258 1727 2293 Ἰωάννης
1754 2258 1818 2294 περὶ
1841 2257 1890 2285 τοῦ

266 2298 353 2330 diant,
366 2302 393 2326 et
405 2298 488 2327 corde
501 2299 662 2335 intelligant,
679 2305 705 2328 et
716 2305 912 2329 convertantur
923 2306 950 2330 et
959 2310 1052 2331 sanem

266 2352 324 2372 eos.
345 2353 355 2370 ι
378 2342 484 2377 Quibus
501 2345 592 2373 verbis
607 2346 829 2375 manifestissime
845 2349 918 2375 canit
934 2348 1051 2377 futuram

266 2391 410 2418 adversum
424 2399 453 2418 se
471 2392 675 2419 accusationem
694 2392 862 2426 Iudaeorum,
883 2398 911 2422 et
924 2395 996 2429 quod
1010 2396 1052 2422 in-

265 2439 415 2465 tuebuntur
434 2438 544 2474 quidem
570 2439 670 2474 ipsum,
687 2447 741 2467 non
766 2440 858 2468 tamen
879 2441 1051 2469 animadver-

266 2488 324 2511 tent
356 2485 418 2518 quis
439 2484 492 2516 sit,
510 2484 639 2520 quodque
663 2485 818 2520 loquentem
842 2486 913 2514 inter
935 2487 1009 2522 ipsos
1025 2491 1051 2515 et

265 2530 409 2556 docentem
441 2530 568 2562 audient,
599 2538 653 2557 non
676 2534 768 2558 tamen
789 2531 872 2559 etiam
901 2532 1051 2567 intelligent

264 2576 390 2609 quisnam
409 2577 432 2604 is
450 2576 485 2603 sit
502 2577 548 2612 qui
565 2584 627 2603 cum
643 2577 712 2612 ipsis
731 2577 867 2612 loquatur,
881 2585 968 2613 neque
986 2580 1048 2606 item

264 2629 388 2656 quaenam
411 2630 443 2649 ea
462 2624 516 2650 sint
530 2631 607 2650 nova:
622 2623 753 2651 doctrinae
768 2628 901 2659 praecepta
918 2632 978 2659 quae
991 2624 1049 2659 ipse

264 2667 317 2694 illis
330 2669 429 2696 tradet.
446 2669 613 2704 Comprobat
630 2677 693 2697 vero
709 2669 790 2704 hujus
807 2670 911 2697 oraculi
922 2674 1048 2698 eventum

262 2715 427 2750 etangelista
436 2713 566 2748 Joannes,
577 2716 623 2751 qui
635 2716 668 2744 de
680 2716 820 2743 Salvatore
834 2720 928 2743 nostro
940 2717 980 2743 sic
991 2716 1028 2742 ait
1040 2725 1046 2742 ι

265 2771 274 2786 ι
295 2760 363 2787 Cum
387 2766 477 2789 autem
498 2766 551 2789 tam
568 2763 651 2789 multa
668 2763 745 2798 signa
765 2763 874 2790 fecisset
894 2769 986 2790 coram
996 2764 1046 2795 eis,

262 2815 318 2834 non
338 2807 512 2835 crediderunt
525 2809 552 2835 in
575 2816 648 2840 eum,
666 2812 695 2835 ut
712 2816 803 2836 sermo
821 2808 896 2836 Isaia:
911 2809 1046 2843 propheta:

297 2897 323 2914 ³⁹
344 2896 428 2925 llebr.
447 2904 467 2929 i,
484 2896 509 2924 7.
548 2898 569 2914 "
594 2897 666 2925 Psal.
684 2905 762 2934 mu,
782 2899 840 2931 7,8.
895 2900 916 2915 δι
937 2899 1002 2927 ibid.
1019 2900 1042 2928 i.

1104 2302 1229 2337 Σωτῆρος
1242 2301 1319 2337 ἡμῶν
1344 2302 1446 2336 λέγων’
1463 2311 1472 2327 ι
1489 2302 1614 2330 Τοσαῦτα
1635 2302 1663 2329 δὲ
1686 2302 1768 2329 αὐτοῦ
1788 2303 1892 2338 σημεῖα

1103 2348 1282 2384 πεποιηκότος
1298 2348 1450 2384 ἔμπροσθεν
1472 2349 1562 2375 αὐτῶν
1573 2369 1580 2382 ,
1600 2350 1650 2376 οὐκ
1665 2349 1827 2376 ἐπίστευσαν
1849 2350 1891 2382 είς

1102 2395 1192 2426 αὐτὸν,
1207 2395 1250 2421 ἵνα
1267 2397 1281 2422 ό
1293 2395 1369 2429 λόγος
1391 2395 1503 2422 Ἡσαΐου
1517 2395 1564 2422 τοῦ
1585 2397 1721 2431 προφήτου
1739 2395 1868 2432 πληρωθῇ
1879 2415 1889 2428 ,

1100 2441 1130 2467 ὃν
1146 2439 1221 2467 εἶπεν
1242 2441 1337 2477 Κύριε,
1357 2442 1398 2474 τίς
1412 2442 1555 2468 ἐπίστευσε
1576 2443 1609 2477 τῇ
1640 2442 1707 2477 ἀκοῇ
1724 2441 1821 2477 ήμῶν;
1841 2442 1889 2469 καὶ

1101 2489 1114 2514 ό
1133 2488 1251 2523 βραχίων
1273 2489 1376 2524 Κυρίου
1391 2489 1442 2515 τίνι
1465 2488 1661 2524 ἀπεκαλύφθης
1678 2488 1721 2516 διὰ
1740 2488 1821 2516 τοῦτο
1836 2489 1889 2516 ιῦκ

1100 2533 1229 2568 ἠδύναντο
1242 2535 1389 2566 πιστεύειν,
1401 2535 1441 2561 ὒτι
1464 2535 1544 2561 πάλιν
1565 2533 1640 2562 εἶπεν
1657 2535 1785 2567 Ἡσαΐας
1803 2535 1890 2562 Τιτύ-

1101 2579 1206 2613 φλωκεν
1232 2580 1321 2607 αὐτῶν
1346 2581 1409 2612 τοὺς
1435 2580 1609 2616 ὀφθαλμοὺς,
1637 2582 1686 2608 καὶ
1716 2581 1889 2617 πεπώρωκεν

1099 2626 1189 2652 αὐτῶν
1205 2626 1253 2662 τὴν
1272 2626 1401 2662 καρδίαν,
1419 2627 1462 2653 ἵνα
1485 2626 1521 2662 μὴ
1544 2627 1619 2654 ῐδωσι
1639 2628 1696 2660 τοῖς
1717 2625 1886 2663 ὀφθαλμοῖς,

1100 2672 1146 2696 καὶ
1162 2672 1279 2706 νοήσωσι
1291 2673 1322 2707 τῇ
1337 2672 1444 2708 καρδίᾳ,
1457 2673 1503 2699 καὶ
1519 2673 1715 2708 ὲπιστρέψωσι,
1733 2674 1781 2700 καὶ
1801 2673 1886 2700 ἰάσω-

1101 2726 1149 2752 μαι
1166 2718 1272 2750 αὐτούς.
1289 2718 1380 2745 Ταῦτα
1397 2717 1473 2746 εἶπεν
1486 2719 1599 2751 Ἡσαΐας
1615 2720 1659 2747 ὅτε
1676 2718 1729 2747 εἶδε
1745 2720 1796 2756 τὴν
1808 2719 1888 2754 δόξαν

1098 2764 1196 2795 αὑτοῦ,
1220 2766 1266 2792 καὶ
1287 2765 1460 2801 ἐμαρτύρησε
1483 2766 1547 2802 περὶ
1572 2766 1663 2794 αὐτοῦ.
1686 2777 1695 2793 ι
1722 2767 1886 2803 ’Δναμφιλό-

1090 2819 1153 2848 Δγως
1166 2809 1212 2838 οὖν
1231 2811 1277 2838 ἐπὶ
1289 2811 1334 2839 τὸν
1348 2812 1464 2848 Χριστὸν
1480 2813 1610 2849 ἀνήνεγκε
1623 2815 1672 2850 τὴν
1686 2815 1715 2842 ὲν
1727 2814 1767 2851 τῷ
1787 2814 1886 2852 Ἡσαΐᾳ
