2089 3218
185 198 239 226 ιπ

182 255 341 290 θεοφάνειαν
379 256 392 281 ὁ
426 255 617 292 εὐαγγελιστὴς
632 276 639 286 .

180 303 263 329 δαίων
287 302 350 329 λαὸν
375 303 406 329 οὑ
431 302 664 338 παραδεδεγμένον
685 304 728 330 τὸν
752 304 906 340 ἑωραμένον
928 305 966 340 τῷ

182 349 308 384 πρὶφήτῃ
325 348 444 384 Κύριον,
463 349 532 387 κατὰ
550 349 598 384 τὴν
622 350 685 384 περὶ
706 350 786 376 αὑτοῦ
805 350 963 387 πρόρρησιν.

179 393 226 429 Τῷ
254 394 320 428 γοῦν
356 394 482 430 προφήτῃ
531 395 664 430 ἑωρακότι
698 395 742 421 τὸν
778 396 878 431 Κύριον
913 397 964 423 Σα-

180 433 254 466 ϐαὼθ
283 449 364 475 φησιν
383 442 397 467 ὁ
418 441 541 476 χρησμὸς
561 443 646 468 εἰπεῖν
662 442 700 477 τῷ
720 443 852 469 Ἰουδαίων
871 443 940 469 ἔθνει
956 464 962 473 ,

179 487 221 513 ὃτι
246 486 277 522 δὴ
299 488 346 513 καὶ
369 487 446 514 αὐτοὶ
465 488 571 522 δψονταί
594 497 658 514 ποτε
685 489 730 515 τὸν
751 489 843 522 αὐτὸν,
861 489 916 515 ἀλλ’
934 491 963 516 οὐ

180 533 340 567 συνήσουσιν
359 533 432 565 ὅστις
445 533 505 568 εἴη,
524 535 569 560 καὶ
586 534 746 561 ἀκούσονται
769 535 850 562 αὑτοῦ
873 535 964 569 λέγον-

177 587 224 610 τος
241 580 270 605 ὲν
284 580 373 611 αὐτοῖς
387 580 434 607 καὶ
448 581 617 613 διδάσκοντος
627 602 633 613 ,
647 581 704 608 ἀλλ’
717 582 748 607 οὐ
766 583 900 617 νοήσουσι,
919 583 962 609 διὰ

177 624 209 650 τὸ
234 625 416 660 πεπωρῶσθαι
445 627 533 653 αὐτῶν
556 627 604 662 τὴν
626 628 749 663 καρδίαν.
771 628 853 655 Ταῦτ’
871 627 916 655 οὖν
948 631 961 655 ὁ

182 669 296 701 Ἡσαΐας
309 670 341 697 δι’
352 667 389 697 ὢν
402 671 575 708 παρεθέμεθα
587 672 684 706 λέξεων
698 673 838 705 θεσπίσας,
849 675 877 699 ἐν
892 675 961 700 ἱστο-

177 713 238 749 ρίας
254 715 390 751 ἀφηγήσει
403 717 538 750 πολεμίων
555 717 646 751 ἔφοδον
662 718 732 744 κατὰ
750 719 795 745 τοῦ
813 719 914 753 Ἄχας,
932 720 961 751 ὃς

176 760 268 795 ἐπεῖχε
291 761 350 787 τότε
367 762 400 788 τὰ
418 762 466 797 τῆς
492 763 627 798 βασιλείας
646 764 699 790 τῶν
722 764 854 791 Ἰουδαίων
874 765 937 792 λαοῦ
951 786 958 797 ,

176 806 337 843 ὑπογράφει,
354 807 399 834 καὶ
415 807 465 841 τὴν
478 808 530 834 τῶν
545 809 594 843 μὲν
609 810 742 844 αἰσθητῶν
761 810 894 845 πολεμίων
912 820 959 837 κα-

171 852 296 887 θαίρεσιν
306 853 416 885 αὐτίκα,
433 854 477 880 καὶ
492 855 541 880 οὐκ
555 855 593 885 είς
606 855 714 890 μακρὰν
728 855 888 891 γενήσεσθαι
909 865 956 892 ση-

171 900 281 934 μαίνει·
301 897 338 926 ὧν
357 901 385 927 δὲ
404 899 525 936 σύμϐολα
546 901 626 936 ἔφερε
650 902 751 937 νοητῶν
771 903 817 929 καὶ
836 904 957 938 ἀοράτων

624 198 953 228 ΌΕΜΟΝΞΤΒᾹΤΙὉΝΙΞ
973 199 1201 228 EVANG‘ELICAS
1219 199 1286 227 LIB.
1306 200 1365 228 VH.

672 257 718 283 καὶ
749 257 794 283 ἐπὶ
826 258 871 284 τὴν
904 258 949 284 Ἰοι

1002 279 1006 287 λ
1022 257 1189 292 impleretur,
1210 265 1290 292 quem
1302 257 1371 284 dixit
1387 266 1392 283 :
1408 255 1532 287 Domine,
1548 256 1609 291 quis
1622 256 1738 293 credidit
1751 265 1802 283 au—

1750 200 1803 228 ιθι

1020 303 1086 330 ditui
1098 307 1202 336 nostro,
1212 307 1239 329 et
1251 303 1392 329 brachium
1402 302 1509 329 Domini
1524 303 1566 329 cui
1580 302 1726 330 revelatum
1741 302 1804 331 est?

1020 353 1162 382 propterea
1181 356 1237 375 non
1259 351 1384 382 poterant
1403 347 1514 375 credere
1525 369 1532 379 ,
1546 348 1608 382 quia
1622 348 1719 374 iterum
1735 348 1802 375 dixit

1020 393 1103 421 Isaias
1121 404 1126 420 :
1144 394 1294 421 Excmcavit
1307 394 1400 421 oculos
1425 401 1529 425 eorum,
1547 398 1574 421 et
1599 394 1733 421 induravit
1754 401 1803 426 cor

1018 448 1112 467 eorum
1123 460 1129 470 ,
1148 448 1181 467 ne
1198 440 1306 466 videant
1318 440 1424 471 oculis,
1437 445 1463 467 ct
1486 440 1568 467 corde
1589 440 1758 474 intelligant,
1774 445 1802 467 et

1018 489 1222 516 convertantur,
1236 489 1262 511 et
1273 493 1365 512 sanem
1374 493 1431 513 eos.
1443 485 1506 513 Haec
1518 485 1586 512 dixit
1597 484 1680 513 lsaias
1690 485 1801 520 quando

1017 530 1084 557 vidit
1095 530 1207 565 gloriam
1221 531 1291 564 ejus,
1301 536 1327 557 et
1338 530 1497 558 testiﬁcatus
1512 535 1552 558 est
1566 531 1601 558 tle
1611 539 1643 559 eo
1653 531 1685 558 ι’.
1708 541 1716 557 ι
1729 530 1799 567 Ergo

1017 576 1120 610 absque
1131 577 1316 603 controversia
1331 576 1461 603 visionem
1471 577 1544 603 illam
1555 576 1602 603 Dei
1614 577 1647 604 ad
1658 576 1797 605 Christum

1016 622 1108 648 retulit
1115 622 1279 656 evangelista
1288 621 1417 652 Joannes,
1428 622 1492 648 etad
1504 621 1647 648 Iudaicum
1657 622 1797 657 populum,

1015 668 1060 702 qui
1093 667 1180 694 visum
1215 675 1230 693 a
1260 668 1391 702 propheta
1421 667 1588 698 Dominum,
1620 668 1798 702 quemadmo-

1014 713 1078 739 dum
1106 713 1140 739 ab
1165 713 1212 739 illo
1237 713 1297 748 ipso
1323 713 1480 747 prazdictum
1502 717 1553 743 cst,
1579 720 1633 740 non
1662 714 1793 748 suscepit.

1012 759 1092 794 313
1105 758 1170 785 Nam
1185 767 1246 786 cum
1268 759 1411 785 Dominum
1430 759 1548 786 Sabaoth
1565 760 1696 794 propheta
1711 759 1796 786 vidis-

1013 810 1064 837 set,
1086 806 1167 832 refert
1180 807 1332 837 oraculum,
1348 806 1576 841 quemadmodum
1595 806 1645 840 ipsi
1659 813 1795 841 prmccpe—

1009 853 1058 886 rit,
1077 858 1106 880 ut
1121 854 1154 880 ad
1168 853 1277 881 Iudaeos
1290 855 1391 881 diceret
1408 864 1415 880 z
1434 854 1505 889 quod
1520 854 1571 889 ipsi
1591 854 1666 881 illum
1685 855 1792 889 quidem

1012 899 1158 933 aliquando
1174 900 1315 931 videbunt,
1333 901 1378 927 sed
1395 908 1448 927 non
1467 901 1619 934 intelligent
1632 900 1695 934 quis
1708 900 1755 931 sit,
1767 903 1794 926 et

173 945 290 982 ἒχϐρῶν,
315 945 448 982 δαιμόνων
470 946 567 978 τινῶν,
594 947 638 973 καὶ
663 948 773 982 ἀφανῶν
803 948 942 983 δυνάμεων

1010 944 1121 972 audient
1146 946 1221 972 illum
1238 946 1391 980 loquentem
1418 947 1488 972 inter
1503 946 1577 980 ipsos
1599 950 1626 972 et.
1639 945 1792 977 docentem,

172 991 238 1026 mp1
251 988 289 1017 ὧν
302 991 445 1027 ἀρχόμενοι
456 992 504 1027 τῆς
518 992 581 1027 ὅλης
601 993 791 1027 πραγματείας
802 993 959 1028 διεληλύθαη

170 1044 234 1070 μεν,
247 1036 283 1068 ὡς
302 1037 332 1063 οὑ
349 1037 427 1071 μόνον
443 1037 473 1063 τὸ
497 1037 630 1063 Ἰουδαίων
646 1037 730 1069 ἔθνος,
746 1037 814 1064 ἀλλὰ
836 1039 881 1064 καὶ
904 1039 957 1064 πᾶν

170 1083 202 1108 τὸ
222 1081 389 1118 ἀνθρώπειον
408 1082 484 1117 γένος
504 1083 549 1109 ἐπὶ
564 1084 618 1110 πᾶν
634 1082 704 1115 εἶδος
721 1085 835 1117 κακίας,
851 1085 896 1111 καὶ
911 1086 957 1111 ἐπὶ

171 1127 257 1162 αὐτήν
273 1135 303 1161 γε
316 1127 363 1163 τὴν
375 1127 453 1154 ἄθεον
465 1128 683 1164 εἰδωλολατρείαν
695 1128 934 1163 καταόεὗληκότων
947 1151 954 1161 ,

169 1173 222 1199 οὐκ
234 1173 320 1204 ἄλλως
336 1173 383 1208 τὴν
400 1171 482 1209 ἧτταν
500 1174 608 1201 ἔσεσθαι
625 1174 699 1210 δηλοῖ
715 1174 731 1209 ἢ
748 1174 791 1201 διὰ
806 1175 889 1210 μόνης
906 1176 955 1210 τῆς

170 1218 367 1254 θεσπιζομένης
394 1221 434 1251 εἰς
463 1220 620 1256 ἀνθρώπους
647 1221 792 1256 ἐπιδημίας
816 1221 862 1248 τοῦ
885 1222 953 1248 Θεοῦ

169 1263 270 1297 Λόγου,
294 1263 323 1296 ἐξ
353 1265 538 1301 άπειρογάμου
567 1265 704 1301 Παρθένου
728 1266 827 1301 σκῆνος
851 1267 954 1302 ἀνθρὼ-

169 1317 245 1335 πειον
260 1310 471 1346 ἀναληψομὲνοι).
486 1312 534 1343 Τίς
544 1312 572 1338 δὲ
589 1312 662 1348 αὐτῷ
680 1314 696 1349 ἡ
710 1312 803 1339 τούτου
819 1314 895 1349 χρεία
910 1311 953 1349 ἦν,

168 1353 264 1389 καιρὸς
281 1354 314 1381 ἂν
324 1355 365 1390 είη
378 1355 524 1382 διαλαϐεῖν.

1010 991 1057 1018 sed
1072 998 1124 1017 non
1140 991 1301 1026 percipient,
1319 996 1462 1027 propterea
1474 991 1546 1026 quod
1564 990 1722 1018 induratum
1740 991 1794 1017 erit

1008 1044 1056 1063 cor
1070 1044 1176 1063 eorum.
1193 1036 1261 1063 Cum
1284 1038 1341 1064 hzec
1364 1037 1446 1072 igitur
1462 1036 1546 1064 Isaias
1566 1037 1608 1063 his
1628 1044 1689 1071 quat
1710 1043 1794 1071 appo-

1007 1083 1125 1113 suimus,
1142 1083 1231 1110 verbis
1246 1087 1336 1114 canat,
1355 1083 1382 1110 in
1404 1083 1523 1110 historia:
1540 1083 1648 1110 modum
1672 1082 1791 1110 hostium

1009 1129 1142 1156 adversus
1162 1128 1253 1155 Acha:
1267 1130 1407 1164 impetum,
1424 1130 1470 1163 qui
1498 1133 1562 1156 tunc
1579 1129 1685 1156 Judaici
1700 1128 1792 1164 populi

1008 1183 1122 1210 regnum
1138 1176 1304 1207 obtinuerat,
1322 1175 1462 1206 describit,
1485 1179 1513 1202 et
1528 1182 1542 1201 a
1560 1175 1712 1202 visibilihus
1730 1175 1792 1209 qui~

1005 1220 1068 1247 dem
1085 1221 1209 1248 hostibus
1224 1221 1329 1248 ruinam
1343 1221 1429 1251 brevi,
1443 1228 1531 1255 neque
1544 1219 1614 1246 haud
1630 1220 1715 1246 multo
1729 1224 1791 1254 post

1008 1267 1126 1293 futuram
1154 1267 1298 1302 signiﬁcat.
1324 1266 1446 1299 Quorum
1470 1273 1534 1293 vero
1562 1265 1640 1300 signa
1666 1265 1788 1300 quaedam

1007 1313 1141 1339 duntaxat
1160 1312 1302 1347 attulit(hi
1326 1320 1407 1347 porro
1422 1316 1486 1339 sunt
1506 1312 1687 1347 intelligibiles
1708 1315 1790 1346 atque

1008 1359 1158 1386 invisibiles
1174 1359 1284 1393 quidam
1306 1359 1410 1389 hostes,
1429 1358 1565 1385 daemones
1582 1358 1676 1393 utique
1692 1364 1724 1384 ac
1738 1357 1791 1385 sub

168 1402 258 1428 visum
276 1410 329 1429 non
343 1402 471 1430 cadentes
483 1408 642 1439 potestates,
656 1404 689 1431 de
703 1405 805 1439 quibus
822 1405 900 1432 initio
926 1407 1010 1433 totius
1040 1408 1131 1442 operis
1158 1406 1351 1436 disseruimus,
1373 1405 1445 1440 quod
1471 1413 1525 1432 non
1541 1405 1626 1433 solam
1648 1403 1790 1431 Judaicam

166 1456 287 1488 sentem.
313 1452 360 1481 δεεά
388 1460 469 1480 omne
490 1460 603 1487 prorsus
625 1453 774 1479 humanum
801 1461 898 1488 genus,
925 1453 952 1480 in
970 1461 1051 1481 omne
1065 1454 1176 1481 malitia:
1187 1461 1283 1488 genus,
1300 1461 1332 1480 ac
1345 1453 1462 1488 denique
1476 1456 1503 1480 in
1530 1453 1618 1488 ipsum
1647 1452 1722 1479 omni
1747 1460 1789 1477 ru-

167 1498 260 1533 ligioni
288 1498 454 1526 contrarium
490 1499 699 1526 simulacrorum
732 1499 837 1526 cultum
873 1501 1085 1535 compulerint),
1121 1501 1170 1528 hos
1197 1508 1251 1527 non
1288 1500 1367 1527 aliter
1395 1501 1466 1527 vinci
1492 1507 1573 1535 posse
1601 1500 1787 1528 demonstrat,

165 1553 248 1580 quam
265 1554 312 1582 per
323 1555 419 1579 unum,
436 1547 482 1582 qui
500 1547 609 1574 canitur
626 1547 670 1574 Dei
687 1546 768 1574 Verbi
784 1547 953 1576 ad‘homines
971 1556 1122 1580 accessum,
1142 1548 1214 1583 quod
1239 1548 1348 1582 quidem
1371 1547 1418 1574 Dei
1436 1547 1553 1574 Verbum
1575 1551 1649 1574 esset
1678 1554 1711 1573 ex
1744 1546 1787 1571 in-

165 1597 251 1628 nupta
283 1593 391 1629 Virgine
423 1594 572 1621 humanum
600 1602 700 1629 corpus
729 1599 945 1630 assumpturum.
983 1595 1037 1623 Sed
1064 1596 1145 1630 hujus
1170 1595 1207 1622 illi
1229 1595 1355 1630 quisnam
1384 1602 1450 1621 usus
1472 1594 1563 1625 fuerit,
1587 1593 1642 1628 jam
1680 1596 1787 1627 tempus

164 1648 227 1668 esse
240 1641 357 1672 videtur,
374 1645 403 1668 ιιι
417 1641 498 1668 latius
512 1641 693 1676 inquiramus.

212 1699 250 1726 Τὰ
263 1699 329 1734 περὶ
344 1698 398 1732 τῆς
414 1698 467 1725 τοῦ
487 1698 622 1733 Σωτῆρος
637 1698 720 1733 ήμῶν
733 1699 901 1734 ἐπιδημίας.

205 1755 313 1790 Ἐπειδὴ
333 1765 342 1781 ι
362 1755 395 1781 δι’
408 1755 551 1790 ἀνθρώπου
565 1755 677 1787 θάνατος
701 1755 823 1791 εἰσῆλθεν
844 1758 884 1787 εἰς
903 1756 948 1782 τὸν

157 1800 291 1835 κόσμον,»
299 1801 381 1835 φησὶν
391 1801 405 1826 ὁ
419 1801 584 1832 Ἀπόστολος,
592 1802 659 1837 χρῆν
666 1801 750 1836 δήπου
760 1801 803 1828 διὰ
812 1801 858 1828 τοῦ
866 1802 947 1828 αὑτοῦ

158 1846 305 1883 ἀνθρώπου
319 1847 368 1882 τὴν
383 1847 452 1873 κατὰ
467 1847 512 1873 τοῦ
532 1847 646 1874 θανάτου
660 1847 839 1883 βραϐευθῆναι
853 1848 930 1882 νίκην
939 1868 946 1879 ,

159 1892 209 1919 καὶ
224 1891 256 1919 τὸ
273 1891 350 1927 σῶμα
365 1891 412 1917 τοῦ
428 1890 542 1918 Θανάτου
559 1891 638 1926 σῶμα
656 1891 728 1927 ζωῆς
748 1892 946 1928 ἀναδειχθῆναι.

159 1937 208 1964 καὶ
225 1937 276 1973 τῆς
292 1936 426 1972 ἁμαρτίας
449 1936 498 1972 τὴν
523 1937 661 1971 βασιλείαν
683 1938 713 1963 ὲν
732 1937 771 1971 τῷ
789 1937 877 1972 θνητῷ
899 1937 948 1963 σώ-

158 1991 226 2017 ματι
239 1983 271 2009 τὸ
281 1983 345 2017 πρὶν
363 1981 524 2017 ἐνεργοῦσαν
538 1982 730 2017 καταλυθῆναι,
751 1982 847 2016 μηκέτι
863 1982 948 2017 ἀμαρ-

157 2030 220 2061 τίας
235 2030 329 2059 αὐτοῦ,
346 2029 412 2056 ἀλλὰ
423 2028 593 2064 δικαιοσύνης
610 2028 777 2064 κρατούσης·
792 2029 837 2055 καὶ
853 2029 946 2063 ἐπειδὴ

157 2075 202 2101 διὰ
217 2075 273 2101 τῶν
288 2075 337 2110 τῆς
355 2075 453 2110 σαρκὸς
468 2075 673 2110 ἁμαρτημάτων
689 2074 771 2100 πάλαι
786 2075 915 2109 πρότερον
928 2076 944 2109 ἡ

157 2121 262 2153 πτῶσις
288 2121 391 2155 ἐγίνετο
424 2122 504 2148 πᾶσιν
535 2120 706 2155 ἀνθρώποις,
736 2121 848 2152 εἰκότως
865 2120 944 2147 πάλιν

155 2167 190 2193 δι’
217 2167 411 2202 ὰναμαρτήτου
425 2187 431 2198 ,
454 2167 502 2193 καὶ
521 2167 610 2200 πάσης
640 2166 774 2201 ἀχράντου
794 2167 892 2197 κακίας
911 2167 944 2192 τὰ

156 2213 228 2240 κατὰ
247 2213 302 2239 τῶν
317 2212 421 2248 ἐχθρῶν
438 2213 597 2248 ἁνηγείρετο
616 2212 741 2247 τρόπαια.
760 2212 845 2238 Τίνων
855 2211 883 2237 δὲ
898 2213 944 2246 ἐχ-

154 2259 229 2295 θρῶν
240 2259 257 2294 ἢ
275 2258 329 2285 τῶν
341 2258 424 2285 πάλαι
437 2258 480 2284 διὰ
495 2258 549 2284 τῶν
563 2259 612 2293 τῆς
629 2259 728 2293 σαρκὸς
740 2258 839 2292 ἡδονῶν
857 2266 942 2284 κατα-

155 2304 325 2331 παλαιόντων
350 2302 379 2329 τὸ
404 2302 568 2337 ἀνθρώπειον
598 2303 693 2336 γένος
722 2304 768 2328 καὶ
796 2303 883 2333 ἄλλως
914 2303 942 2328 δὲ

155 2350 253 2385 ὶχρῆν,
268 2349 422 2385 ἀνθρώποις
438 2349 505 2375 Θεοῦ
520 2349 605 2382 Λόγον
624 2348 727 2383 ὁμιλεῖν
739 2347 880 2382 μέλλοντα,
895 2348 942 2374 καὶ

1057 1698 1122 1730 Qua
1139 1700 1256 1731 spectant
1272 1695 1307 1721 ad
1318 1694 1465 1722 Saluatoris
1484 1694 1568 1720 nostri
1580 1694 1730 1722 adventum.

1038 1753 1106 1786 Quia
1124 1763 1133 1778 ι
1149 1761 1197 1787 per
1214 1752 1350 1779 hominem
1367 1759 1442 1778 mors
1463 1750 1573 1777 intravit
1592 1750 1619 1776 in
1640 1751 1781 1780 mundum,

1003 1800 1039 1826 ait
1059 1799 1205 1834 Apostolus
1215 1799 1259 1829 δ”,
1276 1807 1285 1823 ›
1305 1797 1408 1823 idcirco
1424 1796 1554 1822 adversus
1570 1799 1684 1822 mortem
1701 1795 1785 1823 victo-

999 1846 1068 1872 riam
1089 1845 1204 1872 obtineri
1226 1848 1274 1878 per
1296 1843 1420 1870 eumdem
1444 1841 1579 1868 hominem
1602 1842 1732 1875 oportuit,
1756 1846 1783 1868 et

1000 1891 1072 1926 quod
1090 1891 1185 1917 mortis
1207 1890 1295 1916 fuerat
1318 1896 1429 1923 corpus,
1447 1888 1508 1913 vita:
1525 1895 1624 1920 corpus
1636 1887 1781 1916 declarari,

999 1942 1026 1963 et
1047 1935 1151 1971 peccati
1169 1942 1293 1970 regnum,
1309 1934 1380 1969 quod
1399 1934 1475 1968 prius
1496 1933 1523 1959 in
1546 1939 1660 1967 corpore
1674 1933 1782 1959 mortali

999 1984 1053 2009 vim
1079 1989 1155 2009 suam
1181 1981 1336 2012 exercebat,
1359 1979 1442 2006 deleri
1471 1986 1555 2012 usque
1573 1978 1652 2010 adeo,
1676 1982 1705 2004 ut
1727 1985 1781 2005 non

999 2028 1115 2063 amplius
1128 2027 1166 2053 illi
1185 2030 1337 2061 peccatum,
1351 2025 1399 2052 sed
1416 2025 1523 2059 justitia
1541 2023 1738 2058 dominaretur,
1754 2029 1782 2051 et

998 2077 1125 2110 quoniam
1135 2069 1168 2101 ex
1182 2073 1302 2109 peccatis
1317 2073 1452 2107 corporis,
1471 2076 1550 2098 antea
1571 2071 1679 2098 cunctis
1694 2071 1782 2098 homi-

999 2122 1079 2148 nibus
1098 2121 1178 2147 ruina
1203 2119 1275 2146 facta
1295 2123 1348 2150 est,
1373 2119 1469 2145 merito
1491 2125 1588 2145 rursus
1616 2125 1664 2151 per
1689 2118 1779 2144 omnis

997 2166 1100 2201 peccati
1117 2173 1214 2199 expers
1229 2172 1340 2199 corpus,
1353 2164 1481 2197 omnique
1497 2170 1610 2197 prorsus
1622 2162 1724 2189 malitia
1739 2163 1780 2188 iu-

997 2216 1112 2242 tactum,
1131 2215 1231 2244 tropzea
1251 2210 1382 2236 adversus
1398 2208 1490 2234 hostes
1512 2207 1640 2242 erigenda
1656 2207 1778 2235 fuerunt.

997 2257 1050 2285 Sed
1068 2265 1137 2292 quos
1151 2256 1259 2283 tandem
1274 2256 1376 2285 hostes,
1393 2254 1443 2281 nisi
1455 2262 1502 2281 eos
1519 2255 1564 2287 qui
1580 2254 1644 2280 olim
1659 2262 1707 2288 per
1716 2261 1780 2281 cor—

996 2310 1093 2337 poreas
1108 2302 1260 2337 voluptates
1279 2302 1425 2327 humanum
1446 2307 1532 2333 genus
1554 2300 1782 2334 prasternebant?

996 2353 1126 2384 praeterea
1150 2355 1211 2375 cum
1237 2346 1283 2373 Dei
1302 2346 1421 2373 Verbum
1447 2349 1521 2372 esset
1541 2352 1602 2371 cum
1624 2345 1779 2372 hominibus

156 2394 259 2430 σαρκὸς
271 2395 366 2425 ἀκοαῖς
384 2394 417 2421 τά
433 2395 482 2430 τῆς
498 2394 635 2425 εὐσεϐείας
650 2394 798 2428 μαθήματα
814 2393 940 2428 παραδώ-

1002 2395 1204 2424 ιοιιοειιιιιι-υηι,
1228 2397 1255 2420 et
1279 2392 1419 2426 corporeis
1444 2390 1556 2417 auribus
1583 2395 1717 2425 praecepta
1745 2390 1779 2418 de

155 2449 248 2472 σαντα,
271 2441 414 2476 τερατείας
432 2449 461 2466 τε
481 2440 527 2467 καὶ
545 2440 771 2474 παραδοξοποιίας
793 2440 943 2475 ἀνθρώπων

153 2486 320 2521 ὀφθαλμοῖς,
337 2485 405 2513 Θεοῦ
419 2495 448 2512 τε
466 2486 578 2521 δύναμιν
598 2486 699 2521 ἐναργῆ
721 2486 938 2521 παραστήσοντα,

156 2532 195 2567 μὴ
219 2531 307 2563 ἄλλως
329 2531 346 2567 ἢ
367 2531 411 2558 διὰ
424 2531 471 2558 τοῦ
487 2531 616 2566 συνήθους
635 2533 700 2566 ἡμῖν
723 2532 838 2567 ὀργάνου
864 2532 941 2559 τοῦτο

155 2577 275 2613 πρᾶξαι·
291 2579 332 2604 ὅτι
350 2578 410 2604 οὐδὲ
421 2577 501 2603 πλέον
514 2577 588 2603 οὐδὲν
606 2577 738 2611 σωμάτων
751 2578 817 2612 ὁρᾷν
836 2577 941 2613 ἀνθρώ-

153 2632 213 2650 πον
226 2623 339 2650 δυνατὸν
351 2622 385 2659 ἦν
400 2623 557 2658 ὀφθαλμοῖς.
572 2623 626 2649 οὐδ’
638 2622 746 2649 ἀκούειν
763 2622 846 2656 ἀκοὴν
860 2623 940 2648 πλέον

150 2680 179 2697 τι
185 2670 234 2698 τοῦ
244 2670 289 2697 διὰ
297 2669 418 2705 γλώττης
429 2669 631 2705 προφερομένου
644 2669 772 2704 ἡχου,”1ν’
780 2667 828 2694 οὖν
841 2669 887 2694 καί
896 2669 940 2695 διὰ

151 2717 288 2753 σωμάτων
302 2716 454 2751 αἰσθήσεως
464 2716 513 2751 τῆς
528 2715 582 2740 τῶν
597 2714 697 2749 νοητῶν
717 2714 762 2740 καὶ
786 2715 939 2749 άσιιμάτων

148 2764 256 2796 ἑννοίας
269 2762 471 2797 ἐωλβὸιῦμεθα,
480 2762 523 2788 τὸν
537 2762 602 2796 ἡμῖν
616 2761 733 2795 συγγενῆ
748 2760 794 2787 καὶ
803 2761 938 2795 γνώριμον

147 2809 230 2844 λόγον
238 2809 321 2840 αὐτὸς
335 2810 351 2835 ὸ
368 2808 434 2839 Θεὸς
450 2808 534 2840 Λόγος
549 2807 730 2841 ἁνελάμῦανε,
748 2807 793 2832 καὶ
808 2806 894 2832 πάντα
907 2814 937 2839 γε

145 2855 184 2880 δι’
204 2854 287 2880 αὑτοῦ
309 2853 343 2880 τὰ
370 2854 489 2888 σωτήρια
507 2854 561 2883 τοῖς
578 2852 720 2887 αὐτηκόοις
734 2852 780 2878 καὶ
792 2852 937 2884 αὑτόπταις

186 2933 207 2948 ⁸¹
227 2931 306 2959 Joan.
325 2939 374 2965 xu,
388 2930 480 2957 57—“.
519 2930 552 2946 δ’·
569 2930 646 2957 Rom.
666 2937 692 2961 v,
712 2928 755 2956 12.

995 2442 1095 2477 pietate
1115 2441 1292 2470 traditurum,
1307 2437 1485 2474 prodigiaque
1501 2440 1527 2463 ct
1543 2436 1675 2463 miracula
1690 2437 1779 2464 oculis

996 2488 1147 2518 hominum,
1163 2485 1246 2522 315,
1260 2484 1362 2519 Deique
1385 2484 1512 2509 virtutem
1534 2482 1673 2509 evidenter
1696 2487 1777 2517 atque

994 2536 1087 2568 aperte
1099 2532 1360 2560 demonstraturum,
1378 2537 1432 2556 non
1448 2528 1527 2554 aliter
1543 2534 1625 2561 quam
1643 2535 1692 2561 per
1711 2535 1778 2554 con-

993 2583 1111 2609 suetum,
1129 2577 1262 2611 nobisque
1282 2576 1416 2602 familiare
1436 2574 1660 2603 instrumentum,
1676 2572 1729 2599 hoc
1738 2572 1775 2599 fa-

992 2632 1055 2652 cere
1076 2624 1165 2658 ipsum
1189 2622 1321 2657 oportuit,
1345 2620 1473 2655 quoniam
1496 2618 1562 2645 nihil
1582 2617 1691 2651 quidem
1717 2625 1777 2643 am-

993 2670 1076 2703 plius,
1093 2676 1173 2702 quam
1196 2674 1256 2702 quae
1270 2673 1386 2701 corpora
1410 2669 1486 2694 sunt,
1512 2662 1674 2689 mortalibus
1689 2663 1778 2688 oculis

993 2722 1021 2741 ut
1035 2721 1224 2744 cerneremus,
1242 2712 1298 2740 ﬁeri
1314 2715 1430 2747 poterat,
1447 2717 1536 2744 neque
1546 2712 1577 2735 ut
1591 2708 1704 2735 auribus
1716 2716 1777 2741 per-

990 2762 1154 2795 ciperemus.
1170 2767 1252 2794 quam
1278 2766 1386 2789 sonum,
1406 2757 1451 2792 qui
1469 2757 1560 2791 lingua
1574 2754 1691 2790 proferri
1710 2762 1777 2780 con-

991 2808 1088 2835 suevit.
1107 2806 1142 2833 Ut
1157 2806 1239 2841 igitur
1255 2804 1394 2839 corporeis
1405 2810 1513 2838 quoque
1527 2801 1654 2828 sensibus
1672 2800 1773 2826 intelli—

991 2852 1115 2886 gibilium
1132 2851 1409 2886 incorporearumque
1419 2855 1508 2875 rerum
1525 2848 1651 2874 notiones
1660 2852 1773 2881 capere-
