2089 3218
316 181 368 208 495

651 179 784 208 EUSEBII
804 179 1045 207 CIESARIENSIS
1064 179 1139 206 OPP.
1162 179 1253 207 PARS
1272 177 1303 206 11.
1315 194 1349 198 —
1362 178 1611 207 APOLOGETICA.

1893 180 1944 208 ωε

315 247 388 270 mus,
405 246 465 266 eum
486 239 531 274 qui
550 238 628 266 nobis
650 243 677 266 et
702 242 837 274 cognatus
855 238 1041 266 etfamiliaris
1062 245 1095 266 est

1154 238 1208 265 τῶν
1225 238 1323 264 ἐνθέων
1339 238 1420 264 αὑτοῦ
1442 238 1528 273 λόγων
1547 246 1576 264 τε
1592 238 1638 264 καὶ
1652 238 1739 273 ἔργων
1754 238 1946 273 προεϐάλλετο.

316 290 367 317 set,
389 285 447 319 ipse
470 283 542 311 Deus
557 283 676 311 Verbum
703 284 863 319 assumpsit,
889 284 1034 319 omniaque
1054 290 1102 318 per

315 331 391 357 illum
407 338 577 366 qurecunque
591 331 723 358 salutaria
740 335 846 362 essent,
859 331 903 362 iis,
919 331 966 366 qui
982 331 1033 366 ipsi
1054 338 1102 357 att-

316 377 437 409 diebant,
453 377 559 412 ipsique
571 377 699 408 lidebant,
717 381 772 404 tam
789 385 850 412 quae
864 377 891 403 in
904 377 1004 404 divinis
1015 376 1101 412 ipsius

315 423 416 455 verbis,
436 430 518 458 quam
536 431 596 458 quae
613 423 640 450 in
660 423 741 450 factis
754 423 948 454 consisterent,
964 423 1099 458 exposuit.

314 469 404 504 Atque
425 468 482 496 haec
505 469 596 496 omnia
613 469 824 502 administrarit,
850 476 984 503 nusquatn
1004 472 1035 495 ut
1050 476 1101 495 nos

315 514 399 542 simili
411 515 518 542 ratione
535 515 658 549 corporis
675 515 887 542 necessitatibus
902 515 1033 549 illigatus,
1053 522 1100 542 ne-

315 567 369 594 que
382 559 439 594 ipse
455 559 603 594 quidquam
622 563 669 586 aut
690 559 811 587 deterius
833 563 880 586 aut
909 560 1026 594 amplius
1050 567 1098 587 sua

278 621 279 626 η
314 605 401 640 ipsius
421 606 562 633 divinitate
579 607 745 641 perpetiens.
769 614 857 641 neque
874 614 939 633 vero
959 611 987 632 ut
1010 606 1099 632 anima

314 652 445 685 hominis,
458 653 496 680 ita
513 653 572 688 ipse
587 653 632 680 tali
646 660 762 688 corpore
785 653 943 688 impeditus,
960 657 990 680 ut
1007 652 1099 680 divina

314 699 422 726 interim
436 706 549 726 munera
558 699 634 726 obire
645 707 698 726 non
708 703 810 734 posset,
827 704 873 726 aut
881 699 981 734 ubique
991 699 1097 730 adesse,

314 746 359 780 qui
381 745 427 772 Dei
449 745 569 772 Verbum
581 749 634 778 est,
652 746 797 780 omniaque
817 746 921 780 implet,
944 753 993 780 per
1007 746 1098 772 omnia

314 796 448 827 penetrat,
467 800 554 827 neque
570 792 634 819 item
653 796 699 819 aut
715 793 842 820 sordibus
856 793 929 824 ullis,
946 797 993 819 aut
1003 800 1098 819 corru-

315 839 417 873 ptione,
434 843 481 865 aut
495 838 627 870 tarditate,
643 846 675 866 ex
687 847 719 866 co
735 846 850 872 corpore
861 837 933 873 qttod
949 839 1098 873 assumpsit

314 885 484 919 inquinatus,
501 889 643 920 propterea
658 885 731 920 quod
747 893 808 912 eum
822 885 880 920 ipse
892 889 989 912 natura
1001 885 1036 911 sit
1051 893 1097 912 ex-

313 939 375 965 pers
392 935 419 959 et
433 932 568 966 corporis,
585 935 612 959 et
627 931 729 963 carnis,
745 935 772 958 et
788 931 878 958 omnis
893 931 1024 962 materitn,
1037 935 1098 957 tan-

313 985 394 1012 quatn
419 977 464 1004 Dei
483 976 613 1009 Verbum,
635 977 726 1004 divina
753 977 870 1012 quadam
896 977 1002 1004 virtute.
1018 977 1098 1003 ratio-

314 1024 448 1058 nibusque
468 1023 659 1056 inell'abilibus,
676 1031 783 1050 outncnt
808 1023 938 1050 sustinuit
960 1023 1099 1058 dispensa-

312 1071 426 1101 tionem,
450 1077 511 1105 qua:
534 1078 582 1097 sua
609 1072 703 1097 essent
731 1069 900 1104 impertiens,
925 1076 979 1096 non
1006 1073 1097 1096 autem

313 1121 408 1143 contra
430 1117 482 1143 sibi
505 1115 657 1144 vindicans.
686 1120 731 1143 aut
755 1123 892 1150 usurpans
916 1123 977 1150 quat
997 1115 1096 1143 aliena.

313 1161 383 1197 Ergo
400 1169 449 1188 cur
465 1161 500 1187 ita
517 1161 588 1188 hanc
605 1161 678 1189 illius
694 1163 721 1188 in
737 1168 852 1196 corpore
864 1161 1096 1196 dispensationem

313 1208 460 1235 formidare
478 1215 546 1242 opus
568 1211 620 1239 est,
641 1206 751 1242 quando
768 1214 856 1242 neque
877 1207 995 1234 foedatus
1011 1211 1052 1234 est
1074 1207 1097 1233 is

312 1254 358 1288 qui
375 1253 470 1281 fwdari
492 1261 545 1280 non
571 1257 670 1287 potest,
692 1260 779 1288 neque
800 1261 833 1280 ex
851 1260 934 1280 carne
958 1258 1096 1287 assmnpta

313 1299 483 1335 inquinatus,
505 1299 552 1334 qui
573 1307 626 1326 non
648 1303 735 1333 potest
759 1298 908 1334 inquinari,
923 1306 1010 1333 neque
1033 1306 1096 1326 vero

313 1347 421 1383 propria
441 1347 564 1382 corporis
581 1350 678 1374 natura
694 1351 850 1381 corruptus.
868 1353 930 1372 cum
950 1346 1038 1380 ipsum
1061 1346 1097 1373 sit

313 1394 359 1422 Dei
377 1394 493 1421 Verbum
509 1393 543 1420 ab
559 1393 633 1419 omni
653 1392 774 1428 patiendi
789 1395 885 1419 natura
902 1399 1014 1426 prorsus
1030 1390 1097 1417 alie.

312 1441 396 1468 num?
412 1440 562 1473 Quandone
579 1439 646 1467 solis
668 1438 779 1474 quidem
795 1438 862 1464 radii
883 1437 946 1464 dum
963 1436 1094 1463 cadavera

312 1491 338 1514 et
352 1487 441 1514 omnis
459 1487 566 1522 generis
580 1493 696 1520 corpOra
711 1485 857 1519 attingunt,
873 1482 1021 1518 quidquam
1036 1490 1096 1509 om-

312 1533 378 1560 nino
403 1532 457 1567 pati
478 1530 625 1558 dicuntur?
650 1530 684 1557 ab
707 1530 766 1564 ipso
789 1533 879 1556 autem
893 1528 986 1555 divino
1006 1526 1096 1555 Verbo

312 1580 393 1606 etiam
423 1581 528 1610 contra,
557 1576 629 1612 quod
652 1575 830 1611 corruptibile
855 1578 914 1602 erat
943 1575 970 1601 in
997 1574 1094 1601 melius

312 1630 508 1653 commutatum
538 1628 589 1655 est,
618 1627 798 1657 sanctumque
821 1625 902 1655 atque
933 1619 1094 1652 immortale,

312 1669 538 1706 quemadmodum
560 1669 646 1705 ipsius
665 1669 791 1696 voluntas
811 1666 873 1698 fuit,
889 1665 1014 1693 elTeettnn
1031 1669 1093 1693 est:

311 1717 458 1751 quinetiam
475 1715 575 1743 ditinis
597 1714 639 1741 sui
655 1713 743 1740 Patris
759 1711 893 1743 consiliis,
910 1716 992 1746 atque
1007 1711 1094 1738 aetio-

312 1762 403 1792 nibus,
418 1761 476 1796 ipse
496 1759 604 1787 interim
627 1758 802 1786 inserviebat.
826 1756 923 1783 Totunt
946 1755 1028 1790 igitur
1043 1755 1094 1782 hoc

312 1807 451 1834 hominum
472 1805 678 1832 amantissimus
701 1803 772 1830 Deus
793 1802 892 1837 Deique
914 1800 1030 1829 Verbum
1047 1809 1096 1836 pro

310 1857 471 1880 cunctorum
489 1851 627 1878 hominum
644 1849 747 1877 medela
764 1853 790 1875 et
805 1848 902 1879 salute,
926 1847 1037 1874 vocibus
1054 1847 1096 1873 in-

311 1900 389 1927 terim
418 1899 609 1933 prophetarunt
646 1899 828 1924 consentanea
863 1902 960 1930 gerens
986 1893 1094 1925 ell'ecit,

310 1945 357 1980 qui
383 1945 493 1980 quidem
517 1943 656 1978 prophetm
680 1945 757 1969 tanto
787 1946 849 1968 ante
877 1948 893 1967 a
918 1940 1017 1975 priscis
1046 1947 1093 1967 us-

310 1999 364 2027 que
389 1989 570 2025 temporibus,
597 1988 785 2015 admirabilem
816 1986 904 2022 ipsius
927 1986 960 2013 de
984 1985 1095 2020 Virgine

309 2043 398 2065 ortum
433 2036 568 2063 testiﬁcati
598 2035 715 2062 fuerant.
754 2033 841 2060 Porro
873 2036 962 2059 autem
1000 2032 1094 2059 admo-

309 2084 374 2111 dum
403 2083 556 2110 necessario
588 2082 652 2108 huic
677 2079 778 2108 Christi
804 2079 876 2106 ortui
904 2079 938 2105 de
963 2077 1092 2112 Virgine,

310 2130 441 2166 propheta
472 2128 613 2163 anteponit
643 2127 669 2154 id
703 2125 776 2161 quod
811 2124 907 2152 reddat
941 2127 1092 2153 attentum,

307 2172 388 2211 315
403 2174 555 2205 inclamans
572 2172 606 2199 ad
619 2179 666 2199 eos
676 2172 722 2207 qui
735 2171 792 2205 ipsa
806 2170 863 2197 haec
876 2169 1071 2199 audiant.illud
1085 2177 1090 2194 :

311 2230 320 2247 ι
339 2220 367 2248 Si
392 2228 448 2247 non
470 2219 652 2250 credideritis,
670 2225 724 2245 non
742 2216 910 2252 intelligetis;
925 2226 934 2242 ι
952 2216 995 2243 cui
1012 2215 1090 2242 dein-

1154 285 1208 311 Καὶ
1220 284 1295 311 ταῦτ’
1306 284 1420 320 ἔπραττε
1433 286 1492 316 ταῖς
1505 284 1552 311 τοῦ
1566 284 1691 320 σώματος
1703 284 1834 318 ἀνάγκαις
1845 286 1948 319 ὁμοίως

1153 332 1218 366 ἡμῖν
1245 330 1368 365 οὐδαμῶς
1390 330 1653 366 καταδεσμούμενος,
1680 330 1740 357 οὐδέ
1761 339 1788 356 τι
1810 333 1902 366 χεῖρον
1930 332 1946 366 ἢ

1154 377 1245 412 μεῖζον
1273 377 1353 408 αὐτὸς
1373 377 1470 404 ἑαυτοῦ
1492 377 1541 412 τῆς
1562 377 1689 412 θεότητος
1712 377 1864 412 ὑπομένων,
1891 377 1947 403 οὐδ’

1152 424 1238 455 οὕτως
1251 423 1315 450 ὥσθ’
1329 421 1374 450 οἷα
1389 423 1531 459 ἀνθρώπου
1542 423 1625 458 ψυχὴ,
1641 423 1680 458 τῷ
1697 423 1802 458 σώματι
1819 425 1944 458 παρεῖναι

1151 469 1219 496 Θεοῦ
1234 469 1319 503 Λόγον
1337 470 1412 501 ὗντα,
1430 469 1477 495 καὶ
1498 469 1531 496 τὰ
1547 470 1635 496 πάντα
1652 469 1818 505 πληροῦντα,
1837 469 1884 496 καὶ
1902 469 1947 495 διὰ

1152 516 1260 543 πάντων
1271 517 1372 551 ἥκοντα
1384 525 1390 530 ·
1403 516 1460 542 ἀλλ’
1475 515 1535 542 οὐδὲ
1546 515 1665 551 ρύπον,ἣ
1675 515 1788 550 φθορὰν,
1799 515 1816 550 ἢ
1827 515 1944 550 μίασμα,

1151 561 1181 595 ἐξ
1196 560 1229 598 ἦς
1249 562 1377 597 ἀνείληφε
1394 561 1493 598 σαρκὸς
1510 561 1742 597 ἐπενηνεγμένος,
1763 562 1804 588 ὃτι
1819 561 1852 597 δὴ
1873 560 1945 588 ἀσώ-

1152 617 1236 644 ματος
1246 608 1283 635 ὣν
1297 609 1346 644 τὴν
1360 608 1451 643 φύσιν,
1466 609 1512 634 καὶ
1526 607 1605 639 ἆῦλος
1616 608 1665 634 καὶ
1677 608 1808 644 ἄσαρκος,
1820 606 1863 634 οἷα
1874 607 1944 634 Θεοῦ

1151 655 1246 688 Λόγος,
1259 654 1342 690 ἐνθέῳ
1355 655 1467 689 δυνάμει
1483 654 1529 681 καὶ
1540 653 1628 688 λόγοις
1637 654 1701 689 ἡμῖν
1713 654 1842 689 ἀρρήτοις
1853 655 1943 681 πᾶσαν

1152 701 1232 737 ὑπῄει
1254 701 1303 736 τὴν
1320 700 1487 736 οἰκονομίαν,
1505 700 1559 726 τῶν
1577 699 1682 726 οἰκείων
1699 699 1870 734 μεταδιδοὺς,
1885 699 1942 726 ἀλλ’

1150 748 1199 774 οὐκ
1217 748 1434 782 ἀντεπαγόμενος
1450 746 1504 773 τῶν
1517 746 1673 782 ἀλλοτρίων.
1692 745 1796 772 Οὐκοῦν
1812 746 1838 772 τί
1850 745 1943 780 φοὸεῖ-

1151 793 1211 820 σθαι
1225 793 1277 828 χρὴ
1296 792 1344 828 τὴν
1372 792 1502 828 ἕνσαρκον
1520 791 1692 825 οἰκονομίαν,
1706 790 1767 816 ἐπεὶ
1785 790 1823 826 μὴ
1845 790 1943 825 ἐμολύ-

1148 847 1208 865 νετο
1231 839 1244 864 ό
1269 837 1434 873 ὰμόλυντος,
1457 836 1522 872 μηδὲ
1542 838 1574 863 ὲκ
1599 837 1647 872 τῆς
1667 836 1767 872 σαρκὸς
1781 836 1796 861 ὁ
1811 835 1942 870 ἀμίαντος

1148 883 1285 918 ἐμιαίνετο
1296 903 1303 915 ,
1316 883 1383 918 μηδὲ
1396 882 1585 918 συνεῳθείρετο
1600 883 1632 916 τῇ
1645 881 1691 907 τοῦ
1709 881 1834 916 σώματος
1851 880 1940 916 οἰκεία

1152 928 1230 963 φύσει
1245 929 1373 964 ὁάπαθὴς
1390 928 1436 955 τοῦ
1450 928 1518 955 Θεοῦ
1533 928 1628 962 Λόγοςς
1642 927 1702 954 ἐπεὶ
1718 927 1785 962 μηδὲ
1797 927 1872 962 ἡλίου
1887 927 1940 954 πά-

1152 975 1222 1002 θοιεν
1241 975 1273 1002 ἄν
1291 984 1318 1002 τι
1337 976 1444 1006 ἀκτῖνες
1465 974 1568 1010 νεκρῶν
1589 974 1634 1000 καὶ
1653 973 1786 1000 παντοίων
1801 973 1936 1006 σωμάτων

1152 1022 1339 1057 ἑπαφώμεναι.
1349 1021 1393 1058 Τῷ
1406 1021 1433 1048 δὲ
1448 1021 1511 1056 θείῳ
1521 1021 1598 1055 Λόγῳ
1608 1019 1759 1055 τοῦμπαλιν
1769 1019 1799 1045 τὸ
1815 1018 1936 1054 φθαρτὸν

1153 1068 1366 1103 μετεσκευάζετο
1376 1088 1382 1100 ,
1394 1069 1440 1094 καὶ
1458 1067 1536 1101 ἅγιόν
1548 1076 1577 1093 τε
1593 1066 1640 1093 καὶ
1654 1065 1796 1097 ἀθάνατον,
1810 1065 1828 1092 ὃ.
1846 1073 1875 1091 τε
1890 1064 1936 1090 καὶ

1150 1113 1184 1151 ἦν
1198 1115 1272 1151 αὐτῷ
1288 1114 1424 1150 βουλητὸν,
1435 1113 1590 1140 ἁπετελεῖτο
1599 1133 1605 1138 .
1621 1112 1675 1138 Ναὶ
1688 1111 1740 1146 μὴν
1756 1111 1802 1138 καὶ
1813 1111 1874 1142 ταῖς
1887 1110 1930 1135 ἔνο

1151 1161 1221 1193 θέοις
1235 1160 1282 1187 τοῦ
1302 1160 1456 1195 Πνεύματος
1479 1158 1584 1194 βουλαῖς
1599 1165 1629 1183 τε
1648 1157 1695 1183 καὶ
1713 1155 1828 1192 πράξεσι
1847 1154 1931 1189 διηκο

1150 1208 1230 1233 νεῖτο.
1242 1206 1327 1232 Τοῦτο
1339 1203 1384 1232 οῦν
1399 1205 1457 1231 ὅλον
1467 1203 1506 1239 τῷ
1517 1202 1763 1238 φιλανθρωποτάτῳ
1778 1200 1837 1236 Θεῷ
1851 1209 1881 1228 τε
1891 1200 1938 1227 καὶ

1150 1252 1218 1279 Θεοῦ
1231 1252 1308 1286 Λόγῳ
1321 1251 1390 1287 ὑπὲρ
1405 1251 1452 1285 τῆς
1466 1250 1574 1276 πάντων
1586 1248 1735 1284 ἀνθρώπων
1747 1246 1893 1282 θεραπείας
1908 1254 1937 1272 τε

1151 1299 1196 1325 καὶ
1209 1298 1344 1333 σωτηρίας
1351 1298 1410 1328 ταῖς
1420 1296 1474 1322 τῶν
1485 1294 1630 1331 προφητῶν
1638 1293 1790 1324 ἀκολούθως
1798 1292 1938 1328 ἐνηργεῖτο

1150 1345 1251 1379 φωναῖς
1263 1365 1270 1377 ,
1284 1343 1385 1371 ἀνωθεν
1402 1344 1434 1368 ἐκ
1454 1341 1575 1368 παλαιῶν
1595 1340 1696 1376 χρόνων
1714 1339 1763 1375 τὴν
1780 1337 1936 1373 θαυμασίαν

1149 1391 1181 1417 ὲκ
1207 1389 1344 1424 Παρθένου
1372 1389 1497 1423 γέννησιν
1532 1386 1614 1414 αὑτοῦ
1655 1383 1935 1422 προμαρτυρομέναις.

1149 1435 1255 1471 Σφόδρα
1281 1435 1310 1461 δὲ
1339 1434 1495 1469 ἀναγκαίως
1518 1434 1532 1459 ὁ
1559 1432 1700 1468 προφήτης
1727 1430 1871 1466 προτάττει
1885 1428 1937 1463 τῆς

1149 1481 1182 1507 ὲκ
1205 1479 1344 1516 Παρθένου
1366 1478 1498 1513 γενέσεως
1514 1477 1560 1503 τοῦ
1580 1475 1697 1512 Χριστοῦ
1717 1474 1747 1500 τὺ
1762 1471 1935 1508 ὲπιστρεφές,

1148 1525 1291 1560 θιτιφωνῶν
1318 1525 1446 1560 ἄντικρυς
1467 1525 1524 1554 τοῖς
1552 1522 1653 1549 τούτων
1679 1519 1863 1556 ἀκροωμένοις
1890 1517 1933 1548 τὸ.

1150 1581 1161 1599 ε
1184 1572 1246 1599 Ἐὰν
1269 1572 1306 1608 μὴ
1324 1571 1497 1606 πιστεύσητε,
1516 1569 1576 1596 οὐδὲ
1590 1568 1626 1604 μὴ
1642 1568 1736 1603 συνῆτε
1748 1575 1755 1581 ·
1775 1576 1785 1592 ι
1801 1562 1824 1599 ᾧ
1839 1564 1935 1599 ἐπιφέμ

1150 1626 1190 1654 ρει
1210 1617 1273 1652 ἑξῆς
1299 1617 1333 1643 τΞι
1357 1616 1450 1643 τοῦτον
1466 1616 1561 1650 ἔχοντα
1583 1614 1628 1641 τὸν
1648 1613 1764 1648 τρόπον·
1785 1620 1795 1637 ι
1816 1609 1880 1637 Ἐὰν
1895 1608 1934 1645 μὴ

1147 1663 1321 1698 πιστεύσητε,
1336 1662 1395 1689 οὐδὲ
1414 1661 1450 1697 μὴ
1468 1661 1575 1696 συνῆτε.
1588 1669 1597 1685 ›
1623 1669 1631 1684 ι
1648 1659 1702 1685 Kal
1714 1656 1860 1693 προσέθετο
1876 1655 1935 1682 Κύ-

1147 1717 1204 1744 ριος
1224 1707 1338 1743 λαλῆσαι
1367 1708 1405 1743 τῷ
1423 1705 1520 1741 Ἀχαζ,
1554 1706 1640 1739 λέγων
1657 1712 1664 1719 ·
1688 1703 1804 1738 Δῖτησαι
1828 1699 1936 1734 σεαυτῷ

1147 1756 1258 1790 σημεῖον
1272 1754 1348 1789 παρὰ
1364 1753 1466 1789 Κυρίου
1481 1752 1527 1779 τοῦ
1548 1750 1615 1778 Θεοῦ
1640 1758 1684 1776 σου
1705 1749 1744 1780 είς
1765 1748 1847 1783 βάθος
1860 1746 1878 1782 ἢ
1893 1747 1935 1778 εἰς

1146 1800 1221 1835 ὕψος.
1253 1800 1308 1826 Kal
1329 1798 1404 1826 εἶπεν
1430 1797 1533 1833 Ἀχαζ·
1558 1797 1595 1823 Οὐ
1619 1796 1656 1831 μὴ
1678 1795 1792 1829 αίτήσω,
1809 1790 1880 1835 om;
1894 1791 1934 1827 μὴ

1145 1833 1268 1881 πειράσω
1295 1844 1406 1879 Κύριον.
1429 1843 1483 1870 Καὶ
1507 1839 1598 1868 εἶπεν
1628 1839 1773 1866 Ἀκούσατε
1789 1838 1839 1872 δὴ,
1857 1833 1933 1881 elato;

1145 1879 1240 1917 Δαυῖδ·
1260 1889 1302 1925 Μὴ
1321 1888 1417 1924 μικρὸν
1434 1888 1497 1922 ὑμῖν
1511 1885 1664 1922 ἀνθρώποις
1682 1883 1812 1918 παρέχειν
1823 1879 1933 1925 ἀγῶνας

1145 1936 1192 1962 καὶ
1213 1935 1271 1967 πῶς
1286 1924 1380 1969 Κυρίῳ
1402 1932 1535 1968 παρέχετε
1554 1930 1665 1964 ἀγῶνα;
1681 1927 1731 1955 Διά
1752 1926 1831 1954 τοῦτο
1850 1924 1933 1952 δώσει

1144 1980 1245 2016 Κύριος
1260 1979 1340 2010 αὐτὸς
1354 1979 1416 2013 ὑμῖν
1430 1978 1556 2012 σημεῖον·
1581 1974 1635 2001 ἰδοὺ
1651 1975 1667 2008 ἡ
1684 1971 1820 2008 Παρθένος
1837 1971 1866 1997 ὲν
1878 1977 1932 2016 γαῖι

1144 2014 1206 2062 στρ).
1231 2025 1358 2061 λήψεται,
1381 2024 1428 2051 καὶ
1450 2023 1555 2055 τέξεται
1579 2021 1650 2051 υίὺν,
1676 2019 1723 2046 καὶ
1749 2017 1873 2047 καλέσεις
1900 2014 1931 2041 τδ

1143 2061 1227 2108 δνομα
1239 2071 1320 2099 αὑτοῦ
1340 2068 1522 2105 Ἐμμανουήλ.
1542 2067 1675 2102 Βοὺτυρον
1689 2065 1736 2091 καὶ
1761 2063 1821 2098 μέλι
1843 2061 1930 2108 φάγε-

1142 2105 1198 2150 ταιξ
1214 2117 1279 2153 πρὶν
1295 2117 1311 2152 ἢ
1331 2115 1432 2150 γνῶναι
1453 2113 1532 2140 αὐτὸν
1545 2113 1562 2147 ἢ
1580 2109 1739 2147 προελέσθαι
1754 2105 1920 2153 πονηρὰηέκ

1142 2151 1248 2196 λέξεται
1261 2163 1292 2190 τὸ
1311 2161 1426 2196 ἀγαθόν·
1449 2160 1515 2186 διότι
1537 2158 1600 2193 πρὶν
1615 2158 1632 2192 ἦ
1654 2154 1754 2190 γνῶναι
1771 2153 1802 2180 τὺ
1820 2151 1929 2196 παιδίον

1143 2195 1243 2242 ἀγαθὸν
1265 2207 1282 2242 ἢ
1305 2195 1399 2239 κακὸν,
1423 2204 1532 2231 ἀπειθεῖ
1553 2201 1679 2238 πονηρίᾳ,
1703 2199 1750 2226 τοῦ
1767 2195 1930 2242 ἐκλέξασθαι

311 2241 320 2247 .
339 2241 367 2248 ν.
392 2241 448 2247 ......
471 2241 652 2250 -.-....._..-._,
671 2241 724 2245 ..νη
742 2241 910 2252 ...ψηνηη
1017 2241 1041 2242 η
1069 2241 1073 2242 ,

306 2275 371 2302 ceps
387 2266 510 2300 adiungit
533 2273 566 2292 ea
585 2271 645 2300 quae
664 2264 690 2291 in
707 2263 779 2290 hunc
796 2262 904 2290 modum
918 2270 947 2289 se
965 2261 1064 2288 habent
1082 2270 1088 2288 :

1146 2255 1172 2281 τὸ
1187 2253 1298 2288 ἀγαθόν.
1319 2253 1374 2280 Kal
1389 2249 1632 2284 καταλειφθήσεται
1653 2248 1670 2282 ή
1686 2246 1733 2282 γῆ,
1751 2245 1784 2280 ἢν
1799 2243 1832 2270 σὺ
1845 2241 1928 2277 φοὸᾖ,

308 2323 323 2340 ι
339 2313 368 2340 Si
380 2321 435 2340 non
447 2310 629 2343 credideritis,
643 2318 697 2337 non
710 2309 877 2344 intelligetis.
894 2317 948 2334 ι-
968 2317 976 2332 ι
997 2307 1028 2334 Et
1042 2307 1090 2334 ad-

303 2360 369 2394 jecit
391 2358 523 2386 Dominus
546 2357 619 2392 loqui
648 2356 681 2383 ad
701 2355 793 2382 Achaz
818 2354 935 2382 dicens:
956 2353 1018 2380 Pete
1041 2353 1089 2380 tibi

305 2406 413 2440 signum
438 2411 453 2430 a
479 2403 593 2430 Domino
619 2401 674 2429 Deo
699 2405 745 2428 tuo
762 2401 789 2428 in
804 2399 969 2435 profundum
994 2402 1040 2425 aut
1063 2399 1089 2425 in

304 2452 454 2479 excelsum.
468 2449 501 2477 Et
516 2448 585 2476 dixit
603 2448 695 2475 Acha:
713 2457 718 2474 :
734 2446 793 2474 Non
812 2451 910 2481 petant,
927 2452 1014 2480 neque
1031 2449 1090 2471 ten-

305 2498 368 2525 tabo
384 2497 537 2524 Dominum.
549 2494 581 2521 Et
594 2494 680 2522 dixit:
692 2493 791 2520 Audite
802 2492 869 2527 jam,
880 2492 977 2519 domtts
988 2489 1070 2517 David
1081 2499 1088 2517 :

305 2542 374 2570 Num
394 2549 489 2577 parum
516 2541 594 2568 vobis
619 2544 672 2571 est,
689 2538 845 2565 hominibus
863 2536 991 2564 exhibere
1002 2539 1089 2562 certa-

305 2587 424 2615 meniet
439 2595 490 2614 cur
507 2586 621 2613 Domino
642 2584 777 2621 exhibetis
801 2581 956 2610 certamen?
980 2584 1090 2615 propter

299 2633 356 2660 hoc
367 2633 443 2660 dabit
459 2632 590 2659 Dominus
612 2631 670 2666 ipse.
694 2628 771 2656 vobis
795 2628 992 2662 signumzecce
1006 2623 1089 2658 Virgo

305 2680 332 2706 in
345 2683 423 2706 utero
447 2678 545 2712 capiet.
560 2681 586 2704 et
603 2676 691 2712 pariet
713 2675 810 2706 lilium,
825 2677 851 2700 et
868 2671 978 2699 vocabis
991 2677 1089 2697 nomen

304 2725 364 2758 ejus
380 2723 554 2753 Emmanuel,
575 2722 705 2758 Butyrum
731 2724 757 2748 et
777 2719 829 2746 mel
855 2717 988 2748 comedet,
1001 2718 1088 2751 prius-

304 2778 385 2804 quam
408 2773 553 2804 cognoscat
577 2768 642 2800 ipse,
661 2771 707 2794 ant
731 2766 812 2800 eligat
837 2763 919 2796 mala,
935 2765 964 2789 ut
993 2760 1088 2795 seligat

307 2818 406 2843 bonum
423 2825 428 2842 :
446 2815 510 2850 quia
527 2815 602 2849 prius
625 2821 705 2848 quant
722 2813 868 2846 cognoscat
895 2815 961 2843 puer
987 2807 1087 2834 bonum

307 2865 353 2887 aut
369 2861 480 2891 malum,
498 2867 551 2886 non
578 2863 620 2885 est
647 2858 778 2884 obediens
799 2855 918 2884 malitiae.
940 2857 969 2879 ut
993 2852 1088 2886 seligat

308 2909 417 2935 bonum.
433 2905 465 2932 Et
480 2899 724 2940 comprehendetur
738 2906 822 2933 terra,
839 2908 918 2936 quam
935 2905 962 2926 tu
978 2898 1056 2925 times
1072 2905 1086 2924 a

1140 2301 1194 2328 ἀπὸ
1210 2299 1353 2335 προσώπου
1365 2298 1419 2325 τῶν
1431 2297 1477 2324 δύο
1497 2295 1636 2332 βασιλέων.
1657 2303 1666 2320 ι
1685 2293 1739 2320 Καὶ
1760 2291 1795 2318 τὰ
1812 2290 1864 2326 μὲν
1879 2290 1928 2324 τῆς

1139 2334 1306 2381 προφητείας
1320 2341 1372 2371 ὧδέ
1384 2352 1422 2379 πη
1437 2341 1509 2378 εἶχεν
1518 2351 1524 2358 ·
1542 2341 1685 2375 ἐπιστῆσαι
1697 2339 1725 2365 δὲ
1736 2337 1810 2372 ἀξιον
1824 2335 1864 2372 τῷ
1876 2334 1924 2362 τοῦ

1140 2392 1219 2426 λόγου
1247 2390 1381 2426 προοιμίῳ
1407 2387 1603 2425 μαρτυρομένῳ
1624 2386 1681 2417 τοῖς
1701 2382 1921 2419 ἐντυγχάνουσιν.

1139 2439 1191 2469 ὅτι,
1205 2437 1251 2464 ἐὰν
1266 2437 1302 2472 μὴ
1317 2435 1510 2465 πιστεύσωσιν,
1522 2433 1582 2459 οὐδὲ
1597 2432 1634 2468 μὴ
1650 2429 1759 2457 συνῶσι.
1773 2427 1830 2456 Καὶ
1843 2429 1925 2461 ἀναγ·

1140 2483 1224 2515 καίως
1243 2482 1311 2518 χρῆν
1330 2478 1561 2516 ἐπισημήνασθαι,
1577 2475 1744 2507 δεικνύντας,
1759 2474 1801 2501 ὅτι
1819 2472 1857 2509 μὴ
1877 2472 1926 2508 μό·

1140 2538 1185 2556 νον
1201 2529 1345 2560 συνέσεως,
1359 2526 1427 2553 ἀλλὰ
1440 2526 1487 2552 καὶ
1508 2523 1623 2554 πίστεως
1642 2521 1682 2548 δεῖ
1694 2521 1750 2552 τοῖς
1765 2518 1928 2554 ἐντευξομέ-

1140 2583 1205 2606 νοις,
1229 2574 1276 2600 καὶ
1299 2573 1329 2599 οὺ
1358 2571 1436 2607 μόνον
1462 2570 1590 2600 πίστεως,
1619 2567 1687 2594 ἀλλὰ
1709 2565 1757 2593 καὶ
1780 2564 1926 2594 συνέσεως.

1141 2619 1222 2646 Ὅθεν
1234 2620 1258 2646 οί
1274 2619 1306 2645 ὲκ
1321 2615 1472 2652 περιτομῆς
1485 2614 1523 2650 μὴ
1541 2612 1733 2643 πιστεύσαντες
1747 2610 1787 2642 ειυς
1801 2610 1847 2637 τὸν
1858 2609 1926 2645 Χρι-

1141 2666 1202 2692 στὸν
1224 2664 1272 2691 τοῦ
1293 2663 1372 2695 Θεοῦ,
1393 2661 1477 2688 εἰσέτι
1496 2661 1542 2687 καὶ
1558 2659 1605 2687 νῦν
1618 2658 1719 2685 τούτων
1740 2655 1924 2692 ἀκροώμενοι.

1139 2711 1215 2738 οὔπω
1237 2710 1284 2737 καὶ
1305 2709 1345 2740 είς
1367 2707 1446 2743 δεῦρο
1469 2706 1589 2740 συνῆκαν
1609 2704 1655 2730 τὸν
1677 2701 1925 2738 προφητευόμενον,

1139 2757 1210 2783 ὥστε
1230 2757 1273 2782 ἐπ’
1292 2755 1382 2786 αὐτοῖς
1401 2752 1520 2788 πρώτοις
1535 2748 1719 2785 ἐπαληθεῦσαι
1739 2747 1789 2782 τὴν
1804 2746 1927 2783 πρόρᾐ

1140 2811 1198 2829 σιν·
1216 2802 1284 2836 ἀκοῇ
1300 2801 1355 2835 γὰρ
1378 2798 1430 2826 τῶν
1454 2797 1518 2833 περὶ
1541 2795 1588 2823 τοῦ
1609 2793 1728 2831 Χριστοῦ
1752 2790 1926 2828 προφητειῶν

1138 2848 1183 2876 διὰ
1200 2849 1287 2882 πάσης
1302 2846 1407 2882 ἡμέρας
1421 2843 1574 2874 ἀκούοντες,
1588 2841 1639 2869 ὠσὶ
1650 2839 1769 2871 διανοίας
1783 2839 1836 2866 οὐκ
1845 2837 1926 2866 ἀκού-

1138 2903 1222 2922 ουσιν.
1239 2894 1295 2928 Τῆς
1310 2901 1339 2919 τε
1357 2891 1467 2926 ἀγνοίας
1484 2889 1572 2917 αὐτῶν
1589 2889 1674 2916 αἴτιον
1691 2887 1766 2914 οὐδὲν
1790 2886 1886 2922 ἓτερον
1907 2885 1923 2919 ἢ
