2089 3218
158 179 208 207 ιθπ

586 168 914 200 DEMONSTRATIONIS
932 167 1163 198 EVANGELleE
1183 169 1248 198 LIB.
1269 171 1328 206 Vll.

1735 173 1789 203 I90

154 233 273 262 ἀπιστία
287 232 425 268 τυγχάνει,
443 230 490 258 καὶ
506 230 584 256 τοῦτο
603 230 651 265 τῆς
672 228 850 264 προρρήσεως
863 225 948 260 ἀψευ-

1006 226 1069 254 Facie
1083 227 1198 255 duorum
1212 215 1346 263 regum".
1362 238 1372 254 ι
1386 228 1418 255 Et
1430 237 1490 265 qua
1505 230 1615 265 quidem
1627 231 1660 258 ad
1673 231 1789 267 prophe-

154 281 209 313 δὼς
233 281 297 316 περὶ
319 278 409 306 αὐτῶν
438 278 483 304 καὶ
505 276 573 312 πρὸς
601 276 699 307 αὐτοὺς
724 272 948 308 ἀποφηναμένης.

159 338 169 353 ι
185 327 248 354 Ἐὰν
261 326 326 362 γὰρ,
337 335 347 351 ›
362 325 440 360 φησὶ,
453 334 461 350 ι
469 323 507 360 μὴ
515 322 689 357 πιστεύσητε,
700 320 759 348 οὐδὲ
771 319 810 356 μὴ
821 318 946 354 συνῆτε.»

163 374 233 401 Ἀλλ’
257 375 281 400 ει
297 374 376 407 φαῖεν
401 372 438 408 μὴ
463 370 612 406 Παρθένον,
630 368 720 395 νεᾶνιν
739 366 768 393 δὲ
790 364 948 402 ὠνομάσθαι

157 421 187 447 ὲν
200 421 235 456 τῇ
249 419 342 455 Γραφῇ
358 418 439 454 (οὕτω
464 416 518 453 γάρ
528 424 594 450 φασι
608 414 738 450 φέρεσθαι
755 414 820 450 παρ’
831 412 932 444 αὐτοϊςὶ
941 432 948 443 ,

159 467 207 493 καὶ
231 467 306 492 ποῖον
322 465 356 492 ἂν
377 464 491 499 γένοιτο,
506 463 638 497 φήσομεν,
656 462 767 496 σημεῖον
783 459 948 495 ἐπαγγελίας

159 512 228 540 Θεοῦ
244 512 328 546 ἀξιον,
350 512 375 537 εί
399 509 520 545 συνήθως
541 507 653 539 τίκτειν,
669 505 713 535 οἷα
729 507 776 534 καὶ
799 507 884 534 πᾶσαι
898 514 947 540 γυ-

159 561 263 591 ναῖκες,
281 558 310 591 ἐξ
328 556 436 593 ὁμιλίας
455 555 551 591 ἀνδρὸς
564 556 592 581 ὲν
607 554 706 589 γαστρὶ
726 552 845 580 λαὸοὗσα
860 552 950 584 νεᾶνίς

159 614 203 638 τις
218 604 328 640 tackle;
342 602 404 634 Πῶς
417 602 446 628 δὲ
459 601 506 629 καὶ
519 599 585 632 Θεὸς
600 597 634 636 ἦν
647 601 661 626 ὁ
675 599 704 633 ἐξ
717 599 802 635 αὐτῆς
814 597 949 634 γεννώμε-

166 662 221 686 νοςς
237 652 284 680 καὶ
302 652 350 686 οὐχ
366 649 461 682 ἁπλῶς
474 648 551 681 Θεὸς,
567 648 625 675 ἀλλ’
640 649 656 675 ὀ
670 647 735 682 μεθ’
750 645 851 681 Mar;
870 645 949 671 τοῦτο

163 700 216 737 γὰρ
235 698 377 734 σημαίνειν
396 696 520 731 βούλεται
537 695 569 721 τὸ
587 692 770 729 Ἐμμανουήλ,
794 692 862 727 ὅπερ
883 690 949 726 φησὶ

160 747 216 774 δεῖν
229 744 372 780 ὀνομάζειν
390 743 436 769 τὸν
456 741 633 777 γεννώμενον.
654 750 663 766 t
685 739 749 766 Ἰδοὺ
772 738 827 774 γὰρ
843 739 860 774 ή
877 738 950 772 Παρ-

162 791 249 823 θένος,
272 790 364 825 φησὶν,
385 788 414 814 ὲν
431 787 530 823 γαστρὶ
549 785 672 821 λήψεται,
691 784 738 811 καὶ
758 783 864 816 τέξεται
881 782 947 814 υἱὸν,

162 837 211 864 καὶ
231 835 357 866 καλέσεις
375 833 406 860 τὸ
427 833 512 867 ὄνομα
525 831 607 858 αὑτοῦ
627 829 814 866 Ἐμμανουήλ·
836 839 844 854 ι
859 828 873 854 ὅ
893 829 949 854 ἐστι

163 881 443 919 μεθερμηνευόμενον,
467 878 529 914 μεθ’
546 877 630 912 ἡμῶν
645 878 660 903 ό
674 876 756 909 Θεός,
773 875 851 906 Ποῖος
862 874 890 900 δὲ
903 874 949 900 καὶ

162 911 325 963 ἆγὼῖθέῷ,
389 911 474 956 ποῖος⁷
486 924 518 951 ἃν
537 911 578 959 εῑή
601 922 693 954 κόπος,
717 922 763 947 καὶ
788 920 886 955 μόχθος
906 920 951 945 ἐπὶ
967 911 988 938 Β

163 973 274 1009 συνήθει
285 971 378 1007 τρόπῳ
392 969 520 1004 γυναικὸς
535 967 694 1002 τικτούσης;
713 966 756 992 Ἐν
771 965 819 1000 μὲν
831 964 885 1001 γὰρ
897 965 952 995 τοῖς

163 1019 308 1056 ἡμετέροις
335 1016 524 1052 ἀντιγράφοις,
550 1013 594 1048 ὑφ’
623 1012 822 1047 Ἐὃὸομήκοντα
849 1009 953 1045 ἀνδρῶν

164 1065 268 1094 ἄνωθεν
286 1064 336 1100 μὲν
353 1062 485 1098 Ἐϐραίων
501 1061 531 1087 τὺ
547 1060 635 1094 γένος,
656 1059 698 1085 ἐπ’
714 1057 841 1094 ἁκριὸείᾳ
855 1056 883 1083 δὲ
904 1056 952 1090 τῆς

166 1112 284 1148 πατρίου
315 1109 439 1140 παιδείας
469 1105 705 1142 δεδοκιμασμένων
726 1103 951 1140 ὴρμηνευμένοις,

163 1155 216 1187 ὧδέ
234 1166 291 1189 πως
307 1157 418 1192 φέρεται
431 1164 438 1170 ·
461 1164 470 1180 ι
492 1153 537 1188 Μὴ
561 1152 658 1188 μικρὸν
675 1152 738 1186 ὑμῖν
756 1150 850 1185 ἀγῶνα
885 1157 954 1184 παρ-

164 1205 240 1240 έχειν
260 1201 412 1238 ἀνθρώποις
425 1209 432 1233 ;
450 1199 498 1227 καὶ
511 1199 569 1230 πῶς
585 1197 679 1233 Κυρίῳ
695 1196 827 1232 παρέχετε
843 1195 952 1230 ἀγῶνα;

164 1251 211 1278 διὰ
223 1250 301 1277 τοῦτο
316 1247 396 1275 δώσει
415 1246 515 1282 Κύριος
531 1244 611 1275 αὐτὸς
627 1244 691 1279 ὑμῖν
711 1243 832 1278 σημεῖον·
854 1241 919 1268 Ἰδοὺ
938 1242 953 1276 ή

167 1296 304 1333 Παρθένος
320 1296 349 1322 ἐν
373 1294 472 1330 γαστρὶ
491 1291 615 1327 λήψεται,
638 1290 684 1316 καὶ
709 1289 814 1321 τέξεται
842 1287 909 1319 υἱον,
926 1287 954 1318 8.;

166 1343 330 1379 κεκλήσεται
353 1343 369 1369 ό
392 1342 457 1376 μεθ’
478 1338 562 1373 ἡμῶν
586 1338 667 1370 Θεός.
686 1346 694 1362 ι
722 1336 807 1362 Τοῦτο
827 1334 892 1370 γὰρ,
917 1334 954 1364 ὡς

167 1391 247 1426 {qr-Iw,
267 1388 362 1425 δηλοῦν
379 1386 502 1423 βούλεται
517 1386 548 1412 τὺ
568 1382 739 1420 Ἑμμανουὴλ
754 1382 847 1417 δνομα.
867 1381 911 1406 Ἐν
927 1379 955 1405 δὲ

166 1425 224 1469 τοῖς
239 1434 327 1463 αὐτῶν
347 1433 480 1461 Ἰουδαίων
501 1431 686 1467 ἀντιγράφοις,
713 1427 783 1455 κατὰ
806 1427 854 1462 τὴν
876 1425 955 1452 Ἀκύ-

166 1483 214 1510 λου
231 1480 381 1517 μεταϐολὴν
401 1479 560 1515 φερομένοις
585 1476 763 1512 (προσήλυτος
793 1474 822 1500 δὲ
843 1474 857 1499 ό
877 1472 957 1499 ’Δκύ-

167 1529 216 1560 In;
228 1526 274 1564 ἦν,
289 1527 320 1554 οὐ
333 1526 413 1561 φύσει
432 1523 578 1559 Ἰουδαῖος),
590 1523 663 1557 ὅμως
678 1521 700 1548 δ’
713 1518 759 1547 οὖν
777 1520 824 1546 καὶ⁷
838 1519 896 1545 κατ’
911 1517 957 1544 αὕ-

167 1575 215 1602 τδν
240 1573 333 1601 τοῦτον
360 1572 467 1608 εἴρηται
489 1570 533 1597 τὸν
556 1569 655 1604 τρόπον
672 1576 678 1582 '
707 1577 716 1593 ι
741 1565 887 1592 Ἀκούσατε
909 1564 953 1600 δὴ,
967 1578 990 1609 c

167 1619 242 1652 οἷκος
254 1619 335 1646 Δαυῖδ
345 1627 351 1633 ·
371 1620 434 1654 μήτι
448 1617 537 1651 ὀλίγον
554 1615 608 1641 ἀπὸ
623 1613 698 1649 ὑμῶν
715 1611 830 1647 μοχθοῦν
844 1611 953 1646 ἄνδρας,

168 1668 210 1695 ὅτι
225 1664 356 1702 μχθοῦτέ
370 1672 403 1698 γε
419 1663 466 1690 καὶ
479 1662 524 1688 τὸν
539 1660 642 1696 Κύριον
658 1659 724 1685 Θεὸν
738 1666 804 1693 μου;
817 1656 865 1684 Διὰ
879 1656 957 1683 τοῦτο

167 1712 248 1740 δώσει
267 1711 348 1742 αὐτὸς
366 1710 430 1745 ὑμῖν
443 1709 570 1744 σημεῖον·
591 1706 656 1732 Ἰδοὺ
672 1706 689 1741 ἡ
712 1705 800 1735 νεᾶνις
817 1705 845 1730 ἐν
858 1702 956 1738 γαστρὶ

168 1757 363 1793 συλλαμϐάνει,
376 1757 422 1783 καὶ
435 1756 522 1782 τίκτει
537 1753 604 1785 υἱον,
618 1753 665 1778 καὶ
678 1751 801 1781 καλέσεις
812 1749 897 1784 ὄνομα
909 1749 957 1775 αὐ-

168 1806 218 1833 τοῦ
240 1803 426 1840 Ἐμμανουήλ.
446 1812 455 1828 ι
476 1801 555 1837 Παρὰ
571 1800 599 1826 δὲ
617 1798 657 1833 τῷ
669 1797 808 1833 Συμμάχῳ
823 1795 899 1822 ταῦθ’
915 1794 956 1821 οὖ-

168 1860 225 1883 τως
238 1851 294 1886 ἔχει
303 1859 311 1866 ’
325 1849 443 1885 (λέγεται
458 1848 487 1874 δὲ
501 1849 515 1874 ὁ
532 1847 678 1881 Σύμμαχος
701 1843 855 1873 Ἐὸιωναῖος
870 1840 939 1868 εἶναι
949 1849 955 1855 ·

170 1898 276 1934 αἵρεσις
295 1896 324 1922 δὲ
339 1894 372 1931 ἦν
385 1894 456 1921 οὕτω
470 1892 644 1926 καλουμένων
664 1888 743 1915 τινῶν
766 1887 899 1914 Ἰουδαίων
918 1887 958 1917 εἰς

170 1943 289 1980 Χριστὸν
296 1941 432 1971 πιστεύειν
444 1938 608 1974 λεγομένων,
618 1936 647 1968 ὲξ
663 1932 699 1962 ὧν
711 1936 724 1961 ὁ
741 1934 887 1969 Σύμμαχος
901 1930 957 1967 ἧν.)

171 1979 271 2026 παρ“ᾧ
290 1989 338 2016 καὶ
359 1986 432 2022 αὐτῷ
454 1985 540 2012 ταῦτα
564 1983 649 2014 οὕτως
669 1982 741 2017 έχει·
769 1989 778 2006 ι
800 1979 956 2010 ’Λκούσατε,

170 2024 246 2068 οἰκος
259 2034 342 2062 Δαυῖὂ
353 2042 360 2049 ·
378 2033 424 2068 Μὴ
444 2033 493 2059 οὐκ
506 2031 641 2065 αὔταρκες
658 2029 721 2064 ὑμῖν
743 2025 842 2053 κοποῦν
858 2024 960 2060 ἀνθρώ-

171 2090 250 2115 πους,
267 2082 307 2109 ὅτι
327 2080 442 2108 xeno-31a
463 2079 510 2105 τὸν
528 2078 594 2104 Θεόν
618 2084 687 2112 μους
709 2075 758 2101 Διὰ
779 2072 857 2100 τοῦτο
880 2071 959 2098 δώσει

171 2128 253 2160 αὐτὸς
267 2128 331 2162 ὑμῖν
345 2127 456 2162 σημεῖον
468 2134 474 2140 ·
493 2124 558 2151 Ἰδοὺ
570 2125 587 2159 ἡ
603 2123 693 2153 νεᾶνις
708 2118 900 2154 συλλαμϐάνει,
913 2117 960 2143 καὶ

172 2174 259 2202 τίκτει
271 2173 340 2206 υίδν,
353 2172 401 2199 καὶ
414 2171 538 2202 καλέσεις
554 2169 638 2204 ὄνομα
653 2167 735 2194 αὐτοῦ
759 2163 940 2201 Ἐμμανουήλ.
949 2172 958 2188 ο

1003 271 1068 300 tiam
1086 273 1232 308 pertinent,
1250 275 1276 302 in
1293 274 1366 302 hunc
1379 275 1489 303 modum
1504 284 1535 303 se
1548 276 1658 306 habent.
1672 274 1788 312 Diligen-

1003 319 1058 346 tius
1070 327 1133 346 vero
1148 320 1289 350 attendere
1304 329 1353 357 par
1365 325 1407 349 est
1417 322 1504 357 ipsius
1516 323 1621 350 oracull
1633 323 1788 354 exordium,

1003 365 1076 400 quod
1092 366 1211 402 legentes
1226 367 1365 401 admonet,
1380 368 1404 396 si
1428 376 1483 396 non
1506 368 1682 402 crediderint,
1696 378 1732 397 ne
1747 370 1789 396 in-

1004 411 1159 440 tellecturos
1183 412 1292 448 quidem
1310 421 1390 448 esse;
1406 418 1432 442 et
1444 421 1511 443 sane
1530 414 1661 444 adnotare
1677 423 1790 443 necesse

1004 456 1065 489 fuit,
1081 461 1162 492 atque
1184 459 1338 492 ostendere,
1361 460 1435 495 quod
1451 469 1505 488 non
1530 461 1618 489 solum
1639 461 1787 494 intellectu,

1004 504 1051 532 sed
1064 504 1145 532 etiam
1162 505 1213 533 lide
1230 505 1263 534 iis
1273 506 1319 541 qui
1337 507 1433 534 lecturi
1445 511 1519 540 sunt,
1531 515 1600 543 opus
1614 507 1661 539 sit,
1670 511 1697 534 et
1708 507 1790 534 vicis-

1003 551 1066 584 sim,
1092 559 1145 579 non
1172 552 1260 579 solum
1277 552 1328 580 ﬁde
1345 552 1392 581 sed
1408 553 1489 580 etiam
1515 554 1663 581 intellectu.
1681 554 1718 581 Ex
1734 561 1790 589 quo

1003 595 1089 624 Judaei
1111 597 1159 632 qui
1179 598 1206 625 in
1228 598 1368 626 Christum
1381 598 1427 626 Dei
1440 607 1493 627 non
1515 599 1690 628 crediderunt
1706 600 1787 627 etiam

1003 651 1077 670 nunc
1103 643 1161 671 haec
1180 644 1335 676 audientes,
1356 645 1478 673 nondum
1503 650 1593 673 tamen
1615 646 1678 681 quis
1699 646 1788 679 sit,de

1003 696 1057 723 quo
1073 689 1203 724 propheta
1219 690 1339 725 loquitur
1355 691 1594 724 intellexerunt,ut
1609 693 1636 719 iu
1651 693 1718 727 ipsis
1733 693 1790 727 pri-

1003 735 1056 762 mis
1074 736 1214 764 veritatem
1231 744 1307 764 snam
1326 737 1479 772 probaverit
1491 738 1649 765 vaticinium
1668 748 1675 764 :
1693 738 1787 765 auditu

1003 782 1076 809 enim
1099 785 1156 809 tota
1176 783 1220 809 die
1241 783 1396 817 prophetias
1408 782 1441 810 de
1452 783 1561 811 Christo
1576 783 1728 817 audientes,
1738 792 1789 811 au—-

1004 828 1080 856 ribus
1106 828 1290 863 intelligentiae
1315 837 1369 856 non
1400 830 1524 856 audiunt.
1550 829 1638 864 Atque
1666 831 1788 865 ipsorum

1004 874 1164 908 ignorantiae
1186 874 1238 900 alia
1254 875 1327 901 nulla
1340 878 1382 901 est
1397 881 1480 902 causa
1497 882 1579 909 quam
1602 875 1789 908 incredulitas,

1002 926 1064 946 cum
1080 919 1167 954 ipsum
1182 920 1232 947 hoc
1245 920 1348 955 absque
1373 920 1514 948 mendacio
1529 925 1557 948 et
1572 920 1606 948 de
1620 920 1698 956 ipsis.
1713 925 1740 948 et
1755 921 1789 948 ad

1003 965 1077 1000 ipsos
1088 965 1258 998 vaticinium,
1273 966 1351 1001 plane
1362 967 1564 994 enuntiaverit:
1579 976 1588 992 ι
1604 965 1632 993 Si
1647 967 1719 994 enim
1735 974 1790 994 non

1002 1010 1184 1042 credideritis,
1204 1011 1302 1046 inquit,
1319 1019 1353 1039 ne
1370 1012 1526 1046 intelligetis
1547 1012 1668 1047 quidem.
1684 1022 1693 1037 ι
1711 1011 1791 1044 Quod

1004 1057 1027 1084 si
1045 1056 1163 1084 dixerint
1183 1065 1238 1084 non
1265 1057 1414 1093 Virginem,
1430 1057 1478 1085 sed
1492 1058 1610 1093 puellam
1632 1058 1703 1093 apud
1716 1058 1790 1086 Scri-

1003 1106 1111 1137 pturam
1134 1105 1300 1131 nominatam
1314 1112 1375 1132 esse
1390 1105 1441 1138 (sic
1453 1105 1524 1132 enim
1538 1105 1614 1132 aiunt
1631 1105 1702 1140 apud
1714 1105 1790 1140 ipsos

1003 1149 1120 1185 haberi),
1146 1150 1300 1185 cujusmodi
1327 1150 1436 1177 tandem
1460 1151 1567 1185 signum
1594 1151 1646 1178 hoc
1666 1150 1788 1178 futurum

1004 1195 1136 1228 dicemus.
1153 1196 1224 1231 quod
1251 1195 1342 1223 divina
1366 1196 1547 1231 promissione
1573 1196 1609 1225 sit
1628 1197 1749 1232 dignum,
1764 1197 1788 1224 si

1005 1242 1114 1274 usitate,
1127 1242 1355 1277 quemadmodum
1365 1248 1470 1271 caetera:
1480 1251 1574 1271 omnes
1590 1243 1729 1275 mulieres,
1741 1243 1787 1270 ubi

1004 1296 1036 1315 ex
1068 1288 1118 1315 viri
1146 1288 1340 1323 conjunctione
1365 1297 1509 1324 praegnans
1537 1291 1672 1321 evaserit,
1699 1289 1788 1324 puella

1004 1333 1138 1368 quapiam
1165 1333 1216 1361 fuit
1243 1335 1384 1369 paritura?
1409 1335 1550 1367 Quomodo
1573 1338 1702 1369 pratterea
1718 1333 1791 1361 Deus

1004 1380 1057 1406 erit
1071 1380 1118 1415 qni
1134 1388 1167 1406 ex
1183 1380 1229 1407 illa
1259 1386 1398 1412 nascatur,
1414 1388 1502 1415 neque
1528 1380 1689 1415 simpliciter
1705 1379 1787 1410 Deus,

1005 1426 1051 1453 sed
1075 1426 1210 1453 nobiscum
1231 1425 1321 1454 Deus?
1334 1427 1386 1454 hoc
1412 1427 1484 1454 enirn
1509 1427 1642 1461 signiﬁcat
1659 1434 1710 1453 vox
1727 1425 1790 1453 Em-

1006 1473 1124 1504 manuel.
1140 1480 1194 1508 quo
1212 1473 1322 1500 nomine
1339 1473 1376 1500 ait
1390 1480 1451 1500 esse
1471 1472 1623 1500 vocandum
1646 1472 1720 1499 illum
1744 1472 1790 1506 qui

1007 1523 1159 1546 nascetur:
1179 1528 1188 1545 ι
1215 1518 1283 1547 Ecce
1304 1519 1386 1550 enim,
1419 1519 1518 1554 inquit,
1545 1518 1628 1553 Virgo
1656 1519 1683 1546 in
1713 1522 1793 1545 utero

1006 1565 1105 1600 capiet,
1117 1564 1198 1600 316
1208 1568 1235 1592 et
1250 1565 1337 1600 pariet
1351 1565 1446 1597 lilium,
1458 1569 1484 1593 et
1500 1565 1608 1592 vocabis
1622 1572 1719 1591 nomen
1732 1564 1791 1598 ejus

1009 1611 1177 1644 Emmanuel,
1192 1621 1201 1637 ι
1218 1611 1290 1646 quod
1307 1615 1359 1644 est,
1374 1612 1396 1639 si
1407 1611 1469 1646 quis
1484 1611 1687 1644 interpretetur,
1702 1610 1792 1638 nobis.-

1007 1667 1065 1686 cum
1083 1659 1162 1686 Deus.
1183 1658 1344 1693 Cujusmodi
1369 1661 1459 1685 autem
1486 1661 1624 1684 certamen
1652 1656 1718 1687 Deo,
1746 1660 1792 1682 aut

1009 1705 1072 1740 quis
1086 1704 1194 1731 tandetn
1212 1704 1299 1735 labor,
1318 1710 1411 1738 quaeve
1426 1703 1572 1730 dillicultas
1589 1701 1707 1736 objecta,
1720 1702 1744 1728 si
1758 1701 1792 1728 de

1009 1759 1083 1778 more
1101 1751 1222 1785 paritura
1248 1749 1299 1776 fuit
1322 1749 1436 1776 mulier?
1450 1749 1480 1776 ln
1496 1748 1598 1776 nostris
1608 1748 1680 1774 enim
1699 1755 1793 1774 exem-

1009 1796 1150 1831 plaribus.’
1165 1803 1225 1830 quae
1248 1795 1404 1830 quicunque
1431 1793 1599 1828 interpretati
1627 1795 1709 1824 sunt,
1724 1792 1742 1818 ii
1765 1795 1792 1819 et

1008 1850 1106 1878 genere
1118 1842 1152 1869 ab
1169 1841 1289 1869 llehratis
1304 1840 1412 1867 oriundi
1429 1838 1551 1871 fuerunt,
1564 1841 1591 1866 et
1603 1837 1698 1873 patriae
1715 1837 1791 1872 ipso-

1011 1897 1071 1916 rum
1094 1889 1192 1924 linguae
1212 1886 1382 1923 peritissimi,
1393 1889 1420 1913 et
1438 1885 1465 1912 in
1478 1893 1511 1912 ea
1525 1884 1677 1912 eruditione
1693 1883 1792 1918 proha—

1009 1935 1120 1965 tissimi,
1133 1934 1173 1961 sic
1185 1933 1300 1960 habetur
1313 1941 1319 1959 :
1337 1941 1345 1956 ι
1362 1931 1430 1958 Num
1446 1937 1541 1965 parum
1555 1929 1634 1957 vobis
1645 1934 1697 1959 est,
1708 1932 1794 1955 certa-

1011 1988 1072 2007 men
1087 1979 1216 2007 exhibere
1237 1977 1412 2005 hominibus?
1425 1981 1452 2004 et
1466 1984 1515 2003 cur
1530 1975 1645 2002 Domino
1660 1974 1794 2002 exhibetis

1008 2025 1168 2054 certamen?
1199 2028 1308 2060 propter
1341 2023 1393 2050 hoc
1414 2022 1490 2050 dabit
1503 2021 1704 2055 Dominnsipse
1717 2020 1794 2047 vobis

1011 2073 1129 2108 signum.
1159 2071 1231 2099 Ecce
1261 2070 1344 2106 Virgo
1372 2070 1399 2097 itt
1426 2074 1502 2096 utero
1522 2067 1622 2102 capiet,
1651 2072 1678 2094 et
1708 2066 1796 2100 pariet

1012 2119 1107 2151 lilium,
1127 2118 1172 2153 qui
1189 2122 1300 2144 vocatur
1313 2116 1448 2143 nobiscum
1461 2114 1540 2142 Deus.
1556 2123 1565 2139 ι
1579 2112 1636 2140 lloc
1655 2112 1727 2140 enim
1743 2111 1795 2139 sibi

1012 2164 1079 2195 vult,
1095 2163 1324 2198 quemadmodum
1340 2162 1409 2192 dixi,
1424 2162 1481 2195 ipsa
1503 2167 1559 2194 vox.
1580 2157 1749 2184 Enunanuel.
1766 2155 1795 2183 ln

176 2220 288 2255 Ἐπειδὴ
311 2205 365 2255 γὰρ
386 2218 435 2245 τοῦ
453 2216 589 2244 Ἰουδαίων
611 2215 702 2245 ἔθνους
722 2213 752 2240 τὸ
775 2210 892 2247 σκληρὸν
913 2208 956 2255 τοᾷ

1012 2209 1079 2244 ipsis
1096 2213 1188 2236 autent
1203 2207 1358 2235 Jndaeorum
1384 2205 1594 2240 exemplaribus,
1611 2211 1672 2238 quae
1698 2210 1797 2230 secun-

172 2250 429 2303 196mu,x'ctt‘1190;
450 2262 590 2289 εὐσέϐειαν
608 2259 770 2289 δυσὲνδοτον,
794 2256 891 2292 ἱδρῶτα
915 2254 956 2281 καὶ

1013 2257 1077 2284 dum
1103 2256 1208 2290 Aquilae
1236 2253 1442 2282 conversionem
1471 2251 1596 2279 feruntur
1621 2250 1798 2285 (adventitius

173 2302 266 2345 κόπω,
285 2311 383 2348 μόχθον
399 2318 428 2337 τε
440 2309 471 2336 οὐ
487 2309 532 2335 τὸν
545 2307 669 2342 τυχόντα,
682 2305 728 2332 καὶ
743 2303 836 2338 ἀγῶνα
849 2302 961 2337 παρεῖχε

173 2360 228 2390 τοῖς
239 2347 325 2386 πάλαι
334 2356 469 2391 θεοφιλέσι
482 2354 646 2390 προφήταις,
660 2351 754 2378 τούτου
767 2350 858 2385 χάριν,
876 2357 884 2373 ι
905 2347 962 2373 Οὐκ

173 2405 309 2442 αὔταρκες
329 2404 404 2439 ὑμῖν,
429 2412 439 2428 ι
467 2401 544 2437 φησὶ,
563 2410 571 2426 ι
586 2401 649 2431 τοὺς
669 2399 810 2434 προφήτας
826 2395 872 2422 τοῦ
893 2394 961 2422 Θεοῦ

175 2450 304 2488 μοχθσῦν,
318 2449 366 2477 καὶ
382 2448 474 2483 ἀγῶνα
488 2447 618 2483 παρέχειν
637 2443 809 2480 ὰνθρώποις;
832 2442 888 2469 ἀλλ’
911 2441 962 2476 ήδη

239 2497 287 2524 τδν
297 2496 364 2523 Θεᾶν
377 2504 428 2531 μου
447 2493 574 2525 κοποῦτε,
593 2492 638 2519 καὶ
657 2491 750 2525 ἀγῶνα
766 2490 899 2524 παρέχετε
917 2487 962 2514 καί

173 2554 205 2581 γι
227 2542 266 2580 τῷ
279 2542 340 2578 Θεῷ
353 2550 422 2578 pou;
440 2551 449 2567 ι
466 2540 544 2567 Οὓτω
567 2539 620 2574 γὰρ
642 2539 689 2565 καὶ
709 2537 854 2564 Θεοδοτίων
869 2533 964 2568 ἐξέδω-

173 2599 230 2619 κεν,
259 2590 291 2616 '0
316 2588 382 2623 γοῦν
405 2587 549 2624 προφήτης
581 2586 654 2617 ἰδίως
675 2583 772 2611 ἑαυτοῦ
800 2583 876 2614 Θεὸν,
906 2582 962 2608 ἀλλ’

173 2636 234 2672 οὐχὶ
251 2635 300 2663 καὶ
312 2634 368 2661 τῶν
385 2634 454 2669 πρὸς
476 2632 522 2664 οὒς
536 2633 550 2658 ὁ
569 2632 657 2665 λόγος,
674 2631 720 2657 τὸν
733 2629 900 2664 κοπούμενον
918 2628 963 2654 καὶ

174 2681 220 2709 ὲπὶ
229 2681 278 2708 τὸν
287 2679 380 2715 ἀγῶνα
392 2679 573 2713 ἀποδυόμενον
589 2678 745 2712 προσεῖπεν,
756 2676 806 2703 οὐκ
820 2674 853 2702 ἂν
863 2675 962 2710 φήσας,

173 2725 240 2753 θοόν
256 2733 307 2761 μου
321 2725 367 2752 τήν
379 2725 425 2751 ἐπὶ
439 2725 547 2751 πάντων
559 2723 624 2750 Θεὸν
640 2723 668 2748 ὲν
685 2721 832 2752 Ἰουδαίοις,
847 2721 911 2755 παρ’
924 2717 964 2751 οἷς

174 2771 207 2798 ἐκ
221 2771 348 2806 πατέριον
360 2769 392 2797 τὸ
404 2770 468 2804 περὶ
480 2769 524 2795 τὸν
534 2769 587 2796 τῶν
601 2768 709 2795 πάντων
721 2765 885 2802 δημιουργὸν
899 2764 964 2791 Θεὸν

175 2816 259 2848 σέϐας
277 2816 450 2851 ἐφυλάττετο.
465 2815 512 2847 Τίς
526 2815 548 2842 δ’
563 2815 594 2842 ἂν
610 2815 651 2849 εἴη
672 2815 685 2840 ὁ
701 2813 775 2847 ἀγὼν
792 2813 838 2839 καὶ
856 2810 963 2847 μόχθος,

215 2896 237 2912 ⁵³
251 2895 302 2924 Isa.
320 2904 367 2929 vn,
385 2895 472 2923 l0-l6.

1013 2307 1102 2330 autem
1123 2301 1218 2337 Aquila
1237 2301 1296 2330 luit.
1314 2308 1368 2327 non
1385 2303 1482 2326 natura
1497 2295 1628 2333 Judacus),
1643 2296 1690 2324 sed
1706 2300 1796 2323 tamen

1012 2349 1094 2376 etiam
1115 2348 1264 2376 secundum
1282 2347 1366 2377 hunc,
1381 2346 1432 2372 hoc
1445 2352 1512 2372 sane
1530 2343 1662 2378 scriptum
1682 2345 1724 2368 est
1739 2349 1796 2368 mo-

1014 2395 1048 2422 do
1065 2405 1071 2422 :
1089 2404 1098 2420 ‹
1123 2393 1251 2428 Nunquid
1273 2399 1369 2428 parum
1385 2396 1427 2419 est
1444 2399 1459 2417 a
1475 2390 1552 2417 vobis
1576 2388 1683 2422 fatigari
1707 2387 1798 2414 viros?

1013 2442 1085 2476 quod
1113 2441 1231 2468 laborem
1259 2438 1394 2467 exhibetis
1408 2437 1489 2464 etiam
1507 2435 1562 2462 Deo
1587 2433 1667 2461 meo?
1685 2432 1798 2466 Propter

1014 2489 1066 2516 hoc
1079 2487 1155 2515 dabit
1170 2487 1227 2521 ipse
1243 2486 1320 2514 vobis
1339 2485 1447 2519 signqu
1467 2492 1473 2510 :
1492 2481 1562 2509 Ecce
1573 2480 1660 2515 puella
1674 2479 1702 2507 in
1721 2483 1798 2505 utero

1014 2532 1148 2567 concipit,
1166 2535 1192 2558 et
1206 2551 1208 2554 μ
1223 2534 1293 2566 parit
1311 2530 1408 2561 ﬁlium,
1431 2532 1457 2555 et
1482 2526 1590 2554 vocabis
1616 2532 1715 2552 nomen
1739 2523 1799 2558 ejus

1016 2577 1185 2605 Emmanuel.
1201 2585 1210 2602 ›
1228 2574 1306 2610 Apud
1326 2572 1518 2610 Symmachum
1549 2578 1613 2606 vero
1635 2569 1693 2596 haec
1710 2569 1747 2595 ita
1769 2576 1799 2595 se

1016 2625 1114 2651 habent
1127 2623 1220 2658 (porro
1234 2620 1414 2656 Symmachus
1427 2618 1528 2645 dicitur
1539 2616 1681 2644 Ebionaaus
1696 2614 1797 2642 fuisse:

1016 2675 1089 2700 secta
1114 2675 1204 2698 autent
1227 2670 1284 2697 haac
1310 2668 1360 2696 fuit
1378 2666 1546 2697 Judaeorum,
1561 2664 1608 2698 qui
1632 2670 1665 2690 eo
1690 2661 1801 2689 nomino

1017 2717 1194 2750 vocabantur,
1208 2720 1235 2744 et
1253 2715 1281 2743 in
1295 2713 1435 2741 Christum
1452 2711 1564 2739 credere
1578 2709 1750 2738 dicebantur,
1766 2714 1797 2733 ex

1016 2763 1115 2798 quibus
1139 2761 1319 2798 Symmachus
1342 2760 1418 2795 fuit);
1435 2759 1505 2795 apud
1528 2759 1617 2794 ipsum
1633 2758 1705 2785 hunc
1719 2756 1802 2792 igitur

1016 2809 1073 2837 ιιωο
1090 2809 1126 2836 ita
1139 2816 1168 2836 se
1183 2808 1298 2836 habent:
1313 2816 1322 2833 ι
1335 2806 1443 2838 Audite,
1457 2806 1555 2833 domus
1572 2803 1666 2836 David,
1678 2801 1801 2838 nunquid
