2089 3218
285 175 343 203 499

625 171 763 202 EUSEBH-
780 173 1023 202 C'xESARIENSIS
1040 161 1115 201 ΟΡΡ.
1137 172 1227 201 PARS
1247 174 1279 201 ll.
1291 190 1326 194 —
1341 173 1592 203 APOLOGETICA.

1861 177 1916 206 500

288 241 343 260 non
359 232 427 261 satis
441 232 520 261 vobis
534 236 575 260 est
595 232 710 269 fatigare
722 233 858 264 homines,
871 232 945 268 quod
956 232 1073 267 fatigatis

1126 234 1142 269 ἢ
1161 234 1175 260 ὁ
1189 234 1274 266 κόπος
1299 234 1345 260 τοῦ
1366 235 1603 270 προφητευομένου
1624 235 1702 267 Θεοῦ,
1723 236 1740 271 ἢ
1757 235 1788 263 τὸ
1807 237 1849 268 είς
1866 238 1916 264 ἁν-

289 280 374 308 Deum
399 280 510 307 meum?
537 284 647 315 propter
672 280 724 307 hoc
753 280 830 307 dabit
859 279 991 307 Dominus
1017 280 1076 315 ipse

290 327 368 353 vobis
386 326 493 361 signum
512 335 518 352 :
537 325 606 353 Ecce
623 326 711 360 puella
726 326 845 361 concipit
859 330 885 354 et
899 325 968 361 parit
980 326 1074 357 illium,

289 377 317 397 et
341 372 450 398 vocabis
474 379 572 398 nomen
588 371 648 405 ejus
663 371 834 399 Emmanuel.
855 381 863 397 ι
883 371 987 404 Quibus
1003 371 1076 398 enim

289 416 410 443 Judaicaa
426 414 516 451 gentis
531 424 622 444 mores
636 417 789 452 asperrimi,
804 421 830 443 et
846 424 860 442 a
871 417 970 451 pietate
983 417 1077 443 admo-

289 462 354 488 dum
372 462 563 492 abhor-rentes,
588 462 715 489 sudorem
737 462 922 496 laboremque,
935 469 966 488 ac
982 461 1076 496 fatiga-

290 508 390 535 tionem
422 516 475 535 non
507 508 657 542 vulgarem,
675 513 755 543 atque
779 512 929 540 certamen,
955 509 1076 543 antiquis

289 554 344 581 illis
358 554 411 581 Deo
419 555 514 581 amicis
529 555 668 589 prophetis
679 555 854 587 exhibebant,
864 555 978 586 idcirco,
993 564 1002 580 ι
1020 563 1075 582 non

290 600 359 627 satis
387 604 440 630 cst.
458 600 556 635 inquit,
575 601 664 633 \obis,
689 600 736 628 Dei
767 602 914 636 prophetas
946 601 1073 636 afﬂigere,

290 645 500 679 hominibusque
527 645 656 672 exhibere
680 650 829 677 certamen,
849 647 902 673 nisi
916 647 972 681 jam
992 647 1074 673 etiam

291 691 375 717 Deum
387 698 476 718 meum
490 690 619 726 fatigctis,
629 692 709 726 eique
722 692 875 719 exhibeatis
889 692 1048 719 certamen?
1063 702 1072 718 ι

290 744 339 764 nec
349 736 403 764 Deo
416 737 585 772 simpliciter.
596 737 643 765 sed
656 737 711 765 Deo
726 739 803 765 meo?
812 738 856 765 Sic
866 739 938 766 enim
950 739 1075 766 Theodo-

290 783 346 809 tion
358 790 467 817 quoque
481 783 625 810 convertit.
636 783 770 818 Propheta
783 784 866 819 igitur
890 793 969 812 suum
991 793 1074 820 pecu—

289 829 392 856 liariter
399 829 527 861 Deum,et
539 837 592 856 non
605 838 699 857 eorum
714 829 746 856 ad
757 838 826 865 quos
841 839 930 858 sermo
942 831 1075 866 dirigeba-

288 879 344 906 tur,
356 883 419 902 eum
431 875 478 910 qui
498 879 653 906 vexaretur.
666 879 692 903 et
704 876 729 903 in
746 879 882 903 certamen
894 877 1014 908 daretur,
1027 884 1075 912 ap-

286 921 404 954 pellavit,
419 922 466 956 qui
479 922 588 956 quidem
603 930 742 957 nunquam
759 922 842 950 Deum
857 931 946 950 meum
959 924 1073 952 dixisset
1091 911 1111 937 Β

286 973 349 992 cum
363 966 413 1000 qui
423 967 492 1000 apud
504 966 611 994 Judzeos
622 974 768 1001 supremus
777 967 900 998 habetur,
912 968 981 1002 apud
993 977 1071 1003 quos,

288 1017 369 1043 quem
396 1017 410 1035 ιι
437 1010 558 1044 patribus
590 1019 681 1038 rerutn
711 1012 833 1039 omnium
863 1015 1013 1042 conditoris
1027 1014 1074 1042 Dei

287 1053 370 1087 317
386 1053 488 1080 cultum
507 1054 558 1089 ipsi
571 1061 742 1089 acceperant,
758 1056 781 1084 is
795 1056 1002 1092 diligentissime
1019 1067 1075 1086 ser-

288 1099 412 1130 vabatur,
434 1099 481 1127 sed
499 1101 572 1135 quod
598 1100 705 1132 tandem
731 1109 792 1129 esse
814 1107 903 1137 potest
925 1108 1072 1137 certamen,

288 1144 350 1178 q'ris
367 1145 454 1175 labor.
470 1153 530 1180 qme
547 1145 668 1180 fatigatio
679 1147 739 1181 ejus
754 1146 812 1178 Dei,
826 1148 859 1175 de
875 1156 929 1182 quo
943 1150 1074 1184 propheta

288 1190 420 1224 loquitur,
434 1190 487 1217 nisi
503 1191 570 1218 illud
582 1192 614 1217 ad
630 1192 768 1220 hominum
783 1195 986 1228 generationem
999 1203 1075 1223 acce-

287 1235 362 1265 dere.
376 1241 402 1262 et
415 1239 472 1261 tum
488 1236 636 1262 secundum
650 1243 710 1269 nos,
726 1241 783 1263 tum
799 1238 948 1265 secumlum
964 1238 1074 1273 Septua-

288 1282 363 1316 ginta
379 1282 629 1316 interpretationem
643 1282 675 1309 de
694 1282 803 1317 Virgine
820 1284 907 1310 nasci:
922 1285 1073 1312 secundum

288 1337 353 1356 vero
373 1337 432 1357 eam
456 1337 516 1364 qua:
542 1331 612 1365 apud
639 1331 762 1365 jnniores
790 1331 875 1358 fertur
898 1331 1018 1365 Judmos,
1040 1333 1073 1359 de

289 1375 399 1410 puella?
439 1374 573 1403 Caeterum
598 1377 668 1411 apud
695 1377 796 1404 Mosem
821 1386 929 1412 quoque
952 1378 1073 1406 invenies

287 1430 360 1453 eam,
378 1429 438 1456 qua:
459 1422 563 1456 absque
585 1424 771 1451 contrm‘ersia
789 1424 824 1451 sit
841 1424 929 1458 virgo,
956 1424 1071 1457 puellam

289 1467 434 1502 appellari:
459 1467 593 1501 siquidem
618 1476 678 1495 eam
702 1476 762 1503 qua:
779 1469 824 1495 alii
847 1469 1011 1503 desponsata
1026 1471 1071 1500 sit.

288 1513 341 1539 alia
365 1521 430 1539 vero
457 1513 609 1548 repudiata,
633 1514 683 1541 hac
705 1515 884 1549 appellatione
906 1516 1022 1543 vocavit.
1049 1516 1074 1543 is

288 1562 418 1593 praeterea
442 1559 489 1594 qui
510 1559 543 1586 de
566 1560 613 1586 tali
639 1559 737 1587 femina
762 1560 798 1587 sit
822 1560 942 1588 edendus
963 1562 1073 1589 nomine

287 1604 460 1636 Emmanuel,
478 1605 581 1639 majore
598 1605 684 1632 fertur
706 1606 838 1640 polentia,
852 1615 933 1641 quatn
951 1607 1072 1634 omnium

288 1650 404 1677 aliorum
420 1650 571 1682 hominum,
595 1652 695 1686 quippe
716 1652 763 1686 qui
784 1652 865 1687 eligat
879 1653 981 1679 bonum
997 1654 1073 1687 prius

287 1705 368 1731 quam
390 1699 548 1732 cognoverit
566 1699 647 1730 mala,
663 1702 690 1725 et
704 1699 814 1726 malitia:
833 1707 887 1726 non
904 1701 1073 1735 obtemperet

288 1743 350 1770 boni
366 1744 482 1779 eligendi
493 1744 591 1779 gratia,
607 1752 640 1772 eo
650 1745 735 1777 magis
746 1746 818 1779 quod
830 1746 886 1773 haec
899 1751 1006 1781 praestet
1018 1754 1072 1773 non

288 1791 315 1816 in
331 1790 401 1816 virili
421 1791 487 1825 jam,
504 1790 551 1818 sed
577 1791 602 1817 in
621 1791 717 1826 puerili
737 1792 826 1819 adhuc
842 1796 920 1820 aatate
939 1794 1072 1820 constitu-

288 1839 346 1868 tus;
361 1843 395 1862 ex
407 1844 461 1870 quo
477 1836 541 1863 illud
554 1836 657 1863 dictum
673 1840 733 1864 est:
766 1836 845 1864 Prius
868 1845 949 1872 quam
965 1839 1072 1865 noverit

287 1889 355 1916 puer
370 1883 469 1909 bonum
485 1886 532 1909 aut
548 1883 659 1915 malum,
681 1891 734 1910 non
751 1889 827 1918 paret
838 1884 957 1916 malitim,
979 1889 1008 1911 ut
1023 1885 1072 1912 eli-

286 1932 331 1962 gat
359 1928 472 1955 bonum.
495 1938 503 1953 ι
517 1928 622 1961 Quibus
640 1929 730 1956 verbis
755 1937 867 1964 prorsus
887 1930 959 1965 quod
979 1930 1023 1957 ille
1039 1930 1073 1957 de

287 1981 342 2009 quo
357 1974 447 2009 agitur
460 1974 561 2001 nullam
572 1975 701 2001 malitiam
714 1976 843 2010 attigerit,
860 1976 1072 2004 demonstratur.

288 2019 340 2047 Sed
358 2020 579 2048 excellentiorem
595 2029 703 2056 quoque
720 2021 978 2054 denominationcm,
991 2031 1071 2057 qttam

287 2066 407 2093 hominis
422 2066 476 2092 ulla
492 2075 553 2094 esse
578 2067 662 2101 possit
677 2068 834 2101 appellatio.
856 2068 1026 2095 nanciscitur
1049 2070 1071 2096 is

287 2112 332 2145 qui
350 2112 493 2139 nobiseum
507 2117 549 2139 est
572 2112 655 2140 Deus:
682 2121 766 2148 quare
790 2113 898 2147 signum
919 2114 982 2141 item
999 2115 1071 2149 quod

289 2158 323 2184 de
339 2158 385 2184 illo
403 2156 495 2189 datur,
512 2158 724 2192 profunditatem
746 2158 827 2185 simul
846 2158 946 2186 habere
960 2160 1069 2193 dicitur,

290 2207 318 2230 et
333 2202 415 2231 simul
435 2203 624 2230 altitudinem:
639 2203 850 2237 profunditatem
880 2204 988 2239 quidem
1009 2214 1072 2240 pro-

1086 1581 1107 1608 C

1126 277 1243 314 θρὼπων
1257 279 1363 312 γένεσιν
1377 279 1479 312 ἐλθεῖν;
1499 279 1570 306 κατὰ
1586 280 1639 315 μὲν
1650 280 1725 315 ἡμᾶς
1736 281 1783 308 καὶ
1798 281 1848 317 τὴν
1859 282 1916 309 τῶν

1132 324 1330 359 Ἐϐδομήκοντα
1353 325 1512 360 ἑρμηνείαν,
1533 326 1564 352 ὲκ
1579 326 1718 361 Παρθένου
1734 327 1912 362 γεννώμενον,

1127 369 1195 396 κατὰ
1218 370 1246 397 δὲ
1267 370 1315 405 τὴν
1343 370 1390 397 νῦν
1417 372 1491 406 παρά
1517 372 1653 404 Ἰουδαίοις
1686 373 1854 408 φερομένην,
1880 374 1914 400 ὲκ

1127 416 1256 447 νεάνιδος.
1278 416 1373 451 Εὖροις
1395 416 1417 442 δ’
1432 417 1464 444 ἂν
1484 417 1558 453 παρὰ
1570 419 1665 445 Μωσεζ
1686 420 1734 447 καὶ
1749 419 1798 455 τὴν
1816 420 1913 455 ὁμολο-

1126 463 1267 498 γουμένως
1290 464 1426 499 Παρθένον
1449 465 1538 491 νεᾶνιν
1559 467 1829 502 προσηγορευμένην.
1857 467 1915 502 Ἰῖὴν

1126 509 1191 543 γοῦν
1211 509 1295 544 ἑτέρῳ
1317 510 1573 546 μεμνηστευμένην,
1596 511 1641 545 ὑφ’
1666 511 1759 547 ἑτέρου
1782 511 1810 538 δὲ
1831 512 1912 538 ἐκϐε-

1126 555 1277 590 ϐιασμένην
1300 556 1386 591 τούτῳ
1409 556 1527 591 κέκληκε
1549 556 1588 591 τῷ
1614 558 1798 593 προσρήματι.
1833 558 1913 585 Ἀλλὰ

1127 602 1172 627 καὶ
1189 603 1202 627 ὁ
1218 602 1250 628 ἐκ
1272 602 1322 636 τῆς
1339 601 1504 637 δηλουμένης
1525 602 1721 638 τεχθησόμενος
1740 604 1913 640 Ἐμμανουὴλ

1128 647 1238 682 μείζονα
1265 647 1280 683 ῆ
1302 647 1372 674 κατὰ
1395 648 1440 674 τὸν
1463 648 1550 674 κοινὸν
1580 648 1722 684 ἄνθρωπον
1753 649 1913 685 ἐπιφέρεται

1124 694 1259 728 δύναμιν,
1285 693 1460 728 ἐκλεγόμενος
1487 694 1517 720 τὺ
1547 694 1649 728 ἀγαθὸν
1675 696 1738 730 πρὶν
1763 695 1779 731 ἢ
1809 696 1912 730 γνῶναι

1126 739 1242 775 πονηρὰ,
1269 740 1316 765 καὶ
1340 739 1460 766 ἀπειθῶν
1489 740 1615 775 πονηρίᾳ,
1631 741 1677 767 τοῦ
1701 742 1862 774 ἐκλέξασθαι
1881 743 1913 769 τὸ

1125 786 1235 820 ἀγαθόν·
1248 787 1390 813 καὶταῦτα
1401 787 1450 814 οὐκ
1461 788 1489 813 ὲν
1501 788 1533 820 τῇ
1546 786 1592 813 τοῦ
1605 787 1699 823 ἀνδρὸς
1707 789 1808 824 ἡλικία,
1818 788 1874 815 ἀλλ’
1882 790 1912 815 ὲν

1125 833 1157 867 τῇ
1166 832 1212 858 τοῦ
1223 832 1390 859 παιδίου.Διὺ
1404 834 1520 869 εἴρηται·
1533 835 1615 870 «Πρὶν
1628 834 1751 870 ἢγνῶναι
1763 834 1793 860 τὸ
1807 834 1915 860 παιδίον

1126 876 1226 911 ἀγαθὸν
1245 876 1367 912 ἢκακὸν,
1382 879 1490 904 ἀπειθεῖ
1504 879 1631 914 πονηρία,
1647 879 1693 905 τοῦ
1708 878 1866 911 ἐκλέξασθαι
1880 878 1912 904 τὸ

1125 923 1240 957 ἀγαθόν·
1259 934 1267 948 ι
1288 924 1321 949 δι’
1340 921 1377 950 ὧν
1402 925 1540 956 παντελῶς
1562 925 1592 951 τὸ
1612 925 1660 960 τῆς
1679 925 1778 956 κακίας
1798 925 1912 959 ἄπειρον

1125 968 1170 994 τοῦ
1193 969 1356 1004 δηλουμένου
1383 970 1558 1005 παρίσταται.
1587 970 1666 996 Ἀλλὰ
1695 970 1741 997 καὶ
1770 970 1913 1006 κρείττονα

1125 1014 1141 1049 ἢ
1160 1015 1230 1041 κατὰ
1251 1015 1393 1050 ἄνθρωπον
1420 1016 1551 1050 ἐπάγεται
1572 1016 1621 1051 τὴν
1645 1016 1800 1051 ἐπωνυμίαν
1820 1017 1834 1042 ὀ
1851 1016 1911 1051 μεθ’

1124 1061 1203 1096 ἡμῶν
1214 1062 1343 1097 ὑπάρχων
1358 1062 1424 1094 Θεός
1434 1071 1440 1077 ·
1462 1062 1502 1088 διὸ
1516 1063 1563 1089 καὶ
1576 1063 1606 1089 τὸ
1621 1063 1682 1098 περὶ
1698 1062 1779 1089 αὑτοῦ
1798 1063 1910 1098 σημεῖον

1126 1108 1206 1142 βάθος
1218 1108 1325 1142 ἐλέγετο
1340 1109 1485 1145 περιέχειν,
1496 1109 1561 1145 ὁμοῦ
1574 1109 1602 1135 δὲ
1616 1109 1662 1135 καὶ
1677 1108 1755 1143 ὕψος·
1770 1108 1848 1143 βάθος
1861 1108 1915 1143 μὲν·

1125 1153 1168 1179 διὰ
1178 1153 1226 1189 τὴν
1237 1155 1276 1186 εἰς
1286 1154 1444 1190 ἀνθρώπους
1455 1154 1576 1186 κάθοδον,
1587 1155 1602 1190 ἢ
1614 1155 1661 1181 καὶ
1672 1154 1721 1189 τὴν
1733 1154 1813 1190 μέχρι
1824 1153 1908 1180 θανά-

1125 1208 1169 1225 του
1187 1199 1350 1235 παρουσίαν,
1364 1199 1430 1234 ὕψος
1447 1200 1474 1226 δὲ
1487 1199 1531 1227 διὰ
1544 1201 1593 1235 τὴν
1605 1199 1695 1226 ἔνθεον
1706 1200 1737 1225 ὲκ
1751 1197 1798 1224 τοῦ
1814 1197 1915 1233 βάθους

1126 1246 1357 1278 ἀποκατάστασιν,
1375 1246 1391 1281 ἢ
1408 1246 1451 1272 διὰ
1466 1246 1514 1281 τὴν
1530 1246 1580 1281 τῆς
1594 1245 1686 1272 ἐνθέου
1712 1244 1909 1281 προῦπάρξεως

1124 1289 1205 1314 αὑτοῦ
1228 1289 1375 1324 θεολογίαν.
1397 1290 1444 1322 Τίς
1463 1290 1485 1316 δ’
1506 1290 1539 1316 ἂν
1563 1291 1604 1325 εἴη
1628 1292 1642 1317 ὀ
1663 1290 1722 1325 μεθ’
1742 1291 1820 1325 ἡμῶν
1843 1290 1915 1322 Θεὸς·

1124 1336 1140 1371 ἢ
1162 1337 1176 1362 ὁ
1194 1336 1238 1362 διὰ
1257 1336 1311 1363 τῶν
1330 1337 1447 1372 πρόσθεν
1465 1337 1690 1372 ἀποδεδειγμένος
1707 1337 1773 1368 Θεὸς
1788 1336 1914 1371 Κύριοςι

1124 1383 1137 1408 ὁ
1152 1384 1198 1409 καὶ
1211 1383 1249 1418 τῷ
1264 1383 1387 1418 Ἀϐραὰμ
1403 1384 1452 1409 οὐκ
1467 1383 1553 1415 ἄλλως
1567 1384 1583 1419 ἢ
1597 1383 1629 1409 δι’
1647 1382 1789 1419 ἀνθρώπου
1803 1382 1910 1418 μορφῆς

1124 1428 1301 1463 τεθεαμένος;
1316 1429 1346 1455 Εἰ
1361 1429 1383 1455 δ’
1396 1429 1554 1464 ἀναφέροιεν
1574 1429 1621 1455 ἐπὶ
1640 1429 1685 1455 τὸν
1699 1428 1821 1461 Ἐζεκίαν
1836 1429 1860 1455 οἱ
1877 1430 1914 1455 ἐκ

1124 1475 1273 1510 περιτομῆς
1286 1475 1372 1501 ταῦτα
1382 1496 1388 1506 ,
1406 1475 1451 1501 τὸν
1461 1475 1507 1501 τοῦ
1530 1476 1616 1510 Ἀχαζ
1627 1476 1720 1507 παῖδα,
1733 1475 1826 1501 τοῦτον
1839 1473 1908 1501 εἶναι

1124 1521 1272 1555 φάσκοντες
1287 1521 1332 1547 τὸν
1347 1521 1384 1556 τῷ
1400 1522 1483 1557 πατρὶ
1498 1522 1759 1557 προσημαινὸμενον,
1776 1522 1833 1548 ἁλλ’
1847 1521 1915 1548 οὔτι

1123 1566 1137 1591 ὁ
1154 1566 1211 1600 μεθ’
1227 1566 1305 1600 ἡμῶν
1328 1566 1394 1598 Θεὸς
1418 1567 1541 1599 Ἐζεκίας
1567 1565 1610 1602 ἦν,
1635 1567 1695 1593 οὕτε
1720 1569 1830 1602 σημεῖον
1851 1566 1911 1594 θεσ-

1125 1612 1230 1647 πρεπὲς
1254 1613 1410 1647 πέπρακταί
1433 1621 1459 1638 τι
1483 1613 1526 1638 ἐπ’
1552 1612 1641 1647 αὐτῷ’
1667 1613 1724 1639 ἀλλ’
1750 1612 1810 1639 οὐδὲ
1835 1612 1910 1646 ἀγὼν

1124 1658 1140 1693 ἢ
1157 1658 1254 1693 μόχθος
1268 1658 1306 1693 τῷ
1321 1658 1380 1693 Θεῷ
1399 1656 1432 1693 ἦν
1454 1659 1518 1694 περὶ
1534 1659 1583 1694 τὴν
1600 1659 1703 1685 ἐκείνου
1718 1658 1842 1693 γένεσιν·
1863 1659 1911 1685 καὶ

1124 1704 1209 1736 ἄλλως
1227 1705 1302 1740 παρὰ
1324 1704 1410 1731 ταῦτα
1433 1705 1569 1731 δείκνυται
1592 1706 1606 1731 ὁ
1624 1705 1748 1737 Ἐζεκίας
1769 1705 1910 1731 ἀποκλειό-

1125 1759 1203 1785 μενος
1222 1750 1274 1777 τῶν
1295 1751 1397 1786 χρόνων
1416 1751 1464 1786 τῆς
1484 1751 1659 1786 προφητείας.
1684 1751 1774 1777 Ταῦτα
1793 1751 1842 1786 μὲν
1856 1751 1914 1786 γὰρ

1124 1795 1309 1829 βασιλεύοντος
1326 1795 1407 1822 αὑτοῦ
1427 1795 1458 1830 δὴ
1471 1795 1518 1821 τοῦ
1540 1795 1640 1831 πατρὸς
1658 1793 1746 1829 Ἀχαζ
1761 1794 1825 1830 περὶ
1846 1793 1912 1828 μελ-

1123 1841 1220 1867 λόντων
1231 1840 1401 1873 ἐθεσπίςετο·
1420 1843 1433 1867 ό
1444 1841 1472 1867 δὲ
1485 1841 1606 1873 Ἐζεκίας
1622 1841 1675 1876 πρὸ
1688 1841 1735 1867 τοῦ
1751 1840 1911 1875 βασιλεῦσαι

1123 1887 1168 1912 τὴν
1180 1887 1267 1922 ’Ἄχας
1290 1887 1449 1914 συνίσταται
1469 1888 1678 1923 γεγεννημένος.
1702 1887 1734 1913 Ei
1755 1886 1783 1912 δὲ
1808 1885 1844 1921 μὴ
1863 1887 1913 1912 ἐπὶ

1122 1932 1216 1958 τοῦτον
1241 1932 1369 1968 ἀναχθείη
1392 1932 1426 1959 τὰ
1449 1933 1498 1968 τῆς
1515 1933 1696 1969 προκειμένης
1720 1932 1909 1967 προρρήσεως,

1124 1978 1219 2004 πολλοῦ
1233 1979 1274 2005 δεὶ¹
1289 1980 1332 2013 se
1343 1979 1435 2014 ἕτερον
1447 1979 1500 2005 τῶν
1513 1979 1587 2015 παρὰ
1606 1979 1742 2010 Ἰουδαίοις
1763 1977 1832 2013 μετὰ
1845 1978 1913 2010 τοὺς

1122 2024 1171 2059 τῆς
1185 2024 1352 2060 προφητείας
1366 2025 1477 2059 χρόνους
1489 2024 1652 2059 γενομένων.
1674 2024 1734 2050 Ἐπί
1747 2032 1777 2057 γε
1793 2023 1845 2058 μὴν
1858 2023 1909 2057 τῆς

1122 2070 1168 2096 τοῦ
1188 2069 1303 2104 ἀληθοῦς
1325 2069 1506 2105 Ἐμμανουὴλ,
1524 2070 1596 2095 τοῦτ’
1617 2069 1674 2095 ἐστι
1697 2069 1744 2095 τοῦ
1767 2068 1911 2102 γεγονότος

1124 2116 1183 2150 μεθ’
1199 2116 1278 2151 ἡμῶν
1299 2115 1365 2142 Θεοῦ
1390 2116 1533 2149 γενέσεως,
1558 2116 1605 2142 καὶ
1627 2116 1673 2142 ἐπὶ
1691 2116 1775 2151 μόνης
1789 2115 1838 2151 τῆς
1860 2114 1911 2142 τοῦ

1123 2163 1246 2197 Σωτῆρος
1279 2162 1356 2196 ἡμῶν
1386 2162 1432 2188 τοῦ
1462 2161 1529 2187 Θεοῦ
1563 2162 1648 2195 Λόγου
1680 2163 1720 2193 εἰς
1749 2160 1911 2196 ἀνθρώπους

1121 2207 1282 2243 ἐπιδημίας·
1304 2207 1357 2233 τῶν
1373 2207 1427 2241 γὰρ
1449 2207 1521 2233 δυεῖν
1545 2207 1675 2241 βασιλέων
1698 2206 1909 2242 καθῃρημένων,

289 2254 348 2285 pter
372 2249 535 2277 descensum
551 2249 583 2276 ad
609 2249 743 2280 homines,
763 2254 809 2277 aut
823 2251 903 2277 etiam
925 2259 1011 2286 usque
1038 2253 1071 2279 ad

1125 2253 1286 2288 κατελείφθη
1303 2253 1404 2288 ἕρημος
1419 2254 1434 2287 ὴ
1450 2253 1503 2279 τῶν
1518 2253 1649 2279 Ἰουδαίων
1670 2253 1716 2288 γῆ,
1731 2252 1824 2288 ὥσπερ
1851 2251 1911 2279 ἔσε-

287 2300 401 2322 mortem
423 2303 582 2323 accessum:
605 2295 775 2323 altitudinem
793 2304 858 2323 vero
872 2302 982 2332 propter
998 2298 1069 2327 divi-

288 2342 381 2369 nitatis
413 2350 428 2368 a
458 2341 643 2377 profunditate
675 2344 888 2376 resolutionem,
914 2349 961 2371 aut
988 2345 1069 2372 etiam

285 2393 396 2423 propter
409 2388 509 2415 divinae
524 2388 583 2423 ejus
605 2389 776 2420 substantiae,
800 2398 860 2425 quae
877 2391 951 2418 omni
970 2395 1069 2418 natura

285 2434 360 2467 prior
373 2437 425 2465 est,
444 2434 617 2469 theologiam.
636 2435 704 2468 Quis
715 2443 779 2463 vero
794 2437 864 2463 alius
877 2438 912 2464 sit
927 2437 1069 2464 nobiscum

287 2480 368 2509 Deus.
385 2488 467 2514 quam
480 2480 504 2508 is
521 2489 601 2516 quem
614 2482 802 2516 superioribus
817 2482 894 2510 libris
912 2482 996 2510 Deum
1019 2482 1070 2510 Do-

284 2527 441 2561 minumque
476 2527 665 2555 ostendimus?
701 2528 803 2563 quique
843 2529 907 2556 item
954 2529 1070 2557 Abrahae

283 2573 421 2607 quondam
439 2581 492 2600 non
508 2574 560 2601 alia
585 2582 666 2609 quam
683 2574 800 2602 hominis
818 2574 903 2602 forma
921 2577 997 2603 visus
1010 2576 1071 2602 est?

283 2618 360 2651 Quod
389 2619 411 2646 si
435 2618 521 2646 Judaei
547 2620 603 2647 haec
626 2620 658 2646 ad
672 2620 812 2647 Ezechiam
837 2620 957 2649 referant
984 2621 1067 2648 filium

282 2665 383 2696 Achaz,
397 2670 423 2691 et
445 2665 538 2692 dicant
559 2667 631 2694 hunc
653 2675 714 2695 esse
733 2667 778 2702 qui
802 2667 871 2701 patri
892 2675 942 2694 suo
959 2667 1068 2694 futurus

281 2710 394 2737 oraculo
415 2711 602 2745 promittatur,
626 2713 737 2740 videant
763 2714 901 2748 quomodo
926 2714 1067 2741 nobiscum

282 2755 354 2782 Deus
367 2755 446 2782 fuerit
464 2756 605 2787 Ezechias,
616 2762 662 2784 aut
671 2758 806 2792 quodnam
822 2753 929 2794 signant
949 2767 997 2786 sua
1011 2768 1068 2786 ma-

280 2801 378 2833 jestate
392 2801 514 2835 dignum,
534 2801 605 2829 Deus
615 2803 642 2828 in
659 2804 706 2830 illo
725 2804 892 2831 ostenderit:
911 2804 957 2832 sed
980 2812 1067 2838 neque

283 2850 420 2874 certamen
439 2847 534 2879 ullum,
550 2856 637 2883 neque
650 2849 724 2875 labor
737 2850 766 2876 in
779 2851 853 2877 illius
871 2855 930 2877 ortu
951 2849 1005 2877 Deo
1018 2856 1066 2877 ex-

284 2891 330 2918 lnb
343 2896 385 2919 tus
399 2896 439 2919 est
453 2902 459 2920 :
477 2898 606 2928 prmterea
624 2895 702 2928 plane
717 2904 731 2921 ιι
748 2896 889 2930 prophetia
900 2896 1065 2929 excluditur,

1124 2300 1184 2327 σθαί
1205 2309 1286 2335 φησιν
1308 2300 1322 2325 ό
1340 2300 1462 2335 χρησμὸς
1471 2299 1573 2326 εἰπών·
1595 2309 1604 2324 ‹
1619 2299 1872 2334 Καταλειφθήσεται
1892 2300 1909 2334 ἡ

1122 2346 1157 2381 γῆ
1180 2345 1233 2372 ἀπὺ
1260 2344 1403 2380 προσώπου
1428 2345 1481 2371 τῶν
1498 2344 1544 2371 δύο
1557 2344 1700 2380 βασιλέων·
1717 2354 1726 2369 ι
1753 2344 1767 2370 ὃ
1780 2344 1826 2371 καὶ
1844 2343 1915 2370 αὺτδν

1123 2391 1210 2427 ῥητῶς
1237 2391 1283 2416 καὶ
1307 2389 1377 2416 κατά
1397 2389 1467 2421 λέξιν
1491 2389 1577 2420 οὕτως
1602 2388 1634 2415 ἂν
1652 2387 1805 2423 ἀποδοθείη.
1830 2387 1910 2414 Κατὰ

1122 2437 1175 2471 γὰρ
1198 2436 1308 2471 βασιλέα
1327 2436 1424 2470 Ἀχαζ,
1449 2435 1495 2462 καὶ
1517 2436 1629 2461 Ἡσαΐαν
1656 2435 1713 2461 υἱὸν
1738 2434 1838 2469 Ἀμὼς,
1862 2433 1911 2460 καὶ

1121 2483 1183 2514 τοὺς
1200 2483 1248 2517 τῆς
1266 2482 1432 2517 προφητείας
1448 2481 1577 2517 χρόνους.
1597 2480 1719 2515 βασιλεὺς
1733 2480 1833 2515 Συρίας
1849 2480 1863 2506 ὸ
1880 2480 1910 2506 ὲν

1121 2525 1270 2563 Δαμασκῷ,
1287 2529 1333 2554 καὶ
1348 2527 1472 2562 βασιλεὺς
1489 2527 1596 2563 Ἰσραὴλ
1617 2528 1630 2552 ό
1650 2527 1678 2552 ὲν
1695 2526 1846 2561 Σαμαρείᾳ,
1859 2525 1911 2560 οὐχ

1120 2577 1134 2601 ὁ
1149 2577 1178 2601 ἐν
1191 2575 1376 2610 Ἰερουσαλὴμ,
1393 2574 1449 2600 ἀλλ’
1465 2575 1479 2601 ό
1494 2574 1541 2600 τοῦ
1564 2573 1681 2608 πλήθους
1697 2572 1750 2599 τῶν
1773 2571 1912 2598 Ἰουδαίων

1120 2621 1174 2646 τῶν
1198 2621 1372 2647 ἀποστάντων
1382 2620 1428 2646 τοῦ
1450 2620 1522 2646 θείου
1544 2619 1645 2654 νόμου,
1679 2617 1816 2652 συνθήκας
1840 2617 1911 2652 πρὸς

1120 2667 1250 2702 ἀλλήλους
1265 2666 1383 2701 θέμενοι,
1399 2666 1463 2697 τοὺς
1480 2665 1532 2691 ὑπὸ
1547 2666 1602 2695 τοῖς
1616 2664 1747 2698 διαδόχοις
1763 2663 1810 2690 τοῦ
1826 2662 1912 2689 Δαυῖὸ

1121 2712 1344 2747 βασιλευομένους
1355 2712 1538 2747 ἐπολιόρκουν.
1558 2711 1665 2737 Τούτων
1681 2707 1727 2737 οὖν
1743 2710 1845 2744 ἀμφοῖν
1859 2707 1910 2743 τὴν

1120 2759 1280 2793 καθαίρεσιν
1293 2760 1308 2793 ὴ
1321 2758 1473 2794 προφητεία
1489 2756 1663 2788 θεσπίζουσα,
1678 2756 1776 2787 αὖτοὺς
1787 2755 1836 2791 μὲν
1845 2756 1908 2787 τοὺς

1120 2804 1272 2833 κατ’ὲκεῖνο
1283 2803 1379 2839 καιροῦ
1394 2802 1534 2833 Ἰουδαίους
1548 2810 1578 2828 τε
1593 2802 1640 2827 καὶ
1653 2799 1828 2834 ἀλλοφύλους,
1837 2799 1907 2826 κατὰ

1119 2851 1165 2877 τοῦ
1179 2850 1242 2877 λαοῦ
1258 2850 1304 2876 τοῦ
1317 2850 1383 2875 Θεοῦ
1396 2849 1484 2881 δεξιὰς
1498 2848 1620 2884 ἀλλήλοις
1632 2847 1792 2878 δεδωκότας,
1809 2845 1907 2872 αὐτίκα

1121 2897 1191 2932 μάλα
1213 2895 1419 2931 διαλυθήσεσθαι
1448 2896 1493 2922 καὶ
1519 2895 1708 2931 ἀπηχιιιρήσειν
1727 2892 1774 2919 τοῦ
1788 2892 1906 2927 πολέμου
