2089 3218
193 183 243 213 5M

633 181 959 211 DEMONSTRATIONIS
977 181 1205 212 EVANGELICE
1224 182 1288 211 LIB.
1306 182 1359 211 ΠΙ.

194 244 260 281 φησι
272 252 279 260 ο
295 244 345 280 τήν
361 252 394 278 γε
406 243 459 280 μὴν
475 243 611 279 βασιλείαν
625 244 714 271 αὐτῶν
730 244 777 270 καὶ
792 244 841 279 τὴν
857 243 969 279 διαδοχὴν

1030 245 1137 272 ratione
1153 248 1308 279 temporum
1331 242 1472 270 Ezechias.
1500 242 1563 270 Haec
1575 243 1649 271 enim
1675 244 1736 279 ipso
1755 245 1812 279 jam

194 290 233 321 εἰς
238 290 268 316 τὸ
275 289 406 321 παντελὲς
413 289 657 324 καταλυθήσεσθαι,
670 289 717 316 καὶ
728 288 979 324 ἀποσϐεσθησεσθαι

194 334 240 361 ἐπὶ
250 334 299 369 τῆς
312 334 360 361 τοῦ
375 334 624 370 προφητευομένου,
643 334 704 369 μεθ’
715 333 793 369 ἡμῶν
806 334 884 367 Θεοῦ,
901 335 978 370 γενέ-

195 389 273 413 σεως.
296 381 456 416 Ἐπίστησον
473 381 561 407 τοίνυν
589 381 653 407 πότε
669 383 685 417 ἡ
702 382 889 417 Δαμασκηνῶν
911 382 978 417 ὁμοῦ

194 426 240 453 καὶ
257 426 391 453 Ἰουδαίων
415 426 548 462 κατελύθη
579 427 710 461 βασιλεία,
733 428 778 454 καὶ
801 428 871 454 κατὰ
888 428 979 459 ποίους

194 471 305 507 χρόνους
319 471 480 508 κατελείφθη
497 474 514 508 ἡ
528 473 562 508 γῆ
577 473 630 499 τῶν
648 473 780 500 Ἰουδαίων
795 473 976 504 ἀϐασίλευτος,

193 518 240 544 καὶ
263 518 331 553 αὺτὴ
356 525 388 551 γε
413 519 429 553 ὴ
451 519 516 553 πρὶν
536 518 620 544 πολλὰ
642 518 776 554 δυναμένη
793 518 978 554 Δαμασκηνῶν

193 561 279 598 χώρα,
297 562 401 598 μεγάλῃ
420 563 492 598 χειρὶ
513 564 542 589 τὸ
558 563 673 590 παλαιὸν
693 564 742 598 τῆς
756 564 854 599 Συρίας
871 564 978 598 ἁπάσης

194 607 380 642 βασιλεύουσα.
399 609 463 635 Ἐπὶ
478 610 531 644 γὰρ
551 610 600 644 τῆς
619 609 720 636 τούτων
736 609 919 645 καθαιρέσεως
932 610 977 636 τὸν

199 653 371 689 Ἐμμανουὴλ
395 654 503 686 πάντως
521 663 571 680 που
585 655 795 690 γεννηθήσεσθαι
821 656 906 686 εἰκὸς,
932 655 978 681 καὶ

191 699 238 726 τὸν
262 700 498 735 προφητευόμενον
529 700 695 736 ἐληλυθέναι.
728 701 759 727 Et
785 701 833 736 μὲν
856 700 901 727 οὖν
924 701 978 726 τῶν

191 747 362 783 δηλουμένων
382 747 472 783 παρῆν
488 748 554 782 ὁρᾷν
571 747 741 779 συνεστώσας
759 749 807 780 τὰς
831 748 975 782 βασιλείας.

191 793 266 820 οὐδὲν
284 793 352 829 χρῆν
371 793 526 829 περαιτέρω
548 793 650 828 ζητεῖν,
669 794 748 829 μόνον
766 794 794 820 δὲ
814 794 853 820 ἑτι
870 795 915 820 καὶ
930 793 977 819 νῦν

191 840 231 871 είς
246 839 374 874 μέλλοντα
387 839 481 875 χρόνον
494 840 612 875 ἀναρτᾷν
623 839 671 871 τὰς
685 840 794 871 ἐλπίδας
803 847 810 855 ο
827 840 850 866 εἰ
863 840 891 865 δὲ
905 839 977 875 ἔργῳ

191 885 331 919 προεξανὴς
353 885 369 919 ὴ
386 884 543 918 καθαίρεσις
563 885 616 911 τῶν
633 885 795 920 εἰρημένων,
815 885 851 916 ὡς
867 885 934 920 μήτε
948 885 977 911 ἐν

189 930 338 966 Δαμασκῷ,
365 931 434 966 μήτε
456 932 483 958 ὲν
504 932 535 966 τῇ
555 931 678 967 Ἰουδαίᾳ,
704 932 764 958 καθ’
779 933 851 967 ἡμᾶς
876 933 973 964 αὐτοὺς

189 976 331 1010 φαίνεσθαι
358 976 487 1011 βασιλέα,
520 977 650 1013 πρόδηλον
672 978 709 1010 ὡς
726 978 818 1010 τέλους
842 978 920 1014 ἔτυχε
945 980 974 1005 τὸ

187 1021 278 1055 λόγιον
302 1021 410 1056 φῆσαν·
443 1031 451 1046 ι
467 1022 521 1048 Καὶ
550 1022 792 1057 καταλειᾳθήσεται
821 1023 837 1057 ὴ
860 1022 895 1057 γῆ
921 1022 975 1049 ἀπὸ

189 1065 334 1101 προσώπου
360 1066 413 1093 τῶν
434 1065 480 1092 δύο
511 1066 659 1101 βασιλέων,
684 1064 722 1094 ὧν
745 1068 775 1093 σὺ
805 1067 891 1102 φοϐῇ,
920 1067 974 1093 ἀπὸ

187 1112 333 1148 προσώπου
356 1113 445 1139 αὐτῶν
459 1122 465 1128 ·
483 1123 492 1138 ›
519 1114 573 1139 τῶν
598 1114 744 1148 βασιλέων,
768 1114 828 1140 ἀντὶ
848 1114 902 1140 τῶν
927 1114 975 1148 βα-

187 1158 295 1185 σιλειῶν
316 1159 527 1194 ὠνομασμένων.
563 1160 591 1185 '0
605 1160 670 1193 γοῦν
699 1160 844 1195 Σύμμαχος
872 1169 971 1195 φησιν·

191 1215 200 1230 ι
224 1205 519 1240 Ἐγκαταλειφθὴσεται
543 1207 559 1240 ἠ
583 1206 635 1241 γῆ,
655 1206 701 1240 ἀφ’
722 1203 755 1241 ἧς
781 1207 812 1232 σὺ
837 1207 972 1240 ἐγκακεῖς,

185 1250 241 1277 ἀπὸ
265 1250 411 1285 προσώπου
434 1251 488 1276 τῶν
511 1251 557 1277 δύο
580 1251 712 1286 βασιλέων
736 1252 835 1287 αὐτῆςο
853 1262 861 1278 ι
891 1253 937 1278 καὶ
959 1253 983 1278 ὁ·

191 1295 342 1328 Ἀκύλας-ι
360 1296 650 1332 Ἐγκαταλειςρθήσεται
673 1298 690 1332 ἡ
709 1297 790 1332 χθὼν,
815 1297 847 1332 ἣν
864 1299 895 1324 σὺ
914 1307 972 1324 σικ-

186 1342 306 1377 χαίνεις,
323 1342 376 1368 ἀπὸ
400 1341 544 1377 προσώπου
566 1342 619 1369 τῶν
638 1342 684 1369 δύο
705 1343 835 1378 βασιλέων
859 1344 970 1378 αὐτῆς.»

185 1387 240 1415 Καὶ
265 1388 280 1414 ὀ
292 1387 437 1414 Θεοδοτίων
461 1388 489 1414 δὲ
510 1387 602 1415 τοῦτον
619 1390 773 1424 ἡρμήνευσε
796 1390 841 1416 τὸν
856 1390 970 1426 τρόπον·

186 1442 195 1458 ι
219 1432 511 1468 Ἐγκαταλειφθήσεται
532 1434 548 1468 ἡ
568 1434 621 1469 γῆ,
646 1434 679 1469 ἣν
697 1435 730 1460 σὺ
752 1434 899 1470 βδελύσσῃ,
918 1436 973 1462 ἀπὸ

184 1478 329 1514 προσώπου
356 1479 410 1505 τῶν
433 1478 479 1505 δύο
499 1479 630 1514 βασιλέων
647 1480 741 1514 αὐτῆς.
762 1490 771 1505 ι
803 1481 883 1516 Ὁρᾷς
899 1482 973 1512 ὅπως

182 1523 233 1558 τὴν
258 1524 310 1558 γῆν
338 1523 600 1560 καταλειφθήσεσοαι
629 1524 804 1551 ἀϐασίλευτον
831 1525 971 1558 θεσπίζεις

183 1568 265 1595 Ποίαν
281 1568 309 1595 δὲ
327 1569 419 1605 γῆν,ῆ
438 1569 486 1605 τὴν
503 1570 556 1596 τῶν
575 1570 771 1605 Δαμασκηνῶν,
790 1571 838 1597 καὶ
855 1571 903 1606 τὴν
925 1569 971 1597 τοῦ

188 1615 312 1651 ’1σραήλ;
330 1615 430 1642 τούτων
449 1616 502 1652 γὰρ
516 1614 584 1652 ἦσαν
601 1617 625 1642 oi
644 1616 689 1642 δύο
707 1616 826 1651 βασιλεῖς
839 1638 846 1650 ,
864 1618 888 1644 οί
907 1618 971 1653 περὶ.

181 1657 218 1687 ὧν
231 1661 246 1687 ό
260 1660 348 1695 λόγος·
363 1658 400 1688 ὧν
413 1663 427 1688 ὁ
441 1662 528 1697 Ἀχαζ
543 1662 591 1698 τὴν
610 1663 662 1697 γῆν
677 1663 829 1697 ὲσίκχαινεν
839 1683 845 1694 ,
865 1664 887 1698 ἢ·
899 1664 972 1689 ἐϐδε-

181 1705 305 1738 λύσσετο,
316 1707 481 1742 ἁποκάμνων
497 1708 512 1743 ἣ
527 1708 652 1742 ὲγκακῶν
669 1709 715 1735 ἀπ’
736 1709 830 1744 αὐτῆς.
848 1709 910 1735 Πότ*
925 1708 970 1736 οὖν

180 1750 261 1778 τοῦτο
283 1751 397 1786 γέγονες
415 1753 516 1779 τούτων
533 1753 587 1789 γὰρ
609 1753 872 1789 συμπερασθέντων,
895 1756 970 1781 πᾶσα

183 1796 289 1833 ἀνάγκη
310 1798 356 1824 καὶ
374 1798 405 1825 τὸ
423 1799 621 1834 προλεγὸμενον
640 1800 720 1835 μέρος
739 1801 786 1836 τῆς
804 1802 970 1836 προφητείας

181 1843 223 1874 εἰς
235 1843 314 1879 ἔργον
327 1845 516 1880 κεχωρηκέναι
530 1853 537 1860 ·
551 1845 629 1871 τοῦτο
641 1845 668 1871 δὲ
683 1844 717 1880 ἦν
731 1846 761 1872 τὸ
772 1846 820 1881 τὴν
833 1847 969 1882 Παρθένον

181 1889 270 1915 τεκεῖν
291 1889 336 1915 τὸν
361 1889 421 1924 μεθ’
438 1890 514 1925 ὴμῶν
534 1890 609 1916 Θεὸν.
632 1892 686 1917 Καὶ
703 1891 734 1926 δὴ
761 1892 893 1928 πρόδηλον
913 1894 969 1924 τοῖς

181 1934 232 1965 τὰς
244 1935 364 1970 ἱστορίας
379 1935 551 1969 ἐξετάζουσιν
562 1957 568 1968 ,
582 1937 619 1968 ὡς
638 1937 718 1972 μέχρι
739 1937 788 1972 μὲν
800 1937 853 1964 τῶν
866 1938 968 1973 χρόνων

181 1978 232 2014 τῆς
243 1981 404 2014 ἐπιφανείας
415 1981 462 2007 τοῦ
480 1982 605 2020 Σωτῆρος
621 1983 699 2017 ἡμῶν
723 1983 808 2018 Ἰησοῦ
824 1983 869 2009 τοῦ
901 1984 967 2019 Χρι-

181 2024 243 2052 στῡῦ
254 2025 301 2052 καὶ
308 2026 353 2052 ὲπὶ
359 2027 406 2062 τῆς
413 2027 558 2062 Δαμασκοῦ
570 2028 738 2063 συνειστήκει
750 2028 779 2055 τὸ
790 2029 822 2055 ὲκ
831 2029 968 2064 προγόνων

180 2070 304 2106 διαδοχῆς
320 2071 462 2106 βασίλειον.
477 2072 620 2108 Μέμνηται
630 2074 695 2106 γοῦν
708 2075 721 2100 ὁ
737 2074 808 2109 ἱερὸς
822 2074 968 2105 ἀπόστολος

187 2115 284 2151 Ἀρέτα
305 2116 352 2142 τοῦ
377 2117 506 2152 βασιλέως
531 2119 735 2154 Δαμασκηνῶν·
757 2120 803 2146 καὶ
826 2119 873 2146 τοῦ
903 2120 968 2146 ’1ου-

180 2161 262 2188 δαίων
274 2161 303 2189 δὲ
317 2162 434 2198 ἔθνουςὴ
455 2164 579 2195 ἄτακτος,
592 2164 639 2191 καὶ
651 2165 681 2191 οὺ
697 2165 767 2192 κατὰ
782 2166 863 2201 νόμον
884 2166 966 2193 εἰσέτι

181 2208 240 2235 τότε
264 2208 369 2244 διέμενε
394 2209 525 2244 βασιλεία.
548 2211 585 2236 Οὺ
614 2211 667 2247 γὰρ
693 2211 746 2238 ἀπὸ
769 2211 862 2245 γένους
886 2211 966 2238 Δαυῒδ

989 924 1010 951 Β

985 1599 1005 1626 C

1029 294 1087 317 tum
1102 294 1179 325 patre
1191 290 1282 317 Acha:
1297 293 1428 324 regnante
1442 289 1533 316 futura
1549 290 1728 318 canebantur.
1746 289 1826 318 Ειθυ

1028 335 1119 362 chiam
1137 343 1202 362 vero
1215 339 1359 369 antequam
1375 342 1487 369 regnum
1500 334 1635 369 acceperit
1650 335 1751 367 Acbaa,
1766 343 1813 370 ge-

1029 382 1115 408 nitum
1133 388 1194 408 esse
1214 385 1333 407 constat.
1352 380 1429 413 Quod
1447 381 1470 408 si
1499 383 1532 407 ad
1554 381 1627 408 hunc
1648 388 1680 408 ea
1698 389 1757 416 qua
1778 382 1811 408 ad

1030 428 1201 462 propositum
1227 427 1370 454 oraculum
1399 427 1546 462 pertinent.
1578 427 1689 455 minime
1716 427 1811 454 referri

1029 478 1155 508 possunt,
1172 473 1257 500 multo
1275 473 1365 501 minus
1387 473 1420 500 ad
1437 473 1518 500 alium
1535 473 1690 509 quempiam
1704 482 1810 506 eorum,

1029 519 1074 553 qui
1087 519 1156 553 apud
1170 519 1277 546 Judaeos
1288 523 1348 552 post
1358 519 1506 554 prophetiae
1515 523 1636 554 tempora
1645 520 1810 551 exstiterint,

1030 569 1209 600 praterquam
1227 565 1260 592 ad
1281 569 1370 592 ortum
1386 565 1455 599 ejus.
1473 566 1518 599 qui
1536 573 1616 592 verus
1641 569 1684 593 est
1704 566 1811 592 Emma-

1032 611 1107 641 nuel,
1132 611 1214 645 318
1230 610 1281 637 hoc
1297 615 1338 637 est
1355 611 1414 645 ejus
1423 611 1468 645 qui
1491 611 1624 638 exstiterit
1642 619 1702 638 vere
1718 611 1811 638 nobis-

1029 665 1091 683 cum
1107 656 1189 688 Deus,
1206 660 1233 683 et
1247 656 1280 683 ad
1295 665 1379 683 unum
1398 656 1549 684 Salvatoris
1565 657 1651 683 nostri
1666 656 1712 683 Dei
1728 656 1810 684 Verbi

1029 703 1061 729 ad
1076 702 1200 729 homines
1214 710 1372 729 accessum:
1394 702 1501 729 duobus
1516 702 1586 729 enim
1607 702 1722 729 sublatis
1737 703 1808 737 regi-

1029 748 1090 779 bus.
1111 748 1219 775 deserta
1243 753 1269 775 et
1291 748 1348 775 sola
1374 748 1467 774 relicta
1492 753 1533 775 est
1553 747 1708 775 Iudaeorum
1725 753 1809 778 terra.

1029 795 1099 821 sicut
1111 794 1252 821 oraculum
1264 794 1302 820 ait
1314 794 1446 825 futurum,
1464 794 1557 821 dicens
1571 803 1578 820 :
1594 803 1602 818 ι
1633 793 1810 829 Relinquetur

1028 843 1101 866 terra
1117 846 1132 864 a
1148 837 1215 865 facie
1228 838 1343 865 duorum
1360 845 1472 872 regum;
1494 847 1502 862 ι
1516 836 1588 872 quod
1599 837 1708 871 quidem
1720 836 1810 871 ipsum

1028 884 1107 910 etiam
1123 883 1201 917 plane
1218 882 1251 909 ad
1268 882 1380 909 verbum
1402 882 1442 909 sic
1464 882 1703 909 cli-monstrabitur.
1728 882 1810 909 Tem-

1024 930 1136 965 poribus
1150 929 1221 956 enim
1248 928 1320 963 regis
1338 928 1438 960 Achaz,
1454 931 1480 955 et
1499 926 1574 954 lsaiae
1586 927 1632 954 lilii
1647 927 1741 959 Amos.
1752 928 1811 962 qui-

1026 976 1077 1003 bus
1090 974 1232 1010 prophetia
1250 974 1294 1000 illa
1310 973 1382 1001 edita
1398 977 1450 1005 est,
1479 980 1526 1000 rex
1545 972 1630 1008 Syriae
1645 973 1692 1007 qui
1708 972 1809 1000 Dama-

1026 1023 1076 1053 sci,
1092 1026 1119 1049 et
1134 1029 1179 1048 rex
1202 1020 1285 1048 Israel
1312 1028 1366 1047 non
1390 1021 1413 1047 is
1431 1020 1477 1055 qui
1493 1020 1519 1046 in
1534 1019 1698 1052 Jerusalem,
1717 1019 1763 1047 sed
1785 1020 1810 1046 is

1025 1068 1070 1103 qui
1098 1066 1228 1094 Samaria!
1240 1066 1382 1101 regnabat.
1412 1071 1439 1093 et
1452 1065 1620 1093 multitudini
1639 1064 1806 1094 Iudaeorum.

1027 1113 1074 1148 qui
1087 1120 1102 1139 ιι
1115 1112 1207 1139 divina
1223 1112 1280 1146 lege
1292 1111 1459 1140 defecerant.
1474 1111 1633 1145 imperabat,
1652 1110 1755 1137 findere
1766 1109 1809 1136 in-

1025 1164 1071 1186 ter‘
1080 1165 1109 1184 se
1133 1159 1196 1189 icto,
1213 1164 1260 1184 eos
1284 1156 1384 1191 quibus
1408 1156 1517 1184 Davidis
1531 1163 1705 1184 successores
1722 1155 1808 1190 impc-

1024 1203 1132 1233 rabant.
1160 1202 1287 1229 obsidere
1311 1205 1464 1236 cmperunt.
1492 1201 1580 1229 llosce
1603 1202 1687 1236 igitur
1711 1201 1807 1228 ambos

1024 1255 1086 1274 cum
1104 1247 1248 1282 prophetia
1273 1246 1409 1273 tollendos
1428 1251 1509 1280 atque
1530 1246 1692 1273 erertcudos
1713 1250 1804 1276 canat,

1024 1294 1098 1329 ipsos
1114 1293 1223 1328 quidem
1247 1292 1321 1320 illius
1335 1293 1466 1327 temporis
1487 1291 1596 1319 Judreos
1617 1295 1642 1319 ct
1667 1296 1806 1325 externos,

1023 1340 1068 1374 qui
1087 1339 1218 1366 adversus
1235 1339 1364 1373 populum
1385 1338 1430 1365 Dei
1446 1339 1496 1366 sibi
1512 1338 1621 1365 dextras
1633 1338 1703 1364 inter
1715 1345 1744 1364 se
1759 1337 1806 1364 de-

1023 1386 1130 1417 derant,
1153 1393 1168 1412 e
1191 1384 1307 1419 vestigio
1331 1383 1531 1415 dissolvendos,
1558 1387 1585 1411 et
1605 1383 1776 1410 discessuros
1791 1391 1807 1409 a

1024 1431 1094 1458 bello
1111 1431 1252 1466 praedicit;
1268 1439 1379 1467 regnum
1399 1436 1490 1458 tamen
1511 1430 1576 1457 illud
1598 1437 1629 1457 ac
1653 1430 1807 1457 successio-

1021 1483 1081 1503 nem
1094 1484 1187 1503 eorum
1202 1484 1314 1511 prorsus
1333 1477 1497 1503 dissolutum
1513 1476 1736 1511 exstinctumque
1758 1475 1804 1507 iri.

1022 1522 1073 1548 sub
1098 1521 1183 1554 illius,
1211 1522 1243 1549 de
1266 1530 1322 1557 quo
1346 1522 1486 1557 prophetia
1515 1522 1644 1557 loquitur,
1662 1522 1804 1548 nobiscum

1026 1566 1081 1598 Dei,
1098 1572 1198 1595 ortum.
1217 1568 1333 1595 Attende
1356 1569 1438 1603 igitur
1453 1568 1597 1603 diligenter
1610 1576 1665 1603 quo
1681 1573 1803 1602 tempore

1024 1613 1252 1641 Damascenorum
1266 1614 1347 1640 simul
1362 1622 1393 1641 ac
1407 1613 1562 1640 Iudaeorum
1587 1613 1749 1641 dissolutqu
1761 1618 1804 1640 est

1023 1666 1146 1694 regnum,
1165 1663 1192 1687 et
1207 1660 1317 1694 quando
1329 1659 1436 1686 tandem
1455 1660 1549 1687 relicta
1562 1663 1604 1687 est
1615 1663 1686 1687 terra
1697 1659 1806 1687 Judaeu-

1022 1712 1080 1731 rum
1109 1705 1168 1732 sine
1194 1714 1268 1740 rege,
1295 1713 1401 1732 necnon
1427 1706 1484 1739 ipsa
1511 1713 1570 1740 qua:
1587 1706 1662 1739 prius
1687 1707 1802 1734 multum

1021 1758 1137 1787 poterat.
1161 1761 1258 1788 magna
1283 1760 1366 1779 manu
1394 1751 1531 1787 quondam
1553 1752 1639 1788 Syria)
1666 1754 1801 1780 universa.-

1021 1801 1193 1836 imperitans,
1220 1800 1450 1828 Damascenorum
1478 1800 1563 1834 regio.
1598 1799 1718 1834 Namque
1751 1800 1803 1826 sub

1020 1846 1116 1872 horum
1131 1847 1298 1873 eversionem
1314 1849 1395 1881 atque
1417 1846 1566 1878 interitum,
1589 1845 1676 1879 ipsum
1694 1845 1803 1872 Emma-

1020 1892 1082 1919 nuel
1107 1899 1220 1926 prorsus
1237 1892 1372 1918 oriturum
1390 1891 1474 1919 fuisse
1490 1899 1538 1925 par
1552 1895 1605 1922 est,
1627 1894 1655 1917 et
1676 1898 1736 1918 eum
1762 1891 1795 1917 de

1020 1944 1073 1971 quo
1086 1937 1227 1971 prophetia
1243 1937 1364 1971 loquitur
1379 1941 1535 1963 venturum.
1560 1935 1587 1962 Si
1604 1936 1688 1970 igitur
1703 1936 1799 1962 horum

1019 1983 1151 2017 ipsorum,
1164 1982 1197 2010 de
1212 1983 1312 2018 quibus
1323 1982 1425 2009 dictum
1441 1986 1493 2012 est.
1511 1989 1605 2016 regna,
1619 1982 1709 2009 adhuc
1727 1988 1799 2010 stare

1019 2029 1117 2056 intueri
1135 2029 1240 2060 liceret.
1259 2028 1326 2055 nihil
1342 2028 1459 2062 amplius
1479 2034 1600 2062 quaerere
1623 2035 1692 2062 opus
1715 2032 1800 2060 esset.

1019 2076 1066 2103 sed
1081 2076 1252 2102 etiamnunc
1275 2075 1301 2101 in
1327 2074 1447 2101 futurum
1471 2080 1578 2109 tempus
1591 2081 1666 2109 spem
1688 2082 1796 2101 omnem

1019 2122 1169 2149 intendere.
1193 2121 1242 2148 Sin
1262 2114 1352 2147 autem
1375 2121 1465 2155 reipsa
1485 2125 1592 2148 constat
1605 2129 1635 2147 ea
1649 2120 1682 2148 (le
1695 2120 1796 2155 quibus

1017 2169 1120 2195 dictum
1134 2172 1188 2200 est,
1205 2175 1299 2195 eVersa
1315 2167 1476 2202 sublataque
1494 2176 1566 2199 esse,
1583 2175 1669 2201 usque
1684 2166 1751 2194 adeo
1770 2171 1799 2193 ut

1017 2222 1104 2249 neque
1120 2214 1147 2240 in
1162 2214 1304 2246 Damasco,
1321 2222 1409 2249 neque
1423 2214 1449 2240 in
1461 2212 1564 2244 Judaea.
1579 2213 1682 2241 nostris
1694 2217 1799 2248 tempo-

180 2254 276 2290 ῐφερον
287 2255 335 2291 τὴν
349 2255 398 2290 τῆς
410 2256 496 2291 ἀρχῆς
507 2256 629 2292 διαδοχὴν
655 2257 776 2293 Ἡρώδης
796 2258 843 2284 καὶ
861 2259 884 2284 οἱ
906 2257 964 2292 μετ’

1026 2261 1093 2287 'ibus
1110 2267 1200 2295 regem
1226 2260 1327 2287 intueri
1350 2260 1440 2291 liceat.
1461 2260 1525 2295 quid
1543 2260 1659 2294 amplius
1671 2259 1799 2286 dubitan-

179 2300 260 2327 αὑτὸν
275 2301 322 2327 ἐπὶ
331 2301 378 2327 τοῦ
395 2302 519 2337 Σωτῆρος
530 2302 607 2338 ὴμῶν
621 2304 769 2338 γενόμενοι.
788 2303 863 2330 Μετὰ
875 2303 903 2330 δὲ
915 2303 963 2338 τὴν

178 2346 341 2382 ιπιφάνειαν
362 2348 461 2380 αὐτοῦ,
489 2349 535 2375 καὶ
560 2349 591 2375 τὸ
614 2349 788 2383 εὑαγγελικὸν
808 2350 846 2381 εἰς
862 2349 965 2380 πάντας

178 2391 339 2427 ἀνθρώπους
358 2393 403 2419 τοῦ
427 2394 459 2419 ἐκ
483 2394 531 2429 τῆς
552 2394 688 2429 Παρθένου
706 2394 799 2426 παιδὸς
822 2395 963 2430 κήρυγμα,

178 2438 386 2465 καταλέλειπται
418 2439 517 2466 αὐτίκα.
548 2441 565 2475 ἡ
590 2440 625 2475 γῆ
652 2440 706 2466 ἀπὸ
738 2440 882 2475 προσώπου
908 2443 963 2467 τοῖν

176 2484 249 2510 δυεῖν
263 2483 403 2519 βασιλέων.
433 2484 476 2517 ἘΞ
493 2485 595 2512 ἐκείνου
611 2485 664 2521 γὰρ
676 2486 725 2521 τῆς
754 2486 895 2521 Ῥωμαίων
914 2496 963 2522 μο-

176 2530 290 2565 ναρχίας
302 2529 356 2556 τῶν
373 2529 457 2556 ἐθνῶν
476 2531 709 2567 ὲπικρατησὰσης,
729 2532 838 2558 ἐλέλυτο
852 2533 901 2568 μὲν
916 2533 963 2559 καὶ

176 2575 252 2600 πᾶσα
266 2575 283 2609 ἡ
299 2574 368 2600 κατὰ
383 2575 446 2606 τοὺς
453 2575 550 2607 τόπους
563 2576 691 2612 ὲθναρχία
705 2586 733 2603 τε
744 2578 790 2604 καὶ.
801 2578 944 2613 πολιαρχία
953 2587 961 2593 ·

175 2618 251 2650 τέλος
271 2618 299 2645 δὶ
328 2618 398 2654 μετὰ
425 2619 477 2645 τῶν
506 2620 592 2647 ἄλλων
622 2618 675 2648 καῖ’
694 2622 727 2648 τὰ
750 2623 799 2657 τῆς
817 2624 845 2648 ὲν
870 2624 962 2659 χερσὶν

175 2664 311 2700 ἐλάμϐανε
336 2667 513 2702 προφητείας.
547 2668 628 2703 Ῥητὰ
657 2669 706 2703 μὲν
728 2667 774 2696 οὖν
789 2670 849 2696 τάδε
865 2679 871 2685 '
895 2671 962 2707 πρὸς

173 2710 202 2737 δὲ
223 2710 343 2738 διάνοιαν
365 2712 379 2738 ὁ
413 2713 462 2747 τῆς
492 2714 660 2749 προφητείας
687 2715 763 2749 λόγος
784 2716 890 2751 ἁπάσης
911 2717 960 2751 ψυ-

174 2755 224 2792 χῆς
237 2756 267 2783 τὸ
280 2757 409 2789 εὐσταθὲς
420 2759 466 2784 καὶ
472 2758 625 2794 γαληναῖον,
636 2759 682 2785 καὶ
693 2760 827 2795 εἰρηναίον
835 2761 959 2795 σημαίνει

174 2801 223 2837 τῆς
239 2801 286 2829 τὸν
303 2803 466 2838 γεννηθέντα
482 2803 547 2829 Θεὸν
565 2804 645 2830 αὑτὸν
665 2804 696 2839 δὴ
717 2804 763 2831 τὸν
790 2805 959 2843 ᾚμμανουὴλ

175 2850 409 2886 παραδεξαμένης.
434 2851 507 2883 Ἑνὸς
522 2852 574 2887 γὰρ
592 2852 708 2888 Χριστοῦ
726 2853 772 2879 καὶ
791 2853 836 2880 τοῦ
860 2863 959 2888 καταγ-

175 2893 313 2927 γιλθέντος
340 2895 407 2930 πρὸς
438 2896 519 2922 αὑτοῦ
551 2896 628 2931 λόγου
659 2898 705 2933 τῆς
732 2898 784 2924 τῶν
811 2899 957 2933 ἀνθρώπιον

1016 2307 1079 2333 dum
1105 2310 1159 2339 est,
1189 2306 1329 2333 oraculum
1348 2314 1426 2333 suum
1453 2306 1532 2333 ﬁnem
1561 2306 1707 2340 accepisse,
1726 2305 1797 2340 quod

1016 2353 1071 2378 ait?
1095 2362 1103 2376 ι
1117 2352 1150 2378 Et
1168 2352 1336 2386 relinquetur
1352 2356 1425 2379 terra
1446 2359 1460 2377 a
1481 2351 1549 2378 facie
1563 2351 1678 2378 duorum
1692 2357 1796 2384 regum,

1015 2405 1084 2433 quos
1102 2403 1130 2424 tu
1156 2399 1236 2425 times
1248 2406 1262 2424 a
1278 2398 1345 2424 facie
1361 2398 1501 2432 ipsorum;
1515 2406 1524 2422 ›
1544 2397 1644 2431 quibus
1665 2396 1691 2423 in
1707 2396 1796 2422 verbis

1015 2450 1091 2477 reges
1106 2450 1154 2476 pro
1182 2443 1272 2477 regnis
1297 2442 1428 2468 nominati
1451 2445 1524 2468 sunt.
1553 2440 1691 2475 Siquidem
1718 2439 1796 2475 Sym-

1014 2488 1127 2515 machus
1151 2488 1187 2514 ita
1218 2488 1275 2514 ait:
1304 2487 1504 2522 «Relinquetur
1535 2490 1618 2517 terra,
1646 2494 1662 2512 a
1687 2494 1740 2521 qua
1767 2495 1794 2512 ιιι

1013 2534 1084 2560 mala
1116 2534 1233 2569 pateris,
1255 2542 1270 2560 ει
1300 2533 1369 2561 facie
1403 2533 1519 2561 duorum
1552 2541 1646 2567 regum
1677 2533 1792 2568 ipsius.»

1013 2579 1111 2614 Aquila
1155 2587 1235 2606 vero:
1291 2578 1488 2614 «Relinquetur
1520 2584 1609 2610 terra.
1643 2586 1725 2614 quam
1765 2583 1793 2605 tu

1012 2624 1120 2652 fastidis
1134 2644 1142 2657 ,
1175 2632 1190 2651 τι
1211 2624 1280 2652 facie
1306 2625 1422 2651 duorum
1444 2632 1535 2659 regum
1557 2624 1651 2659 ipsius.
1669 2634 1678 2650 ι
1701 2623 1791 2650 Thoo-

1012 2670 1106 2697 dotion
1132 2678 1241 2706 quoque
1270 2671 1365 2698 eodem
1398 2671 1594 2705 interpretatus
1621 2675 1664 2697 est
1692 2671 1787 2697 lllUdO'

1011 2717 1093 2752 319
1107 2727 1115 2743 ι
1130 2716 1320 2753 Relinquetur,
1340 2718 1438 2752 inquit,
1456 2721 1527 2744 terra
1545 2725 1625 2752 quam
1648 2721 1676 2744 tu
1688 2717 1776 2744 ahomi

1011 2763 1085 2789 naris
1103 2770 1117 2789 a
1134 2763 1202 2790 facie
1225 2764 1341 2790 duorum
1367 2771 1459 2799 regum
1484 2763 1579 2799 ipsius.
1601 2773 1611 2789 ›
1633 2763 1730 2790 Cernis

1009 2807 1171 2835 vaticinetur
1188 2812 1287 2836 terram
1310 2809 1515 2844 relinquendam
1542 2818 1603 2837 esse
1620 2810 1679 2837 sine
1705 2818 1766 2844 rege

1010 2852 1062 2880 Sed
1077 2862 1156 2887 quam
1174 2855 1282 2881 tandem
1301 2859 1398 2882 terram
1409 2875 1416 2887 ,
1434 2855 1485 2882 nisi
1501 2854 1731 2883 Damascenorum
1750 2860 1791 2882 at-

1009 2907 1061 2934 que
1076 2899 1180 2927 Israel?
1195 2899 1297 2927 llurum
1320 2901 1391 2928 enim
1419 2901 1473 2929 duo
1488 2909 1564 2936 reges
1579 2904 1667 2933 erant.
1684 2900 1718 2928 de
1730 2901 1792 2936 qui-
