2089 3218
285 183 339 212 503

610 183 749 218 EUSEBII
769 183 1011 212 CESARIENSIS
1027 182 1102 212 O'PP.
1117 183 1211 212 PARS
1229 184 1263 212 ll".
1283 200 1318 205 —
1336 183 1587 212 AI’OLOGETICA.

1858 184 1910 212 5οι

285 248 337 270 nus
366 241 412 268 hic
437 244 529 269 sermo
550 244 603 268 est,
631 242 754 274 Quorum
784 246 886 269 terram
902 241 993 269 Acha:
1023 242 1064 269 ta-

1119 242 1209 278 ψυχῆς
1221 241 1409 278 βασιλεύοντος
1418 262 1425 272 ,
1436 243 1460 269 οἱ
1475 243 1539 278 πρὶν
1556 241 1762 276 ἀποπεφεύγασι
1775 243 1912 278 πολέμιοι.

285 288 413 316 sti‘diebat
443 286 501 313 sive
528 286 738 314 almminabatnr
760 287 903 320 laborans,
920 287 977 314 sive
1002 286 1072 314 mala

286 334 393 369 patiens
409 333 442 360 ab
468 340 511 359 ea.
527 331 644 365 Quando
659 333 751 368 igitur,
767 340 875 367 quaeso,
897 332 950 360 hoc
970 333 1072 359 factum

284 381 345 409 est?
359 380 407 407 llis
421 380 493 407 enim
506 379 640 407 confectis
655 400 662 411 ,
681 387 794 407 necesse
804 383 846 407 est
874 387 988 414 prorsus
1011 387 1071 406 eam

284 426 432 462 prophetiae
460 430 577 461 partem,
593 426 626 453 de
641 433 695 460 qua
710 426 755 452 hic
774 426 876 453 dicttun
892 429 948 456 est,
966 425 1000 451 ad
1014 427 1072 452 exi-

284 477 341 500 tum
359 472 527 507 pervenisse,
536 473 587 499 hoc
596 476 637 499 est
652 471 802 507 Virginem,
816 472 958 499 nobiscum
975 471 1069 503 Deum,

284 519 433 554 peperisse.
449 517 481 544 Et
493 526 560 545 sane
575 522 684 545 constat
703 517 774 552 apud
788 525 836 544 eos
850 517 898 552 qui
910 524 965 544 non
979 516 1071 544 indili-

285 569 379 598 genter
393 564 523 591 historias
547 563 763 598 exploraverim,
778 563 1005 597 quemadmodum
1024 571 1071 590 us-

284 618 338 644 que
356 609 389 636 ad
402 614 525 643 tempora
541 609 690 636 Salvatoris
707 610 794 636 nostri
810 608 875 636 Jesu
895 609 1009 640 Christi,
1027 617 1070 637 re-

283 664 330 692 ges
354 656 480 683 Damasci
503 663 517 682 a
534 655 684 689 majoribus
697 656 755 683 suis
771 660 910 690 acceptum
927 656 1069 691 imperium

284 702 431 729 tenuerint.
457 701 524 728 Nam
553 706 665 730 sanctus
688 710 798 737 quoque
822 701 969 736 Apostolus
982 702 1070 729 Arene

283 747 513 775 Damascenorum
526 748 597 783 regis
609 748 742 779 meminit,
758 753 785 775 et
800 747 921 775 Judaicae
937 748 1025 782 gentis
1035 749 1069 775 acl

282 794 348 822 illud
363 801 450 829 usque
462 799 579 829 tempUs,
595 794 721 829 quamvis
734 794 920 821 inordinatutn
931 798 958 822 et
972 799 1069 829 prater

282 843 366 877 leges,
384 849 499 876 regnum
515 841 652 868 manebat.
669 840 728 868 Non
748 841 822 868 enim
840 849 854 867 a
870 849 970 874 genere
984 841 1067 868 David

282 893 329 914 aut
344 888 477 919 Herodes,
491 892 539 914 aut
553 887 599 921 qui
618 891 679 921 post
695 886 840 919 Herodem,
856 887 1007 915 Salvator-is
1019 896 1069 915 no-

281 933 332 961 stri
348 933 516 968 temporibus
530 932 704 964 exstiterunt,
720 932 796 967 regni
822 940 1010 960 successorem
1028 933 1068 960 l'c-

283 978 389 1006 rebant.
405 979 440 1005 At
465 982 606 1012 vero-post
629 977 689 1012 ejus
715 978 865 1010 advintunt,
892 983 1005 1014 postque
1033 978 1067 1006 de

282 1024 393 1060 Virgine
415 1024 469 1051 nati
487 1024 672 1058 evangelicam
694 1024 722 1050 in
738 1031 833 1051 omnes
857 1024 982 1052 homines
998 1032 1065 1059 prae-

281 1070 456 1101 dicationem,
470 1076 542 1098 terra
552 1070 684 1097 continuo
708 1078 723 1096 a
741 1069 810 1097 facie
839 1070 956 1097 duorum
971 1078 1066 1106 regum

280 1117 377 1145 relicta
388 1121 439 1144 est.
453 1116 520 1143 Nam
542 1123 574 1143 ex
591 1116 637 1143 illo
661 1124 721 1143 cum
738 1115 984 1144 Romaniomnium
1001 1126 1067 1152 gen-

279 1161 347 1190 tiqu
374 1162 518 1197 imperium
533 1161 736 1192 obtinuissent,
763 1162 869 1189 solutus
886 1162 995 1197 quidem
1023 1166 1065 1189 est

279 1209 369 1237 omnis
383 1217 429 1244 per
446 1208 552 1243 singula
569 1208 644 1240 loca,
661 1212 715 1234 tam
731 1205 851 1242 gentium
868 1216 949 1242 quam
968 1208 1065 1234 civita-

280 1261 336 1282 tum
362 1255 542 1290 principatus,
569 1254 703 1288 ﬁnemque
724 1262 776 1280 una
793 1262 854 1280 cum
870 1254 964 1281 tnultis
991 1254 1063 1286 aliis,

279 1301 362 1328 etiam
376 1309 407 1329 ea
422 1307 482 1335 qua:
497 1300 529 1327 ad
548 1304 707 1335 praesentem
722 1299 892 1334 prophetiam
916 1300 1062 1334 pertinent,

280 1347 377 1375 sortita
399 1351 473 1375 sunt.
489 1346 522 1373 Et
537 1347 594 1373 inec
609 1346 719 1381 quidem
736 1346 769 1372 ad
795 1347 909 1373 verbum
928 1346 1064 1381 interpre-

280 1393 400 1420 tantibus
410 1393 482 1420 dicta
494 1393 558 1420 sint.
571 1392 610 1419 Ad
627 1400 736 1420 sensum
751 1399 815 1419 vero
829 1393 856 1418 in
868 1392 941 1419 hunc
952 1392 1063 1419 modum

280 1440 388 1466 dicatur
401 1446 407 1465 :
418 1439 500 1473 hujus
517 1438 666 1473 prophetia:
683 1438 763 1465 verba
781 1438 871 1465 omnis
885 1439 984 1465 anima:
1003 1446 1064 1473 quae

279 1486 363 1513 Deum
372 1486 444 1513 hunc
452 1491 556 1517 natum,
568 1483 954 1520 ipsum,inuam,Emmanuel
970 1491 1064 1511 susce-

279 1531 660 1565 perit,stabiles,tranquillos,
668 1529 795 1564 paciﬁcos
802 1529 954 1563 signiﬁcare
962 1537 1062 1557 mores.

1122 289 1168 316 δύο
1189 290 1285 324 τρόποι
1302 289 1472 319 δυσσεϐείας,
1490 289 1504 314 ὅ
1517 297 1547 314 τε
1565 287 1613 323 τὴν
1631 287 1850 323 εἰδωλολατρείαν
1863 298 1911 317 και

1122 336 1170 370 τὴν
1184 336 1212 361 ὲν
1229 335 1408 370 πολυτρόποις
1425 334 1555 369 δόγμασιν
1572 333 1738 369 ὲτεροδοξίαν
1753 334 1911 361 ὑποϐάλλωί

1123 381 1285 417 ἀνθρώποις,
1305 381 1351 407 καὶ
1370 382 1384 407 ὁ
1400 380 1448 415 τὴν
1464 382 1492 406 ἐν
1507 379 1584 415 ἥθεσι
1599 379 1764 415 διαστροφὴν
1780 380 1910 415 ἐνεργῶν.

1122 427 1230 452 Τούτων
1242 426 1271 452 δὲ
1284 424 1331 452 οὖν
1343 426 1438 462 ἔφερον
1449 427 1473 452 οἱ
1489 425 1572 452 πάλαι
1586 425 1746 460 δηλούμενοι
1761 426 1911 460 σωματικοὶ

1123 471 1241 505 βασιλεῖς
1258 471 1293 497 τὰ
1319 471 1459 506 σύμϐολα·
1484 468 1520 498 ὧν
1546 472 1560 497 ὁ
1584 471 1633 506 μὲν
1655 472 1842 507 Δαμασκηνῶν
1859 471 1911 506 τῆς

1121 518 1174 544 τῶν
1199 518 1284 544 ἐθνῶν
1311 518 1375 554 περὶ
1395 518 1430 544 τὰ
1453 518 1548 544 εἴδωλα
1570 517 1672 552 πλάνης
1692 517 1773 544 εἰκὼν
1796 515 1840 553 ἦν,
1857 519 1872 545 ὁ
1887 518 1910 544 δ’

1121 564 1213 599 ἕτερος
1235 565 1289 590 τῶν
1310 564 1484 591 ἀποστάντων
1510 564 1559 598 τῆς
1591 563 1784 599 Ἰερουσαλὴμ,
1810 563 1910 599 δηλαδὴ

1120 610 1174 636 τῶν
1191 610 1427 636 ἀποπεπτωκὸτων
1446 609 1495 644 τῆς
1517 610 1586 635 κατὰ
1609 609 1655 635 τὸν
1678 610 1759 645 νόμον
1776 609 1822 636 τοῦ
1842 609 1911 635 Θεοῦ

1121 654 1256 690 λατρείας.
1283 656 1343 682 ’Ότι
1372 656 1400 682 δὲ
1424 655 1510 681 ταῦτα
1535 655 1606 682 κατὰ
1628 656 1747 682 διάνοιαν
1772 655 1911 690 τροπικῶς

1120 701 1300 735 ἀποδέχεσθαι
1320 702 1471 737 προσήκει,
1496 701 1575 736 μάθοι
1591 702 1623 728 ἄν
1646 710 1687 732 τις
1708 701 1754 728 καὶ
1777 701 1830 727 ἀπὸ
1854 701 1910 727 τῶν

1120 747 1183 782 ἑξῆς
1199 748 1399 782 ἐπιλεγομένων
1410 768 1417 780 ,
1429 748 1461 774 δι’
1477 744 1514 774 ὧν
1530 748 1559 773 ὲν
1575 749 1608 782 τῇ
1625 747 1717 782 ἡμέρᾳ
1734 747 1781 772 τοῦ
1804 747 1911 782 Ἐμμα-

1120 793 1199 828 νουὴλ
1226 793 1305 829 μυίας
1323 794 1401 825 τινὰς
1426 794 1472 820 καὶ
1497 794 1626 829 μελίτσας
1648 792 1842 819 ἐπελεύσεσθαι
1870 792 1909 827 τῷ

1126 838 1257 865 Ἰουδαίων
1279 839 1349 865 ἔθνει
1370 840 1417 866 καὶ
1439 840 1454 865 ὁ
1471 839 1549 873 λόγος
1570 838 1708 871 θεσπίζει,
1725 839 1775 870 τὰς
1793 838 1842 873 μὲν
1861 837 1910 864 ἀπ’

1118 883 1267 916 Αἰγύπτου,
1284 884 1333 914 τὰς
1347 884 1374 910 δὲ
1391 884 1444 910 ἀπὸ
1459 883 1512 910 τῶν
1530 883 1678 919 Ἀσσυρίων
1688 903 1694 914 ,
1707 884 1756 918 τὴν
1777 882 1909 918 κεφαλὴν,

1119 931 1166 958 καὶ
1196 932 1258 963 τοὺς
1287 931 1386 963 πόδας,
1411 932 1458 957 καὶ
1484 931 1530 957 τὸν
1561 930 1678 964 πώγωνα
1703 929 1908 965 ἁποξυῄσειν·

1117 977 1259 1013 ἄνθρωπον
1273 977 1300 1004 δὲ
1317 977 1432 1013 δάμαλιν
1446 977 1525 1012 βοῶν.
1537 978 1584 1003 καὶ
1594 976 1640 1002 δύο
1658 977 1777 1012 πρόϐατα
1787 975 1909 1011 θρέψειν,

1118 1023 1162 1048 καὶ
1179 1022 1246 1049 ἄλλα
1260 1023 1320 1049 τινὰ
1334 1023 1393 1049 καθ’
1406 1023 1453 1049 ἕνα
1471 1022 1517 1048 καὶ
1533 1022 1578 1048 τὸν
1592 1022 1672 1048 αὑτὸν
1690 1022 1785 1057 χρόνον
1799 1020 1910 1046 ἔσεσθαι

1116 1068 1239 1102 οὐδαμῶς
1263 1068 1329 1103 πρὸς
1336 1067 1412 1099 λλέξιν
1423 1068 1566 1103 νοούμενα,
1576 1066 1647 1093 κατὰ
1659 1067 1741 1101 μόνην
1753 1066 1780 1092 δὲ
1790 1066 1910 1092 διάνοιαν

1117 1114 1299 1149 θεωρούμενα.
1323 1114 1415 1141 Ταῦτα
1445 1114 1494 1149 μὲν
1519 1112 1566 1140 οὖν
1593 1113 1724 1140 τοιαῦτα·
1742 1113 1816 1145 ὅπως
1833 1112 1861 1139 δὲ
1890 1113 1909 1147 ἡ

1117 1160 1241 1195 παροῦσα
1272 1160 1364 1196 γραφὴ
1397 1160 1447 1195 τῆς
1478 1159 1525 1192 τοῦ
1559 1160 1682 1195 Σωτῆρος
1709 1158 1788 1194 ἡμῶν
1820 1158 1908 1193 Ἰησοῦ

1115 1206 1233 1241 Χριστοῦ
1250 1203 1383 1240 γενέσεως
1400 1207 1585 1241 προεσήμαινε
1603 1206 1648 1232 τὸν
1667 1205 1766 1240 τρόπον
1778 1225 1785 1236 ,
1804 1213 1906 1240 μαρτυ-

1117 1253 1192 1288 ρήσει
1218 1249 1269 1278 ea:
1284 1261 1342 1283 πως
1358 1254 1372 1278 ὀ
1393 1252 1587 1287 εὐαγγελιστὴς
1610 1251 1724 1286 γράφων
1737 1259 1743 1265 ·
1773 1260 1781 1276 ι
1799 1249 1852 1276 Τοῦ
1877 1250 1907 1276 δὲ

1121 1298 1205 1333 Ἰησοῦ
1223 1298 1340 1333 Χριστοῦ
1358 1299 1373 1333 ὴ
1391 1298 1497 1332 γένεσις
1520 1298 1605 1329 οὕτως
1620 1295 1654 1333 ἦν
1665 1305 1671 1311 ·
1686 1296 1907 1331 Μνηστευθείσης

1115 1344 1167 1380 γὰρ
1191 1344 1240 1379 τῆς
1259 1344 1360 1379 μητρὸς
1381 1344 1463 1370 αὑτοῦ
1484 1345 1592 1379 Μαρίας
1616 1343 1654 1378 τῷ
1677 1344 1792 1378 Ἰωσὴφ,
1805 1343 1871 1378 πρὶν
1888 1341 1906 1377 ἦ

1116 1390 1250 1417 συνελθεῖν
1263 1391 1371 1421 αὐτοὺς,
1384 1390 1482 1426 εὑρέθη
1501 1392 1529 1417 ὲν
1546 1390 1644 1426 γαστρὶ
1658 1390 1757 1425 ἔχουσα
1773 1390 1806 1415 ὲκ
1819 1388 1905 1415 ΙΙνεὺ-

1116 1446 1198 1472 ματος
1215 1437 1302 1472 ἁγίου.
1327 1437 1424 1472 Ἰωσὴφ
1440 1437 1468 1463 δὲ
1484 1438 1497 1463 ὁ
1513 1437 1582 1472 ἀνὴρ
1599 1437 1700 1472 αὐτῆς,
1723 1436 1826 1467 δίκαιος
1851 1434 1906 1467 ὢν,

1114 1484 1161 1510 καὶ
1186 1483 1223 1519 μὴ
1256 1483 1340 1509 θέλων
1367 1483 1615 1519 παραδειγματίσαι
1645 1483 1749 1518 αὐτὴν,
1771 1480 1905 1517 ἐϐουλήθη

1113 1529 1198 1565 λάθρα
1208 1529 1340 1556 ἀπολῦσαι
1352 1529 1447 1564 αὑτήν.
1460 1529 1551 1556 Ταῦτα
1563 1529 1591 1555 δὲ
1602 1529 1682 1556 αὑτοῦ
1696 1528 1902 1564 ἐνθυμηθέντος,

280 1576 339 1604 Uno
352 1577 423 1604 enim
432 1575 552 1606 Christo,
566 1580 592 1604 et
608 1584 639 1603 eo
652 1576 722 1610 quod
736 1576 769 1602 ah
781 1576 840 1610 ipso
851 1575 1005 1602 nuntiatum
1021 1579 1063 1602 est

1118 1576 1169 1602 ἰδοὺ
1182 1576 1296 1610 ἅγγελος
1307 1576 1408 1611 Κυρίου
1426 1577 1484 1602 κατ’
1496 1575 1562 1611 δναρ
1578 1576 1701 1609 φαίνεται
1719 1574 1793 1609 αὐτῷ
1806 1574 1901 1608 λέγων·

277 1623 371 1654 verbo,
389 1623 513 1649 humana}
529 1622 626 1649 animat
637 1622 780 1656 imperium
795 1621 943 1653 obtinente,
958 1621 1062 1656 priores

277 1669 337 1704 ejus
344 1669 445 1700 hostes,
455 1668 509 1696 duo
517 1669 664 1703 impietatis
672 1668 743 1695 modi
755 1668 838 1702 fugati
848 1672 913 1695 sunt
928 1668 1061 1700 :unus‘is,

277 1716 324 1750 qui
337 1719 364 1742 et
380 1716 590 1743 simulacrorum
606 1715 722 1746 cultum,
738 1719 764 1742 et
780 1715 808 1741 in
826 1715 994 1741 multimodis
1004 1715 1062 1749 opi-

277 1762 406 1789 nionibus
420 1761 605 1789 diversitatem
621 1761 778 1788 hominibus
793 1761 957 1796 suggerebat
971 1770 977 1788 :
993 1761 1062 1788 alter

277 1808 311 1840 is,
339 1808 423 1843 quiin
440 1808 563 1835 moribus
578 1807 783 1842 perversitatem
798 1807 974 1842 propagabat.
993 1806 1059 1833 Nam

277 1854 307 1886 ii,
319 1855 365 1889 qui
379 1854 443 1881 dicti
460 1858 524 1881 sunt
541 1853 697 1888 corporales
715 1860 802 1888 reges,
819 1853 915 1880 horum
931 1858 1009 1880 notas
1035 1857 1062 1879 et

277 1901 354 1935 signa
370 1900 522 1934 gestabant,
535 1908 550 1927 e
564 1899 663 1934 quibus
678 1907 750 1926 unus
772 1898 949 1926 Damascenis
975 1899 1061 1933 impcl

277 1953 352 1975 rans.
375 1946 489 1977 erroris,
509 1952 564 1980 quo
579 1945 606 1972 in
624 1945 779 1972 simulacris
809 1945 932 1972 colendis
967 1949 1061 1979 gentes

277 1991 450 2022 tenebantur,
464 1994 521 2018 erat
537 1991 625 2025 imago
640 2000 646 2018 :
664 1991 733 2017 alter
744 1998 806 2017 vero
827 1998 932 2021 eorum,
957 1990 1003 2024 qui
1026 1991 1060 2016 ab

276 2036 426 2063 Jerusalem
443 2036 609 2068 defecerant,
631 2036 676 2070 qui
701 2035 826 2062 videlicet
841 2044 856 2062 a
878 2035 925 2063 Dei
942 2036 1061 2070 legitima

278 2082 437 2110 adoratione
461 2082 629 2114 deciderant,
660 2082 773 2118 ﬁgurate
796 2090 940 2117 personam
969 2090 1062 2117 gerere

275 2127 427 2155 videbatur.
439 2128 520 2164 320
536 2128 612 2161 Quod
629 2137 694 2156 vero
717 2129 774 2155 hare
798 2129 830 2155 ad
846 2136 956 2155 sensum
973 2136 1006 2155 ex
1034 2128 1064 2154 li—

1121 1621 1218 1656 Ἰωσὴφ
1248 1622 1305 1652 υἱὸς
1333 1621 1432 1652 Δαυῖδ,
1459 1621 1495 1656 μὴ
1518 1621 1639 1656 φοϐηθῇς
1657 1621 1826 1655 παραλαὸεἰν
1844 1621 1905 1647 Μα-

1116 1668 1184 1703 ριὰμ
1200 1667 1248 1702 τὴν
1264 1668 1382 1701 γυναῖκα
1402 1676 1458 1693 σου.
1475 1667 1511 1693 Τὸ
1527 1667 1581 1702 γὰρ
1598 1668 1626 1693 ἑν
1640 1667 1708 1702 αὐτῇ
1725 1666 1854 1702 γεννηθὲν
1871 1667 1904 1693 ὲκ

1116 1713 1272 1748 Πνεύματός
1287 1714 1361 1739 ἐστιν
1375 1713 1463 1747 ἁγίου.
1478 1712 1590 1744 Τέξεται
1601 1712 1629 1739 δὲ
1643 1712 1709 1744 υἱὸν,
1723 1713 1769 1738 καὶ
1779 1711 1903 1743 καλέσεις

1115 1760 1144 1786 τὸ
1158 1759 1242 1794 δνομα
1259 1759 1340 1785 αὑτοῦ
1361 1758 1474 1793 Ἰησοῦν.
1495 1759 1580 1790 Αὐτὸς
1598 1758 1653 1793 γὰρ
1675 1757 1756 1784 σώσει
1777 1757 1822 1784 τὸν
1838 1757 1903 1784 λαὸν

1115 1805 1196 1831 αὑτοῦ
1217 1805 1270 1831 ἀπὸ
1292 1805 1345 1831 τῶν
1370 1804 1510 1841 ἁμαρτιῶν
1532 1804 1630 1830 αὐτῶν.
1654 1813 1662 1829 ι
1685 1803 1770 1830 Τοῦτο
1794 1803 1824 1830 δὲ
1842 1803 1903 1830 ὅλον

1115 1851 1239 1884 γέγονεν,
1257 1851 1301 1877 ἵνα
1314 1850 1442 1886 πληρωθῇ
1461 1850 1491 1876 τὸ
1509 1850 1589 1885 ῥηθὲν
1607 1850 1659 1876 ὑπὸ
1670 1849 1718 1876 τοῦ
1735 1849 1838 1885 Κυρίου
1858 1849 1904 1875 διὰ

1114 1897 1161 1924 τοῦ
1174 1898 1311 1932 προφήτου
1323 1897 1447 1930 λέγοντος
1467 1905 1471 1910 ·
1493 1896 1557 1922 Ἰδοὺ
1583 1897 1598 1931 ἡ
1612 1895 1747 1931 Παρθένος
1762 1896 1791 1921 ὲν
1802 1895 1903 1930 γαστρὶ

1114 1944 1237 1978 λήψεται,
1255 1943 1301 1969 καὶ
1317 1943 1423 1975 τέξεται
1437 1943 1504 1974 υἱὸν,
1516 1943 1562 1969 καὶ
1575 1941 1698 1973 καλέσεις
1713 1941 1743 1968 τὸ
1756 1942 1842 1977 ὄνομα
1852 1942 1902 1968 αὖ·

1115 1989 1160 2016 τοῦ
1169 1989 1350 2024 Ἐμμανουὴλ,
1360 1990 1374 2016 ὃ
1382 1990 1438 2015 ἐστι
1451 1988 1730 2023 μεθερμηνευόμενον,
1739 1986 1802 2021 μεθ’
1815 1986 1902 2020 ἡμῶν

1116 2037 1132 2062 ό
1146 2036 1226 2068 Bede.
1235 2046 1243 2060 ι
1251 2035 1328 2062 Οὕτω
1339 2035 1371 2069 δὴ
1382 2035 1442 2061 καθ’
1450 2035 1522 2069 ἡμᾶς
1530 2034 1564 2060 τὰ
1574 2033 1623 2068 τῆς
1638 2034 1712 2065 θείας
1722 2033 1901 2069 προγνώσεως

1117 2081 1170 2107 ἀπὺ
1187 2082 1235 2116 τῆς
1250 2081 1304 2106 τῶν
1317 2081 1486 2116 πραγμάτων
1502 2080 1640 2111 ἐκϐάσεως
1649 2079 1799 2112 πιστοῦται,
1815 2078 1903 2110 ἄλλως

1117 2129 1167 2154 οὐκ
1188 2127 1220 2153 ἂν
1233 2127 1283 2161 τῆς
1304 2126 1471 2161 προφητείας
1494 2126 1610 2161 ἀληθοῦς
1626 2125 1900 2160 ἀποφανθησομὲνης.

275 2180 341 2209 gnra
358 2174 481 2208 accipi-re
503 2177 634 2208 oporteat,
654 2174 753 2208 poterit
769 2174 905 2208 quispiam
919 2174 1000 2201 etiam
1014 2182 1046 2200 ex
1067 2174 1100 2200 iis
1112 2181 1172 2208 qua:
1189 2178 1340 2207 sequuntur
1354 2174 1507 2204 addiscere,
1527 2173 1573 2199 ubi
1587 2173 1614 2199 in
1629 2172 1726 2199 diebus
1740 2171 1901 2199 Emmanuel

275 2229 385 2249 muscas
395 2221 526 2256 quasdam
538 2226 619 2256 atque
630 2230 705 2257 apes,
720 2221 860 2249 Judaicam
876 2225 982 2256 gentem
1001 2213 1145 2248 invasurus
1166 2222 1307 2248 oraculum
1327 2221 1411 2252 canit,
1430 2220 1498 2248 alias
1513 2221 1622 2255 quidem
1641 2221 1676 2247 ab
1691 2219 1820 2255 Aigypto,
1832 2220 1903 2248 alias

275 2271 366 2295 autem
379 2268 413 2294 ab
425 2267 556 2303 Assyriis,
566 2273 647 2302 caput
663 2275 694 2295 ac
709 2268 790 2303 pedes
803 2272 829 2295 et
841 2268 952 2294 barbam
962 2267 1105 2295 Dominunt
1125 2268 1298 2298 abrasurum,
1315 2268 1451 2295 hominem
1468 2275 1532 2294 \‘cro
1547 2268 1692 2300 juvencam
1706 2267 1825 2294 bounret
1832 2267 1902 2294 duas

280 2314 533 2347 nvesnntriturtun,
543 2319 569 2342 et
584 2315 635 2341 alia
648 2316 770 2350 quaedam
784 2315 835 2343 sub
850 2323 934 2342 unum
951 2321 1032 2350 atque
1046 2316 1115 2343 idem
1134 2321 1240 2351 tempus
1256 2315 1356 2348 futura,
1368 2324 1428 2351 qua:
1441 2316 1516 2341 nullo
1533 2315 1613 2341 modo
1624 2315 1656 2341 ad
1668 2315 1901 2349 verhumiutelligi

274 2360 399 2396 possunt.
410 2361 457 2388 sed
469 2361 502 2388 ad
511 2369 621 2388 sensum
634 2361 765 2388 duntaxat
783 2362 940 2397 accipienda
954 2364 1126 2395 sunt;etha3c
1143 2363 1251 2398 quidem
1267 2363 1293 2389 in
1303 2363 1376 2389 hunc
1387 2362 1497 2389 modotu
1509 2369 1537 2388 se
1551 2362 1660 2388 habent.
1675 2361 1753 2394 Quod
1764 2365 1854 2388 autent
1869 2370 1900 2388 ea

274 2416 334 2442 qua:
345 2408 494 2442 sicscripta
505 2407 733 2439 snnt,Salvatoris
747 2410 833 2435 nostri
846 2407 909 2436 Jesu
932 2409 1033 2436 Christi
1052 2410 1161 2437 modum
1178 2409 1308 2436 nascendi
1329 2408 1555 2443 signiﬁcaverim,
1580 2408 1637 2442 ipse
1662 2407 1828 2442 evangelista
1849 2407 1901 2435 hoc

272 2460 353 2489 pacto
373 2454 533 2481 testiﬁcatur
548 2455 671 2482 scribens
684 2465 690 2482 :
710 2464 719 2480 ι
736 2455 798 2483 Jesu
811 2455 913 2483 Christi
929 2461 1017 2483 autem
1038 2457 1177 2491 generatio
1189 2456 1229 2483 sic
1245 2459 1304 2483 erat
1319 2455 1485 2483 :Cutnesset
1496 2455 1661 2489 desponsata
1672 2459 1757 2481 mater
1769 2454 1830 2488 ejus
1846 2454 1901 2481 Ma—

273 2500 312 2526 ria
338 2499 454 2535 Joseph,
481 2504 626 2535 antequatn
655 2501 841 2534 convenirent,
859 2503 968 2529 iuventa
989 2506 1030 2529 est
1053 2503 1079 2528 in
1101 2506 1179 2529 utero
1202 2502 1305 2529 habens
1331 2502 1364 2528 de
1383 2501 1484 2536 Spiritu
1507 2506 1611 2527 sancto.
1634 2498 1733 2534 Joseph
1752 2505 1842 2527 autem
1861 2500 1902 2526 vir

271 2550 343 2582 ejus,
364 2556 424 2575 cum
451 2552 524 2576 esset
537 2548 640 2583 justus,
666 2553 692 2576 et
707 2550 792 2576 nollet
804 2558 862 2577 eam
882 2542 1035 2580 traducere.
1057 2551 1141 2576 voluit
1157 2550 1262 2577 ocrulte
1280 2548 1418 2576 dimittere
1433 2556 1503 2575 eam.
1523 2547 1584 2574 Haec
1600 2552 1689 2574 autem
1705 2554 1738 2574 eo
1751 2548 1901 2582 cogitante,

271 2602 336 2622 ecce
350 2594 469 2630 Angelus
488 2595 593 2623 Domini
616 2596 643 2624 in
664 2598 768 2624 somnis
789 2602 900 2632 apparet
915 2598 939 2625 ei
955 2597 1066 2625 dicens:
1083 2597 1182 2633 Joseph
1197 2598 1233 2624 ﬁli
1258 2597 1353 2628 David,
1370 2596 1424 2628 noli
1441 2596 1537 2622 timere
1553 2596 1677 2629 accipere
1697 2595 1808 2622 Mariam
1833 2603 1901 2622 con-

269 2641 360 2675 jugem
376 2645 461 2667 tua-n.
477 2640 553 2674 Quod
569 2643 642 2669 enim
654 2643 681 2669 in
692 2652 723 2670 ea
736 2644 856 2678 genitum
864 2649 915 2675 est,
936 2644 969 2671 de
994 2643 1097 2678 Spiritu
1114 2648 1209 2671 sancto
1222 2648 1273 2671 est.
1295 2643 1385 2669 Pariet
1400 2647 1491 2668 aulcm
1511 2642 1594 2667 lilium
1605 2661 1612 2672 ,
1627 2645 1653 2668 et
1672 2641 1782 2669 vocabis
1800 2650 1902 2670 nomen

270 2685 331 2718 ejus
345 2683 448 2712 Jesum.
474 2685 533 2721 ipse
549 2688 620 2714 enim
638 2689 742 2715 salvum
756 2688 836 2716 faciet
855 2690 982 2724 populum
998 2697 1078 2717 suum
1093 2697 1108 2715 ιι
1124 2690 1242 2724 peccatis
1266 2689 1397 2723 ipsorum.
1419 2686 1475 2714 Hoc
1492 2691 1582 2713 autent
1600 2690 1686 2714 totum
1715 2686 1816 2714 factum
1847 2691 1899 2720 εστ,

272 2736 302 2757 ut
313 2731 472 2765 impleretur
486 2734 559 2768 quod
583 2734 686 2762 dictum
713 2740 754 2763 est
778 2744 792 2762 a
814 2736 927 2764 Domino
952 2745 999 2772 per
1023 2738 1181 2772 prophetam
1207 2736 1367 2763 dicentem:
1390 2735 1459 2762 Ecce
1484 2735 1557 2768 virgo
1579 2735 1606 2761 in
1635 2739 1712 2761 utero
1736 2734 1856 2765 habebit.
1872 2739 1901 2762 et

272 2777 359 2812 pariet
383 2778 477 2811 ﬁliuni,
504 2785 531 2807 et
553 2781 663 2809 vocabis
679 2791 780 2810 nomen
793 2783 853 2818 ejus
869 2783 1044 2815 Emmanuel,
1060 2784 1133 2818 quod
1149 2790 1190 2811 est
1212 2785 1431 2819 interpretatum,
1447 2783 1581 2809 nobiscum
1603 2781 1673 2809 Deus
1690 2782 1722 2809 “.
1743 2791 1752 2807 ι
1770 2781 1815 2809 Sic
1833 2790 1900 2810 sane

272 2824 422 2851 Iecundunt
437 2834 486 2853 nos
500 2834 541 2859 ea,
555 2835 617 2861 quae
630 2829 664 2854 ad
676 2830 795 2858 divinant
813 2832 1014 2866 praedictionem
1034 2833 1180 2867 pertinent,
1194 2840 1225 2859 ex
1245 2832 1305 2867 ipso
1322 2839 1412 2858 rerum
1429 2836 1525 2857 eventu
1547 2830 1773 2865 comprobantur:
1786 2830 1898 2867 quippC.

274 2878 334 2897 cum
358 2870 408 2897 alia
439 2873 559 2904 ratione,
591 2883 727 2911 nunquam
747 2886 802 2913 pne
819 2886 847 2906 se
866 2880 1006 2907 veritatem
1026 2881 1166 2916 prophetia
1195 2881 1281 2907 latura
1306 2887 1366 2907 c5sc
1386 2879 1518 2906 videatur.

305 2942 327 2957 ιι
342 2940 436 2969 nam.
456 2950 474 2975 ι,
493 2941 584 2971 13-515.
