2089 3218
623 188 950 219 DEIONSTRATIONIS
968 189 1197 219 ιινΑΝοιιιιοιΕ
1212 190 1277 220 LIB.
1297 190 1355 218 VII.

1747 193 1799 221 5W

215 248 295 283 Ἑξῆς
310 247 340 275 δὲ
362 248 464 274 τούτων
480 247 541 274 τινα
562 248 609 274 καὶ
627 248 714 275 ὁπόσα
731 248 839 282 λέγεται
857 247 966 274 ἔσεσθαι

1053 248 1182 276 Posthac
1193 251 1295 279 autem.
1310 255 1435 282 quaenam
1449 251 1477 275 et
1490 252 1558 283 quot
1577 248 1668 276 futura
1684 256 1746 277 esse
1761 249 1801 276 di-

174 304 203 323 ev
219 296 253 330 τῇ
271 294 364 330 ἡμέρᾳ
377 294 468 329 ἐκείνῃ
482 314 490 326 ,
512 293 590 329 δῆλον
604 293 642 326 δὲ,
658 294 699 320 ὅτι
716 294 746 320 ἐν
759 294 798 329 τῷ
812 294 899 330 χρόνῳ
915 295 963 328 τῆς

176 339 335 375 ἐπιφανείας
354 339 400 366 τοῦ
427 339 616 375 Ἑμμανουὴλ,
638 340 721 376 φέρε.
743 341 961 375 κατανοήσωμεν⁸

178 396 187 412 ι
206 384 528 422 Συριεί,ιφησὶ,‹Κύριος
543 385 683 420 μυίαις,αἳ
695 385 849 422 κυριεύουσι
865 385 964 420 μέρους

174 430 297 465 ποταμοῦ
323 429 479 464 Αἰγύπτου,
503 431 551 457 καὶ
568 432 601 466 τῇ
626 431 758 468 μελίσσῃ,
791 432 808 466 ἦ
832 432 904 458 ἐστιν
936 432 964 457 ὲν

172 475 252 511 χώρει⁵
271 475 431 512 Ἀσσυρίων,
448 476 495 502 καὶ
509 476 679 509 ἐλεύσονται,
698 479 745 504 καὶ
764 477 964 504 ἀναπαύωνται

173 523 202 548 ἐν
213 523 275 554 ταῖς
285 522 404 557 φάραγξι
418 523 467 557 τῆς
483 522 574 558 χώρας
582 543 589 555 ,
599 523 646 550 καὶ
657 524 685 549 ἐν
692 525 751 555 ταῖς
763 523 896 558 τρὼγλαις
911 523 964 548 τῶν

175 566 292 602 πετρῶν,
309 567 356 594 καὶ
369 568 410 598 είς
427 568 460 594 τὰ
476 568 606 601 σπήλαια,
626 569 724 600 καὶείς
740 569 829 596 πᾶσαν
848 569 963 604 ραγάὂα,

176 612 223 638 καὶ
238 612 269 639 εν
283 613 364 639 παντὶ
381 612 462 648 ξύλῳ.
483 614 528 640 Ἐν
537 613 670 649 τῇήμέρα
681 614 773 651 ἐκείνῃ
788 614 898 650 ξυρήσει
911 614 965 641 Κύ-

179 667 234 694 ριος
255 660 284 686 ὲν
303 659 342 695 τῷ
364 660 437 695 ξυρῷ
457 660 496 695 τῷ
510 661 630 697 μεγάλῳ,
647 661 686 697 τῷ
699 661 897 697 μεμισθωμένῳ
916 661 963 688 πέ-

177 715 227 742 ραν
237 707 284 734 τοῦ
303 708 425 743 ποταμοῦ
438 707 568 742 βασιλέως
592 708 753 744 Ἀσσυρίων,
770 709 818 743 τὴν
835 708 963 743 κεφαλὴν,

176 754 223 780 καὶ
239 753 288 784 τὰς
308 753 404 789 τρίχας
430 754 484 780 τῶν
510 754 607 786 ποδῶν,
633 755 679 781 καὶ
698 754 742 780 τὸν
766 754 885 788 πώγωνα
901 755 965 788 ἀφε-

176 800 226 827 λεῖ.
239 800 293 826 Καὶ
305 799 382 826 ἔσται
410 800 439 826 ὲν
463 801 495 836 τῇ
510 801 600 836 ἡμέρα
623 800 725 836 ἐκείνῃ,
747 800 843 836 θρέψει
862 800 966 836 ἄνθρω-

178 855 228 878 πος
238 845 352 881 δάμαλιν
370 846 439 881 βοῶν
452 866 459 877 ,
481 847 528 873 καὶ
543 846 589 873 δύο
604 846 741 882 πρόϐατα,
760 847 807 873 καὶ
820 846 895 873 ἔσται
913 846 966 873 ἀπὸ

177 892 224 919 τοῦ
245 892 370 918 πλεῖστον
396 894 483 918 ποιεῖν
503 892 590 926 γάλα·
612 892 728 926 φάγεται
754 891 897 928 βούτυρον,
925 892 965 918 ὅτι

1017 298 1125 325 cantur,
1137 294 1178 321 vel
1193 294 1275 325 bona,
1293 294 1334 320 vel
1347 294 1417 320 tnala
1429 293 1456 320 in
1470 294 1514 321 die
1527 294 1583 326 illa,
1599 295 1651 322 hoc
1667 300 1730 327 est.-
1745 306 1801 331 quo

1018 343 1139 374 tempore
1165 339 1290 366 adveniet
1307 339 1476 371 Emmanuel,
1493 339 1558 366 hinc
1571 340 1627 374 jam
1644 342 1802 370 considere-

1018 394 1079 413 mus
1097 395 1102 411 :
1122 395 1131 410 4
1154 384 1296 416 Sibilabit,
1325 384 1430 419 inquit,
1454 384 1584 413 Dominus
1604 387 1722 418 muscis.
1741 396 1802 422 quae

1018 431 1194 459 dominantur
1209 431 1235 458 in
1261 435 1338 466 parte
1353 431 1473 458 ﬂuminis
1498 430 1619 467 Egypli,
1635 437 1662 460 et
1680 433 1723 468 api
1742 442 1803 470 qua:

1018 477 1098 503 estin
1113 481 1185 503 terra
1198 477 1384 511 Assyriorum,
1400 481 1427 503 et
1441 477 1559 509 venient,
1577 483 1603 505 et
1618 479 1760 513 quiescent
1775 480 1803 507 in

1018 523 1189 550 convallibus
1204 523 1322 557 regionis
1335 544 1342 554 .
1357 527 1384 549 et
1402 523 1428 549 in
1443 522 1624 551 foraminibus
1645 529 1782 559 petrarum
1793 546 1800 558 ,

1018 569 1081 596 etin
1096 569 1244 603 speluncis,
1262 572 1289 595 et
1305 569 1331 595 in
1348 569 1422 595 ontni
1437 570 1570 603 scissura,
1594 574 1621 597 et
1635 571 1662 597 in
1678 572 1754 599 omni
1771 572 1802 599 li-

1019 623 1083 650 gno.
1096 615 1123 641 ln
1136 615 1179 642 die
1195 615 1239 641 illa
1258 615 1334 641 radet
1348 614 1478 642 Dominus
1499 615 1525 641 in
1544 616 1676 642 novacula
1693 624 1802 652 magna,

1018 668 1078 694 qua:
1093 659 1215 687 mercede
1233 659 1368 686 conducta
1381 663 1433 690 est.
1447 659 1643 686 ultra-ﬂuvium
1662 661 1733 695 regis
1750 660 1801 688 As-

1020 706 1166 740 syriorunt,
1181 705 1259 740 321
1281 710 1363 739 caput
1377 710 1404 732 et
1421 706 1491 739 pilus
1510 706 1618 739 pedum,
1644 710 1670 733 et
1692 706 1803 736 barbam

1019 752 1135 783 auferet,
1151 755 1178 779 et
1193 752 1246 779 erit
1270 751 1296 778 in
1313 751 1357 778 die
1373 751 1428 782 illa,
1447 751 1549 778 ttutriet
1563 750 1645 778 homo
1657 751 1804 785 juvencam

1020 799 1101 824 boum
1117 802 1143 825 et
1157 798 1226 824 duas
1242 805 1318 828 oves,
1341 802 1367 824 et
1381 797 1433 824 erit
1451 805 1484 824 ex
1507 804 1541 823 eo
1554 796 1627 831 quod
1658 798 1804 831 plurimum

1021 843 1102 869 faciet
1125 842 1178 873 lac,
1194 843 1319 870 contedet
1334 842 1475 877 butyrum:
1491 842 1619 876 quoniam
1635 842 1760 878 butyrum
1778 847 1806 872 ct

1021 889 1071 915 mel
1086 888 1209 915 comedth
1246 888 1335 914 omnis
1364 887 1411 922 qui
1434 887 1545 914 relictus
1562 886 1644 914 fuerit
1667 887 1695 913 iu
1721 892 1804 918 terra.

178 938 307 973 βούτυρον
325 938 371 964 καὶ
396 938 456 972 μέλι
478 938 595 972 φάγεται
612 939 666 970 πᾶς
680 940 695 965 ὁ
712 938 901 973 καταλειφθεὶς
920 940 966 966 ἐπὶ

1022 938 1043 961 ει
1058 935 1110 961 erit
1132 934 1159 961 in
1182 934 1226 961 die
1240 934 1297 966 illa,
1314 934 1404 960 omnis
1425 933 1501 960 locus
1530 933 1685 967 ubicunque
1705 933 1806 960 fuerim.

176 985 227 1020 τῆς
239 985 301 1019 γῆς.
321 985 377 1012 Καὶ
394 984 469 1011 ἔσται
485 986 514 1011 ἐν
526 986 559 1020 τῇ
574 985 665 1021 ἡμέρᾳ
679 985 770 1022 ἐκείνῃ
781 1005 787 1017 ,
801 986 855 1017 πᾶς
868 985 948 1017 τόπος
958 1006 965 1017 ,

176 1026 208 1056 οὖ
220 1029 253 1056 ἂν
265 1027 317 1056 ὦσι
333 1029 417 1065 χίλιαι
431 1030 547 1065 ἄμπελοι
562 1031 656 1065 χιλίων
678 1031 776 1057 σίκλων
786 1050 793 1062 ,
814 1032 854 1063 εἰς
871 1032 966 1067 χέρσον

176 1076 284 1103 ἔσονται
296 1077 343 1103 καὶ
355 1077 396 1108 είς
406 1076 535 1107 ἄκανθαν,
552 1078 619 1112 μετὰ
634 1077 726 1112 βέλους
741 1077 787 1103 καὶ
802 1077 966 1112 τοξεύματος

177 1120 374 1148 εἰσελεύσονται
387 1123 502 1153 ὲκεῖ,ὂτι
514 1122 611 1158 χέρσος
621 1123 668 1148 καὶ
682 1122 787 1149 ἄκανθα
800 1123 877 1150 ἔσται
893 1125 967 1150 πᾶσα

261 1187 268 1198 ,
290 1167 338 1192 καὶ
354 1167 410 1193 πᾶν
425 1166 488 1202 ὅρος
508 1167 711 1203 ἁροτριώμενον
726 1169 964 1205 ὰροτριαθήσεται.

177 1213 216 1239 υΰ
234 1212 272 1248 μὴ
284 1212 386 1249 ἐπέλθῃ
399 1214 457 1239 ἐκεῖ
472 1213 553 1247 φόϐος
565 1221 572 1228 ⁸
589 1213 664 1239 ἔσται
677 1213 730 1248 γὰρ
742 1214 796 1240 ἀπὸ
804 1214 854 1248 τῆς
870 1214 966 1249 χέρσου

179 1268 227 1286 σου
245 1259 292 1286 καὶ
306 1259 428 1295 ἀκάνθης
445 1261 484 1291 εἰς
507 1259 633 1295 βόσκημα
651 1260 802 1295 προϐάτου,
821 1260 867 1286 καὶ
883 1268 967 1286 κατα‹

178 1305 293 1341 πάτημα
313 1305 381 1340 βοός.
398 1315 406 1330 ι
422 1306 546 1332 Τοσαῦτα
563 1306 671 1332 ἔσεσθαι
696 1307 724 1332 ὲν
742 1308 775 1342 τῇ
807 1306 898 1342 ἡμέρᾳ
920 1306 967 1332 τοῦ

187 1351 390 1387 Ἐμμανουὴλὴ
407 1352 532 1387 παροῦσα
557 1348 709 1387 προφητεία
734 1352 872 1388 περιέχει’
896 1352 968 1388 ἆπέρ

179 1398 275 1430 ὁποίας
289 1397 379 1434 ἔχεται
399 1398 519 1433 θεωρίας
541 1398 600 1433 ὥρα
624 1398 753 1430 διελθεῖν,
779 1398 828 1434 τὴν
851 1398 969 1425 διάνοιαν

180 1443 418 1478 ἰπιτεμνομένους.
437 1453 445 1469 ι
460 1443 560 1478 Συριεῖ,
576 1453 585 1468 ›
599 1444 679 1478 φησὶ,
694 1453 703 1468 ι
720 1443 822 1479 Κύριος
835 1444 928 1478 μυίαις
941 1445 968 1469 ὲν

179 1489 216 1523 τῇ
231 1489 323 1525 ἡμέρᾳ
338 1489 440 1524 ἐκείνῃ,
454 1490 482 1516 αἳ
497 1489 653 1524 κυριεύωσι
669 1489 766 1524 μέρους
782 1488 906 1524 ποταμοῦ
923 1489 970 1514 Αί-

180 1534 351 1569 γύπτου,καὶ
361 1536 394 1570 τῇ
408 1535 559 1570 μελίσσῃ,ἧ
575 1535 647 1560 ἐστιν
658 1535 686 1561 ἐν
700 1534 777 1570 χώρᾳ
792 1534 949 1569 Ἀσσυρίων·
959 1545 966 1559 ι

179 1582 242 1613 ταῖς
264 1580 312 1616 μὲν
335 1581 479 1616 προτέραις
495 1579 694 1615 εἰδωλολατρῶν
720 1580 823 1615 ἀνδρῶν
837 1580 936 1615 ψυχαῖς
952 1580 968 1615 ἦ

182 1626 231 1653 καὶ
254 1626 419 1661 δυνάμεσιν,
441 1626 479 1657 ὼς
499 1623 594 1661 οἶμαι,
619 1625 783 1659 ἀκαθάρτοις
806 1626 852 1652 καὶ
877 1626 970 1661 ἀηδέσι

184 1670 277 1705 μυίαις
288 1669 500 1705 ὀνομαζομέναις
509 1689 517 1701 ,
535 1670 581 1696 καὶ
597 1670 688 1705 μυίαις
700 1670 908 1703 Αἰγυπτιακαῖς,
926 1670 971 1696 θυ-

183 1717 256 1748 σίαις
277 1716 324 1743 καὶ
345 1716 458 1751 αἴμασιν
485 1716 601 1742 εἰδώλων
625 1716 800 1751 χαιρούσαις’
819 1718 851 1752 τῇ
869 1717 898 1743 δὲ
925 1725 972 1751 με-

183 1762 262 1798 λίσσῃ
277 1762 339 1797 ζώῳ
359 1763 470 1798 κέντρον
487 1762 676 1797 ἐπιφερομένῳ
688 1782 694 1792 ,
711 1762 865 1797 βασιλεύειν
879 1771 908 1788 τε
926 1764 971 1789 καὶ

185 1808 392 1843 βασιλεύεσθαι,
416 1809 463 1834 καὶ
479 1808 606 1843 πολεμεῖν
623 1809 806 1843 ἐπισταμένῳ,
823 1808 972 1843 ἀμύνεσθαὶ

183 1861 214 1880 τε
226 1853 273 1880 καὶ
285 1852 445 1889 τιτρώσκειν
460 1853 542 1880 είδότι
555 1854 617 1885 τοὺς
630 1853 849 1889 ἀνθισταμένους.
867 1853 973 1884 Ταύτας

184 1897 231 1925 οὖν
244 1898 312 1933 ὁμοῦ
330 1898 507 1930 συνελθούσας
519 1919 525 1929 ,
540 1898 589 1929 τὰς
608 1899 655 1933 μὲν
673 1899 705 1924 ἐκ
732 1899 782 1933 τῆς
797 1899 850 1925 τῶν
867 1899 973 1925 εἰδωλο-

184 1943 292 1980 λατρῶν
315 1943 419 1980 χώρας,
441 1945 489 1975 τὰς
513 1945 540 1970 δὲ
559 1945 612 1971 ἀπὸ
626 1945 675 1979 τῆς
689 1944 742 1970 τῶν
758 1945 974 1971 κατευθυνόντων

185 1989 238 2024 γῆς
259 1989 509 2024 (κατευθύνοντες
536 1989 589 2025 γὰρ
605 1991 628 2016 οἱ
648 1990 784 2025 Ἀσσύριοι
808 1991 973 2025 ἑρμηνεύον-

185 2034 254 2069 ut),
281 2035 403 2061 κελεύσει
431 2034 524 2070 ὥσπερ
542 2035 662 2070 σύρισμά
686 2044 712 2061 τι
729 2036 775 2062 τοῦ
802 2036 904 2071 Κυρίου
930 2038 974 2062 καὶ

185 2079 254 2106 Θεοῦ
273 2079 328 2106 τῶν
344 2079 412 2106 ὅλων
433 2080 481 2114 τῆς
506 2080 636 2112 Ἰουδαίας
653 2081 762 2115 ἁπάσης
782 2082 974 2116 ἐπικρατήσειν

186 2125 231 2152 διὰ
251 2123 301 2161 τὴν
321 2125 362 2156 εἰς
378 2125 494 2160 Χριστὸν
520 2126 648 2151 ἀπιστίαν
665 2125 754 2152 αὐτῶν
766 2146 772 2157 ,
792 2127 820 2151 ὲν
835 2127 867 2161 τῇ
886 2126 975 2161 ἡμέρᾳ

186 2170 234 2198 τοῦ
253 2170 436 2207 Ἐμμανουήλ,
450 2171 525 2206 φησί.
547 2172 677 2206 Σημαίνει
690 2172 719 2198 δὲ
741 2172 784 2198 διὰ
798 2172 898 2198 τούτων
912 2172 975 2207 ἔθνη

187 2216 323 2250 ἀλλόφυλα
337 2217 384 2243 καὶ
401 2217 583 2251 στρατιωτικὰ
596 2218 717 2252 οἰκήσειν
731 2217 779 2252 τὴν
797 2218 975 2253 Ἰερουσαλὴμ

188 2262 235 2289 καὶ
246 2261 298 2297 τὴν
315 2261 444 2288 Ἰουδαίαν
459 2263 509 2297 γῆν
522 2270 528 2276 ·
544 2262 610 2297 ὅπερ
624 2263 670 2288 καὶ
686 2263 700 2288 ό
715 2263 808 2298 Σωτὴρ
824 2264 838 2297 ὴ
844 2262 901 2298 μῶν
917 2263 976 2289 λευ-
993 2279 1015 2306 D

189 2308 311 2344 ποτέροις
329 2308 458 2343 ὀνόμασιν
475 2308 616 2340 ἐθέσπιζεν
627 2328 634 2339 ,
657 2308 741 2334 εἰπὼν
753 2329 760 2340 ,
779 2318 788 2333 ι
805 2309 859 2335 Καὶ
878 2309 976 2343 Ἰερου-

190 2353 281 2390 σαλὴμ
299 2353 375 2380 ἕσται
396 2353 550 2389 πατουμένη
569 2354 620 2380 ὑπὸ
639 2353 737 2379 ἐθνῶν·
757 2365 766 2379 ι
790 2354 804 2380 ὃ
825 2354 871 2380 καὶ
886 2355 977 2386 τέλους

189 2399 267 2435 ira:
277 2419 286 2430 ,
299 2400 358 2434 μετ’
374 2399 404 2425 οὑ
423 2399 506 2425 πολὺν
524 2400 618 2434 χρόνον
633 2399 686 2426 τῶν
703 2400 749 2426 τοῦ
762 2400 886 2435 Σωτῆρος
901 2401 978 2435 ἡμῶν

190 2443 298 2478 φωνῶν,
318 2444 459 2478 Ῥωμαίων
475 2444 522 2479 τὴν
536 2444 611 2470 πόλιν
627 2444 739 2471 ἑλόντων
750 2465 756 2477 ,
769 2445 932 2479 ἀλλοφύλους
950 2455 978 2472 τε

189 2490 290 2525 ἄνδρας
322 2489 412 2516 αὐτόθι
437 2491 647 2516 κατοικισαντων
673 2491 718 2516 καὶ
743 2491 790 2516 ἐπὶ
823 2491 869 2517 τοῦ
897 2492 978 2517 τόπου

191 2539 427 2572 καταστησάντων.
438 2535 520 2562 Πάλιν
533 2536 560 2562 δὲ
572 2537 585 2562 ὁ
596 2537 674 2567 αὐτὸς
687 2535 787 2571 Κύριος
797 2536 896 2571 ξυρήσε
902 2546 924 2562 ιν
939 2537 980 2562 λέ-

189 2591 268 2617 γεται
285 2583 316 2609 ὲν
331 2582 370 2617 τῷ
385 2582 431 2608 τοῦ
450 2583 581 2617 βασιλέως
600 2583 747 2616 Ἀσσυρίων
765 2581 854 2617 ξυρῷ,
871 2583 928 2616 ἦτοι
946 2585 978 2618 τῇ

191 2628 336 2663 κολαστικῇ
349 2627 460 2662 δυνάμει
477 2627 523 2653 τοῦ
540 2627 666 2661 ἄρχοντος
686 2626 731 2653 τοῦ
755 2627 852 2658 αἰῶνος
869 2627 961 2653 τούτου
972 2647 979 2657 ,

189 2675 238 2710 τὴν
251 2674 373 2709 κεφαλὴν
382 2693 390 2704 ,
404 2674 450 2700 καὶ
465 2674 528 2704 τοὺς
541 2673 623 2704 πόδας
637 2693 643 2704 ,
660 2673 706 2699 καὶ
721 2673 765 2699 τὸν
781 2673 899 2706 πώγωνα
910 2693 916 2705 ,
931 2674 980 2699 οὐκ

188 2720 270 2749 ἄλλον
290 2721 362 2752 τινος
374 2721 391 2756 ἢ
407 2719 486 2752 αὖθις
499 2720 545 2747 τού
565 2721 696 2747 Ἰουδαίων
712 2720 820 2752 ἔθνους,
834 2721 908 2747 τοῦτ’
921 2721 979 2747 ἔστι

189 2767 235 2794 τον
257 2767 359 2802 κόσμον
381 2767 471 2794 αὐτῶν
488 2767 532 2794 καὶ
555 2766 604 2802 τὴν
619 2766 697 2800 δόξαν
719 2767 851 2801 περιελεῖν
870 2766 913 2793 διὰ
929 2767 979 2802 τῆς

190 2812 243 2839 τῶν
259 2812 373 2840 καθόλου
388 2813 607 2848 ἐπικρατούντων
622 2814 718 2848 ἀρχῆς.
736 2814 887 2848 Ῥωμαίους
900 2813 927 2840 δὲ
943 2811 980 2840 εἷ-

191 2867 234 2885 ναι
251 2858 359 2889 τούτους
375 2859 532 2887 αἰνίττεται.
552 2859 599 2886 Διὲι
616 2860 668 2894 γὰρ
695 2859 741 2885 τοῦ
759 2860 810 2885 τῶν
832 2860 978 2895 Ἀσσυρίων

229 2938 250 2953 δ’
267 2936 320 2965 isa.
339 2944 387 2971 vn,
408 2936 511 2964 18-23.

1019 981 1092 1007 mille
1104 980 1173 1007 viles
1183 987 1232 1015 pro
1242 980 1315 1007 mille
1327 980 1451 1011 siclis,in
1466 984 1568 1008 terram
1579 980 1707 1008 incultam
1714 985 1805 1011 crum,

1018 1031 1045 1053 et
1061 1026 1089 1052 in
1106 1026 1221 1060 spinam,
1240 1034 1300 1052 cntn
1310 1026 1407 1060 sagitta
1417 1031 1444 1054 et
1455 1033 1520 1053 arcu
1533 1026 1719 1061 ingredienlur
1730 1026 1805 1056 illuc,

1018 1073 1148 1107 quoniatu
1168 1071 1350 1099 terrainculta
1359 1077 1386 1099 et
1400 1072 1478 1107 spina
1503 1073 1554 1100 erit
1575 1072 1665 1099 omnis
1679 1075 1763 1105 terra,
1780 1075 1807 1098 et

1018 1119 1107 1145 otnnis
1124 1126 1203 1145 mons
1216 1118 1263 1153 qui
1280 1123 1386 1149 aratur,
1403 1118 1535 1145 arabitur.
1551 1117 1610 1144 Non
1628 1117 1807 1144 accedetilluc

1019 1169 1117 1197 terror,
1134 1164 1186 1191 erit
1199 1164 1271 1190 enim
1288 1171 1302 1189 a
1318 1170 1391 1190 terra
1411 1164 1513 1190 inculta
1527 1168 1553 1190 et
1569 1163 1647 1197 spina
1662 1163 1689 1189 in
1708 1169 1808 1197 pascua

1019 1210 1089 1243 ovis,
1105 1215 1132 1237 et
1159 1211 1186 1237 in
1203 1209 1440 1236 conculcationem
1471 1209 1549 1236 bovis
1572 1209 1606 1237 “‘.
1628 1218 1637 1234 ι
1658 1207 1720 1236 Haec
1752 1212 1807 1234 tant

1019 1258 1104 1284 mttlta
1129 1256 1221 1283 fultura
1238 1256 1264 1282 in
1283 1256 1326 1283 die
1344 1255 1515 1287 Emmanuel,
1535 1263 1652 1289 pra'sens
1667 1254 1808 1289 prophetia

1019 1301 1159 1336 complexa
1174 1305 1228 1332 est,
1243 1308 1304 1334 qua:
1317 1299 1392 1335 quali
1408 1299 1638 1334 contemplatione
1659 1298 1808 1326 scrutanda

1020 1348 1086 1379 sint,
1103 1347 1158 1382 jam
1175 1346 1293 1381 experiri
1311 1350 1419 1380 tempus
1442 1351 1493 1376 est,
1511 1345 1598 1380 ipsam
1623 1345 1730 1372 interim
1745 1353 1809 1372 sen-

1021 1394 1132 1421 tentiam
1149 1392 1324 1420 dividentes:
1360 1401 1369 1417 t
1390 1391 1526 1422 Siliilahit.
1554 1392 1651 1426 inquit,
1677 1390 1808 1418 Dominus

1021 1440 1122 1467 muscis
1135 1439 1163 1466 in
1181 1439 1225 1466 die
1240 1439 1297 1469 illa,
1321 1446 1383 1472 qua:
1397 1437 1576 1464 dominantur
1591 1437 1617 1463 in
1634 1441 1709 1471 parte
1721 1436 1810 1463 ilumi-

1022 1486 1064 1513 nis
1080 1485 1201 1521 Egypti,
1220 1490 1246 1512 et
1263 1485 1306 1519 api
1320 1492 1381 1519 qua:
1391 1488 1433 1511 est
1451 1484 1478 1511 in
1498 1487 1570 1510 terra
1588 1483 1772 1519 ASsyriorutn,
1797 1493 1806 1508 ι

1024 1532 1068 1558 ubi
1085 1533 1206 1558 virorum
1226 1531 1301 1566 prius
1319 1531 1466 1558 sittmlacra
1494 1530 1664 1556 adorantium
1691 1529 1808 1559 anilitas.

998 1610 1004 1617 ‘
1021 1581 1068 1603 aut
1079 1576 1160 1604 etiam
1175 1577 1307 1611 quasdam
1326 1580 1352 1602 et
1368 1574 1521 1602 immundas
1539 1578 1565 1601 ct
1590 1574 1704 1601 infestas
1735 1578 1810 1608 pote-

1022 1627 1118 1655 states,
1133 1630 1242 1650 museas
1255 1623 1373 1650 atbilt'ol'
1389 1621 1534 1652 nominari,
1552 1625 1578 1647 et
1594 1628 1703 1647 muscas
1726 1619 1811 1654 [Egy-

1024 1671 1138 1704 ptiacas,
1155 1677 1215 1704 qua:
1241 1669 1384 1696 sacriliciis
1417 1673 1444 1693 ct
1473 1666 1617 1693 cruoribus
1645 1665 1807 1692 simulacro-

1025 1724 1083 1743 rum
1098 1715 1227 1751 gaudent.
1244 1715 1310 1749 Apis
1327 1722 1391 1740 vero
1419 1717 1460 1740 est
1475 1713 1575 1739 animal
1603 1712 1698 1739 aculeo
1717 1719 1809 1738 arma-

1025 1766 1091 1793 tum,
1110 1765 1136 1788 et
1155 1761 1227 1795 quod
1248 1759 1394 1794 regnandi.
1417 1766 1449 1785 ac
1466 1759 1517 1795 sub
1532 1766 1594 1792 rege
1610 1757 1736 1792 (legendi.
1753 1757 1810 1783 bel-

1024 1807 1151 1841 landique
1175 1806 1316 1833 scientiam
1334 1805 1422 1837 habet,
1443 1808 1470 1832 et
1491 1804 1584 1831 ulcisci
1612 1811 1643 1829 ac
1667 1803 1812 1830 vulnerare

1024 1853 1200 1880 adversantes
1231 1852 1360 1878 idoneum
1390 1855 1442 1878 est.
1467 1849 1555 1876 Hasce
1580 1850 1662 1883 igitur
1676 1849 1702 1875 in
1720 1849 1809 1875 locutu

1026 1907 1108 1925 unum
1132 1898 1344 1925 convenientes.
1362 1897 1430 1924 alias
1449 1896 1558 1931 quidem
1580 1896 1614 1923 de
1640 1895 1750 1929 regione
1764 1902 1812 1921 eo-

1026 1951 1084 1970 rum
1102 1944 1146 1977 qui
1161 1942 1307 1970 simulacra
1321 1942 1445 1972 adorant,
1468 1941 1535 1966 alias
1549 1947 1613 1966 vero
1630 1939 1663 1966 de
1675 1942 1747 1965 terra
1763 1946 1811 1973 gu—

1026 1990 1197 2016 bernantium
1211 1989 1326 2023 (Assyrii
1343 1988 1414 2014 enim
1434 1995 1466 2013 ex
1482 1985 1706 2020 interpretatione
1723 1985 1812 2011 nomi-

1026 2035 1069 2062 nis
1087 2035 1260 2068 gubernanles
1275 2032 1571 2068 intelliguntur),jussu
1583 2036 1610 2057 et
1624 2031 1702 2066 quasi
1718 2030 1812 2058 sibila-

1027 2082 1100 2108 tione
1115 2081 1219 2107 Domini
1235 2084 1261 2106 et
1278 2080 1324 2107 Dei
1341 2088 1430 2106 rerum
1445 2079 1577 2111 euntium,
1595 2077 1694 2105 Jutlzeae
1707 2078 1813 2104 univer-

1028 2136 1064 2154 διε
1077 2128 1268 2161 imperaturas.
1287 2130 1395 2160 propter
1410 2125 1496 2160 ipsius
1512 2125 1540 2151 itt
1555 2125 1695 2151 Christum
1723 2124 1813 2150 incre-

1027 2173 1167 2200 dulitatem
1186 2173 1234 2202 ait,
1251 2172 1278 2198 in
1292 2171 1335 2198 die
1351 2171 1521 2198 Emmanuel.
1546 2169 1593 2197 llis
1608 2174 1698 2197 autetn
1722 2170 1812 2198 verbis

1028 2219 1161 2254 signiﬁcat
1174 2222 1267 2254 gentes
1292 2222 1418 2244 externas
1434 2220 1460 2244 et
1483 2217 1627 2247 militares,
1643 2216 1813 2242 habitam-ras

1028 2265 1178 2293 Jerusalem
1204 2270 1230 2292 ct
1242 2263 1362 2290 Judmam
1378 2268 1491 2290 terram.
1507 2262 1584 2295 Quod
1601 2261 1709 2296 quidem
1726 2261 1812 2295 ipsum

1028 2311 1241 2338 evidentioribns
1258 2310 1348 2337 verbis
1375 2309 1501 2336 Salvator
1524 2312 1617 2335 noster
1642 2307 1752 2338 cecinit,
1768 2307 1813 2333 ubi

1030 2357 1067 2383 ait
1082 2366 1088 2383 :
1107 2365 1116 2381 ι
1135 2355 1165 2382 Et
1175 2355 1325 2382 Jerusalem
1337 2353 1566 2380 conculcabitura
1576 2351 1711 2386 gentibus,
1720 2359 1729 2375 ›
1740 2349 1813 2382 quod

1030 2401 1169 2429 oraculum
1191 2401 1263 2426 haud
1281 2400 1316 2426 ita
1347 2399 1431 2425 tnulto
1448 2402 1508 2432 post
1522 2397 1582 2424 illas
1603 2395 1750 2422 Salvatoris
1766 2402 1814 2421 no-

1031 2448 1079 2474 stri
1094 2454 1173 2473 voces
1189 2446 1291 2472 exitum
1323 2445 1436 2475 invenit,
1453 2443 1582 2469 Romanis
1613 2443 1698 2475 ipsam
1719 2440 1814 2466 urbem

1032 2492 1262 2527 expugnanttbus,
1284 2491 1392 2525 illiCque
1408 2489 1506 2516 diversi
1526 2488 1632 2523 generis
1645 2487 1718 2513 viros
1729 2486 1814 2512 col|0<

1031 2539 1156 2564 cantibus
1177 2541 1202 2563 et
1220 2537 1246 2563 in
1262 2537 1320 2563 loco
1332 2535 1524 2563 slatucnlibus.
1545 2534 1649 2560 Rursus
1671 2531 1740 2558 idem
1761 2530 1814 2557 Do-

1032 2585 1122 2610 minus
1147 2583 1297 2610 :thl‘asurus
1312 2582 1411 2609 dicitttr
1436 2581 1463 2607 in
1486 2580 1556 2615 regis
1576 2579 1751 2613 Assyriorum
1766 2585 1815 2603 no-

1031 2631 1138 2661 vacula,
1149 2634 1200 2656 hoc
1215 2633 1266 2660 est,
1280 2628 1454 2662 castigatoria
1471 2627 1494 2653 vi
1511 2625 1642 2660 principis
1660 2623 1751 2650 saeculi
1765 2623 1815 2649 hu-

1029 2677 1086 2710 jus,
1099 2680 1180 2711 caput
1195 2680 1222 2702 et
1238 2675 1318 2709 pedes
1332 2679 1359 2701 et
1377 2674 1501 2704 barbam,
1518 2680 1571 2698 non
1598 2670 1710 2697 alterius
1723 2668 1816 2701 cujus-

1033 2723 1103 2756 piam
1119 2730 1199 2756 quant
1226 2728 1322 2748 rursus
1348 2719 1468 2746 Judaicaa
1482 2718 1581 2753 gentis,
1597 2717 1648 2743 hoc
1666 2719 1718 2747 est,
1736 2714 1817 2749 322

1033 2772 1223 2795 ornamentum
1235 2771 1263 2795 et
1279 2766 1393 2802 gloriam
1410 2765 1552 2792 ablaturus
1578 2771 1625 2798 per
1649 2769 1754 2794 eorum,
1769 2760 1815 2795 qui

1035 2814 1163 2841 universo
1187 2814 1319 2848 imperant
1335 2833 1341 2844 ,
1360 2812 1553 2847 principatum.
1573 2809 1627 2836 llos
1643 2812 1732 2835 autem
1760 2815 1814 2834 non

1034 2861 1101 2887 alios
1121 2868 1200 2895 quam
1217 2859 1355 2888 Romanus
1369 2867 1430 2887 esse
1446 2858 1543 2886 innuit.
1558 2854 1750 2884 Notnincenim
1764 2853 1813 2879 As.
