2089 3218
274 175 334 204 ’807

615 173 749 203 EUSEBII
769 173 1012 203 CESARIENSIS
1029 172 1105 201 OPP.
1126 173 1215 202 PARS
1232 174 1264 202 Il.
1282 190 1318 195 —-
1336 173 1582 204 APOLOGETICA.

278 236 430 271 syriorum,
447 235 631 271 quodcunque
645 243 693 270 per
715 235 823 270 singula
839 238 962 270 tempora
985 235 1055 270 genti

1105 259 1107 265 λ
1120 234 1253 270 ὀνόματος
1272 234 1393 270 ἡγοῦμαι
1407 234 1457 270 τὴν
1472 234 1532 262 καθ’
1552 234 1666 262 ῑκαστον
1681 236 1775 270 χρόνον
1788 238 1906 274 ἐπικρα-

277 281 329 308 bus
353 281 515 316 impositum
540 285 582 307 est
607 288 734 315 regnum,
763 280 912 315 signiﬁcari
938 280 1067 312 arbitror,

277 331 424 361 propterea
441 327 514 361 quod
523 334 555 353 ex
571 325 704 353 llebraica
717 326 809 361 lingua
825 326 1068 360 interpretantibus

275 372 381 407 Assyrii
400 372 574 407 gubernante:
593 372 760 407 signiﬁcant.
772 371 864 407 Itaque
878 380 950 399 nunc
970 373 1068 407 guber-

275 423 373 446 nantes
395 419 510 446 Romani
535 424 610 447 sunt.
636 418 703 445 Nam
724 426 818 446 revera
837 417 909 446 Deus
929 419 1065 450 universi,

274 462 462 493 Romanorum
485 466 618 493 novacula
634 485 641 496 ,
660 465 712 492 hoc
741 470 784 492 est
800 484 809 496 ,
826 465 898 492 civili
921 472 953 491 ac
970 465 1066 492 bellica

274 509 298 534 vi
319 517 428 538 omnem
449 510 569 538 Iudaica:
583 512 671 545 gentis
683 511 807 546 gloriam,
824 510 850 537 in
863 519 915 545 qua
931 511 1007 545 prius
1019 519 1066 538 su-

278 555 429 589 perhiebat,
456 563 620 590 omnemque
648 557 770 590 ipsorum
785 556 983 588 fortitudinem.
1005 565 1066 592 quae

278 609 326 635 per
350 601 462 628 barbam
475 606 501 628 et
516 602 587 636 pilos
607 602 704 637 pedum
729 603 910 638 signiﬁcatur,
940 604 1063 631 abstulit.

276 646 369 682 Neque
386 647 459 674 enim
473 647 526 674 alio
551 655 670 683 unquam
682 653 804 682 tempore
815 649 891 683 prius
905 657 986 684 quam
1004 653 1064 684 post

277 692 427 720 Salvator-is
448 694 546 723 nostri.
564 694 617 722 hoc
638 699 691 725 est.
716 699 777 730 post
803 695 890 730 ipsius
904 695 1064 723 Emmanuel

275 743 377 768 ortum.
404 746 484 765 omne
505 739 559 766 illis
574 744 764 767 ornamentum
782 740 894 767 abstulit
919 739 990 768 Deus
1016 749 1064 776 per

276 786 458 820 principatum
483 785 680 814 Romanorum.
698 786 750 814 Sed
768 795 816 822 pro
834 797 843 813 ι
856 795 920 822 rege
935 788 1062 823 Assyrio-

275 838 336 857 rum
356 840 366 857 ι
383 830 480 865 Aquila
499 830 629 865 quidem,
649 840 658 857 ι
680 831 707 857 in
731 839 814 866 regno
836 831 1024 866 Assyriorum,
1049 841 1058 857 ι

274 875 444 903 Theodotion
457 879 559 907 autem,
578 885 587 900 ι
601 875 628 902 in
644 883 707 911 rege
725 876 901 911 Assyriorum
920 889 929 902 ι
946 884 1061 904 conver-

272 921 316 952 tit,
332 920 450 956 itemque
467 920 665 957 Symmachus;
677 922 722 957 qui
736 922 846 957 quidem
863 923 903 950 sic
913 923 1060 950 ostendunt

272 967 345 1002 quod
359 975 414 994 non
426 967 500 1002 regis
510 968 686 999 Assyriorum
702 972 784 1003 caput
800 969 986 997 abradeudum
997 977 1059 997 esse

272 1012 391 1040 minetur
400 1014 552 1045 oraculum,
562 1014 609 1042 scd
623 1014 694 1050 regis
708 1015 769 1049 ejus
785 1015 926 1048 novacula,
936 1020 1017 1050 atque
1030 1016 1057 1042 in

270 1064 304 1084 eo
318 1057 377 1092 ipso
390 1064 452 1092 rege
466 1058 652 1094 Assyriorum,
670 1059 704 1087 iis
716 1067 777 1094 qua:
793 1061 820 1087 in
840 1059 891 1087 hac
916 1060 1057 1095 prophetia

271 1103 446 1131 continentur
453 1104 622 1132 adiciendam
638 1113 699 1133 esse
712 1105 855 1133 Judaicam
870 1106 1057 1141 gentchlaac

270 1153 360 1177 autem
376 1150 458 1178 etiam
471 1151 531 1186 ipso
542 1156 642 1183 eventu
660 1152 884 1187 comprobantur.
902 1152 954 1180 Per
969 1154 1054 1180 otium

271 1203 336 1223 vero
360 1198 548 1231 unusquisque
570 1198 623 1225 alia
638 1199 780 1234 complura
792 1219 799 1230 .
815 1199 838 1226 si
854 1199 1054 1232 observaverit,

270 1242 341 1277 apud
352 1243 500 1278 prophetas
514 1244 643 1274 inveniet.
655 1245 733 1279 quasi
746 1244 779 1272 de
793 1253 909 1280 persona
933 1245 1056 1280 Assyrio-

269 1295 328 1314 rum
356 1288 440 1319 dicta,
457 1296 518 1323 qua:
531 1289 606 1316 nullo
617 1290 698 1316 modo
715 1290 919 1317 accommodari
934 1290 1055 1326 Assyriis

268 1335 390 1366 posSunt.
410 1333 458 1360 sed
472 1342 555 1369 regno
570 1334 643 1369 quod
667 1342 714 1369 per
736 1335 842 1370 singula
860 1339 982 1370 tempora
998 1337 1056 1363 uni-

268 1378 355 1406 versis
365 1379 492 1414 gentibus
515 1380 680 1408 dominetur.
697 1380 803 1407 Etenim
818 1381 874 1415 jam
891 1382 973 1409 etiam
990 1383 1054 1409 Per-

267 1429 313 1449 sas
330 1423 402 1457 apud
418 1422 545 1452 Hebraeos
570 1425 723 1453 invenimus
749 1425 876 1460 Assyrios
909 1427 1052 1455 nominari.

267 1469 402 1502 Quocirca
415 1477 488 1497 nunc
503 1477 612 1505 quoque
622 1471 784 1505 putavimus
798 1471 982 1507 principatum
1002 1474 1053 1502 Ro-

266 1521 410 1542 manorum
423 1515 475 1542 hoc
485 1517 597 1544 oraculo
622 1517 781 1552 signiﬁcari.
803 1518 962 1548 Gubernare
979 1521 1052 1549 enim

266 1559 354 1594 ipsum
372 1561 456 1594 hunc,
471 1565 497 1589 et
509 1562 634 1590 eumdem
649 1564 793 1598 gubernari
806 1573 820 1592 a
832 1567 895 1598 Deo,
913 1571 974 1602 post
991 1567 1051 1594 Sal-
1062 1583 1088 1615 ο

265 1606 368 1633 valoris
395 1607 483 1634 nostri
511 1607 657 1635 adventum
679 1611 827 1638 cernimus.
850 1610 936 1639 Nemo
962 1616 1051 1639 tamen

265 1651 420 1687 suspicetur
434 1653 525 1680 omnia
542 1661 593 1681 nos
607 1654 709 1687 dicere,
723 1664 891 1691 quaecunque
909 1658 936 1684 in
951 1658 1051 1686 divinis

266 1697 344 1724 libris
359 1697 393 1725 de
408 1698 528 1734 Assyriis
544 1699 680 1734 leguntur,
702 1701 736 1728 ad
752 1701 891 1730 Romanos
909 1711 970 1731 esse
985 1705 1051 1732 refc-

264 1743 347 1770 renda
360 1743 475 1779 (fatuum
489 1745 562 1772 enim
572 1746 598 1773 id
605 1751 685 1781 atque
696 1748 870 1782 impudentia:
879 1749 1049 1786 obnoxium),

263 1789 311 1818 scd
328 1791 462 1825 quasdam
485 1799 547 1820 esse
572 1793 746 1828 propheticas
768 1803 857 1826 voces,
874 1797 1048 1830 testimoniis,

263 1843 324 1870 qua:
339 1836 372 1863 de
392 1837 502 1865 Christo
515 1837 651 1871 feruntur,
670 1840 828 1875 implicitas.
845 1851 915 1877 quas
932 1843 1049 1871 dicimus

263 1881 296 1909 de
314 1882 444 1911 Romanis
472 1891 519 1918 per
544 1884 717 1921 Assyriorum
744 1889 951 1922 appellationem
976 1890 1048 1917 acci-

263 1930 376 1962 p’enlas
404 1938 438 1956 ex
469 1931 588 1959 nominis
617 1934 852 1968 interpretatione.
878 1936 950 1970 quod
973 1945 1045 1964 scm-

263 1980 311 2008 per
331 1981 442 2009 regnum
475 1976 552 2007 illud,
568 1977 640 2011 quod
657 1986 703 2013 per
717 1979 822 2014 singula
839 1984 960 2015 tempora
983 1989 1048 2016 gen-

263 2018 336 2046 tibus
365 2020 520 2054 impositum
546 2026 604 2054 est,
639 2027 830 2058 repraesentat,
872 2017 1047 2059 quemadmo-

261 2063 326 2090 dum
351 2072 401 2091 suo
435 2069 557 2101 tempore
586 2067 846 2098 demonstrabimus.
879 2072 967 2105 Atque
997 2080 1047 2107 ego

261 2108 370 2142 quidem
387 2129 395 2142 ,
423 2109 487 2138 dum
516 2112 598 2146 hujus
626 2114 806 2146 expositionis
834 2115 966 2143 rationem
990 2124 1047 2143 me-

262 2161 324 2180 cum
350 2154 468 2189 inquiro,
501 2157 620 2185 arbitror
646 2159 680 2186 ob
703 2160 771 2186 nihil
791 2159 864 2186 aliud
886 2159 966 2195 323
986 2168 1046 2188 ora-

261 2200 322 2226 cula
360 2201 517 2235 prophetica
546 2210 602 2230 non
632 2212 846 2232 commemorare
885 2207 1044 2233 nominatim

1119 281 1218 308 τοῦσαν
1241 281 1295 308 τῶν
1321 280 1405 308 ὲθνῶν
1430 280 1566 316 βασιλείαν
1589 281 1788 317 σημαίνεσθαι.
1807 282 1852 310 διὰ
1874 284 1906 311 τὸ

1119 328 1357 360 κατευθύνοντας
1372 327 1426 353 ἀπὸ
1443 327 1493 361 τῆς
1515 327 1646 363 Ἐϐραίων
1663 328 1754 363 φωνῆς
1772 330 1906 365 ἑρμηνεύο

1118 372 1195 398 εσθαι
1218 373 1280 404 τοὺς
1304 373 1474 408 Ἀσσυρίους·
1491 371 1560 399 ὥστε
1576 371 1646 402 εἶναι
1668 374 1819 409 Ῥωμαίους
1841 376 1903 406 τοὺς

1117 419 1164 446 νῦν
1180 420 1403 452 κατευθύνοντας.
1423 422 1499 448 Ἐπεὶ
1513 422 1560 449 καὶ
1581 421 1687 457 ἀληθῶς
1704 422 1743 457 τῷ
1761 423 1903 457 Ῥωμαίων

1118 466 1200 501 ξυρῷ,
1211 466 1269 501 ἦτοι
1284 468 1317 502 τῇ
1330 467 1452 503 πολιτικῇ
1469 469 1516 494 καὶ
1531 468 1662 504 πολεμικῇ
1676 468 1800 503 δυνάμει,
1813 469 1903 496 πᾶσαν

1116 513 1164 547 τὴν
1178 512 1257 545 δόξαν
1269 512 1316 539 τοῦ
1336 513 1469 539 Ἰουδαίων
1484 513 1576 545 ἔθνους
1586 534 1593 545 ,
1609 515 1637 541 ἐν
1681 514 1711 540 τὸ
1726 515 1790 550 πρὶν
1803 514 1902 550 ἐκόμα,

1116 557 1163 583 καὶ
1177 559 1267 584 πᾶσαν
1284 559 1374 586 αὐτῶν
1385 559 1434 594 τὴν
1448 560 1574 594 ἀνδρείαν
1588 560 1632 587 διὰ
1644 561 1691 587 τοῦ
1709 561 1839 596 πώγωνος
1854 562 1903 588 καὶ

1115 603 1168 629 τῶν
1185 604 1286 638 τριχῶν
1303 605 1350 630 καὶ
1364 605 1418 631 τῶν
1435 605 1523 632 ποδῶν
1541 606 1751 642 σημαινομένην,
1768 608 1902 643 περιεῖλεν

1113 649 1128 674 ὁ
1142 649 1195 675 τῶν
1212 650 1279 676 ὅλων
1295 650 1370 681 Θεός.
1391 651 1457 677 Οὐδὲ
1475 652 1568 678 ἄλλοτε
1584 653 1648 686 γοῦν
1665 662 1708 680 πω
1727 654 1858 689 πρότερον
1871 654 1901 687 ἐξ

1114 694 1239 730 αἰῶνοςή
1258 695 1327 730 μετὰ
1342 695 1390 731 τὴν
1404 696 1451 722 τοῦ
1468 697 1593 733 Σωτῆρος
1609 698 1698 733 ἡμῶν,
1709 698 1792 725 αὑτοῦ
1804 699 1836 734 δὴ
1852 699 1900 726 τοῦ

1119 740 1293 776 Ἐμμανουὴλ
1309 741 1415 775 γένεσιν
1425 761 1432 772 ,
1448 743 1581 778 περιεῖλεν
1603 743 1690 770 αὐτῶν
1704 745 1718 770 ὁ
1730 743 1795 775 Θεὸς
1812 745 1901 772 πάντα

1112 785 1156 812 τὸν
1171 786 1282 822 κόσμον,
1297 787 1340 814 διὰ
1357 788 1406 823 τῆς
1421 787 1475 814 τῶν
1495 789 1636 824 Ῥωμαίων
1651 790 1747 825 ἀρχῆς.
1769 790 1840 816 Ἀντὶ
1856 790 1898 821 δὲ.

1112 832 1158 858 τοῦ
1173 832 1304 867 βασιλέως
1327 834 1485 869 Ἀσσυρίων,
1503 835 1517 860 ό
1533 835 1582 869 μὲν
1602 835 1732 867 Ἀκύλας,
1752 846 1761 861 ι
1778 837 1806 863 ὲν
1822 836 1900 871 βασι-

1112 878 1171 914 λείᾳ
1192 880 1356 915 Ἀσσυρίων,
1374 890 1383 905 ι
1408 881 1422 906 ὁ
1439 880 1467 906 δὲ
1490 880 1651 912 Θεοδοτίων,
1670 891 1679 906 ι
1695 883 1724 908 ὲν
1737 881 1776 916 τῷ
1795 881 1900 916 βασιλεῖ

1112 924 1165 950 τῶν
1185 925 1344 961 ’Δσσυρξων,
1364 935 1372 951 ι
1390 926 1537 953 ἐκδέδωκεν
1547 935 1553 941 ·
1571 927 1670 962 ὁμοίως
1685 927 1713 953 δὲ
1728 929 1774 954 καὶ
1786 928 1899 963 Σύμμαιι

1112 978 1174 1004 χος·
1191 970 1275 1004 σαφὲς
1290 971 1445 1003 ποιοῦντες,
1466 972 1505 998 ὃτι
1529 972 1566 1008 μὴ
1584 972 1630 999 τοῦ
1651 973 1783 1008 βασιλέως
1802 975 1899 1001 ’Δσσυ-

1113 1015 1177 1050 ρίων
1192 1015 1239 1050 τὴν
1255 1016 1375 1051 κεφαλὴν
1392 1017 1518 1053 ξυρήσειν
1533 1019 1548 1044 ὸ
1568 1018 1645 1052 λόγος
1658 1019 1780 1051 ἀπειλεῖ,
1794 1019 1849 1046 ἀλλ’
1867 1021 1896 1046 ἐν

1110 1059 1148 1095 τῷ
1165 1060 1245 1086 αὐτοῦ
1262 1060 1350 1096 ξυρῷ,
1365 1062 1412 1088 καὶ
1425 1063 1453 1088 ἐν
1468 1063 1542 1098 αὐτῷ
1553 1072 1582 1089 τε
1649 1063 1754 1099 βασιλεῖ
1764 1064 1818 1091 τῶν
1836 1065 1897 1091 ’Δσ-

1112 1105 1210 1141 συρίων
1234 1106 1268 1132 τὰ
1295 1108 1518 1143 προφητευόμενα
1541 1108 1678 1144 διαθήσειν
1706 1109 1737 1136 τὸ
1763 1110 1897 1138 Ἰουδαίων

1109 1152 1194 1184 ἔθνος,
1210 1153 1319 1186 Τούτοις
1335 1152 1382 1181 οὖν
1395 1156 1442 1181 καὶ
1466 1156 1482 1191 ἡ
1501 1155 1612 1188 ἔκϐασις
1636 1157 1820 1193 ἐπιμαρτυρεῖ
1841 1157 1895 1184 τῶν

1109 1199 1203 1233 λόγων.
1223 1200 1283 1226 Ἐπὶ
1301 1201 1396 1236 σχολῆς
1410 1202 1438 1228 δέ
1452 1211 1494 1233 τις
1508 1203 1553 1228 καὶ
1564 1203 1676 1230 πλεῖστα
1693 1204 1783 1240 ἕτερα,
1800 1205 1897 1242 ὥσπερ

1108 1246 1147 1276 είς
1168 1246 1317 1281 Ἀσσυρίων
1333 1248 1477 1282 πρόσωπον
1494 1249 1523 1274 ἐν
1538 1250 1599 1280 ταῖς
1621 1250 1798 1285 προφητείαις
1820 1251 1895 1286 εἰρη-

1110 1291 1179 1325 μένα
1194 1291 1268 1327 εςΰροι
1285 1292 1318 1318 ἂν
1336 1293 1514 1328 ἐπιτηρήσας,
1526 1294 1651 1329 οὐδαμῶς
1664 1294 1714 1329 μὲν
1727 1297 1782 1327 τοῖς
1799 1296 1895 1322 Ἀσσυ-

1110 1336 1176 1370 ρίοις
1189 1337 1342 1372 ἐφαρμόσαι
1355 1338 1501 1373 δυνάμενα,
1514 1340 1546 1374 τῇ
1561 1339 1590 1365 δὲ
1615 1340 1798 1377 ἐπικρατούσῃ
1815 1340 1895 1367 καθό-

1107 1381 1151 1408 λου
1168 1382 1221 1408 τῶν
1238 1383 1308 1409 κατὰ
1321 1384 1431 1419 χρόνους
1442 1383 1527 1411 ἐθνῶν
1544 1385 1675 1421 βασιλείᾳ.
1690 1386 1758 1421 Ἤδη
1772 1386 1836 1420 γοῦν
1846 1388 1894 1414 καὶ

1108 1428 1214 1465 Πέρσας
1240 1429 1355 1464 εὖρομεν
1380 1431 1455 1466 παρὰ
1483 1431 1619 1465 Ἐὗραίοις
1645 1432 1801 1468 Ἀσσυρίους
1827 1433 1895 1460 ὠνο-

1107 1475 1271 1509 μασμένους.
1298 1477 1343 1502 Διὸ
1363 1477 1410 1502 καὶ
1434 1476 1482 1502 νῦν
1510 1477 1697 1513 ὑπειλήφαμεν
1725 1478 1893 1506 αἰνίττεσθαι

1106 1520 1150 1547 τὸν
1167 1521 1244 1555 λόγον
1257 1521 1306 1557 τὴν
1321 1522 1462 1558 Ῥωμαίων
1487 1524 1590 1559 ἀρχήν·
1610 1524 1824 1552 κατευθύνουσαν
1837 1525 1894 1561 γὰρ

1105 1566 1152 1592 καὶ
1165 1566 1401 1602 κατευθυνομένην
1417 1568 1470 1594 ὑπὸ
1484 1568 1529 1595 τοῦ
1541 1569 1608 1595 Θεοῦ
1627 1569 1695 1604 μετὰ
1708 1570 1756 1605 τὴν
1766 1570 1892 1606 Σωτῆρος

1103 1612 1181 1647 ἡμῶν
1203 1613 1352 1648 παρουσίαν
1378 1613 1494 1649 ὁρῶμεν.
1513 1615 1615 1649 Μηδεὶς
1630 1615 1657 1641 δὲ
1680 1615 1895 1651 ὑπολαμϐανέτω

1102 1658 1192 1684 πάντα
1221 1659 1294 1693 ἡμᾶς
1317 1659 1406 1692 λέγειν
1430 1659 1463 1686 τὰ
1500 1661 1564 1696 περὶ
1589 1661 1737 1697 Ἀσσυρίων
1769 1664 1798 1688 ὲν
1832 1664 1892 1694 ταῖς

1102 1704 1186 1735 θείαις
1213 1705 1349 1740 φερόμενα
1365 1705 1485 1740 Γραφαῖς
1506 1707 1552 1733 ἐπὶ
1571 1707 1722 1742 Ῥωμαίους
1741 1707 1890 1741 ἀνάγεσθαι

1102 1749 1212 1783 (ἠλίθιον
1232 1750 1286 1786 γὰρ
1303 1752 1349 1778 καὶ
1370 1753 1474 1784 ἀναιδὲς
1497 1753 1612 1789 τοῦτο),
1633 1753 1699 1780 ἀλλά
1722 1762 1796 1786 τινας
1819 1752 1891 1781 εἶναι

1101 1796 1272 1830 προςητικὰς
1296 1797 1386 1831 φωνὰς
1406 1799 1464 1830 ταῖς
1492 1800 1556 1834 περὶ
1577 1799 1624 1825 τοῦ
1645 1800 1762 1835 Χριστοῦ
1787 1808 1891 1835 μαρτυ-

1101 1841 1172 1876 ρίαις
1208 1842 1532 1878 συμπεριπεπλεγμένας,
1559 1844 1591 1875 ἃς
1621 1853 1710 1880 φαμεν
1734 1846 1798 1880 περὶ
1823 1846 1893 1873 Ῥω-

1101 1887 1187 1922 μαίων
1206 1887 1370 1914 αἰνίττεσθαι
1386 1888 1428 1915 διὰ
1445 1889 1496 1924 τῆς
1513 1890 1566 1915 τῶν
1583 1890 1732 1926 Ἀσσυρίων
1753 1899 1890 1927 προσηγο-

1101 1933 1160 1968 ρίας
1173 1953 1180 1964 ,
1200 1934 1231 1959 ἐκ
1247 1934 1296 1969 τῆς
1315 1934 1362 1960 τοῦ
1383 1935 1513 1969 ὀνόματος
1527 1936 1672 1970 ἑρμηνείας
1688 1937 1741 1963 αἰεὶ
1762 1945 1888 1964 συνιστα-

1101 1979 1184 2014 μένης
1206 1980 1255 2014 τῆς
1279 1980 1350 2006 κατὰ
1367 1981 1478 2016 χρόνους
1503 1981 1703 2017 ἐπικρατούσης
1726 1982 1780 2009 τῶν
1801 1982 1888 2009 ἐθνῶν

1099 2024 1246 2059 βασιλείας,
1262 2026 1299 2057 ὡς
1313 2026 1358 2052 ἐπὶ
1377 2026 1473 2062 καιροῦ
1489 2027 1536 2053 τοῦ
1550 2028 1733 2063 προσήκοντος
1747 2030 1891 2065 παραστή-

1099 2079 1189 2105 σομεν.
1201 2072 1255 2097 Καὶ
1272 2072 1359 2106 ἔγωγε
1373 2073 1418 2099 τὸν
1435 2073 1562 2108 λογισμὸν
1575 2074 1624 2108 τῆς
1639 2075 1724 2109 αὐτῆς
1734 2076 1888 2108 ἀποδόσεως

1099 2117 1167 2152 πρὸς
1182 2118 1298 2152 ἐμαυτὸν
1318 2118 1530 2154 διερευνώμενος
1540 2140 1547 2151 ,
1567 2118 1642 2155 οἶμαι
1658 2121 1690 2147 δι’
1705 2121 1781 2147 οὐδὲν
1794 2121 1888 2157 ἕτερον

1098 2162 1135 2197 μὴ
1147 2162 1277 2197 ὀνομαστὶ
1293 2164 1346 2190 τῶν
1366 2165 1506 2199 Ῥωμαίων
1524 2165 1707 2200 μνημονεῦσαι
1728 2167 1762 2193 τὰ
1781 2175 1888 2203 προφηο

1096 2207 1160 2233 me
1176 2207 1253 2242 λόγια
1268 2208 1340 2243 ἢδιὰ
1355 2209 1385 2235 τὸ
1402 2209 1506 2244 μέλλειν
1522 2210 1567 2236 ἐπὶ
1581 2211 1629 2245 τῆς
1649 2211 1791 2246 Ῥωμαίων
1808 2212 1887 2247 βασι-

261 2243 409 2278 Romauos.
425 2254 506 2281 quam
524 2249 594 2283 quod
612 2249 742 2277 Romanis
765 2251 952 2285 regnantibus,
984 2251 1044 2279 Sal-

1105 2253 1169 2285 λείας
1188 2255 1235 2289 τὴν
1258 2254 1305 2280 τοῦ
1332 2254 1456 2289 Σωτῆρος
1479 2256 1556 2290 ἡμῶν
1576 2256 1662 2291 Ἰησοῦ
1690 2258 1807 2293 Χριστοῦ
1829 2259 1887 2285 δια-

260 2292 363 2319 vatoris
393 2293 480 2320 nostri
511 2293 634 2322 doctrina
653 2296 678 2322 in
696 2304 791 2323 omnes
807 2297 931 2325 homines
964 2306 1044 2325 suum

261 2336 350 2364 lumen
377 2341 435 2365 erat
460 2339 588 2371 missura.
611 2344 638 2368 et
662 2340 809 2376 Scriptura:
832 2343 996 2377 prophetica:
1017 2344 1043 2370 in

260 2382 317 2417 ipsa
336 2382 519 2412 Romanorum
541 2386 606 2414 urbe
617 2391 644 2414 et
663 2387 689 2413 in
709 2388 836 2415 omnibus
849 2389 974 2420 gentibus
988 2389 1042 2416 Ro-

260 2435 341 2455 mano
362 2429 476 2464 imperio
493 2431 625 2465 subjectis
646 2432 824 2467 publicamlze.
843 2433 882 2461 Ne
908 2435 990 2469 igitur
1010 2435 1043 2462 iis

258 2472 305 2506 qui
328 2472 470 2507 imperium
489 2475 649 2503 obtinebant
671 2477 723 2502 ulla
742 2477 860 2504 oriretur
877 2478 1000 2507 oll'cneio.
1019 2479 1042 2506 si

258 2517 292 2546 de
303 2518 369 2553 ipsis
386 2520 558 2554 apertissime
573 2522 705 2556 scriptum
718 2527 801 2555 esset,
817 2524 953 2552 sermonis
967 2524 1043 2551 adhi-

258 2564 313 2591 bita
329 2570 370 2591 est
388 2566 414 2592 in
431 2567 550 2594 oraculis
562 2568 726 2599 obscuritas.
739 2577 800 2595 cum
817 2569 925 2603 quidem
939 2570 965 2597 in
980 2571 1042 2598 aliis

259 2611 391 2644 pluribus.
404 2616 458 2638 tum
475 2621 538 2639 vero
552 2614 578 2640 in
594 2613 712 2641 Danielis
728 2615 879 2642 visionibus
895 2615 1042 2650 :qucmad-

259 2657 367 2683 modum
387 2657 412 2684 in
430 2658 481 2685 hac
499 2667 616 2694 quoque,
635 2668 694 2695 qua:
709 2669 780 2687 nunc
806 2662 831 2688 in
846 2662 972 2689 manibus
986 2666 1039 2691 est.

259 2702 409 2735 prophetia,
425 2711 484 2738 quae
498 2713 559 2731 cum
579 2706 705 2741 Assyrios
717 2707 841 2741 appellet,
858 2707 1040 2742 gubernantes

261 2746 394 2782 inteliigit.
407 2749 506 2777 llorum
523 2758 586 2786 ergo
599 2754 738 2785 novacula,
752 2754 907 2780 universum
922 2753 1041 2781 Judaicaa

261 2793 348 2824 gentis
363 2800 561 2827 ornamentum,
579 2803 640 2831 post
663 2799 749 2833 ipsius
767 2799 923 2826 Emmanuel
950 2805 1039 2826 ortum

260 2835 452 2868 abradendum.
477 2839 526 2866 hoc
548 2845 589 2867 cst
605 2842 776 2874 abolendum,
802 2845 884 2870 canit.
909 2844 1039 2872 Praetoma

261 2889 287 2906 In
301 2890 330 2908 ea
344 2882 386 2909 die
401 2883 431 2909 de
445 2892 496 2918 qua
507 2885 606 2913 dictum
620 2892 669 2919 cst,
683 2888 778 2922 ipsius,
799 2890 919 2923 inquam,
935 2890 1039 2917 Emma-

1098 2299 1213 2334 λάμπειν
1230 2301 1269 2332 εἰς
1286 2300 1389 2332 πάντας
1403 2300 1560 2336 ἀνθρώπους
1577 2303 1760 2334 διδασκαλίαν,
1777 2303 1886 2337 καὶτὰς

1098 2345 1268 2381 apo-mstiti;
1282 2345 1392 2381 Γραφὰς
1404 2347 1446 2372 ἐπ’
1461 2347 1546 2382 αὐτῆς
1563 2356 1591 2374 τε
1611 2348 1660 2383 τῆς
1680 2349 1821 2384 Ῥωμαίων
1838 2350 1887 2376 πό-

1097 2390 1173 2422 λεως,
1190 2391 1235 2417 καὶ
1257 2391 1284 2417 ὲν
1301 2392 1367 2418 πᾶσι
1383 2392 1438 2423 τοῖς
1460 2392 1511 2418 ὑπὸ
1527 2393 1678 2427 Ῥωμαίους
1694 2394 1781 2420 ἔθνεσι
1800 2394 1886 2430 δημο-

1098 2436 1243 2462 σιεύεσθαι.
1259 2437 1305 2463 "Iv‘
1322 2435 1368 2463 οὖν
1382 2439 1438 2469 τοῖς
1457 2438 1506 2472 τῆς
1524 2439 1610 2474 ἀρχῆς
1625 2440 1755 2475 κρατοῦσι
1771 2440 1887 2476 δυσαρέ-

1098 2490 1190 2516 στησις
1214 2482 1332 2518 μηδεμία
1353 2483 1462 2518 γένηται
1481 2483 1512 2509 ἐκ
1529 2484 1578 2519 τῆς
1602 2484 1733 2520 προδήλου
1752 2485 1816 2521 περὶ
1834 2486 1884 2512 αὐ-

1096 2526 1149 2552 τῶν
1165 2528 1334 2563 ἀναγραφῆς,
1351 2528 1384 2554 δι’
1397 2529 1564 2564 αἰνιγμάτων
1577 2531 1591 2555 ὁ
1606 2529 1683 2564 λόγος
1699 2530 1884 2566 ἐπεκρύψατο,

1096 2572 1124 2597 ἓν
1141 2580 1169 2598 τε
1185 2572 1286 2607 ἑτέροις
1304 2573 1431 2605 πλείοσιν,
1448 2573 1478 2599 οὑ
1497 2573 1549 2609 μὴν
1566 2574 1632 2600 ἀλλὰ
1654 2575 1700 2601 καὶ
1714 2575 1743 2601 ὲν
1760 2576 1820 2606 ταῖς
1835 2575 1883 2602 τοῦ

1096 2617 1193 2652 Δανιὴλ
1212 2617 1347 2653 θεωρίαις,
1364 2619 1504 2654 ὠσπεροῦν
1527 2619 1574 2646 καὶ
1597 2620 1626 2646 ὲν
1644 2621 1676 2655 τῇ
1702 2620 1770 2655 μετὰ
1789 2621 1883 2656 χεῖρας

1096 2664 1262 2698 προφητείᾳ.
1294 2665 1322 2690 ὲν
1391 2665 1603 2697 κατευθύνοντας
1628 2666 1725 2698 αὐτοὺς
1754 2665 1883 2701 ὀνομάζει

1096 2708 1251 2744 προσειπὼν
1271 2709 1438 2745 Ἀσσυρίους.
1464 2710 1508 2745 Τῷ
1532 2710 1634 2736 τούτων
1650 2710 1792 2746 τοιγαροῦν
1809 2710 1884 2746 ξυρῷ

1095 2755 1138 2781 τὸν
1154 2755 1297 2790 σύμπαντα
1313 2756 1418 2790 κόσμον·
1427 2756 1473 2782 τοῦ
1493 2756 1625 2782 Ἰουδαίων
1642 2756 1734 2788 ἔθνους
1748 2755 1820 2791 μετὰ
1834 2755 1883 2791 τὴν

1095 2801 1139 2827 τοῦ
1170 2802 1341 2836 Ἐμμανουὴλ
1366 2801 1469 2835 γένεσιν
1493 2801 1721 2838 ἀφανισθήσεσθαι
1749 2801 1882 2833 θεσπίζει.

1097 2847 1155 2873 Ἔτι
1170 2846 1208 2878 δὲ,
1227 2848 1254 2872 ὲν
1281 2848 1312 2881 τῇ
1332 2847 1482 2882 δηλουμένη
1503 2847 1603 2883 ἡμέρᾳ..
1622 2848 1711 2883 (δῆλον
1734 2847 1763 2874 δὲ
1785 2847 1826 2875 ὅτι
1848 2848 1883 2881 τῇ

1096 2892 1140 2918 τοῦ
1163 2892 1343 2929 Ἐμμανουὴλ,
1368 2893 1437 2919 τοῦτ’
1461 2893 1516 2919 ἔστι
1545 2894 1592 2928 τῆς
1617 2894 1662 2919 τοι)
1690 2892 1804 2928 Χριστοῦ
1821 2893 1881 2918 ἑπι-
