2089 3218
198 186 250 216 509

630 186 957 215 DEMONSTRATIONIS
972 186 1205 215 EVANGELICIE
1224 186 1291 216 LIB.
1308 185 1365 214 VII.

1778 187 1832 215 MO

196 244 331 281 εανείας,)
349 254 358 271 ι
384 244 495 280 θρέψει,
510 252 519 269 ι
546 244 638 279 φησὶν,
663 253 673 269 ε
699 244 841 280 ἄνθρωπος
869 244 979 280 δάμαλιν

1036 244 1110 277 nuel,
1125 252 1186 279 qua
1194 248 1238 272 est
1249 244 1308 272 dies
1321 244 1456 271 adventus
1468 242 1582 276 Christi,
1597 252 1607 269 ι
1621 242 1740 277 Nulriet,
1759 251 1770 270 δ
1786 245 1829 270 in-

197 290 276 327 βοῶν,
292 292 340 318 καὶ
354 290 400 317 δύο
412 290 548 326 πρόϐατα·
564 290 610 316 καὶ
626 289 712 322 ἔσται,
729 290 783 316 ἀπὸ
801 289 849 316 τοῦ
862 289 987 317 πλεῖστον

199 338 282 363 ποιεῖν
298 336 379 370 γάλα,
394 336 523 371 βούτυρον
538 336 584 362 καὶ
603 335 662 370 μέλι
677 336 793 369 φάγεται
807 336 860 366 πᾶς
873 336 887 362 ό
904 344 986 361 κατα-

193 381 313 415 λειφθεὶς
324 381 370 406 ἐπὶ
383 381 432 415 τῆς
444 381 504 415 γῆς.
526 390 535 406 ›
550 381 588 406 Δι’
602 377 639 406 ὧν
652 381 716 415 φαίη
733 381 765 407 ἄν
779 389 821 411 τις
834 381 892 415 ἦτοι
909 381 986 415 λιμὸν

196 426 370 458 αἰνίττεσθαι,
395 427 443 453 καὶ
466 427 601 461 πτωχείαν
632 426 853 462 ὑπερϐάλλουσαν
882 426 928 453 τοῦ
955 427 986 453 ἐκ

198 473 345 508 περιτομῆς
360 472 435 503 λαοῦ,
453 472 489 508 μὴ
507 473 684 508 εὐποροῦντος
703 473 751 507 μὲν
769 472 818 507 τῆς
842 473 896 499 ἀπὸ
912 472 985 499 σίτου

196 519 266 546 κατὰ
290 519 370 554 φύσιν
393 519 505 554 τροφῆς,
523 518 589 554 μηδὲ
609 519 660 553 γῆν
679 518 817 551 ἀροῦντος,
839 519 886 544 καὶ
908 519 985 544 σπεί-

197 574 307 600 ροντος,
332 565 379 592 καὶ
401 564 568 601 θερίζοντος,
597 566 663 600 μηδὲ
691 566 807 601 ποίμνας
832 565 983 601 προῦάτων,

198 612 264 649 μηδὲ
281 612 348 647 βοῶν
360 612 459 646 ἀγέλας
474 611 653 646 κεκτημένου,
669 612 798 646 ἐχομένου
811 612 839 638 δὲ
857 611 903 637 δύο
920 620 985 646 προσ

196 658 285 685 ϐάτων
302 658 349 684 καὶ
361 657 502 692 δαμάλεως
521 658 595 692 μιᾶς,
616 657 645 683 τὸ
667 657 768 684 τούτων
787 657 857 692 γάλα
874 658 984 693 ποριζο-

197 704 287 739 μένου.
305 705 340 731 Ἦ
354 704 439 735 ἄλλως
453 704 632 739 τροπολογῶν,
648 704 693 730 τὸν
710 704 758 738 μὲν
772 704 984 738 καταλειφθέντα

198 750 242 776 επὶ
257 749 307 784 τῆς
322 749 373 783 γῆς
386 743 549 775 αίνίττεσθαι
564 749 628 784 φαίη
648 749 680 775 ἇν
701 749 745 775 τὸν
758 749 812 776 τῶν
826 750 857 775 ἐκ
875 757 983 784 περιτο-

197 795 250 830 μῆς
260 796 300 827 είς
311 796 356 821 τὸν
368 795 482 831 Σωτῆρα
494 796 541 822 καὶ
556 796 656 831 Κύριον
670 795 749 831 ἡμῶν
765 795 983 821 πεπιστευκότων

194 840 349 867 ἀποστόλων
364 849 395 867 τε
419 841 464 867 καὶ
478 840 676 875 εὑαγγελιστῶν
693 841 784 876 χορόν·
800 838 837 867 ὧν
858 840 982 872 ἕκαστος,

194 887 299 924 λεῖμμα
312 889 372 914 κατ’
386 887 500 923 ἐκλογὴν
514 887 624 922 χάριτος
636 886 765 921 γεγονὼς,
784 888 830 913 καὶ
846 886 890 912 διὰ
904 886 983 912 τοῦτο

193 939 207 963 ὁ
231 933 417 968 καταλειφθεὶς
440 933 485 959 ἐπὶ
505 933 553 968 τῆς
576 933 627 968 γῆς
646 932 848 967 ὠνομασμένος,
872 932 983 968 θρέψειν

193 980 300 1014 ῐέγεται
322 979 436 1015 δάμαλιν
460 979 538 1014 βοῶν,
555 980 601 1006 καὶ
623 980 668 1006 δύο
686 979 818 1014 πρόϐατα,
840 979 903 1014 τρία
923 979 983 1006 καθ’

193 1027 311 1061 ἑκάστην
319 1026 480 1060 Ἐκκλησίαν
495 1026 632 1060 τάγματα,
649 1025 677 1051 ἓν
695 1026 744 1060 μὲν
756 1026 787 1052 τὸ
800 1024 853 1051 τῶν
865 1025 983 1060 ἡγουμέ-

192 1082 255 1104 νων,
267 1073 313 1099 δύο
327 1073 355 1099 δὲ
370 1072 405 1098 τὰ
424 1072 478 1099 τῶν
501 1072 718 1107 ὑποϐεϐηκότων,
736 1071 782 1097 τοῦ
796 1072 846 1106 τῆς
865 1071 981 1106 Ἐκκλη-

194 1119 253 1150 σίας
267 1119 314 1145 τοῦ
329 1117 446 1154 Χριστοῦ
465 1117 528 1143 λαοῦ
546 1118 585 1149 εἰς
602 1116 648 1143 δύο
665 1117 791 1152 τάγματα
805 1117 979 1152 διῃρημένου,

191 1164 233 1196 τῖς
248 1173 277 1191 τε
290 1165 320 1191 τὸ
333 1164 385 1191 τῶν
401 1163 512 1192 πιστῶν,
529 1163 575 1189 καὶ
590 1162 643 1188 τῶν
673 1162 783 1197 μηδέπω
799 1162 847 1197 τῆς
862 1162 906 1188 διὰ
922 1162 982 1188 λου-

197 1208 257 1244 τροῦ
272 1208 480 1243 παλιγγενεσίας
490 1208 657 1243 ἠξιωμένων,
669 1205 709 1239 οἷς
723 1208 768 1234 καί
786 1216 867 1242 φησιν
881 1209 896 1234 ὁ
911 1207 982 1239 θεῖος

198 1254 371 1286 ’Δπόστολος·
389 1255 475 1282 ιΓάλα
493 1254 564 1289 ὑμᾶς
578 1255 700 1284 ἐπότισα,
715 1253 745 1279 οὐ
761 1252 868 1288 βρῶμα,
886 1262 895 1278 ι
913 1253 982 1284 Τοὺς

190 1301 219 1328 δὲ
235 1302 264 1327 ὲν
276 1301 325 1336 ἤδη
342 1300 494 1337 τελειοτέρᾳ
513 1299 684 1331 καθεστῶτας
698 1298 762 1330 ἕξει,
784 1298 898 1336 δάμαλιν
913 1298 981 1333 βοῶν

192 1347 303 1378 εἰκότως
335 1347 485 1375 ἀποκαλεῖ.
516 1348 671 1380 γεννήματα
703 1345 877 1380 τελειοτέρων
912 1344 980 1379 βοῶν

191 1393 383 1429 τυγχάνοντας,
398 1390 453 1424 οἶος
468 1392 548 1423 αὐτὸς
570 1390 603 1427 ἦν
620 1392 633 1418 ὁ
650 1390 819 1422 Ἀπόστολος,
839 1391 901 1425 περί
917 1391 980 1417 ἑαυ-

189 1440 238 1467 τοῦ
252 1440 298 1466 καὶ
317 1439 370 1466 τῶν
392 1438 589 1474 παραπλησίως
612 1437 686 1472 αὐτῷ
703 1437 859 1471 καμνόντων
876 1436 977 1470 λέγων·

192 1496 202 1512 ‹
223 1486 267 1521 Μὴ
280 1485 333 1512 τῶν
347 1485 414 1520 βοῶν
432 1485 506 1520 μέλει
522 1484 560 1519 τῷ
571 1484 649 1519 Θεῷ;
666 1494 675 1509 ι
695 1484 710 1519 ἢ
729 1483 762 1509 δι’
782 1484 855 1518 ἡμᾶς
873 1483 980 1514 πάντως

189 1533 277 1567 λέγεις
301 1533 350 1568 Εῖη
366 1532 394 1558 δὲ
415 1531 448 1558 ἂν
461 1531 507 1557 καὶ
523 1532 576 1557 πᾶν
590 1530 619 1556 τὺ
631 1530 723 1564 τάγμα
731 1530 784 1556 τῶν
799 1530 848 1564 τῆς
867 1529 981 1565 Ἐκκλη-

189 1580 250 1610 σίας
268 1577 452 1614 προεστώτων,
477 1576 558 1612 ἀροῦν
577 1586 606 1603 τε
631 1577 677 1603 καὶ
704 1577 835 1612 γεωργεῖν
856 1576 906 1608 τὰς
924 1576 978 1602 τῶν
992 1596 1012 1623 C

188 1625 338 1662 ἀνθρώπων
354 1624 441 1659 ψυχὰς
462 1623 716 1658 ἐγκεχειρισμένων,
734 1622 848 1657 δάμαλις
869 1622 977 1657 ὠνομα-

189 1672 275 1706 σμένη
291 1670 368 1706 βοῶν,
381 1669 537 1704 γεννήματα
549 1668 717 1703 τυγχάνουσα
729 1667 780 1693 τῶν
793 1667 977 1694 ἀποπολικών

188 1717 296 1751 τρόπων
306 1724 335 1741 τε
349 1715 395 1740 καὶ
409 1713 586 1749 μαθημάτων,
595 1713 619 1739 οἶ
632 1713 677 1739 καὶ
693 1713 732 1744 είς
746 1712 868 1739 τοσοῦτον
878 1713 978 1747 ἀρετῆς

188 1762 328 1789 ἐπιδώσειν
338 1760 513 1795 λέγονται,ώς
521 1761 552 1786 ὲκ
562 1759 719 1792 πολυγονίας
728 1760 853 1785 τοσοῦτον
864 1758 977 1794 προϐάλ-

187 1807 280 1835 λεσθαι
290 1807 400 1842 γόνιμον
412 1806 457 1833 καὶ
467 1806 572 1839 λογικὸν
583 1807 642 1836 ταῖς
653 1806 845 1839 εἰσαγωγικαῖς
855 1805 977 1831 διδασκα-

187 1854 258 1886 λίαις
265 1853 343 1888 γάλα,
351 1853 387 1884 ὡς
396 1853 441 1878 καὶ¹
448 1852 556 1887 ἐτέρους
566 1851 676 1886 μυρίους
685 1850 827 1886 τρέφεσθαι
838 1850 867 1882 ἐξ
876 1851 973 1876 αὐτῶν.

188 1899 294 1926 Τούτων
305 1899 334 1925 δὲ
346 1899 410 1933 περὶ
425 1898 479 1924 τῶν
496 1897 728 1930 καταλειφθέντων
746 1897 790 1922 ἐπὶ
804 1896 853 1931 τῆς
866 1896 918 1931 γῆς
929 1905 974 1930 γε-

187 1945 352 1981 νησομένων,
366 1944 457 1979 ἕτερόν
472 1952 496 1970 τι.
510 1941 696 1977 συμϐήσεσθαι
712 1942 740 1968 ὲν
754 1943 785 1977 τῇ
800 1942 890 1977 ἡμέρᾳ
906 1942 976 1967 ὲκεί-

186 1999 230 2027 νῃ,
248 1990 336 2026 (δῆλον
360 1990 388 2016 δὲ
402 1990 443 2016 ὅτι
467 1988 548 2023 ἐντῷ
565 1988 652 2023 χρόνῳ
671 1988 720 2022 τῆς
739 1987 785 2013 τοῦ
805 1986 975 2022 Ἐμμανουὴλ

188 2035 360 2072 παρουσίας)
372 2035 571 2069 προαναφωνεῖ.
583 2033 615 2059 Τί
627 2033 655 2059 δὲ
666 2032 742 2059 τοῦτο
754 2042 760 2065 ;
770 2043 779 2058 ι
792 2033 849 2064 Πᾶς
859 2033 950 2063 τόπος,
963 2042 971 2058 ι

186 2081 264 2116 φησὶ,
280 2089 290 2106 ι
309 2078 355 2106 τοῦ
379 2081 410 2106 ἐκ
436 2079 587 2114 περιτομῆς
609 2078 737 2112 λαοῦ,ὲφ“
750 2076 780 2104 οὒ
800 2076 869 2113 ἦσαν
892 2077 973 2112 χίλιαι

186 2126 304 2162 ἄμπελοι
327 2126 419 2161 χιλίων
443 2124 552 2157 σίκλων,
567 2125 606 2156 εἰς
632 2124 727 2160 χέρσον
744 2124 849 2150 ἔσονται
873 2125 920 2150 καὶ
934 2124 973 2156 εἰς

186 2172 315 2200 ἄκανθαν.
333 2171 409 2198 Μετὰ
425 2170 479 2206 γὰρ
496 2171 588 2205 βέλους
611 2171 658 2196 καὶ
677 2170 840 2204 τοξεύματος
854 2170 972 2195 εἰσελεύ-

187 2227 277 2245 σονται
294 2218 352 2244 ἐκεῖ
363 2216 451 2252 (δῆλον
463 2217 484 2243 δ’
499 2217 539 2242 ὅτι
557 2217 581 2242 οἰ
594 2215 737 2250 πολέμιοι),
755 2216 795 2241 ὅτι
813 2215 909 2251 χέρσος
926 2215 973 2241 καὶ

187 2264 292 2291 ἄκανθα
314 2263 390 2290 ἔσται
415 2264 488 2290 πᾶσα
507 2263 523 2297 ὴ
544 2262 589 2296 γῆ.
612 2271 621 2288 ι
640 2262 694 2288 Καὶ
717 2261 764 2287 θέα
786 2270 817 2295 γε
834 2262 883 2288 ὅσα
899 2263 927 2287 ὲν
940 2262 972 2295 τῇ

185 2311 278 2346 ἡμέρᾳ
290 2309 337 2337 τοῦ
355 2308 536 2344 Ἐμμανουὴλ,
563 2307 634 2341 λέγω
667 2307 694 2334 δὲ
719 2308 746 2333 ὲν
773 2306 812 2342 τῷ
833 2308 881 2342 τῆς
900 2307 965 2333 ἀνα-

184 2356 266 2391 τολῆς
280 2355 368 2390 καιρῷ
395 2354 503 2389 λογικοῦ
525 2353 625 2389 φωτὸς,
645 2352 690 2379 τοῦ
712 2352 755 2379 διὰ
778 2353 824 2379 τοῦ
849 2353 973 2388 Σωτῆρος

183 2401 264 2436 ὴμῶν
279 2402 318 2433 είς
333 2401 436 2431 πάντας
451 2399 609 2436 ἀνθρώπους
635 2398 845 2433 ἐπιλάμψαντος,
865 2399 928 2433 περὶ
944 2398 974 2424 τὸ

191 2447 323 2475 Ἰουδαίων
336 2447 410 2478 ἔθνος
425 2446 532 2472 ἔσεσθαι
553 2446 567 2471 ό
592 2445 669 2479 λόγος
691 2444 823 2476 θεσπίζει,
847 2445 974 2480 δυνάμεις

182 2503 214 2520 τε
235 2493 418 2528 ἀκαθάρτους,
443 2493 489 2519 καὶ
514 2492 662 2526 πολεμικὰς
685 2491 734 2522 τὰς
759 2491 842 2518 πάλαι
868 2492 896 2517 ὲν
918 2492 974 2522 τοῖς

184 2541 289 2567 εθνεσιν
306 2539 468 2575 ἐνεργούσας
485 2538 512 2565 ἐν
529 2547 558 2564 τε
575 2537 703 2573 Αἰγύπτῳ
719 2538 766 2564 καὶ
780 2538 813 2572 τῇ
829 2537 904 2572 χώρᾳ
919 2536 973 2563 τῶν

190 2586 353 2622 Ἀσσυρίων·
370 2585 403 2617 ἃς
416 2584 462 2611 τοῦ
485 2585 588 2620 Κυρίου
610 2584 778 2620 συρίσαντος,
795 2584 841 2609 καὶ
854 2583 974 2618 ὡσπερεὶ

184 2632 422 2668 παρορμήσαντος,
441 2632 488 2657 καὶ
508 2630 781 2666 παρακελευσαμένου
805 2629 915 2661 αὑταῖς,
940 2631 972 2664 τῇ

183 2677 261 2714 χώρᾳ
281 2677 362 2713 φησὶν
388 2677 478 2704 αὐτῶν
502 2675 704 2707 ἐπελεύσεσθαι,
727 2675 770 2702 διὰ
792 2675 822 2701 τὸ
847 2675 972 2701 τοιούτων

184 2722 263 2755 ἀξίαν
281 2722 437 2756 γεγονέναι·
461 2722 508 2748 καὶ
535 2719 738 2748 ἀναπαύσεσθαι
758 2720 807 2751 τὰς
828 2720 973 2755 εἰρημένας

183 2768 312 2802 δυνάμεις
322 2767 404 2802 φησὶν
420 2768 449 2795 ὲν
461 2767 590 2803 φάραγξι,
607 2766 654 2794 καὶ
669 2767 697 2793 ἐν
708 2766 841 2802 τρώγλαις
856 2767 970 2802 πετρῶν,

183 2815 224 2846 εἷς
239 2824 268 2841 τε
288 2815 323 2841 τὰ
341 2815 472 2849 σπήλαια,
503 2814 548 2840 καὶ
573 2814 610 2844 εἰς
636 2813 726 2840 πᾶσαν
743 2813 847 2847 ροιγάδα
873 2813 972 2845 αὐτῶν,

219 2905 241 2920 ⁵⁸⁵
258 2903 346 2932 lCor.
366 2913 407 2936 ιιι,
421 2904 447 2931 2.
492 2906 512 2920 ⁸⁷
532 2904 618 2931 ICor.
638 2912 673 2937 ιιι,
696 2903 722 2931 9.

1036 291 1106 325 quit,
1125 299 1136 316 ι
1150 291 1231 317 homo
1245 291 1392 325 juveucam
1405 290 1499 321 boum,
1514 294 1543 317 et
1561 290 1631 317 duas
1646 292 1755 323 oves,et
1764 289 1828 321 erit.

1036 345 1069 364 ex
1090 344 1122 363 eo
1140 336 1213 371 quod
1236 336 1384 371 plurimum
1402 335 1483 363 faciet
1505 336 1556 368 lac,
1573 335 1702 371 butyrum
1725 340 1753 363 et
1779 336 1831 362 mel

1037 383 1170 415 comedet,
1196 383 1287 410 omnis
1311 383 1357 417 qui
1376 382 1487 409 relictus
1512 382 1594 409 fuerit
1616 382 1644 408 in
1670 387 1752 409 terra.
1769 391 1780 407 ι
1802 380 1830 407 In

1036 429 1135 463 quibus
1159 429 1249 456 verbis
1271 436 1336 456 sane
1362 428 1462 455 dixerit
1478 428 1587 463 aliquis,
1604 427 1711 455 Judaici
1733 427 1830 463 populi

1037 475 1135 502 famem
1174 479 1419 510 paupertatemque
1454 475 1616 502 immensam
1651 474 1830 509 signiﬁcari,

1036 520 1135 554 quippe
1147 520 1193 555 qui
1208 528 1294 554 neque
1311 520 1417 547 triticeo
1429 520 1602 554 naturalique
1617 519 1678 546 cibo
1689 519 1724 546 sit
1735 519 1824 546 abun-

1036 565 1160 596 daturus.
1176 573 1209 593 ex
1230 573 1262 592 eo
1285 566 1357 600 quod
1380 573 1467 600 neque
1491 570 1591 592 terram
1619 566 1717 597 arabit,
1736 573 1825 601 neque

1036 611 1191 642 seminabit,
1206 619 1293 645 neque
1306 614 1399 643 metet,
1410 619 1497 645 neque
1512 619 1607 646 greges
1619 612 1721 642 ovium,
1736 619 1824 646 neque

1036 656 1116 683 boum
1143 661 1264 683 armenta
1293 664 1482 691 pnssessurus,
1511 656 1559 683 sed
1587 656 1732 684 habiturus
1753 656 1823 684 duas

1035 710 1100 729 oves
1116 706 1142 729 et
1154 702 1300 736 iuvencam
1318 710 1412 734 unam,
1427 702 1527 736 quibus
1543 703 1585 729 lac
1602 703 1708 737 sibiipsi
1723 710 1822 738 suppe-

1034 749 1101 785 ditet
1116 757 1122 773 :
1135 752 1181 776 aut
1197 749 1285 779 aliter,
1304 749 1416 784 ﬁgurate
1431 750 1555 783 loquens,
1570 757 1631 776 eum
1647 750 1694 784 qui
1711 750 1822 777 interra

1035 795 1145 822 relictus
1162 795 1208 827 sit,
1227 795 1380 830 signiﬁcare
1397 795 1496 822 dixerit
1509 794 1652 822 exJudaeis
1664 796 1709 830 qui
1722 796 1749 822 in
1765 794 1822 822 Sal-

1034 845 1153 868 vatorem
1172 849 1204 868 ac
1222 841 1364 868 Dominum
1379 845 1503 868 nostrum
1518 841 1692 873 crediderint,
1710 845 1820 876 aposto-

1035 888 1123 915 lorum
1155 893 1237 923 alque
1264 889 1494 923 evangelistarum
1528 888 1659 920 chorum,
1683 895 1699 915 e
1721 889 1821 923 quibus

1035 933 1234 967 unusquisque,
1248 941 1309 960 cum
1325 932 1474 960 secundum
1490 933 1650 960 electionem
1666 933 1759 967 gratiae
1776 940 1819 960 re-

1034 978 1115 1005 lictus
1129 979 1174 1009 sit.
1190 982 1217 1005 et
1233 978 1268 1005 ob
1285 978 1322 1008 id,
1343 978 1454 1004 relictus
1468 977 1494 1003 in
1510 982 1581 1004 terra
1594 977 1761 1010 nominatus,
1776 977 1822 1011 ju--

1034 1030 1144 1050 vencam
1159 1023 1240 1049 boum
1257 1028 1284 1050 et
1298 1022 1367 1049 duas
1386 1029 1451 1048 oves
1465 1021 1567 1048 dicitur
1582 1021 1748 1053 nutriturus,
1766 1026 1822 1048 ter-

1033 1075 1082 1096 nos
1095 1068 1219 1095 videlicet
1232 1075 1280 1103 per
1294 1067 1415 1101 singulas
1438 1066 1574 1094 Ecclesias
1597 1066 1718 1098 ordines,
1736 1074 1820 1093 unum

1032 1114 1139 1148 quidem
1153 1121 1248 1140 corum
1261 1113 1307 1148 qui
1326 1113 1448 1147 praesint,
1466 1112 1537 1139 duos
1554 1115 1643 1138 autem
1661 1119 1755 1138 eorum
1773 1112 1819 1146 qui

1032 1158 1146 1192 subjecti
1162 1159 1228 1191 sint,
1243 1165 1305 1185 cum
1320 1158 1447 1185 Ecclesia:
1457 1157 1557 1184 Christi
1575 1157 1690 1192 populus
1706 1157 1733 1184 in
1749 1156 1820 1184 duos

1031 1205 1142 1231 ordines
1152 1204 1187 1231 sit
1201 1204 1316 1236 divisus,
1335 1204 1362 1230 in
1374 1211 1468 1230 eorum
1484 1204 1530 1238 qui
1545 1203 1669 1234 credunt,
1684 1207 1710 1230 et
1723 1209 1819 1230 eorum

1031 1251 1077 1285 qui
1101 1250 1221 1277 noudutn
1245 1250 1277 1277 ad
1301 1250 1402 1276 lavacri
1429 1249 1662 1284 regenerationem
1684 1247 1819 1283 assumpti

1031 1297 1096 1327 sint.
1116 1298 1148 1324 ad
1173 1305 1242 1333 quos
1266 1298 1348 1325 etiam
1364 1296 1474 1324 divinus
1496 1295 1643 1330 Apostolus
1660 1295 1698 1321 ait
1713 1304 1723 1321 :.
1738 1304 1747 1319 ι
1765 1293 1820 1321 Lac

1031 1342 1108 1369 vobis
1121 1346 1214 1377 potum
1235 1342 1308 1374 dedi,
1325 1349 1378 1368 non
1395 1348 1485 1368 escam
1498 1340 1530 1366 ³⁸.
1541 1350 1549 1366 ι
1565 1339 1618 1367 Eos
1634 1339 1819 1374 vcroquijam

1031 1391 1087 1414 tum
1109 1388 1136 1414 in
1158 1387 1251 1414 habitu
1276 1386 1440 1422 perfectiore
1461 1385 1649 1416 constiterint,
1672 1384 1819 1419 juvencam

1030 1435 1110 1462 boum
1120 1434 1216 1461 merito
1228 1434 1355 1469 appellat,
1367 1434 1467 1468 quippe
1479 1433 1526 1467 qui
1537 1431 1727 1466 perfectiorum
1737 1431 1819 1458 boum

1030 1479 1100 1507 fetus
1118 1480 1183 1512 sint,
1201 1479 1356 1514 cujusmodi
1380 1480 1438 1513 ipse
1465 1478 1516 1505 fuit
1538 1478 1696 1512 Apostolus.
1717 1476 1763 1512 qui
1785 1476 1820 1504 de

1031 1525 1121 1560 Seipso
1139 1529 1221 1560 atque
1245 1525 1279 1552 iis
1294 1525 1339 1559 qui
1363 1524 1444 1551 simili
1469 1523 1550 1550 modo
1563 1528 1593 1550 ut
1609 1523 1667 1558 ipse
1683 1523 1816 1554 laborant,

1032 1571 1068 1596 ita
1086 1570 1124 1596 ait
1139 1580 1145 1596 :
1169 1579 1178 1596 ι
1199 1569 1326 1604 Nunquid
1346 1569 1379 1596 de
1403 1568 1489 1596 bobus
1506 1576 1572 1594 cura
1586 1571 1627 1595 est
1651 1567 1721 1594 Deo?
1737 1566 1819 1603 324

1030 1624 1063 1642 an
1080 1619 1190 1651 propter
1206 1624 1255 1643 nos
1267 1615 1379 1642 omnino
1394 1614 1462 1641 dicit
1474 1614 1514 1640 u‘2
1531 1624 1539 1639 ι
1557 1614 1610 1641 erit
1623 1618 1712 1641 autem
1728 1614 1818 1641 ontnis

1029 1670 1137 1696 quoque
1153 1662 1220 1689 ordo
1237 1668 1331 1688 eorum
1348 1661 1394 1695 qui
1410 1660 1540 1687 Ecclesia:
1555 1663 1686 1694 praésunt,
1703 1659 1818 1694 quibus-

1028 1717 1081 1743 que
1096 1708 1191 1734 arandi
1209 1712 1235 1734 et
1255 1707 1360 1734 colendi
1382 1707 1488 1733 animas
1504 1706 1644 1732 hominum
1659 1712 1723 1731 cura
1738 1712 1816 1731 man—

1028 1753 1090 1780 data
1102 1753 1286 1786 est,juvenca:
1300 1752 1380 1779 boum
1398 1743 1506 1779 nomine
1521 1751 1700 1786 signiﬁcatus,
1716 1751 1817 1786 quippe

1027 1799 1072 1834 qui
1095 1798 1308 1833 apostolicorum
1336 1798 1438 1825 rituum
1465 1806 1497 1824 ac
1526 1801 1723 1832 praaccptorutu
1746 1796 1817 1824 l‘etus

1027 1845 1151 1877 exsistat,
1171 1845 1274 1879 quique
1288 1844 1369 1871 etiam
1386 1844 1412 1870 iu
1427 1845 1526 1870 virtute
1540 1852 1626 1878 usque
1641 1843 1708 1870 adeo
1726 1842 1816 1869 incre-

1027 1894 1147 1918 mentum
1168 1894 1335 1924 accepturus
1355 1890 1467 1921 dicitur,
1484 1894 1514 1916 ut
1528 1898 1561 1916 ex
1576 1890 1646 1916 l'etus
1662 1888 1817 1923 multiplici-

1026 1939 1091 1966 tale,
1105 1939 1210 1962 tantum
1228 1935 1354 1970 genitalis
1373 1935 1570 1969 rationalisque
1596 1935 1675 1961 lactis
1690 1933 1815 1961 introdu—

1026 1982 1120 2007 (-tot'iis
1137 1982 1271 2008 doctrinis
1289 1982 1324 2008 sit
1348 1981 1524 2012 sulfecturus,
1539 1986 1568 2007 ut
1591 1988 1623 2007 ex
1641 1988 1674 2008 eo
1689 1980 1814 2008 innume-

1026 2026 1125 2053 rabiles
1139 2026 1186 2052 alii
1201 2026 1338 2053 nutrieudi
1355 2026 1419 2052 sint.
1435 2025 1520 2051 Porro
1535 2032 1596 2051 cum
1608 2024 1666 2051 haec
1681 2024 1715 2052 iis
1728 2025 1774 2059 qui
1786 2025 1814 2052 in

1026 2076 1098 2099 terra
1113 2072 1199 2099 relicti
1213 2072 1325 2103 fuerint,
1345 2071 1435 2099 futura
1456 2078 1513 2099 tum
1528 2075 1630 2102 essent,
1647 2071 1719 2098 aliud
1735 2072 1814 2106 quid-

1024 2118 1086 2145 dam
1103 2118 1130 2145 in
1145 2118 1256 2150 dieilla,
1274 2122 1396 2152 tempore
1413 2117 1539 2144 videlicet
1555 2117 1689 2144 adventus
1704 2115 1814 2143 Emma-

1024 2163 1098 2195 nuel,
1110 2167 1270 2190 eventurum
1285 2163 1416 2198 prwdicit.
1433 2162 1511 2195 Quod
1531 2166 1623 2189 autem
1640 2162 1709 2189 hoc?
1725 2171 1733 2187 ι
1749 2160 1815 2189 Otu-

1024 2210 1076 2240 nis,
1097 2219 1106 2234 ι
1125 2209 1223 2244 inquit,
1243 2218 1252 2233 ι
1272 2209 1348 2236 locus
1365 2207 1471 2235 Iudaici
1492 2208 1597 2242 populi,
1613 2208 1641 2234 in
1657 2215 1712 2242 quo
1732 2210 1814 2234 erant

990 2264 1011 2291 ι)
1026 2256 1098 2282 mille
1111 2256 1180 2283 vites
1200 2263 1249 2291 pro
1265 2255 1338 2282 mille
1352 2255 1437 2285 sielis,
1452 2255 1478 2281 in
1496 2258 1595 2281 terram
1608 2254 1737 2280 incultam
1749 2253 1812 2284 erit,

1025 2307 1051 2328 et
1064 2302 1091 2328 in
1107 2302 1223 2337 spinam.
1240 2301 1307 2328 Nam
1318 2309 1380 2327 cum
1395 2301 1492 2335 sagitta
1508 2305 1534 2327 et
1550 2307 1614 2326 arcu
1627 2299 1814 2334 iugredieutur

1025 2348 1089 2375 illuc
1109 2348 1227 2384 (constat
1248 2356 1311 2375 vero
1326 2348 1377 2374 hoc
1391 2347 1444 2374 dici
1461 2346 1494 2374 de
1511 2346 1658 2380 hostibus),
1683 2346 1812 2380 quoniam

1025 2398 1096 2421 terra
1125 2395 1226 2422 inculta
1250 2398 1278 2422 et
1292 2395 1369 2429 spina
1382 2395 1433 2421 erit
1448 2394 1537 2421 omnis
1559 2397 1643 2420 terra.
1663 2402 1671 2418 ι
1690 2392 1722 2419 Ει
1747 2399 1812 2419 sane

1025 2445 1116 2475 specta
1132 2448 1213 2475 quam
1236 2441 1320 2467 multa
1336 2441 1363 2467 in
1386 2440 1430 2467 die
1452 2438 1621 2471 Emmanuel,
1644 2438 1705 2465 dico
1721 2441 1810 2465 autem

1024 2495 1078 2521 quo
1098 2491 1218 2521 tempore
1240 2487 1373 2514 rationale
1399 2486 1490 2513 lumen
1513 2490 1555 2512 est
1579 2485 1724 2514 oriturum,
1739 2483 1811 2518 quod

1026 2538 1072 2564 per
1090 2529 1258 2557 Salvatorem
1271 2535 1393 2558 nostrum
1411 2530 1437 2557 in
1456 2538 1550 2557 omnes
1573 2529 1696 2556 homines
1711 2529 1812 2556 emica-

1025 2576 1073 2608 bit,
1096 2575 1216 2603 Judaicaz
1232 2577 1305 2611 genti
1327 2580 1457 2603 eventura
1481 2575 1622 2602 oraculum
1648 2578 1738 2601 canat.
1761 2574 1810 2600 lm-

1025 2622 1140 2648 mundas
1154 2622 1226 2648 enim
1243 2626 1325 2656 atque
1339 2622 1454 2648 hostiles
1475 2624 1635 2655 potestates,
1652 2627 1712 2654 quae
1724 2627 1812 2654 quon-

1024 2667 1086 2693 dam
1101 2668 1172 2695 inter
1190 2670 1284 2703 gentes
1301 2667 1448 2694 ellicaciam
1467 2666 1723 2693 suam'exereebant
1739 2669 1765 2692 et
1783 2666 1811 2692 iu

1025 2713 1153 2749 Egypto,
1173 2714 1240 2741 etin
1269 2715 1379 2748 regione
1401 2712 1589 2748 Assyriorum,
1612 2711 1726 2738 Domino
1741 2711 1809 2739 sibi-

1025 2760 1096 2787 laute
1109 2764 1136 2788 et
1151 2761 1229 2795 quasi
1242 2760 1399 2796 impellente
1421 2763 1502 2794 atque
1517 2759 1680 2786 adhortante
1693 2765 1751 2790 eas,
1764 2765 1808 2785 re-

1024 2806 1130 2840 gionem
1147 2807 1269 2842 ipsorum
1288 2807 1433 2834 invasuras
1448 2807 1496 2838 ait,
1516 2810 1659 2841 propterea
1675 2804 1748 2841 quod
1767 2807 1807 2830 ta-
