2089 3218
281 162 332 191 5H

619 160 754 188 EUSEBll
773 159 1015 189 C/ESARIENSIS
1033 159 1057 189 0

1110 182 1111 185 η
1131 160 1223 189 PARS
1239 161 1273 188 ll.
1290 175 1327 183 -‹
1345 160 1595 190 ΑΡοιοσΕτιεΑ.

1863 160 1916 188 5n

280 219 353 247 libus
370 218 452 254 digna
467 218 595 249 evaserit,
612 217 778 253 easdemque
795 223 945 253 potestates
958 218 1054 253 quietu

1123 218 1192 246 κατὰ
1219 218 1268 254 μὲν
1292 218 1427 250 διάνοιαν,
1445 219 1474 245 ὲν
1496 219 1556 250 ταῖς
1578 217 1678 252 ψυχαῖς
1701 217 1802 248 αὐτῶν,
1817 216 1865 243 καὶ
1886 219 1915 243 ὲν

279 272 324 292 ras
343 264 372 292 in
395 263 565 290 convallibus
583 265 611 289 et
632 262 814 290 foraminibus
831 268 981 298 petrarum,
996 267 1022 290 et
1042 263 1069 291 in

279 308 430 344 speluncis,
447 308 512 335 etin
527 307 602 334 omni
617 308 738 336 scissura
752 309 873 343 ipsorum
888 318 895 336 :
913 309 946 336 ad
959 317 1068 336 sensum

277 355 388 390 quidem
402 355 430 382 in
445 353 544 382 animis
560 354 694 389 ipsorum,
707 358 734 381 et
744 354 772 381 in
785 355 852 390 ipsis
865 355 990 391 corporis
1005 364 1070 384 sen-

277 401 366 434 sibus,
382 405 408 428 et
428 400 650 435 cogitationibus,
667 404 694 428 et
707 399 833 428 discissis
848 402 970 436 ipsorum
991 409 1069 428 men-

278 446 371 479 tibus;
387 445 422 473 ad
439 446 552 473 Verbum
569 451 660 473 autem
677 446 761 480 (quod
774 446 884 481 quidem
897 446 923 473 in
940 451 1067 481 promptu

277 490 343 525 est),
368 498 417 525 per
440 494 525 517 totam
547 491 670 525 ipsorum
698 491 848 525 regionem.
871 490 949 524 Quod
977 491 1066 526 ipsum

277 543 344 564 sane
359 536 422 571 quis
435 544 491 563 non
508 535 669 569 admiretur,
684 544 746 563 cum
762 536 851 564 oculis
868 542 962 564 cernat
975 537 1066 563 inimi-

276 590 325 610 cos
341 582 462 618 ipsorum
486 589 595 609 omnem
616 581 717 609 Iudaea:
743 582 832 610 locum
853 589 1015 617 occupasse,
1038 586 1066 610 et

275 631 404 655 externos
412 627 676 662 simulacrorumque
689 627 810 655 cultores
822 627 947 655 homines
960 628 988 654 in
1001 635 1066 654 cun-

275 674 329 701 ctis
348 673 472 709 ipsorum
493 673 652 702 civitatibus
675 678 704 701 et
722 674 883 709 regionibus
906 674 1064 709 quievisse?

275 717 335 745 Non
352 718 435 754 igitur
449 718 493 746 his
511 719 579 746 solis
594 726 642 746 eos
656 726 718 747 esse
736 718 894 747 alliciendos
912 719 950 746 ait
966 727 1063 746 oracu-

275 764 342 795 lum.
370 763 418 791 sed
440 763 523 791 etiam
545 763 679 791 novacula
700 763 760 798 ejus
782 764 958 799 Assyriorum
980 764 1061 799 τρίς,

273 816 354 844 quem
368 816 419 837 nos
433 809 622 844 intelligimus,
633 814 659 836 et
672 813 754 844 caput
768 817 875 841 eorum,
890 813 918 836 et
932 808 1002 844 pilos
1017 817 1062 844 pe-

273 855 350 888 dum,
365 860 393 884 et
413 855 540 889 barbam,
555 863 664 884 omnem
681 857 818 889 videlicet,
833 864 888 892 quo
909 857 960 892 ipsi
972 865 1057 891 quon-

1123 265 1182 296 ταῖς
1200 264 1248 291 τοῦ
1265 263 1389 299 σώματος
1404 263 1546 299 αἰσθήσεσι
1557 283 1565 295 ,
1587 264 1645 296 τοῖς
1661 271 1693 289 τε
1709 262 1847 298 λογισμοῖς
1867 262 1916 290 καὶ

1123 312 1182 341 ταῖς
1197 310 1388 347 διερῤωγυίαις
1402 311 1492 337 αὐτῶν
1503 310 1632 341 διανοίαις
1642 318 1649 324 ·
1663 309 1735 336 κατά
1747 308 1776 335 δὲ
1788 308 1838 344 τὴν
1849 309 1915 345 πρό.

1122 366 1214 393 χειρον
1228 356 1312 389 λέξιν,
1330 356 1391 383 καθ’
1405 356 1469 392 ὅλης
1483 355 1572 382 αὐτῶν
1587 355 1637 391 τῆς
1650 354 1751 391 χώρας.
1765 355 1797 381 ⁸0
1810 355 1858 381 καὶ
1872 354 1915 386 τίς

1121 404 1170 430 ούκ
1191 403 1224 430 ἂν
1239 402 1470 438 ἀποθαυμάσειεν,
1492 401 1639 437 ὀφθαλμοῖς
1654 401 1725 438 δρῶν
1750 400 1813 432 τοὺς
1833 400 1914 427 πολε-

1122 449 1199 484 μίους
1216 449 1305 477 αὐτῶν
1321 449 1410 476 πάντα
1426 449 1508 475 τόπον
1530 448 1581 483 τῆς
1601 447 1730 479 ἰουδαίας
1752 445 1914 482 κατειληφό-

1119 503 1178 526 τας,
1197 494 1245 521 καὶ
1260 494 1323 526 τούς
1346 503 1378 529 γε
1398 494 1562 529 ἀλλοφύλους
1585 494 1632 520 καὶ
1654 492 1850 529 είδῳλολάτρας
1866 493 1913 519 ἀν-

1120 540 1245 576 θρώπους
1263 542 1292 568 ὲν
1306 527 1407 572 πάσαις
1418 527 1506 567 αὐτῶν
1518 539 1610 567 πόλεσί
1626 548 1655 566 τε
1670 527 1717 566 καὶ
1730 527 1833 574 χώραις
1847 538 1914 565 ἀνα-

1119 585 1310 622 πεπαυμένους
1321 595 1328 619 ;
1344 587 1381 613 ού
1392 586 1478 613 ταῦτα
1488 586 1516 612 δὲ
1528 586 1582 622 ἀρα
1593 586 1660 621 μόνα
1677 584 1813 621 διαθήσειν
1829 584 1912 620 φησιν

1118 630 1216 662 αὐτοὺς
1226 631 1240 656 ό
1254 630 1342 665 λόγος,
1356 630 1423 657 ἀλλὰ
1438 630 1512 666 ξυρῷ
1522 632 1569 659 τοῦ
1581 630 1741 666 νενοημένου
1756 631 1821 666 ἡμῖν
1835 630 1912 665 βασι-

1117 674 1184 706 λέως
1201 675 1350 711 Ἀσσυρίων
1367 674 1415 710 τὴν
1433 674 1552 710 κεφαλὴν
1569 674 1667 706 αὐτῶν,
1685 674 1732 701 καὶ
1747 674 1796 706 τὰς
1814 673 1911 710 τρίχας

1116 720 1172 747 τῶν
1190 719 1290 752 ποδῶν,
1303 720 1352 757 καὶ
1366 721 1411 747 τὸν
1429 719 1556 754 πώγωνα,
1571 720 1665 747 πάντα
1678 719 1778 755 δηλαδὴ
1795 719 1840 746 τὸν
1859 719 1911 746 πάι

1116 766 1160 792 λαι
1176 765 1366 801 περικείμενον
1389 766 1479 798 αὐτοῖς
1499 765 1600 801 κόσμον
1624 765 1758 802 ξυρήσειν.
1782 765 1860 792 Κατά
1881 766 1910 793 δὲ

1114 811 1163 847 τὴν
1177 811 1260 847 αὐτὴν
1274 811 1389 847 ἡμέραν,
1404 812 1452 838 καὶ
1471 811 1542 839 κατά
1557 812 1604 838 τὸν
1623 811 1703 838 αὑτὸν
1719 811 1814 848 χρόνον
1830 813 1910 839 ἀπει-

1114 856 1154 882 λεῖ
1173 857 1200 883 έν
1221 856 1324 893 ἐσχάτῃ
1342 856 1422 892 πενία
1437 857 1484 883 τοῦ
1513 856 1585 883 κατά
1604 857 1670 884 Θεὸν
1692 857 1808 884 πλούτου
1829 866 1912 885 κατα-

273 902 336 930 dam
354 899 442 929 allecti
461 906 552 934 erant,
564 905 690 929 ornatum
706 902 903 930 abradendum.
916 902 972 930 Sub
986 910 1058 930 eam-

1115 902 1262 938 στήσεσθαι
1277 904 1385 935 αὐτοὺς,
1404 903 1442 935 ὡς
1467 903 1504 939 μὴ
1526 903 1615 939 ἄρτων
1638 903 1754 937 λογικῶν
1771 903 1907 940 εὐπορεῖν,

273 948 334 975 dem
346 954 418 980 vero
429 946 502 974 diem
517 948 588 975 hanc
601 951 629 974 et
645 948 697 975 sub
711 947 784 976 idem
805 952 913 983 tempus
925 948 958 975 ad
972 952 1063 976 extre-

273 999 345 1019 mam
367 993 444 1027 ipsos
458 992 615 1020 divitiarum
631 992 677 1020 Dei
702 994 843 1028 penuriam
859 994 980 1020 minatur
1001 1001 1062 1021 esse

273 1038 447 1073 redigendos,
465 1046 552 1074 usque
562 1039 631 1066 adeo
652 1043 681 1066 ut
698 1043 725 1067 et
739 1047 807 1074 pane
822 1040 962 1072 rationali,
978 1039 1060 1075 325

271 1089 299 1112 et
313 1084 402 1112 solido
431 1084 624 1119 spiritualique
639 1085 701 1113 cibo
721 1086 777 1113 sint
793 1086 918 1117 carituri,
939 1086 1062 1121 satisque

272 1128 404 1161 habituri.
419 1128 442 1156 si
458 1129 538 1161 lacte,
555 1129 606 1157 hoc
622 1133 664 1157 est
686 1130 784 1164 puerili
807 1130 1061 1165 introductorioque

272 1181 409 1207 sermone,
424 1174 592 1202 nutriantur.
606 1174 648 1201 Ad
666 1174 733 1207 haec,
744 1175 814 1202 vites
823 1175 946 1210 ipsorum
959 1175 987 1202 in
1007 1179 1062 1202 ler-

272 1227 330 1246 ram
342 1220 472 1248 incultam
489 1221 557 1249 fore.
573 1231 583 1247 ι
595 1221 744 1256 Postquam
760 1219 844 1253 enim,
859 1231 868 1247 ι
887 1222 980 1256 utipse
996 1230 1060 1256 pro-

271 1265 353 1300 pheta
365 1266 413 1298 ait,
429 1275 440 1292 ί
451 1266 570 1302 agricola
583 1267 654 1294 idem
668 1271 696 1294 et
710 1274 805 1294 eorum
818 1265 950 1294 Dominus
963 1274 1061 1302 exspe-

271 1311 366 1343 ctavit,
382 1311 448 1339 dum
459 1313 538 1339 vinea
551 1320 631 1339 uvam
647 1311 741 1344 ferret,
755 1322 765 1338 ι
775 1320 863 1346 eaque
877 1312 990 1347 protulit
1004 1313 1061 1347 spi-

271 1364 333 1388 nas,
348 1361 375 1384 et
391 1357 611 1385 vociferationem
626 1358 783 1393 quamdam,
799 1365 854 1385 non
873 1362 964 1385 autem
978 1358 1062 1393 justi-

271 1402 338 1430 tiam
369 1402 509 1438 {quocirca
540 1405 621 1430 etiam
647 1411 740 1438 sepem
770 1402 832 1438 ejus
862 1403 1007 1435 auferens,
1033 1407 1061 1431 et

272 1448 402 1482 parietem
419 1453 555 1482 evertens,
571 1449 604 1476 ad
622 1453 721 1476 terram
737 1449 867 1476 incultam
894 1449 1000 1477 vineam
1017 1457 1060 1477 rc-

271 1494 416 1521 dacturum
437 1502 467 1522 se
480 1494 607 1526 aliirmat,
621 1499 646 1521 et
662 1502 721 1522 eam
739 1494 859 1522 inimicis
882 1494 1058 1527 traditurum,

271 1547 340 1574 quos
356 1547 418 1567 cum
435 1540 534 1574 sagitta
550 1544 578 1567 et
597 1547 662 1567 arcu
678 1540 742 1566 illuc
760 1540 798 1566 ait
814 1541 996 1575 ingressuros,
1014 1541 1058 1568 ubi

1115 949 1183 984 μήτε
1205 950 1318 984 στερεᾶς
1340 950 1387 976 καὶ
1410 950 1596 985 πνευματικῆς
1616 949 1730 986 τροφῆς,
1746 949 1856 985 ἀγαπᾷν
1879 949 1908 976 δὲ

1112 995 1228 1028 γάλακτι
1252 995 1411 1030 τρέφεσθαι,
1441 994 1480 1030 τῷ
1506 995 1636 1030 νηπιώδει
1664 995 1711 1022 καὶ
1733 995 1907 1030 εἰσαγωγικῷ

1112 1040 1192 1076 λόγῳ.
1211 1040 1271 1066 Ἔτι
1291 1041 1358 1076 πρὸς
1375 1041 1478 1072 τούτοις
1490 1042 1537 1068 καὶ
1551 1040 1599 1072 τὰς
1612 1041 1750 1076 ἀμπέλους
1761 1041 1851 1068 αὐτῶν
1867 1043 1907 1073 εἰς

1112 1085 1208 1120 χέρσον
1224 1085 1343 1113 ἔσεσθαι.
1359 1095 1367 1111 ‹
1390 1086 1498 1121 Ἐπειδὴ
1512 1085 1576 1122 γὰρ,
1599 1096 1607 1111 ι
1624 1086 1662 1118 ὡς
1677 1087 1690 1113 ό
1705 1086 1785 1118 αὐτὸς
1801 1087 1907 1123 προφὴ-

1111 1139 1160 1166 της
1181 1131 1272 1167 φησιν,
1290 1141 1299 1156 ι
1321 1133 1427 1166 ἔμεινεν
1450 1133 1464 1158 ὁ
1487 1131 1608 1167 γεωργὸς
1627 1132 1683 1167 ἀμα
1706 1133 1752 1159 καὶ
1773 1133 1905 1169 δεσπότης

1111 1176 1204 1210 αὑτοῦ,
1217 1177 1263 1204 τοῦ
1278 1178 1390 1213 ποιῆσαι
1407 1177 1544 1213 σταφυλὴν
1565 1178 1610 1204 τὸν
1633 1178 1797 1213 ἁμπελῶνα’
1820 1189 1829 1204 ι
1847 1181 1862 1206 ὁ
1877 1179 1905 1206 δὲ

1111 1223 1237 1259 ἐποίησεν
1247 1224 1378 1256 ἀκάνθας,
1389 1224 1436 1251 καὶ
1446 1225 1476 1251 ού
1491 1224 1675 1260 δικαιοσύνην,
1687 1225 1755 1252 ἀλλά
1769 1226 1902 1262 κραυγήν·

1111 1268 1160 1302 (διο
1176 1269 1223 1295 καὶ
1234 1268 1358 1304 ἀφαιρῶν
1372 1268 1418 1295 τὸν
1437 1268 1562 1303 φραγμὸν
1580 1268 1673 1300 αὐτοῦ,
1696 1269 1743 1296 καὶ
1765 1268 1903 1304 καθαιρῶν

1109 1316 1154 1342 τον
1172 1311 1259 1350 τοῖχον
1282 1315 1322 1346 εἰς
1350 1315 1458 1351 χέρσον,
1482 1315 1663 1349 καταστήσειν
1686 1315 1730 1341 τὸν
1755 1313 1903 1350 ἀμπελῶνα

1111 1362 1290 1398 μαρτύρεται,
1301 1361 1348 1388 καὶ
1365 1362 1421 1392 τοῖς
1440 1360 1546 1395 ἐχθροῖς
1559 1359 1733 1396 παραδώσειν
1750 1359 1841 1393 αὑτὸν,
1856 1359 1903 1392 οὓς

1112 1408 1180 1444 μετὰ
1206 1407 1299 1442 βέλους
1324 1407 1372 1434 καὶ
1397 1405 1562 1441 τοξεύματος
1587 1405 1787 1433 εἰσελεύσεσθαί
1819 1413 1902 1442 φησιν

1110 1455 1168 1481 btet
1179 1453 1241 1485 τοὺς
1257 1453 1306 1489 τὴν
1322 1452 1446 1485 ὲξουσίαν
1463 1452 1607 1488 εἰληφότας
1625 1452 1677 1478 ὑπὸ
1699 1452 1745 1478 τοῦ
1758 1451 1836 1484 θεοῦ,
1853 1452 1901 1480 τοῦ

1109 1499 1275 1534 παραδόντος
1301 1499 1392 1530 αὐτοῖς
1415 1499 1465 1524 οὐκ
1489 1497 1617 1533 ἀκρίτως,
1646 1497 1700 1524 ἀλλ’
1726 1496 1754 1524 εὖ
1779 1497 1850 1533 μάλα
1872 1499 1901 1524 ὲν

1109 1546 1180 1582 δίκῃ,
1196 1546 1237 1572 ὅτι
1252 1544 1284 1581 δὴ
1298 1545 1394 1580 χέρσος
1408 1545 1455 1571 καὶ
1465 1543 1570 1571 ἄκανθα
1581 1543 1670 1569 αὐτῶν
1683 1543 1776 1577 γέγονε
1794 1544 1870 1570 πᾶσα
1881 1544 1898 1579 ή

271 1593 286 1613 a
303 1585 367 1618 Deo,
388 1587 435 1621 qui
449 1594 496 1614 eos
519 1594 573 1613 non
589 1586 700 1621 injuria,
716 1585 763 1614 sed
775 1586 837 1621 jure
856 1587 959 1622 optimo
973 1587 1058 1614 tradi—

1110 1592 1170 1628 γῆε)
1184 1591 1227 1618 διὰ
1246 1591 1325 1618 τοῦτο
1339 1590 1403 1624 γοῦν
1423 1590 1538 1625 ἐπείπερ
1550 1590 1589 1621 είς
1605 1589 1700 1624 χέρσον
1718 1589 1763 1616 καὶ
1779 1589 1900 1617 ἄκανθαν

269 1631 349 1662 derit.
365 1633 520 1668 acceperint
536 1638 707 1667 potestatem.
723 1641 755 1660 eo
771 1633 842 1669 quod
860 1637 933 1661 terra
951 1634 1052 1662 inculta

268 1682 297 1706 et
307 1678 385 1714 spina
403 1679 493 1706 omnis
517 1680 638 1714 ipsorum
659 1683 733 1705 terra
754 1678 825 1706 facta
843 1679 889 1711 sit,
903 1683 1055 1714 propterea.

269 1729 391 1760 inquam,
401 1725 475 1760 quod
483 1725 517 1752 ad
533 1729 632 1753 terram
642 1725 772 1752 incultam
780 1729 807 1752 et
819 1725 924 1760 spinam
940 1726 991 1760 ipsi
1016 1733 1055 1753 sc-

1106 1636 1182 1664 αὺτοὶ
1195 1636 1306 1667 ἑαυτοὺς
1323 1634 1501 1670 κατέστησαν,
1521 1644 1530 1659 ι
1551 1634 1764 1666 Εἰσελεύσονται,
1782 1643 1791 1660 ›
1806 1635 1899 1669 φησὶν,

1113 1693 1121 1708 ι
1143 1683 1201 1710 ἐκεῖ
1217 1681 1285 1717 μετὰ
1300 1679 1392 1717 βέλους
1410 1682 1456 1708 καὶ
1468 1681 1642 1717 τοξεύματος,
1657 1682 1681 1708 οἱ
1701 1681 1750 1717 τὴν
1771 1689 1822 1708 κατ
1850 1679 1900 1707 αύ-

1108 1728 1163 1754 τῶν
1177 1727 1300 1760 ἐξουσίαν
1317 1726 1466 1762 εἰληφότες.
1489 1737 1498 1753 ι

270 1770 344 1805 ipsos
355 1770 538 1806 redegerunt),
550 1779 559 1796 ί
573 1770 786 1805 Ιηετεᾱὶεηιιιι-,ι
798 1770 910 1806 ἰηιιιιὶι,‹
926 1771 1058 1798 illuccqu
1071 1774 1168 1808 sagitta
1176 1777 1286 1805 ctarcu,
1299 1773 1345 1808 qui
1351 1773 1530 1810 contraipsos
1542 1776 1702 1808 potestatem
1715 1773 1896 1808 acceperint.»

304 1816 438 1844 Caeterum
463 1817 529 1849 nuli,
548 1824 651 1851 quaeso.
680 1816 786 1847 mirari,
814 1816 837 1844 si
863 1815 921 1843 ba:e
949 1823 1056 1851 quoque

269 1861 430 1891 adumbratc
451 1867 479 1889 et
503 1870 550 1897 per
576 1863 676 1897 liguras
704 1862 914 1889 obscurissimas
951 1861 1056 1889 reddita

270 1911 343 1934 sunt.
371 1906 431 1934 Jam
457 1908 529 1934 enim
556 1908 632 1942 prius
659 1907 872 1942 dispensationis
901 1906 1056 1941 hujusmoui

268 1961 352 1981 causa
365 1953 437 1981 dicta
453 1957 507 1985 est,
520 1954 592 1988 quod
607 1953 701 1988 utique
718 1953 860 1980 oraculum
877 1953 993 1981 voluerit
1008 1961 1052 1980 cx-

268 2003 385 2026 tremum
398 1997 518 2026 Iudaica:
527 1999 615 2034 gentis
625 2000 762 2027 occultare
774 1999 924 2040 interitum,
942 2004 970 2026 ut
982 1999 1053 2035 apud

268 2053 328 2073 eam
344 2044 484 2079 Scriptura
503 2045 536 2072 ad
549 2050 672 2073 nostrum
695 2046 814 2080 ipsarum
828 2046 949 2081 gentium
966 2047 1054 2081 prol'e-

268 2094 343 2118 ctum
356 2090 555 2125 utilitatemque
566 2093 730 2117 servaretur.
747 2089 813 2117 Nam
827 2091 850 2118 si
864 2091 932 2126 ipsis
943 2091 1052 2126 quidem

269 2135 357 2171 palam
380 2135 530 2166 interitum,
550 2136 676 2171 gentibus
702 2141 792 2163 autem
816 2137 886 2164 bona
905 2136 1053 2171 prophetia:

268 2181 396 2217 pollicitae
410 2186 512 2212 essent,
533 2189 565 2209 ac
589 2182 787 2216 praedixissent,
811 2190 891 2209 nemo
911 2182 980 2217 apud
1005 2181 1052 2209 Ju-

1143 1819 1188 1853 Μὴ
1207 1817 1328 1853 θαύμαζε
1342 1817 1364 1844 δ’
1386 1819 1410 1844 εἰ
1431 1818 1478 1844 καὶ
1497 1817 1584 1845 ταῦτα
1602 1818 1836 1853 συνεσκιασμένως
1852 1817 1899 1845 καὶ

1108 1865 1140 1891 δι’
1156 1863 1323 1898 αἰνιγμάτων
1336 1863 1501 1890 ἀποδέδοται.
1516 1863 1646 1890 Λέλεκται
1659 1863 1724 1897 γοῦν
1739 1863 1788 1899 ήδη
1800 1863 1900 1899 πρότε-

1109 1920 1155 1946 ρον
1171 1911 1187 1946 ἡ
1202 1910 1276 1937 αἰτία
1288 1911 1338 1945 τῆς
1351 1909 1479 1945 τοιαύτης
1494 1909 1649 1945 οίκονομίας
1664 1909 1711 1935 τοῦ
1728 1909 1817 1943 λόγου,
1833 1909 1897 1944 βου-

1109 1955 1235 1991 ληθέντος
1262 1954 1464 1991 ἐπικρύψασθαι
1487 1954 1533 1981 τὸν
1556 1954 1670 1989 ἔσχατον
1691 1954 1735 1981 τοῦ
1763 1955 1898 1982 Ἰουδαίων

1109 2001 1199 2032 ἔθνους
1222 2001 1342 2036 ὄλεθρον,
1371 2001 1408 2032 ὡς
1434 2000 1467 2027 ἂν
1496 2000 1654 2034 φυλάττοιτο
1677 2001 1741 2036 παρ’
1761 2001 1853 2032 αὐτοῖς
1879 2002 1896 2036 ἡ

1105 2047 1199 2083 Γραφὴ
1217 2048 1256 2078 είς
1272 2047 1351 2082 ἡμῶν
1368 2046 1421 2073 τῶν
1440 2046 1523 2073 ἐθνῶν
1547 2046 1684 2081 βελτίωτίν
1705 2055 1734 2072 τε
1755 2047 1802 2073 καὶ
1820 2046 1895 2082 ὠφέ-

1104 2093 1185 2120 λειαν.
1206 2094 1236 2119 Εἰ
1257 2093 1322 2126 γοῦν
1340 2092 1489 2126 ἀναφανδὸν
1511 2094 1602 2125 αὐτοῖς
1625 2093 1673 2128 μὲν
1694 2093 1818 2129 ὄλεθρον,
1839 2095 1896 2126 τοῖς

1102 2139 1130 2166 δὲ
1145 2139 1247 2166 ἔθνεσιν
1261 2139 1350 2173 ἀγαθά
1365 2139 1567 2174 προεκήρυττον
1582 2140 1609 2166 αἱ
1625 2141 1798 2175 προφητεῖαι,
1809 2136 1896 2171 οὐδεὶς

1103 2186 1135 2212 ἂν
1158 2186 1222 2221 περὶ
1244 2186 1327 2217 αὑτὰς
1349 2184 1497 2212 ἐσπούδασε
1519 2185 1572 2211 τῶν
1593 2185 1624 2212 ὲκ
1646 2186 1806 2222 περιτομῆς,
1826 2186 1895 2225 ἀλλὰ

266 2226 340 2254 deos
351 2234 444 2253 earum
455 2225 595 2254 studiosus
609 2227 713 2259 fuisset,
727 2227 773 2254 sed
786 2235 832 2254 eas
848 2230 974 2261 tanquam
987 2226 1053 2261 ipsis

1110 2232 1142 2264 Io;
1155 2232 1246 2263 αὐτοῖς
1259 2232 1381 2263 ἐναντίας
1400 2230 1480 2263 οὔσας
1499 2232 1544 2258 καὶ
1566 2231 1666 2268 ἐχθρὰς
1687 2231 1844 2269 διέφθειραν
1860 2233 1894 2260 ἂν

269 2271 426 2298 contrarias
449 2275 531 2307 atque
554 2272 680 2299 inimicas
705 2272 887 2303 delevissent,
907 2277 988 2307 atque
1016 2273 1052 2299 ita

266 2318 357 2349 nobis.
380 2318 426 2353 qui
447 2318 481 2344 de
499 2318 626 2353 gentibus
642 2318 757 2353 profecti
773 2327 878 2350 sumus,
895 2320 1052 2354 neutiquam

265 2363 388 2392 licuisset
404 2364 595 2399 prophetarum
610 2365 644 2392 de
657 2363 798 2393 Salvatore
812 2370 906 2393 nostro
916 2370 943 2394 et
958 2366 992 2394 de
1005 2375 1054 2394 no-

265 2409 308 2436 bis
323 2409 391 2444 ipsjs
405 2409 569 2437 testimoniis
593 2411 643 2438 uli.
657 2410 790 2438 Cteterum
810 2418 870 2438 cum
893 2415 947 2438 tam
968 2413 1051 2440 multa

264 2455 292 2482 in
303 2455 347 2483 die
364 2454 521 2482 Emmanuel
535 2454 654 2483 Iudaicae
669 2457 753 2491 genti,
769 2459 919 2484 secundant
937 2458 1050 2485 alteram

264 2502 524 2536 interpretationem,
547 2507 676 2530 eventura
702 2507 803 2533 essent,
824 2511 917 2531 eorum
947 2505 993 2539 qui
1018 2513 1050 2532 ex

266 2547 334 2582 ipsis
352 2548 523 2583 relinquendi
537 2549 591 2576 sint
603 2548 726 2584 paucitas
742 2549 865 2583 quadam
879 2549 969 2576 futura
982 2550 1050 2577 dici-

264 2598 321 2626 tur.
346 2593 380 2621 dc
396 2602 449 2629 qua
469 2595 508 2621 ait
526 2594 675 2629 Apostolus
692 2604 698 2620 :
723 2604 731 2620 ι
748 2595 878 2630 Reliquiae
899 2596 1048 2623 secundum

263 2640 425 2667 electionem
442 2642 536 2675 gratia:
560 2640 639 2668 facta:
661 2646 726 2668 sunt
738 2642 760 2657 "
776 2651 782 2668 :
806 2651 815 2667 ι
833 2641 871 2668 Ex
885 2642 936 2669 hac
957 2648 1048 2669 autem

265 2685 404 2718 paucitate
429 2685 475 2719 qui
503 2685 595 2717 fuerit,
613 2695 623 2711 ι
644 2686 767 2718 nutriet,
789 2686 887 2721 inquit,
903 2687 1048 2721 juvencam

265 2729 357 2761 boum,
374 2734 401 2757 et
411 2729 479 2757 duas
493 2738 568 2762 oves,
586 2741 594 2756 ι
609 2735 636 2759 et
650 2739 682 2759 ex
695 2740 728 2759 eo
738 2732 808 2767 quod
821 2733 968 2768 plurimum
984 2743 992 2758 ι
1008 2733 1048 2760 fa-

265 2775 318 2801 ciet
336 2774 387 2806 lac,
406 2775 531 2810 butyrum
549 2781 575 2802 et
600 2778 650 2804 mel
674 2778 809 2805 comedet.
835 2787 843 2803 ι
867 2776 940 2805 Talis
958 2783 1047 2806 autem

314 2862 336 2878 "
351 2862 430 2890 Rom.
453 2871 491 2896 at,
511 2863 536 2890 5.

1103 2277 1196 2310 αὐτὰς,
1211 2278 1257 2304 καὶ
1271 2277 1361 2304 οὐκέθ’
1377 2277 1441 2312 ἡμῖν
1455 2279 1511 2309 τοῖς
1525 2277 1553 2310 ἐξ
1571 2277 1653 2304 ἐθνῶν
1665 2278 1754 2313 παρῆν
1766 2280 1826 2311 ταῖς
1841 2278 1894 2306 τῶν

1103 2323 1249 2359 προφητῶν
1267 2324 1331 2359 περὶ
1353 2323 1399 2350 τοῦ
1418 2323 1543 2359 Σωτῆρος
1559 2323 1647 2358 ἡμῶν,
1660 2324 1706 2350 καὶ
1730 2325 1794 2359 περὶ

1102 2368 1190 2395 αὐτῶν
1208 2370 1369 2404 μαρτυρίαις
1392 2369 1554 2404 χρήσασθαι.
1582 2369 1662 2396 Ἀλλὰ
1682 2370 1736 2404 γὰρ
1759 2370 1893 2398 τοσούτων

1102 2416 1130 2441 ἐν
1142 2416 1174 2450 τῇ
1188 2414 1234 2441 τοῦ
1255 2415 1425 2451 Ἐμμανουήλ
1439 2415 1531 2450 ἡμέρᾳ
1543 2415 1606 2450 περὶ
1618 2415 1647 2441 τὸ
1668 2415 1801 2442 Ἰουδαίων
1818 2415 1893 2448 ἔθνος

1102 2462 1300 2496 γενησομένων,
1323 2461 1390 2487 κατά
1414 2461 1462 2496 τὴν
1484 2460 1580 2496 ἑτέραν
1603 2461 1760 2496 ἑρμηνείαν,
1780 2459 1892 2494 σπάνιός

1101 2515 1142 2538 τις
1160 2506 1266 2533 ἔσεσθαι
1287 2507 1393 2542 λέγεται
1414 2507 1428 2533 ὁ
1451 2506 1640 2540 καταλειφθεὶς
1661 2506 1690 2540 ἐξ
1709 2506 1808 2537 αὐτῶν.
1828 2508 1893 2543 περῖ

1101 2550 1130 2579 οὗ
1149 2561 1228 2587 φησιν
1247 2553 1261 2578 ό
1282 2552 1455 2584 ’Λπόστολος-
1475 2561 1484 2577 ‹
1506 2553 1614 2587 ,λεῖμμα
1633 2553 1692 2579 κατ’
1709 2553 1824 2589 ἐκλογὴν
1841 2555 1892 2590 χά-

1104 2607 1174 2633 ριτος
1191 2598 1317 2633 γέγονεν·
1329 2598 1357 2630 ὃς
1375 2598 1406 2633 δὴ
1426 2598 1519 2634 θρέψει
1539 2598 1653 2633 δάμαλιν
1674 2599 1753 2634 βοῶν,
1778 2600 1825 2627 καὶ
1845 2600 1892 2628 δύο

1102 2645 1233 2679 πρόόατα,
1253 2644 1299 2670 καὶ
1315 2644 1368 2670 ἀπὸ
1382 2643 1429 2670 τοῦ
1453 2643 1576 2671 πλεῖστον
1597 2645 1681 2670 ποιεῖν
1697 2644 1777 2678 γάλα,
1796 2644 1892 2680 βούτυο

1101 2699 1146 2724 ρον
1162 2690 1208 2716 καὶ
1224 2690 1284 2725 μέλι
1302 2690 1425 2725 φάγεται.
1449 2700 1458 2715 ι
1475 2689 1642 2722 Τοιούτος.δὲ
1658 2690 1722 2725 ἡμῖν
1742 2690 1889 2726 ἀπεδείχθη

1101 2736 1169 2762 κατά
1182 2736 1230 2771 τὴν
1243 2735 1370 2771 δευτέραν
1383 2736 1508 2762 ἀπόδοσιν
1532 2736 1590 2767 πᾶς-
1609 2737 1623 2762 ό
1644 2734 1890 2774 ἀποστολικδςτᾶν

1102 2782 1227 2817 μαθητῶν
1245 2782 1324 2817 χορλς
1344 2782 1388 2807 τοῦ
1413 2782 1536 2817 Σωτῆρος
1552 2781 1629 2816 ἡμῶν
1652 2781 1738 2817 Ἰησοῦ
1759 2782 1888 2819 Χριστοῦ.
