2089 3218
190 192 244 221 513

652 190 979 218 ΒΕΜΟΝΞΤΙᾺῚΊΟΝΙδ
992 189 1221 217 ΕΥΑΝΟΕῌΟᾹΞ
1242 188 1307 217 ΜΒ.
1331 190 1388 218 νιι.

1778 189 1831 218 εει

192 252 297 286 Ὥσπερ
326 250 353 278 δὲ
380 252 393 278 ὁ
416 250 604 285 καταλειφθεὶς
630 247 707 282 οὗτος
733 251 853 282 τοιοῦτος
878 251 988 278 ἔσεσθαι

1047 259 1054 276 ι
1075 251 1154 278 nobis
1177 252 1203 278 in
1231 251 1350 278 sci-unda
1372 251 1542 286 expositione
1560 250 1650 277 omnis
1665 251 1831 286 apostolicus

191 296 406 332 προῳητεὺεται,
419 296 490 323 οὕτω
505 297 550 323 καὶ
565 297 614 331 τῆς
631 296 721 331 χώρας
736 297 846 332 ἁπάσης
858 296 904 323 τοῦ
925 297 990 322 Ἰου-

190 343 272 370 δαίων
292 343 394 375 ἔθνους,
412 343 458 369 τοῦ
483 352 511 369 τε
534 343 694 378 ἀμπελῶνος
718 343 807 371 αὐτῶν
824 345 868 380 ,είς
894 343 990 379 χέρσον

193 388 240 414 καὶ
267 387 388 416 ἄκανθαν
413 389 661 424 μεταϐεϐλημένου,
689 389 736 416 καὶ
756 389 800 416 διὰ
824 388 912 416 ταῦτα
934 390 990 419 τοῖς

194 434 333 470 πολεμίοις
354 435 582 471 παραδεδομένου,
603 435 720 470 ἔμπαλιν
745 436 778 462 ὲκ
803 435 917 470 θατέρου
943 436 991 470 μὲ-

196 489 259 516 ρους
282 481 336 507 πᾶν
351 480 414 515 ὅρος
437 479 637 516 ἀροτριὼμενον
659 480 904 517 ἁροτριαοήσεσθαι
926 489 991 516 προ-

196 526 351 561 φητεύεται.
367 526 502 561 Ἠγοῦμαι
514 526 599 562 δὲτὴν
612 526 658 552 τοῦ
673 527 797 562 Σωτῆρος
810 527 887 562 ἡμῶν
903 526 989 562 ’1ησοῦ

196 571 314 607 Χριστοῦ
336 572 498 606 Ἐκκλησίαν
517 572 602 604 οὕτως
617 573 794 603 αἰνίττεσθαι,
811 573 875 608 περὶ
892 570 925 607 ἦς
945 572 991 597 καὶ

197 617 278 649 αὐτὸς
295 626 393 653 φησιν·
412 627 421 642 ε
440 618 477 644 οὐ
505 617 616 645 δύναται
642 618 719 649 πόλις
743 618 875 654 κρυϐῆναι
899 617 991 643 ἐπάνω

197 663 276 700 ὅρους
299 663 421 698 κειμένη.
443 672 452 688 ›
475 663 512 689 Τὸ
533 663 587 698 γὰρ
614 663 769 698 ἐπηρμένον
799 662 935 698 μετέωρόν
962 671 991 687 τε

198 709 246 735 καὶ
259 708 388 743 ὑψιπετὲς
403 707 451 734 τοῦ
467 708 516 743 τῆς
534 707 696 743 Ἐκκλησίας
720 707 914 742 πολιτεύματος
929 707 991 742 ὅρος

197 755 317 792 ἡγοῦμαι
343 755 385 782 διὰ
409 755 511 782 τούτων
537 753 746 790 ἁνηγορεῦσθαι.
776 753 860 779 Τοῦτο
886 753 908 779 δ’
935 751 990 784 οὖν,

199 803 275 838 φησι,
289 802 320 828 τὸ
335 802 396 838 ὅρος
413 801 614 837 ἀροτριιῖῳενον
637 800 880 836 ἁροτριαθήσεται·
900 799 937 830 ὡς
955 799 992 834 μὴ

199 849 320 876 ἐπελθεῖν
332 849 391 875 ἐκεῖ
403 847 495 882 φόϐον,
507 847 573 874 ἀλλὰ
587 847 634 873 καὶ
648 848 687 878 εἰς
699 846 825 873 τοσοῦτον
838 846 903 872 αὐτὸ
915 854 993 881 μετα-

198 894 338 922 ϐαλεῖσθαι
354 894 408 921 ἀπὸ
421 894 471 929 τῆς
482 893 617 929 προτέρας
632 893 759 928 ἐρημίας,
774 893 820 919 καὶ
835 892 933 928 χέρσου
946 893 993 918 καὶ

199 940 336 975 ἀκάνθης,
360 940 398 972 ὡς
424 939 574 974 ἐπιτήδειον
603 938 769 973 καταστῆναι
797 939 837 969 εὶς
866 937 990 973 βόσκημα
1008 924 1029 954 Β

200 987 346 1022 προϐάτου,
363 986 410 1012 καὶ
432 984 618 1020 καταπάτημα
643 983 712 1018 βοός.
738 984 792 1009 Καὶ
821 982 936 1017 πάρεστί
959 991 989 1016 γε

201 1032 417 1067 ἐπιλογίσασθαι,
433 1031 506 1062 ὅπως
527 1032 543 1066 ἡ
564 1030 610 1056 τοῦ
632 1029 750 1065 Χριστοῦ
771 1029 927 1063 Ἐκκλησία,
941 1029 991 1055 πά-

199 1081 244 1107 λαι
271 1077 338 1106 οὖσα
364 1078 461 1113 χέρσος
479 1077 525 1103 καὶ
545 1075 662 1108 ἄκανθα,
678 1075 722 1102 διὰ
743 1075 793 1110 τῆς
810 1074 891 1102 αὑτοῦ
913 1075 990 1110 χάρι-

200 1135 245 1158 τος
271 1127 310 1157 είς
334 1124 460 1151 τοσοῦτον
482 1123 565 1159 ῆλασε
590 1123 749 1158 μεταϐολῆς,
766 1123 834 1149 ὥστε
855 1123 922 1149 πόαν
945 1123 991 1148 καὶ

202 1172 315 1208 βοτάνην
345 1170 453 1197 εὖθετον
473 1169 522 1205 τῆς
546 1169 659 1204 λογικῆς
676 1169 862 1204 καρποφορίας
884 1169 928 1194 ἐπὶ
948 1177 991 1194 τοι

201 1217 295 1245 σοῦτον
314 1216 478 1252 βλαστῆσαι,
510 1215 547 1246 ὡς
571 1215 618 1241 καὶ
646 1215 708 1246 τοὺς
736 1213 918 1250 προϐατώδεις
945 1214 992 1240 καὶ

201 1264 400 1297 ἁπλουστέρους
422 1261 567 1289 ἀπολαύειν
579 1259 666 1296 ἀὐτῆς
680 1260 820 1291 δύνασθαι,
837 1259 900 1291 τούς
920 1268 948 1285 τε
964 1260 992 1285 ἐν

200 1311 256 1343 ἒξει
276 1309 429 1344 τελεωτέρα
448 1307 653 1343 προϐεϐηκότας
681 1306 763 1341 ἀροῦν
790 1307 837 1332 καὶ
860 1307 993 1340 γεωργεῖν

202 1356 296 1392 αὐτὴν,
309 1355 372 1390 βόας
393 1354 688 1390 προσαγορευομένους.
701 1352 844 1388 ὡσπεροῦν
860 1352 907 1378 τὸν
923 1351 993 1378 θεῖον

209 1402 368 1430 ’Δπόστολον
382 1400 545 1428 παιδεύοντα
569 1400 781 1435 παρεστήσαμεν
797 1400 825 1424 ὲν
839 1399 877 1434 τῷ
894 1399 991 1433 φάναι·

205 1459 215 1474 ε
233 1449 280 1485 Μὴ
299 1448 353 1474 τῶν
368 1446 437 1482 βοῶν
457 1446 531 1481 μέλει
554 1445 592 1480 τῷ
608 1444 686 1479 Θεῷ;
705 1445 721 1479 ῆ
741 1444 774 1470 δι’
798 1444 869 1479 ὑμᾶς
884 1444 993 1475 πάντως

202 1495 295 1529 λέγεις
309 1493 342 1520 δι’
359 1493 431 1528 ὑμᾶς
444 1491 498 1528 γὰρ
515 1491 634 1526 ἐγράφη.
653 1491 693 1516 ὅτι
712 1490 814 1524 ὀφείλει
829 1490 843 1515 ὁ
860 1488 994 1525 ἀροτριῶν

203 1541 246 1568 ἐπ’
261 1540 348 1567 ἐλπίδι
361 1539 500 1575 ἀροτριᾷν,
513 1538 559 1565 καὶ
573 1538 587 1564 ό
603 1537 687 1563 ἀλοῶν
699 1537 741 1563 ἐπ’
756 1536 842 1563 ἐλπίδι
857 1535 903 1562 τοῦ
932 1543 995 1571 μετα

205 1587 287 1623 ἐχειν.
307 1595 316 1612 ι
332 1585 425 1616 Οὕτως
445 1585 461 1620 ἡ
484 1584 566 1610 πάλαι
578 1583 680 1618 ἔρημος
702 1582 749 1609 καὶ
769 1582 865 1618 χέρσος
880 1580 994 1617 μεταϐέ-

203 1632 288 1667 ϐληκε
303 1631 375 1658 κατὰ
386 1629 434 1665 τὴν
446 1630 492 1656 τοῦ
508 1628 626 1666 Χριστοῦ
641 1628 804 1664 παρουσίαν,
824 1627 861 1658 ὡς
878 1626 925 1653 καὶ
939 1627 995 1657 τοῖς

204 1677 276 1706 οὕτω
295 1675 465 1712 νενοημένοις
495 1675 586 1711 βουσὶν
603 1675 641 1705 είς
659 1674 708 1708 τὴν
727 1672 894 1707 κατάλληλον
907 1680 995 1707 γεωρ-

204 1724 267 1759 γίαν
291 1723 450 1759 ἐπιτηδείως
475 1722 556 1757 ἔχειν.
576 1721 738 1755 Ἑπίστησον
759 1719 786 1745 δὲ
812 1718 873 1744 τίνα
898 1718 996 1753 τρόπον

206 1770 258 1798 ὑπὸ
273 1769 336 1806 μίαν
354 1770 402 1796 καὶ
417 1769 466 1804 τὴν
482 1767 567 1802 αὐτὴν
588 1766 707 1793 διάνοιαν
723 1765 828 1798 γένεσις
844 1764 875 1790 ἐκ
891 1762 997 1799 Παρθέ-

205 1825 252 1844 νου
269 1815 476 1853 προφητεύεται,
493 1814 540 1841 καὶ
559 1812 629 1840 κατὰ
649 1812 679 1838 τὸ
698 1811 761 1838 αὑτό
785 1819 867 1846 φησιν
888 1810 902 1836 ό
920 1810 998 1843 λόγος

205 1860 255 1896 τὴν
275 1860 324 1895 μὲν
345 1860 428 1887 πάλαι
449 1858 623 1894 καρποφόρον
639 1856 701 1891 γῆν,
723 1855 753 1882 τὸ
770 1856 834 1890 πρὶν
851 1853 932 1881 οὖσαν
954 1863 994 1890 χι-

206 1906 272 1934 λίων
294 1906 404 1938 σίκλων,
422 1907 462 1937 εἰς
480 1905 577 1940 χέρσον
601 1902 709 1930 ἔσεσθαι
738 1902 786 1928 καὶ
811 1902 850 1933 είς
867 1900 996 1932 ἄκανθαν,

209 1953 298 1981 πᾶσαν
313 1962 344 1980 τε
361 1952 410 1989 τὴν
424 1953 475 1988 γῆν
494 1951 593 1981 αὐτῶν,
611 1950 654 1977 διὰ
672 1948 703 1976 τδ
720 1948 847 1984 γενέσθαι
864 1948 903 1980 εἰς
917 1947 1000 1974 ἄκαν-

207 1999 258 2027 θαν
270 2000 318 2027 καὶ
329 2000 369 2030 εἰς
379 1998 485 2034 χέρσον,
500 1995 734 2033 παραδοθήσεσθαι
747 1996 803 2025 τοῖς
820 1992 889 2029 μετά
907 1992 999 2028 βέλους

208 2045 255 2072 καὶ
275 2044 439 2079 τοξεύματος
461 2041 700 2077 είσελευσομένοις.
721 2039 880 2067 Τοὺναντίον
896 2038 924 2065 δὲ
942 2038 999 2064 πεί-

210 2090 304 2118 σεσθαι
319 2090 372 2116 πᾶν
391 2090 468 2126 ὅρος*
484 2089 538 2116 ἀπὸ
553 2087 617 2123 γοῦν
631 2087 681 2122 τῆς
694 2086 830 2122 προτέρας
843 2085 939 2121 χέρσου
953 2083 1000 2110 καὶ

209 2134 330 2170 ἀκάνθης
352 2134 561 2171 μεταϐαλεῖσθαι
584 2134 624 2165 εἰς
645 2132 771 2167 βόσκημα
791 2131 936 2167 προϐάτου,
952 2129 1000 2156 καὶ

208 2181 397 2217 καταπάτημα
410 2180 479 2216 βοὸς,
498 2179 568 2206 ὥστε
581 2179 647 2205 αὐτὸ
661 2178 861 2215 ἀροτριώμενον
875 2177 1000 2212 ἀροτρια-

211 2226 352 2263 θήσεσθαι,
375 2226 422 2254 καὶ
447 2226 483 2262 μὴ
503 2224 696 2252 ἐπελεύσεσθαι
720 2225 777 2250 ἐκεῖ
800 2223 890 2258 φόϐον.
909 2223 946 2248 Δι’
963 2219 1000 2248 ὦν

1041 295 1237 330 discipulorum
1260 295 1410 323 Salvatoris
1426 297 1512 323 no.~.tri
1529 295 1594 323 Jesu
1613 295 1715 322 Christi
1728 295 1831 322 chorus

1042 342 1247 368 demonstratus
1268 345 1310 367 est
1326 350 1331 366 ε
1350 341 1396 367 sed
1414 340 1644 375 quemadmodum
1661 339 1706 367 hic
1727 340 1773 375 qui
1790 347 1833 367 re-

1043 387 1124 414 lictus
1147 388 1193 419 sit,
1213 387 1276 414 talis
1302 387 1411 416 futurus
1437 395 1469 414 ex
1498 387 1642 422 prophetia
1665 386 1833 417 declaratur.

1042 431 1079 459 ita
1107 436 1252 467 postquam
1277 432 1405 459 universa
1431 431 1552 458 Iudaica:
1577 432 1666 467 gcntZ-s
1694 430 1780 466 regio.
1807 435 1834 458 et

1042 479 1118 505 vinea
1132 478 1264 512 ejusdem,
1280 478 1306 504 in
1327 481 1428 505 terram
1447 478 1577 504 incultam
1592 482 1619 504 et
1636 477 1741 513 spinam
1758 483 1834 503 comv

1043 529 1148 551 mutata
1166 525 1257 556 fuerit,
1274 529 1300 551 et
1313 529 1457 559 propterea
1470 524 1596 551 h05tibus
1609 524 1720 555 tradita,
1736 530 1833 550 rursus

1042 579 1073 598 cx
1099 572 1182 598 altera
1206 575 1283 606 parte
1301 570 1390 597 omnis
1412 578 1490 597 mons
1517 570 1562 604 qui
1586 574 1690 600 aratur,
1714 568 1834 595 arandus

1043 625 1103 644 esse
1118 618 1152 644 ab
1166 618 1259 644 eadem
1276 617 1416 652 prophetia
1431 616 1598 651 praediciti".
1613 614 1696 650 326
1708 614 1834 641 Arbitror

1043 667 1132 691 autem
1150 663 1299 690 Salvatoris
1317 663 1402 690 nostri
1424 661 1489 689 Jesu
1502 661 1603 689 Christi
1634 660 1784 688 Ecclesiam
1800 667 1833 687 eo

1044 710 1126 736 modo
1142 710 1303 745 significari,
1317 710 1351 736 de
1370 716 1423 744 qua
1440 708 1497 743 ipse
1516 709 1553 734 ait
1570 717 1576 733 τ
1597 716 1606 732 ι
1623 707 1680 733 Non
1695 710 1785 741 potest
1795 707 1835 733 ci-

1043 756 1113 783 vitas
1124 756 1254 784 abscondi
1272 763 1354 791 supra
1369 759 1487 782 montem
1501 755 1586 789 posita
1599 754 1620 769 "
1632 762 1639 786 ;
1656 763 1664 779 ι
1678 753 1750 788 quod
1761 753 1834 780 enim

1044 803 1071 829 in
1085 802 1206 830 Ecclesia
1223 802 1338 836 publicis
1352 801 1506 828 actionibus
1518 800 1618 826 clatum
1633 804 1659 826 ct
1678 800 1795 827 sublime
1806 802 1833 825 ct

1045 849 1077 875 ad
1091 855 1210 883 superna
1225 848 1339 875 tendens
1356 848 1401 879 sit,
1420 852 1538 874 montem
1552 846 1670 873 arbitror
1687 846 1729 872 his
1746 845 1836 872 verbis

1045 893 1175 929 appellari
1193 903 1198 920 :
1213 893 1286 920 hunc
1306 893 1386 928 igitur
1399 896 1528 924 montem,
1542 891 1588 926 qui
1601 894 1704 920 aratur,
1726 894 1834 917 aratum

1045 941 1077 967 iri
1097 941 1145 971 ait,
1169 940 1205 967 ita
1224 940 1333 975 quidem
1356 943 1384 966 ut
1400 939 1463 966 illuc
1485 942 1575 965 terror
1595 944 1757 964 accessurus
1780 943 1835 962 non

1044 987 1090 1017 sit.
1105 987 1171 1021 quin
1187 986 1278 1021 potius
1293 993 1380 1020 usque
1397 984 1465 1011 adeo
1485 991 1499 1010 a
1517 984 1608 1019 priore
1631 981 1789 1013 solitudine,
1808 986 1836 1008 et

1044 1036 1116 1057 terra
1132 1031 1234 1057 inculta
1247 1035 1272 1058 et
1285 1030 1363 1065 spina
1377 1028 1613 1059 commutandam,
1626 1031 1655 1054 ut
1668 1027 1784 1054 idoneus
1799 1025 1842 1053 fu-

1045 1083 1122 1104 turus
1138 1077 1173 1104 sit
1192 1077 1237 1111 qui
1251 1075 1348 1103 evadat
1369 1075 1395 1102 in
1414 1081 1514 1110 pascua
1531 1074 1591 1102 ovis
1609 1077 1636 1101 ct
1650 1073 1835 1100 conculcatio—

1045 1131 1106 1150 nem
1135 1123 1222 1150 bovis.
1248 1122 1280 1149 Et
1307 1129 1373 1149 sane
1399 1121 1504 1148 ratione
1531 1120 1660 1154 colligere
1686 1126 1835 1154 possumus

1045 1167 1273 1203 quemadmodum
1285 1166 1386 1193 Christi
1399 1165 1532 1196 Ecclesia,
1546 1171 1606 1199 qua:
1615 1163 1680 1190 olim
1691 1167 1749 1190 erat
1763 1166 1835 1189 terra

1045 1213 1147 1240 inculta
1166 1217 1192 1240 et
1216 1213 1306 1247 spina,
1331 1212 1363 1238 ad
1393 1216 1495 1238 tantam
1519 1209 1760 1237 commutationem
1789 1215 1837 1243 per

1046 1259 1132 1294 ipsius
1161 1259 1274 1294 gratiam
1299 1258 1470 1293 pervenerit,
1499 1261 1528 1283 ut
1557 1256 1670 1283 herbam
1695 1254 1837 1281 rationalis

1047 1304 1197 1332 fertilitatis
1212 1308 1239 1331 et
1253 1303 1382 1339 pabulum
1398 1307 1581 1339 opportunum
1592 1308 1679 1336 usque
1695 1300 1763 1328 adeo
1774 1307 1838 1335 pro-

1048 1350 1152 1381 tulerit.
1171 1354 1201 1377 ut
1219 1353 1246 1377 et
1263 1349 1360 1376 ovibus
1376 1348 1480 1376 similes
1492 1352 1519 1374 et
1539 1346 1721 1381 simpliciores
1736 1353 1767 1373 ea
1783 1345 1837 1373 frui

1047 1397 1164 1432 possint,
1187 1400 1213 1423 et
1229 1395 1275 1431 qui
1297 1395 1330 1422 ad
1348 1395 1471 1422 habitum
1496 1393 1687 1429 perfectiorem
1708 1400 1838 1427 pervene-

1047 1443 1112 1475 rint,
1132 1442 1179 1477 qui
1204 1442 1288 1469 boves
1305 1441 1486 1476 appellantur,
1508 1438 1631 1466 eamdem
1653 1445 1731 1465 arare
1748 1441 1775 1464 et
1793 1444 1838 1464 co-

1048 1489 1113 1521 lere,
1131 1496 1163 1516 eo
1188 1495 1255 1516 sane
1277 1487 1358 1514 modo
1384 1494 1438 1522 quo
1457 1486 1578 1513 divinum
1605 1482 1762 1519 Apostolum
1789 1483 1838 1511 do-

1048 1539 1154 1563 contem
1178 1534 1360 1565 ostendimus,
1382 1533 1427 1560 ubi
1447 1533 1504 1559 ait:
1523 1541 1532 1557 ι
1549 1531 1677 1566 Nunquid
1699 1531 1733 1558 de
1750 1530 1838 1558 bobus

1049 1588 1114 1608 cura
1124 1584 1165 1608 est
1177 1579 1249 1607 Deo?
1260 1579 1301 1606 An
1317 1582 1429 1614 propter
1448 1586 1496 1605 vos
1510 1578 1622 1605 omnino
1637 1577 1711 1608 dicit,
1728 1580 1839 1612 propter

1048 1634 1096 1654 vos
1112 1626 1185 1654 enim
1203 1626 1306 1661 scripta
1324 1628 1398 1655 sunt,
1416 1624 1545 1658 quoniam
1562 1623 1642 1650 debet
1657 1622 1707 1657 qui
1722 1626 1791 1652 arat,
1810 1621 1838 1648 in

1048 1681 1095 1708 spe
1118 1679 1206 1702 arare.
1224 1675 1251 1699 et
1273 1670 1319 1706 qui
1337 1670 1457 1699 triturat.
1479 1670 1506 1695 in
1528 1676 1576 1703 spe
1599 1669 1762 1702 participare
1771 1668 1803 1692 ”.
1826 1677 1836 1692 ›

1050 1718 1088 1745 Ita
1112 1725 1173 1753 quae
1188 1718 1253 1744 olim
1268 1717 1377 1743 deserta
1405 1714 1564 1749 incultaque
1587 1717 1646 1740 erat
1668 1717 1753 1743 terra,
1777 1717 1838 1747 post

1048 1765 1153 1793 Christi
1171 1765 1318 1792 adventum
1335 1765 1502 1789 commutata
1518 1765 1569 1791 est,
1585 1764 1613 1786 ut
1630 1767 1699 1795 quos
1713 1767 1746 1786 eo
1759 1759 1839 1785 modo

1049 1812 1133 1839 boves
1157 1810 1350 1840 intelleximus,
1368 1808 1403 1835 iis
1426 1806 1615 1834 convenientis
1631 1810 1754 1840 aptaque
1766 1804 1840 1839 agri-

1049 1855 1194 1885 colationis
1223 1862 1304 1882 usum
1328 1853 1457 1880 idoneum
1481 1850 1610 1886 praebeat.
1636 1848 1752 1876 Attende
1775 1856 1840 1875 vero

1049 1910 1167 1938 quonam
1185 1900 1264 1928 modo
1282 1899 1334 1928 sub
1357 1906 1411 1925 uno
1429 1897 1580 1931 eodemque
1601 1903 1684 1923 sensu
1704 1898 1782 1922 ortus
1805 1894 1840 1921 de

1050 1949 1161 1984 Virgine
1179 1947 1288 1975 canitur
1306 1956 1312 1974 :
1331 1949 1358 1973 et
1374 1945 1487 1981 pariter,
1500 1944 1598 1978 inquit.
1615 1942 1768 1973 oraculum,
1780 1949 1840 1977 quae

1049 1995 1114 2023 olim
1131 1993 1228 2020 fertilis
1239 1996 1311 2023 terra
1327 1996 1354 2019 et
1370 1999 1430 2026 quae
1446 1990 1523 2025 prius
1536 1989 1610 2016 mille
1623 1988 1754 2016 siclorum
1768 1991 1838 2017 erat.

1050 2041 1077 2068 in
1103 2045 1203 2067 terram
1232 2039 1361 2066 incultam
1386 2038 1448 2068 erit,
1465 2042 1491 2064 et
1515 2036 1542 2062 in
1559 2035 1677 2070 spinam,
1696 2033 1839 2068 omnisque

1050 2093 1144 2113 eorum
1160 2090 1244 2116 terra,
1265 2086 1410 2119 propterea
1435 2081 1509 2117 quod
1525 2080 1615 2107 futura
1630 2082 1665 2107 sit
1688 2079 1716 2106 in
1732 2079 1838 2114 spinam

1050 2134 1076 2157 et
1091 2133 1191 2156 terram
1204 2129 1346 2160 incultam,
1365 2126 1489 2154 tradetur
1511 2126 1544 2152 iis
1560 2124 1605 2160 qui
1621 2131 1683 2152 cum
1699 2126 1796 2159 sagitta
1813 2127 1840 2150 et

1052 2181 1117 2201 arcu
1147 2174 1288 2201 accedent.
1314 2172 1490 2200 Contrarium
1515 2179 1579 2198 vero
1605 2171 1725 2205 patietur
1750 2170 1840 2196 omnis

1051 2228 1132 2248 mons
1147 2229 1153 2247 :
1172 2227 1234 2247 nam
1250 2227 1264 2245 a
1284 2219 1376 2254 priore
1396 2218 1500 2245 inculta
1514 2221 1587 2244 terra
1602 2222 1628 2243 et
1646 2217 1726 2251 spina
1751 2219 1839 2242 muta—

211 2261 306 2306 σαφῶς
319 2269 441 2307 ἠγοῦμαι
453 2269 632 2305 σημαίνεσθαι
645 2268 695 2303 τὴν
715 2267 760 2294 τοῦ
783 2267 908 2302 Σωτῆρος
922 2264 996 2300 ἡμῶν

1054 2267 1127 2295 bitur
1142 2267 1170 2293 in
1194 2273 1295 2301 pascua
1311 2264 1370 2292 ovis
1383 2268 1411 2291 et
1426 2263 1662 2291 conculcationem
1677 2262 1771 2294 bovis;
1788 2261 1839 2288 ita-

210 2317 244 2345 ἐκ
256 2316 395 2353 Παρθένου
411 2316 529 2350 γένεσιν,
544 2315 591 2342 καὶ
608 2314 642 2341 τὰ
666 2313 733 2348 μετά
751 2312 853 2347 ταύτην
869 2310 937 2346 ὁμοῦ
954 2311 1000 2337 καὶ

210 2363 317 2400 ἀθρόως
333 2362 469 2393 Ἰουδαίοις
479 2370 508 2388 τε
520 2361 567 2388 καὶ
581 2361 636 2392 τοῖς
647 2359 750 2390 λοιποῖς
761 2358 850 2384 ἔθνεσι
862 2356 1000 2392 συμϐεϐη-

211 2408 295 2437 κότα·
309 2408 359 2444 τὴν
375 2408 440 2444 γοῦν
455 2406 591 2442 ἑκατέρων
610 2406 664 2432 τῶν
681 2405 826 2439 ταγμάτων
837 2404 877 2434 είς
891 2402 1001 2428 τούναν-

210 2455 269 2483 τίον
278 2442 438 2492 μεταϐολὴν,
446 2454 499 2480 τῶν
511 2453 559 2488 μὲν
569 2452 619 2488 τὴν
630 2451 682 2478 ἀπὸ
690 2450 743 2478 τῶν
750 2450 911 2485 κρειττόνων
919 2448 965 2474 ἐπὶ
971 2447 1003 2474 τὸ

212 2501 314 2537 χαῖρον,
325 2500 374 2535 τῆς
383 2499 412 2525 δὲ
421 2498 452 2531 ἐξ
463 2497 546 2524 ὲθνῶν
563 2495 726 2532 Ἐκκλησίας
735 2494 784 2529 τὴν
795 2494 848 2521 άπὸ
859 2493 908 2529 τῆς
918 2492 1002 2519 πάλαι

213 2545 331 2583 ιρημίας
349 2545 395 2572 ἐπὶ
412 2544 462 2580 τὴν
474 2543 546 2571 κατὰ
558 2543 623 2570 Θεὸν
641 2541 837 2578 καρποφορίαν,
848 2539 929 2574 άπερ,
941 2538 1002 2565 καθ’

214 2593 263 2620 ινα
271 2592 320 2619 καὶ
332 2591 378 2619 τὸν
390 2591 472 2618 αὑτὸν
484 2589 579 2626 καιρὸν
590 2589 642 2624 τῆς
653 2588 701 2615 τοῦ
721 2585 893 2623 Ἐμμανουήλ
904 2585 1004 2618 ἐπιφα-

214 2637 290 2670 νείας
297 2635 553 2672 ιπιτελεσθήσεσθαι
567 2633 801 2670 προφητευθέντα,
810 2632 870 2662 ταῖς
881 2629 1004 2666 προρρή-

216 2692 291 2712 σεσιν
306 2682 458 2714 ἀκολούθως
469 2682 520 2709 οὐκ
530 2680 635 2712 ἇλλπε,
647 2679 664 2715 ἢ
679 2678 747 2715 μετὰ
756 2679 805 2713 τὴν
817 2677 864 2704 τοῦ
878 2676 1003 2712 Σωτῆρος

216 2730 296 2767 ἡμῶν
310 2728 459 2766 παρουσίαν
470 2727 546 2758 τέλος
560 2725 689 2762 εἰληφότα
697 2725 843 2756 δείκνυται,
854 2722 900 2750 διά
906 2731 936 2750 τε
949 2723 1003 2750 τῶν

217 2775 347 2812 διαφανῶς
362 2774 515 2811 εἰρημένων
529 2772 600 2799 κατά
615 2770 756 2802 Ἰουδαίους
769 2770 948 2807 πραγμάτων,
957 2769 1003 2795 καὶ

217 2808 318 2858 δία-τῆς
325 2821 355 2855 ἐξ
362 2808 446 2848 ὲθνῶν
459 2819 630 2851 Ἐκκλησίας.
637 2818 676 2849 Ei.
683 2817 730 2855 μὲν
735 2817 790 2853 γάρ
798 2816 866 2846 κατὰ
874 2815 920 2854 sip
932 2824 1004 2852 ,παρ-
1017 2808 1030 2860 ’ν

269 2914 292 2933 δ’
308 2911 401 2940 Matth.
418 2920 445 2945 v,
459 2911 503 2939 H.
538 2911 561 2927 ”
572 2910 582 2937 Ι
593 2910 648 2938 Cor
676 2918 712 2942 lx,
728 2909 755 2941 9,
770 2908 811 2937 li).

1051 2321 1105 2349 que
1119 2313 1177 2347 ipse
1189 2312 1236 2347 qui
1253 2314 1348 2337 aratur
1361 2309 1494 2340 arabitur,
1512 2316 1600 2343 neque
1612 2308 1676 2334 illuc
1687 2311 1776 2334 terror
1791 2306 1839 2333 ad—

1052 2358 1152 2386 veniet.
1163 2356 1268 2390 Quibus
1280 2355 1371 2383 verbis
1383 2355 1464 2391 plane
1477 2354 1596 2381 arbitror
1611 2352 1764 2388 signiﬁcare
1779 2351 1840 2378 Sal-

1052 2404 1156 2432 vatoris
1173 2403 1260 2431 nostri
1274 2405 1364 2429 ortum
1382 2401 1417 2428 de
1428 2400 1549 2435 Virgine.
1566 2403 1664 2434 etquae
1681 2402 1742 2432 post
1763 2398 1840 2424 illum

1053 2451 1135 2478 simul
1149 2454 1231 2484 atque
1245 2448 1404 2480 acervatim,
1419 2451 1445 2474 et
1456 2446 1556 2473 Judzeis
1571 2450 1598 2473 et
1616 2444 1729 2481 reliquis
1752 2444 1840 2480 genti-

1052 2496 1104 2524 bus
1133 2499 1264 2523 eventura
1295 2486 1374 2522 erant
1398 2503 1404 2520 :
1430 2492 1564 2528 siquidem
1597 2491 1740 2526 utriusque
1765 2491 1840 2518 ordi-

1053 2543 1096 2570 nis
1118 2542 1294 2569 mutationem
1319 2540 1346 2566 in
1369 2539 1536 2566 contrarium
1566 2538 1707 2573 prophetia
1727 2537 1838 2565 demon‘

1054 2592 1134 2620 strat,
1157 2586 1278 2614 Judaicae
1295 2585 1405 2621 quidem
1429 2584 1517 2619 gentis
1534 2591 1549 2610 a
1564 2584 1676 2611 meliore
1698 2584 1725 2610 in
1745 2583 1840 2618 pejus,

1054 2634 1174 2662 collectae
1198 2636 1288 2660 autem
1319 2631 1354 2659 de
1379 2630 1505 2666 gentibus
1534 2630 1681 2660 Ecclesiae.
1708 2636 1724 2655 a
1750 2629 1843 2664 priore

1055 2681 1198 2709 sterilitate
1225 2686 1258 2706 ac
1288 2677 1455 2709 solitudine,
1487 2678 1514 2703 in
1545 2676 1713 2704 fertilitatem
1739 2682 1842 2702 scena-

1054 2727 1119 2755 dum
1147 2725 1248 2758 Deum;
1269 2731 1330 2759 quae
1355 2722 1464 2758 quidem
1481 2722 1547 2749 dum
1574 2721 1626 2748 sub
1649 2728 1733 2747 unum
1760 2719 1840 2755 3:7

1054 2776 1081 2800 et
1112 2771 1183 2800 idem
1202 2775 1310 2812 tempus
1332 2777 1386 2804 quo
1412 2767 1571 2795 Emmanuel
1598 2766 1723 2794 adveniet
1749 2766 1840 2792 absol-

1055 2820 1142 2849 venda
1167 2822 1314 2850 canuntur,
1333 2815 1437 2844 oraculi
1462 2815 1602 2842 veritatem
1629 2817 1743 2841 eventus
1766 2819 1840 2840 corn-
