2089 3218
276 166 330 194 διε

612 164 747 193 EUSEBll
764 164 1002 193 CESARIENSIS
1021 164 1097 193 OPP.
1118 163 1248 192 PARS“.
1266 178 1300 184 —
1314 164 1563 192 APOLOGETICA.

1844 165 1897 193 516

275 222 409 258 probavit.
427 221 486 249 Non
499 222 572 249 enim
587 222 656 249 alias
669 229 751 257 quam
767 226 829 257 post
844 221 996 249 Salvatoris
1010 229 1052 249 no-

1113 222 1207 249 ουσίαν
1229 221 1276 249 τοῦ
1291 222 1415 258 Σωτῆρος
1423 221 1512 258 ἡμῶν,
1525 221 1609 249 αὐτοῦ
1623 222 1655 258 δὴ
1672 222 1759 257 Ἰησοῦ
1773 222 1820 250 τοῦ
1833 223 1903 259 Χριη

275 270 324 296 stri
341 269 498 300 adventum,
515 268 595 295 linem
609 269 749 303 accepisse
763 269 996 302 demonstrantur,
1006 273 1063 294 tum

274 322 306 341 es
324 314 358 341 iis
374 314 454 341 rebus
468 321 529 347 quae
542 314 623 348 plane
642 314 675 341 de
691 314 792 341 Judmis
820 314 900 341 dicta:
915 318 990 345 sunt,
1006 318 1063 341 tum

274 368 308 387 ex
324 361 458 395 ipsaqua:
473 359 507 386 de
522 360 647 394 gentibus
661 361 774 387 collecta
792 366 834 388 est
852 360 983 388 Ecclesia.
997 360 1062 388 Nam

238 411 247 435 ξ
275 406 298 431 si
311 393 370 440 post
380 393 533 431 adventum
541 404 693 433 Salvatoris
712 406 811 438 nostri,
826 407 923 440 ipsius,
940 407 1062 442 inquam,

238 465 241 467 -
274 449 339 477 Jesu
350 444 462 481 Christi,
479 457 593 485 regnum
618 458 649 476 ac
667 450 837 485 principatus
861 451 932 486 apud
955 451 1063 479 Iudaeos

274 500 301 522 et
315 495 386 530 apud
398 495 582 524 Damascenos
593 504 654 523 esse
665 504 719 523 non
735 496 879 530 desiisset;
892 501 919 524 et
931 497 985 525 nisi
1001 503 1064 526 ante

275 541 370 569 oculos
379 546 498 572 nostros.
515 542 595 568 nobis
619 542 685 577 ipsis
711 543 810 570 intueri
828 543 921 571 liceret
941 544 1062 571 relictam

276 586 494 619 abillistcrram,
511 593 537 614 et
552 588 586 614 ab
603 589 723 616 externis
739 597 771 616 ac
782 590 992 617 simulacrorum
1005 591 1063 618 cul-

276 631 391 660 tricibus
405 634 564 661 nationibus
579 634 749 669 habitatum;
770 641 911 670 praeterea,
930 637 952 664 si
966 645 1019 664 non
1037 637 1063 663 in

275 682 374 705 terram
393 678 523 706 incultam
534 685 561 707 et
576 681 694 715 spinam,
711 688 792 709 omne
803 683 986 718 quodcunque
998 683 1062 710 olim

276 725 540 753 venerabilissimum
558 726 629 753 sacri
644 727 714 762 apud
736 727 798 755 illos
818 729 966 756 sanctuarii
979 729 1063 756 decus

276 770 439 802 habebatur,
456 775 653 798 commutatum
672 777 754 804 esset,
776 778 803 800 et
823 773 876 801 nisi
891 775 1010 801 cultores
1025 774 1063 801 si-

276 817 458 843 mulacrorum
477 837 484 849 ,
512 817 689 851 impurissimi
726 819 851 847 homines
868 841 875 853 ,
901 820 1063 855 illorumque

276 863 368 890 hostes
383 870 445 889 cum
462 863 561 898 sagitta
587 867 614 890 et
642 871 708 891 arcu
727 865 896 898 invadentes,
914 871 940 894 et
957 867 990 894 ab
1003 867 1062 901 ipso

276 908 390 936 Domino
416 910 524 944 impulsi
537 910 571 936 ab
584 910 704 938 externis
727 911 884 946 regionibus
912 913 1060 945 venissent,

274 960 301 981 et
318 955 344 981 in
361 954 482 989 ipsorum
498 956 579 982 terris
595 956 773 990 quievissent,
796 965 960 992 omnemque
972 959 1061 985 locum

275 1007 437 1035 omnemque
450 1001 587 1028 civitatem
609 1002 731 1036 ipsorqu
747 1009 928 1037 occupassent
941 1013 948 1030 :
960 1009 987 1031 et
1001 1012 1061 1031 rur-

275 1054 333 1078 sus,
352 1046 403 1074 nisi
421 1050 519 1073 aterra
548 1047 651 1075 inculta
674 1052 700 1075 et
722 1049 812 1083 spina,
841 1053 867 1076 et
895 1050 929 1077 ab
955 1058 986 1077 ea
1001 1058 1061 1085 quae

235 1092 237 1095 ⁴
275 1091 352 1126 prius
366 1095 426 1118 erat
438 1091 544 1118 colendi
558 1092 733 1127 negligentia,
753 1100 802 1127 per
813 1091 963 1120 Salvatoris
975 1095 1060 1121 nostri

274 1137 426 1164 doctrinam
436 1141 608 1164 commutatae
624 1145 719 1165 omnes
731 1158 738 1169 ,
752 1146 921 1174 quaecunque
933 1139 960 1166 in
973 1139 1060 1174 ipsum

274 1182 459 1214 crediderunt,
476 1186 582 1217 gentes,
595 1183 750 1218 religiosam
774 1188 801 1210 et
813 1184 963 1211 secundum
976 1184 1060 1212 Deum

274 1228 434 1254 rationalem
453 1227 619 1255 fertilitatem
642 1229 802 1263 cultumque
827 1230 1061 1264 accepissent;ad

274 1272 343 1304 hac,
355 1272 408 1299 nisi
423 1273 511 1299 oculis
525 1272 665 1300 Christum
684 1273 853 1307 intuiti,non
866 1274 1059 1307 credidissent,

275 1322 302 1346 et
317 1319 368 1346 nisi
385 1318 527 1345 docentem
540 1319 726 1352 audivissent,’
741 1320 920 1355 auditumque
942 1322 1061 1356 respuis-

275 1364 442 1398 sent,etnisi
461 1365 562 1399 reliqua
579 1373 640 1399 qua:
661 1366 688 1392 in
701 1366 795 1393 eadem
822 1366 963 1401 prophetia
973 1367 1060 1394 ccnti-

276 1415 385 1442 nentur,
402 1414 461 1444 post
479 1415 599 1444 tempora
616 1410 680 1438 Iesu
691 1410 840 1439 Salvatoris
855 1412 942 1439 nostri
957 1413 1059 1440 exitum

276 1456 372 1483 sortita
386 1463 447 1483 esse
464 1455 685 1489 ostenderentur,
703 1464 769 1484 sane
784 1465 837 1484 non
849 1457 907 1492 ipse
923 1462 995 1485 esset
1014 1459 1061 1485 ha-

275 1501 397 1531 bendus.
418 1509 498 1536 quem
515 1502 652 1536 prophetae
676 1502 839 1537 intelligunt.
859 1503 911 1530 Sed
927 1504 948 1531 si
961 1505 1059 1536 cuivis,

276 1549 317 1576 vel
332 1556 414 1579 caeco,
438 1553 467 1574 ut
490 1548 577 1579 aiunt,
598 1549 742 1583 perspicua
771 1550 943 1577 oraculorum
964 1556 1060 1578 eventa

275 1593 423 1625 exsistunt,
439 1601 500 1628 qua:
524 1593 633 1627 quidem
649 1602 702 1620 non
724 1594 792 1622 alias
816 1603 896 1630 qualn
920 1599 981 1631 post
993 1601 1061 1622 tem-

275 1647 341 1673 pora
357 1639 490 1667 adventus
519 1641 593 1668 illius
611 1641 744 1675 completa
772 1646 846 1672 sunt,
865 1642 929 1676 quid
945 1644 1061 1677 amplius

274 1694 344 1721 opus
355 1692 397 1714 est
408 1687 442 1714 de
464 1687 537 1714 illius
554 1691 616 1714 ortu
631 1695 663 1714 ex
680 1687 791 1722 Virgine
805 1688 940 1720 dubitare,
955 1696 986 1715 ac
1007 1682 1060 1716 non

274 1733 365 1767 potius
390 1733 507 1768 benigna
532 1733 649 1768 quadam
665 1734 876 1761 ratiocinatione
896 1742 929 1762 ex
946 1735 978 1762 iis
1000 1743 1061 1770 quas

274 1778 364 1805 adhuc
377 1783 539 1810 cernuntur,
563 1786 653 1806 rerum
676 1786 784 1813 quoque
800 1779 920 1813 ipsarum
937 1780 1014 1806 initio
1030 1780 1061 1807 ii-

274 1824 334 1851 dem
354 1823 460 1850 faccre?
473 1823 535 1850 llaec
548 1831 613 1850 vero
628 1825 685 1858 ipsa
714 1831 774 1858 qua:
793 1824 882 1851 adhuc
897 1830 1059 1858 cernuntur,

274 1876 334 1903 qua:
348 1869 456 1895 tandem
470 1874 548 1899 sunt,
566 1869 618 1895 nisi
633 1867 788 1895 .lmhcorum
805 1870 830 1895 in
847 1869 921 1896 illum
931 1870 1061 1897 incredu-

274 1914 338 1941 litas
355 1913 425 1949 (qua:
440 1914 599 1948 planissime
625 1914 775 1941 secundum
802 1915 890 1948 ipsum
918 1916 1059 1943 oraculum

275 1960 439 1995 completur,
456 1960 528 1995 quod
555 1960 610 1987 ait:
630 1971 639 1985 ι
655 1960 754 1987 Auditu
777 1961 893 1988 audietis
906 1965 934 1988 et
948 1970 1001 1989 non
1017 1963 1059 1989 in-

275 2006 413 2040 telligetis,
426 2010 451 2033 et
467 2006 603 2033 intuentes
612 2006 795 2037 intuehimini.
808 2012 833 2034 et
851 2015 906 2034 non
916 2008 1058 2036 videbitis:

274 2059 399 2079 crassum
428 2052 500 2079 enim
526 2051 625 2079 factum
651 2057 692 2079 cst
707 2060 754 2080 cor
780 2053 872 2088 populi
890 2054 970 2088 hujus
981 2055 1015 2087 ι),
1032 2059 1059 2081 et

275 2098 362 2133 ipsius
387 2097 537 2125 Jerusalem
552 2098 669 2129 obsidio,
686 2102 713 2124 et
726 2098 810 2132 prisci
822 2099 895 2126 illius
910 2100 1058 2127 sanctuarii

274 2148 395 2172 extrema
413 2144 543 2177 solitudo,
559 2149 585 2172 et
597 2147 769 2172 externarum
781 2145 913 2179 gentium,
931 2153 991 2179 quae
1007 2146 1058 2172 sti-

275 2190 368 2221 mulis,
385 2189 438 2217 hoc
464 2193 506 2217 est
520 2190 706 2225 asperioribus
720 2190 851 2225 imperiis,
871 2191 945 2225 ipsos
958 2191 984 2217 in
1001 2199 1058 2217 ser-

1079 897 1099 924 Β

274 2236 388 2263 vitutem
405 2235 540 2270 redigunt,
556 2236 583 2262 in
596 2236 717 2270 ipsorum
733 2241 804 2262 terra
824 2236 964 2267 habitatio,
976 2236 1058 2271 328
1074 2254 1096 2281 Β

275 2281 339 2316 (hoc
366 2281 438 2308 enim
466 2281 655 2315 signiﬁcabant
679 2290 833 2309 muscarum
867 2286 947 2316 atque
977 2290 1057 2316 apum

273 2326 418 2361 exempla).
433 2330 460 2353 et
471 2326 588 2361 denique
604 2326 724 2361 ipsarum
741 2328 862 2362 gentium
873 2335 888 2353 a
906 2327 996 2361 priore
1014 2336 1058 2355 so-

274 2372 388 2399 litudine
403 2372 436 2399 ad
452 2372 586 2399 culturam
599 2372 748 2399 secundum
764 2372 847 2400 Dcum
865 2374 1059 2400 commutatio?

275 2417 338 2444 Haa'c
363 2417 445 2453 igitur
458 2425 519 2452 quae
538 2417 627 2445 oculis
641 2422 801 2448 cernuntur,
818 2418 879 2453 quis
895 2426 948 2445 non
970 2419 1057 2446 admi—

275 2467 350 2490 retur
359 2470 439 2499 atque
447 2462 632 2496 Obstupescat?
645 2463 712 2496 Quis
738 2471 819 2499 porro
833 2472 886 2491 non
912 2472 973 2492 vere
990 2465 1059 2492 divi~

273 2516 338 2535 num
365 2508 480 2535 fateatur
496 2508 676 2535 vaticinium?
703 2517 764 2536 cum
781 2509 872 2536 audiat
899 2513 962 2536 ante
986 2513 1058 2536 totos

274 2554 346 2580 mille
363 2561 449 2581 annos
476 2554 548 2588 apud
572 2554 691 2589 majores
715 2555 811 2582 haicin
837 2555 913 2582 libris
937 2555 1058 2590 ipsorum

274 2599 407 2626 contineri
426 2603 453 2626 et
466 2600 580 2632 versari,
596 2608 656 2635 qute
666 2605 756 2628 tamen
768 2609 822 2628 non
842 2601 909 2628 alias
927 2601 959 2627 ad
979 2601 1057 2628 ﬁnem

274 2645 456 2678 pervenerint,
472 2653 553 2680 quam
565 2650 626 2681 post
637 2645 787 2673 Salvatoris
798 2647 884 2673 nostri
895 2646 1059 2674 adventum?

275 2690 350 2723 Quod
365 2691 389 2718 si
406 2692 574 2720 admirabilis
596 2697 638 2719 est
663 2693 813 2727 prazdictio,
827 2693 946 2728 itemque
972 2694 1057 2720 admi-

275 2735 387 2763 rabilior
417 2741 444 2764 et
472 2745 553 2772 supra
580 2746 687 2765 omnem
714 2739 846 2766 rationem
859 2740 944 2774 ipsius
961 2738 1057 2773 praedi~

275 2780 375 2807 ctionis
391 2786 514 2813 eventus,
529 2782 594 2817 quid
625 2783 742 2818 amplius
767 2783 892 2810 dubitare
914 2792 983 2819 opus
1003 2788 1055 2815 est.

276 2828 364 2851 utrum
387 2825 491 2859 primus
520 2827 579 2862 ejus
605 2828 639 2854 de
669 2836 723 2862 quo
745 2828 884 2863 prophetae
908 2830 1057 2863 loquuntur

276 2876 414 2903 accessus,
440 2872 627 2900 admirabilem
654 2878 679 2900 et
701 2882 784 2909 supra
810 2882 919 2902 omnem
936 2875 1055 2902 hominis

1116 267 1190 299 στοῦ,
1206 268 1242 304 μὴ
1254 269 1390 295 πέπαυται
1405 268 1600 303 βασιλευομένη
1617 269 1634 304 ἡ
1649 268 1702 295 τῶν
1715 269 1902 305 Δαμασκηνῶν

1115 314 1184 349 ἀρχὴ
1195 315 1242 340 καὶ
1253 314 1306 340 τῶν
1314 314 1455 346 Ἰουδαίων,
1466 316 1511 341 καὶ
1520 317 1544 341 εί
1553 316 1590 351 μὴ
1603 317 1632 342 ὲν
1638 316 1730 350 ὕψεσιν
1740 317 1804 352 ἡμῖν
1811 316 1903 348 αὐτοῖς

1114 360 1162 386 νῦν
1186 360 1327 396 Θεωρειῖται
1344 361 1578 396 καταλελειμμένη
1592 363 1637 388 ὑπ’
1659 362 1748 389 αὐτῶν
1762 363 1778 398 ή
1799 363 1845 398 γῆ,
1857 365 1904 390 καὶ

1114 407 1158 432 ὑπ’
1169 406 1253 432 ἐθνῶν
1262 406 1416 441 ἀλλοφύλων
1429 408 1474 434 καὶ
1484 407 1682 444 εἰδωλολατρᾶΝ
1693 410 1901 445 κατοικουμένη·

1114 452 1240 487 καὶπρὸς
1255 452 1360 483 τούτοις
1374 454 1398 478 εί
1417 453 1453 488 μὴ
1466 453 1575 487 γέγονεν
1593 455 1633 486 είς
1648 455 1743 490 χέρσον
1759 456 1805 482 καὶ
1821 456 1903 483 ἀκαν-

1115 497 1164 524 θαν
1179 498 1252 524 πᾶσα
1273 499 1289 533 ἡ
1317 498 1400 525 πάλαι
1417 500 1579 535 σεμνοτάτη.
1598 500 1679 527 αὐτοῦ
1701 501 1733 536 δὴ
1753 501 1800 528 τοῦ
1828 503 1903 537 ίεροῦ

1114 542 1202 569 αὺτῶν
1213 544 1380 578 ἁγιάσματος
1391 544 1459 580 ὥρα,
1472 545 1518 571 καὶ
1532 546 1556 571 εἱ
1571 546 1608 581 μὴ
1621 546 1820 583 εἰδωλολάτραι,
1834 548 1903 575 ἀκά-

1114 595 1208 630 θαρτοι
1224 596 1328 631 ἄνδρες,
1343 597 1370 623 οἵ
1380 606 1408 624 τε
1426 598 1549 633 πολέμιοι
1564 599 1652 626 αὐτῶν
1667 600 1737 627 κατὰ
1750 600 1842 635 βέλους
1854 603 1901 628 καὶ

1113 641 1279 677 τοξεύματος
1291 643 1459 676 ἐπελθόντες,
1470 645 1515 670 ὑπ’
1531 645 1612 671 αὑτοῦ
1622 655 1653 680 γε
1665 646 1710 672 τοῦ
1723 647 1823 683 Κυρίου
1835 656 1902 683 παρ-

1113 688 1278 723 ορμηθέντες
1296 690 1328 715 ὲκ
1354 690 1403 725 τῆς
1427 690 1577 727 ἀλλοδαπῆς
1598 691 1767 727 ἐληλύθασιν,
1783 695 1887 721 ἀνεπαύ

1115 734 1195 760 σαντό
1203 743 1231 760 τε
1245 736 1272 760 ὲν
1280 736 1339 766 ταῖς
1350 735 1452 770 χώραις
1462 737 1550 763 αὐτῶν
1565 737 1651 764 πάντα
1659 739 1740 765 τόπον
1750 740 1796 766 καὶ
1812 741 1901 772 πάσας

1112 779 1161 811 τὰς
1185 780 1274 811 πόλεις
1294 781 1382 808 αὐτῶν
1408 781 1651 818 ἱδιοποιησάμενοι·
1667 784 1713 811 καὶ
1731 784 1857 820 ἔμπαλιν,
1875 787 1900 812 ει

1115 825 1152 861 μὴ
1163 826 1215 852 dm
1231 826 1329 862 χέρσου
1343 827 1389 853 καὶ
1405 828 1524 864 ἀκάνθης
1539 829 1588 863 τῆς
1604 831 1667 865 πρὶν
1687 831 1841 866 ἀγεωργίας
1857 832 1901 859 διὰ

1113 872 1162 907 τῆς
1190 872 1236 898 τοῦ
1260 874 1385 909 Σωτῆρος
1411 875 1489 910 ἡμῶν
1514 875 1686 908 διδασκαλίας
1715 877 1899 912 μεταϐαλόντα

1115 919 1202 945 πάντα
1219 919 1251 945 τὰ
1272 921 1312 951 εις
1334 921 1414 947 αὑτὸν
1436 923 1637 949 πεπιστευκότα
1660 923 1723 958 ἔθνη
1738 924 1786 960 τὴν
1800 925 1899 961 εὐσεϐῆ

1115 966 1160 991 καὶ
1179 965 1249 991 κατὰ
1270 965 1335 992 Θεὸν
1357 966 1467 1002 λογικὴν
1484 967 1617 1003 ἀπείληφε
1637 970 1839 1005 καρποφορίαν·
1853 971 1900 998 καὶ

1114 1011 1159 1036 ἐπὶ
1172 1011 1285 1043 τούτοις,
1302 1013 1325 1038 εί
1343 1012 1380 1048 μὴ
1395 1012 1542 1048 ὀφθαλμοῖς
1556 1014 1600 1039 τὸν
1614 1015 1730 1050 Χριστὸν
1743 1015 1841 1048 ἰδόντες
1849 1017 1900 1043 οὐκ

1115 1058 1288 1089 ἐπίστευσαν,
1301 1059 1346 1085 καὶ
1362 1058 1532 1091 διδάσκοντος
1548 1060 1713 1093 ἀκούσαντες
1725 1063 1749 1088 εί
1773 1062 1810 1098 μὴ
1830 1072 1900 1099 παρ-

1115 1105 1242 1139 ήκουσαν.
1264 1105 1310 1130 καὶ
1333 1106 1356 1131 εί
1378 1105 1414 1140 μὴ
1433 1105 1467 1132 τὰ
1482 1105 1562 1133 λοιπὰ
1580 1107 1629 1142 τῆς
1642 1109 1808 1144 προφητείας
1819 1110 1901 1146 ἐναρ-

1114 1148 1231 1182 γέστατα
1245 1149 1336 1180 τέλους
1351 1150 1466 1184 τυχόντα
1485 1151 1538 1177 ἀπὸ
1552 1151 1605 1178 τῶν
1620 1153 1722 1188 χρόνων
1745 1154 1829 1189 Ἰησοῦ
1851 1155 1898 1181 τοῦ

1115 1193 1239 1228 Σωτῆρος
1250 1194 1327 1228 ἡμῶν
1340 1194 1486 1228 δείκνυται,
1502 1197 1551 1223 οὐκ
1565 1197 1598 1224 ἂν
1612 1198 1655 1233 εἴη
1673 1199 1752 1231 αὐτὸς
1767 1201 1781 1226 ὁ
1794 1208 1897 1236 προφη-

1113 1239 1264 1273 τευόμενος.
1287 1240 1317 1266 El
1338 1240 1366 1267 δὲ
1385 1242 1431 1268 καὶ
1450 1243 1552 1278 τυφλῷ,
1569 1243 1606 1276 ὦς
1624 1253 1700 1279 φασι,
1713 1245 1779 1281 δῆλα
1792 1246 1827 1273 τά
1844 1246 1897 1272 τῶν

1114 1289 1199 1323 λόγων
1219 1291 1432 1328 ἀποτελέσματα,
1449 1295 1498 1320 οὐκ
1512 1295 1604 1322 ἄλλοτε
1619 1296 1635 1330 ἢ
1655 1297 1708 1323 ἀπὸ
1724 1297 1778 1324 τῶν
1795 1298 1898 1334 χρόνων

1113 1336 1162 1370 τῆς
1183 1337 1342 1370 ἐπιφανείας
1362 1339 1444 1365 αὑτοῦ
1462 1341 1673 1377 πεπληρωμένα,
1688 1344 1714 1369 τί
1730 1344 1782 1379 χρὴ
1804 1344 1898 1372 λοιπὸν

1114 1382 1160 1407 καὶ
1171 1382 1234 1418 περὶ
1247 1382 1296 1417 τῆς
1307 1384 1337 1409 ἐκ
1351 1385 1485 1420 Παρθένου
1497 1386 1629 1420 γενέσεως
1645 1388 1727 1414 αὐτοῦ
1741 1387 1898 1424 ἀμφιϐόλως

1114 1426 1195 1462 ἔχειν,
1208 1427 1266 1463 οὐχὶ
1280 1429 1308 1455 δὲ
1321 1429 1470 1465 εὐγνώμονι
1484 1431 1604 1467 λογισμῷ
1617 1433 1671 1459 ἀπὸ
1686 1434 1740 1460 τῶν
1756 1435 1838 1462 είσέτι
1849 1435 1898 1462 νῦν

1113 1473 1258 1507 ὁρωμένων
1269 1475 1314 1500 καὶ
1325 1475 1374 1510 τὴν
1391 1477 1528 1512 καταρχὴν
1540 1477 1593 1504 τῶν
1609 1480 1777 1514 πραγμάτων
1791 1480 1899 1508 πιστοῦ-

1115 1518 1193 1551 σθαι;
1219 1519 1344 1555 ὁρώμενα
1368 1521 1396 1547 δὲ
1413 1523 1495 1549 εἰσέτι
1517 1522 1565 1549 νῦν
1585 1524 1645 1551 τίνα
1666 1524 1753 1562 ᾶνείη
1769 1526 1825 1553 ἀλλ’
1843 1527 1861 1562 ἢ
1880 1528 1897 1562 ὴ

1075 1577 1095 1605 c
1120 1563 1251 1590 Ἰουδαίων
1266 1567 1306 1597 εἰς
1317 1566 1397 1593 αὐτὴν
1411 1568 1533 1600 ἀπιστία,
1547 1570 1680 1605 (ἐναργῶς
1691 1572 1760 1598 κατὰ
1775 1573 1819 1599 τὸν
1832 1582 1899 1609 χρη-

1113 1609 1180 1644 σμὺν
1187 1608 1360 1645 πληρουμένη
1371 1611 1415 1637 τὸν
1426 1613 1573 1646 φάσκοντα’
1586 1624 1594 1639 ι
1607 1615 1685 1651 Ἀκοῇ
1699 1608 1838 1649 ἀκούσετες
1851 1608 1899 1645 καὶ

1111 1655 1141 1681 οὺ
1167 1655 1204 1690 μὴ
1230 1656 1336 1690 συνῆτε,
1353 1658 1400 1684 καὶ
1425 1658 1568 1692 βλέποντες
1595 1660 1715 1695 βλέψετε,
1740 1663 1786 1689 καὶ
1811 1663 1841 1690 οὐ
1859 1665 1899 1699 μὴ

1112 1701 1198 1736 ἴδητε·
1217 1703 1354 1738 ἐπαχύνθη
1379 1704 1462 1740 γὰρὴ
1481 1707 1577 1741 καρδία
1597 1707 1644 1733 τοῦ
1658 1708 1723 1735 λαοῦ
1745 1709 1870 1736 τούτου-ι
1887 1711 1897 1746 )

1111 1747 1185 1782 καὶὴ
1205 1748 1345 1783 πολιορκία
1361 1749 1410 1784 τῆς
1428 1750 1612 1787 Ἰερουσαλὴμ,
1626 1755 1672 1780 καὶ
1690 1754 1736 1780 τοῦ
1753 1755 1836 1782 πάλαι
1847 1757 1897 1782 αὑ.

1109 1794 1163 1820 τῶν
1178 1793 1344 1829 ἀγιάσματος
1359 1796 1376 1830 ἡ
1394 1796 1526 1832 παντελὴς
1539 1799 1687 1834 ἐρήμωσις,
1703 1800 1757 1827 τῶν
1773 1809 1802 1827 τε
1817 1801 1897 1828 ἀλλο-

1110 1840 1199 1873 φύλων
1218 1839 1301 1867 ἐθνῶν
1314 1842 1360 1867 ἐπὶ
1375 1842 1423 1877 τῆς
1439 1842 1530 1878 χώρας
1542 1844 1630 1871 αὐτῶν
1647 1846 1814 1882 κατοίκησις,
1828 1849 1898 1883 μετὰ

1110 1884 1228 1920 κέντρων
1244 1886 1351 1919 αὐτοὺς,
1363 1887 1435 1913 τοῦτ’
1453 1888 1509 1914 ἐστι
1520 1890 1591 1924 μετὰ
1606 1891 1729 1927 σκληρῶν
1742 1893 1898 1929 ἐπιταγμά-

1109 1939 1173 1961 των,
1187 1931 1455 1967 καταδουλουμένων,
1471 1933 1560 1968 (τοῦτο
1575 1935 1628 1970 γὰρ
1639 1936 1731 1971 ἐδήλου
1741 1938 1794 1964 τῶν
1810 1938 1898 1973 μυιῶν

1109 1975 1155 2001 καὶ
1171 1975 1302 2010 μελιττῶν
1313 1977 1346 2003 τὰ
1358 1978 1565 2013 παραδείγματα
1575 1980 1593 2014 ·)
1606 1980 1651 2006 καὶ
1664 1981 1709 2007 ἐπὶ
1722 1983 1804 2009 πᾶσιν
1814 1983 1831 2018 ή
1843 1982 1897 2009 τῶν

1110 2020 1193 2047 ἐθνῶν
1210 2022 1264 2048 ἀπὸ
1279 2023 1326 2057 τῆς
1341 2024 1475 2060 προτέρας
1492 2026 1608 2060 ἐρημίας
1626 2028 1665 2058 είς
1678 2027 1727 2062 τὴν
1746 2028 1816 2054 κατὰ
1830 2028 1897 2055 θεὸν

1108 2067 1244 2102 γεωργίαν
1270 2069 1419 2104 μεταϐολή;
1434 2070 1524 2097 Ταῦτα
1540 2071 1571 2106 δὴ
1597 2070 1642 2098 οὖν
1664 2073 1810 2108 ὀφθαλμοῖς
1827 2073 1898 2110 ὀρώ-

1111 2121 1178 2148 μενα
1192 2114 1233 2145 τίς
1240 2115 1288 2140 οὐκ
1304 2114 1336 2140 ἂν
1347 2116 1495 2152 ἐκπλαγείη
1512 2116 1668 2152 Θαυμάσας
1686 2119 1728 2150 τίς
1737 2119 1766 2145 δὲ
1777 2119 1808 2146 οὐ
1820 2119 1897 2147 θείαν

1109 2158 1146 2190 ὡς
1160 2159 1265 2194 ἀληθῶς
1287 2160 1474 2196 ὁμολογήσειεν
1494 2163 1526 2189 ἂν
1542 2163 1590 2198 τὴν
1612 2165 1772 2200 πρόρρησιν,
1790 2165 1897 2192 ἀκούων

1110 2205 1210 2231 ἄνωθεν
1225 2205 1277 2241 πρὸ
1298 2206 1389 2241 χιλίων
1411 2207 1478 2233 ὅλων
1488 2208 1555 2234 ἐτῶν
1571 2209 1598 2234 ἐν
1614 2209 1713 2244 βίϐλοις
1728 2209 1896 2245 ἀποκείμενα

1109 2256 1195 2282 ταῦτα
1216 2257 1262 2282 καὶ
1290 2257 1476 2292 μελετώμενα,
1502 2259 1532 2285 οὺ
1558 2259 1609 2294 μὴν
1634 2260 1727 2286 ἄλλοτε
1755 2261 1795 2292 είς
1820 2260 1896 2293 τέλος

1109 2301 1225 2336 ἀχθέντα
1244 2302 1259 2337 ἢ
1277 2303 1344 2337 μετά
1363 2304 1410 2338 τὴν
1424 2304 1470 2330 τοῦ
1489 2305 1615 2340 Σωτῆρος
1629 2307 1707 2340 ἡμῶν
1723 2307 1895 2341 παρουσίανς

1109 2348 1140 2374 Εἰ
1156 2348 1188 2382 δὴ
1199 2346 1245 2374 οὖν
1259 2348 1409 2384 Θαυμάσιος
1422 2351 1438 2385 ἡ
1455 2351 1613 2387 πρόρρησις,
1628 2353 1673 2378 καὶ
1689 2353 1728 2379 ἔτι
1740 2353 1897 2388 θαυμασιω-

1108 2394 1185 2429 τέρα,
1203 2395 1249 2420 καὶ
1260 2395 1328 2431 ὑπὲρ
1344 2397 1431 2423 πάντα
1439 2396 1515 2430 λόγον
1527 2398 1543 2432 ὴ
1556 2397 1606 2432 τῆς
1626 2399 1804 2434 προρρήσεως
1814 2399 1896 2427 ἔκϐα-

1110 2448 1161 2471 σις,
1174 2441 1199 2466 τί
1211 2440 1250 2467 δεῖ
1272 2442 1394 2468 ἀπιστεῖν
1414 2443 1437 2468 εί
1454 2443 1527 2478 καὶὴ
1550 2442 1643 2478 πρώτη
1660 2441 1896 2480 τοῦ’προφητιυοσ

1110 2485 1190 2519 μένου
1208 2486 1323 2520 πάροδος
1340 2487 1488 2522 παράδοξον
1504 2488 1550 2514 καὶ
1563 2488 1633 2524 ὑπὲρ
1648 2490 1737 2516 πᾶσαν
1751 2489 1895 2526 ἀνθρώπου

1109 2531 1189 2565 eum;
1209 2532 1258 2566 τὴν
1277 2532 1325 2567 τῆς
1348 2533 1478 2566 γενέσεως
1503 2535 1653 2570 καταϐολὴν
1673 2535 1790 2571 εἴληχεν,
1815 2537 1896 2564 ὁπότε

1109 2583 1154 2609 καὶ
1170 2583 1185 2617 ή
1201 2582 1254 2609 τῶν
1278 2583 1377 2610 λοιπῶν
1393 2583 1538 2620 θαυμάτων
1563 2587 1679 2622 ἐναργὴς
1695 2587 1765 2622 ὕψις.
1779 2588 1829 2623 οὑχ
1848 2588 1892 2622 ἥτε

1107 2641 1160 2659 των
1174 2631 1251 2664 οὖσα,
1265 2633 1318 2660 ἀπὸ
1332 2634 1381 2669 τῆς
1397 2636 1529 2669 γενέσεως
1543 2636 1625 2663 αὑτοῦ
1645 2637 1766 2671 βιάζεται
1784 2638 1830 2664 καὶ
1845 2638 1896 2673 τὴν

1107 2683 1160 2709 τῶν
1178 2684 1264 2710 ἄλλων
1275 2684 1329 2711 τῶν
1349 2686 1408 2712 κατ’
1426 2686 1508 2712 αὑτὸν
1521 2687 1696 2722 πραχθέντων
1714 2687 1893 2722 ἀποδέχεσθαι

1109 2735 1277 2771 μαρτυρίαν;
1299 2736 1378 2763 Ἀλλὰ
1398 2738 1452 2773 γὰρ
1465 2738 1568 2769 τούτοις
1583 2738 1647 2773 έξῆς
1669 2738 1737 2774 μετὰ
1757 2738 1798 2770 τὸ,
1820 2748 1830 2764 ‹
1847 2739 1893 2771 Et;

1108 2781 1235 2817 βόσκημα
1243 2783 1378 2817 προϐάτου
1391 2785 1437 2810 καὶ
1449 2785 1635 2820 καταπάτημσ.
1645 2784 1715 2819 βοὸς,
1734 2795 1743 2810 ι
1759 2784 1894 2820 συνῆπται

1106 2827 1218 2863 δευτέρα
1241 2836 1282 2858 τις
1306 2828 1455 2864 πρόρρησις
1478 2830 1611 2864 συγγενὴς
1635 2831 1667 2865 τῇ
1686 2829 1894 2866 προτεθειμένῃ.

1107 2876 1244 2911 ἀρχομένη
1258 2876 1310 2902 ἀπὸ
1324 2876 1381 2909 τοῦ,
1399 2886 1408 2901 ‹
1427 2875 1478 2902 Καὶ
1494 2875 1550 2902 εἷπε
1566 2876 1667 2912 Κύριος
1679 2876 1746 2910 πρὸς
1760 2876 1802 2912 μέ·
1820 2875 1894 2904 Δάϐδ
