2089 3218
295 143 345 170 589

639 141 772 169 EUSEBI!
794 140 1035 169 (ZESARIENSIS
1055 141 1129 168 OPP.
1152 141 1242 168 PARS
1258 142 1297 169 ll.
1320 158 1350 161 —
1368 142 1618 171 APOLOGETICA.

1867 148 1919 186 εει)

295 201 327 228 1⁵1.
346 202 378 228 ad
395 201 504 228 verbum
520 201 628 235 quidem
646 202 673 227 in
686 201 783 229 diebus
803 201 894 228 Achaz
910 201 980 236 regis
994 201 1070 232 Juda,

1127 201 1267 237 Αἱσὸητῶς
1285 202 1332 237 μὲν
1354 201 1399 229 οὖν
1412 204 1441 228 ἐν
1462 204 1552 239 ἡμέρᾳ
1566 203 1652 239 ’Λχαζ
1673 204 1803 239 βασιλέως
1824 207 1918 238 Ἰούδα,

293 252 319 273 et
335 247 421 281 ipsius
439 247 575 281 prophetae
591 246 676 277 Isaiae,
692 246 746 273 duo
766 254 843 281 reges
867 254 900 273 ex
916 247 1076 282 composito.

293 301 340 320 eos
352 294 396 328 qui
413 292 637 320 successionihns
655 292 738 320 David
755 293 1077 327 parebant.obsoderunt.

294 339 364 366 sicut
384 339 462 365 etiam
483 339 557 373 prius
577 342 718 365 ostensum
741 343 793 371 est,
823 339 892 366 alter
904 338 1013 373 quidem
1030 339 1079 365 Da-

291 385 376 412 masci
406 385 526 419 gentium
554 385 699 410 simulacra
725 384 896 412 adorantium
924 393 981 414 rex.
1009 386 1077 412 alter

292 439 356 459 vero
368 430 490 458 Judaica:
505 431 689 458 multitudinis
712 432 737 458 in
750 440 781 457 ea
799 431 951 459 Palzestinzzc
967 432 1077 459 civitate

291 485 351 512 qua:
368 482 433 505 tunc
451 479 559 511 quidem
573 478 720 504 vorahatur
746 478 880 506 Samaria.
894 485 967 504 nunc
985 481 1075 504 autem

291 533 306 550 a
320 516 425 551 nostris.
439 524 551 551 Sebasle
568 525 726 550 nominatur
741 533 746 549 :
763 524 844 558 33o
857 524 889 551 de
898 524 1076 558 quibusl)eus

291 578 339 604 per
347 570 504 604 prophetam
517 570 550 596 ad
567 570 658 596 Αιιιιειλ
674 570 739 596 dixit
757 579 763 596 :
785 580 793 594 ι
807 570 844 596 Nc
860 571 968 600 timeas.
988 578 1075 604 neque

290 616 379 642 anima
397 620 441 642 tua
455 615 582 650 langueat
597 624 611 642 a
624 617 730 643 dnohns
751 616 840 650 lignis.
861 623 875 642 a
899 616 1019 643 torribus
1034 616 1076 642 his

291 658 504 694 lumigantihus;
527 669 535 684 ι
561 663 660 686 etcum
689 659 828 686 interitum
854 660 973 686 virorum
1006 668 1074 687 con-

288 704 366 731 tinuo
389 712 478 739 neque
490 705 576 731 multo
602 709 664 739 post
687 705 807 732 futurum
827 705 962 737 dixisset,
996 706 1073 733 dein-

288 758 352 785 ceps
387 756 460 778 canit
491 752 718 786 quemadmodum
748 752 774 778 in
809 753 950 780 nobiscum
986 753 1072 779 futuri

290 796 336 822 hei
361 800 433 827 ortu,
463 797 572 830 penitus
604 797 745 824 amborum
769 798 956 832 exstinguctur
979 799 1073 825 etdis-

288 842 408 869 solvetur
428 850 551 877 regnum.
581 842 756 871 Ostendimus
785 848 875 871 autem
902 845 937 871 ah
961 845 1072 872 historia

287 889 514 923 quemadmodum
528 897 613 924 usque
630 889 664 916 ad
693 895 813 924 tempora
827 890 960 917 adventus
978 892 1072 919 Salva-
1090 880 1109 907 Β

287 935 356 962 toris
370 936 455 963 nostri
485 935 548 963 Jesu
562 935 676 965 Christi.
697 940 843 971 utrumque
863 940 890 963 et
916 936 1070 964 Judaaorum

285 985 313 1006 et
329 980 557 1009 Damascenorum
576 982 756 1016 permanserit
777 990 899 1016 regnum.
924 982 1069 1018 Postquam

287 1034 351 1054 vero
364 1027 408 1054 ille
417 1027 448 1054 ad
464 1035 560 1055 omnes
576 1028 699 1055 homines
711 1028 831 1059 advenit,
843 1029 914 1055 sicut
929 1030 1070 1056 oraculum

287 1073 375 1108 ipsum
388 1074 561 1108 praadixerat,
575 1074 742 1104 defecerunt.
760 1082 816 1109 quo
839 1079 961 1111 tempore
985 1076 1069 1111 impe—

286 1119 357 1146 rium
371 1119 554 1147 Romanorum
565 1128 618 1147 una
630 1129 691 1147 cum
713 1121 862 1149 Salvator-is
883 1122 970 1149 nostri
983 1122 1071 1156 publi-

285 1166 393 1193 catione
409 1166 522 1192 invaluit
535 1174 542 1192 :
554 1171 581 1194 et
596 1167 652 1194 hazc
669 1166 702 1193 ad
716 1167 827 1195 verbum
848 1175 909 1194 cum
925 1168 1071 1195 cecinisset

285 1211 439 1242 oraculum;
460 1212 583 1239 transivit
596 1212 628 1239 ad
643 1220 753 1240 sensum
775 1219 801 1240 et
815 1214 1030 1248 intelligentiam,
1044 1218 1070 1241 et

286 1258 319 1283 ad
350 1258 528 1287 universalem
554 1259 666 1294 majoris
682 1260 795 1294 spiritus
819 1261 846 1287 in
861 1261 1070 1295 contemplath

285 1303 482 1336 expositionem
496 1323 504 1334 ,
521 1308 547 1330 et
562 1310 623 1330 cum
639 1303 708 1331 duos
731 1304 842 1331 ordines
857 1305 974 1332 hostium
990 1309 1070 1340 atque.

285 1347 458 1375 inimicorum
476 1348 665 1380 invisibilium.
691 1349 742 1376 hoc
763 1354 806 1377 est
821 1351 953 1378 malorum
970 1350 1070 1379 dzemo-

286 1402 362 1426 num,
380 1394 555 1425 instituisset.
571 1395 617 1429 qui
628 1403 708 1423 omne
732 1396 870 1423 hominum
887 1405 972 1432 genus
989 1399 1070 1425 variis

286 1440 373 1468 modis
385 1444 552 1475 oppugnant,
568 1448 650 1467 unum
674 1441 782 1475 quidem
799 1451 892 1469 eorum
914 1443 960 1478 qui
979 1447 1005 1470 et
1021 1452 1069 1471 un<

285 1487 366 1521 dique
381 1490 408 1513 et
420 1493 525 1521 semper
542 1486 612 1513 inter
623 1487 745 1514 homines
761 1488 850 1515 cultus
863 1488 1069 1515 simulacrorum

284 1536 311 1559 ct
323 1531 350 1558 in
363 1531 538 1566 opinionibus
565 1531 647 1559 falsas
675 1533 824 1560 sententias
837 1537 968 1567 generant
988 1537 1069 1568 atque

283 1578 411 1611 elliciunt,
426 1578 541 1605 alterum
558 1586 622 1606 vero
649 1586 742 1606 eorum
759 1579 804 1613 qui
830 1580 857 1606 in
874 1580 995 1607 moribus
1008 1581 1067 1607 ani—

284 1632 389 1651 marum
418 1623 596 1658 perditionem
630 1629 712 1659 atquc
741 1625 879 1652 interitum
908 1626 1067 1657 moliuntur,

283 1679 401 1706 cumque
417 1671 520 1698 erroris
543 1672 570 1698 in
603 1671 758 1699 simulacris
785 1671 907 1699 colendis
923 1672 1067 1707 imaginem

284 1717 354 1745 ferre
370 1717 534 1745 ostendisset
548 1725 609 1745 eum
624 1718 670 1752 qui
697 1717 820 1745 Damasci
836 1718 992 1752 imperaret,
1009 1718 1069 1753 ejus

283 1770 348 1789 vero
365 1770 412 1797 per
425 1770 505 1798 quem
518 1763 641 1791 homines
655 1770 670 1789 a
686 1763 847 1798 temperanti
863 1771 984 1798 sanoque
996 1764 1067 1790 victu

282 1809 465 1840 deducuntur.
495 1809 606 1844 ﬁguram
621 1817 693 1841 esse,
709 1816 770 1836 cum
787 1809 832 1844 qni
851 1808 998 1836 Samarizez
1015 1817 1067 1836 non

282 1857 359 1890 prius
381 1856 418 1883 ait
443 1859 542 1883 terram
567 1856 601 1882 ab
627 1856 702 1884 hisce
732 1855 897 1883 liberandam
914 1856 964 1891 (sic
976 1857 1068 1891 utique

283 1909 384 1929 vocans
395 1902 519 1929 homines
535 1902 561 1929 in
581 1905 654 1929 terra
674 1902 838 1937 habitantes)
854 1909 934 1936 quam
954 1902 980 1929 in
996 1908 1067 1930 terra

282 1947 470 1981 conspiciatur
494 1946 657 1977 Emmanuel
686 1947 778 1974 Deus:
794 1948 839 1975 ubi
867 1953 955 1975 autem
978 1948 1022 1975 hic
1036 1949 1067 1975 il-

283 1993 393 2023 luxerit.
409 1998 436 2020 et
452 1993 479 2019 in
505 1993 623 2020 hominis
640 1993 730 2020 anima
747 1995 913 2029 regnaverit.
932 1995 1066 2022 neminem

283 2039 396 2073 posthac
407 2038 610 2073 superfuturum
623 2046 718 2066 eorum
727 2040 773 2075 qui
784 2043 862 2066 antea
877 2040 964 2075 ipsum
979 2040 1067 2074 possi-

281 2085 392 2112 debant.
410 2084 457 2111 Sic
473 2092 539 2112 sane
554 2085 636 2112 etiam
649 2085 700 2112 hoc
713 2085 740 2112 in
763 2086 824 2113 loco
840 2086 942 2113 dictum
958 2093 1019 2123 esse
1036 2086 1068 2112 il-

283 2131 340 2162 lud,
365 2140 375 2157 ι
387 2131 504 2166 accipiet
523 2136 683 2166 potestatem
706 2131 842 2163 Damasci.
859 2135 886 2159 et
911 2132 998 2167 spolia
1017 2132 1067 2159 Sa-

282 2178 385 2209 marize,
399 2187 408 2204 ι
425 2181 517 2212 utpote
532 2184 593 2204 cum
607 2176 755 2204 Salvatoris
768 2178 855 2205 nostri
880 2177 945 2204 Jesu
964 2177 1066 2205 Christi

1132 248 1178 274 καὶ
1191 247 1250 273 κατ’
1266 247 1345 273 αὐτον
1366 248 1476 274 ἰῐσαῖαν
1488 249 1533 275 τὸν
1545 251 1695 285 προφήτην,
1704 251 1750 277 δύο
1760 252 1877 286 βασιλεῖς
1888 255 1919 279 ἐκ

1132 292 1268 328 συνθήκης
1279 294 1339 324 τοὺς
1348 293 1399 319 ὑπὸ
1407 294 1461 324 τοῖς
1467 294 1598 329 διαδόχοις
1608 295 1687 321 Δαοῖδ
1697 295 1918 331 βασιλευομένους

1131 339 1314 374 ἐπολιόρκουν.
1331 339 1367 369 ὡς
1383 339 1432 374 ἤδη
1453 339 1583 374 πρότερον
1600 340 1756 375 δεδήλωται,
1772 342 1785 367 ὁ
1803 342 1854 376 μὲν
1873 343 1919 368 ἐπὶ

1131 385 1178 419 τῆς
1195 384 1340 420 Δαμασκοῦ
1359 385 1412 411 τῶν
1429 385 1626 420 εἰδωλολατρῶν
1646 385 1731 412 ἐθνῶν
1754 387 1890 421 βασιλεὺς,
1905 389 1919 413 ὸ

1129 430 1157 456 δὲ
1173 431 1218 457 τοῦ
1236 430 1353 466 πλήθους
1378 430 1431 457 τῶν
1449 430 1583 457 Ἰουδαίων
1600 432 1627 457 ἐν
1651 433 1683 467 τῇ
1702 432 1855 468 καλουμένῃ
1867 433 1919 459 Σα-

1133 478 1232 513 μαρείᾳ
1247 477 1322 503 πόλει
1338 477 1387 510 τῆς
1407 477 1598 512 Παλαιστίνης,
1614 478 1646 513 ἢν
1661 478 1798 514 Σεϐαστὴν
1813 480 1837 505 οἱ
1857 479 1917 506 καθ’

1130 523 1203 557 ἡμᾶς
1218 523 1393 557 ὀνομάζουσι’
1410 524 1472 557 περὶ
1491 520 1528 548 ὧν
1545 524 1559 549 ὁ
1571 523 1636 554 Θεὸς
1656 524 1700 550 διὰ
1716 524 1763 550 τοῦ
1779 525 1917 560 προφήτου

1129 568 1166 602 τῷ
1179 568 1264 603 Ἀχαζ
1278 567 1336 594 εἶπε
1350 577 1354 582 ·
1379 578 1387 593 ‹
1405 568 1449 604 Μὴ
1467 569 1560 603 φοϐοῦ,
1581 570 1646 605 μηδὲ
1661 571 1677 604 ἡ
1692 571 1763 605 ψυχή
1780 579 1826 597 σου
1842 571 1918 597 ἀσθε-

1128 615 1207 640 νεξτω
1228 615 1281 641 ἀπὸ
1300 615 1353 641 τῶν
1370 615 1415 641 δύο
1435 614 1530 647 ξύλων,
1547 615 1600 641 τῶν
1617 615 1702 642 διπλῶν
1716 616 1771 642 τῶν
1789 616 1917 648 καπνιζο-

1129 661 1216 695 μένων
1235 661 1354 687 τούτων·
1382 671 1390 686 ι
1410 662 1456 687 καὶ
1471 662 1520 696 τὴν
1535 661 1670 688 ἀπώλειάν
1692 671 1722 696 γε
1746 662 1800 688 τῶν
1813 662 1917 699 ἀνδρῶν

1127 707 1224 733 αὐτίκα
1239 707 1310 742 μάλα
1321 708 1367 733 καὶ
1379 707 1427 733 οὐκ
1441 709 1480 739 εἰς
1499 708 1605 743 μακρὰν
1621 708 1728 734 ἔσεσθαι
1748 707 1841 737 εἰπὼν.
1854 709 1917 744 ἑξῆς

1127 752 1302 787 προφητεύει,
1318 753 1354 784 ὡς
1369 754 1413 779 ἐπὶ
1426 755 1457 788 τῇ
1474 753 1520 779 τοῦ
1540 753 1598 788 μεθ’
1613 753 1691 788 ἡμῶν
1706 754 1835 788 ἐσομένου
1848 753 1915 780 Θεοῦ

1126 800 1230 833 γενέσει
1250 800 1364 835 πάμπαν
1388 801 1548 836 ἁμςοτέρων
1571 800 1746 835 σῦεςοήσεται
1761 800 1807 826 καὶ
1830 808 1915 826 κατα-

1126 845 1294 881 λυθήσεται-ἡ
1310 846 1440 881 βασιλεία.
1455 847 1602 881 Δείκνυμεν
1617 847 1644 872 δὲ
1655 846 1709 872 ἀπὸ
1719 846 1767 881 τῆς
1783 847 1913 882 ἱστορίας,

1125 892 1162 922 ὡς
1177 893 1256 927 μέχρι
1272 893 1324 918 τῶν
1338 893 1440 928 χρόνων
1453 894 1500 928 τῆς
1513 893 1560 918 τοῦ
1581 892 1704 928 Σωτῆρος
1727 892 1804 927 ἡμῶν
1825 891 1914 926 Ἰησοῦ

1125 937 1171 963 τοῦ
1184 938 1300 972 Χριστοῦ
1320 938 1480 973 παρουσίας,
1493 938 1719 974 ὀιαμεμένηκενῆ
1736 946 1764 963 τε
1780 937 1834 964 τῶν
1849 938 1915 964 Ἰου-

1124 983 1204 1010 δαίων
1221 985 1267 1010 καὶ
1291 984 1477 1020 Δαμασκηνῶν
1499 984 1630 1018 βασιλεία.
1654 984 1729 1010 Μετὰ
1745 984 1772 1010 δὲ
1800 984 1851 1019 τὴν
1873 985 1912 1014 εἰς

1125 1030 1227 1061 πάντας
1244 1030 1402 1065 ἀνθρώπους
1424 1031 1581 1064 ἐπιφάνειαν
1597 1030 1689 1063 αὑτοῦ,
1710 1030 1863 1062 ἀκολούθως
1878 1031 1911 1064 τῇ

1126 1076 1274 1111 προρρήσει
1303 1075 1497 1106 διαλελοίπασι,
1516 1075 1565 1110 τῆς
1591 1075 1735 1110 Ῥωμαίων
1766 1075 1913 1111 μοναρχίας

1124 1122 1346 1157 ὲπικρατησάσης
1358 1122 1405 1148 σὺν
1415 1122 1453 1156 τῷ
1461 1122 1507 1148 τοῦ
1519 1121 1644 1156 Σωτῆρος
1656 1122 1671 1156 ὴ
1676 1121 1733 1156 μῶν
1744 1121 1910 1157 κηρύγματι.

1125 1167 1179 1194 Καὶ
1193 1167 1277 1194 ταῦτά
1289 1175 1319 1201 γε
1333 1168 1400 1203 πρὸς
1409 1167 1481 1198 λέξιν
1492 1167 1623 1198 θεσπίσας
1634 1168 1647 1192 ὁ
1655 1167 1742 1200 λόγος,
1755 1166 1911 1202 μετέϐαινεν

1124 1215 1170 1242 ἐπὶ
1184 1215 1232 1250 τὴν
1248 1214 1373 1245 διάνοιαν,
1392 1215 1438 1241 καὶ
1459 1215 1507 1250 τὴν
1520 1214 1634 1241 καθόλου
1652 1214 1911 1250 πνευματικωτέραν

1124 1263 1152 1287 ἐν
1167 1261 1292 1296 θεωρίαις
1311 1261 1451 1287 ἀπόδοσιν·
1475 1261 1697 1296 ὑποστησάμενος
1715 1269 1744 1286 τε
1763 1260 1810 1286 δύο
1829 1261 1910 1295 στίφη

1123 1307 1245 1342 ἀοράτων
1270 1306 1373 1342 ἐχθρῶν
1397 1306 1443 1332 καὶ
1468 1306 1603 1340 πολεμίων
1622 1306 1754 1341 δαιμόνων
1774 1306 1910 1342 πονηρῶν,

1123 1353 1152 1379 ab
1166 1353 1272 1379 πάντων
1292 1351 1442 1388 ἀνθρώπων
1459 1353 1536 1386 γένος
1557 1352 1692 1388 διαφόρως
1711 1352 1908 1388 πολεμούντων,

1123 1398 1151 1424 ἓν
1174 1399 1222 1433 μὲν
1245 1397 1358 1429 τῶντὰς
1371 1399 1399 1424 ὲν
1422 1397 1574 1433 ἀνθρώποις
1596 1398 1778 1434 ἐνεργούντων
1802 1399 1846 1424 ἀεὶ
1862 1399 1910 1425 καὶ

1123 1443 1236 1470 πάντοτε
1249 1443 1478 1478 εζὸωλολατρείας,
1495 1444 1541 1469 καὶ
1554 1443 1601 1474 τὰς
1615 1444 1643 1469 ὲν
1657 1443 1771 1478 δόγμασι
1783 1443 1908 1478 ψευδοδο-

1124 1489 1191 1522 ξίας,
1204 1489 1316 1522 θάτερον
1330 1489 1358 1515 δὲ
1375 1490 1428 1516 τῶν
1446 1490 1475 1515 ὲν
1486 1489 1561 1524 ἤθεσι
1574 1489 1666 1524 ψυχῶν
1679 1488 1825 1524 διαφθορὰν
1841 1497 1910 1516 κατ-

1122 1535 1319 1570 εργαζομένων·
1339 1535 1385 1561 καὶ
1403 1534 1432 1560 τὸ
1452 1534 1499 1569 μὲν
1519 1534 1567 1569 τῆς
1592 1533 1784 1570 εἰδωλολάτρου
1806 1533 1909 1569 πλάνης

1121 1580 1211 1607 εἰκόνα
1228 1580 1320 1616 φέρειν
1334 1579 1486 1612 ἀποδείξας,
1498 1580 1543 1606 τὸν
1561 1580 1677 1615 ἄρχοντα
1690 1580 1740 1614 τῆς
1750 1579 1908 1615 Δαμασκοῦ,

1119 1626 1150 1652 τὸ
1161 1626 1187 1652 δὲ
1202 1626 1256 1652 τῶν
1271 1627 1299 1652 ὲν
1310 1625 1465 1652 ἀποπτώσει
1479 1626 1524 1652 τοῦ
1541 1625 1676 1660 σώφρονος
1688 1626 1734 1652 καὶ
1744 1625 1838 1660 ὑγιοῦς
1850 1625 1908 1660 βίου

1119 1671 1203 1698 τύπον
1221 1670 1299 1702 εἶναι,
1319 1671 1364 1697 τὸν
1386 1672 1435 1706 τῆς
1454 1671 1619 1706 Σαμαρείας.
1634 1671 1662 1697 οὐ
1687 1672 1819 1706 πρότερόν
1842 1680 1909 1706 φησι

1119 1717 1220 1744 τούτων
1242 1717 1478 1753 ἀπαλλαγήσεσθαι
1500 1717 1548 1752 τὴν
1563 1717 1624 1752 γῆν,
1640 1716 1721 1752 (οὕτω
1742 1718 1832 1744 καλῶν
1846 1718 1909 1749 τοὺς

1119 1765 1164 1790 ἐπὶ
1177 1765 1227 1799 γῆς
1241 1763 1433 1795 κατοικοῦντας
1444 1764 1624 1800 ἀνθρώπους,)
1638 1764 1654 1799 ἢ
1670 1764 1785 1799 φανῆναι
1797 1758 1843 1790 ἐπὶ
1856 1763 1909 1798 τῆς

1118 1809 1163 1835 τὸν
1183 1809 1355 1844 Ἐμμανουὴλ
1374 1808 1454 1834 Θεόψ
1472 1809 1565 1835 τούτου
1582 1809 1610 1835 δὲ
1630 1808 1841 1844 ἐπιλάμψαντος.
1861 1808 1909 1834 καὶ

1120 1853 1305 1888 βασιλεύοντος
1322 1853 1465 1890 ἀνθρώπου
1479 1853 1577 1889 ψυχῆς.
1594 1854 1695 1889 μηδένα
1716 1854 1755 1880 ἔτι
1766 1853 1908 1880 λείπεσθαι

1119 1899 1172 1926 τῶν
1183 1900 1264 1926 πάλαι
1287 1900 1525 1936 κατακρατοῦντων
1544 1900 1637 1935 αὐτῆς.
1659 1900 1736 1927 Οὖτω
1752 1900 1783 1935 δὴ
1801 1898 1847 1926 οὖν
1860 1908 1908 1926 και

1119 1946 1209 1972 ἐνθάδε
1227 1946 1289 1981 περὶ
1302 1945 1355 1971 τῶν
1368 1945 1456 1972 αὐτῶν
1473 1945 1596 1980 εἰρῆσθαι
1615 1946 1720 1980 νοήσεις
1739 1944 1779 1975 τὸ,
1795 1954 1803 1969 ι
1818 1943 1908 1980 Λήψε-

1117 2000 1162 2018 ται
1179 1991 1292 2025 δύναμιν
1312 1990 1468 2025 Δαμασκοῦ,
1485 1986 1531 2016 καῖὶ
1556 1990 1590 2016 τὰ
1608 1990 1693 2016 σκῦλα
1714 1990 1879 2027 Σαμαρείας,
1895 2000 1904 2016 ι

1117 2038 1166 2072 τῆς
1182 2037 1228 2063 τοῦ
1246 2037 1371 2072 Σωτῆρος
1381 2035 1460 2071 ἡμῶν
1479 2035 1564 2071 Ίησοῦ
1578 2035 1695 2070 Χριστοῦ
1709 2035 1849 2070 δυνάμεως
1862 2045 1908 2063 κα-

1118 2083 1264 2118 θαιροὺσης
1283 2082 1387 2118 ἀθρόως
1408 2081 1511 2112 πάντας
1528 2081 1590 2112 τοὺς
1609 2081 1741 2116 ἀοράτους
1762 2081 1840 2117 ἡμῶν
1861 2083 1908 2117 ἑχ-

1118 2128 1131 2154 0
1135 2129 1208 2164 ροὺς,
1220 2129 1243 2154 οἳ
1256 2128 1287 2164 δὴ
1299 2127 1380 2154 πάλαι
1392 2127 1522 2162 πρότερον
1529 2128 1587 2157 ταῖς
1597 2127 1808 2162 προειρημέναις
1815 2128 1908 2159 ἀθέοις

1117 2174 1164 2201 καὶ
1181 2173 1356 2200 ἐπιΰλαὸέσιν
1377 2173 1528 2208 ἐνεργείαις
1541 2172 1644 2204 πάντας
1666 2172 1825 2208 ἀνθρώπους
1843 2174 1907 2199 ἐπο-

281 2223 323 2250 vis
351 2222 497 2249 acervatim
519 2229 648 2248 cversura
674 2226 747 2249 esset
771 2226 885 2248 cunctos
914 2221 1064 2249 invisibiles

1121 2221 1248 2256 tt6pxouv.
1263 2220 1317 2246 Καὶ
1341 2219 1407 2254 πρὸς
1428 2218 1498 2251 λέξιν
1510 2218 1538 2244 δὲ
1555 2218 1635 2244 πάλιν
1657 2218 1722 2250 ἴδοις
1735 2219 1768 2246 ἂν
1787 2218 1856 2255 ὁμοῦ

280 2268 361 2296 nobis
386 2268 500 2300 hostes,
515 2268 562 2302 qui
588 2267 751 2301 jampridem
770 2267 823 2298 his.
848 2274 909 2301 qua:
940 2267 1065 2302 superius

279 2312 359 2340 dictae
373 2315 476 2343 sunt,a
491 2310 546 2338 Deo
570 2311 665 2338 alienis
687 2314 715 2339 et
735 2311 825 2338 noxiis
849 2311 1064 2345 operationibus.

280 2359 423 2386 universos
436 2358 560 2385 homines
590 2358 761 2386 occidebant.
777 2357 831 2385 Nec
857 2365 912 2385 non
927 2365 1024 2385 rursus
1042 2359 1064 2385 si

280 2404 313 2431 ad
330 2404 443 2431 verbum
472 2403 671 2438 interpreteris,
696 2403 790 2430 videas
815 2403 942 2439 protinus
956 2403 983 2430 in
1003 2407 1064 2430 ortu

280 2456 362 2487 atque
376 2451 494 2478 adventu
521 2450 670 2478 Salvatoris
700 2451 799 2482 nostri,
825 2450 951 2478 Damasci
969 2453 1065 2485 poten-

279 2498 344 2524 tiam
372 2505 513 2529 eversam,
535 2501 562 2523 et
588 2496 675 2531 spolia
701 2495 833 2523 Samariaa
852 2495 982 2528 sublata,
1013 2495 1064 2522 hoc

279 2548 332 2574 est.
350 2550 444 2570 earum
460 2549 553 2577 regna,
565 2550 626 2577 qua:
641 2549 728 2576 usque.
752 2541 785 2569 ad
812 2546 934 2577 tempora
954 2542 988 2569 de
1002 2542 1064 2576 qui-

279 2589 330 2616 bus
345 2588 448 2616 dictum
459 2593 511 2619 est.
528 2587 700 2618 duraverint.
725 2594 758 2614 ex
775 2587 820 2614 illo
835 2588 869 2615 ad
881 2588 955 2614 hunc
977 2595 1064 2622 usque

279 2635 351 2662 diem
378 2639 411 2661 ut
424 2634 458 2661 ab
480 2635 600 2662 oraculis
618 2634 778 2669 praedictum
799 2638 862 2665 est.
893 2633 1061 2661 defecerunt.

280 2681 357 2716 331
375 2680 491 2714 Quidam
503 2688 568 2708 vero
582 2681 664 2708 etiam
682 2681 761 2708 aliter
788 2680 894 2708 dicunt.
907 2679 999 2715 Magos
1016 2679 1062 2714 qui

281 2727 314 2752 ab
330 2726 440 2754 Oriente
450 2729 593 2758 venerunt,
618 2730 645 2753 et
663 2726 813 2758 Christum,
831 2726 877 2761 qui
890 2733 957 2760 puer
974 2725 1063 2752 adhuc

279 2778 349 2803 erat,
362 2766 554 2805 adora'verunt,
572 2773 623 2801 hos
642 2774 716 2808 ipsos
729 2781 807 2803 esse.
819 2776 981 2808 potestatem
1008 2772 1061 2798 Da-

281 2820 378 2846 masci.
406 2819 487 2847 Potes
515 2822 595 2847 etiam
622 2821 708 2855 magis
727 2822 754 2848 in
784 2821 941 2848 universum
959 2819 1060 2849 dicere.

281 2873 376 2894 omnes
397 2866 552 2901 quicunque
580 2867 694 2894 alienam
724 2874 739 2893 a
761 2866 816 2894 Deo
841 2865 1062 2901 multitudiniqne

1117 2266 1220 2301 γενέσει
1234 2266 1280 2292 καὶ
1297 2264 1442 2300 ἐπιφανείᾳ
1455 2264 1501 2290 τοῦ
1522 2264 1647 2300 Σωτῆρος
1661 2264 1739 2299 ἡμῶν
1760 2265 1809 2300 τὴν
1824 2264 1906 2291 66w.-

1118 2322 1164 2349 μιν
1174 2311 1318 2347 Δαμασκοῦ
1331 2311 1535 2347 καθῃρημένην,
1549 2310 1636 2337 καὶτὰ
1650 2310 1735 2336 σκῦλα
1747 2310 1906 2346 Σαμαρείας

1115 2359 1232 2395 ὴρμένα,
1247 2358 1318 2385 τοῦτ’
1332 2357 1389 2384 ἔστι
1408 2357 1459 2388 τὰς
1483 2356 1618 2391 βασιλείας
1638 2356 1738 2388 αὐτῶν,
1762 2356 1802 2388 αἳ,
1824 2356 1904 2392 μέχρι

1115 2406 1168 2432 τῶν
1180 2405 1350 2440 δηλουμένων
1372 2404 1473 2439 χρόνων
1488 2403 1675 2438 διαρκέσασαι,
1687 2402 1715 2436 ἐξ
1733 2403 1840 2430 ἐκείνου
1858 2405 1904 2431 καὶ

1115 2453 1154 2484 εἰς
1169 2451 1248 2488 δεῦρο
1262 2451 1455 2481 διαλελοίπασι,
1472 2450 1541 2476 κατὰ
1560 2449 1608 2480 τὰς
1632 2448 1705 2481 Θείας
1725 2451 1902 2486 προρρήσες.

1115 2498 1182 2525 Φασὶ
1195 2498 1224 2524 δέ
1241 2506 1311 2529 τινες
1332 2496 1378 2523 καὶ
1400 2496 1487 2528 ἄλλως
1499 2516 1506 2527 ,
1521 2495 1584 2527 τοὺς
1603 2496 1650 2522 ἀπ’
1673 2495 1818 2531 Ἀνατολῆς
1841 2496 1904 2532 ἐλη-

1114 2544 1227 2576 λυθότας
1258 2543 1391 2577 Μάγους,
1431 2543 1479 2568 καὶ
1512 2541 1551 2577 τῷ
1577 2541 1688 2577 Χριστῷ
1717 2542 1816 2576 παιδίῳ
1846 2542 1903 2569 δντι

1115 2589 1388 2627 προσκεκυνηκότας,
1419 2587 1530 2620 τούτους
1555 2585 1624 2614 εἶναι
1653 2587 1702 2623 τὴν
1721 2587 1836 2623 δύναμιν
1851 2590 1904 2615 Δα-

1115 2636 1231 2672 μασκοῦ.
1276 2635 1370 2666 Εῐποις
1400 2633 1423 2660 δ’
1453 2633 1488 2660 ἂν
1523 2633 1737 2669 καθολικώτερον
1752 2653 1759 2664 ,
1798 2633 1904 2666 πάντας

1112 2682 1175 2714 τοὺς
1203 2682 1252 2717 τὴν
1280 2681 1328 2717 μὲν
1347 2679 1425 2708 ἄθεον
1450 2681 1498 2707 καὶ
1526 2679 1655 2706 πολύθεον
1679 2678 1904 2715 εἰδωλολατρειαν

1113 2727 1334 2763 ἀποστραφέντας
1348 2746 1356 2758 ,
1385 2726 1424 2761 τῷ
1453 2726 1482 2752 δὲ
1508 2725 1555 2752 τοῦ
1582 2723 1699 2761 Χριστοῦ
1722 2724 1793 2760 λόγῳ
1817 2733 1903 2752 κατα-

1112 2773 1312 2805 δουλωθέντας,
1352 2772 1469 2807 μάλιστα
1499 2772 1523 2797 εἰ
1552 2770 1659 2797 δυνατοί
1685 2778 1760 2802 τινες
1786 2767 1842 2797 εἷεν
1872 2771 1902 2797 ὲν

1112 2819 1183 2854 λόγῳ
1211 2818 1257 2845 καὶ
1286 2818 1367 2853 σοφίᾳ
1389 2817 1435 2843 τοῦ
1452 2816 1548 2848 αἰῶνος
1571 2816 1682 2846 τούτου,
1706 2816 1806 2848 αὐτοὺς
1830 2814 1901 2844 εἶναι

1112 2864 1174 2896 τοὺς
1186 2863 1399 2900 ὀνομαζομένους
1413 2861 1526 2899 δύναμιν
1538 2861 1693 2898 Δαμασκοῦ.
1721 2861 1800 2888 Κατὰ
1814 2862 1902 2889 ταῦτα
