2089 3218
176 187 226 214 521

636 178 959 212 υΕιίοΝετιιΑτιοΝιε
978 178 1208 213 EVANGELICE
1225 182 1291 213 LIB.
1311 177 1372 213 νη.

1732 184 1785 215 ὗὲξ

170 248 199 276 δὲ
213 247 259 275 καὶ
273 247 307 275 τὰ
324 247 409 274 σκῦλα
423 243 576 283 Σαμαρείας
592 246 698 281 νοήσεις
709 266 716 278 ,
745 246 808 277 τοὺς
831 245 885 273 ἀπὺ
907 245 948 272 τοί

1005 246 1118 273 deorum
1133 246 1268 274 addictam
1285 245 1491 273 simulacrorum
1506 241 1640 274 culturam
1647 250 1790 283 aspernati

176 292 312 320 Ἰουδαίων
340 292 434 325 ἔθνους
460 291 505 318 τοῦ
522 291 645 327 Σωτῆρος
669 291 747 326 ἡμῶν
771 291 895 327 μαθητὰς
909 292 955 318 καὶ

170 339 335 372 ἀποστόλους
346 359 353 371 ,
376 339 423 371 οὓς
446 338 539 375 ὥσπερ
552 340 584 366 ὲκ
601 339 735 374 πολεμίων
755 339 809 366 τῶν
824 339 857 366 ἐκ
878 347 956 375 περι-

169 387 256 422 τομῆς
281 387 342 413 κατ¹
363 385 444 412 αὑτοῦ
470 385 710 421 στρατευσαμένων
735 385 819 412 σκῦλα
843 385 888 419 ὑφ’
904 382 955 412 αύ-

169 433 214 460 τδν
243 432 332 460 λαϐὼν
357 432 385 465 ἐξ
415 432 537 464 ἐναντίας
564 431 718 459 καθώπλισε
745 432 792 459 τοῦ
821 433 874 458 τῶν
897 433 954 459 Ἀσ-

170 478 270 515 συρίων
302 478 449 514 βασιλέως,
477 478 548 505 οὕτω
579 478 660 505 πάλιν
692 478 828 514 τροπικῶς
859 478 953 514 δηλου-

171 525 252 560 μένου
277 524 324 551 τοῦ
348 525 475 560 ἄρχοντος
499 524 544 550 τοῦ
567 524 664 556 αἰῶνος
688 527 792 552 τούτου.
836 524 911 552 Ἐπεὶ
926 526 954 553 δὲ

167 570 199 598 ’τὸ
224 581 233 596 ι
251 571 370 598 ἐναντίον
398 571 529 606 βασιλέως
547 572 704 608 Ἀσσυρίων,
725 582 734 598 ι
750 573 914 608 σαφέστερον
939 573 953 599 ὁ

174 617 289 649 Ἀκύλας
316 617 463 650 ἐξέδωκεν,
480 617 576 649 εἰπὼν,
596 627 606 643 ι
634 619 672 649 εις
697 618 841 653 πρόσωπον
873 617 951 653 βασι-

167 663 236 695 λέως
268 664 426 700 ’Δσσυρίων,
445 674 454 691 ι
471 665 616 700 ἐπίστησον
638 664 742 700 μήποτε
767 665 821 700 ἄρα
850 665 897 691 καὶ
922 665 952 690 ἐν

166 709 270 741 τούτοις
289 709 338 745 τὴν
355 709 496 744 Ῥωμαίων
519 710 605 745 ἀρχὴν
628 710 720 745 δηλοῖ,
750 709 777 736 εί
798 718 829 744 γε
855 718 952 736 κατευ-

166 752 305 786 θύνοντες,
332 754 348 790 ἦ
378 755 604 791 κατευθυνόμενοι
641 755 777 791 Ἀσσύριοι
812 755 950 790 μεθερμη-

165 800 307 832 νεύονται,
344 801 415 828 κατὰ
438 802 471 828 τὰ
499 801 590 837 μικρῷ
619 799 735 838 πρόσθεν
757 801 949 836 ἀποδεδομένα.

171 847 248 874 Ἐπεὶ
276 847 365 874 τοίνυν
389 849 421 883 τῇ
448 848 512 884 περὶ
539 849 584 875 τοῦ
613 848 736 883 Σωτῆρος
763 848 840 884 ήμῶν
864 849 950 884 προρο

166 893 244 928 ῥήσει
279 893 325 920 καὶ
360 893 407 920 νῦν
433 893 448 919 6
476 894 530 921 τῶν
565 894 713 929 Ἀσσυρίων
744 893 950 929 συμπέπλεκται

1008 297 1081 324 sunt,
1094 297 1120 320 et
1136 293 1238 322 Christi
1260 293 1344 321 verbo
1359 293 1464 328 seipsos
1484 293 1654 328 addixerunt,
1674 303 1790 331 praeer-

1007 338 1054 365 tim
1067 338 1089 366 si
1102 338 1128 365 in
1145 338 1230 366 verbo
1253 343 1280 366 et
1298 339 1430 374 sapientia
1447 340 1540 368 seculi
1564 340 1645 375 hujus
1664 345 1789 376 potentes

1006 385 1081 415 sint.
1114 392 1162 412 eos
1187 385 1261 420 ipsos
1285 393 1346 413 esse
1369 386 1414 420 qui
1443 385 1565 414 Damasci
1593 388 1713 421 potentia
1738 395 1789 415 no-

1006 431 1151 457 minentur.
1167 430 1266 458 Eodem
1286 439 1367 459 sensu
1393 432 1475 459 etiam
1491 433 1576 467 spolia
1596 433 1726 461 Samaria;
1739 441 1788 461 ac-

1004 476 1101 510 cipies.
1118 477 1151 504 de
1170 476 1282 504 Judaica
1308 482 1386 513 gente
1404 484 1558 513 assumptos
1576 478 1724 508 Salvatoris
1736 487 1787 508 no-

1005 522 1054 549 stri
1070 522 1219 558 discipulos
1236 527 1263 550 et
1279 525 1427 559 apostolos.
1441 532 1510 559 quos
1525 525 1602 560 quasi
1614 526 1647 553 de
1663 526 1787 555 hostibus

1004 568 1036 594 ad
1048 569 1283 596 circumcisionem
1301 571 1498 604 spectantibus,
1522 571 1568 606 qui
1588 572 1731 600 adversum
1756 578 1786 601 se

1004 614 1190 646 militaverint,
1222 615 1318 650 prmdze
1351 617 1438 644 instar
1463 618 1514 644 sibi
1544 617 1595 652 ipsi
1625 618 1784 653 subjiciens.

1003 665 1098 687 contra
1111 661 1285 696 Assyriorum
1307 669 1396 697 regem
1423 663 1548 694 armavit,
1567 665 1784 699 quandoquidem

1002 707 1043 733 sic
1060 712 1155 734 rursus
1182 715 1230 742 per
1247 707 1358 742 ﬁguram
1385 709 1476 736 saeculi
1494 709 1575 743 hujus
1595 710 1720 745 princeps
1747 710 1786 738 si-s

1001 752 1154 787 gnillcatur.
1189 754 1223 779 At
1251 761 1316 780 vero
1341 754 1468 788 quoniam
1501 755 1565 781 illud
1585 760 1667 783 «ante
1693 763 1783 790 regem

1000 797 1185 833 Assyriorum,
1198 809 1207 824 ι
1227 799 1397 827 manifestius
1412 800 1510 835 Aquila
1527 801 1654 833 reddidit,
1681 802 1727 829 ubi
1742 801 1783 828 sic

1001 845 1049 876 ait,
1068 854 1077 870 ι
1093 845 1120 872 in
1136 845 1230 873 facient
1246 847 1318 882 regis
1334 847 1516 882 Assyrionim,
1530 857 1538 873 ι
1556 848 1616 875 vide
1629 857 1661 876 ne
1673 849 1741 876 forte
1755 849 1784 876 in

1002 890 1044 918 his
1061 891 1151 918 verbis
1164 891 1348 919 Romanorum
1365 893 1508 928 imperium
1536 894 1680 928 signiﬁcet,
1698 894 1784 929 siquia

165 936 310 971 βασιλεὺς,
348 938 458 970 εἰκότως
485 940 549 974 ἡμῖν
577 938 715 965 κάνταῦθα
748 940 764 974 ἡ
805 939 948 974 Ῥωμαίων

1000 935 1060 962 dem
1075 943 1108 962 ex
1127 936 1160 963 iis
1185 944 1245 972 quae
1261 938 1341 972 paulo
1357 942 1418 965 ante
1431 946 1446 964 a
1463 938 1540 965 nobis
1560 939 1682 973 exposita
1707 943 1782 969 sunt,

164 984 236 1020 ἀρχὴ
268 983 470 1020 παρείληπται,
510 985 554 1011 διὰ
586 984 615 1011 τδ
647 985 715 1020 πρὸς
741 984 786 1011 τοῦ
815 984 881 1011 Θεοῦ
911 986 949 1016 εἰς

163 1030 215 1065 τὴν
253 1030 307 1057 τῶν
340 1030 423 1057 ἐθνῶν
464 1031 602 1067 ὑποταγὴν
630 1030 850 1058 κατευθύνεσθαι.
896 1031 950 1066 Λή-

163 1074 261 1108 ψεσθαι
307 1076 450 1111 τοιγαροῦν
485 1076 514 1107 τὸ
551 1076 708 1112 τικτόμενον
752 1076 856 1102 παιδίον
899 1076 949 1111 τὴν

162 1117 276 1154 δύναμιν
305 1120 472 1155 Δαμασκοῦ,
512 1121 558 1147 καὶ
588 1120 622 1147 τὰ
663 1121 748 1147 σκῦλα
781 1121 947 1157 Σαμαρείας,

162 1165 210 1192 καὶ
237 1165 405 1200 παραδώσειν
424 1167 463 1197 είς
480 1166 623 1202 πρόσωπον
647 1167 794 1202 Ἀσσυρίων
808 1187 814 1198 ,
844 1167 890 1193 καὶ
920 1168 948 1193 ὲν

162 1209 309 1245 ὀφθαλμοῖς
346 1210 400 1237 τῶν
436 1211 488 1238 bno
526 1211 571 1238 τοῦ
611 1211 678 1238 Θεοῦ
711 1212 948 1247 κατευθυνομένων

162 1255 329 1288 οεσπίζεται’
345 1257 391 1283 καὶ
414 1257 499 1284 ταῦτα
526 1258 648 1293 ποιήσειν
664 1257 722 1292 ἅμα
745 1260 777 1293 τῇ
801 1259 883 1285 αὐτοῦ
904 1267 949 1293 γε-

162 1302 256 1335 νέσει,
286 1303 397 1339 ἀρῤὴτῳ
426 1303 473 1330 καὶ
502 1304 586 1339 ὲνθέῳ
613 1304 747 1339 δυνάμει,
780 1304 819 1330 ἔτι
852 1306 949 1340 νηπιά-

162 1346 235 1380 ζοντι
264 1347 370 1383 σώματι
401 1348 520 1376 τοσαῦτα
555 1350 583 1376 ἐν
610 1349 762 1385 ἀνθρώποις
793 1350 948 1385 οἱκονομοῦυ

161 1401 252 1428 μενος.
287 1394 378 1421 Πάντα
391 1394 419 1420 δὲ
441 1395 525 1422 ταῦτα
542 1397 556 1422 ὁ
572 1397 715 1431 προφήτης
732 1397 760 1422 ὲν
773 1396 847 1432 τόμῳ
863 1397 948 1432 καινῷ

160 1438 209 1466 καὶ
234 1439 343 1475 μεγάλῳ
378 1442 470 1476 γραφῇ
501 1441 667 1477 παραδοῦναι
697 1441 838 1478 ἀνθρώπου
869 1452 948 1478 προσι

160 1483 299 1517 τάσσεται,
325 1485 418 1512 τοῦτον
437 1486 484 1512 καὶ
507 1486 556 1521 τῆς
579 1487 673 1522 καινῆς
701 1488 837 1523 Διαθήκης
857 1488 949 1524 δηλουα

162 1529 246 1566 μένης
281 1530 328 1557 τὸν
364 1532 473 1567 τρόπον.
525 1533 806 1568 Προσπαραλαμϐάνει
837 1534 865 1560 δὲ
894 1535 946 1560 τῶν

160 1576 314 1612 εἰρημένων
347 1577 489 1614 μάρτυρας
527 1578 599 1614 ἱερέα
627 1579 674 1606 καὶ
708 1580 869 1616 προφήτην,
898 1581 945 1607 τοῦ

159 1620 239 1657 λόγου
260 1623 442 1658 παιδεύοντος,
472 1624 509 1656 ὡς
528 1625 568 1651 ὅτι
592 1625 682 1660 δεήσει
701 1626 729 1652 ἐν
759 1628 819 1658 ταῖς
841 1626 946 1653 ἀποδεί-

163 1668 220 1701 ξεσι
246 1671 306 1702 ταῖς
327 1670 390 1706 περὶ
415 1670 461 1697 τοῦ
491 1670 609 1707 Χριστοῦ
626 1671 676 1703 τὰς
701 1672 754 1698 ἀπὺ
776 1672 826 1708 τῆς
856 1673 884 1699 ὲν
901 1672 945 1699 νό-

162 1723 205 1751 μῳ
242 1715 396 1752 ἱερουργίας
434 1715 481 1743 καὶ
515 1717 568 1743 τῶν
599 1717 667 1751 μετὰ
691 1716 776 1744 ταῦτα
800 1719 945 1754 προφητῶν

162 1760 315 1797 μαρτυρίας
343 1761 574 1798 παραλαμϐάνειν.
622 1764 737 1795 Πιστοὺς
767 1763 794 1791 δὲ
823 1764 945 1800 βούλεται

159 1807 206 1834 καὶ
228 1807 316 1839 ἄλλως
343 1808 483 1844 μάρτυρας
505 1802 573 1836 εἶναι
600 1810 661 1842 τοὺς
688 1810 737 1846 τὴν
764 1811 869 1845 γένεσιν
898 1811 944 1838 τοῦ

159 1851 320 1888 δηλουμένου
343 1854 448 1881 παιδίου
471 1854 615 1889 μέλλοντας
643 1855 820 1888 ἐποπτεύειν,
847 1857 886 1888 είς
915 1856 945 1883 τὺ

161 1898 279 1926 συνιέναι
317 1898 446 1926 δύνασθαι
483 1899 518 1926 τὰ
559 1901 794 1936 προφητευόμενα.
828 1911 836 1927 ι
883 1901 945 1928 Ἐὰν

161 1943 216 1979 γὰρ
249 1944 286 1980 μὴ
319 1945 500 1980 πιστεύσητε,
535 1946 594 1972 οὐδὲ
621 1947 657 1982 μὴ
687 1947 793 1982 συνῆτε,
815 1957 824 1972 ι
840 1947 946 1982 ἐλέγετο

161 1990 309 2025 ἀνωτέρω’
338 1990 385 2017 καὶ
409 1991 454 2017 τὸν
486 1991 534 2026 μὲν
572 1992 642 2026 ἔχειν
659 1992 716 2025 φῶς
742 1992 827 2019 Θεοῦ·
848 1993 942 2029 (τοῦτο

163 2034 218 2070 γὰρ
247 2036 261 2061 ὁ
297 2034 397 2071 Οὐρίας
427 2036 637 2072 ἑρμηνεύεται),
664 2035 709 2063 τὸν
738 2038 765 2064 δὲ
795 2038 851 2064 υἱὸν
881 2037 945 2065 ὄντα

160 2080 285 2116 εὐλογίας
300 2100 308 2113 ,
349 2081 398 2117 τὴν
436 2081 546 2118 μνήμην
585 2083 632 2109 τοῦ
673 2083 739 2109 Θεοῦ
787 2085 816 2110 ὲν
858 2084 944 2119 ἑαυτῴ

160 2126 272 2161 φέρειν·
313 2126 391 2154 τοῦτο
421 2127 476 2164 γὰρ
507 2128 553 2155 καὶ
579 2129 594 2154 ὀ
620 2128 666 2155 τοῦ
694 2129 829 2165 Βαραχίου
858 2131 945 2165 laxa-

161 2172 222 2209 ρίας
246 2173 328 2208 δηλοῖ.
369 2173 461 2201 Ταῦτα
490 2175 540 2210 μὲν
557 2173 603 2202 οὖν
617 2176 656 2207 εἰς
677 2177 738 2207 τοὺς
753 2176 849 2208 τόπους
866 2177 944 2212 ἡμεῖς

160 2217 387 2254 έπιὸεὸλήκαμεν.
441 2220 472 2246 El
510 2220 538 2247 δέ
575 2230 617 2253 τις
645 2222 698 2248 τῶν
734 2223 765 2248 ὲκ
796 2223 944 2258 περιτομῆς

159 2263 190 2290 οὐ
212 2263 298 2291 ταῦτα
321 2265 408 2297 οὕτως
432 2265 503 2301 ἔχειν
529 2266 670 2300 βούλεται,
699 2264 758 2303 ὥρα
779 2268 844 2302 ἡμῖν
864 2267 944 2294 αὑτὸν
962 2279 981 2305 D

159 2307 367 2342 ἀποδεικνύναι,
411 2311 454 2343 τίς
492 2310 600 2338 πώποτε
637 2313 702 2347 παρ’
743 2313 832 2344 αὐτοῖς
881 2314 944 2348 Ἐμ-

161 2355 281 2391 μανουὴλ
318 2356 432 2391 γέγονε,
474 2357 522 2384 καὶ
552 2357 610 2389 πῶς
636 2359 651 2385 ὁ
681 2360 821 2395 προφήτης
861 2364 944 2396 προσ-

157 2399 226 2436 ῆλθε
265 2401 333 2437 πρὸς
368 2400 417 2436 τὴν
453 2403 606 2438 προφῆτιν,
646 2404 693 2430 καὶ
731 2404 793 2430 τίνα
831 2405 943 2440 ταύτην,

159 2447 207 2474 καὶ
237 2447 298 2479 πῶς
336 2449 504 2485 παραχρῆμα
534 2450 682 2482 συνέλαϐε,
722 2452 769 2477 καὶ
797 2452 839 2483 τίς
869 2453 884 2478 ό
913 2452 945 2478 ὲκ

158 2493 209 2530 τῆς
237 2494 400 2530 προφήτιδος
426 2495 585 2531 ἀποτεχθεὶς
612 2497 686 2528 υίὸς,
716 2493 738 2530 ᾧ
763 2498 871 2529 αὺτὺςὸ
888 2496 944 2524 Κύ-

161 2547 218 2576 ριος
235 2540 397 2567 ἐπιτέθειται
414 2540 509 2577 ὄνομα,
534 2551 542 2566 ι
559 2542 672 2577 Ταχέως
690 2539 847 2575 σκύλευσον,
867 2553 876 2569 ι
896 2544 944 2570 καὶ

159 2585 202 2618 τίς
237 2587 255 2621 ἡ
285 2585 359 2613 αἰτία
393 2587 442 2622 τῆς
474 2587 579 2614 τοιᾶσδε
609 2588 655 2614 τοῦ
690 2588 829 2623 τεχθέντος
859 2598 943 2625 προσ-

159 2631 284 2668 ηγορίας.
319 2632 504 2660 Δεικνύτωσαν
526 2633 554 2660 δὲ
570 2633 615 2660 καὶ
643 2634 691 2666 τὸ,
710 2643 718 2660 ι
738 2635 806 2670 Πρὶν
832 2635 848 2670 ἢ
872 2635 942 2670 γνῶ-

158 2683 204 2706 ναι
229 2677 261 2705 τὸ
279 2678 383 2706 παιδίον
409 2679 500 2706 καλεῖν
527 2680 631 2715 πατέρα
646 2679 692 2707 καὶ
717 2681 839 2716 μητέρα,
858 2690 867 2707 ι
894 2682 943 2716 τὴν

159 2721 274 2760 δύναμιν
301 2724 428 2760 εἰληφότα
453 2725 598 2760 Δαμασκοῦ
611 2745 618 2757 ,
648 2726 695 2752 καὶ
723 2725 756 2752 τὰ
782 2725 868 2754 σκῦλα
893 2727 944 2754 Σει.⁴

161 2769 277 2806 μαρείας
289 2790 297 2802 ,
316 2769 404 2797 ἔναντι
421 2770 552 2806 βασιλέως
575 2771 732 2807 Ἀσσυρίων.
779 2772 873 2808 Ἡμεῖς
889 2772 942 2808 γὰρ

159 2813 264 2848 ταᾱα,
295 2815 344 2842 οιαὶ
373 2818 440 2852 πρὸς
469 2815 558 2849 λέξιν,
603 2816 650 2844 καὶ
678 2818 816 2853 τροπικῶς
841 2818 943 2854 ἐξειληι

160 2860 258 2894 φύτες,
289 2861 482 2898 πεπληρῶσθαι
507 2863 577 2890 αὐτὰ
592 2863 733 2899 δείκνυμεν
759 2864 805 2891 ἐπὶ
829 2865 879 2900 τῆς
894 2865 940 2892 τοῦ

161 2903 284 2942 Σωτῆρος
309 2907 386 2942 ἡμῶν
412 2910 561 2943 γενέσεως,
599 2910 783 2945 παριστῶντις
808 2912 866 2938 τοτὲ
892 2912 940 2946 μὲν

321 2953 453 2984 i’u‘not.
478 2955 535 2986 Gn.
555 2955 654 2987 XXII.

1000 981 1104 1016 Assyrii
1120 990 1245 1010 sermone
1259 988 1364 1014 nostro.
1389 989 1415 1011 et
1434 985 1481 1019 qui
1494 985 1624 1019 dirigunt,
1643 989 1669 1012 et
1681 986 1727 1020 qui
1743 983 1784 1011 di-

1001 1027 1125 1062 figuntur
1152 1028 1265 1064 intelligi
1284 1031 1382 1056 solent.
1397 1030 1530 1062 Quoniam
1559 1031 1643 1065 igitur
1671 1032 1783 1058 oraculo

1000 1072 1071 1106 quod
1087 1080 1159 1100 nunc
1176 1074 1210 1101 de
1223 1074 1363 1102 Stlratore
1379 1081 1473 1102 nostro
1488 1076 1621 1108 redditur,
1638 1077 1719 1104 etiam
1734 1084 1781 1103 rex

999 1118 1172 1154 Assyriorum
1198 1120 1345 1154 implicitus
1365 1125 1407 1148 est
1421 1141 1428 1153 ,
1458 1122 1556 1149 merito
1574 1123 1616 1149 hic
1645 1130 1753 1157 quoque
1767 1129 1782 1149 a

1000 1163 1078 1190 nobis
1096 1163 1279 1192 Romanorum
1297 1166 1438 1200 imperium
1455 1171 1594 1201 acceptant
1611 1171 1663 1198 cst,
1681 1167 1782 1202 quippe

999 1209 1072 1243 quod
1087 1209 1119 1235 ad
1135 1210 1320 1244 subjiciendas
1334 1215 1426 1246 gentes
1435 1211 1468 1238 ab
1482 1212 1540 1246 ipso
1565 1211 1619 1239 Deo
1636 1212 1780 1247 dirigatur.

1000 1254 1070 1290 Ergo
1089 1255 1135 1290 qui
1148 1256 1270 1283 nascitur
1283 1265 1358 1291 puer,
1377 1261 1538 1292 accepturus
1566 1259 1713 1293 potentiam
1730 1259 1782 1285 Da~

1000 1302 1095 1333 masci,
1112 1305 1138 1329 et
1155 1303 1241 1337 spolia
1260 1302 1398 1335 Samarite,
1416 1309 1442 1331 et
1455 1305 1605 1333 traditurus
1629 1306 1655 1332 in
1685 1305 1781 1333 facient

999 1347 1172 1383 Assyriorum
1185 1352 1212 1376 et
1227 1349 1253 1375 in
1270 1350 1357 1377 oculis
1373 1357 1467 1377 eorum
1489 1352 1535 1386 qui
1552 1359 1567 1378 a
1589 1352 1642 1379 Deo
1657 1353 1780 1387 dirigun-

999 1397 1054 1425 tur,
1070 1394 1178 1421 canitur
1192 1403 1198 1420 :
1212 1399 1294 1429 atque
1313 1396 1370 1423 haec
1395 1397 1453 1431 ipsa
1471 1397 1496 1424 in
1512 1386 1574 1424 ‘ortu
1593 1406 1642 1425 suo
1659 1398 1782 1427 facturus

1000 1439 1024 1466 vi
1041 1440 1157 1474 quadam
1169 1440 1259 1467 divina
1275 1445 1356 1476 atque
1371 1442 1509 1476 inell‘abili,
1535 1444 1581 1478 qui
1607 1445 1716 1479 quidem
1733 1445 1782 1472 ad-

999 1486 1051 1513 huc
1069 1486 1095 1513 in
1110 1487 1206 1521 puerili
1223 1495 1338 1522 corpore
1363 1490 1528 1516 constitutus
1545 1494 1619 1517 tanta
1648 1491 1720 1518 inter
1732 1492 1781 1518 lio-

998 1532 1086 1557 mincs
1117 1531 1320 1566 dispensatione
1345 1533 1481 1568 fungetur.
1508 1534 1604 1562 Omnia
1629 1543 1694 1564 Vero
1723 1537 1780 1565 haec

999 1578 1129 1612 propheta
1146 1579 1171 1605 in
1190 1586 1261 1606 n0vo
1275 1583 1301 1606 et
1315 1581 1409 1614 grandi
1432 1581 1500 1608 libro
1518 1582 1588 1617 slylo
1600 1587 1626 1610 et
1638 1584 1781 1618 scripturae

998 1623 1115 1650 hominis
1129 1625 1237 1652 tradere
1260 1624 1371 1658 jubetur
1388 1635 1394 1652 :
1410 1627 1462 1653 hoc
1486 1627 1557 1654 enim
1586 1635 1712 1656 sermone
1726 1628 1781 1656 Nos

996 1677 1059 1696 vum
1090 1669 1259 1705 significatur
1287 1670 1500 1700 Testamentum.
1532 1673 1655 1701 Asstmit
1689 1679 1779 1702 autent

996 1723 1090 1742 eorum
1106 1724 1167 1751 qum
1183 1716 1254 1743 dicta
1275 1722 1338 1745 sunt
1359 1722 1442 1746 testes
1471 1720 1639 1747 sacerdotem
1669 1723 1695 1748 et
1715 1728 1778 1756 proa

998 1762 1115 1796 phetam,
1128 1763 1239 1791 oraculo
1259 1764 1373 1791 docente
1384 1785 1391 1796 ,
1405 1765 1462 1791 fore
1475 1773 1542 1800 opus
1559 1767 1583 1792 in
1605 1767 1760 1794 demonstra
1769 1776 1777 1788 ί

996 1808 1115 1835 tionibus
1131 1809 1164 1836 de
1179 1809 1288 1837 Christo
1304 1814 1359 1836 tum
1378 1818 1392 1837 a
1404 1811 1556 1838 sacerdotio
1571 1812 1643 1847 quod
1671 1812 1698 1840 in
1721 1813 1779 1848 lege

997 1854 1160 1886 continetur,
1188 1858 1244 1881 tum
1263 1863 1278 1881 a
1300 1856 1439 1891 prophetis
1467 1857 1513 1892 qui
1537 1863 1630 1891 postea
1657 1858 1775 1892 fuerunt,

997 1900 1120 1934 accipere
1140 1901 1312 1934 testimonia;
1339 1906 1365 1929 et
1391 1903 1491 1938 alioqui
1516 1903 1609 1931 ﬁdeles
1635 1904 1692 1931 vult
1716 1913 1778 1933 esse

997 1950 1089 1979 testes,
1106 1954 1153 1974 eos
1164 1947 1209 1982 qui
1225 1948 1301 1981 pueri
1315 1947 1349 1975 de
1361 1955 1415 1982 quo
1440 1949 1540 1983 agitur,
1556 1949 1705 1985 inspecturi
1722 1952 1777 1978 sint

995 1997 1094 2024 ortum,
1111 1996 1140 2019 ut
1161 2000 1191 2020 ea
1221 2001 1282 2028 quas
1302 1994 1329 2020 in
1355 1994 1412 2029 ipsa
1429 1995 1569 2030 prophetia
1593 1997 1776 2030 continentur,

996 2038 1143 2073 intelligere
1155 2039 1270 2073 possintt
1285 2039 1372 2074 Supra
1386 2041 1458 2067 enim
1478 2041 1630 2075 dicebatur,
1661 2052 1670 2068 ι
1683 2042 1777 2071 Sinon

995 2083 1174 2115 credideritis,
1204 2093 1257 2112 non
1269 2086 1439 2120 intelligetis,
1456 2096 1465 2112 ›
1484 2091 1510 2113 et
1524 2087 1639 2115 alterum
1668 2088 1776 2123 quidem

995 2129 1084 2156 lumen
1103 2129 1147 2156 Dci
1159 2129 1259 2157 habere
1275 2138 1282 2155 ε
1299 2130 1379 2165 332
1397 2131 1422 2157 id
1440 2132 1511 2158 enim
1529 2131 1608 2160 Urias
1632 2140 1665 2160 ex
1694 2134 1779 2161 inter-

995 2176 1146 2209 prctatione
1162 2176 1295 2211 signiﬁcat
1312 2185 1321 2203 :
1336 2178 1450 2205 alterum
1467 2187 1543 2211 vero,
1555 2180 1601 2215 qui
1611 2180 1777 2208 benedictio-

995 2222 1038 2249 nis
1052 2223 1087 2249 sit
1103 2222 1185 2255 ﬁlius,
1199 2223 1244 2250 Dei
1256 2224 1282 2251 in
1300 2224 1391 2259 seipso
1406 2226 1561 2253 memoriam
1575 2227 1655 2255 ferre.
1667 2227 1777 2256 Idenim

997 2268 1047 2295 sibi
1062 2269 1117 2296 vult
1133 2269 1270 2296 Barachia'.
1294 2269 1466 2298 Zacharias:
1497 2272 1554 2299 haec
1575 2272 1656 2307 igitur
1686 2281 1736 2301 nos
1749 2274 1777 2301 in

997 2313 1096 2348 ﬁguras
1109 2314 1286 2348 conjecimus.
1320 2315 1349 2342 Si
1371 2316 1431 2351 quis
1451 2321 1540 2344 autem
1555 2325 1587 2344 ex
1612 2317 1712 2346 Judais
1727 2319 1778 2346 hoc

997 2359 1063 2385 nolit
1080 2361 1119 2387 sic
1134 2368 1163 2387 se
1181 2361 1289 2393 habere,
1305 2361 1337 2393 is,
1352 2369 1452 2397 quaeso,
1466 2363 1546 2390 nobis
1562 2363 1697 2396 ostendat,
1716 2365 1778 2400 quis

996 2412 1116 2439 unquam
1131 2406 1202 2441 apud
1217 2407 1291 2441 ipsos
1308 2407 1465 2436 Emmanuel
1482 2408 1572 2441 fuerit,
1591 2413 1618 2436 et
1641 2411 1778 2444 quomodo

996 2451 1126 2486 propheta
1141 2451 1173 2478 ad
1192 2453 1391 2487 prophetissam
1420 2455 1578 2487 accesserit,
1596 2459 1690 2490 etquae
1716 2460 1778 2484 tan-

995 2497 1056 2524 dem
1070 2505 1101 2524 ea
1120 2498 1165 2528 sit,
1185 2503 1212 2525 et
1231 2500 1368 2534 quomodo
1393 2505 1408 2525 e
1435 2501 1547 2536 vestigio
1571 2502 1737 2537 conceperit,
1750 2508 1777 2530 et

994 2544 1120 2578 quisnam
1136 2545 1187 2571 iste
1199 2553 1229 2572 ex
1244 2546 1415 2580 prophetissa
1426 2551 1506 2575 natus
1520 2547 1601 2581 ﬁlius,
1619 2548 1662 2575 cui
1678 2555 1777 2576 nomen

994 2590 1053 2624 ipse
1063 2590 1194 2619 Dominus
1206 2592 1376 2627 imposuerit,
1390 2600 1399 2618 ι
1409 2592 1539 2620 Celeriter
1552 2593 1664 2621 detrahe
1679 2595 1776 2628 spolia,

993 2634 1054 2662 Cito
1070 2636 1200 2670 praedare,
1219 2645 1228 2662 ι
1246 2641 1272 2663 et
1289 2645 1411 2672 quaenam
1429 2638 1465 2665 sit
1478 2645 1561 2664 causa
1571 2638 1696 2673 hujusce,
1716 2639 1777 2673 ejus

994 2681 1040 2715 qui
1056 2685 1137 2709 natus
1169 2683 1214 2716 sit,
1242 2684 1441 2718 appellationis.
1469 2683 1619 2712 Ostendaut
1648 2690 1777 2719 praeterea

993 2728 1059 2754 illud
1074 2728 1139 2763 quid
1154 2730 1200 2760 sit,
1223 2738 1232 2755 ι
1245 2731 1320 2764 prius
1344 2738 1425 2765 quam
1442 2731 1510 2758 sciat
1523 2738 1590 2765 puer
1605 2739 1703 2758 vocare
1727 2738 1775 2766 pa-

994 2778 1060 2801 trem
1076 2777 1103 2801 et
1130 2779 1253 2806 matrem,
1270 2784 1279 2801 ι
1296 2780 1456 2810 potestatem
1484 2776 1622 2811 accepisse
1636 2775 1772 2808 Damasci,

992 2824 1019 2847 et
1045 2820 1130 2855 spolia
1155 2820 1283 2848 Samarize
1311 2829 1402 2848 coram
1427 2829 1490 2857 rege
1507 2822 1692 2858 Assyriorum.
1717 2820 1773 2850 Nos

992 2865 1064 2892 enim
1078 2865 1140 2898 ista,
1166 2870 1192 2893 et
1203 2866 1236 2892 ad
1252 2867 1376 2898 verbum.
1405 2870 1432 2893 et
1457 2869 1570 2902 ﬁgurate
1596 2868 1772 2903 accipientes.

991 2912 1046 2947 jam
1063 2920 1135 2939 nunc
1160 2913 1294 2947 completa
1322 2921 1383 2942 esse
1410 2914 1632 2943 demonstremus
1656 2916 1683 2942 in
1714 2918 1775 2941 ortu

1584 2964 1621 2992 17
