2089 3218
312 173 377 203 an:

324 281 413 308 rimus
435 279 502 306 alias
517 278 624 313 quidem
648 276 682 304 ad
693 277 817 310 verbum,
831 280 858 304 et
872 277 1021 304 secundum
1044 285 1103 305 eam

324 326 486 354 sententiam
498 332 559 360 qua:
572 324 600 351 in
624 327 750 359 promptu
763 323 809 355 sit,
826 323 894 351 alias
907 330 973 351 vero
993 323 1105 359 ﬁgurate

323 375 449 407 oportere
463 370 493 397 in
505 370 579 405 ipsas
601 369 758 404 prophetiae
783 369 955 402 incumbere;
976 370 1104 397 continuo

323 423 443 452 namque
462 420 525 451 post
544 423 591 443 eas
615 422 674 450 quae
688 418 767 442 antea
782 414 863 441 dictae
874 418 938 442 sunt
950 422 1040 448 voces,
1057 422 1105 449 per

325 462 496 489 obscuriores
518 462 649 496 quasdam
675 460 774 495 ﬁguras
790 460 965 496 adjungitur:
983 470 992 485 ι
1011 460 1044 487 Ει
1058 461 1104 487 ad-

322 507 388 542 jecit
402 506 532 534 Dominus
559 506 633 541 loqui
653 506 687 532 ad
709 514 751 533 me
766 506 854 533 adhuc
870 528 876 539 ,
897 514 929 534 eo
949 507 1020 541 quod
1038 507 1104 534 nolit

324 554 441 588 populus
471 553 521 580 iste
549 560 646 587 aquam
673 551 785 584 Siloam,
809 560 868 587 qua:
887 553 960 580 vadit
988 561 1049 580 cum
1067 554 1105 581 si-

323 600 417 631 lentio,
432 598 478 626 sed
487 599 550 625 velit
566 598 666 625 habere
681 597 819 631 Rhaasim,
840 604 867 626 et
885 599 969 625 ﬁlium
1003 599 1103 627 Rome-

323 645 375 671 lize.
392 644 495 672 Idcirco
507 652 570 672 ecce
581 644 710 671 Dominus
726 643 841 672 adducet
853 652 988 680 supcrvos
1006 653 1103 680 aquam

323 691 444 720 ﬂuminis
462 691 560 718 fortem
578 695 605 719 et
618 691 733 719 multam
746 712 753 724 ,
770 699 860 727 regem
877 692 1062 726 Assyriorum,
1077 695 1104 719 et

323 738 437 771 gloriam
465 737 525 771 ejus
543 747 551 764 :
570 741 596 764 et
613 738 739 765 ascendet
767 746 849 772 super
869 745 976 764 onmem
992 738 1103 765 conval-

323 783 376 810 lem
387 786 517 815 vestram,
544 786 572 810 et
590 784 739 811 ambulabit
765 791 847 818 super
861 791 968 810 omnem
995 791 1103 810 murum

323 833 455 861 vestrum,
466 833 494 856 et
506 828 610 856 auferet
626 829 659 857 de
673 829 764 857 Judaea
787 830 935 860 hominem,
960 829 1006 864 qui
1018 829 1104 864 possit

323 879 405 910 caput
420 874 516 902 tollere
533 882 540 900 ε
557 879 602 901 aut
616 875 662 910 qui
677 875 792 902 idoneus
805 875 840 902 sit
851 882 1042 902 consummare
1052 875 1102 901 ali-

323 920 397 955 quid,
419 924 447 947 et
473 924 553 947 erunt
569 924 660 948 castra
674 921 745 956 ejus.
764 921 802 947 ita
818 925 847 948 ut
863 921 993 955 impleant
1012 921 1104 947 latitu-

311 965 412 993 dinem
434 966 553 1001 regionis
578 970 640 999 tuae,
664 967 805 994 nobiscum
835 966 916 994 Deus.
944 966 1104 1002 Cognoscitc

310 1016 417 1045 ruentes
433 1016 460 1038 et
473 1011 626 1043 vincimini.
654 1012 781 1040 exaudito
799 1020 884 1047 usque
905 1013 937 1040 ad
953 1016 1103 1040 extremum

323 1061 404 1085 terra
417 1056 449 1083 ".
465 1066 475 1082 ι
492 1056 654 1085 Planissime
668 1058 741 1084 enim
755 1058 812 1085 haec
828 1058 903 1085 nulla
917 1059 970 1086 alia
986 1058 1102 1090 ratione,

321 1110 404 1137 quam
423 1111 455 1130 ex
474 1102 568 1138 ﬁgura,
595 1107 623 1130 et
640 1103 839 1137 immutatione,
871 1104 1104 1139 conversioneque

322 1149 466 1180 sermonis,
475 1149 636 1176 sententiam
643 1155 752 1177 servant
762 1150 927 1186 :signiﬁcant
937 1158 1051 1186 namque
1057 1158 1104 1184 per

322 1202 420 1230 aquam
435 1194 535 1222 Siloam
546 1203 606 1229 qua:
625 1196 697 1223 vadit
709 1203 771 1223 cum
786 1197 904 1228 silentio,
920 1197 1101 1231 evangelicam

323 1239 452 1267 salutaris
466 1240 540 1267 verbi
564 1240 715 1267 doctrinam
730 1250 737 1268 :
752 1249 814 1268 nam
826 1249 858 1268 ex
870 1241 1101 1275 interpretatione,

323 1285 424 1313 Siloam
438 1286 538 1313 dicitur
551 1287 657 1314 missus.
674 1286 760 1314 Porro
775 1287 820 1314 hic
835 1288 960 1322 quisnam
975 1287 1044 1315 alius
1056 1288 1102 1320 sit,

323 1331 378 1359 nisi
399 1331 446 1366 qui
462 1338 477 1357 a
495 1330 576 1359 Patre
593 1331 625 1357 ad
642 1338 692 1358 nos
709 1331 811 1359 missus
832 1331 904 1359 Deus
917 1331 1035 1358 Verbum
1047 1332 1058 1358 ’ἰ
1069 1331 1102 1358 de

322 1384 377 1411 quo
397 1377 479 1404 etiam
504 1375 593 1404 Moses
605 1376 643 1402 ait
660 1386 666 1403 :
690 1386 699 1402 ι
715 1376 774 1404 Non
790 1377 896 1404 deﬁciet
920 1377 1046 1412 princeps
1069 1377 1102 1405 de

321 1421 402 1454 Juda,
417 1429 504 1456 neque
519 1421 574 1448 dux
599 1421 632 1449 de
658 1422 807 1450 femoribus
823 1423 894 1457 ejus,
911 1423 997 1450 donec
1013 1423 1102 1451 veniat

322 1469 366 1496 cui
380 1468 528 1504 repositum
535 1472 586 1502 cst,
593 1473 620 1496 et
629 1468 687 1504 ipse
694 1469 917 1504 critcxspeelatio
923 1470 1042 1504 gentium
1050 1470 1082 1497 ⁸³.
1089 1479 1098 1495 ι

321 1515 401 1550 333
418 1515 472 1542 Pro
487 1515 534 1542 illo
549 1515 639 1547 enim,
655 1524 665 1540 ι
679 1516 723 1542 cui
740 1516 890 1550 repositum
905 1520 963 1547 est,
982 1525 991 1541 ι
1006 1516 1033 1542 in
1049 1515 1101 1542 He-

657 172 790 201 EUSEBII
810 173 1048 201 CESARIENSIS
1065 173 1141 202 OPP.
1158 174 1247 201 PARS
1264 175 1297 202 ll.
1318 174 1565 203 APOLOGETICA.

324 232 475 260 Salvatoris
498 232 595 263 nostri,
621 232 721 266 quippe
740 231 787 266 qui
810 231 877 258 illud
896 231 959 259 item
975 231 1102 260 ostende-
1115 234 1139 263 Α

942 239 959 258 n
975 231 1102 260 ostende-
1115 234 1139 263 Α
1153 231 1241 267 ῥητῶς
1276 231 1346 258 κατὰ
1371 231 1420 266 τὴν
1458 231 1601 267 πρόχειρον
1632 229 1748 257 διάνοιαν
1760 250 1767 262 ,

1119 906 1139 933 Β
1154 897 1312 933 παρεμϐολὴ
1344 895 1424 923 αὑτοῦ
1439 916 1447 928 ,

1879 174 1932 202 εει

1809 230 1933 258 mla

1153 276 1290 313 τροπικῶς
1316 277 1370 304 δεῖν
1397 276 1549 304 ἐπιϐάλλειν
1575 277 1634 307 ταῖς
1660 274 1846 311 προφητείαις.
1878 276 1934 303 A6-

1152 328 1217 355 τίκα
1244 327 1307 364 ἑξῆς
1332 328 1393 360 ταῖς
1421 327 1631 364 προειρημέναις
1665 327 1766 361 φωναῖς
1800 326 1834 354 δι’
1861 327 1934 354 αῑνι-

1152 375 1265 410 γμάτων
1291 372 1368 406 αὖθις
1389 374 1541 408 ὲπιλέγεται
1554 382 1561 388 ·
1581 383 1590 399 ι
1603 373 1658 400 Καὶ
1673 372 1818 409 προσέθετο
1831 373 1934 410 Κύριος

1153 420 1267 456 λαλῆσαί
1293 429 1337 456 μοι
1362 420 1420 453 ἔτι,
1451 420 1495 447 διὰ
1510 420 1540 447 τὸ
1570 420 1607 455 μὴ
1634 418 1774 454 βούλεσθαι
1798 419 1843 446 τὸν
1870 419 1934 447 λαὸν

1153 466 1245 493 τοῦτον
1265 466 1295 493 τὸ
1312 466 1382 501 ὕδωρ
1399 465 1445 492 τοῦ
1461 465 1570 500 Σιλωὰμ
1582 465 1612 491 τὸ
1631 465 1811 500 πορευόμενον
1832 465 1933 500 ἡσυχῆ,

1153 513 1220 539 ἀλλὰ
1249 512 1388 548 βούλεσθαι
1417 512 1487 547 ἔχειν
1513 512 1557 537 τὸν
1579 511 1714 546 Ῥαασὶμ,
1742 511 1788 537 καὶ
1811 510 1856 537 τὸν
1877 511 1934 537 υἱὸν

1159 559 1306 594 Ῥομελίου.
1333 559 1381 585 Διὰ
1410 558 1486 584 τοῦτο
1504 558 1555 584 ἰδοὺ
1570 558 1669 593 Κύριος
1684 557 1778 591 ἀνάγει
1793 557 1834 591 ἐφ’
1862 557 1934 592 ὑμᾶς

1152 605 1183 631 τὸ
1198 604 1269 640 ὕδωρ
1283 604 1330 630 τοῦ
1348 604 1469 640 ποταμοῦ
1484 604 1513 630 τὸ
1529 603 1637 639 ἰσχυρὸν
1650 604 1696 630 καὶ
1717 603 1747 629 τὺ
1771 603 1838 629 πολὺ
1852 622 1860 634 ,
1887 600 1934 629 τὸν

1154 654 1265 689 βασιλέα
1285 653 1338 680 τῶν
1363 654 1509 689 Ἀσσυρίων
1522 673 1529 685 ,
1547 653 1593 680 καὶ
1610 653 1658 688 τὴν
1671 652 1748 684 δόξαν
1764 652 1844 679 αὑτοῦ
1856 660 1864 668 ⁶
1887 653 1934 679 καὶ

1152 700 1317 735 ἀναῦήσεται
1343 700 1389 725 ἐπὶ
1415 700 1504 726 πᾶσαν
1529 699 1657 734 φάραγγα
1673 699 1767 734 ὑμῶν,
1785 699 1832 726 καὶ
1854 707 1933 734 περι-

1705 750 1752 775 καὶ
1770 749 1864 783 ἀφελεῖ
1879 750 1933 775 ἀπὸ

1152 803 1201 838 τῆς
1233 802 1360 833 Ἰουδαίας
1392 801 1551 837 ἄνθρωπον,
1588 800 1618 832 ὃς
1648 801 1790 836 δυνήσεται
1814 800 1933 836 κεφαλὴν

1153 848 1236 886 ἆραι,
1263 850 1279 885 ἢ
1306 849 1415 876 δυνατὸν
1441 848 1647 875 συντελέσαδθαί
1675 854 1717 874 τι·
1742 849 1789 875 καὶ
1812 848 1887 876 ἔσται
1914 851 1931 884 ἡ

1489 896 1558 922 ὥστε
1596 895 1735 931 πληρῶσαι
1766 895 1796 922 τὸ
1832 896 1932 928 πλάτος

1945 314 1953 334 Ι

1154 752 1269 786 πατήσει
1299 750 1345 776 ἐπὶ
1372 751 1425 777 πᾶν
1452 752 1539 784 τεῖχος
1564 749 1659 784 ὑμῶν,

1154 948 1204 983 τῆς
1229 947 1319 983 χώρας
1349 955 1396 972 σου
1410 955 1417 961 ⁸
1440 945 1498 981 μεθ’
1516 945 1593 981 ἡμῶν
1611 946 1625 971 ό
1643 945 1717 977 Θεός.
1741 946 1828 972 Γνῶτε
1841 966 1848 978 ,
1868 946 1931 982 ἔθνη

1153 993 1200 1019 καὶ
1227 991 1342 1027 ἡττᾶσθε
1356 1011 1363 1023 ,
1391 990 1557 1017 ἐπακούσατε
1581 990 1632 1021 ἓως
1656 990 1769 1025 ἐσχάτου
1784 991 1833 1026 τῆς
1849 992 1927 1027 γῆς.»

1153 1037 1250 1072 Σαφῶς
1272 1037 1326 1072 γὰρ
1351 1036 1436 1063 ταῦτα
1452 1036 1511 1062 οὐδὲ
1537 1036 1622 1067 ἄλλως
1637 1036 1654 1071 ἧ
1673 1035 1739 1071 μετὰ
1754 1036 1867 1072 θεωρίας
1881 1037 1932 1072 τῆς

1154 1079 1223 1111 κατὰ
1251 1083 1334 1119 μόνην
1352 1082 1526 1118 τροπολογίαν
1543 1082 1590 1117 τὴν
1616 1082 1733 1108 διάνοιαν
1758 1081 1855 1114 σώζει·
1885 1083 1929 1118 67;-

1153 1129 1193 1155 λοῖ
1219 1128 1282 1162 γοῦν
1311 1128 1358 1154 καὶ
1381 1127 1450 1154 αὐτὰ
1469 1126 1512 1153 διὰ
1533 1127 1581 1162 μὲν
1608 1126 1654 1153 τοῦ
1679 1127 1773 1158 ὕδατος
1805 1127 1852 1153 τοῦ
1887 1128 1931 1153 Σι-

1153 1178 1230 1213 λωὰμ
1256 1177 1302 1203 τοῦ
1327 1177 1414 1212 ἠσυχῆ
1436 1175 1615 1211 πορευομένου
1629 1174 1677 1210 τὴν
1693 1175 1875 1211 εὐαγγελικὴνν
1883 1175 1930 1202 τοῦ

1154 1223 1286 1259 σωτηρίου
1323 1222 1402 1256 λόγου
1440 1221 1627 1248 διδασκαλίαν·
1670 1220 1846 1256 ἑρμηνεύεται
1876 1221 1930 1257 γὰρ

1152 1272 1261 1308 Σιλωὰμ
1276 1271 1510 1306 ἀπεσταλμένος.
1560 1268 1643 1302 Οὗτος
1658 1271 1680 1297 δ’
1694 1270 1726 1297 ἂν
1745 1270 1787 1306 εἴη
1803 1272 1817 1297 ὁ
1835 1271 1867 1297 ὲκ
1883 1271 1930 1297 τοῦ

1152 1320 1257 1355 Πατρδς
1281 1320 1346 1355 ἡμῖν
1371 1318 1573 1354 ἀπεσταλμένος
1597 1319 1663 1350 Θεὸς
1684 1318 1784 1352 Λόγος’
1810 1317 1874 1353 περὶ
1900 1315 1930 1344 οἶι

1152 1371 1198 1398 καὶ
1218 1371 1318 1406 Μωσῆς
1334 1379 1414 1405 φησιν
1426 1379 1433 1385 ·
1454 1380 1461 1395 ι
1476 1370 1532 1396 Οὐκ
1556 1368 1673 1403 ἐκλείψει
1687 1369 1776 1404 ἄρχων
1787 1367 1817 1400 ἐξ
1834 1367 1929 1399 Ἰούδα,

1151 1417 1211 1443 οὐδὲ
1224 1417 1371 1452 ἡγούμενος
1386 1417 1418 1442 ἐκ
1433 1416 1486 1442 τῶν
1509 1415 1602 1451 μηρῶν
1624 1415 1704 1442 αὑτοῦ
1714 1435 1721 1447 ,
1746 1415 1797 1447 ἕως
1817 1415 1850 1442 ἂν
1865 1414 1931 1452 ἔλθῃ

1151 1461 1172 1497 ᾧ
1198 1464 1356 1494 ἀπόκειται,
1387 1462 1432 1489 καὶ
1456 1462 1535 1494 αὐτὸς
1559 1462 1632 1488 ἔσται
1656 1461 1799 1497 προσδοκία
1816 1460 1928 1487 ἐθνῶν.»

1158 1509 1228 1535 Ἀντὶ
1239 1509 1285 1535 τοῦ
1299 1509 1351 1544 γὰρ
1370 1505 1406 1542 (ᾧ
1414 1508 1580 1541 ἀπόκειται.»
1590 1508 1620 1534 τὸ
1632 1502 1770 1542 Ἐὁραῖκὸν
1782 1516 1791 1532 ι
1802 1506 1927 1541 Σιλωὰμ.

308 1580 309 1583 η
322 1560 417 1588 hraico
429 1560 544 1588 habetur
555 1570 564 1586 ι
576 1560 677 1588 Siloam
686 1580 694 1592 ,
703 1571 711 1586 ι
722 1569 783 1587 eum
799 1561 925 1589 videlicet
937 1562 984 1596 qui
995 1561 1039 1589 hic
1053 1563 1100 1589 ha-
1114 1572 1133 1601 ε

1114 1572 1135 1601 C
1153 1555 1282 1591 περιέχει,
1298 1555 1342 1581 τὸν
1368 1555 1483 1591 ὲνταβθα
1504 1554 1621 1589 Σιλωὰμ,
1637 1554 1708 1580 τοῦτ’
1731 1553 1798 1585 ἐστι,
1814 1553 1858 1579 τὸν
1877 1552 1930 1579 ἀπ-

322 1606 401 1634 betur
416 1606 534 1639 Siloam,
552 1607 603 1634 hoc
619 1611 677 1639 est,
695 1608 808 1635 missum
820 1627 828 1641 ,
844 1609 925 1635 etiam
943 1609 998 1636 illic
1017 1609 1101 1644 signi-

322 1654 421 1681 ﬁcante
443 1653 564 1680 oraculo.
590 1652 675 1680 Porro
702 1653 831 1680 Rhaasim
858 1662 906 1682 rex
934 1654 985 1681 fuit
1007 1662 1101 1682 earum

322 1699 444 1734 gentium
466 1705 526 1733 quae
547 1698 694 1726 simulacra
716 1698 841 1726 Damasci
860 1699 1004 1732 colebant,
1031 1701 1103 1727 sicut

323 1744 452 1772 Romelia:
467 1744 540 1772 ﬁlius
554 1744 614 1779 ejus
627 1744 747 1772 Judaicze
759 1745 863 1779 gentis,
881 1753 941 1779 qua:
957 1745 983 1772 in
1006 1745 1102 1772 Sama-

322 1791 362 1818 ria
384 1791 498 1826 patriam
524 1791 682 1825 religionem
704 1790 871 1818 desaruerat.
895 1790 1013 1818 Minatur
1037 1799 1101 1826 ergo

322 1835 394 1864 Deus
409 1836 442 1864 iis
457 1836 505 1872 qui
521 1835 622 1863 Siloam
633 1856 640 1868 ,
655 1836 708 1864 hoc
722 1840 782 1870 est,
800 1837 913 1864 missum
930 1836 1099 1869 Emmanuel,

321 1885 350 1908 et
362 1889 424 1909 eum
437 1881 485 1916 qui
496 1889 529 1908 ex
543 1882 655 1909 muliere
667 1882 826 1916 prophetica
839 1886 921 1909 natus
935 1882 987 1914 sit,
1004 1883 1099 1915 ﬁlium,

320 1927 493 1963 ‘potabileque
509 1935 542 1954 ac
557 1928 702 1955 fecundum
718 1929 778 1962 ejus
795 1928 913 1956 Verbum
932 1937 986 1956 non
1007 1937 1101 1956 susce-

323 1973 430 2008 perint,
448 1974 495 2001 sed
513 1974 578 2001 illud
595 1975 720 2009 quamvis
737 1979 878 2002 mansuete
893 1978 921 2002 et
937 1982 998 2002 cum
1015 1976 1100 2003 silen-

322 2020 362 2046 tio
387 2018 501 2052 feratur,
529 2020 731 2052 recusaverint,
757 2024 785 2047 et
808 2025 903 2047 contra
926 2022 1031 2056 seipsos
1055 2027 1101 2048 aut

323 2065 444 2099 gentium
459 2065 605 2093 simulacra
621 2066 785 2098 colentium,
806 2069 853 2092 aut
875 2067 966 2101 populi
986 2066 1032 2094 Dei
1055 2067 1101 2094 de-

323 2111 450 2139 fectionis
478 2111 628 2146 principem
660 2111 836 2146 optaverint,
867 2119 897 2139 se
924 2111 1100 2139 inducturum

321 2163 420 2191 muam
447 2159 568 2187 ﬂuminis
603 2158 701 2185 fortem
738 2161 764 2184 et
784 2157 913 2188 multam,
929 2165 1010 2192 quam
1035 2165 1100 2184 sane

321 2209 419 2238 aquam
434 2221 444 2235 ,
469 2202 558 2237 ipsum
578 2203 724 2238 prophetiae
743 2203 883 2230 oraculum
908 2203 1101 2236 interpretatur

1152 1601 1312 1636 εσταλμὲνον
1324 1600 1403 1626 κάκεῖ
1418 1599 1558 1635 δηλοῦντος
1569 1599 1615 1625 τοῦ
1631 1597 1719 1632 λόγου.
1728 1598 1756 1624 Ὀ
1766 1597 1794 1623 δὲ
1812 1597 1930 1632 Ῥαασὶμ

1153 1644 1276 1680 βασιλεὺς
1294 1642 1327 1679 ἦν
1342 1644 1423 1670 πάλιν
1452 1644 1506 1670 τῶν
1527 1644 1555 1670 ὲν
1578 1642 1714 1679 Δαμασκῷ
1733 1641 1930 1678 εἰδωλολατρῶν

1151 1695 1244 1726 ἐθνῶν,
1268 1695 1305 1727 ὡς
1329 1695 1376 1721 καὶ
1398 1696 1411 1721 ό
1435 1695 1490 1726 υἱὸς
1509 1693 1646 1729 Ῥομελίου
1672 1693 1726 1719 τῶν
1740 1694 1768 1719 ἐν
1791 1691 1931 1728 Σαμαρείᾳ

1151 1740 1197 1767 τοῦ
1216 1740 1348 1767 Ἰουδαίων
1369 1740 1460 1772 ἔθνους
1476 1740 1650 1766 ἀποστάντων
1660 1739 1708 1774 τῆς
1729 1737 1843 1773 πατρίου
1861 1737 1929 1773 θρη-

1152 1786 1254 1817 σκείας.
1288 1786 1403 1812 Ἀπειλεί
1418 1785 1583 1821 τοιγαροῦνὸ
1603 1784 1668 1816 Θεὸς
1687 1785 1743 1815 τοῖς
1766 1783 1803 1819 μὴ
1819 1782 1866 1809 τὸν
1886 1782 1930 1808 Σι-

1150 1830 1239 1866 λωὰμ,
1251 1831 1321 1857 τοῦτ’
1337 1831 1393 1857 ἔστι
1409 1831 1452 1857 τὸν
1465 1830 1664 1865 ἀπεσταλμένον
1686 1827 1870 1864 Ἐμμανουὴλ,
1883 1826 1930 1853 καὶ

1149 1880 1194 1906 τὸν
1211 1880 1243 1905 ἐκ
1255 1879 1302 1914 τῆς
1319 1878 1480 1914 προφήτιδος
1497 1877 1676 1913 γεγενημένον
1693 1876 1759 1908 υἱὸν,
1774 1875 1819 1901 τόν
1832 1883 1862 1901 τε
1880 1874 1930 1901 πό-

1150 1933 1227 1960 τιμον
1242 1926 1287 1952 καὶ
1297 1925 1406 1960 γόνιμον
1419 1923 1500 1951 αὑτοῦ
1515 1924 1599 1958 Λόγον
1607 1921 1848 1958 παραδεξαμένοις,
1861 1921 1929 1947 ἀλλὰ

1150 1971 1241 1997 τοῦτον
1271 1971 1327 2006 μὲν,
1356 1970 1444 1997 καίτοι
1471 1970 1564 2005 πράως
1593 1970 1639 1996 καὶ
1663 1968 1750 2004 ἡσυχῆ
1766 1967 1927 2004 φερόμενον,

1150 2016 1405 2052 παραιτησαμένοις,
1426 2015 1484 2042 καθ’
1498 2015 1598 2042 ἑαυτῶν
1619 2015 1648 2041 δὲ
1659 2015 1717 2050 ἦτοι
1729 2014 1775 2040 τὸν
1786 2013 1839 2040 τῶν
1851 2012 1929 2039 εἰδω-

1151 2061 1285 2097 λολατρῶν
1299 2061 1384 2088 ἐθνῶν
1405 2062 1532 2096 ἄρχοντα,
1549 2061 1565 2096 ἢ
1581 2061 1626 2087 τὸν
1641 2060 1689 2096 τῆς
1700 2059 1868 2091 ἀποστασίας
1880 2059 1929 2086 τοῦ

1151 2107 1213 2133 λαοῦ
1225 2107 1271 2133 τοῦ
1286 2106 1352 2133 Θεοῦ
1377 2106 1512 2142 ἑλομένοις
1530 2106 1639 2137 ἐπάξειν
1655 2105 1685 2131 τδ
1696 2105 1766 2140 ὕδωρ
1780 2103 1827 2131 τοῦ
1842 2101 1929 2131 ποτα-

1153 2153 1203 2188 μοῦ
1214 2153 1243 2179 τὸ
1258 2152 1365 2188 ἰσχυρὸν
1386 2153 1433 2178 καὶ
1450 2152 1480 2178 τὸ
1498 2151 1575 2183 πολὺ,
1592 2152 1660 2187 ὅπερ
1676 2150 1747 2186 ὕδωρ
1759 2150 1839 2182 αὐτὸς
1854 2151 1869 2177 ὸ
1881 2151 1930 2186 τῆς

1151 2199 1317 2235 προφητείας
1329 2199 1405 2232 λόγος
1431 2197 1583 2234 ἑρμηνεύει,
1598 2197 1682 2231 λέγων
1705 2196 1784 2223 αὑτὸν
1800 2194 1869 2223 εἶναι
1883 2196 1930 2223 τὸν

321 2249 434 2279 dicens.
452 2248 543 2282 ipsum
560 2256 622 2276 esse
643 2256 733 2283 regem
751 2248 936 2283 Assyriorum.
963 2248 1007 2275 Sic
1027 2249 1100 2276 enim
1118 2245 1138 2271 Ι)

1118 2245 1138 2271 D
1152 2245 1263 2280 βασιλέα
1280 2244 1335 2270 τῶν
1357 2244 1504 2280 Ἀσσυρίων
1516 2252 1522 2258 ·
1540 2244 1610 2270 οὕτω
1621 2242 1700 2270 πάλιν
1717 2243 1775 2278 ἦτοι
1788 2242 1858 2269 κατὰ
1872 2242 1930 2268 διὰ-

320 2301 418 2321 rursus
435 2294 585 2322 secundum
601 2294 762 2321 sententiam
774 2314 781 2325 .
800 2299 846 2321 aut
868 2294 1003 2328 signiﬁcat
1023 2294 1100 2328 prin-

319 2340 410 2375 cipem
421 2340 514 2368 smculi
527 2339 618 2374 hujus,
634 2344 680 2366 aut
690 2359 698 2372 ,
710 2340 783 2375 quod
797 2348 870 2367 nunc
884 2349 973 2368 rerum
988 2341 1099 2374 potitur,

319 2386 505 2413 Romanorum
520 2386 681 2421 imperium,
700 2386 745 2413 cui
769 2387 884 2421 imperio
905 2386 998 2413 traditi
1020 2391 1098 2419 sunt,

319 2432 367 2466 qui
384 2439 443 2459 eam
456 2451 464 2464 ,
482 2431 516 2458 de
530 2439 584 2466 qua
598 2432 700 2459 dictqu
715 2436 775 2464 est,
791 2439 889 2466 aquam
904 2431 1023 2465 Siloam,
1041 2440 1100 2467 qua:

321 2485 386 2505 cum
403 2477 512 2506 silentio
533 2477 624 2510 vadit,
641 2483 852 2511 recusaverunt,
868 2478 1032 2506 adversariis
1051 2487 1100 2506 au-

318 2531 373 2556 tem
389 2530 472 2562 atque
489 2527 612 2554 hostibus
628 2531 709 2554 rectae
723 2527 838 2555 rationis
853 2526 998 2554 sententiis
1018 2530 1099 2561 atque

318 2572 508 2607 opinionibus.
520 2573 626 2608 seipsos
640 2573 816 2607 subjecerunt
829 2582 835 2600 :
852 2581 868 2601 e
881 2574 995 2608 vestigio
1008 2572 1081 2599 enim
1090 2592 1097 2604 ,

318 2625 409 2653 neque
425 2618 463 2645 ita
480 2622 542 2653 post
557 2619 673 2646 multum
693 2623 800 2654 tempus
810 2639 818 2651 ,
834 2619 862 2646 in
878 2627 926 2647 eos
941 2619 988 2654 qui
1004 2618 1099 2645 Salva-

319 2664 389 2691 toris
402 2665 488 2690 nostri
506 2664 681 2700 Evangelium
699 2672 754 2692 non
773 2668 968 2699 susceperant.
987 2664 1035 2692 sed
1051 2672 1098 2699 po-

319 2712 377 2735 tum
393 2708 513 2741 Siloam,
531 2710 577 2745 qui
600 2711 701 2738 labitur
720 2718 783 2737 cum
802 2710 924 2742 silentio,
949 2717 1097 2738 recusave—

319 2758 399 2785 rant.
415 2753 599 2783 Romanorum
615 2757 650 2784 ab
664 2757 724 2791 ipso
741 2756 796 2784 Deo
812 2756 934 2784 directus
949 2757 1097 2788 exercitus,

320 2797 394 2824 facto
411 2799 511 2834 impetu
522 2819 530 2832 ,
548 2802 701 2834 penetravit
718 2802 745 2828 in
763 2809 872 2829 omnem
889 2802 1040 2830 convallem
1057 2802 1098 2836 ip-

321 2850 432 2875 sorum,
455 2849 482 2871 et
505 2846 653 2874 ambulavit
674 2855 756 2882 super
777 2855 886 2875 omnem
901 2855 1008 2876 murum
1024 2847 1097 2883 ipso-

302 2918 305 2921 -
352 2902 377 2919 "
392 2899 447 2930 ιη.
459 2908 520 2935 vni,
539 2902 598 2931 5-8.
619 2903 661 2949 λ’
674 2903 741 2934 Gen.
758 2912 831 2940 nix,
847 2904 893 2934 10.

1151 2300 1223 2317 νοιαν
1250 2291 1387 2325 σημαίνων
1409 2290 1454 2316 τὸν
1478 2290 1593 2325 ἄρχοντα
1610 2288 1656 2314 τοῦ
1681 2288 1776 2320 αἰῶνος
1789 2287 1896 2319 τούτου,
1911 2287 1929 2323 ἢ

1151 2337 1197 2372 τὴν
1214 2337 1260 2363 νῦν
1270 2336 1467 2372 ἐπικρατοῦσαν
1480 2335 1620 2370 Ῥωμαίων
1636 2334 1720 2370 ἀρχὴν
1733 2354 1741 2367 ,
1793 2334 1840 2361 καὶ
1860 2341 1931 2369 παρ-

1151 2384 1279 2419 εδόθησαν
1307 2385 1331 2409 οἱ
1353 2383 1383 2409 τὸ
1415 2383 1463 2418 μὲν
1488 2382 1605 2417 δηλωθὲν
1622 2380 1668 2407 τοῦ
1685 2379 1884 2416 ΣιλωὰμὌδωρ
1899 2380 1930 2406 τὸ

1151 2430 1329 2465 πορευόμενον
1341 2429 1426 2464 ἡσυχῆ
1442 2428 1683 2463 παραιτησάμενοι,
1697 2428 1751 2458 τοῖς
1758 2427 1786 2452 δὲ
1797 2426 1930 2458 ἐναντίοις

1150 2477 1195 2502 καὶ
1213 2475 1349 2511 πολεμίοις
1358 2475 1403 2501 τοῦ
1414 2474 1493 2511 ὀρθοῦ
1505 2474 1582 2508 λόγου
1592 2473 1722 2508 δόγμασιν
1731 2473 1848 2504 ἑαυτοὺς
1861 2472 1929 2498 ὑπο⁴

1149 2522 1320 2556 ὁεϐληκότες.
1329 2521 1430 2547 Αὐτίκα
1436 2519 1499 2554 γοῦν
1511 2520 1558 2546 καὶ
1565 2519 1614 2546 οὐκ
1624 2520 1662 2550 είς
1678 2518 1784 2554 μακρὰν
1793 2517 1832 2554 μὴ
1839 2526 1930 2554 παρα-

1149 2567 1303 2602 δεξαμένοις
1310 2567 1400 2597 αὐτοῖς
1415 2567 1444 2592 τὺ
1462 2566 1507 2593 τοῦ
1520 2566 1644 2601 Σωτῆρος
1659 2564 1736 2601 ὴμῶν
1751 2564 1927 2599 Εὑαγγέλιον,

1150 2612 1396 2648 παραιτησαμένοις
1410 2612 1439 2638 δὲ
1453 2611 1484 2638 τὸ
1496 2611 1541 2638 τοῦ
1554 2611 1663 2646 Σιλωὰμ
1678 2610 1757 2638 ποτὸν
1771 2610 1801 2637 τὸ
1814 2611 1929 2646 πορευό-

1151 2665 1228 2692 μενον
1241 2656 1339 2692 ἡσυχῆ,
1355 2655 1472 2682 ἐπελθὼν
1489 2655 1541 2681 ὑπὸ
1558 2653 1604 2681 τοῦ
1618 2653 1684 2681 Θεοῦ
1697 2655 1930 2689 κατευθυνόμενος

1154 2702 1294 2739 Ῥωμαίων
1311 2702 1434 2738 στρατὸς,
1450 2701 1608 2737 ἀνελήλυθεν
1628 2701 1674 2727 ἐπὶ
1696 2702 1785 2727 πᾶσαν
1797 2700 1930 2737 φάραγγα

1148 2749 1247 2782 αὐτῶν,
1260 2749 1307 2776 καὶ
1320 2749 1518 2785 περιεπάτησεν
1532 2749 1577 2774 ἐπὶ
1592 2748 1646 2774 πᾶν
1662 2748 1751 2782 τεῖχος
1761 2746 1862 2779 αὐτῶν,
1881 2747 1930 2774 καὶ

1148 2801 1255 2836 ἀφεῖλεν
1276 2800 1329 2827 ἀπὸ
1352 2799 1401 2834 τῆς
1420 2799 1548 2831 Ἰουδαίας
1564 2798 1704 2834 ἄνθρωπον
1714 2818 1721 2830 ,
1737 2798 1767 2829 ὃς
1783 2797 1929 2833 δυνήσεται

1147 2846 1265 2882 κεφαλὴν
1286 2845 1361 2883 ἆραι,
1379 2847 1424 2873 καὶ
1450 2845 1559 2873 δυνατὸν
1585 2844 1792 2872 συντελέσασθαι
1811 2853 1852 2871 τιι
1879 2843 1928 2871 καὶ
