2089 3218
627 177 955 206 DEHONSTRATIONIS
969 174 1198 205 EVANGELIGAE
1209 176 1273 205 LIB.
1290 175 1347 204 Vll.

1738 180 1795 209 836

167 236 279 273 γέγονεν
293 236 311 272 ἠ
324 235 484 272 παρεμϐολὴ
499 235 547 263 τοῦ
560 235 723 272 animum;
734 238 865 273 τοσαύτη,
886 237 952 264 ὥστε

1007 243 1085 269 rum,
1099 240 1127 264 et
1140 235 1254 264 abstulit
1273 234 1308 263 de
1330 235 1425 263 Iudaea
1447 235 1607 269 hominem.
1628 236 1679 272 qui
1701 243 1796 273 posset

168 282 313 320 πληρῶσαι
340 283 372 309 τὸ
392 283 492 314 πλάτος
519 282 570 317 τῆς
601 283 729 315 Ἰουδαίας
754 283 874 319 ἁπάσης.
901 284 955 311 Καὶ

167 330 246 356 τοῦτὸ
259 338 290 364 γε
307 329 376 365 πρὸς
391 328 462 361 λέξιν
475 329 561 360 οὕτως
579 330 618 360 εἰς
639 329 759 361 ἐκείνους
776 330 955 364 ἐκπεπλήρωα

166 384 221 402 ται.
248 375 298 402 Διὰ
324 376 404 402 ποίαν
428 375 527 405 αἰτίαν,
541 375 563 400 εἰ
577 375 607 401 δὴ
622 375 716 410 μαθεῖν
734 375 845 406 ἐθέλεις,
860 376 952 403 ἄκουε.

168 422 228 449 Ὅτι
246 422 304 457 μεθ’
318 421 416 456 ήμῶνὸ
427 421 493 452 Θεὸς
512 421 695 456 Ἐμμανουὴλ,
712 423 725 447 ὁ
738 423 769 447 ἐκ
784 421 834 455 τῆς
850 422 954 457 Παρθέ-

167 475 214 494 νου
227 467 432 501 γεγεννημένος,
442 466 500 493 ἀλλ’
521 466 550 494 οὺ
577 467 621 493 καὶ
639 468 695 501 μετ’
710 466 798 493 αὐτῶν
812 465 860 502 ἦν·
876 467 913 498 ὼς
930 468 956 493 εἴ

167 520 201 546 γε
217 510 287 547 εἶχον
303 512 392 543 αὑτὸν,
412 512 460 537 οὐκ
486 511 518 538 ἂν
532 512 617 538 ταῦτα
644 512 831 539 πεπόνθεισαν.
855 513 899 539 Διὸ
921 513 952 548 δὴ

168 559 235 593 ἑξῆς
245 559 259 584 ὁ
271 558 348 592 λόγος
363 560 417 589 τοῖς
431 558 534 584 ἔθνεσιν
550 558 690 585 ἐπιϐοᾶται
707 560 751 585 τὸν
770 559 952 594 Ἐμμανουήλ.

168 603 268 637 λέγων·
287 613 296 629 ι
315 598 382 630 Μεθ’
403 603 480 638 ἡμῶν
502 610 516 629 ο
537 603 602 634 Θεός
615 611 621 618 ·
638 603 735 637 γνῶτε,
754 603 828 638 ἔθνη,
842 604 887 630 καὶ
906 605 952 638 ήτ-

169 649 262 675 τᾶσθε.
277 661 285 674 ν
299 649 353 675 Καὶ
364 648 449 675 ταῦτα
465 649 487 674 δ’
502 650 567 684 ἡμῖν
580 649 777 684 ἑρμηνεύεται,
792 650 831 679 είς
853 649 883 675 τὸ
898 658 951 675 πα-

171 693 314 727 ραστῆσαι,
331 693 368 723 ὡς
383 693 447 718 ποτὲ
462 693 511 728 μὲν
528 693 597 719 κατὰ
612 693 692 725 λέξιν,
707 694 771 720 ποτὲ
794 694 821 720 δὲ
835 694 867 720 δι’
882 696 950 720 αἰνι-

168 738 246 772 γμῶν
257 739 291 765 τὰ
308 739 421 765 πλεῖστα
438 738 492 764 τῶν
517 738 689 774 προψητειῶν
706 739 883 774 ἐκλαμϐάνειν
896 740 949 766 δεῖ·

168 783 243 810 ἔνθεν
266 784 295 810 δὲ
319 785 494 820 ὁρμωμένους
509 786 641 821 προσήκει
659 785 704 811 καὶ
717 785 751 811 τὰ
761 785 841 812 λοιπὰ
857 786 904 821 τῆς
924 787 952 811 ἐν

168 831 246 866 χερσὶ
263 832 428 867 προφητείας
441 832 541 866 ὁμοίως
558 832 728 868 ἐπιθεωρεῖν.

1009 285 1091 317 caput
1115 281 1229 314 tollere,
1248 285 1295 308 aut
1309 281 1357 317 qui
1373 281 1489 309 idoneus
1504 286 1578 310 esset
1601 289 1795 313 consummare

1009 326 1113 362 aliquid
1127 336 1134 353 :
1152 331 1178 353 et
1196 326 1268 353 facta
1284 330 1349 355 sunt
1364 327 1424 362 ejus
1440 330 1531 355 castra
1548 328 1617 355 adeo
1634 335 1748 364 magna,
1764 334 1795 356 ut

1008 374 1143 400 universa:
1167 372 1267 400 Iudaeae
1290 373 1462 401 latitudinem
1486 374 1669 408 impleverint.
1692 374 1725 402 Et
1743 375 1794 402 hoc

1008 419 1115 455 quidem
1128 427 1175 446 cur
1185 420 1219 446 ita
1231 419 1264 446 ad
1275 419 1386 447 verbum
1402 423 1497 447 contra
1507 420 1567 447 illos
1574 421 1738 455 completum
1747 421 1794 453 sit,

1007 466 1030 493 si
1046 466 1086 493 vis
1103 465 1224 497 discere.
1241 466 1305 492 audi
1319 466 1386 500 jam.
1403 465 1505 501 Nempe
1518 466 1646 501 quoniam
1661 467 1707 494 ille
1725 468 1795 494 Deus

1008 510 1188 543 Emmanuel,
1212 512 1259 546 qui
1283 512 1316 539 de
1333 511 1444 547 Virgine
1465 516 1546 540 natus
1567 517 1625 544 est,
1649 514 1794 541 nobiseum

1008 556 1074 590 fuit,
1089 565 1142 583 non
1157 564 1220 583 cum
1236 557 1310 590 illis;
1324 566 1386 584 nam
1403 558 1425 585 si
1441 558 1515 584 illum
1531 558 1690 586 habuissent
1703 579 1711 591 ,
1726 567 1794 586 nun-

1005 612 1085 639 quam
1104 605 1169 631 talia
1187 606 1259 639 passi
1278 609 1379 631 essent.
1398 605 1571 639 Quapropter
1583 605 1642 640 jam
1659 606 1790 641 deinceps

1005 650 1145 677 oraculum
1170 650 1203 676 ad
1227 655 1322 685 gentes
1348 650 1477 677 inclamat
1504 652 1592 685 ipsum
1615 651 1791 685 Emmanuel,

1007 696 1100 722 dicens
1119 706 1125 723 :
1143 706 1151 721 ι
1170 696 1319 723 Nobiscum
1346 696 1434 729 Deus,
1463 697 1629 731 cognoscite,
1643 702 1746 732 gentes,
1765 703 1794 725 et

1006 743 1158 769 \‘incimini.
1177 753 1185 767 ι
1203 743 1234 769 lit
1258 743 1315 770 lucc
1336 743 1446 777 quidem
1468 751 1518 770 nos
1537 744 1587 770 hoc
1609 743 1690 770 modo
1707 744 1793 772 inter-

1007 790 1102 823 pretati
1129 797 1223 817 sumus
1236 811 1242 822 ,
1260 795 1289 817 ut
1309 790 1535 821 ostenderemus,
1559 791 1791 825 Quemadmodum

1007 843 1081 862 nunc
1105 836 1214 870 quidem
1232 835 1265 863 ad
1283 836 1412 868 verbum,
1432 843 1505 862 nunc
1521 841 1611 863 autem
1628 844 1675 871 per
1692 837 1792 864 obscu-

168 879 256 906 riores
274 878 374 914 ﬁguras
390 880 536 906 maximam
560 880 765 914 prophetiarum
783 884 889 914 partem
913 881 1064 917 intelligere
1076 887 1201 917 oportet;
1224 887 1351 910 ueterum
1380 883 1437 917 jam
1466 883 1529 911 inde
1552 884 1695 917 abeuntes.
1727 893 1792 913 con-

167 925 242 953 venit
258 926 339 953 etiam
354 926 381 953 id
396 926 467 960 quod
484 927 518 953 de
534 927 628 954 eadem
646 927 789 962 prophetia
807 933 950 963 superest,
971 931 1055 956 simili
1082 931 1188 957 ratione
1216 931 1404 965 contemplari.

202 973 234 999 Εἰ
243 973 316 999 δὲὲτι
327 974 374 1000 καὶ
383 973 429 1000 νῦν
439 975 478 1006 εἰς
487 973 616 1009 μέλλοντά
623 983 685 1000 ποτε
694 975 788 1010 χρόνον
795 976 952 1011 γενήσεσθαι

1042 978 1123 1013 334
1138 978 1215 1011 Quod
1233 979 1254 1005 si
1273 979 1353 1005 etiam
1374 987 1446 1005 nunc
1460 978 1564 1013 Judmi,
1585 980 1642 1008 haec
1657 981 1711 1008 alio
1725 989 1792 1016 quo-

166 1018 254 1046 ταῦτα
265 1020 289 1045 οἱ
306 1020 339 1045 ἐκ
349 1021 498 1055 περιτομῆς
512 1021 602 1054 φασὶν,
612 1021 657 1046 ἐπὶ
670 1021 715 1046 τοῦ
729 1021 950 1057 προσδοκωμένου

166 1065 260 1098 αὐτοῖς
274 1066 402 1101 Χριποῦ,
421 1067 510 1102 ῥητῶς
526 1067 604 1102 μόνον
619 1068 664 1094 καὶ
680 1068 747 1102 πρὸς
760 1068 831 1101 λέξιν
842 1069 950 1096 ἔσεσθαι

167 1111 238 1138 αὐτὰ
264 1112 481 1148 προσδεχόμενοι,
494 1113 644 1148 ἐρωτητέον
661 1114 768 1145 αὐτοὺς,
784 1114 841 1146 πῶς
860 1116 873 1141 ὁ
889 1116 951 1150 μὲλ-

167 1157 221 1183 λων
235 1157 310 1191 ἥξειν
327 1158 385 1184 κατ’
402 1159 499 1190 αὐτοὺς
515 1159 627 1194 λήψεται
651 1159 764 1194 δύναμιν
793 1161 949 1195 Δαμασκοῦ,

167 1205 215 1231 καὶ
227 1205 261 1232 τὰ
277 1205 361 1231 σκῦλα
374 1205 529 1241 Σαμαρείας
538 1206 626 1232 ἔναντι
642 1206 770 1241 βασιλέως
791 1207 949 1242 Ἀσσυρίων,

167 1251 362 1287 καθῃρημένης
380 1251 429 1287 μὲν
446 1252 495 1287 ἤδη
519 1253 566 1287 τῆς
584 1252 738 1288 Σαμαρείας
751 1253 821 1279 κατὰ
838 1253 883 1279 τὸν
897 1262 949 1279 πα-

168 1297 250 1333 ρόντα
271 1298 376 1333 καιρὸν,
403 1298 450 1324 καὶ
471 1298 566 1334 μηκέτι
581 1298 673 1334 οὔσης,
692 1298 759 1325 ἀλλὰ
778 1300 824 1325 καὶ
834 1299 883 1334 τῆς
895 1300 951 1326 ὀνο-

169 1344 325 1380 μαζομένης
349 1345 488 1380 δυνάμεως
510 1346 654 1380 Δαμασκοῦ
673 1346 803 1381 μηδαμῶς
815 1347 951 1382 ὑπαρχού-

168 1399 230 1426 σης,
245 1391 312 1426 μηδὲ
326 1391 375 1426 τῆς
391 1391 444 1417 τῶν
466 1392 612 1427 Ἀσσυρίων
623 1392 791 1424 δυναστείας,
812 1393 844 1428 ἣν
864 1393 950 1428 Μῆδοι

168 1437 216 1464 καὶ
240 1435 343 1472 Πέρσαι
373 1438 531 1470 καθελόντες
549 1438 631 1465 πάλαι
649 1438 712 1465 ποτε
729 1438 878 1471 διεδέξαντο
891 1447 898 1470 ;
913 1435 949 1465 ὦν

166 1482 235 1518 ὁμοῦ
259 1483 367 1509 πάντων
393 1483 463 1510 κατὰ
478 1484 523 1510 τὸν
547 1483 683 1511 ἐνεστῶτα
707 1485 800 1519 καιρὸν
813 1484 880 1519 μηδὲ
901 1485 950 1520 τὴν

167 1528 254 1564 ἀρχὴν
270 1529 440 1563 ὑφεστώτων,
454 1530 511 1561 πῶς
525 1529 635 1556 δυνατὸν
657 1531 695 1561 εἰς
712 1529 841 1564 μέλλοντα
857 1530 950 1564 χρόνον

167 1574 218 1610 τὴν
235 1575 393 1610 καθαίρεσιν
404 1575 492 1602 αὐτῶν
511 1575 677 1611 προσδοκᾷνς
700 1576 767 1602 Ἀλλ’
781 1575 841 1602 οὔτε
856 1576 949 1602 ἄλλοτε

169 1618 277 1647 submit:
296 1620 379 1647 πάλαι
406 1621 535 1656 πρότερον
559 1621 718 1656 γεγενῆσθαι
736 1622 769 1648 τὰ
784 1622 951 1657 προφητευό-

1004 1024 1065 1050 dam
1090 1029 1210 1059 tempore
1231 1024 1321 1051 futura
1343 1033 1404 1052 esse
1424 1026 1530 1057 dicant,
1558 1030 1651 1061 utpote
1675 1034 1738 1053 cum
1759 1035 1791 1055 ea

1005 1079 1037 1097 ex
1061 1070 1163 1104 scripto
1185 1069 1334 1100 duntaxat.
1362 1075 1442 1106 atque
1466 1072 1499 1098 ad
1526 1072 1656 1104 verbum,
1681 1073 1715 1100 de
1740 1081 1789 1105 eo,

1005 1115 1050 1150 qui
1073 1116 1106 1142 ab
1129 1116 1196 1150 ipsis
1217 1116 1305 1143 adhuc
1328 1121 1510 1151 exspectatur,
1538 1118 1646 1146 Christo
1667 1119 1793 1153 accipere

989 1179 992 1183 ~
1005 1163 1127 1193 Soleant,
1151 1162 1336 1198 interrogandi
1348 1169 1410 1190 sunt
1423 1165 1548 1198 protinus
1559 1185 1565 1196 ,
1583 1165 1719 1199 quomodo
1743 1166 1790 1200 qui

1005 1213 1136 1236 venturus
1159 1214 1217 1240 est,
1234 1213 1262 1235 ut
1279 1209 1329 1243 ipsi
1347 1210 1437 1241 aiunt,
1462 1215 1621 1244 potestatem
1645 1211 1789 1244 Damasci.

1004 1258 1030 1281 et
1055 1254 1142 1288 spolia
1168 1254 1297 1280 Samaria;
1321 1255 1436 1289 accipiet
1458 1263 1550 1282 coram
1577 1264 1639 1291 rege
1665 1257 1791 1292 Assyrio-

1005 1308 1075 1333 rum,
1090 1308 1151 1327 cum
1173 1300 1199 1326 in
1212 1301 1337 1334 praesenti
1349 1304 1470 1335 tempore
1485 1301 1607 1329 Samaria
1620 1302 1726 1330 sublata
1738 1303 1788 1334 sit,

1004 1352 1091 1379 neque
1114 1345 1231 1379 amplius
1253 1345 1382 1376 exsistat,
1404 1350 1431 1372 et
1459 1353 1489 1373 ea
1516 1354 1577 1380 qua:
1604 1350 1724 1380 potestas
1738 1347 1791 1373 Da-

1004 1391 1088 1418 masci
1109 1391 1276 1423 nominatur,
1302 1400 1435 1426 nusquam
1456 1397 1600 1427 appareat,
1623 1400 1711 1428 neque
1725 1394 1789 1421 item

1003 1437 1123 1471 potentia
1148 1438 1335 1471 Assyriorum.
1352 1445 1433 1472 quam
1457 1439 1565 1473 quidem
1589 1446 1650 1466 cum
1669 1439 1737 1466 llledi
1758 1447 1790 1466 ac

1004 1482 1094 1510 Persae
1116 1483 1293 1515 evertissent,
1318 1484 1344 1510 in
1361 1484 1420 1516 ejus
1439 1484 1529 1511 locum
1543 1484 1706 1519 jampridem
1726 1492 1789 1512 suc~

1004 1529 1168 1556 cesserunt?
1185 1536 1245 1564 qua:
1271 1529 1351 1556 simul
1379 1530 1468 1556 omnia
1494 1537 1554 1556 eum
1582 1530 1624 1557 sui
1648 1531 1788 1565 ipsorum,

1004 1576 1055 1602 hoc
1080 1575 1138 1609 ipso
1168 1580 1287 1610 tempore
1316 1576 1358 1602 vix
1387 1576 1514 1611 exiguum
1542 1577 1677 1611 quoddam
1705 1578 1788 1605 vesti-

1004 1622 1076 1656 giutn
1103 1621 1305 1653 demonstrent,
1330 1629 1384 1656 quo
1409 1622 1546 1656 possimus
1571 1631 1602 1650 ea
1628 1623 1712 1651 fuisse
1738 1625 1789 1651 ali~

169 1668 238 1704 μενά
256 1670 329 1695 ἐστιν
347 1669 442 1694 εἰπεῖν.
468 1668 560 1699 Οὐδεὶς
582 1667 645 1701 γοῦν
658 1669 720 1703 παρ’
745 1668 878 1703 Ἑϐραίοις
897 1668 952 1694 πώ-

1006 1668 1114 1702 quando
1136 1668 1290 1701 conjicere,
1314 1667 1361 1702 qui
1383 1669 1490 1696 tandem
1518 1668 1574 1695 ﬁeri
1602 1673 1690 1703 potest
1715 1673 1744 1696 ut
1761 1671 1788 1696 in

169 1722 235 1741 me
256 1715 288 1740 ὲκ
304 1714 466 1750 προφήτιδος
490 1714 600 1750 μητρὸς,
616 1714 661 1740 καὶ
685 1714 794 1740 Ἡσαΐου
812 1713 857 1740 τοῦ
883 1723 950 1749 προ-

169 1761 255 1796 φήτου
273 1760 422 1795 γεννηθεὶς,
446 1759 531 1786 σκῦλα
548 1760 702 1795 Σαμαρείας
717 1761 762 1786 καὶ
773 1760 885 1796 δύναμιν
899 1762 950 1787 Δα-

170 1806 275 1841 μασκοῦ
285 1806 355 1832 κατὰ
380 1805 425 1832 τοῦ
444 1805 573 1840 βασιλέως
595 1806 742 1841 ’Λσσυρίων
768 1806 949 1841 στρατεύσας,

167 1851 206 1882 ὡς
221 1851 289 1887 πρὸς
306 1850 389 1886 ῥητὴν
415 1851 533 1877 διάνοιαν
557 1850 646 1876 λαϐὼν
664 1851 800 1886 ἱστόρηται
814 1860 820 1866 ³
839 1851 907 1877 ὥστε
922 1851 950 1883 ἐξ

168 1897 288 1927 ἅπαντος
313 1896 461 1932 ὁμολογεῖν,
478 1896 549 1922 αὐτὰ
561 1896 630 1922 κατὰ
643 1896 690 1931 τὴν
708 1897 882 1923 ἀποδοθεῖσαν
895 1897 952 1923 διά-

168 1952 240 1970 νοιαν
256 1943 344 1979 μόνως
360 1942 564 1978 πεπληρῶσθαι,
582 1943 631 1969 οὐκ
642 1942 733 1969 ἄλλοτε
748 1941 870 1978 δηλαδὴῆ
883 1942 951 1969 κατὰ

167 1989 216 2025 τὴν
227 1989 376 2024 γενομένην
388 1988 535 2024 παρουσίαν
559 1988 645 2024 Ἰησοῦ
656 1987 702 2015 τοῦ
723 1988 847 2024 Σωτῆρος
862 1988 949 2023 ἡμῶν,

168 2033 228 2061 καθ’
242 2034 273 2060 ὃν
290 2034 468 2070 ἀπεδείξαμεν
487 2035 563 2065 τέλος
579 2034 717 2069 εἰληφέναι
733 2034 767 2061 τὰ
784 2043 951 2069 προηγορευ-

169 2080 249 2116 μένα.
279 2081 400 2116 Ἐγράφη
413 2080 434 2106 δ’
451 2078 496 2107 οὖν
522 2080 591 2106 κατὰ
614 2080 662 2114 τὴν
688 2080 854 2115 προφητείαν
876 2081 922 2106 καὶ
938 2081 951 2106 ὁ

169 2126 260 2157 καινὸς
277 2125 360 2161 τόμος
375 2125 420 2150 ἐπὶ
433 2126 482 2160 τῆς
500 2125 580 2151 αὐτοῦ
596 2125 754 2160 παρουσίας,
766 2126 780 2151 ὁ
792 2125 840 2160 τῆς
854 2125 951 2160 καινῆς

167 2171 304 2207 Διαθήκης
324 2171 401 2205 λόγος
425 2171 474 2206 τὴν
488 2171 591 2205 γένεσιν
609 2171 742 2206 περιέχων
758 2170 804 2197 τοῦ
818 2171 867 2205 τῆς
886 2179 951 2205 προ-

169 2215 278 2250 φήτιδος
298 2215 368 2245 υἱοῦ,
383 2215 412 2246 ὃς
438 2215 484 2242 καὶ
503 2215 571 2250 πρὸς
584 2215 655 2248 λέξιν
672 2216 718 2241 καὶ⁴
732 2215 888 2251 Δαμασκοῦ,
904 2216 951 2242 καὶ

168 2259 268 2295 Συρίας
283 2259 391 2295 ἀπάσης
409 2260 458 2295 τὴν
472 2259 612 2295 βασιλικὴν
635 2260 759 2296 δύναμιν,
777 2262 811 2288 τά
822 2271 851 2288 τε
866 2263 952 2297 ἑρμη-

167 2302 294 2329 νευϐἑντα
321 2304 386 2338 ἡμῖν
401 2303 486 2330 σκῦλα
507 2304 662 2339 Σαμαρείας
677 2306 786 2341 ἀρρήτῳ
801 2306 846 2333 καὶ
868 2307 951 2342 ὲνθέῳ

1004 1714 1126 1740 futurum
1144 1719 1252 1748 tempus
1267 1721 1363 1740 eorum
1380 1717 1555 1749 exspectetur
1571 1715 1698 1743 eversio?
1712 1717 1786 1750 atqui

1003 1767 1037 1786 ne
1057 1764 1135 1786 antea
1159 1759 1269 1794 quidem
1293 1761 1348 1786 ullo
1366 1768 1485 1795 unquam
1502 1765 1623 1795 tempore
1638 1761 1709 1788 facta
1726 1770 1788 1790 esse

1004 1814 1034 1833 ea
1049 1814 1109 1841 qua;
1121 1806 1147 1832 in
1164 1806 1322 1840 hujusmodi
1336 1807 1478 1841 prophetia
1492 1807 1679 1839 continentur,
1693 1807 1786 1835 dicere

1004 1854 1059 1880 ullo
1072 1853 1153 1879 modo
1167 1857 1293 1887 possunt.
1307 1853 1404 1881 Nullus
1421 1856 1496 1880 certe
1512 1861 1631 1888 unquam
1648 1854 1719 1888 apud
1734 1853 1786 1881 lle-

1003 1899 1090 1927 brzeos
1103 1907 1135 1926 ex
1152 1899 1310 1934 prophetica
1326 1902 1413 1926 matre
1427 1903 1453 1926 et
1466 1898 1534 1926 Isaia
1548 1899 1680 1934 propheta
1693 1904 1785 1931 natus.

1003 1945 1090 1979 spolia
1114 1944 1246 1971 Sam-ariae
1266 1948 1292 1971 et
1314 1948 1474 1979 potestatem
1499 1945 1641 1976 Damasci,
1663 1945 1785 1972 exercitu

1002 1995 1097 2017 contra
1115 1998 1205 2025 regem
1218 1990 1395 2026 Assyriorum
1410 1994 1569 2024 comparato
1583 1991 1631 2025 (ut
1645 1998 1704 2018 eam
1721 1999 1786 2018 sen—

1003 2038 1114 2064 tentiam
1132 2044 1280 2071 sequamur
1295 2044 1356 2072 qum
1371 2044 1386 2063 a
1402 2036 1493 2064 verbis
1510 2044 1564 2063 non
1581 2037 1722 2071 recedit),
1740 2045 1787 2066 ac-

1002 2083 1107 2118 cepisse
1124 2088 1301 2110 memoratur.
1319 2083 1398 2110 Omni
1415 2083 1506 2117 itaque
1523 2084 1629 2110 ratione
1644 2083 1722 2111 fateri
1739 2092 1786 2112 co-

1001 2129 1091 2164 gimur
1101 2137 1131 2156 ea
1144 2130 1332 2157 tantummodo
1344 2130 1496 2156 secundum
1510 2130 1636 2164 superius
1651 2130 1785 2158 redditam

1002 2183 1016 2201 a
1033 2174 1112 2202 nobis
1130 2175 1294 2202 sententiam
1311 2175 1448 2210 completa
1465 2183 1526 2203 esse
1539 2196 1546 2207 ,
1570 2175 1622 2203 hoc
1637 2180 1679 2203 est
1690 2197 1698 2208 ,
1716 2184 1785 2204 nus-

1002 2229 1083 2256 quam
1105 2222 1172 2248 alias
1194 2229 1275 2256 quam
1299 2227 1359 2256 post
1380 2222 1525 2249 adventum
1547 2221 1612 2249 Jesu
1636 2222 1788 2251 Salvatoris

1001 2268 1107 2301 nostri,
1124 2275 1178 2303 quo
1195 2271 1316 2302 tempore
1330 2267 1594 2299 demonstravimus,
1609 2275 1641 2295 ea
1657 2276 1718 2303 qua:
1736 2269 1788 2296 hoc

1002 2313 1084 2340 modo
1098 2313 1227 2347 praedicta
1245 2317 1326 2345 sunt,
1344 2313 1423 2340 ﬁnem
1439 2314 1590 2346 accepisse.
1605 2313 1676 2349 Ergo
1691 2315 1719 2341 in
1738 2315 1788 2341 hu-

168 2348 281 2384 δυνάμει
291 2349 331 2380 εἰς
346 2351 436 2385 χεῖρας
453 2350 502 2385 τῆς
521 2350 662 2385 Ῥωμαίων
679 2351 815 2386 βασιλείας
827 2352 948 2388 παρέδω-

1004 2359 1047 2393 ius
1070 2359 1205 2391 adventu,
1230 2359 1301 2386 sicut
1327 2359 1353 2386 in
1378 2359 1437 2394 ipsa
1458 2360 1597 2394 prophetia
1618 2347 1787 2392 continetur,

169 2403 231 2421 κεν-
259 2395 291 2422 οὺ
309 2396 362 2431 μὴν
387 2395 454 2422 ἀλλὰ
474 2396 521 2423 καὶ
537 2397 605 2423 κατὰ
623 2397 740 2424 διάνοιαν
755 2398 818 2429 τοὺς
837 2398 866 2432 ἐξ
886 2399 950 2425 ’1ου-

167 2441 248 2468 δαίων
259 2441 340 2468 αὐτοῦ
357 2442 488 2478 μαθητὰς,
501 2443 594 2479 ὥσπερ
604 2445 663 2471 τινὰ
674 2444 758 2471 σκῦλα
773 2453 951 2481 περιπεποιη-

169 2486 259 2522 μένος,
285 2490 389 2523 νοητοῖς
402 2490 448 2515 καὶ
466 2488 583 2523 λογικοῖς
605 2490 696 2522 ὅπλοις
720 2491 900 2527 περιφράξας,
911 2493 951 2523 εἰς

169 2533 314 2569 πρόσωπον
328 2534 374 2561 τοῦ
394 2534 558 2570 δηλωθέντος
574 2535 702 2570 βασιλέως
725 2537 873 2572 ’Λσσυρίων
886 2546 951 2564 κατ-

168 2580 312 2615 εστήσατο,
336 2581 382 2607 καὶ
396 2581 505 2612 τούτους
524 2582 572 2617 μὲν
591 2582 628 2613 ὡς
644 2583 759 2614 οἰκείους
784 2583 951 2618 στρατιώτας

167 2625 280 2659 ὁπλίτας
294 2628 496 2662 παρεσκεύασεν
506 2637 512 2643 ·
525 2628 586 2660 τούς
593 2637 623 2662 γε
634 2629 686 2665 μὴν
698 2630 952 2665 παραιτησαμένους

167 2672 199 2698 τὺ
214 2671 324 2708 γόνιμον
341 2673 387 2699 καὶ
402 2673 514 2706 ζωτικὸν
534 2674 605 2710 ὕδωρ
625 2675 673 2710 τῆς
684 2676 765 2702 αὑτοῦ
781 2675 953 2708 διδασκαλίας

168 2716 198 2743 τδ
209 2717 390 2754 πορευόμενον
403 2720 501 2755 ἡσυχῆ,
519 2719 659 2755 ἑλομένους
672 2720 742 2747 δὲτὰ
757 2721 893 2757 πολεμικὰ
908 2722 953 2748 καὶ

167 2762 253 2799 ἐχθρὰ
265 2763 304 2798 τῷ
318 2763 387 2799 Θεῷ,
406 2764 446 2800 τῷ
460 2765 512 2791 τῶν
537 2766 684 2801 Ἀσσυρίων
699 2765 814 2798 ἐξέδωκε
838 2766 950 2801 βασιλεῖ,

166 2805 189 2843 ᾧ
202 2809 250 2836 καὶ
266 2809 350 2837 εἰσέτι
376 2810 423 2838 νῦν
443 2812 604 2847 τυγχάνουσι
629 2812 828 2848 δεδουλωμένοι.
855 2813 951 2849 Ἀνέὀη

166 2854 231 2889 γοῦν
247 2852 325 2888 οὗτος
342 2856 389 2882 ἐπὶ
405 2858 493 2884 πᾶσαν
521 2857 650 2894 φάραγγα
667 2858 767 2890 αὐτῶν,
783 2862 828 2885 καὶ
843 2859 888 2885 ἐπὶ
899 2859 951 2885 πᾶν

167 2903 255 2938 τεῖχος
268 2902 369 2936 αὐτῶν,
381 2904 435 2940 ,καὶ
459 2904 566 2939 ἀφεῖλεν
585 2905 639 2932 ἀπὸ
649 2905 698 2941 τῆς
718 2905 846 2938 Ἰουδαίας
862 2906 949 2933 πάντα

154 2947 166 2959 Ι

1004 2403 1123 2438 scriptus
1145 2408 1186 2431 est
1211 2412 1298 2432 novus
1322 2405 1401 2435 liber,
1417 2404 1484 2431 Novi
1506 2404 1600 2439 utique
1616 2404 1785 2433 Testamenti

1003 2449 1086 2476 verba
1101 2450 1285 2484 complectens
1295 2470 1301 2482 ,
1317 2454 1344 2477 et
1358 2451 1385 2477 in
1402 2451 1444 2478 his
1458 2455 1535 2478 ortus
1549 2451 1715 2486 prophetica
1730 2460 1788 2478 mu-

1004 2495 1080 2522 lieris
1096 2495 1143 2521 ﬁlii
1155 2514 1162 2526 .
1180 2495 1225 2530 qui
1244 2496 1394 2523 secundum
1411 2497 1493 2524 verba
1510 2497 1672 2531 prophetiae.
1691 2501 1717 2524 et
1735 2497 1786 2523 Da-

1003 2540 1088 2568 masci
1111 2544 1138 2568 et
1164 2539 1249 2575 Syria:
1274 2541 1406 2568 universae
1430 2542 1546 2575 regalem
1572 2542 1739 2575 potentiam,
1759 2547 1786 2569 et

1002 2594 1063 2620 qua:
1076 2594 1126 2614 nos
1140 2587 1309 2621 interpretati
1325 2595 1419 2614 sumus
1429 2607 1435 2616 .
1452 2587 1538 2621 spolia
1555 2586 1684 2614 Samaria:
1697 2609 1704 2620 ,
1720 2588 1788 2615 inef-

1002 2632 1077 2660 l'abili
1095 2633 1211 2668 quadam
1233 2632 1379 2667 divinaque
1402 2633 1502 2659 virtute
1523 2632 1550 2658 in
1573 2640 1670 2660 manus
1690 2641 1784 2668 regum

1002 2677 1186 2706 Romanorum
1201 2678 1330 2710 tradidit;
1346 2682 1532 2705 verumtamen
1546 2679 1707 2706 sententiam
1721 2687 1787 2714 quo-

1002 2732 1055 2759 que
1071 2725 1247 2759 sequentibus
1258 2744 1264 2756 .
1283 2732 1348 2752 suos
1364 2724 1434 2751 idem
1451 2723 1485 2751 de
1497 2723 1599 2752 Iudaeis
1613 2725 1765 2759 discipulos
1777 2746 1784 2758 λ

1003 2769 1081 2804 quasi
1108 2769 1193 2804 spolia
1213 2769 1336 2804 quaedam
1354 2769 1484 2804 adeptus,
1501 2768 1722 2803 intelligihilibus
1737 2777 1783 2797 ra-

1004 2815 1205 2850 tionalibusque
1229 2815 1312 2842 armis
1337 2816 1473 2846 munitos,
1495 2816 1522 2842 in
1545 2815 1640 2842 faciem
1669 2815 1729 2850 eius
1752 2817 1786 2844 de

1003 2869 1058 2895 quo
1079 2861 1181 2888 dictum
1204 2866 1245 2888 est
1268 2862 1338 2897 regis
1352 2862 1548 2897 Assyriorum,
1567 2862 1726 2894 constituit,
1744 2867 1787 2889 at-

1003 2912 1056 2940 que
1079 2905 1128 2935 hos
1151 2909 1281 2941 tanquam
1304 2914 1369 2935 suos
1388 2908 1515 2942 proprios
1537 2911 1661 2938 scutatos
1682 2909 1785 2936 milites
