2089 3218
317 175 375 204 (52⁷1

636 175 768 204 EUSEBII
787 176 1026 206 CJESARIENSIS
1045 178 1120 207 OPP.
1143 178 1231 206 PARS
1251 177 1282 206 ll.
1299 193 1333 198 -——
1350 177 1593 206 APOLOGETICA.

1833 186 1837 190 ·
1884 177 1936 205 528

320 231 497 266 comparavit.
511 231 635 258 Attamen
647 239 695 259 eos
710 233 755 267 qui
770 232 916 260 fecundam
937 233 1098 268 vitalemque

1150 235 1267 271 ἄρχοντα
1290 235 1336 261 καὶ
1362 235 1481 269 βασιλέα,
1510 234 1630 271 κεφαλὴν
1655 234 1866 270 ὀνομαζόμενον,
1891 236 1938 261 καὶ

320 278 452 306 doctrina:
466 285 523 305 sua:
537 273 635 312 aquhm
645 298 652 310 ,
668 286 728 313 quze
743 286 804 306 cum
820 279 929 306 silentio
946 280 1047 307 labitur
1060 288 1104 307 re-

321 326 477 353 cusaverint
487 344 494 354 ,
509 328 536 350 et
549 323 663 351 hostiles
680 324 788 359 Deoque
803 325 928 352 inimiCas
945 332 1034 360 partes
1049 328 1103 354 elei

320 370 423 405 gerint,
438 370 493 405 regi
507 370 680 404 Assyriorum
696 370 824 402 tradidit,
839 371 882 397 cui
896 371 1004 406 quidem
1022 372 1102 399 etiam

320 424 392 443 nunc
407 415 507 443 addicti
521 416 651 443 serviunt.
664 416 743 452 335
757 417 886 447 Ascendit
901 417 984 452 igitur
999 418 1041 444 hic
1057 426 1103 445 su-

321 470 368 497 per
383 470 490 489 omnem
513 463 663 489 convallem
684 463 805 498 ipsorum
821 483 828 494 ,
844 468 872 490 et
894 472 977 499 super
993 472 1100 492 omnem

319 516 428 535 murum
443 508 563 543 ipsorum
575 528 582 539 ,
596 512 622 535 et
636 509 747 536 abstulit
759 510 792 536 de
804 508 897 536 Judzea
911 518 1016 538 onmem
1032 510 1103 544 priu-

320 556 407 590 cipem
421 562 452 582 ac
467 562 555 589 regem
568 577 574 586 ,
590 555 635 590 qui
651 555 703 582 hoc
720 555 747 582 in
765 556 824 582 loco
838 560 919 590 caput
933 556 1100 589 nominatur,

320 605 347 628 et
361 608 467 628 omnem
484 606 636 636 potentem.
652 602 698 636 qui
714 602 815 637 aliquid
830 602 975 630 conﬁceret
989 611 995 635 ;
1012 603 1102 637 itaque

318 654 351 673 ex
369 646 414 674 illo
428 646 455 673 in
471 647 544 673 hunc
558 655 646 680 usque
660 647 730 674 diem
748 648 785 674 illi
820 656 907 683 neque
922 649 1006 675 ullum
1020 651 1102 682 caput

319 692 434 724 habent,
451 701 538 728 neque
554 693 671 727 aliquem
687 693 712 720 in
729 693 828 721 divinis
843 698 997 728 potentem,
1013 694 1101 728 qualis

318 738 455 773 quondam
469 743 545 770 erat,
562 740 607 774 qui
623 739 676 766 illis
693 745 882 766 ornamentum
900 739 1038 774 decusque
1054 740 1102 766 ad-

317 784 416 817 debat,
433 785 490 812 sive
514 787 662 820 propheta,
686 786 743 813 sive
764 786 864 821 alioqui
884 786 973 821 iustus
994 786 1100 821 Deoque

318 830 423 857 amicus
437 831 489 857 vir.
505 830 620 858 Constat
636 835 725 858 autem
744 831 809 858 illud
827 839 950 866 quoque.
969 831 1100 866 quemad-

317 876 428 903 modum
445 877 534 904 onmis
551 877 672 912 ipsorum
691 878 765 912 regio
781 877 899 904 inimicis
920 877 1099 911 hostibusque

1155 281 1242 307 πάντα
1270 280 1381 316 δυνατὸν
1396 280 1603 307 συντελέσασθαι
1620 288 1661 306 τι·
1687 280 1757 307 ὥστε
1783 279 1812 313 ἐξ
1833 281 1938 307 ἐκείνου

1144 324 1201 352 ίκαὶ
1211 327 1249 357 είς
1262 326 1339 361 δεῦρο
1357 327 1425 361 μήτε
1449 326 1567 361 κεφαλὴν
1581 326 1677 357 αὐτοὺς
1695 326 1853 360 κεκτῆσθαι,
1869 327 1938 361 μήτε

1154 372 1213 398 τινὰ
1229 372 1342 399 δυνατὸν
1359 373 1386 398 ὲν
1400 374 1455 403 τοῖς
1477 372 1566 403 θείοις,
1581 369 1636 403 οἷος
1651 370 1684 407 ἦν
1700 373 1714 398 ὁ
1728 372 1810 399 πάλαι
1823 372 1938 407 διαπρέ-

1154 426 1212 443 πων
1227 418 1254 443 ἐν
1279 417 1380 449 αὐτοῖς,
1405 417 1459 443 εἴτε
1485 419 1636 452 προφήτης,
1657 418 1711 443 εῐτε
1727 416 1814 448 ἄλλως
1834 417 1937 448 δίκαιος

1153 461 1198 486 καὶ
1225 461 1350 496 θεοφιλὴς
1380 462 1458 497 ἀνήρ.
1478 461 1612 496 "(minimo
1638 461 1665 488 δὲ
1699 462 1772 493 ὅπως
1789 461 1835 488 καὶ
1862 463 1937 488 πᾶσα

1152 507 1240 533 αὐτῶν
1253 508 1269 542 ἠ
1284 507 1358 542 χώρα
1375 507 1528 542 ὑποχείριος
1542 509 1598 539 τοῖς
1606 507 1694 534 αὐτῶν
1712 508 1816 543 ἐχθροῖς
1834 509 1880 534 καὶ
1891 517 1935 534 τοο-

1151 552 1254 588 λεμίοις
1267 554 1349 579 εἰσέτι
1374 553 1421 580 νῦν
1444 553 1604 589 καθέστηκε,
1626 554 1673 580 καὶ
1693 554 1730 585 ὼς
1744 553 1830 580 ταῦτα
1847 554 1936 581 πάντα

1151 599 1197 624 ἐπὶ
1213 600 1244 633 τῇ
1257 599 1390 635 παρουσῖᾳ
1416 599 1462 625 τοῦ
1487 599 1658 636 Ἐμμανουήλ
1675 599 1838 626 τετέλεσται.
1856 599 1937 626 Οὕτω

1151 645 1216 678 γοῦν
1239 646 1255 679 ἡ
1278 645 1408 680 Ἐϐραίων
1425 646 1516 681 γραφὴ
1536 646 1664 681 περιέχει,
1679 646 1817 681 μονονουχὶ
1836 646 1934 681 σημαί-

1151 698 1243 722 νουσα,
1272 690 1316 716 τὸν
1351 691 1522 727 Ἐμμανουὴλ
1551 692 1597 718 τὸν
1612 691 1794 725 ἀπιστηθέντα
1816 692 1865 727 μὲν
1882 692 1935 719 ὑπὸ

1158 736 1301 766 Ἰουδαίων,
1320 738 1365 763 καὶ
1380 738 1464 763 αἴτιον
1479 738 1569 769 αὐτοῖς
1586 737 1639 763 τῶν
1648 737 1780 763 τοσούτων
1791 738 1935 773 γενόμενον

1151 782 1307 817 συμφορῶν,
1321 784 1387 817 ἡμῖν
1399 783 1426 808 δὲ
1436 784 1491 813 τοῖς
1501 783 1588 809 ἔθνεσι
1600 783 1785 815 πιστευθέντα,
1797 784 1935 819 σωτηρίας

1150 835 1178 852 τε
1197 827 1242 853 καὶ
1272 827 1397 861 γνώσεως
1417 828 1484 854 Θεοῦ
1504 829 1646 864 παραίτιον
1671 828 1871 863 ἀποδειχθέντα.
1889 830 1935 856 Arb

1151 873 1214 907 ἑξῆς
1239 873 1392 907 ὲπιλέγεται
1405 883 1411 888 ·
1431 883 1440 899 ι
1453 874 1518 901 Μεθ’
1535 875 1611 910 ἡμῶν
1623 876 1636 901 ὁ
1647 875 1729 906 Θεός-
1743 875 1840 909 γνῶτε,
1858 875 1933 910 ἔθνη,

318 923 438 956 ipsorum
454 923 592 957 subjecta,
610 923 635 949 in
655 923 727 949 hunc
745 931 831 958 usque
846 923 917 950 diem
934 928 1056 955 vexetur,
1073 927 1097 950 et

1151 919 1196 945 καὶ
1212 920 1338 954 ἡττᾶσθε.
1359 930 1367 946 ι
1387 920 1540 956 Ἠττήμεθα
1557 921 1621 954 γοῦν
1638 921 1673 952 ὡς
1688 921 1793 956 ἀληθῶς
1809 922 1888 956 ἡμεῖς
1908 921 1933 948 οι

316 968 374 995 tunc
395 968 521 996 universa
543 969 568 995 in
592 969 678 1003 ipsius
701 968 858 996 Emmanuel
879 969 996 997 adventu
1018 977 1098 997 suum

317 1015 397 1041 tinem
421 1014 517 1041 sortita
538 1015 603 1042 sint.
628 1014 684 1041 lloc
711 1015 800 1050 ipsum
829 1023 896 1043 sane
922 1015 1096 1042 llebrzeorum

316 1060 418 1094 scripta
440 1061 596 1093 continent,
624 1068 684 1095 qua:
708 1061 902 1096 propemodum
928 1061 1098 1096 signiﬁcant,

316 1105 406 1140 ipsum
432 1105 607 1137 Emmanuel,
633 1107 676 1133 cui
699 1107 811 1134 credere
829 1107 975 1134 noluerunt
996 1106 1097 1139 Judaei,

315 1152 454 1178 auc’torem
467 1152 520 1180 illis
535 1156 672 1179 tantarum
685 1154 870 1180 calamitatum
883 1153 1021 1180 exstitisse
1035 1162 1041 1185 ;
1055 1161 1100 1180 no-

314 1197 357 1224 bis
371 1201 461 1224 autem
473 1198 598 1232 gentibus
609 1218 616 1229 ,
633 1206 693 1233 qum
704 1199 740 1225 illi
755 1198 932 1231 credidimus,
945 1203 971 1225 et
984 1199 1097 1225 salutem

315 1247 342 1269 et
359 1242 404 1269 Dei
419 1243 553 1275 notitiam,
574 1243 666 1277 utjam
679 1245 892 1271 demonstratum
913 1248 969 1274 est,
990 1244 1097 1270 attulis-

315 1296 355 1315 se.
372 1288 461 1320 Quare
477 1288 603 1323 deinceps
629 1289 800 1324 adjungitur:
822 1299 831 1315 ι
849 1289 995 1316 Nobiscum
1011 1288 1095 1317 Deus:

315 1334 481 1367 cognoscite,
499 1340 602 1368 gentes,
619 1339 646 1361 et
662 1335 812 1361 vincimini.
828 1344 836 1360 ι
852 1334 990 1369 Siquidem
1004 1343 1052 1362 nos
1065 1343 1096 1362 ex

314 1378 440 1411 gentibus
456 1378 518 1405 victi
535 1386 629 1405 sumus
648 1387 676 1406 re
694 1387 756 1406 vera
769 1399 777 1411 ,
795 1380 841 1414 qui
859 1380 909 1414 ipsi
929 1381 1054 1410 veritati,
1070 1386 1097 1407 et

315 1424 413 1451 stantis
437 1424 582 1451 uobiscum
607 1424 653 1451 Dei
682 1425 774 1452 virtuti
799 1425 941 1457 cedentes,
966 1426 992 1452 in
1021 1426 1095 1452 illum

314 1469 496 1501 credidimus,
522 1470 703 1504 cedentesque
727 1471 814 1498 eidem
840 1472 981 1506 paruimus
1001 1480 1096 1499 omnes

314 1516 425 1550 pariter,
442 1518 597 1551 quicunque
619 1524 705 1552 usque
726 1517 759 1544 ad
780 1523 900 1544 extrema
917 1522 996 1545 terra:
1016 1518 1094 1546 babi-

313 1567 418 1592 tamus,
447 1566 475 1588 uL
500 1562 527 1588 in
552 1562 693 1597 prophetia
718 1563 848 1598 scriptum
871 1569 929 1595 est,
954 1572 1014 1599 quae
1037 1565 1092 1591 ait:

316 1618 325 1633 ‹
347 1607 477 1634 Exaudite
491 1616 576 1643 usque
593 1608 626 1635 ad
641 1613 791 1636 extremum
807 1614 894 1641 terrae,
911 1619 920 1635 ›
938 1615 1021 1637 etnos
1037 1611 1096 1645 qui-

312 1653 373 1681 dem
385 1674 392 1684 .
410 1657 436 1680 et
455 1654 516 1681 victi
534 1662 646 1686 sumus,
662 1659 689 1682 et
711 1656 817 1682 vocanti
836 1656 1091 1690 oblemperavimus.

312 1699 354 1726 Ad
368 1707 416 1726 eos
430 1707 492 1726 vero
506 1700 553 1735 qui
568 1700 602 1727 de
618 1701 684 1735 ipsis
697 1701 823 1735 gentibus
839 1709 891 1728 non
907 1702 1090 1735 crediderint,

310 1753 342 1774 ea
369 1746 463 1781 dirigit
489 1754 549 1781 quae
575 1751 739 1781 sequuntur,
768 1747 912 1774 dicenszr
932 1748 983 1781 Qui
1009 1748 1093 1776 fortes

311 1792 417 1825 fuistis,
441 1792 590 1819 vincimini.
615 1792 642 1819 Si
659 1793 731 1820 enim
750 1801 845 1821 rurstls
864 1793 947 1821 fortes
972 1794 1093 1828 fueritis,

310 1846 407 1865 rursus
426 1838 575 1865 viucemini
589 1858 596 1870 ,
613 1842 639 1865 et
654 1846 845 1874 quamcunque
873 1840 1004 1866 rationem
1024 1841 1091 1866 inie-

311 1883 387 1913 ritis,
413 1890 467 1909 non
495 1883 618 1910 manebit
643 1883 669 1910 in
693 1884 787 1915 vobis.
807 1885 934 1917 quoniam
951 1885 1092 1912 nobiscum

310 1927 382 1955 Deus
396 1929 428 1956 ‘°.
446 1939 454 1954 ι
469 1928 514 1956 Sic
530 1929 596 1955 dicit
615 1928 751 1956 Dominus
767 1930 830 1957 forti
846 1931 936 1957 manui
951 1938 1006 1957 non
1029 1938 1089 1958 cre-

309 1974 457 2002 dentibus:
485 1976 585 2010 quibus
607 1975 700 2003 verbis
725 1976 866 2003 oraculum
893 1976 925 2003 ad
952 1984 1017 2008 eos,
1043 1977 1090 2011 qui

1151 964 1179 997 ἐξ
1209 966 1291 991 ἐθνῶν
1307 967 1345 997 εἰς
1370 967 1449 993 αὐτὴν
1473 967 1693 998 πεπιστευκότες,
1714 967 1869 1002 νικηθέντες
1881 966 1934 993 ὑπὺ

1150 1011 1199 1046 τῆς
1216 1011 1342 1048 ἀληθείας
1354 1013 1400 1039 καὶ
1416 1013 1463 1048 τῆς
1477 1013 1523 1038 τοῦ
1538 1014 1681 1048 γενομένου
1700 1013 1758 1047 μεθ’
1775 1013 1852 1048 ἡμῶν
1865 1012 1933 1039 Θεοῦ

1149 1056 1288 1092 δυνάμεως
1298 1065 1304 1071 ”
1324 1057 1483 1092 ἡττηθέντες
1498 1067 1526 1083 τε
1538 1058 1730 1093 ὑπηκούσαμεν
1744 1058 1818 1093 αὐτῷ
1835 1059 1933 1090 πάντες

1149 1102 1214 1137 ὁμοῦ
1232 1103 1255 1129 οἱ
1274 1103 1354 1138 μέχρι
1373 1103 1425 1130 τῶν
1441 1104 1570 1138 ἐσχατιῶν
1594 1105 1781 1136 κατοικοῦντες
1804 1105 1853 1141 τῆς
1870 1106 1932 1142 γῆς,

1149 1148 1217 1174 κατὰ
1233 1149 1282 1184 τὴν
1302 1150 1424 1184 φήσασαν
1445 1151 1628 1185 προφητείαν
1649 1160 1658 1176 ε
1683 1151 1866 1178 Ἐπακούσατε
1879 1152 1933 1184 ἕως

1149 1195 1261 1229 ἐσχάτου
1284 1196 1333 1231 τῆς
1355 1196 1414 1230 γῆς.
1431 1206 1439 1221 ι
1461 1196 1528 1222 Ἀλλ’
1545 1198 1623 1232 ἡμεῖς
1645 1197 1694 1232 μὲν
1712 1198 1758 1223 καὶ
1780 1199 1930 1233 ἡττήμεθα,

1149 1241 1194 1266 καὶ
1222 1241 1344 1268 καλοῦντι
1373 1242 1581 1278 ὑπηκούσαμεν·
1602 1244 1657 1273 τοῖς
1675 1243 1703 1269 δὲ
1724 1243 1763 1269 ἔτι
1780 1243 1833 1270 τῶν
1847 1244 1933 1271 ἐθνῶν

1148 1287 1290 1314 ἀπειθοῦσι
1307 1288 1340 1314 τὰ
1360 1289 1422 1323 ἑξῆς
1441 1289 1610 1316 ἀποτείνεται
1627 1289 1711 1323 λέγων
1724 1299 1730 1304 ·
1751 1299 1760 1316 ει
1781 1290 1932 1325 Ίσχυχότες

1149 1333 1275 1367 ἡττᾶσθε.
1310 1335 1357 1360 Ἂν
1373 1335 1427 1370 γὰρ
1442 1336 1522 1362 πάλιν
1556 1336 1692 1371 ίσχύσητε,
1717 1336 1797 1363 πάλιν
1812 1338 1931 1373 ἡττηθή-

1148 1379 1242 1406 σεσθε·
1258 1380 1303 1406 καὶ
1320 1380 1396 1415 λόγον
1408 1381 1436 1407 ὃν
1453 1382 1485 1408 ἂν
1505 1382 1694 1417 βουλεύσησθε,
1711 1383 1741 1409 οὐ
1765 1383 1801 1418 μὴ
1814 1383 1929 1420 ἐμμείνῃ

1150 1425 1178 1450 ὲν
1197 1426 1270 1460 ὑμῖν,
1288 1426 1327 1452 ὅτι
1345 1427 1403 1462 μεθ’
1415 1427 1492 1462 ἡμῶν
1505 1429 1518 1454 ὁ
1534 1427 1607 1459 Θεός.
1630 1438 1638 1453 ι
1656 1428 1733 1455 Οὕτω
1742 1428 1815 1462 λέγει
1828 1429 1931 1465 Κύριος

1146 1472 1178 1506 τῇ
1201 1472 1297 1508 ἰσχυρᾷ
1323 1475 1392 1508 χειρὶ
1421 1473 1592 1500 ἀπειθοῦσιν·
1614 1474 1646 1500 δι’
1663 1471 1699 1501 ὧν
1717 1475 1833 1509 σαφῶςό
1850 1475 1931 1510 λόγος

1146 1518 1278 1552 ἀφηνιῶσι
1302 1519 1348 1545 καὶ
1366 1520 1599 1555 ἀντιταττομένοις
1615 1523 1646 1556 τῇ
1659 1521 1704 1547 τοῦ
1723 1521 1838 1556 Χριστοῦ
1856 1522 1931 1549 διδα-

1147 1563 1253 1599 σκαλίᾳ,
1271 1565 1386 1596 καὶτοῖς
1408 1565 1546 1592 ἀπειθοῦσι
1567 1567 1599 1601 τῇ
1616 1567 1733 1601 κραταιᾷ
1757 1567 1839 1593 αὐτοῦ
1857 1567 1930 1602 χειρὶ

1149 1609 1280 1641 θεσπίζει,
1306 1611 1346 1636 ὅτι
1365 1611 1430 1646 μηδὲ
1453 1611 1572 1646 ἰσχύουσι
1593 1612 1790 1647 προσπολεμεῖν
1805 1613 1851 1639 τὸν
1869 1613 1929 1648 μεθ’

1148 1655 1223 1691 ἡμῶν
1238 1656 1302 1682 Θεὸν
1315 1655 1486 1691 πειρώμενοι,
1506 1658 1550 1683 καὶ
1566 1658 1605 1683 ὃτι
1620 1659 1672 1684 πᾶν
1688 1658 1701 1684 ὃ
1714 1658 1746 1685 ἃν
1763 1658 1929 1693 βουλεύσων-

1145 1710 1189 1727 ται
1200 1701 1258 1727 καθ’
1272 1701 1359 1736 ἡμῶν,
1384 1702 1414 1728 οὑ
1435 1702 1470 1737 μὴ
1497 1703 1612 1739 ἐμμείνῃ
1637 1704 1737 1735 αὐτοῖς,
1756 1704 1799 1730 διὰ
1814 1704 1844 1730 τὺ
1867 1704 1929 1739 μεθ’

1145 1747 1221 1783 ἡμῶν
1236 1745 1303 1774 εἶναι
1325 1748 1370 1774 τὸν
1395 1749 1574 1784 Ἐμμανουήλ.
1593 1750 1646 1775 Καὶ
1659 1749 1744 1784 τούτῳ
1761 1749 1789 1776 δὲ
1803 1749 1843 1784 τῷ
1860 1757 1930 1785 συμ-

1144 1794 1299 1829 περάσματι
1314 1794 1402 1829 ῥᾴδιον
1419 1795 1561 1830 ἐπιστῆσαι
1587 1795 1635 1826 τὰς
1649 1795 1708 1822 καθ’
1738 1795 1815 1831 ἡμῶν
1846 1795 1928 1822 ἀπεισ

1144 1839 1201 1870 λὰς,
1213 1840 1260 1866 καὶ
1273 1839 1321 1870 τὰς
1345 1840 1414 1866 κατὰ
1428 1841 1539 1876 χρόνους
1554 1841 1607 1867 τῶν
1621 1841 1757 1876 ἀρχόντων
1773 1841 1929 1868 ἐπαναστάρ

1145 1893 1200 1916 σεις
1218 1885 1382 1921 συνορῶντα,
1406 1887 1452 1912 καὶ
1476 1886 1513 1918 ὡς
1536 1886 1673 1922 ἄπρακτον
1696 1888 1787 1918 αὐτοῖς
1814 1886 1858 1913 διὰ
1881 1886 1928 1914 τὸν

1146 1931 1203 1967 μεθ’
1226 1932 1303 1967 ἡμῶν
1330 1932 1395 1958 Θεὸν
1412 1933 1454 1959 ἀεὶ
1483 1933 1643 1960 καθίσταται
1663 1933 1716 1960 τῶν
1746 1932 1866 1960 ἀπειλῶν
1896 1933 1929 1959 τὸ

1142 1977 1227 2010 τέλος.

306 2021 402 2056 jugum
427 2021 596 2052 detrectant,
623 2027 650 2049 et
676 2022 806 2049 doctrinae
830 2022 932 2049 Christi
957 2024 1105 2055 resistunt,
1131 2029 1157 2050 et
1181 2024 1281 2058 potenti
1306 2024 1393 2058 ipsius
1418 2025 1509 2051 manui
1533 2033 1587 2052 non
1612 2024 1742 2057 credunt,
1769 2024 1928 2059 planissime

309 2068 484 2100 vaticinatur,
509 2069 581 2103 quod
609 2068 729 2096 futurum
753 2070 806 2102 sit,
832 2073 862 2096 ut
888 2078 922 2097 ne
950 2070 1058 2098 valeant
1077 2070 1186 2105 quidem
1210 2079 1366 2106 oppugnare
1395 2071 1536 2098 nobiscum
1560 2071 1661 2102 Deum,
1690 2071 1814 2107 quamvis
1840 2078 1926 2106 expe-

308 2115 426 2146 riantur,
453 2119 479 2142 et
503 2115 574 2149 quod
601 2123 681 2143 omne
706 2116 887 2151 quodcunque
913 2116 1056 2143 adversum
1083 2126 1133 2144 nos
1153 2118 1405 2149 comminiscentur,
1425 2118 1491 2153 ipsis
1511 2126 1564 2144 non
1584 2122 1770 2145 constaturum
1790 2117 1842 2150 sit,
1862 2125 1927 2152 pro-

308 2165 398 2196 ptere:
417 2161 489 2195 quod
509 2162 649 2189 nobiscum
675 2161 710 2189 sit
730 2161 905 2194 Emmanuel,
928 2166 955 2189 et
979 2163 1050 2190 hanc
1071 2163 1180 2197 quidem
1204 2164 1364 2191 sententiam
1387 2164 1464 2191 facile
1482 2169 1542 2195 est,
1566 2169 1597 2190 ut
1622 2164 1639 2190 ii
1661 2163 1818 2196 attendant,
1844 2163 1926 2197 eique

307 2208 503 2240 assentiamur,
526 2209 571 2242 qui
595 2209 684 2236 minas
707 2209 850 2236 adversum
877 2217 946 2243 nos,
967 2214 993 2237 et
1017 2210 1168 2245 principum
1195 2219 1242 2246 per
1268 2212 1373 2246 singula
1400 2216 1521 2246 tempora
1549 2211 1708 2238 insolentias
1734 2215 1816 2245 atque
1838 2210 1926 2245 impe-

306 2259 352 2281 tus
378 2254 636 2287 animadverterint,
663 2260 744 2291 atque
772 2260 801 2283 ut
827 2256 965 2284 incassum
993 2260 1032 2286 eis
1061 2261 1183 2286 omnium
1210 2259 1346 2286 minarum
1375 2263 1487 2291 eventa,
1516 2265 1626 2295 propter
1651 2259 1794 2286 nobiscum
1819 2257 1926 2291 Deum,

305 2300 452 2330 evaserint.

303 2358 386 2395 336
404 2359 443 2386 Ab
460 2360 559 2388 eodem.
575 2376 610 2380 —
626 2360 852 2393 Quemadmodum
873 2366 951 2389 natus
968 2369 1000 2390 ea:
1016 2370 1086 2396 prae-

338 2396 411 2422 dicta
438 2396 491 2422 sive
515 2396 629 2422 vimine.
649 2397 702 2422 sive
727 2396 889 2422 Dronhetiua
913 2398 999 2422 ﬁlim.
1015 2397 1087 2422 Dem

1146 2362 1212 2389 Ἀπὸ
1222 2361 1275 2389 τοῦ
1289 2361 1392 2388 αὑτοῦ.
1412 2376 1446 2382 -
1464 2361 1510 2394 Ὡς
1525 2363 1542 2389 d
1563 2361 1782 2422 τεχθησόῇενπ
1804 2360 1870 2393 υῘὸς
1889 2360 1925 2387 ἐκ

1176 2396 1232 2422 "in
1244 2396 1516 2422 ποοεητευοιλένσηυ.
1535 2397 1594 2422 εἴτε
1609 2398 1685 2422 nano
1721 2404 1767 2422 ου.
1781 2396 1841 2422 εἴτε
1853 2403 1924 2422 ,ποο-

338 2396 422 2435 dicta_
438 2396 491 2422 sive
515 2396 629 2435 virgine,
649 2397 702 2435 siue
726 2396 1087 2435 proplleliua__[iliul._Deua

1176 2396 1232 2435 τῆς
1244 2396 1516 2435 προφητευομένῃς,
1532 2397 1594 2435 εἴτε
1609 2396 1924 2435 ηίςρθέϊου,-ξῐτε;τρο-

339 2431 422 2457 simul
443 2436 467 2458 et
488 2432 578 2466 magni
599 2432 702 2458 consilii
721 2432 846 2467 angelus,
868 2430 978 2467 aliisque
1000 2433 1086 2467 inopi-

1174 2430 1307 2466 φήτιὸος,
1319 2432 1390 2465 Θεὸς
1403 2430 1478 2466 ὁμοῦ
1491 2432 1539 2458 καὶ
1554 2431 1688 2467 μεγάλης
1698 2430 1827 2467 βουλῆς
1838 2430 1924 2467 ἀττε-

289 2475 292 2478 ί
339 2467 409 2493 natis
424 2465 571 2507 ποηιὶηἱῦαρ
586 2466 737 2507 appellatus
751 2465 810 2499 est;
825 2472 850 2495 et
866 2465 1085 2507 qperriadinodum

1172 2465 1236 2500 λος,
1253 2467 1366 2507 ἑτέραις
1381 2465 1607 2507 τρνπᾳραζῖόξοιξ
1619 2465 1924 2507 ἐπξωνῃμίαιςιάνηῃόο

337 2507 412 2544 ortus
427 2501 489 2543 ejus.
499 2501 604 2528 luminis
618 2502 722 2536 pietatis
738 2510 821 2529 causa
844 2500 972 2538 adjuvam
999 2505 1084 2539 genti-

1168 2510 1272 2544 esptat
1287 2510 1292 2516 ·
1310 2502 1357 2528 καὶ
1381 2502 1425 2544 ᾡς
1485 2502 1602 2544 γένεο-ις
1622 2501 1714 2528 αὑτοῦ
1729 2500 1824 2544 φωτὸς
1836 2501 1924 2528 εὐσε-

339 2535 388 2563 bus
405 2537 588 2564 constituetur.
876 2535 883 2538 ’
999 2535 1010 2539 ’

1169 2535 1253 2570 Balac-
1268 2536 1406 2571 παραιτία
1417 2536 1479 2569 τοῖς
1488 2535 1588 2564 ἔθνεσι
1604 2535 1832 2569 καταστήσεται.

340 2603 349 2618 ι
365 2592 422 2620 Hoc
438 2594 571 2628 primum.
592 2593 670 2626 bibe,
688 2592 743 2620 cito
765 2593 808 2621 lac
822 2614 829 2626 ,
848 2594 922 2629 regio
943 2593 1083 2627 Zabulon,

1174 2603 1185 2619 ί
1205 2593 1290 2620 Τοῦτο
1314 2592 1432 2628 πρῶτον,
1455 2593 1510 2625 πίε,
1535 2593 1603 2628 ταχὺ
1624 2592 1712 2625 ποίει,
1730 2592 1805 2628 χώρα
1817 2592 1923 2620 Ζαϐου-

300 2642 329 2667 et
345 2642 418 2666 terra
431 2638 603 2674 Nephthalim
614 2659 620 2669 .
638 2644 664 2666 et
679 2639 776 2675 reliqui
790 2639 837 2674 qui
853 2638 1018 2666 maritimam
1033 2639 1085 2666 ha-

301 2683 389 2713 bitant
405 2690 480 2711 trans
494 2683 638 2714 Iordanem
651 2704 659 2717 ,
674 2683 784 2716 Galiltea
810 2685 930 2720 gentium
944 2706 951 2719 ,
966 2685 1083 2720 populus

301 2729 399 2757 sedens
413 2731 440 2759 in
454 2731 588 2763 tenebris,
602 2731 690 2758 videte
705 2732 791 2759 lucem
808 2739 949 2767 magnam,
964 2732 1084 2760 sedenti-

301 2774 354 2802 bus
375 2776 403 2803 in
427 2777 538 2813 regione
562 2781 589 2804 et
613 2778 709 2805 umbra
733 2780 847 2810 mortis,
866 2778 913 2804 lux
928 2782 1023 2808 exorta
1039 2780 1082 2805 est

300 2821 341 2848 eis
355 2820 387 2853 “,
402 2830 411 2846 ι
425 2825 451 2848 et
467 2829 526 2857 qua:
539 2827 706 2860 sequuntur;
720 2823 820 2859 quibus
835 2822 975 2860 adjungit,
992 2833 1001 2850 ι
1012 2831 1081 2859 quo-

335 2898 358 2914 ³⁹
375 2897 429 2926 In.
444 2906 497 2931 vn,
512 2898 588 2927 9-H.
625 2900 648 2925 ﬂ.
667 2900 718 2928 lsa.
734 2907 778 2933 ιι,
795 2901 820 2934 l,
835 2900 864 2930 2.

1137 2639 1201 2672 λὼν,
1214 2639 1261 2666 καὶ
1283 2639 1317 2674 γῆ
1334 2638 1501 2674 Νεφθαλείμ,
1522 2639 1569 2665 καὶ
1582 2640 1608 2665 οἱ
1627 2639 1715 2665 λοιτιοὶ
1732 2640 1757 2666 οἱ
1769 2639 1818 2674 τὴν
1833 2648 1923 2676 παρα-

1137 2686 1195 2713 λίαν
1209 2684 1396 2716 κατοικοῦντες
1407 2684 1492 2721 πέραν
1500 2685 1548 2711 τοῦ
1563 2684 1693 2720 Ἰορδάνου
1703 2693 1710 2699 ·
1726 2684 1856 2713 Γαλιλαία
1867 2685 1924 2712 τῶν

1137 2730 1222 2758 ἐθνῶν
1231 2740 1237 2746 ⁸
1247 2732 1261 2758 ὁ
1269 2730 1332 2762 λαδς
1342 2732 1356 2757 ὁ
1369 2730 1520 2765 καθήμενος
1530 2731 1560 2757 ὲν
1570 2730 1669 2764 σκότει,
1682 2730 1749 2757 ῐδετε
1760 2730 1818 2766 φῶς
1833 2730 1906 2765 μέγα
1913 2739 1922 2746 ·

1136 2777 1183 2804 καὶ
1196 2778 1252 2809 τοῖς
1268 2776 1432 2812 καθημένοις
1448 2778 1479 2803 ὲν
1492 2776 1581 2803 σκότει
1592 2777 1639 2803 καὶ
1649 2778 1712 2812 σκιᾷ
1728 2776 1845 2803 θανάτου
1862 2776 1922 2811 φῶς

1135 2823 1269 2853 ἀνέτειλεν
1285 2823 1385 2856 αὐτοῖς,
1402 2833 1411 2849 ›
1431 2823 1477 2850 καὶ
1505 2822 1539 2850 τὰ
1555 2822 1627 2859 ἑξῆς·
1645 2821 1685 2855 οἷς
1700 2822 1830 2857 ἐπιλέγει,
1851 2833 1861 2848 ι
1881 2822 1920 2849 ὅτι
