2089 3218
184 186 236 218 529

621 191 946 220 DEMONSTRATIONIS
965 190 1193 219 ΕνΑΝοειιειε
1212 190 1276 217 LlB.
1298 189 1354 218 Vil.

1745 191 1795 217 5359

185 249 274 276 πᾶσαν
290 249 388 285 στολὴν
406 250 622 286 ζπισυνηγμένην
634 251 714 286 δόλῳ,
723 252 770 278 καὶ
780 251 787 277 ξ
792 251 886 286 μάτων
897 249 960 286 pud

999 249 1091 279 .niam
1108 257 1215 277 omnem
1235 253 1337 277 vestem
1351 252 1543 284 congregatalp
1565 248 1644 282 dolo,
1667 253 1694 277 et
1716 249 1795 277 indu-

184 294 356 330 καταλλαγῆς
367 295 549 327 ἀποτίσουσιν,
563 296 610 322 καὶ
626 296 782 332 θελήσουσιν
800 298 824 323 εἰ
838 296 965 331 ἐγενήθη-

184 348 234 367 σαν
265 340 462 376 πυρίκαυστοι·
480 342 520 367 δτι
549 342 652 368 παιδίον
673 341 802 378 ἐγεννήθη
817 344 892 378 ἡμῖν,
919 342 965 368 καὶ

183 386 240 417 υίὸς
251 385 328 421 ἐδόθη
343 387 419 421 ἡμῖν,
431 383 462 412 οὗ
476 388 492 422 ἡ
511 387 581 423 ἀρχὴ
599 387 643 414 ἐπὶ
658 387 704 414 τοῦ
719 387 794 422 ὤμου
806 388 887 414 αὑτοῦ
899 396 905 402 '
919 388 965 414 καὶ

183 432 304 459 καλεῖται
329 433 359 459 τὸ
383 433 467 468 ὸνομα
491 434 574 460 αὑτοῦ
591 434 710 469 μεγάλης
729 433 825 469 βουλῆς
841 434 963 468 ἅγγελος,

182 478 336 514 θαυμαστὸς
361 478 520 514 σύμϐουλος,
545 480 611 511 θεὸς
635 480 757 515 ἰσχυρὸς,
780 480 962 514 ἐξουσιαστὴς,

182 523 273 558 ἄρχων
287 524 407 559 εἰρήνης,
429 523 520 559 πατὴρ
536 526 581 550 τοῦ
608 524 748 559 μέλλοντος
764 524 868 556 αἰῶνος.
892 525 963 556 "ago

181 569 235 604 γὰρ
254 569 363 604 εἰρήνην
394 569 439 595 ἐπὶ
457 570 520 600 τοὺς
549 570 689 604 ἄρχοντας,
706 570 750 596 καὶ
769 570 861 604 ὑγείαν
878 570 960 604 αὐτῷ.

181 614 294 649 Μεγάλη
316 615 331 649 ἡ
349 613 419 650 ἁρχὴ
433 614 525 645 αὑτοῦ,
544 615 590 641 καὶ
615 615 664 650 τῆς
687 616 795 651 εἰρήνης
810 615 892 642 αὑτοῦ
913 617 962 642 οὐκ

180 659 252 686 εστιν
265 660 348 695 ὃριον,
366 660 411 686 ἐπὶ
428 659 471 686 τὸν
487 659 579 696 θρόνον
594 661 685 692 Δαϐὶδ,
701 661 747 687 καὶ
764 662 811 697 τὴν
826 661 960 696 βασιλείαν

178 706 270 739 αὑτοῦ,
299 705 470 741 κατορθῶσαι
486 707 580 741 αὐτὴν,
595 707 641 733 καὶ
661 707 849 734 ἀντιλαδέσθαι
865 708 893 733 ἐν
903 708 961 743 κρί-

180 760 243 787 ματι
257 752 303 779 καὶ
326 752 480 788 δικαιοσύνῃ
496 753 548 779 ἀπὸ
561 753 606 779 τοῦ
619 753 665 779 νῦν
688 754 734 780 καὶ
747 755 786 785 εἰς
803 754 847 780 τὸν
864 754 957 781 αἰῶνα.

184 797 212 824 '0
228 797 308 833 ζῆλος
337 798 438 833 Κυρίου
461 798 573 824 Σαϐαὼθ
595 799 701 834 ποιήσει
731 799 825 826 ταῦτα.
846 809 854 824 ι
876 799 960 826 Τοῦτο

177 843 267 878 τρίτον
281 843 330 879 ἢδη
347 843 377 870 τὸ
390 843 494 869 παιδίον
508 844 716 878 προφητεύεται,
736 845 782 871 τοῦ
806 845 886 871 αὑτοῦ
901 853 960 870 ποι-

177 890 260 922 κΰιως
280 890 486 925 σημαινομένου.
512 890 620 925 Ἐπειδὴ
633 891 722 917 τοίνυν
743 892 883 927 πρόκειται
910 892 957 918 νῦν

176 937 242 971 ἡμῖν
256 936 301 962 τὸν
317 935 415 971 τρόπον
430 936 480 971 τῆς
490 937 529 967 εἰς
541 936 699 972 ἀνθρώπους
711 937 756 963 τοῦ
771 937 836 963 Θεοῦ
855 946 956 973 παρου-
974 923 993 950 Β

177 981 236 1013 σίας
249 981 388 1014 ἐπιδεῖξαι,
406 981 454 1008 θέα
464 982 496 1007 δι’
513 982 583 1008 ὅσων
599 980 673 1013 οὗτος
684 983 730 1008 καὶ
741 983 813 1014 ὅπως
827 983 959 1018 παρίστα-

174 1035 228 1054 ται.
257 1027 420 1054 Ἐδεικνύετο
437 1028 542 1063 πρῶτον
561 1029 575 1054 ὁ
594 1028 748 1063 ἐπικληθεὶς
776 1029 955 1064 Ἑμμανουὴλ,

174 1072 241 1103 Θεὸς
264 1073 296 1099 ἐκ
322 1073 456 1109 παρθένου
468 1073 649 1108 γεννώμενρς”
675 1073 799 1109 δεύτερον
817 1074 846 1100 τὸ
864 1075 895 1101 ὲκ
908 1074 956 1108 τῆς

174 1118 336 1153 προφήτιδος
360 1118 406 1144 καὶ
426 1118 473 1144 τοῦ
501 1119 577 1152 ἁγίου
602 1118 758 1153 ΙΙνευματος
773 1118 886 1150 παιδίον,
907 1120 956 1146 οὐκ

173 1162 238 1189 ἄλλο
264 1163 396 1198 τυγχάνον
411 1163 457 1190 τοῦ
473 1164 726 1199 προηγορευμένου·
750 1164 839 1198 τρίτον
860 1165 874 1190 ὁ
888 1164 956 1198 μετὰ

173 1211 277 1245 χεῖρας,
305 1207 345 1241 εἷς
365 1210 402 1236 ὢν
426 1211 471 1236 καὶ
487 1212 501 1237 ὁ
517 1210 598 1241 αὐτὸς
624 1212 680 1242 τοῖς
703 1211 852 1246 προτέροις.
873 1221 881 1236 ι
902 1211 955 1237 Καὶ

172 1255 258 1290 τούτῳ
288 1255 352 1289 γοῦν
379 1254 463 1290 ὄνομα
486 1254 555 1282 εἶναι
577 1256 694 1290 λέγεται,
723 1256 792 1282 κατὰ
817 1256 866 1290 μὲν
892 1256 955 1288 τοὺς

177 1301 376 1336 Ἐὄδομήκοντα
386 1311 395 1327 ι
411 1302 532 1337 μεγάλης
543 1302 638 1337 βουλῆς
646 1303 770 1336 ἄγγελος,
783 1313 790 1327 ι
801 1303 846 1329 καὶ
852 1302 888 1334 ὧς
894 1311 953 1329 τινα

171 1346 226 1373 τῶν
253 1347 424 1383 ἀντιγράφων
450 1348 521 1383 ἔχει,
565 1358 574 1374 ι
607 1348 761 1384 θαυμαστὸς
787 1348 952 1383 σύμϐουλος,

171 1392 236 1424 Θεὸς
260 1393 378 1429 ἰσχυρὸς,
395 1393 579 1429 ὲξουσιαστὴς,
603 1393 694 1430 ἅρχων
715 1395 836 1430 εἰρήνης,
863 1394 953 1430 πατὴρ

170 1438 216 1464 τοῦ
232 1439 372 1474 μέλλοντος
388 1440 483 1471 αἰῶνος
493 1448 500 1454 ·
518 1449 527 1465 ι
544 1440 613 1466 κατὰ
630 1441 658 1466 δὲ
672 1440 701 1466 τὸ
717 1441 871 1476 Ἐϐραῑκὸν,
887 1441 925 1472 ὠς
939 1441 952 1467 ὁ

172 1484 220 1519 μὲν
243 1485 356 1517 Ἀκύλας
379 1486 476 1521 φησίν·
497 1486 572 1513 (Ὅτι
597 1487 700 1514 παιδίον
724 1487 852 1522 ἐγεννήθη
873 1488 950 1522 ἡμῖν,

170 1530 227 1562 υἱὸς
243 1531 319 1567 ἐδόθη
333 1532 407 1567 ἡμῖν,
421 1533 467 1559 καὶ
479 1533 584 1566 ἐγένετο
602 1534 700 1568 μέτρον
714 1534 756 1559 ἐπ’
768 1533 842 1568 ῶμου
858 1534 950 1560 αὑτοῦ.

170 1575 224 1602 Καὶ
237 1576 336 1613 ἐκλήθη
359 1576 389 1603 τὸ
413 1577 496 1613 ὄνομα
512 1578 593 1605 αὑτοῦ
610 1579 768 1614 Θαυμαστὸς
789 1579 948 1614 σύμϐουλος,
965 1593 986 1623 c

170 1621 289 1658 ἰσχυρὸς,
312 1623 433 1654 δυνατὸς,
460 1624 560 1659 πατὴρ,
588 1624 626 1650 ἔτι
646 1625 734 1659 ἄρχων
756 1626 875 1661 εἰρήνης,
903 1626 950 1652 καὶ

168 1668 217 1703 τῆς
232 1669 343 1704 εἰρήνης
356 1669 438 1695 αὑτοῦ
453 1670 502 1696 οὐκ
518 1669 574 1696 ἔστι
593 1670 692 1706 πέρας·
714 1681 722 1696 ι
739 1671 775 1702 ὡς
791 1671 818 1697 δὲ
843 1672 856 1697 ὑ
878 1672 950 1706 Σύμ-

170 1722 270 1749 μαχος·
291 1723 300 1740 ι
315 1715 432 1746 Νεανίας
445 1715 498 1751 γὰρ
519 1715 594 1751 ἐδόθη
618 1717 691 1751 ἡμῖν,
711 1717 767 1748 υἱὸς
780 1717 855 1753 ἐδόθη
872 1719 948 1753 ἡμῖν.

168 1760 222 1786 Καὶ
241 1759 316 1786 ἔσται
339 1761 355 1796 ή
377 1761 482 1787 παιδεία
496 1761 577 1788 αὐτοῦ
592 1762 636 1788 ἐπὶ
653 1762 698 1788 τοῦ
711 1762 784 1796 ὤμου
799 1762 890 1793 αὑτοῦ,
903 1763 950 1789 καὶ

167 1804 330 1840 κληθήσεται
341 1806 372 1832 τὸ
387 1806 471 1842 ὄνομα
486 1807 567 1833 αὖ.τοῦ
581 1808 800 1843 Παραὸοξασμὸς,
815 1807 949 1842 βουλευτι-

166 1850 224 1883 κὸς,
245 1852 364 1888 ἰσχυρὸς,
385 1852 506 1884 δυνατὸς,
528 1853 618 1888 πατὴρ
638 1853 744 1885 αἰῶνος,
763 1854 853 1889 ἄρχων
875 1855 949 1889 εἰρή-

166 1905 224 1932 νης,
240 1897 287 1924 καὶ
298 1898 346 1930 τῆς
357 1899 468 1934 εἰρήνης
482 1899 565 1925 αὑτοῦ
578 1899 627 1925 οὐκ
640 1899 695 1926 ἐστι
708 1899 803 1935 πέρας.
819 1910 828 1924 ι
845 1899 948 1925 Οὐκοῦν

165 1942 214 1978 οὐχ
227 1942 320 1975 ἁπλῶς
343 1944 457 1978 ἄγγελος
473 1945 543 1972 κατὰ
564 1946 626 1977 τοὺς
646 1946 854 1981 Ἐΰδομήκοντα,
878 1946 946 1972 ἀλλὰ

168 1998 178 2014 ί
189 1989 222 2025 τῆ
228 1999 239 2020 ;
253 1990 372 2026 μεγάλης
383 1990 480 2025 βουλῆς
488 1991 612 2025 ἄγγελος,
620 1992 666 2018 καὶ
673 1992 827 2027 θαυμαστὸς
836 1992 866 2018 σύ
871 1993 948 2027 p.602)-

164 2034 218 2067 λος,
233 2035 280 2062 καὶ
301 2036 367 2068 Θεὸς
389 2037 507 2071 ἰσχυρὸς,
522 2038 568 2063 καὶ
590 2038 772 2073 ἐξουσιαστὴς,
787 2038 833 2064 καὶ
857 2038 947 2073 ἄρχων

164 2081 283 2117 εἰρήνης,
303 2082 349 2108 καὶ
369 2084 459 2119 πατὴρ
471 2084 517 2110 τοῦ
533 2084 671 2118 μέλλοντος
683 2084 778 2115 αἰῶνος
793 2093 801 2108 ι
817 2083 946 2119 γεννηθή-

164 2125 269 2158 σεσθαι,
289 2127 336 2154 καὶ
358 2128 462 2154 παιδίον
476 2128 583 2155 ἔσεσθαι
606 2129 647 2155 διὰ
666 2128 768 2155 τούτων
780 2128 943 2161 ἑθεσπίξετο.

165 2171 257 2207 Ἔχεις
268 2172 297 2199 δὲ
316 2174 344 2198 ἐν
364 2175 420 2205 τοῖς
437 2175 579 2210 προτέροις
591 2175 636 2201 τὸν
647 2175 694 2201 τοῦ
708 2175 774 2201 Θεοῦ
782 2175 882 2208 Λόγον,
899 2175 946 2201 καὶ

162 2215 239 2248 Θεὸν,
253 2217 300 2243 καὶ
312 2216 412 2252 Κύριον
429 2218 562 2253 διαφόρως
584 2218 807 2254 ἀνηγορευμένον,
830 2218 895 2254 ὁμοῦ
917 2219 945 2245 δὲ

1016 299 1152 328 mentum,
1175 302 1237 322 cum
1260 294 1448 321 consiliatione
1471 295 1585 322 soluturi
1606 298 1686 327 sunt,
1703 299 1730 322 et
1747 304 1792 323 \o-

1015 341 1069 368 lent
1092 341 1115 368 si
1137 340 1237 367 fuerint
1257 340 1317 375 igne
1338 340 1494 367 combusti:
1516 340 1645 375 quoniam
1665 342 1794 375 puerulus

1015 390 1095 413 natus
1107 390 1148 413 est
1162 386 1255 417 nobis,
1269 390 1296 412 et
1310 385 1380 412 ﬁlius
1396 385 1476 413 datus
1489 389 1530 413 est
1545 385 1623 412 nobis
1633 406 1640 418 ,
1656 385 1734 420 cujus
1747 386 1793 412 im-

1015 431 1118 467 perium
1138 439 1219 466 super
1239 430 1380 457 humerum
1402 430 1506 465 ipsius,
1524 434 1551 457 et
1566 434 1679 457 voeatur
1693 437 1792 457 nomen

1013 477 1072 511 ejus
1088 477 1179 512 magni
1197 476 1303 503 consilii
1325 479 1456 511 angelus,
1474 476 1642 503 admirabilis
1665 476 1793 503 consilia-

1013 523 1070 550 rius
1081 542 1088 554 ,
1105 522 1175 550 Deus
1191 522 1284 555 fortis,
1301 522 1450 558 potentiam
1468 521 1571 549 habens
1582 541 1589 553 ,
1604 522 1730 557 princeps
1745 524 1794 556 pa-

1012 569 1066 601 cis,
1083 573 1160 603 pater
1175 568 1258 595 futuri
1274 569 1376 596 szeculi.
1394 568 1534 595 Adducam
1549 568 1620 595 enim
1637 575 1728 603 pacein
1746 573 1792 594 su-

1013 622 1060 649 per
1075 614 1213 649 principes
1224 634 1231 646 ,
1248 620 1274 641 et
1291 614 1434 641 sanitalem
1449 614 1488 646 ei,
1504 620 1630 648 magnum
1649 614 1790 648 imperium

1011 660 1089 694 ejus,
1104 664 1130 687 et
1146 660 1221 694 pacis
1235 659 1294 694 ejus
1311 667 1364 685 non
1381 663 1422 686 est
1437 659 1515 690 ﬁnis,
1532 666 1613 693 super
1627 659 1722 686 solium
1738 659 1792 685 Da-

1011 705 1053 731 vid
1070 709 1096 731 et
1112 712 1224 739 regnum
1241 704 1300 739 ejus
1315 709 1344 731 ut
1360 705 1459 739 dirigat
1475 705 1557 736 illud,
1574 709 1601 731 et
1615 705 1746 739 suscipiat
1763 706 1789 732 in

1007 750 1109 785 judicio
1125 754 1152 777 et
1170 750 1276 785 justitia
1296 758 1329 777 ex
1353 751 1403 777 hoc
1418 755 1539 785 tempore
1553 755 1579 777 et
1594 758 1679 785 usque
1695 751 1721 778 in
1738 759 1789 778 52e—

1009 796 1100 822 culutn
1114 805 1121 824 :
1139 796 1214 823 zelus
1231 795 1338 823 Domini
1356 795 1474 823 Sabaoth
1491 795 1572 823 faciet
1586 796 1642 823 hate
1658 797 1690 824 ".
1707 806 1716 822 ι
1729 795 1788 824 1am

1009 850 1081 869 nunc
1097 842 1178 869 tertio
1194 849 1306 876 puerum
1328 841 1401 868 hunc
1423 841 1564 876 prophetia
1579 846 1786 873 commemorat.

1009 895 1068 922 qua
1083 887 1204 915 eamdem
1220 895 1275 914 rem
1292 887 1376 915 variis
1389 888 1476 915 modis
1494 888 1638 922 significat.
1655 887 1789 920 Quoniam

1010 933 1091 968 igitur
1116 941 1189 960 nunc
1215 934 1384 968 propositum
1410 934 1489 961 nobis
1513 938 1569 966 est,
1589 933 1721 962 adventus
1741 932 1788 962 Dei

1009 978 1040 1006 ad
1062 979 1185 1006 homines
1207 979 1317 1005 modum
1341 979 1499 1011 ostendere,
1522 980 1600 1011 vide,
1621 987 1727 1014 qumso,
1743 980 1788 1006 hic

1007 1031 1086 1058 quam
1096 1024 1188 1051 multis
1203 1024 1290 1051 modis
1303 1024 1512 1052 demonstretur.
1528 1024 1619 1053 Primo
1628 1025 1734 1060 quidem
1749 1025 1788 1052 di-

1006 1073 1066 1096 ctus
1080 1073 1123 1097 est
1145 1068 1324 1101 Emmanuel,
1342 1068 1412 1096 Deus
1436 1070 1482 1104 qui
1508 1070 1541 1097 de
1560 1070 1671 1105 Virgine
1691 1078 1787 1098 nasce-

1007 1118 1089 1142 retur.
1120 1114 1263 1147 Secundo,
1295 1122 1326 1141 ex
1355 1115 1512 1150 prophetica
1536 1116 1650 1143 muliere
1674 1121 1701 1144 et
1723 1115 1788 1151 Spi-

999 1159 1057 1186 ritu
1076 1163 1172 1186 sancto
1192 1160 1337 1194 puerulus,
1361 1161 1406 1195 qui
1429 1168 1482 1187 non
1504 1161 1574 1189 alius
1597 1165 1638 1189 est
1659 1170 1740 1197 quam
1761 1162 1785 1190 is

1005 1205 1038 1231 de
1057 1213 1112 1239 quo
1132 1206 1188 1239 jam
1206 1205 1335 1233 diximus.
1354 1205 1446 1234 Tertio
1462 1207 1485 1234 is
1498 1228 1505 1239 ,
1522 1207 1624 1243 dequo
1639 1217 1712 1236 nunc
1729 1209 1786 1245 agi-

1005 1257 1081 1282 mus,
1110 1249 1156 1284 qui
1182 1257 1243 1276 cum
1269 1250 1405 1285 prioribus
1431 1260 1501 1279 unus
1527 1257 1568 1279 est
1594 1257 1674 1288 atque
1701 1253 1783 1282 idem.

1005 1294 1072 1322 Huic
1096 1296 1179 1330 igitur
1202 1303 1262 1323 esse
1285 1304 1381 1323 nomen
1411 1297 1519 1329 dicitur,
1545 1303 1574 1325 ut
1595 1299 1692 1334 legitur
1713 1300 1784 1334 apud

1005 1339 1179 1375 Septuaginta
1189 1361 1195 1373 ,
1208 1350 1218 1366 ‹
1231 1342 1320 1376 magni
1334 1343 1441 1370 consilii
1460 1344 1572 1378 angelus
1587 1350 1666 1376 :iet,
1684 1349 1713 1371 ut
1727 1346 1785 1379 qui-

1003 1386 1064 1413 dam
1075 1387 1182 1414 codices
1196 1387 1306 1419 habent,
1320 1397 1328 1413 ι
1342 1388 1508 1416 admirabilis
1519 1390 1701 1423 consiliarius,
1713 1390 1785 1419 Deus

1003 1432 1098 1466 fortis,
1125 1434 1274 1469 potentiam
1300 1433 1418 1467 habens,
1441 1434 1569 1471 princeps
1592 1436 1685 1470 pacis.
1707 1442 1779 1471 pom

1001 1478 1079 1514 337
1094 1479 1176 1506 futuri
1191 1480 1293 1507 saeculi.
1315 1490 1324 1506 ›
1342 1480 1377 1507 Ut
1392 1488 1454 1508 vero
1464 1486 1502 1509 est
1516 1482 1543 1509 in
1557 1481 1700 1513 Hebraico.
1713 1482 1783 1510 sicut

1001 1525 1098 1560 Aquila
1124 1526 1288 1553 testiﬁcatur
1303 1535 1308 1553 :
1329 1535 1338 1551 ι
1354 1526 1486 1560 Quoniam
1506 1527 1634 1563 puerulus
1647 1532 1726 1555 natus
1741 1532 1783 1555 est

1003 1571 1091 1604 nobis,
1110 1571 1180 1599 [ilius
1196 1571 1277 1599 datus
1293 1575 1334 1599 est
1348 1573 1437 1604 nobis,
1454 1577 1480 1600 et
1497 1573 1566 1600 facta
1592 1577 1634 1601 est
1656 1581 1783 1601 mensura

1002 1626 1084 1653 super
1095 1618 1237 1645 humerum
1255 1618 1324 1653 ejus,
1343 1622 1369 1645 et
1382 1623 1507 1646 vocatum
1529 1623 1571 1646 est
1591 1612 1687 1647 nomen
1710 1621 1779 1655 ejus,

1000 1666 1174 1693 Admirabilis
1188 1666 1370 1697 consiliarius,
1385 1665 1473 1697 fortis,
1485 1671 1591 1701 potens,
1603 1671 1689 1701 pater,
1699 1667 1780 1694 etiam

1001 1711 1127 1746 princeps
1141 1712 1226 1746 pacis,
1238 1716 1265 1739 et
1280 1712 1355 1746 pacis
1369 1712 1428 1745 ejus
1449 1719 1502 1738 non
1520 1716 1562 1739 est
1582 1712 1651 1739 ﬁnis.
1674 1722 1683 1738 ι
1701 1712 1779 1740 Sicut

1001 1761 1089 1783 autem
1107 1756 1286 1791 Symmachus
1305 1767 1311 1784 ε
1329 1766 1338 1782 ι
1358 1756 1584 1785 Adolescentuius
1610 1758 1682 1785 enim
1700 1759 1780 1786 datus

999 1809 1042 1832 est.
1064 1804 1152 1834 nobis.
1172 1805 1242 1832 [ilius
1264 1804 1344 1832 datus
1363 1809 1405 1832 est
1419 1804 1508 1837 nobis,
1527 1809 1554 1831 et
1568 1805 1621 1832 erit
1636 1806 1778 1841 disciplina

999 1851 1058 1885 ejus
1078 1858 1159 1886 super
1173 1850 1314 1878 humerum
1329 1850 1399 1885 ejus,
1417 1854 1443 1878 et
1454 1851 1594 1877 vocabitur
1605 1859 1702 1879 nomen
1719 1852 1780 1888 ejus

1000 1894 1211 1927 Admirabilitas,
1233 1895 1416 1927 consiliarius,
1447 1895 1536 1928 fortis,
1563 1901 1671 1930 potens,
1702 1902 1779 1932 pater

999 1941 1101 1972 saeculi,
1119 1941 1245 1975 princeps
1262 1941 1348 1975 pacis,
1362 1944 1389 1968 et
1401 1940 1474 1975 pacis
1484 1941 1544 1976 ejus
1558 1949 1611 1968 non
1622 1945 1663 1969 est
1675 1941 1743 1970 linis.
1765 1952 1774 1968 ι

999 1986 1068 2021 Ergo
1100 1994 1154 2013 non
1188 1987 1347 2022 simpliciter
1374 1988 1485 2022 angelus
1525 1987 1674 2014 secundum
1703 1988 1778 2023 ipsos

998 2030 1079 2062 LXX,
1096 2031 1142 2057 sed
1159 2040 1168 2056 ι
1189 2031 1278 2065 magni
1301 2031 1409 2058 consilii
1429 2032 1551 2066 angelus,
1568 2035 1595 2059 et
1609 2033 1777 2061 admirabilis

997 2077 1182 2108 consiliarius,
1199 2081 1224 2103 et
1237 2076 1307 2104 Deus
1322 2076 1412 2109 fortis,
1427 2081 1454 2103 et
1467 2078 1614 2112 potentiam
1632 2078 1742 2109 habens,
1750 2082 1778 2106 et

998 2123 1125 2157 princeps
1138 2122 1223 2156 pacis,
1233 2125 1259 2149 et
1273 2125 1350 2156 pater
1361 2122 1446 2149 futuri
1463 2123 1554 2149 saeculi
1569 2133 1578 2148 ι
1596 2124 1718 2152 oriturus
1731 2124 1778 2151 ali-

997 2168 1116 2202 quando,
1135 2172 1160 2194 et
1187 2168 1317 2202 puerulus
1344 2167 1464 2199 futurus,
1488 2168 1521 2195 iis
1544 2169 1633 2197 verbis
1659 2169 1776 2197 caneba-

999 2217 1052 2239 tnr.
1088 2212 1176 2240 Habes
1195 2212 1275 2239 etiam
1293 2213 1320 2239 in
1339 2214 1372 2241 iis
1387 2221 1446 2248 qua:
1462 2214 1539 2249 prius
1555 2215 1626 2241 dicta
1643 2219 1716 2247 sunt,
1728 2215 1775 2243 Dei

161 2261 208 2288 τὸν
220 2262 301 2289 αὐτὸν
313 2262 426 2297 ἄγγελον
439 2264 630 2299 ὠνομασμένον
644 2265 690 2290 τοῦ
704 2265 819 2300 Πατρὸς,
834 2265 879 2291 καὶ
898 2265 946 2300 ἁρ-

999 2258 1127 2290 Verinnn,
1139 2263 1165 2285 et
1179 2258 1274 2289 Deum.
1287 2262 1314 2286 et
1330 2258 1473 2286 Dominum
1492 2260 1607 2288 diversis
1623 2261 1711 2289 modis
1728 2269 1776 2297 ap-

161 2307 343 2343 χιστράτηγον
358 2309 497 2344 δυνάμεως
510 2310 621 2345 Κυρίου.
641 2311 688 2342 Τίς
700 2311 722 2337 δ’
735 2311 767 2337 ἂν
785 2308 830 2337 οὖν
844 2311 947 2344 γένοιτο

161 2353 232 2380 κατὰ
245 2354 293 2388 μὲν
306 2355 351 2380 τὸν
369 2355 481 2382 Ἀκύλαν
498 2357 544 2383 καὶ
560 2357 610 2388 τὰς
622 2357 704 2383 εἰσέτι
727 2356 773 2383 νῦν
796 2355 947 2391 φερομένας

160 2399 227 2435 παρ’
241 2399 374 2436 Ἑϐραίοις
388 2402 548 2437 μαρτυρίας,
564 2403 591 2428 ὲν
605 2402 755 2438 ἀνθρώποις
767 2402 944 2437 γεννώμενος,

161 2446 208 2472 καὶ
223 2455 232 2470 ι
245 2446 351 2473 παιδίον
362 2456 371 2472 ι
384 2448 533 2483 γινόμενος,
545 2457 553 2473 ι
569 2448 723 2483 θαυμαστὸς
733 2448 889 2483 σύμϐουλος,
899 2449 945 2474 καὶ

162 2487 281 2524 ἰσχυρὸς,
295 2489 415 2523 δυνατὸς,
425 2492 471 2518 καὶ
484 2492 582 2527 πατὴρ,
593 2493 632 2518 ἔτι
641 2493 687 2519 καὶ
699 2492 788 2528 ἄρχων
803 2493 920 2528 εἰρήνης,
930 2503 938 2518 ν

159 2532 190 2560 οὗ
204 2534 270 2561 ποτέ
279 2535 317 2567 (Ι)
328 2543 408 2570 φησιν
416 2535 524 2562 ἔσεσθαι
534 2537 617 2568 τέλος·
628 2537 732 2564 κατὰδὲ
741 2538 786 2564 τὸν
795 2537 940 2573 Σύμμαχον

162 2587 172 2604 ι
187 2578 407 2615 Παραδοξασμὸς,
423 2581 601 2616 βουλευτικὸς,
619 2583 736 2617 ἰσχυρὸς,
749 2582 870 2614 δυνατὸς,
886 2592 939 2609 πα-

158 2624 210 2662 τὴρ
225 2626 331 2659 αἰῶνος,
346 2627 437 2663 ἄρχων
450 2628 571 2663 εἰρήνης,
586 2629 632 2654 καὶ
650 2628 748 2663 ταύτης
768 2628 880 2664 ἀπείρου
894 2630 939 2655 καὶ

157 2670 353 2707 ὼτιλευτήτου·
371 2683 379 2697 ι
396 2673 442 2700 καὶ
464 2674 534 2699 κατὰ
555 2673 726 2705 Θεοδοτίωνα,
753 2683 761 2698 ι
779 2673 940 2709 θαυμαστῶς

159 2715 302 2751 βουλεύων,
317 2718 434 2754 ἰσχυρὸς,
448 2719 589 2754 δυνάστης,
605 2719 704 2754 πατὴρ,
720 2719 810 2753 ἄρχων
820 2720 938 2755 εἰρήνης,

156 2761 196 2796 τῷ
212 2762 358 2798 πληθύνων
379 2764 428 2799 τὴν
450 2764 581 2795 παιδείαν,
595 2762 624 2790 οὗ
638 2765 687 2799 τῆς
700 2765 808 2800 εἰρήνης
820 2765 869 2791 οὐκ
883 2765 938 2792 ἐστι

157 2805 253 2841 πόροις.
270 2817 280 2833 ι
297 2808 351 2834 Καὶ
364 2808 436 2843 αὺτῷ
456 2817 496 2835 σοι
511 2809 545 2835 τὰ
558 2809 620 2844 ἑξῆς
641 2808 795 2835 καταλείπω
818 2811 937 2840 σκοπεῖν,

192 2850 215 2865 "
231 2850 286 2878 lsa.
305 2860 344 2882 ix,
356 2851 372 2879 3
388 2852 414 2879 7.

996 2304 1134 2338 peliatum.
1151 2308 1177 2331 et
1195 2305 1295 2339 pariter
1309 2305 1432 2332 eumdem
1451 2306 1576 2341 angelum
1592 2307 1676 2341 patris
1688 2307 1775 2334 nomi-

997 2356 1100 2382 natum,
1113 2356 1140 2379 et
1156 2353 1272 2387 primum
1294 2353 1486 2387 imperatorem
1499 2355 1637 2389 copiarum
1656 2354 1773 2382 Domini.

996 2396 1048 2424 Sed
1063 2397 1125 2432 quis
1141 2399 1249 2424 tandem
1265 2399 1309 2425 hic
1330 2399 1388 2426 sit?
1406 2399 1559 2426 Secundum
1576 2400 1700 2435 Aquilam
1713 2401 1773 2435 qui-

994 2442 1055 2470 dem
1066 2442 1254 2470 et'secundnm
1265 2452 1296 2471 ea
1309 2452 1368 2479 quze
1378 2446 1458 2472 etiam
1476 2454 1548 2472 nunc
1560 2446 1631 2480 apud
1646 2446 1774 2474 Hebraeos

996 2487 1121 2514 feruntur
1137 2489 1303 2520 testimonia,
1314 2489 1361 2524 qui
1381 2489 1451 2517 inter
1465 2490 1588 2517 homines
1600 2494 1738 2522 nascetur,
1747 2494 1776 2518 et

998 2541 1007 2558 ι
1028 2532 1157 2567 puerulus
1177 2544 1186 2559 ι
1215 2534 1338 2566 exsistet,
1367 2543 1376 2559 ι
1399 2535 1618 2569 admirabilisque
1645 2536 1774 2564 consilia—

994 2579 1061 2610 rius,
1077 2583 1105 2606 et
1120 2579 1208 2610 fortis,
1221 2584 1247 2606 et
1263 2586 1367 2614 potens,
1383 2585 1409 2608 et
1425 2586 1499 2614 pater
1512 2581 1592 2607 etiam
1606 2584 1632 2607 et
1648 2582 1774 2617 princeps

995 2625 1080 2659 pacis,
1102 2636 1111 2651 ν
1134 2625 1213 2660 cujus
1238 2626 1312 2659 pacis
1334 2633 1469 2660 nunquam
1495 2625 1532 2651 ait
1546 2625 1665 2652 futurum
1681 2625 1772 2654 ﬁnern.

997 2670 1152 2697 Secundum
1180 2670 1370 2706 Symmachum
1402 2675 1490 2698 autem
1524 2680 1534 2696 ‹
1558 2670 1772 2704 Admirabilitas,

993 2716 1177 2748 consiliarius,
1195 2716 1283 2747 fortis,
1308 2720 1413 2751 potens,
1429 2722 1503 2751 pater
1527 2717 1630 2748 smculi,
1646 2717 1773 2752 princeps

994 2762 1080 2797 pacis,
1095 2766 1122 2789 et
1152 2763 1225 2797 pacis
1247 2762 1358 2789 inlinitze
1382 2768 1463 2796 atque
1487 2763 1674 2790 interminatam
1695 2773 1705 2789 ι
1726 2763 1772 2795 At.

994 2808 1065 2835 sicut
1085 2807 1252 2835 Theodotion
1267 2809 1362 2841 voluit,
1379 2817 1388 2834 ι
1406 2808 1599 2836 admirabiliter
1615 2811 1770 2843 consulens,

194 2895 232 2929 (Ι)
244 2895 285 2922 οὐ
296 2903 376 2923 ποτε.
389 2897 457 2931 Lege
472 2895 501 2924 οὗ
510 2906 556 2932 pro
567 2898 607 2930 οὐ,
620 2902 646 2925 et
660 2898 753 2933 accipe
765 2898 829 2925 ποτέ
844 2906 926 2926 sensu
936 2899 960 2926 οε

999 2907 1042 2931 ιτε,
1051 2899 1091 2926 vel
1099 2903 1162 2935 puta
1173 2899 1305 2927 excidisse
1320 2899 1442 2927 voculam
1454 2897 1486 2936 ἧς
1498 2904 1560 2927 ante
1571 2901 1679 2927 οὔποτε.
1692 2900 1770 2928 Eun.
