2089 3218
311 221 361 250 53!

631 213 766 242 EUSEBll
786 208 1025 240 CBSARIENSIS
1045 207 1118 235 OPP.
1139 206 1240 233 PARS.
1260 206 1281 233 ll
1295 221 1329 226 ——
1343 201 1588 233 APOLOGETICA.

1877 193 1932 222 5M

311 278 404 310 tortis,
422 279 529 312 potens,
546 275 639 308 pater,
660 271 788 307 princeps
811 270 898 305 pacis,
912 268 946 295 ad
968 265 1095 301 multipli-

1148 262 1273 290 τοσοῦτον
1296 263 1375 299 ὲπιση
1381 263 1542 298 μηνάμενος,
1553 259 1591 290 ὡς
1603 257 1657 294 ἄρα
1669 254 1748 287 αὐτὸς
1759 250 1836 289 οὗτος
1854 254 1869 280 ὁ
1885 253 1932 281 λι.

312 324 427 352 caudam
451 319 635 356 disciplinam,
651 319 731 352 cujus
753 316 830 352 pacis
853 323 908 343 non
932 317 973 342 est
996 313 1067 340 ﬁnis.
1085 322 1094 338 ι

311 371 458 400 Cancrum,
474 374 535 402 quae
563 368 715 400 sequuntur
735 363 785 390 tibi
810 362 861 398 ipsi
889 359 1096 395 contemplanda

312 417 449 450 relinquo,
467 414 520 441 hoc
535 419 618 439 unum
628 411 761 438 duntaxat
776 408 923 436 adnotasse
939 409 1096 437 contentus,

311 462 386 498 quod
400 462 459 497 ipse
470 460 525 493 hic,
540 459 586 494 qui
603 457 703 485 dicitur
715 466 724 482 ι
739 461 817 491 pater
832 454 970 486 saeculi,ct
986 452 1097 480 inﬁnitae

308 509 388 543 pacis
405 507 531 543 princeps
544 525 551 537 ,
567 505 712 540 magnique
729 501 835 530 consilii
853 501 975 536 angelus,
989 509 997 525 ι
1008 499 1096 526 oritu-

310 561 360 581 rus
377 553 523 588 aliquando
535 555 563 578 et
578 550 709 586 puerulus
727 549 834 575 futurus
850 546 992 582 prophetia
1006 545 1097 573 decla-

312 602 400 630 ratur,
415 601 442 624 et
457 597 484 623 in
504 601 566 623 ortu
577 602 628 622 suo
642 595 713 621 inter
729 593 854 620 homines
870 592 941 619 volet
955 590 1019 618 olim
1036 598 1097 618 esse

312 644 374 679 igne
390 643 549 670 combustos
564 649 613 669 eos
630 641 676 675 qui
690 640 716 666 in
727 647 758 666 ea
771 640 858 667 salute
869 638 999 673 gentium,
1018 637 1096 671 cujus

313 691 372 725 ipse
395 694 490 715 auctor
506 688 570 719 erit,
587 687 674 714 odiosi
702 685 787 712 futuri
815 687 889 718 sunt,
904 684 961 710 sive
986 683 1004 710 ii
1033 682 1097 709 mali

310 734 422 769 quidam
438 735 588 763 daemones,
606 732 662 759 sive
679 731 759 758 etiam
787 731 862 766 impii
878 730 1003 757 homines
1017 728 1097 755 intel-

310 781 442 816 ligantur,
459 780 493 807 de
518 779 618 814 quibus
641 778 704 805 ait:
731 786 741 802 ι
764 777 841 810 Quod
868 784 974 804 omnem
995 778 1096 802 vestem

311 828 457 855 collectam
473 826 548 857 dolo,
564 829 590 853 et
602 825 807 856 vestimentum,
824 831 886 850 cum
907 822 1097 849 conciliatione

311 874 428 902 solvent.
445 883 454 899 ι
471 872 523 900 Sed
535 872 581 907 qui
593 871 701 899 tandem
720 870 746 897 hi
760 870 871 903 fuerint,
885 869 936 897 nisi
949 869 981 896 de
997 868 1096 904 quibus

311 921 374 948 alibi
395 928 427 948 ex
451 920 537 955 ipsius
561 918 711 945 Salvatoris
737 916 824 944 nostri
849 924 966 952 persona
993 916 1095 943 dictum

310 970 375 994 est:
397 975 406 990 ι
425 965 521 992 Partiti
543 967 608 992 sunt
623 963 786 990 vestimenta
811 969 868 990 mea
894 961 958 993 sibi,
974 965 1097 1005 et.supcr

310 1015 414 1038 vestem
429 1017 516 1037 meam
533 1010 667 1036 miserunt
691 1011 792 1035 sortem
809 1007 843 1039 ⁸³,
868 1016 877 1032 ι
899 1011 925 1033 et
940 1006 1096 1040 quicunque

310 1057 434 1092 ejusdem
449 1055 596 1091 impietatis
621 1063 652 1082 ac
672 1055 785 1082 sceleris
799 1053 945 1089 participes
969 1051 1097 1079 fuerunt?

309 1103 393 1139 338
412 1102 464 1135 Qui
480 1102 590 1137 quidem
605 1102 669 1128 dum
684 1101 789 1136 seipsos
813 1099 847 1126 ad
862 1104 1013 1126 extremum
1034 1105 1096 1124 con-

311 1149 454 1176 demnatos
469 1147 609 1178 videbunt,
629 1146 764 1182 optabunt
783 1153 812 1173 se
828 1150 890 1172 ante
908 1145 988 1171 talem
1005 1143 1098 1178 impie-

311 1197 394 1221 tatem
422 1194 485 1230 igne
512 1193 596 1221 fuisse
616 1193 785 1224 combustos,
801 1191 892 1226 potius
903 1198 984 1226 quam
1007 1189 1097 1224 magni

310 1241 419 1268 consilii
436 1241 561 1275 angelum
577 1248 591 1266 a
610 1240 708 1275 seipsis
724 1239 855 1266 violatum
869 1237 963 1264 fuisse.
974 1235 1015 1262 Tu
1031 1243 1095 1262 vero

309 1291 400 1314 tecum
417 1287 475 1321 ipse
491 1286 635 1314 considera
649 1294 714 1313 num
730 1293 839 1312 omnem
854 1284 1000 1311 humanam
1014 1286 1096 1309 natu-

310 1340 369 1359 ram
384 1333 530 1362 transiliat,
547 1332 618 1367 quod
635 1333 707 1359 illius
730 1339 782 1367 pax
805 1331 910 1358 nullum
926 1329 1004 1357 ﬁnem
1020 1329 1098 1356 habi-

309 1383 372 1406 tura
388 1387 448 1406 esse
463 1379 581 1409 dicatur.
595 1383 622 1406 et
632 1378 704 1413 quod
719 1383 795 1413 pater
811 1377 902 1404 saeculi
923 1376 1095 1408 nominetur;

308 1430 440 1462 pratterea
455 1426 527 1460 quod
544 1434 598 1453 non
615 1425 775 1460 simpliciter
791 1424 904 1459 angelus
917 1427 1038 1455 vocetur,
1049 1423 1096 1450 sed

312 1482 322 1498 ι
344 1472 436 1507 magni
452 1473 558 1499 consilii
575 1472 698 1506 angelus.
712 1476 738 1498 et
750 1470 823 1498 Deus
842 1469 932 1502 fortis,
954 1479 963 1495 ι
981 1473 1008 1496 et
1023 1475 1097 1503 quae-

309 1525 418 1553 cunque
432 1526 486 1544 una
503 1525 564 1544 cum
577 1517 619 1545 his
636 1517 815 1544 adnumerata
832 1519 904 1542 sunt.
919 1514 984 1541 item
997 1514 1034 1541 ait
1048 1522 1096 1548 per

309 1563 386 1591 illuni
408 1571 520 1598 regnum
543 1563 624 1590 David
639 1570 700 1590 esse
724 1560 988 1597 dirigendum,quod
1006 1561 1094 1595 ipsum

310 1616 376 1636 sane
392 1608 591 1642 hoc'iutelliges
611 1607 702 1634 modo.
722 1606 840 1633 Plurima
858 1607 966 1640 quidem
979 1613 1010 1634 ea
1032 1609 1095 1633 sunt

309 1662 370 1689 quae
385 1654 437 1689 ipsi
450 1654 532 1681 David
548 1654 671 1689 promisit
681 1653 762 1684 Deus,
772 1654 800 1680 in
815 1653 914 1688 quibus
927 1653 1008 1680 etiam
1028 1652 1072 1678 illa
1085 1661 1092 1679 :

311 1710 321 1727 ι
339 1700 372 1727 Et
387 1708 487 1736 ponam
505 1701 531 1726 in
557 1700 626 1727 mari
651 1707 759 1726 manum
772 1699 842 1734 ejus,
854 1703 881 1726 et
896 1699 923 1725 in
935 1698 1092 1725 ﬂuminibus

308 1747 448 1775 dexteram
471 1747 540 1781 ejus,
557 1746 615 1781 ipse
640 1745 779 1773 invocabit
804 1753 856 1776 me,
876 1749 952 1780 pater
969 1753 1047 1773 meus
1062 1753 1092 1772 es

309 1798 350 1827 tu,
365 1793 437 1821 Deus
455 1801 542 1825 meus.
561 1797 588 1820 et
612 1796 755 1828 susceptor
779 1793 877 1819 salutis
902 1800 978 1823 meae,
1002 1795 1028 1818 et
1044 1799 1093 1826 ego

309 1841 518 1875 primogenitum
535 1847 633 1874 ponam
649 1839 736 1870 illum,
751 1839 889 1866 excelsum
914 1845 969 1872 pra:
983 1837 1093 1872 regibus

308 1894 407 1922 terrae,
432 1890 460 1916 in
499 1893 630 1916 alternum
655 1888 771 1916 servabo
813 1887 853 1913 illi
877 1885 1091 1914 misericordiam

309 1942 409 1965 meam,
427 1938 453 1961 et
469 1938 661 1961 testamentum
675 1940 763 1960 meum
780 1931 856 1959 (idele
872 1931 934 1966 ipsi,
951 1934 977 1958 ct
993 1937 1092 1966 ponam

308 1984 336 2010 in
365 1982 494 2010 steeulum
520 1982 612 2009 smeuli
640 1989 732 2008 semen
757 1981 826 2015 ejus,
845 1984 872 2007 et
890 1979 1017 2006 thronum
1033 1979 1092 2014 ejus

309 2027 381 2055 sicut
397 2027 455 2055 dies
470 2028 532 2054 cmli
548 2027 578 2053 ⁸⁸.
598 2037 607 2053 ι
628 2026 659 2053 Et
680 2034 777 2053 rursus
793 2035 798 2052 :
817 2035 826 2051 ‹
848 2025 937 2053 Semel
953 2025 1041 2059 juravi
1065 2025 1092 2051 in

309 2078 406 2102 sancto
423 2081 494 2106 meo,
507 2074 530 2101 si
548 2073 633 2101 David
650 2073 776 2103 mentiar,
789 2079 882 2099 semen
896 2071 956 2106 ejus
973 2071 1000 2098 in
1014 2074 1092 2098 aeter-

308 2127 374 2147 num
392 2120 523 2149 manebit.
540 2124 567 2147 et
590 2119 706 2146 thronus
731 2118 790 2153 ejus
815 2118 886 2145 sicut
915 2117 955 2144 sol
983 2117 1010 2143 in
1027 2123 1093 2142 con—

308 2171 404 2201 spectu
418 2173 489 2197 meo,
506 2169 533 2192 et
550 2164 620 2192 sicut
633 2165 696 2192 luna
718 2163 839 2199 perfecta
855 2163 881 2190 in
899 2167 1029 2190 aeternum
1041 2162 1089 2190 ⁸⁵.»

309 2213 376 2240 Cum
390 2213 418 2240 in
436 2212 552 2240 Psalmis
570 2212 640 2239 Deus
656 2212 707 2247 ipsi
721 2211 804 2238 David
815 2216 870 2237 tam
889 2210 974 2236 multa
989 2209 1091 2243 promi-

309 2259 386 2291 serit,
399 2259 537 2285 contraria
549 2262 639 2285 tamen
652 2258 686 2285 iis
702 2265 762 2292 qum
779 2257 914 2291 promissa
934 2259 1008 2287 sunt,
1020 2255 1092 2282 illius

308 2305 519 2334 successoribus
546 2304 671 2331 evenisse
699 2307 807 2330 consult
831 2306 942 2337 propter
971 2302 1092 2336 ipsorum
1109 2304 1131 2331 D

309 2351 473 2387 impietates.
497 2351 603 2378 Etenim
629 2357 692 2377 cum
714 2357 748 2377 ex
772 2350 876 2377 semine
901 2348 985 2375 David
1018 2357 1094 2383 reges

308 2406 396 2434 usque
419 2399 453 2425 ad
481 2398 639 2426 Jechoniam
667 2400 693 2423 et
720 2404 807 2431 usque
838 2396 872 2423 ad
902 2395 1093 2431 Babylonicam

306 2445 399 2479 templi
412 2444 582 2472 obsidionem
597 2443 808 2478 permanserint,
821 2443 866 2470 ubi
876 2443 928 2469 hoe
942 2442 1030 2477 ipsum
1048 2449 1094 2468 ac-

306 2491 382 2522 cidit,
397 2495 454 2517 tum
466 2498 531 2518 vero
551 2490 715 2518 dissolutum
740 2494 783 2517 est
809 2496 932 2524 regnum,
946 2488 1014 2515 adeo
1030 2488 1092 2522 qui-

306 2537 377 2569 dem,
394 2540 424 2564 ut
439 2545 472 2564 ex
487 2537 534 2564 illo
550 2540 671 2571 tempore
686 2544 741 2563 non
756 2535 873 2570 amplius
895 2534 973 2562 sedes
996 2533 1090 2565 David,

306 2590 393 2617 neque
417 2583 451 2610 de
474 2583 577 2611 semine
597 2583 658 2617 ejus
680 2583 824 2617 quisquam
853 2581 924 2616 apud
950 2580 1090 2608 Judaicain

306 2632 413 2662 gentem
436 2629 600 2663 regnaverit,
617 2631 644 2655 et
660 2628 730 2654 hanc
745 2627 853 2662 quidem
871 2634 965 2654 earum
987 2633 1090 2656 rerum,

305 2681 375 2706 qum,
395 2677 425 2700 ut
446 2674 569 2708 proxime
589 2673 676 2708 posita
698 2672 797 2708 psalmi
821 2672 953 2707 particula
981 2671 1092 2698 demon-

305 2728 385 2757 strat,
403 2725 455 2759 ipsi
471 2725 555 2752 David
567 2726 709 2761 promissa:
725 2728 799 2756 sunt,
811 2724 959 2759 iacturam,
973 2722 1090 2758 Spiritus

306 2776 415 2805 divinus
432 2778 460 2805 in
475 2778 548 2805 hunc
561 2778 672 2806 modum
689 2778 762 2806 canit
780 2787 788 2806 :
810 2787 819 2803 ι
836 2778 876 2804 Tu
890 2785 954 2805 vero
966 2775 1089 2811 repulisti

307 2831 334 2854 ct
354 2828 514 2863 despexisli,
539 2830 671 2858 distulisti
697 2831 837 2859 Christum
864 2835 951 2861 tuum.
969 2829 1090 2858 evertisti

306 2885 499 2909 testamentum
515 2884 586 2911 servi
603 2884 650 2916 tui,
665 2885 816 2919 profanasti
830 2885 858 2912 in
872 2888 943 2912 terra
961 2887 1089 2911 sanctua-

1148 309 1262 345 γὸμενος
1277 319 1287 334 ‹
1302 309 1392 345 πατὴρ
1406 307 1511 339 αἰῶνος,
1524 306 1571 333 καὶ
1582 303 1693 339 ἀπείρου
1706 301 1816 337 εἰρήνης
1828 300 1931 335 ἄρχων,

1150 356 1269 392 μεγάλης
1282 357 1311 382 τε
1329 355 1424 390 βουλῆς
1432 353 1545 388 ἄγγελος
1553 361 1562 378 ι
1574 347 1795 386 γεννηθήσεσθαι,
1809 345 1857 392 καὶἶ
1869 354 1933 372 παι-

1147 390 1201 429 δίον
1215 390 1323 429 ἔσεσθαι
1340 400 1549 437 προφητεύεται,
1567 396 1613 423 ἐπι
1625 405 1655 422 τε
1667 396 1700 430 τῇ
1718 394 1758 425 εἰς
1773 390 1933 427 ἀνθρώπους

1148 448 1229 475 αὐτοῦ
1242 448 1347 482 γενέσει
1364 436 1563 482 πυρικαύστους
1584 442 1719 477 ἐθελήσειν
1740 437 1846 465 ἔσεσθαι
1869 436 1933 466 τοὺς

1148 494 1193 520 ἐπὶ
1215 496 1248 530 τῇ
1266 494 1299 520 δι’
1311 492 1391 519 αὐτοῦ
1404 491 1536 526 γενομένῃ
1558 487 1679 524 σωτηρίᾳ
1699 485 1752 512 τῶν
1771 483 1854 511 ἐθνῶν
1876 483 1932 509 δια-

1148 540 1354 575 φθονουμένους,
1372 538 1426 565 εἴτε
1437 537 1566 572 δαίμονας
1579 533 1721 569 πονηροὺς,
1739 532 1794 558 εἴτε
1810 530 1856 557 καὶ
1867 530 1933 556 ἀσε-

1148 586 1204 617 ϐεῖς
1219 585 1325 620 ἄνδρας,
1339 584 1402 620 περὶ
1417 580 1453 609 ὧν
1471 589 1561 616 φησιν·
1578 580 1654 605 ι”υτι
1668 578 1758 604 πᾶσαν
1774 575 1867 610 στολὴν
1874 575 1935 601 ἐπι-

1150 632 1321 667 συνηγμένην
1333 630 1410 664 δόλῳ,
1425 629 1471 655 καὶ
1482 628 1587 663 ἱμάτιον
1605 624 1672 661 μετὰ
1683 621 1855 667 καταλλαγῆς
1866 622 1935 648 ἁπο-

1147 665 1259 705 τίσουσι.
1278 687 1286 703 ι
1301 665 1384 707 γΤίνες
1397 676 1425 701 δὲ
1439 676 1493 710 ἄρα
1505 671 1574 709 ἦσαν
1595 668 1676 703 οὗτοι,
1691 670 1707 706 ἢ
1725 670 1788 705 περὶ
1800 665 1837 695 ὧν
1851 667 1933 694 ἀλλα-

1148 724 1194 760 χοῦ
1214 723 1243 756 ἐξ
1257 722 1338 749 αὑτοῦ
1357 720 1503 757 προσώπου
1517 718 1563 745 τοῦ
1577 717 1701 752 Σωτῆρος
1715 715 1793 751 ἡμῶν
1809 713 1934 750 simcui;

1151 779 1160 795 ‹
1174 768 1365 804 Διεμερίσαντο
1387 766 1421 792 τὰ
1444 765 1539 801 ἱμάτιά
1555 772 1605 800 μου
1627 764 1742 794 ἑαυτοῖς,
1756 762 1803 788 καὶ
1822 760 1869 793 ἐπὶ
1887 759 1934 786 τὸν

1149 816 1295 853 ἱματισμόν
1309 823 1358 850 μου
1372 813 1465 840 ἔϐαλον
1482 812 1591 847 κλῆρον,
1607 821 1616 836 ι
1632 810 1696 836 οἵτε
1708 809 1758 844 τῆς
1768 807 1870 834 τούτων
1885 806 1935 841 μέ-

1147 871 1219 898 τοχοι
1233 860 1400 891 δυσσεϐείας,
1414 859 1438 886 οἳ
1461 859 1507 885 καὶ
1529 858 1681 893 θελήσουσι,
1695 855 1744 890 τὴν
1758 854 1832 888 σφῶν
1844 852 1935 879 αὐτῶν

1148 908 1236 944 κρίσιν
1250 906 1362 940 ὕστερον
1376 913 1441 930 ποτε
1461 903 1599 938 ὀψόμενοι,
1618 903 1641 928 εἰ
1664 901 1716 937 πρὸ
1737 900 1787 934 τῆς
1808 898 1936 929 ὰσεῦείας

1148 953 1236 981 αὐτῶν
1250 951 1419 986 ἐγεγόνεισαν
1432 950 1619 984 πυρίκαυστοι,
1632 947 1694 982 πρὶν
1706 946 1722 981 ἦ
1736 945 1782 972 τὸν
1791 945 1840 980 τῆς
1855 943 1936 979 μεγά-

1147 1000 1196 1035 λης
1211 998 1308 1034 βουλῆς
1320 996 1433 1031 ἄγγελον
1452 995 1520 1031 πρὸς
1533 994 1623 1021 αὐτῶν
1637 992 1813 1027 ἀσεϐηθῆναι.
1833 991 1890 1017 Καὶ
1903 991 1934 1017 σὺ

1146 1046 1175 1072 δὲ
1189 1044 1264 1079 παρὰ
1275 1043 1365 1078 σαυτῷ
1380 1041 1476 1076 σκέψαι
1491 1042 1515 1067 εἰ
1530 1040 1566 1075 μὴ
1582 1038 1740 1074 ὑπερϐαίνει
1751 1038 1841 1063 πᾶσαν
1854 1036 1936 1071 φύσιν

1147 1089 1297 1125 ἀνθρώπων
1310 1088 1341 1115 τὸ
1355 1088 1391 1124 μὴ
1405 1087 1480 1118 τέλος
1493 1085 1564 1120 ἔχειν
1576 1084 1624 1119 τὴν
1638 1084 1749 1119 εἰρήνην
1761 1081 1843 1109 αὑτοῦ
1856 1081 1935 1116 λέγε-

1148 1135 1220 1167 σθαι,
1234 1135 1280 1162 καὶ
1291 1134 1322 1161 rh
1334 1133 1439 1169 πατέρα
1450 1131 1629 1167 ὀνομάζεσθαι
1643 1129 1752 1160 αἰῶνος·
1767 1128 1814 1154 καὶ
1829 1126 1896 1154 αὐτὸ
1906 1127 1935 1154 δὲ

1146 1182 1176 1208 τὸ
1193 1180 1334 1207 καλεῖσθαι
1361 1179 1441 1206 αὑτὸν
1465 1179 1513 1213 οὐχ
1537 1176 1629 1207 ἁπλῶς
1642 1175 1766 1209 ἄγγελον,
1780 1173 1848 1200 ἀλλὰ
1862 1183 1871 1199 ι
1886 1173 1936 1207 τῆς

1149 1227 1269 1263 μεγάλης
1284 1226 1380 1262 βουλῆς
1391 1225 1515 1259 ἄγγελον,
1527 1224 1573 1249 καὶ
1587 1222 1653 1249 Θεὸν
1668 1221 1785 1257 ἰσχυρὸν,
1800 1230 1809 1245 ι
1825 1219 1871 1246 καὶ
1886 1219 1936 1245 ὅσα

1146 1272 1251 1303 τούτοις
1267 1269 1587 1306 συγκαταλέλεκται.Ἕτι
1600 1268 1627 1294 δέ
1646 1276 1711 1303 φησι
1728 1266 1760 1292 δι’
1772 1265 1854 1292 αὑτοῦ
1868 1273 1935 1291 κατ-

1147 1317 1349 1353 ορθωθήσεσθαι
1367 1316 1416 1352 τὴν
1434 1315 1480 1342 τοῦ
1507 1314 1588 1341 Δαϐὶδ
1611 1313 1759 1348 βασιλείαν,
1775 1311 1790 1338 ὅ
1805 1311 1853 1337 καὶ
1869 1310 1936 1337 αὐτὸ

1146 1362 1239 1389 τοῦτον
1263 1363 1368 1396 νοήσεις
1387 1360 1433 1386 τὸν
1454 1359 1563 1394 τρόπον.
1585 1357 1709 1384 Πλεῖσται
1729 1356 1789 1382 ὅσαι
1803 1354 1842 1389 τῷ
1854 1352 1936 1380 Δαῧὶδ

1146 1407 1289 1442 γεγόνασιν
1303 1405 1473 1440 ἐπαγγελίαι,
1487 1406 1515 1431 ἐν
1532 1401 1575 1435 αἷς
1585 1403 1706 1439 εἴρηται·
1724 1411 1732 1427 ι
1748 1401 1803 1427 Καὶ
1817 1399 1936 1435 θήσομαι

1146 1455 1174 1480 ἐν
1189 1454 1309 1490 θαλάσσῃ
1331 1454 1409 1489 χεῖρα
1429 1451 1520 1483 αὑτοῦ,
1535 1450 1580 1477 καὶ
1594 1451 1621 1475 ὲν
1637 1448 1767 1483 ποταμοῖς
1781 1446 1870 1479 δεξιὰν
1887 1446 1936 1472 αὐ-

1145 1500 1202 1527 τοῦ.
1222 1499 1306 1530 Αὐτὸς
1321 1498 1510 1525 ὲπικαλέσεταί
1526 1505 1573 1532 με·
1591 1496 1686 1531 Πατήρ
1704 1502 1753 1530 μου
1770 1491 1795 1520 εἴ
1812 1493 1855 1524 σὺ,
1867 1492 1936 1524 Θεὸς

1149 1556 1199 1582 μου
1223 1546 1269 1572 καὶ
1284 1545 1455 1579 ἁντιλήπτωρ
1468 1544 1518 1578 τῆς
1535 1542 1671 1578 σωτηρίας
1684 1550 1744 1576 μου.
1761 1538 1846 1573 Κάγὼ
1860 1547 1935 1574 πρω-

1147 1594 1257 1620 τότοκον
1280 1592 1397 1627 θήσομαι
1419 1591 1509 1621 αὑτὸν,
1525 1589 1625 1624 ὑψηλὸν
1640 1587 1713 1623 παρὰ
1727 1588 1782 1618 τοῖς
1794 1585 1934 1621 βασιλεῦσι

1147 1638 1196 1673 τῆς
1216 1638 1277 1672 γῆς.
1292 1638 1338 1668 Εἰς
1361 1637 1406 1662 τὸν
1428 1635 1512 1662 αἰῶνα
1527 1633 1636 1668 φυλάξω
1649 1632 1722 1668 αὐτῷ
1735 1632 1765 1658 τὸ
1778 1631 1852 1662 ἔλεός
1871 1639 1934 1665 μου,

1148 1685 1194 1710 καὶ
1207 1685 1223 1719 ἡ
1236 1683 1350 1719 διαθήκη
1372 1691 1420 1718 μου
1437 1681 1519 1716 πιστὴ
1540 1680 1622 1715 αὐτῷ.
1642 1680 1696 1706 Καὶ
1708 1679 1824 1715 θήσομαι
1836 1679 1877 1710 εἰς
1889 1678 1936 1704 τδν

1148 1729 1232 1756 αἰῶνα
1255 1729 1301 1755 τοῦ
1319 1729 1414 1760 αἰῶνος
1429 1728 1459 1754 τὸ
1477 1727 1585 1762 σπέρμα
1599 1726 1691 1757 αὑτοῦ,
1705 1725 1752 1752 καὶ
1771 1725 1816 1751 τὸν
1839 1724 1936 1760 Θρόνον

1147 1775 1239 1807 αὐτοῦ,
1253 1774 1289 1806 ὡς
1310 1773 1359 1805 τὰς
1380 1774 1484 1809 ἡμέρας
1512 1771 1559 1798 τοῦ
1585 1771 1709 1804 οὐρανοῦ.
1725 1781 1734 1796 ι
1762 1770 1817 1797 Καὶ
1839 1768 1933 1801 αὖθις·

1150 1831 1158 1847 ι
1167 1820 1362 1856 ’Ἃπαξΐῦμοσα
1371 1821 1398 1846 ἐν
1405 1819 1444 1854 τῷ
1457 1819 1527 1853 ἁγίῳ
1543 1827 1603 1854 μου,
1612 1819 1635 1844 εἰ
1644 1817 1682 1853 τῷ
1694 1816 1774 1843 Δαόὶδ
1786 1815 1936 1851 ψεύσομαι,

1146 1867 1176 1893 τὸ
1190 1868 1299 1902 σπέρμα
1311 1866 1392 1892 αὑτοῦ
1408 1866 1447 1897 εἰς
1467 1865 1512 1891 τὸν
1537 1865 1622 1891 αἰῶνα
1647 1865 1730 1899 μενεῖ,
1748 1863 1794 1889 καὶ
1809 1863 1824 1888 ὁ
1840 1861 1938 1897 θρόνος

1147 1913 1228 1940 αὑτοῦ
1244 1913 1281 1944 ὡς
1289 1912 1382 1948 ὀῆλιος
1399 1911 1518 1938 ἐναντίον
1533 1920 1594 1946 μου,
1611 1910 1658 1936 καὶ
1671 1910 1708 1941 ὡς
1724 1911 1739 1945 ἡ
1755 1908 1851 1943 σελήνη
1867 1916 1936 1934 κατ-

1146 1959 1295 1994 ηρτισμένη
1308 1959 1346 1990 εἰς
1358 1958 1402 1984 τὸν
1415 1958 1510 1984 αἰῶνα.
1530 1967 1538 1982 ι
1559 1956 1682 1983 Τοσαῦτα
1698 1957 1727 1981 ἐν
1742 1955 1797 1986 τοῖς
1809 1953 1936 1989 Ψαλμοῖς

1146 2005 1193 2031 τοῦ
1215 2005 1282 2032 Θεοῦ
1303 2004 1341 2040 τῷ
1358 2005 1438 2031 Δαϐὶδ
1455 2003 1668 2040 ἐπηγγελμένου,
1686 2001 1814 2028 τάναντία
1834 2000 1935 2034 συνέϐη

1146 2053 1205 2084 ταῖς
1221 2052 1395 2086 ἐπαγγελίαις
1413 2051 1534 2077 ἐπελθεῖν
1557 2050 1599 2076 διὰ
1616 2050 1664 2081 τὰς
1676 2049 1729 2075 τῶν
1742 2048 1871 2082 διαδόχων
1887 2046 1937 2073 αὐ-

1146 2099 1194 2125 τοῦ
1217 2098 1425 2129 δυσσεϐείας.Ὶ·Ι
1447 2096 1511 2131 γοῦν
1529 2097 1560 2122 ὲκ
1580 2095 1736 2131 σπέρματος
1758 2093 1841 2120 Δαὸὶδ
1858 2092 1937 2128 βασι-

1146 2145 1216 2176 λεία,
1231 2145 1396 2180 διαρκέσαι-»α
1415 2143 1510 2178 μέχρις
1525 2142 1646 2177 Ἰεχονίου
1661 2141 1708 2167 καὶ
1718 2140 1768 2175 τῆς
1778 2139 1831 2166 ὑπὸ
1844 2139 1936 2166 B36»-

1146 2191 1250 2222 λωνίοις
1273 2190 1318 2217 τοῦ
1342 2189 1414 2225 ἱεροῦ
1435 2188 1600 2224 πολιορκίας,
1617 2187 1716 2218 λέλυτο,
1732 2187 1770 2218 ὠς
1785 2185 1814 2218 ἐξ
1828 2184 1936 2212 ἐκείνου

1149 2237 1246 2273 μηκέτι
1259 2238 1303 2263 τὸν
1316 2236 1408 2272 θρόνον
1422 2234 1512 2265 Δαϐὶδ,
1524 2234 1590 2269 μηδὲ
1602 2234 1664 2264 τοὺς
1677 2233 1709 2258 ἐκ
1722 2232 1878 2267 σπέρματος
1886 2230 1937 2257 αὒ-

1146 2283 1192 2309 τοῦ
1208 2282 1362 2318 βασιλεῦσαι
1386 2281 1431 2308 τοῦ
1452 2279 1583 2306 Ἰουδαίων
1602 2278 1704 2310 ἔθνους.
1718 2277 1771 2304 Καὶ
1787 2276 1890 2312 ταύτην
1904 2284 1937 2309 γε

1147 2331 1198 2366 τὴν
1221 2329 1368 2364 γενομένην
1385 2328 1531 2354 διάπτωσιν
1547 2326 1595 2361 τῆς
1609 2325 1677 2360 πρὸς
1693 2325 1737 2351 τὸν
1751 2323 1835 2351 Δαϐὶδ
1847 2325 1936 2357 ἑπαγ-

1147 2377 1239 2411 γελίας
1254 2375 1324 2402 κατὰ
1335 2375 1383 2410 τὴν
1394 2373 1592 2410 προειρημένην
1605 2372 1651 2399 τοῦ
1663 2371 1770 2407 ψαλμοῦ
1785 2370 1936 2406 παράθεσιν

1146 2423 1177 2449 τὸ
1194 2423 1263 2449 θεῖον
1278 2418 1329 2448 ὧδέ
1354 2430 1411 2453 πως
1427 2419 1539 2455 Πνεῦμα
1553 2419 1674 2451 θεσπίζει
1684 2427 1691 2434 ·
1713 2428 1722 2444 ι
1737 2419 1772 2445 Σὺ
1786 2417 1814 2444 δὲ
1830 2416 1935 2444 ἀπώσω

1147 2469 1193 2496 καὶ
1210 2467 1399 2501 ἐξουδὲνωσας,
1420 2466 1549 2493 ἁνεὸάλου
1575 2466 1619 2491 τὸν
1640 2464 1756 2500 Χριστόν
1778 2472 1843 2491 σου·
1867 2472 1935 2490 κατ-

1147 2514 1281 2550 έστρεῲας
1296 2514 1345 2549 τὴν
1365 2513 1497 2548 διαθήκην
1513 2512 1559 2539 τοῦ
1574 2512 1666 2538 δούλου
1689 2519 1746 2542 σου,
1760 2510 1935 2546 ἑϐεῦήλωσας

1146 2562 1185 2592 εἰς
1201 2559 1249 2595 τὴν
1262 2559 1312 2594 γῆν
1326 2558 1356 2584 τὸ
1375 2558 1495 2593 ὰγίασμα
1506 2556 1588 2584 αὑτοῦ
1599 2565 1605 2571 ·
1621 2555 1745 2588 καθεῖλες
1757 2555 1862 2587 πάντας
1871 2555 1936 2587 τοὺς

1146 2606 1290 2642 φραγμοὺς
1307 2605 1403 2632 αὐτοῦ·
1427 2614 1436 2629 ι
1451 2605 1497 2631 καὶ
1516 2604 1573 2639 μετ’
1589 2603 1680 2637 ὀλίγα·
1699 2611 1708 2627 ι
1722 2602 1772 2628 Τὸν
1783 2601 1879 2637 θρόνον
1891 2602 1937 2628 αὒ-

1145 2652 1191 2678 τοῦ
1209 2653 1248 2683 εἰς
1263 2651 1311 2686 τὴν
1332 2651 1383 2685 γῆν
1401 2650 1579 2686 κατέρραξας,
1598 2649 1762 2684 ἐσμίκρυνας
1792 2647 1843 2679 τὰς
1864 2648 1935 2684 ἡμέ-

1147 2707 1195 2733 ρας
1223 2696 1270 2723 τοῦ
1302 2697 1397 2733 χρόνον
1431 2694 1526 2727 αὐτοῦ,
1562 2695 1694 2730 κατέχεας
1724 2692 1806 2720 αὐτοῦ
1838 2692 1936 2729 αἰσχύο

1144 2753 1202 2779 νην.
1219 2745 1269 2770 »Ἃ
1292 2743 1338 2770 καὶ
1361 2742 1482 2779 ἐναργῶς
1506 2741 1646 2777 ἀρξάμενα
1669 2739 1853 2767 συντελεῖσθαι
1879 2739 1934 2766 ἀπὸ

1143 2790 1192 2826 τῆς
1218 2791 1257 2822 εἰς
1280 2789 1426 2815 Βαϐυλῶνα
1445 2787 1630 2824 αἰχμαλωσίας
1642 2787 1688 2813 τοῦ
1703 2786 1767 2813 λαοῦ
1784 2786 1866 2822 μέχρι
1881 2785 1934 2820 τῆς

1149 2836 1292 2872 Ῥωμαίων
1311 2836 1358 2862 καὶ
1376 2834 1501 2870 Τιϐερίου
1519 2833 1690 2870 παρεξετάθη
1715 2833 1863 2869 βασιλείας.
1877 2833 1932 2859 Οὐ·-

1143 2882 1198 2914 δεὶς
1211 2881 1275 2916 γοῦν
1293 2882 1324 2907 ὲκ
1345 2881 1394 2915 τῆς
1415 2879 1461 2906 τοῦ
1482 2880 1563 2907 Δαϐὶδ
1584 2880 1707 2916 διαδοχῆς
1718 2879 1814 2911 ἐντοῖς
1830 2878 1934 2915 μεταξὺ

342 2928 364 2943 τί*
376 2926 448 2956 PSal.
466 2937 521 2963 xxi,
538 2929 590 2965 i8;
613 2930 706 2960 Matth.
725 2940 810 2965 xxvii,
829 2931 873 2959 55.
914 2932 935 2948 ⁸³
950 2930 1023 2960 Psal.
1041 2938 1173 2961 Lxxxvm,
1188 2929 1284 2958 26-50.
1366 2928 1432 2957 ibid.
1451 2927 1540 2957 56-58.
