2089 3218
177 170 232 200 533

629 166 952 198 DEMONSTRATIONIS
970 168 1202 198 EVANGELICE
1217 168 1280 197 LIB.
1302 167 1360 197 Vili

1737 169 1800 198 δεῖξε

176 228 283 265 χρόνοις
315 226 438 263 φαίνεται
461 227 507 255 ἐπὶ
532 227 577 255 τὸν
603 227 741 263 βασιλικὸν
765 228 812 256 τοῦ
830 229 956 265 Ἐϐραίων

1011 229 1082 256 rium
1101 228 1171 264 ejus,
1189 227 1348 256 destruxisti
1374 234 1470 256 omnes
1498 235 1576 264 sepes
1599 226 1659 263 ejus
1677 227 1711 256 ⁸⁸.
1730 236 1740 254 ι
1757 227 1790 255 BR

177 275 268 307 ἔθνους
300 275 442 307 καθεσθεὶς
468 274 562 311 θρόνον
588 276 668 312 μέχρι
696 276 746 311 τῆς
769 275 817 303 τοῦ
841 277 958 312 Χριστοῦ

177 321 333 358 παρουσίας.
351 321 404 348 Τοῦ
429 322 457 347 δὲ
480 322 511 347 ὲκ
533 321 688 358 σπέρματος
711 322 791 349 Δαϐὶδ
814 323 957 359 γενομένου

177 367 278 403 Κυρίου
294 369 341 394 καὶ
362 367 487 403 Σωτῆρος
498 367 575 403 ἡμῶν
597 368 683 403 Ἰησοῦ
697 369 814 405 Χριστοῦ
829 369 958 405 βασιλέως

176 414 222 441 ἐπὶ
245 415 334 442 πᾶσαν
353 412 406 448 τὴν
421 415 580 450 οἰκουμένην
607 416 849 452 ἀνακηρυχθέντος,
865 415 958 451 ὥσπερ

175 460 229 487 ἀπὸ
250 460 303 495 γῆς
324 461 369 487 καὶ
386 460 530 496 πτώματος
550 461 709 494 ἀνανεωθεὶς
729 462 809 494 αὐτὸς
831 463 932 493 ἐκεῖνος
944 463 958 488 ὁ

175 507 268 543 θρόνος
282 507 364 534 Δαὸὶδ
379 507 422 533 διὰ
440 507 490 543 τῆς
506 507 552 534 τοῦ
568 508 692 544 Σωτῆρος
713 508 789 544 ἡμῶν
803 508 892 535 ἐνθέου
911 507 958 543 βα-

175 553 278 585 σιλείας
299 552 465 588 ἀνώρθωται,
483 554 529 580 καὶ
550 554 670 589 διαμενεῖ
684 555 723 586 εἰς
743 554 787 581 τὸν
804 554 898 585 αίῶνα,
912 554 959 580 καὶ

174 599 258 626 είσέτι
274 608 316 634 γε,
337 600 374 631 ὡς
390 601 403 626 ὁ
419 600 493 635 ἥλιος
513 600 631 627 ἐναντίον
647 600 692 627 τοῦ
707 600 785 633 Θεοῦ,
801 601 850 636 τὴν
869 601 958 627 πᾶσαν

174 646 360 681 καταλάμπων
375 646 534 682 οἰκουμένην
545 648 604 679 ταῖς
620 647 709 673 ἀκτῖσι
732 646 779 673 τοῦ
801 647 887 681 (parte;
907 647 958 682 τῆς

173 691 345 724 διδασκαλίας
360 692 453 724 αὐτοῦ,
470 692 621 724 ἀκολούθως
637 694 670 729 τῇ
684 701 714 719 τε
730 693 783 719 ἀπὸ
792 693 838 719 τοῦ
849 693 956 729 ψαλμοῦ

175 738 321 774 μαρτυρίᾳ,
339 739 386 766 καὶ
403 739 450 766 τοῦ
467 739 534 775 μετὰ
557 741 650 775 χεῖρας
664 741 813 776 προφήτου,
831 740 895 775 περὶ
910 740 956 767 τοῦ

173 784 404 820 γεννηθησομένου
417 785 523 812 παιδίου
537 786 667 820 λέγοντος,
682 786 727 812 ἐπὶ
740 786 786 812 τὸν
802 786 893 822 θρόνον
905 787 957 814 Δα-

172 829 225 862 ϐὶδ,
243 829 341 866 δηλαδὴ
352 831 397 857 τὸν
414 830 520 858 αἰώνιον
534 833 580 858 καὶ
593 832 700 868 διαρκῆ,
711 832 756 859 τὸν
769 832 801 868 δὴ
814 833 860 859 καὶ
873 834 959 867 ἐπηγ-

172 875 302 912 γελμένον
317 876 356 912 τῷ
370 876 452 903 Δα6¹ιδ
463 877 676 912 καθεσθήσεσθαι
694 877 773 904 αὐτὸν
789 878 835 904 ἐπὶ
851 877 899 913 τὴν
911 878 958 912 βα-

1008 278 1070 310 post
1084 282 1170 309 pauca
1187 283 1192 301 :
1212 283 1222 299 ι
1244 273 1341 301 Sedem
1355 273 1415 308 ejus
1429 274 1457 300 in
1473 273 1573 301 t'erram
1587 273 1723 306 cullisisti,
1738 274 1789 301 mi-

1010 320 1092 349 nuisti
1105 321 1162 348 dies
1174 319 1303 355 temporis
1316 319 1386 354 ejus,
1408 319 1552 355 perfudisti
1573 327 1634 347 eum
1649 319 1789 347 confusio-

1009 374 1042 393 ne
1055 367 1089 392 °".
1110 376 1119 392 ›
1135 365 1199 399 Quae
1215 367 1306 393 omnia
1336 373 1397 393 cum
1421 365 1478 400 jam
1503 365 1596 400 perlici
1626 365 1789 401 inceperim,

1009 412 1043 439 ab
1052 419 1083 439 eo
1100 417 1220 448 tempore
1236 419 1289 447 quo
1307 412 1422 447 populus
1438 412 1466 439 in
1488 410 1652 447 Babylonem
1666 411 1791 446 captivus

1008 458 1106 487 ductus
1121 463 1172 491 est,
1188 466 1273 494 usque
1290 458 1323 485 ad
1346 458 1528 486 Romanorum
1539 461 1566 486 et
1581 457 1684 486 Tiberii
1705 457 1792 491 impe-

1008 504 1078 531 rium
1091 505 1196 539 prolata
1220 509 1400 539 provectaque
1425 507 1496 532 sunt.
1512 503 1594 539 339
1606 503 1702 531 Nullus
1716 503 1789 531 enim

1007 557 1039 576 ex
1061 557 1160 585 genere
1185 549 1269 577 David
1297 549 1348 576 hoc
1362 553 1419 577 toto
1438 549 1600 576 intermedio
1622 552 1744 584 tempore
1761 548 1789 574 in

1007 594 1146 623 Hebraicze
1162 596 1249 631 gentis
1270 597 1344 631 regia
1373 595 1436 623 sede
1450 595 1558 623 videtur
1575 595 1689 626 sedisse.
1702 602 1790 630 usque

1008 641 1041 668 ad
1052 642 1153 669 Christi
1165 642 1321 669 adventum.
1333 641 1385 668 Ubi
1400 649 1465 669 vero
1482 642 1610 669 Dominus
1625 645 1651 668 et
1667 640 1789 668 Salvator

1007 691 1101 715 noster
1115 687 1194 715 Jcsus
1218 687 1355 720 Christus,
1373 687 1419 722 qui
1433 687 1466 714 de
1494 687 1596 714 semine
1613 686 1697 714 David
1712 689 1790 713 ortus

1007 736 1059 765 est,
1080 733 1108 760 in
1128 736 1215 760 totum
1228 734 1321 760 orbem
1337 740 1386 760 rex
1403 732 1579 760 denuntiatns
1594 736 1646 764 est,
1659 735 1789 767 tanquam

1007 786 1038 806 ea
1053 787 1113 814 qua:
1134 778 1168 807 de
1184 782 1257 807 terra
1272 784 1299 806 et
1316 779 1395 806 ruina
1421 778 1571 806 instaurata
1600 779 1646 811 sit,
1660 779 1718 813 ipsa
1744 778 1791 806 illa

1007 827 1085 855 sedes
1099 825 1184 853 David
1201 834 1249 861 per
1263 827 1385 854 divinum
1402 826 1551 855 Salvatoris
1575 824 1662 852 nostri
1676 832 1790 859 regnum

1007 876 1097 901 erecta
1108 877 1159 905 est,
1174 876 1202 899 et
1214 873 1384 907 permanebit
1398 873 1424 899 in
1445 876 1588 904 aeternum,
1606 870 1690 898 veluti
1707 870 1748 898 sol
1761 870 1790 897 in

173 921 277 949 σιλείαν
297 922 388 954 αὑτοῦ,
403 923 573 959 κατορθῶσαι
597 923 679 959 αὐτὴν
705 924 751 950 καὶ
768 923 955 951 ἀντιλαϐέσθαι

1006 922 1154 954 conspectu
1173 917 1230 949 Dei,
1256 918 1330 946 illius
1357 918 1426 945 lucis
1451 917 1545 948 radiis,
1560 924 1640 952 quam
1665 915 1789 943 doctrina

171 968 202 994 ὲν
218 967 330 1004 κρίματι
354 966 401 994 καὶ
424 967 578 1003 δικαιοσύνῃ
599 968 652 995 ἀπὸ
668 968 715 995 τοῦ
732 968 779 995 νῦν
795 969 840 995 καὶ
855 969 895 1000 είς
910 968 956 995 τὸν

171 1012 365 1045 αιῶνα.”οπως
379 1013 408 1039 δὲ
420 1013 504 1040 ταῦτα
521 1013 680 1049 ἐπληροῦτο,
693 1014 849 1046 διδάσκαλος
860 1015 956 1049 γένοιτ’

172 1059 206 1087 ἂν
230 1059 377 1096 ἀξιόχρεως
403 1060 520 1096 Γαϐριὴλ
544 1061 558 1086 ὁ
581 1060 695 1095 ἄγγελος
716 1061 745 1088 ἐν
769 1061 807 1096 τῷ
823 1062 891 1097 προς
907 1062 956 1097 τὴν

172 1106 309 1143 Παρθένον
333 1107 514 1142 χρηματισμῷ
540 1108 667 1143 φάσκων
695 1117 704 1132 ι
720 1107 765 1143 Μὴ
788 1107 880 1142 φοϐοῦ,
898 1108 956 1134 Μα-

173 1152 259 1188 ριάμο
271 1150 350 1189 εὗρες
366 1153 420 1189 γὰρ
437 1154 513 1189 χάριν
531 1153 605 1189 παρὰ
621 1153 660 1189 τῷ
676 1153 748 1188 Θεῷ·
764 1155 809 1180 καὶ
824 1154 877 1180 ἰδοὺ
895 1154 956 1180 συλ-

171 1198 245 1235 λήψῃ
259 1200 287 1226 ὲν
300 1199 407 1235 γαστρὶ,
418 1199 463 1226 καὶ
475 1199 539 1236 τέξῃ
552 1201 617 1232 υἱὸν,
635 1201 681 1226 κα)⁸
693 1200 815 1232 καλέσεις
831 1201 860 1226 τὸ
872 1200 956 1235 ὄνομα

171 1244 254 1271 αὐτοῦ
271 1245 383 1281 Ἰησοῦν.
400 1244 482 1278 Οὗτος
499 1246 573 1272 ἔσται
589 1246 685 1281 μέγας,
696 1247 742 1273 καὶ
758 1247 814 1277 υίὸς
829 1247 954 1281 Ὑψίστου
977 1261 981 1265 ι

171 1290 346 1327 κληθήσεται,
366 1293 413 1319 καὶ
429 1292 508 1319 δώσει
523 1292 597 1327 αὐτῷ
612 1292 712 1329 Κύριος
726 1294 740 1319 ὁ
756 1293 821 1324 θεὸς
833 1293 878 1319 τὸν
892 1293 954 1328 θρό-

171 1344 217 1363 νον
233 1337 314 1364 Δαῧὶδ
331 1337 377 1364 τοῦ
393 1339 495 1374 πατρὸς
512 1339 604 1371 αὑτοῦ,
617 1340 664 1366 καὶ
681 1339 833 1374 βασιλεύσει
849 1340 894 1365 ἐπὶ
910 1340 955 1365 τὸν

171 1380 246 1410 οἷκον
265 1382 362 1410 Ἰακὼϐ
378 1385 417 1416 είς
430 1385 475 1411 τὸν
492 1385 587 1417 αἰῶνα,
599 1386 708 1420 καὶτῆς
723 1385 858 1420 βασιλείας
873 1384 954 1411 αὑτοῦ

171 1430 222 1456 οὐκ
235 1430 310 1456 ἔσται
323 1430 407 1462 τέλος.
425 1441 433 1456 ι
451 1431 558 1466 Ταύτην
578 1433 606 1458 ὲν
621 1431 660 1466 τῷ
682 1431 871 1467 προειρημένῳ
887 1431 955 1465 ψαλ-

173 1476 215 1510 μῷ
229 1476 276 1503 καὶ
290 1477 304 1502 ό
323 1477 461 1512 προφήτης
480 1477 633 1511 προσδοκῶν
651 1478 699 1513 τὴν
714 1477 760 1503 τοῦ
775 1477 890 1512 Χριστοῦ
908 1477 954 1511 γέ-

171 1529 253 1553 νεσιν,
268 1523 317 1557 τήν
335 1531 363 1548 τε
382 1523 526 1558 ὑπέρθεσιν
540 1523 634 1558 αὐτῆς,
652 1524 697 1549 καὶ
717 1523 847 1558 ἀναϐολὴν
862 1522 955 1558 ὥσπερ

171 1567 261 1594 αἰτίαν
284 1568 403 1603 συνορῶν
424 1569 472 1604 τῆς
493 1569 540 1595 τοῦ
554 1569 648 1605 θρὸνου
665 1569 744 1594 Δαϐὶῧ
761 1568 952 1600 ἀποπτώσεως,

172 1613 354 1640 ἀποδυσπετεῖ
365 1614 450 1648 λέγων
460 1623 467 1629 ⁵
482 1624 491 1640 ι
505 1615 540 1641 Σὺ
551 1615 578 1641 δὲ
591 1615 692 1641 ἀπώσω
705 1615 751 1641 καὶ
765 1615 953 1646 ἐξουδένωσας,

171 1659 301 1686 ἁνεὸάλου
316 1660 361 1686 τὸν
375 1661 490 1695 Χριστόν
508 1669 565 1687 σου.
582 1670 591 1686 ι
611 1661 727 1696 Εῦχεται
743 1661 770 1687 δὲ
786 1661 878 1696 ὥσπερ
895 1661 956 1686 δυσ-

171 1704 254 1732 ωπῶν
275 1705 306 1731 τὺ
328 1705 412 1737 Θεῖον,
463 1705 544 1740 τάχος
561 1705 736 1741 πληρωθῆναι
755 1706 789 1732 τὰ
807 1705 857 1740 τῆς
871 1707 956 1739 ἑπαγ-

171 1750 274 1785 γελίας,
289 1750 400 1785 φάσκων
414 1760 420 1765 ·
438 1760 446 1776 ι
461 1751 516 1777 Ποῦ
538 1752 595 1777 ἐστι
610 1752 643 1778 τὶ
658 1752 718 1787 ὲλέη
735 1761 781 1778 σου
796 1751 829 1778 τὰ
846 1753 954 1787 ἀρχαῖα,

170 1795 269 1832 Κύριε,
287 1795 304 1822 ἃ
321 1796 428 1832 ὤμοσας
445 1796 483 1831 τῷ
497 1797 577 1823 Δαὺλδ
599 1798 627 1823 ὲν
652 1799 684 1832 τῇ
700 1797 813 1832 ἀληθείᾳ
829 1805 891 1828 σου;
909 1806 918 1822 ι
938 1797 956 1823 ἃ

170 1840 202 1878 δὴ
229 1841 384 1876 σαφέστατα
411 1842 457 1868 καὶ
482 1842 551 1868 αὐτὰ
576 1842 607 1877 δὴ
633 1842 717 1869 ταῦτα
731 1842 955 1878 πληρωθήσεσθαι

169 1887 217 1913 ἐπὶ
229 1888 263 1923 τῇ
277 1887 382 1922 γενέσει
395 1887 441 1914 τοῦ
459 1888 508 1923 τῆς
527 1888 645 1923 μεγάλης
662 1888 758 1923 βουλῆς
775 1889 890 1922 ἀγγέλου
912 1888 956 1914 θε-

171 1933 279 1965 σπίζει·
301 1934 358 1968 Ἐφ’
371 1930 392 1967 ᾧ
414 1934 567 1969 θελήσουσι,
582 1935 673 1969 φησιν,
688 1935 712 1960 οἰ
727 1934 955 1969 προαποδοθέντες

170 1982 194 2007 εί
213 1981 382 2017 ἐγενήθησαν
414 1981 603 2016 πυρίκαυστον
620 1990 630 2006 ι
654 1981 719 2007 διότι
749 1981 852 2007 παιδίον
878 1983 954 2015 ἐγεν-

169 2027 238 2063 νήθη
255 2028 332 2063 ἡμῖν,
350 2027 396 2053 καὶ
414 2027 470 2059 υἱὸς
484 2027 558 2061 ἐδόθη
577 2028 640 2062 ἡμῖν
656 2028 670 2053 ὁ
683 2027 732 2062 τῆς
753 2027 874 2062 μεγάλης
894 2033 954 2062 ρου-

170 2072 217 2107 λῆς
234 2072 358 2106 ἄγγελος.
380 2082 389 2098 ›
408 2073 467 2100 Τίσι
480 2073 507 2099 δὲ
523 2074 588 2108 ἡμῖν
610 2074 627 2109 ἢ
652 2074 709 2105 τοῖς
725 2074 765 2104 είς
777 2073 856 2100 αὐτὸν
874 2082 954 2100 πεπι-

171 2119 297 2145 στευκόσι
311 2120 368 2150 τοῖς
383 2120 412 2145 ἐν
432 2120 465 2154 τῇ
490 2118 618 2154 Γαλιλαίᾳ
631 2119 685 2145 τῶν
698 2119 797 2150 ἐθνῶν,
814 2117 854 2150 οἷς
871 2119 955 2150 αἴτιος

169 2164 315 2199 γεγένηται
331 2164 418 2198 φωτὸς
435 2165 480 2191 καὶ
494 2164 669 2200 εὐφροσύνης,
686 2165 778 2191 καινοῦ
795 2174 823 2191 τε
837 2166 882 2191 καὶ
895 2165 955 2191 νέου

169 2211 263 2244 Ιιυοτοῦ,
280 2211 331 2246 τῆς
353 2211 448 2246 καινῆς
470 2210 605 2246 Διαθήκης
630 2212 787 2246 μυστηρίου,
813 2211 882 2237 κατὰ
906 2212 954 2247 τὴν

170 2259 296 2294 φήσασαν
321 2257 501 2293 προφητείαν,
530 2257 637 2283 (Τοῦτο
662 2258 778 2293 πρῶτον,
804 2257 866 2289 πίε,Δ
884 2257 951 2291 ταχὺ
969 2273 990 2300 D

170 2303 253 2336 ποίει,
268 2302 345 2339 χώρα
370 2302 519 2334 Ζαϐουλὼν,
538 2303 584 2328 καὶ
608 2302 644 2337 γῆ
672 2303 840 2337 Νεφθαλεὶμ,
859 2303 905 2329 καὶ
929 2303 954 2329 οἱ

169 2349 258 2377 λοιποὶ
277 2350 300 2376 οἱ
322 2348 370 2384 τὴν
390 2348 524 2384 παραλίαν
541 2348 676 2380 οἰκοῦντες
688 2349 773 2384 πέραν
788 2348 834 2375 τοῦ
854 2348 953 2384 Ἰορδά-

169 2403 227 2428 νου,
245 2393 373 2422 Γαλιλαία
386 2393 439 2420 τῶν
453 2393 544 2420 ἐθνῶν·
559 2394 573 2420 ὁ
582 2393 645 2425 λαὸς
654 2395 668 2420 ὁ
682 2394 833 2429 καθήμενος
850 2395 877 2420 ἐν
893 2394 954 2420 σκό-

168 2448 221 2473 τει,
232 2439 291 2474 φῶς
313 2439 380 2466 ἴδετε
400 2439 484 2474 μέγα·
502 2441 548 2466 καὶ
563 2441 619 2471 τοῖς
638 2439 799 2475 καθημένοις
817 2440 844 2466 ἐν
866 2440 955 2466 σκότει

169 2486 216 2514 καὶ
229 2487 294 2522 σκιᾷ
307 2486 431 2519 θανάτου,
449 2486 506 2521 φῶς
517 2484 650 2513 ἀνέτειλεν
662 2487 769 2519 αὐτοῖς
788 2496 796 2511 ι
813 2484 873 2512 Εἶεν
885 2486 906 2512 δ’
923 2485 954 2512 Ξιν

167 2532 197 2559 ὲν
213 2531 320 2564 τούτοις
333 2531 490 2567 δηλούμενοι
506 2532 532 2558 οἵ
540 2541 570 2558 τε
587 2532 615 2563 ἐξ
631 2532 713 2558 ἐθνῶν
728 2533 767 2564 εἰς
780 2532 824 2558 τὸν
840 2533 954 2569 Χριστὸν

166 2575 214 2604 τοῦ
233 2576 300 2604 ὰοῦ
313 2576 534 2611 πεπιστευκότες,
549 2576 596 2603 καὶ
620 2577 644 2602 οἰ
666 2577 712 2603 τοῦ
737 2577 861 2612 Σωτῆρος
875 2577 954 2612 ἡμῶν

169 2623 290 2659 μαθηταὶ
316 2623 361 2650 καὶ
384 2623 534 2655 ἀπόστολοι,
551 2622 596 2655 οὓς
611 2623 663 2649 ἀπὸ
679 2623 730 2658 γῆς
751 2622 890 2649 Ζαϐουλὼν
908 2623 954 2648 καὶ

167 2668 328 2705 Νεφθαλεὶμ
347 2670 593 2704 ἀνακαλεσάμενος,
611 2667 749 2700 ἐξελέξατο
766 2669 888 2703 κήρυκας
905 2668 952 2694 τοῦ

167 2714 344 2750 Εὑαγγελίου.
363 2715 472 2747 Τούτοις
487 2714 534 2749 μὲν
559 2712 605 2741 οὖν
625 2716 639 2741 ὀ
658 2714 708 2748 τῆς
723 2714 841 2750 μεγάλης
854 2713 952 2749 βουλῆς

167 2762 283 2797 ἄγγελος
300 2762 356 2794 υίὸς
372 2761 459 2797 ἐδόθη,
478 2761 613 2797 σωτηρίας
630 2760 788 2793 αἴτιοςδτοῖς
803 2761 830 2788 δὲ
847 2761 886 2793 εἰς
902 2762 951 2788 αὑ-

167 2807 214 2835 τὺν
228 2808 404 2842 ἡπιστηκὸσι,
414 2808 497 2843 πυρὸς
517 2807 615 2842 δηλαδὴ
632 2807 679 2834 καὶ
692 2806 910 2842 καύσεως.“ολης
924 2807 952 2832 δὲ

218 2887 325 2916 “Psal;
342 2894 470 2922 Lxxxvun,
489 2887 589 2917 59-M._
621 2888 650 2904 "‘
666 2887 732 2915 ibid.
748 2888 793 2922 £5,
809 2887 843 2915 46
884 2889 912 2905 ⁴⁶¹
925 2887 992 2917 Luc.
1014 2896 1034 2922 l,
1054 2888 1143 2918 30-35,

1008 964 1080 991 illius
1094 971 1148 998 pra:
1159 971 1188 991 se
1199 962 1262 995 fert,
1283 967 1369 991 totum
1382 964 1475 991 orbem
1489 965 1625 990 terrarum
1637 961 1788 993 illustrans;

1006 1010 1078 1044 quod
1092 1008 1200 1044 quidem
1216 1013 1243 1037 et
1258 1009 1354 1044 psalmi
1369 1009 1492 1044 proximo
1507 1008 1663 1036 testimonio
1674 1014 1791 1035 consen-

1007 1060 1114 1083 taneum
1129 1060 1179 1087 est,
1193 1060 1219 1083 et
1233 1056 1297 1083 huic
1305 1056 1454 1091 prophetae,
1473 1055 1507 1082 de
1519 1062 1572 1089 quo
1583 1061 1656 1081 nunc
1671 1054 1787 1088 agimus,

1005 1102 1052 1137 qui
1083 1102 1117 1129 de
1140 1108 1226 1137 puero
1243 1102 1349 1129 orituro
1370 1101 1417 1133 ait,
1434 1101 1523 1136 ipsum
1552 1100 1580 1127 in
1603 1098 1667 1128 sede
1692 1098 1787 1130 David,

1005 1151 1106 1175 aeterna
1117 1147 1243 1175 videlicet
1255 1155 1286 1174 ac
1302 1151 1487 1182 permanente,
1503 1153 1563 1181 qua
1574 1145 1655 1173 etiam
1670 1145 1723 1181 ipsi
1737 1144 1789 1176 Da—

1006 1194 1050 1222 vid
1063 1194 1196 1229 promissa
1213 1198 1265 1225 est,
1276 1201 1415 1222 sessurnm
1430 1194 1457 1220 in
1474 1201 1555 1228 regno
1570 1193 1666 1228 ipsius,
1682 1197 1711 1219 ut
1726 1192 1789 1219 diri-

1006 1243 1050 1275 gat
1064 1239 1131 1267 illud
1148 1243 1175 1267 et
1192 1239 1326 1274 suscipiat
1353 1239 1381 1266 in
1399 1238 1503 1273 judicio
1515 1243 1542 1265 et
1562 1237 1670 1272 justitia
1691 1237 1724 1264 ab
1737 1237 1788 1264 hoc.

1005 1287 1065 1320 ipso
1081 1291 1201 1321 tempore
1220 1293 1308 1319 usque
1320 1285 1346 1311 in
1363 1285 1503 1312 saeculum.
1515 1283 1600 1311 Porro
1617 1287 1706 1310 autem
1721 1290 1788 1317 quo-

1005 1333 1085 1359 modo
1102 1332 1159 1359 hac
1174 1332 1232 1366 ipsa
1246 1331 1379 1366 completa
1395 1330 1460 1362 sint,
1487 1330 1553 1357 satis
1584 1328 1691 1356 abunde
1707 1328 1790 1355 doce-

1006 1386 1035 1406 re
1046 1386 1095 1405 nos
1106 1381 1195 1412 potest
1207 1378 1319 1412 angelus
1333 1376 1453 1408 Gabriel,
1467 1377 1495 1403 in
1508 1383 1540 1403 ea
1558 1375 1720 1402 allocutione
1735 1383 1788 1410 qua

1005 1424 1037 1451 ad
1052 1424 1190 1459 Virginem
1210 1431 1277 1451 usus
1301 1426 1343 1450 est
1369 1422 1410 1450 sic
1435 1422 1528 1449 dicens
1551 1428 1558 1446 :
1579 1431 1588 1446 ι
1615 1419 1654 1448 Ne
1679 1420 1787 1453 timeas,

1006 1469 1100 1501 Maria,
1121 1469 1249 1496 invenisti
1276 1468 1348 1495 enim
1375 1467 1489 1503 gratiam
1516 1466 1586 1502 apud
1603 1465 1707 1498 Deum;
1724 1472 1788 1493 ecce

1005 1515 1143 1550 concipies
1161 1515 1187 1541 in
1209 1518 1287 1541 utero
1304 1517 1331 1541 et
1355 1514 1445 1548 paries
1465 1512 1559 1544 ﬁlium,
1572 1516 1599 1540 et
1612 1512 1724 1540 vocabis
1738 1518 1790 1539 no-

1006 1571 1066 1590 men
1079 1562 1138 1597 ejus
1153 1561 1258 1593 Jesum,
1273 1561 1317 1588 hic
1330 1561 1381 1588 erit
1403 1567 1528 1595 magnus,
1544 1563 1570 1587 et
1593 1559 1665 1587 illius
1679 1559 1789 1586 Altissi-

1006 1609 1041 1635 mi
1058 1608 1209 1639 vocabitur,
1226 1611 1252 1635 et
1267 1607 1342 1634 dabit
1356 1607 1380 1634 ei
1398 1606 1528 1633 Dominus
1538 1605 1609 1633 Dens
1629 1605 1720 1633 sedem
1736 1604 1790 1632 Da-

1006 1653 1050 1679 vid
1065 1653 1148 1687 patris
1166 1652 1236 1686 ejus,
1251 1655 1277 1679 et
1294 1651 1417 1686 regnabit
1434 1652 1462 1677 in
1475 1651 1554 1677 domo
1567 1649 1652 1676 Jacob
1668 1650 1694 1676 in
1707 1654 1787 1676 reter-

1005 1707 1080 1728 num.
1099 1703 1125 1726 et
1137 1699 1212 1733 regni
1231 1698 1292 1732 ejus
1315 1706 1368 1724 non
1385 1697 1437 1724 erit
1461 1697 1522 1723 ﬁnis
1534 1697 1568 1727 “,
1591 1706 1599 1722 ›
1614 1696 1700 1730 ipsum
1715 1695 1789 1722 hunc

1005 1746 1033 1773 in
1062 1746 1166 1781 psalmo
1193 1745 1334 1780 superiore
1359 1744 1438 1770 etiam
1468 1743 1599 1778 propheta
1625 1745 1787 1777 exspectans

1005 1793 1104 1819 Christi
1124 1797 1223 1823 ortum,
1237 1795 1262 1818 et
1279 1798 1381 1817 moram
1395 1790 1464 1823 ejus,
1480 1789 1694 1823 dilationemque
1710 1789 1787 1823 quasi

1005 1839 1091 1865 ruime
1104 1838 1176 1865 sedis
1194 1837 1401 1864 David'causam
1420 1835 1578 1870 inspiciens,
1593 1835 1673 1863 taedio
1684 1835 1788 1870 ingenti

1005 1884 1131 1916 aﬂicitur,
1144 1889 1169 1911 et
1191 1883 1230 1910 ait
1249 1893 1255 1910 :
1277 1892 1286 1908 ι
1305 1882 1345 1909 Tu
1361 1890 1425 1909 vero
1442 1881 1565 1916 repnlisti
1581 1885 1608 1909 et
1628 1881 1788 1916 despexisti,

1005 1929 1135 1957 distulisti
1165 1929 1305 1957 Christum
1334 1933 1421 1955 tuum.
1440 1938 1450 1954 ι
1470 1928 1572 1955 Deinde
1596 1927 1674 1963 quasi
1689 1928 1790 1955 timens

1006 1984 1036 2003 ac
1049 1975 1203 2010 suspicans,
1219 1974 1303 2002 Deum
1316 1975 1404 2010 ipsum
1418 1979 1488 2006 orat,
1505 1978 1534 2001 ut
1550 1981 1631 2009 quam
1647 1974 1789 2002 celerrime

1005 2032 1035 2051 ca
1051 2031 1112 2058 quae
1123 2023 1257 2058 promissa
1279 2027 1344 2049 sunt
1361 2021 1551 2053 exhibeantur,
1568 2019 1663 2048 dicens
1683 2030 1689 2047 :
1709 2029 1718 2046 ι
1735 2018 1788 2047 Ubi

1006 2074 1070 2097 sunt
1085 2068 1280 2096 misericordia:
1296 2073 1349 2095 tuae
1367 2068 1501 2102 antiquaz,
1518 2066 1642 2098 Domine,
1658 2074 1727 2102 quas
1740 2066 1787 2101 ju-

1005 2117 1072 2142 rasti
1089 2115 1172 2142 David
1186 2116 1213 2142 in
1230 2114 1344 2142 veritate
1365 2118 1412 2140 tua
1427 2114 1468 2140 69?
1488 2123 1497 2140 ι
1517 2121 1577 2150 qua:
1590 2113 1701 2148 quidem
1717 2113 1787 2148 ipsa,

1006 2162 1074 2196 ipsa,
1091 2162 1211 2196 inquam,
1231 2161 1288 2188 hzec
1303 2159 1462 2196 planissime
1492 2159 1653 2194 complenda
1678 2166 1738 2187 esse
1760 2159 1787 2186 in

1005 2211 1066 2235 ortu
1083 2207 1172 2242 magni
1189 2207 1298 2234 consilii
1319 2206 1407 2241 angeli
1424 2205 1589 2233 vaticinatur
1605 2215 1612 2232 :
1629 2205 1658 2232 in
1674 2213 1728 2241 quo
1741 2214 1788 2233 vo-

1006 2257 1072 2288 lent,
1085 2256 1183 2291 inquit,
1196 2255 1214 2282 ii
1232 2255 1265 2282 de
1281 2255 1380 2290 quibus
1393 2258 1473 2282 antea
1488 2254 1593 2281 dictum
1607 2257 1661 2287 est,
1679 2255 1701 2281 si
1722 2254 1789 2282 fuis-

1005 2306 1065 2330 sent
1089 2302 1151 2337 igne
1165 2301 1312 2328 combusti.
1331 2301 1468 2333 Quoniam
1487 2300 1619 2335 puerulus
1642 2304 1724 2328 natus
1748 2305 1790 2328 est

1004 2349 1093 2379 nobis,
1105 2352 1132 2375 et
1152 2347 1224 2375 (ilius
1239 2347 1319 2374 datus
1334 2351 1377 2374 est
1399 2347 1489 2379 nobis,
1509 2347 1600 2382 magni
1619 2347 1727 2374 consilii
1744 2353 1790 2372 an-

1004 2395 1090 2430 gelus.
1106 2394 1210 2427 Quibus
1237 2397 1326 2421 autem
1343 2393 1433 2426 nobis,
1447 2393 1498 2421 nisi
1528 2393 1562 2421 iis
1576 2392 1623 2428 qui
1646 2393 1673 2419 in
1698 2392 1790 2427 ipsum

1004 2439 1181 2470 credidimus,
1194 2438 1241 2474 qui
1256 2438 1284 2465 in
1299 2437 1409 2465 Galilaaa
1426 2438 1547 2474 gentium
1567 2445 1673 2470 sumus,
1690 2437 1790 2472 quibus

1005 2491 1100 2513 auctor
1111 2486 1200 2513 factus
1217 2488 1258 2512 est
1274 2484 1384 2512 luminis
1399 2489 1426 2512 et
1446 2485 1556 2517 laetitiae,
1572 2488 1599 2512 et
1611 2485 1728 2513 recentis
1739 2492 1789 2511 no~

1005 2531 1087 2566 vique
1116 2536 1208 2566 potus,
1226 2530 1294 2562 Novi
1323 2530 1490 2559 Testamenti
1518 2530 1652 2565 mysterii,
1671 2534 1700 2556 ut
1729 2530 1788 2567 ipsa

1005 2585 1114 2612 quoque
1133 2577 1275 2612 prophetia
1304 2578 1339 2604 ait
1355 2599 1362 2611 ,
1380 2577 1462 2614 340
1479 2586 1487 2602 ι
1509 2576 1630 2607 Primum
1644 2576 1716 2607 bibe,
1733 2576 1788 2603 cito

1004 2623 1057 2657 fac,
1070 2623 1144 2658 regio
1163 2622 1296 2656 Zabuion,
1314 2627 1340 2651 et
1356 2629 1425 2651 terra
1441 2622 1626 2657 Nephthalim,
1651 2627 1678 2649 et
1689 2621 1788 2657 reliqui

1005 2670 1170 2697 maritimam
1202 2669 1353 2697 incolentes
1382 2669 1453 2696 ultra
1483 2667 1646 2700 Iordanem,
1677 2667 1788 2695 Galil-tea

1004 2715 1125 2751 gentium
1138 2725 1145 2743 :
1164 2716 1280 2752 populus
1293 2716 1391 2744 sedens
1403 2715 1431 2742 in
1448 2714 1579 2748 tenebris,
1593 2714 1683 2742 videte
1698 2715 1787 2742 luccm

1005 2769 1142 2797 magnam,
1154 2766 1181 2790 et
1192 2762 1350 2790 sedentibus
1360 2762 1387 2789 in
1401 2761 1521 2789 tenebris
1534 2764 1560 2788 et
1568 2761 1663 2788 umbra
1679 2761 1787 2792 mortis;

1006 2808 1052 2834 lux
1068 2812 1126 2835 orta
1142 2813 1183 2835 est
1194 2809 1234 2836 eis
1248 2809 1271 2824 ⁷ο
1293 2809 1327 2834 i?
1343 2808 1412 2835 Sunt
1427 2816 1490 2836 vero
1501 2809 1518 2835 ii
1530 2807 1575 2844 qui
1596 2808 1621 2834 in
1637 2807 1679 2835 his
1696 2807 1785 2837 verbis

1183 2888 1287 2917 “Psal.
1301 2896 1434 2925 Luxvni,
1455 2888 1499 2916 50.
1537 2887 1625 2916 τοῖσι.
1643 2895 1680 2920 u,
1698 2887 1725 2920 1,
1739 2886 1771 2916 ﬁt
