2089 3218
298 140 349 168 55τ

631 136 763 164 EUSEliII
784 134 1021 164 CxESARIENSIS
1039 133 1112 162 OPP.
1129 133 1217 161 PARS
1238 134 1267 161 II.
1288 148 1323 154 -—
1341 131 1578 161 APOLOGETICA’

1844 131 1897 159 .536

298 196 484 231 significantur
499 199 525 222 et
540 195 693 230 quicunque
704 202 734 220 ex
747 193 871 227 gentibus
890 192 916 218 in
932 192 1069 218 Christum
1085 197 1106 224 Α
1121 202 1123 207 ι

1085 197 1106 224 Α
1121 191 1219 226 ταύτης
1241 191 1289 225 τῆς
1314 191 1466 225 οῐκσνομιας
1485 189 1610 216 ὑπόθεσιν
1622 188 1758 222 γεγονέναι
1773 188 1842 224 φησι
1852 187 1897 214 τὸν

300 243 345 270 Dei
357 241 542 271 crediderunt,
560 243 587 266 et
609 238 757 265 Salvatoris
780 238 864 266 nostri
891 237 1017 271 discipuli
1033 241 1073 263 at—

297 297 350 324 que
364 288 489 323 apostoli,
505 294 574 322 quos
585 286 618 313 de
632 290 704 312 terra
726 285 846 311 Zahulon
861 290 888 311 et
903 283 1072 318 Nephthalim

296 337 431 362 evocatos,
446 339 583 366 prtecones
598 330 734 365 Evangelii
746 330 786 356 sui
802 329 891 364 elegit.
909 328 986 355 lliscc
1002 329 1072 354 enim

295 377 384 411 magni
394 376 499 404 consilii
511 376 622 410 angelus
637 375 794 402 ﬁliusdatus
804 379 845 401 est
860 378 954 401 auctor
967 374 1071 406 salutis.

295 423 330 450 Iis
346 430 409 450 vero
418 414 471 456 ἰιιιὶ
490 422 516 448 in
529 422 616 454 ipsum
631 429 684 447 non
702 420 877 450 crediderint,
895 420 965 454 ignis
977 419 1073 446 videli-

295 471 338 494 cet
354 472 435 501 atque
450 467 578 494 incendii.
605 465 742 492 Universae
769 468 857 491 autem
886 464 1000 497 hujusce
1015 463 1072 490 dis-

294 513 461 549 pensationis
477 519 585 539 causam
607 511 691 538 fuisse
707 511 758 537 .ait
787 510 872 536 zelum
901 508 1015 539 Domini,
1033 507 1073 535 sic

294 559 408 588 dicens:
427 567 436 583 ‹
452 557 531 585 Zelus
552 557 657 585 Domini
685 556 802 583 Sabaoth
828 555 906 582 faciet
929 554 985 581 hazc
1006 554 1038 579 '”.
1059 563 1069 579 ι

297 604 348 631 Sed
367 604 428 639 quis
446 604 554 631 tandem
572 603 615 630 hic
633 603 668 630 sit
689 603 763 629 zelus
779 601 831 628 nisi
847 601 870 627 is
887 600 965 633 cujus
978 598 1072 626 memi-

294 651 333 676 nit
349 649 447 682 Moses,
466 650 511 677 ubi
539 651 599 677 ait:
619 658 627 674 ι
647 649 699 683 Ipsi
719 648 784 675 mihi
809 647 895 673 zelum
922 645 1072 678 injecerunt

293 697 319 722 iu
337 703 369 723 eo
386 696 431 730 qui
445 704 500 722 non
513 700 572 722 erat
589 695 672 726 Deus.
690 698 716 721 et
735 694 910 720 irritaverunt
932 699 974 718 me
988 691 1013 716 in
1034 690 1072 717 si-

292 742 424 770 mulacris
440 742 552 774 suis;et
565 749 614 775 ego
632 741 718 768 zelum
734 739 854 773 iujiciam
867 738 907 765 cis
924 737 950 763 in
966 744 997 763 ea
1012 743 1071 770 qua:

1122 237 1200 272 ζῆλον
1222 236 1333 271 Κυρίου,
1360 235 1460 269 λέγων·
1486 244 1495 260 ι
1512 235 1540 260 Ὀ
1560 234 1638 269 ζῆλος
1661 235 1761 270 Κυρίου
1785 232 1897 261 Σαΰαὼθ

1122 283 1227 318 ποιήσει
1254 281 1347 308 ταῦτα.
1364 291 1373 307 ι
1397 281 1474 310 ﬂcio:
1496 280 1524 306 δὲ
1548 280 1644 315 ζῆλος;
1667 280 1683 315 ἢ
1707 277 1736 307 οὗ
1763 280 1898 315 μέμνηται

1121 327 1238 362 Μωσῆς,
1264 326 1365 359 λέγων·
1391 335 1400 351 ‹
1426 326 1505 353 Αὐτοὶ
1531 325 1724 360 παρεξήλωαάν
1752 334 1785 360 με
1811 326 1896 353 ὲπόὐ

1121 373 1188 408 Θεῷ,
1204 373 1379 409 παρώργισάν
1396 382 1429 408 με
1449 373 1477 399 ὲν
1491 374 1546 404 τοῖς
1564 371 1680 403 εἰδώλοις
1699 371 1803 398 αὐτῶν·
1820 370 1899 406 κάγὼ

1121 418 1308 455 παραζηλώσω
1327 419 1422 450 αὐτοὺς
1436 419 1478 444 ἐπ’
1494 419 1542 444 οὐκ
1556 418 1626 444 ἔθνει
1636 426 1642 432 ·
1660 417 1702 444 ἐπ’
1716 417 1785 444 ἔθνει
1800 417 1897 443 ἀσυνέ-

1120 474 1158 500 τῳ
1178 464 1319 501 παροργιῶ
1332 465 1436 496 αὐτούς.
1453 474 1462 490 ι
1473 464 1540 490 Ἀλλ’
1556 465 1616 491 ἐπεὶ
1635 465 1681 490 σὺν
1698 464 1757 499 Θεῷ
1778 463 1813 490 τὰ
1833 464 1898 499 περὶ

1119 510 1168 546 τῆς
1187 511 1232 537 τοῦ
1251 511 1483 546 προφητευομένου
1507 512 1546 541 είς
1565 510 1720 545 ἀνθρώπους
1741 509 1896 545 ἐπιδημίας,

1119 558 1149 584 οὐ
1165 557 1215 593 μὴν
1230 557 1295 584 ἀλλὰ
1310 558 1355 583 καὶ
1377 558 1390 583 ὁ
1411 557 1508 592 τρόπος
1523 557 1571 592 τῆς
1585 557 1741 591 ἐπιφανείας
1756 556 1837 583 αὐτοῦ
1853 555 1896 583 διὰ

1118 600 1172 626 τῶν
1194 600 1368 636 προφητικῶν
1381 601 1561 627 ἀποδέδεικται
1577 601 1741 636 μαρτυριῶν,
1759 601 1852 636 καιρὸς
1864 601 1897 628 ἂν
1926 623 1929 625 .

1118 647 1159 681 εἴη
1176 646 1300 678 συνιδεῖν,
1315 646 1365 673 ποῦ
1378 647 1428 681 γῆς
1441 641 1660 682 γεννηθήσεσθαι,
1673 647 1718 673 καὶ
1730 646 1790 673 ὅθεν
1803 647 1897 680 γένους

1118 691 1201 726 ἥξειν,
1220 692 1249 724 ἐξ
1271 692 1364 723 ὁποίας
1386 701 1415 718 τε
1435 692 1563 728 Ἐὗραίων
1587 692 1795 728 προελεύσεσθαι
1811 692 1897 728 φυλῆς

1119 735 1295 770 ὲκηρύττετον
1311 736 1329 762 ἃ
1345 736 1390 762 καὶ
1403 737 1480 766 αὐτὰ,
1496 737 1571 772 φέρε,
1585 737 1780 772 ἑρευνήσωμεν.

291 798 345 820 non
371 793 413 817 est
438 797 522 824 gens,
540 789 567 815 in
589 793 667 822 gente
693 787 776 814 stulta
801 785 914 812 irritabo
935 784 995 810 illos
1009 783 1042 809 τ’.
1058 791 1066 807 ι
1090 779 1141 807 Sed
1155 781 1280 815 quoniam
1300 781 1405 808 favente
1418 781 1539 816 Deojam
1556 790 1627 809 nunc
1650 791 1681 809 ea
1698 790 1757 817 quae
1786 783 1821 811 ad
1835 791 1897 816 ejus

291 836 435 867 adventum
454 835 486 863 ad
502 835 624 862 homines
646 833 791 868 pertinent.
806 831 839 858 de
855 838 908 866 quo
922 829 992 864 apud
1006 827 1147 863 prophetas
1180 828 1278 862 agitur,
1313 835 1417 854 necnon
1442 828 1562 862 ejusdem
1589 828 1718 855 adventus
1735 827 1841 861 modus,
1863 836 1897 855 ex

292 882 458 917 propheticis
480 880 641 908 testimoniis
665 879 850 906 demonstrata
868 881 941 907 sunt,
963 881 1068 909 tempus
1084 873 1138 907 jam
1157 881 1217 900 esse
1232 873 1337 900 videtur
1353 877 1382 900 ut
1398 873 1585 909 inspiciamus,
1610 873 1655 901 ubi
1682 879 1814 900 terrarum
1843 875 1897 900 ori-

290 934 379 960 turus.
396 932 422 955 et
451 937 483 955 ex
510 935 563 962 quo
582 935 680 962 genere
707 930 848 957 venturus,
874 925 938 952 item
958 931 991 950 ex
1013 929 1066 956 qua
1090 920 1261 948 Hebraeorum
1295 921 1367 948 tribu
1408 921 1578 956 profecturus
1609 921 1796 956 nuntiaretur;
1835 929 1896 957 qua

291 975 399 1015 quidem
419 975 476 1010 ipsa
494 974 516 1002 si
531 975 629 1010 placet,
647 975 770 1005 obsecro,
785 976 947 1001 scrutemur.

595 1033 706 1061 CAPUT
723 1033 754 1061 ll.

289 1093 311 1125 Α
329 1092 449 1120 Nic/uua.
472 1107 506 1111 —
523 1090 559 1117 De
576 1091 631 1118 loco
652 1090 696 1116 ubi
721 1095 786 1117 esset
811 1091 926 1116 oriturus
949 1090 970 1115 is
989 1089 1068 1120 Deus.

323 1136 397 1162 quem
424 1127 554 1161 propheta:
574 1126 731 1162 nuntiarunt
744 1133 753 1151 :
772 1131 796 1152 et
806 1124 1022 1162 quemadmodum
1037 1124 1070 1162 de

325 1160 473 1189 Bel/Ilelient
496 1162 599 1195 regione
622 1160 774 1187 Palwslinm
790 1161 909 1194 procedet
933 1168 948 1186 α
973 1160 1067 1186 sa'culo

324 1198 504 1232 pra‘exsistens
517 1197 617 1230 piorum
634 1196 715 1232 gentis
724 1196 853 1232 princeps,
867 1200 891 1221 et
903 1195 1067 1232 quemadmo-

324 1233 385 1258 dum
411 1233 455 1258 ille
472 1231 598 1257 Dominus
623 1231 750 1256 ducturus
771 1231 903 1256 dirimitur
916 1238 959 1255 eos
977 1231 1021 1263 qui
1036 1231 1067 1258 ab
1105 1240 1107 1242 ·

325 1268 427 1294 ultimis
442 1275 521 1301 usque
535 1271 611 1292 terrw
622 1265 717 1299 ﬁnibus
729 1265 754 1291 in
768 1273 825 1291 eum
838 1264 1004 1292 crediderint.

329 1344 386 1371 «Et
420 1349 469 1377 tu,
500 1344 676 1375 Bethlehem,
705 1343 803 1370 dooms
828 1342 956 1378 Ephrata.
987 1343 1068 1370 mini-

290 1399 332 1420 ma
368 1399 398 1418 es
432 1395 460 1417 ut
501 1390 539 1417 sis
570 1390 596 1417 in
627 1389 747 1416 millibus
775 1388 861 1422 Juda;
886 1397 917 1415 ex
946 1394 972 1415 te
1001 1389 1066 1415 mihi

288 1437 443 1472 egredietur
473 1436 518 1471 qui
547 1435 655 1470 prmsit,
688 1440 718 1462 ut
758 1435 793 1462 sit
826 1435 952 1470 princeps
987 1434 1065 1469 351

288 1485 316 1511 in
339 1482 430 1514 Israel,
453 1486 478 1509 et
498 1482 588 1509 exitus
603 1481 663 1516 ejus
680 1481 714 1508 ab
736 1481 812 1508 initio
828 1489 860 1508 ex
890 1481 986 1508 diebus
1017 1488 1067 1507 sa:-

287 1528 351 1554 culi.
378 1527 480 1554 Idcirco
499 1526 574 1554 dahit
594 1534 642 1554 eos
666 1534 752 1561 usque
773 1526 805 1553 ad
830 1529 936 1560 tempus
959 1526 1067 1560 parien-

287 1573 341 1605 tis;
359 1573 455 1607 pariet,
476 1576 502 1599 et
522 1571 618 1606 reliqui
635 1571 748 1598 fratrum
770 1571 890 1606 ipsorum
906 1575 1067 1598 converten-

288 1624 332 1647 tur
344 1618 378 1646 ad
395 1619 465 1646 lilios
479 1619 605 1649 Israel,ot
619 1618 760 1648 consistet,
776 1621 801 1644 et
816 1616 927 1647 videbit,
939 1621 965 1643 et
974 1620 1066 1651 pascet

288 1671 395 1699 gregem
412 1671 490 1691 suum
507 1664 533 1690 in
550 1664 647 1690 robore
663 1662 802 1693 Dominus,
820 1667 846 1688 et
863 1662 890 1690 in
914 1662 998 1696 gloria
1015 1670 1065 1688 no-

1379 1031 1572 1059 ΚΕΦΑΛΑΙΟΝ
1597 1033 1633 1058 B'.

1125 1088 1194 1114 Ἀπὸ
1208 1088 1259 1115 τοῦ
1275 1088 1431 1123 Μιχαία.-
1437 1089 1503 1122 Περὶ
1516 1089 1568 1115 τοῦ
1580 1090 1671 1115 τόπου
1686 1088 1740 1121 τῆς
1751 1088 1898 1123 γενέσεως

1152 1123 1205 1150 τοῦ
1215 1123 1491 1157 προκηρυττομένου
1501 1123 1571 1150 Θεοῦ
1582 1134 1588 1139 ·
1598 1124 1644 1150 καὶ
1658 1124 1696 1156 ὡς
1707 1124 1739 1150 ἐκ
1751 1124 1894 1156 Βηθλεὲμ,

1153 1159 1259 1193 χωρίου
1281 1158 1335 1192 τῆς
1357 1160 1566 1191 Παλαιστίνης,
1583 1158 1617 1190 ἐξ
1638 1158 1743 1190 αἰῶνός
1756 1167 1801 1191 τις
1821 1166 1893 1193 προ-

1152 1193 1300 1228 ϋπάρχων,
1313 1194 1475 1228 ἡγούμενος
1489 1193 1539 1219 τοῦ
1556 1193 1615 1219 τῶν
1628 1193 1772 1220 θεοσεϐὡν
1789 1194 1895 1227 γένους

1155 1230 1373 1262 προελεύσεται,
1393 1228 1442 1254 καὶ
1468 1229 1508 1261 ὠς
1523 1229 1613 1260 αὐτὸς
1631 1230 1646 1254 ὁ
1667 1229 1772 1261 Κύριος
1790 1236 1894 1262 ποιμα-

1151 1263 1214 1290 νεῖν
1229 1264 1392 1292 θεσπίζεται
1412 1263 1480 1296 τοὺς
1501 1263 1587 1298 μέχρι
1604 1263 1662 1289 τῶν
1675 1263 1820 1298 ἐσχατιᾱγν
1838 1262 1893 1297 τῆς

1152 1298 1204 1333 γῆς
1223 1300 1264 1331 εἰς
1277 1298 1369 1324 αὐτὸν
1385 1299 1627 1331 πεπιστευκότας.

1155 1355 1163 1369 ι
1179 1346 1232 1372 Καὶ
1253 1346 1295 1376 σὺ,
1310 1345 1430 1380 Βηθλεὲμ
1446 1342 1518 1376 οἶκος
1538 1343 1584 1370 τοῦ
1608 1344 1737 1379 Ἐφραθὰ,
1756 1344 1894 1378 ὀλιγοστὸς

1117 1389 1140 1417 εἷ
1157 1391 1202 1417 τοῦ
1218 1389 1286 1417 εἶναι
1309 1392 1337 1417 ἐν
1354 1391 1469 1426 χιλιάσιν
1486 1390 1568 1417 Ἰούδα
1597 1391 1643 1417 Ἐκ
1665 1391 1710 1417 σοῦ
1731 1400 1773 1426 μοι
1789 1391 1893 1425 ἐξελεύ-

1117 1446 1190 1463 σεται
1207 1436 1368 1472 ἡγούμενος,
1388 1436 1434 1462 τοῦ
1456 1433 1522 1462 εἶναι
1539 1437 1654 1472 ἄρχοντα
1670 1437 1698 1463 ὲν
1716 1436 1755 1471 τῷ
1774 1437 1892 1472 Ἰσραὴλ,

1117 1484 1162 1510 καὶ
1187 1485 1213 1509 αἱ
1229 1482 1310 1515 ἔξοδοι
1327 1482 1407 1509 αὺτοῦ
1437 1483 1483 1509 ἀπ’
1506 1482 1592 1517 ἀρχῆς
1610 1482 1638 1515 ἐξ
1661 1483 1768 1518 ἡμερῶν
1785 1483 1892 1514 αἰῶνος.

1117 1529 1165 1556 Διὰ
1183 1529 1260 1556 τοῦτο
1282 1529 1360 1556 δώσει
1375 1529 1471 1560 αὐτοὺς
1490 1529 1541 1560 ἕως
1558 1528 1651 1564 καιροῦ
1671 1529 1821 1564 τικτούσης.
1839 1528 1892 1556 Τέ-

1117 1574 1200 1606 ξεται,
1212 1576 1258 1601 καὶ
1273 1575 1296 1601 οἱ
1314 1574 1445 1601 ἐπίλοιποι
1457 1574 1510 1600 τῶν
1525 1574 1644 1609 ἀδελφῶν
1661 1574 1746 1600 αὐτῶν
1765 1574 1892 1609 ἐπιστρέ-

1115 1621 1209 1655 φουσιν
1229 1620 1274 1646 ἐπὶ
1297 1621 1359 1652 τοὺς
1384 1621 1457 1651 υἱοὺς
1478 1620 1599 1655 Ἰσραήλ·
1624 1621 1670 1648 καὶ
1690 1621 1824 1654 στήσεται,
1844 1619 1893 1646 καὶ

1115 1666 1218 1700 ὄψεται,
1237 1666 1283 1692 καὶ
1308 1668 1434 1701 ποιμανεῖ
1456 1666 1486 1692 τὸ
1505 1666 1626 1701 ποίμνιον
1660 1665 1740 1692 αὑτοῦ
1774 1666 1802 1691 ὲν
1820 1666 1892 1701 ίσχύῖ

287 1711 369 1737 minis
386 1709 491 1736 Domini
503 1709 547 1736 Dei
563 1710 681 1744 ipsorum
697 1709 838 1740 exsistent,
852 1708 978 1743 quoniam
993 1715 1065 1734 nunc
1078 1709 1099 1738 C

1078 1709 1099 1738 C
1116 1713 1224 1748 Κύριος,
1253 1714 1299 1739 καὶ
1325 1713 1353 1739 ἐν
1378 1715 1410 1748 τῇ
1427 1713 1489 1749 δόξῃ
1508 1713 1554 1739 τοῦ
1568 1714 1695 1748 ὀνόματος
1715 1714 1814 1749 Κυρίου
1823 1713 1890 1740 Θεοῦ

288 1755 533 1792 tnagniﬁcabuntur
558 1763 643 1790 usque
664 1755 696 1781 ad
722 1759 842 1781 extrema
863 1758 951 1785 terrae,
972 1757 998 1780 et
1014 1754 1066 1780 erit

287 1802 343 1829 haec
359 1809 410 1837 pax
422 1802 454 1828 ⁷³.
475 1811 484 1827 ι
499 1801 575 1834 Quod
593 1801 701 1836 quidem
721 1801 776 1835 ipse
791 1799 960 1830 Emmanuel.
975 1799 1020 1833 qui
1033 1807 1066 1825 ex

286 1849 508 1884 interpretatione
530 1852 571 1875 est
586 1848 719 1874 nobiscum
745 1846 824 1876 Deus,
839 1846 872 1873 de
889 1845 998 1880 Virgine
1017 1852 1066 1872 na-

286 1898 388 1925 scatur.
404 1899 430 1921 et
448 1894 519 1929 quod
548 1901 611 1928 puer
636 1894 682 1920 ﬁat
704 1893 793 1927 magni
818 1892 924 1919 consilii
941 1891 1062 1926 angelus,

287 1939 445 1974 planissime
460 1947 491 1968 ex
508 1939 541 1966 iis
558 1947 617 1974 quze
630 1943 691 1965 ante
711 1937 938 1974 propositasunt,
952 1937 1064 1963 demon-

287 1989 401 2012 stratum
418 1990 469 2012 est.
487 1985 630 2017 Ceterum,
651 1984 792 2018 oportebat
813 1983 893 2010 etiam
918 1983 1018 2014 locum,
1036 1983 1064 2010 in

285 2039 339 2065 quo
358 2032 402 2058 ille
424 2031 544 2058 oriturus
560 2034 642 2061 esset,
661 2029 817 2065 signiﬁcari.
841 2028 974 2056 Divinitus
1000 2036 1064 2063 ergo

286 2076 442 2113 przedicitur
460 2077 493 2105 de
510 2076 662 2103 Bethlehem
682 2075 791 2110 quidam
807 2082 969 2109 egressurus
987 2075 1063 2109 prin-

285 2130 348 2158 ceps
361 2123 386 2149 in
402 2122 493 2154 Israel,
508 2122 596 2149 exitus
610 2122 643 2148 ab
656 2122 733 2148 initio
750 2129 782 2148 ex
798 2121 893 2148 diebus
909 2121 1000 2148 sreculi
1014 2121 1062 2147 ha»

284 2169 362 2201 heus.
382 2168 439 2195 Hoc
454 2172 542 2195 autem
560 2168 647 2202 ipsum
662 2175 801 2202 nunquam
821 2168 944 2198 humana:
960 2171 1064 2194 naturae

285 2213 485 2242 accommodari
500 2214 608 2248 poterit,
624 2213 669 2240 sed
688 2213 738 2240 soli
756 2212 912 2240 Emmanuel
928 2217 955 2240 et
973 2214 1061 2247 magni

283 2260 390 2287 consilii
407 2260 513 2294 angelo.
533 2259 608 2292 Quod
624 2259 693 2286 enim
713 2259 746 2285 ab
764 2263 864 2286 mterno
879 2260 1003 2292 exsistat,
1019 2260 1062 2286 cui

284 2306 392 2334 tandem
418 2306 454 2333 sit
473 2306 731 2334 accommodandum
750 2305 802 2333 nisi
819 2306 868 2332 soli
885 2305 958 2333 Deo?
978 2305 1063 2341 Igitur

283 2353 316 2379 «le
332 2352 488 2379 Bethlehem
511 2352 564 2385 (est
586 2356 674 2378 autem
705 2351 747 2378 hic
775 2350 874 2378 Judzerc
903 2351 988 2384 locus,
1006 2359 1059 2378 non

283 2397 377 2432 procul
395 2397 428 2424 ab
440 2396 496 2432 ipsa
512 2396 661 2424 Ierusalem
677 2397 756 2430 situs)
785 2397 886 2426 dicitur
901 2397 1011 2432 quidam
1026 2398 1060 2424 ab

282 2447 384 2471 aeterno
405 2443 540 2470 exsistens
564 2451 767 2478 progressurus.
794 2442 901 2470 Nullum
922 2451 986 2470 vero
1009 2443 1061 2470 nisi

283 2497 365 2521 unum
387 2488 469 2516 David
486 2489 638 2517 invenimus
662 2489 749 2524 gloria
771 2489 911 2525 prreditum
936 2496 968 2516 ac
986 2489 1058 2516 cele-

282 2533 368 2566 brem.
391 2534 437 2568 qui
460 2533 521 2560 inde
539 2534 573 2561 sit
594 2538 714 2565 exortus,
733 2537 759 2560 et
782 2537 843 2568 post
861 2533 947 2568 ipsum
966 2533 1060 2566 David,

283 2579 396 2606 alterum
417 2579 558 2610 duntaxat,
573 2584 694 2606 nostrum
711 2579 803 2614 utique
826 2578 993 2606 Salvatorem
1016 2577 1060 2606 Je-

282 2631 353 2656 sum,
369 2624 415 2658 qui
431 2624 556 2651 Christus
575 2628 616 2651 est
631 2624 677 2651 Dei
691 2634 696 2651 :
712 2629 808 2659 praeter
827 2625 875 2652 hos
892 2629 981 2652 autent
1000 2625 1060 2652 nul-

283 2669 338 2695 lum
355 2669 436 2695 alium
449 2677 570 2703 prorsus.
584 2670 618 2697 At
630 2678 694 2698 vero
714 2671 770 2706 ipse
784 2671 891 2706 quidem
907 2671 991 2698 David
1007 2671 1058 2698 hu-

283 2713 358 2749 jusce
383 2716 530 2750 prophetia:
550 2719 671 2750 tempora
697 2718 851 2749 antecessit,
883 2721 909 2745 et
935 2718 1060 2753 plurimis

317 2771 340 2786 "
357 2771 408 2798 Isa.
424 2780 524 2804 xxxv",
541 2773 584 2799 32.
632 2775 654 2789 τ’
666 2775 743 2802 Deut.
757 2784 841 2810 xxx",
855 2776 901 2803 21.

318 2815 442 2853 (υοὺδᾎ
460 2817 528 2853 lege
547 2818 604 2853 οὐχ,
624 2819 701 2847 Εοιτ.

1117 1759 1203 1784 αὐτῶν
1244 1758 1390 1793 ὑπάρξουσι
1408 1767 1414 1774 ·
1455 1759 1520 1785 διότι
1563 1759 1609 1785 νῦν
1649 1759 1892 1794 μεγαλυνθήσονται

1115 1804 1166 1835 ἕως
1180 1803 1271 1839 ἄκρων
1286 1803 1335 1838 τῆς
1351 1804 1402 1839 γῆς
1413 1823 1419 1835 ,
1443 1804 1490 1830 καὶ
1507 1804 1581 1830 ἔσται
1602 1804 1670 1838 αὕτη
1685 1805 1788 1839 εἰρήνη.
1801 1814 1810 1829 ι
1829 1805 1892 1839 Ἐμ-

1117 1849 1234 1883 μανουὴλ
1250 1848 1515 1884 μεθερμηνευόμενος
1531 1850 1595 1883 μεθ’
1610 1848 1692 1883 ’ἡμῶν
1707 1848 1786 1881 Θεὸς,
1800 1849 1832 1874 ἐκ
1843 1848 1893 1883 τῆς

1116 1894 1251 1929 Παρθένου
1269 1893 1451 1928 γεννώμενος,
1467 1894 1512 1920 καὶ
1538 1894 1640 1920 παιδίον
1659 1894 1797 1928 γινόμενος
1809 1894 1823 1920 ὁ
1843 1893 1892 1928 τῆς

1117 1939 1235 1974 μεγάλης
1251 1939 1348 1974 βουλῆς
1375 1939 1505 1973 ἄγγελος,
1533 1939 1624 1973 σαφῶς
1644 1939 1748 1974 ἐδείχθη
1770 1939 1814 1966 διὰ
1836 1939 1891 1965 τῶν

1115 1985 1371 2020 προεκτεθειμένων.
1392 1984 1459 2010 Ἀλλ’
1474 1985 1556 2020 ἐχρῆν
1579 1985 1624 2012 καὶ
1641 1985 1684 2011 τὸν
1699 1985 1748 2019 τῆς
1760 1985 1892 2018 γενέσεως

1114 2031 1194 2058 αὐτοῦ
1222 2031 1390 2066 σημανθῆναι
1417 2031 1508 2059 τόπον.
1540 2031 1739 2066 Προφητεύεται
1768 2030 1835 2065 δῆτα
1859 2031 1892 2056 ὲκ

1113 2076 1235 2112 Βηθλεέμ
1248 2085 1289 2108 τις
1300 2076 1484 2108 ἐξελεύσεσθαι
1505 2077 1594 2111 ἄρχων
1609 2077 1637 2102 ὲν
1648 2076 1686 2111 τῷ
1707 2076 1822 2111 Ἰσραὴλ,
1841 2075 1892 2107 τὰς

1113 2123 1216 2154 ἐξόδους
1232 2123 1278 2148 ἀπ’
1291 2123 1376 2158 ἀρχῆς
1388 2122 1416 2156 ἐξ
1430 2124 1540 2160 ἡμερῶν
1553 2122 1649 2154 αἰῶνος
1670 2122 1747 2158 ἔχων.
1767 2122 1850 2148 Τοῦτο
1861 2121 1890 2148 δὲ

1113 2170 1161 2195 οὐκ
1175 2169 1206 2196 ἂν
1223 2170 1399 2204 ἐφαρμόσειεν
1416 2169 1556 2204 ἀνθρώπου
1571 2169 1658 2204 φύσει,
1673 2170 1697 2194 εἰ
1713 2168 1749 2204 μὴ
1768 2169 1840 2203 μόνῳ
1850 2167 1890 2203 τῷ

1119 2215 1299 2251 Ἐμμανουὴλ,
1316 2215 1361 2242 καὶ
1375 2215 1413 2250 τῷ
1427 2216 1478 2250 τῆς
1487 2216 1605 2250 μεγάλης
1617 2214 1712 2250 βουλῆς
1728 2214 1842 2248 ἀγγέλῳ.
1853 2212 1891 2239 Τὸ

1112 2261 1165 2297 γὰρ
1171 2261 1199 2293 ἐξ
1205 2261 1300 2293 αἰῶνος
1307 2261 1463 2296 ὑφεστάναι,
1471 2261 1522 2287 τίνι
1531 2261 1583 2296 ἄρα
1591 2260 1751 2296 ὲῳαρμόττοι
1757 2259 1809 2294 ἆνῆ
1817 2258 1890 2293 μόνῳ

1111 2306 1188 2341 Θεῷ;
1212 2307 1257 2332 Ἐκ
1271 2307 1358 2332 τοίνυν
1378 2307 1426 2341 τῆς
1452 2306 1574 2341 Βηθλεὲμ
1596 2305 1702 2340 (χωρίον
1716 2305 1743 2330 δέ
1766 2305 1822 2330 ἐστι
1840 2302 1890 2337 τῆς

1119 2352 1253 2383 Ἰουδαίας,
1269 2353 1299 2378 οὺ
1310 2352 1402 2389 πόρρω
1415 2352 1464 2386 τῆς
1480 2351 1653 2388 Ἰερουσαλὴμ
1675 2348 1798 2383 διεστὼς)
1811 2348 1889 2382 λέγε-

1112 2399 1155 2427 ταί
1170 2407 1211 2430 τις
1231 2399 1260 2431 ἐξ
1275 2398 1370 2430 αἰῶνος
1384 2398 1510 2434 ὑπάρχων
1528 2395 1744 2432 προελεύσεσθαι.
1766 2395 1826 2422 Οὐδ’
1849 2393 1888 2429 (I)

1111 2445 1202 2479 ἕτερον
1213 2445 1241 2470 δὲ
1258 2444 1361 2470 ἐνθένδε
1379 2444 1395 2479 ἢ
1413 2445 1490 2479 μόνον
1500 2444 1543 2470 τὸν
1553 2443 1632 2469 Δαϐὶδ
1642 2442 1755 2477 εὕρομεν
1768 2440 1889 2472 ἐπίδοξον

1111 2488 1301 2524 γεγενημένον,
1319 2488 1365 2514 καὶ
1391 2488 1484 2514 ἔπειτα
1499 2487 1555 2522 μετ’
1569 2488 1670 2513 ἐκεῖνον
1690 2485 1734 2511 τὸν
1757 2485 1888 2520 ἡμέτερον

1112 2535 1224 2571 Σωτῆρα
1251 2534 1351 2569 Ἰησοῦν
1373 2534 1418 2560 τὸν
1434 2534 1548 2569 Χριστὸν
1576 2532 1623 2558 τοῦ
1644 2531 1727 2558 Θεοῦο
1744 2531 1836 2564 ἓτερον
1859 2529 1889 2557 δέ

1112 2580 1186 2616 παρὰ
1199 2579 1308 2611 τούτους
1322 2579 1424 2606 οὐδένα.
1442 2579 1510 2606 Ἀλλ’
1521 2580 1535 2605 ό
1547 2578 1594 2613 μὲν
1602 2577 1690 2609 Δαὸὶδ,
1704 2576 1765 2607 τοὺς
1777 2575 1888 2612 χρόνους

1111 2626 1159 2662 τῆς
1173 2626 1338 2661 προφητείας
1353 2624 1532 2660 προειληφὼς,
1553 2624 1740 2658 τετελευτήκει.Δ
1751 2621 1888 2651 πλείστοις

1111 2673 1241 2707 πρότερον
1258 2672 1330 2698 ἐτεσι
1356 2672 1405 2706 τῆς
1428 2671 1619 2706 προρρήσεως·
1636 2669 1691 2696 ἀλλ’
1717 2668 1775 2694 οὐδὲ
1793 2667 1821 2694 δὲ
1849 2666 1887 2704 (9)

1110 2718 1156 2751 ἀφ’
1184 2717 1292 2753 ἡμερῶν
1316 2716 1411 2749 αἰῶνος
1441 2714 1516 2748 οὗτος
1540 2716 1587 2747 τὰς
1619 2715 1722 2748 ἐξόδους
1744 2713 1887 2749 πεποίητο.

940 2776 1054 2804 “Mich.
1073 2785 1099 2807 ν,
1116 2777 1175 2804 2-5.

321 2850 357 2887 [2)
368 2850 442 2878 Οὐδὲ
451 2851 492 2878 δέ.
509 2850 629 2887 Lege-{ul
645 2862 727 2891 smpe,
749 2864 798 2891 pro
810 2857 880 2888 οὐδὲ,
893 2857 937 2889 οὐ,
957 2861 982 2884 et
1000 2857 1062 2884 huic
1078 2855 1146 2889 coni!

957 2861 982 2884 et
1000 2857 1062 2884 huic
1078 2855 1211 2889 ceniuntze
1226 2855 1254 2882 δέ
1277 2863 1404 2886 sequens.
1421 2858 1449 2882 ut
1464 2855 1499 2882 sit
1514 2855 1573 2882 οὐδέ
1586 2855 1682 2882 solum.
1701 2852 1777 2883 Eme.
