2089 3218
176 172 229 204 537

630 174 955 210 DEMONSTRATIONIS
973 174 1201 205 EVANGELICE
1219 176 1285 204 LIB.
1305 175 1361 205 ΥΠ.

1735 177 1787 204 558

176 230 281 259 οὐκοῦν
302 229 424 259 λείπεται
441 231 486 259 ἰπὶ
511 232 556 260 τὸν
580 209 655 268 μετα
670 232 755 260 ταῦτα
776 234 808 260 ὲκ
835 232 959 268 Βηθλεὶμ

1010 236 1073 261 ante
1088 233 1140 261 hoc
1152 233 1293 261 oraculum
1311 233 1391 260 annis
1405 235 1530 259 mortqu
1543 234 1602 265 est;
1617 234 1746 267 pm
1753 239 1789 259 ne

176 277 321 314 γινόμενον
336 278 381 305 τὸν
400 277 505 313 ἀληθῶς
530 278 717 314 Ἑμμανουὴλ,
732 279 778 305 τὸν
793 277 846 314 πρὸ
868 278 958 313 πάσης

177 323 291 355 κτίσεως
304 324 422 359 προόντα
435 323 498 350 Θεὸν
514 325 598 358 Λόγον
614 325 659 351 καὶ
674 324 731 360 μεθ’
745 324 820 360 ήμῶν
835 324 900 350 Θεὸν
914 323 959 349 λε-

176 368 301 404 γόμενον,
320 369 543 404 συμπληροῦσθαι
570 370 604 396 τὰ
619 370 812 406 γεγραμμέναο
827 370 887 396 ἐπεὶ
913 370 958 396 καὶ

178 415 194 449 ἡ
207 415 235 440 ὲν
246 414 367 450 Βηθλεὲμ
381 415 484 449 γένεσις
496 416 577 443 αὐτοῦ
591 416 718 452 ἄντικρυς
730 417 796 443 Θεοῦ
809 416 959 451 παρουσίαν

178 461 271 495 ἐδήλου
287 461 330 488 διὰ
344 461 396 488 τῶν
408 462 467 488 κατ’
487 463 571 498 αὐτὴν
596 462 763 499 παραδόξων.
778 463 879 498 Γράφει
895 462 959 497 γοῦν

177 507 193 534 6
207 508 311 539 Λουκᾶς
329 507 422 533 τοῦτον
445 508 556 544 ἱστορῶν
575 509 619 535 τὸν
638 509 751 544 τρόπον’
767 519 775 534 ι
794 509 914 542 Ἐγένετο
930 509 958 535 δὲ

178 553 208 580 ὲν
224 555 282 585 ταῖς
301 554 413 589 ἡμέραις
435 554 550 586 ἐκείναις
561 575 567 585 ,
590 555 684 590 ἐξῆλθε
698 555 783 590 δόγμα
803 555 878 590 παρὰ
894 555 960 580 Καί-

179 593 262 634 σαρος
291 600 445 634 Αὐγούστου
478 600 524 627 τοῦ
557 601 765 637 ἀπογράψασθαι
794 602 883 627 πᾶσαν
911 601 960 635 τὴν

178 646 354 681 οἰκουμένην·
374 647 442 682 αὕτη
462 647 607 683 ἀπογραφὴ
624 647 717 683 πρώτη
732 648 838 682 ἐγένετο
858 649 959 683 ἡγεμο-

178 692 299 724 νεύοντος
312 692 361 728 τῆς
373 693 473 728 Συρίας
486 694 630 728 Κυρηνίου.
646 695 699 720 Καὶ
717 694 875 730 ἐπορεύοντο
891 695 959 720 πάν-

177 747 222 770 τες
238 738 451 774 ἀπογράφεσθαι,
470 739 582 771 ἕκαστος
612 740 651 771 εἰς
676 740 726 775 τὴν
752 739 847 766 ἑαυτοῦ
873 740 958 766 πόλιν.

185 784 279 819 ’Ᾱνέὸη
292 784 319 810 δὲ
336 785 382 811 καὶ
403 784 500 820 Ἰωσὴφ
513 785 565 811 ἀπὸ
579 786 628 821 τῆς
644 785 797 818 Γαλιλαίας,
810 787 841 812 έκ
859 785 960 818 πόλεως

178 829 304 866 Ναζαρὲθ
320 832 359 862 είς
381 831 429 867 τὴν
455 831 601 863 Ἰουδαίαν,
615 832 655 863 εἰς
682 832 758 858 πόλιν
783 832 877 863 Δαίῖιδ,
900 833 960 867 ⁴ἣτις

179 875 299 903 καλεῖται
319 876 442 911 Βηθλεὲμ
453 897 460 908 ,
483 876 526 903 διὰ
542 877 571 903 τὸ
587 875 655 903 εἶναι
670 877 750 903 αὐτὴν
773 877 802 909 ἐξ
823 877 897 903 οἴκου
914 877 960 903 καὶ

179 922 296 957 πατριᾶς
310 921 405 954 Δασὶδ,
430 922 638 958 ἀπογράψασθαι
656 924 703 949 σὺν
726 923 841 959 Μαριὰμ
860 924 893 958 τῇ
914 931 961 958 με-

179 967 368 1004 μνηστευμένῃ
385 968 457 1003 αὑτῷ
470 968 578 1002 γυναικὶ
593 968 660 1005 οὔσῃ
671 968 769 1004 ὲγκὺῳ.
792 969 914 1003 Ἐγένετο
932 970 960 995 δὲ

178 1014 207 1041 ἐν
225 1014 264 1049 τῷ
277 1014 375 1046 αὐτοὺς
392 1012 460 1041 εἶναι
481 1015 553 1047 ἐκεῖ,
567 1015 738 1050 ἐπλήσθησαν
756 1017 782 1042 αἰ
800 1015 899 1051 ἡμέραι
914 1015 960 1041 τοῦ

178 1062 267 1087 τεκεῖν
287 1061 380 1097 αὐτήν.
397 1062 451 1088 Καὶ
469 1062 546 1089 ἔτεκε
569 1062 614 1088 τὸν
637 1062 693 1088 υἱὸν
714 1062 797 1098 αὐτῆς
819 1062 864 1088 τὸν
884 1071 960 1097 πρω-

178 1107 286 1134 τότοκον
300 1128 307 1140 ,
336 1108 381 1135 καὶ
408 1109 616 1143 ἐσπαργάνωσεν
637 1109 734 1141 αὐτὸν,
758 1110 803 1136 καὶ
824 1109 961 1135 ἀνέκλινεν

178 1153 259 1180 αὑτὸν
272 1154 300 1180 ὲν
316 1156 348 1190 τῇ
365 1154 462 1190 φάτνῃ,
483 1155 547 1180 διότι
562 1155 612 1181 οὐκ
625 1153 658 1190 ἦν
675 1155 765 1186 αὐτοῖς
778 1155 858 1186 τόπος
875 1156 902 1180 ἐν
922 1154 961 1189 τῷ

178 1198 356 1234 καταλύματι.
373 1199 425 1225 Kal.
442 1200 567 1235 ποιμένες
581 1198 650 1235 ἦσαν
664 1201 692 1226 ἐν
704 1202 736 1235 τῇ
752 1199 827 1235 χώρα
842 1201 874 1235 τῇ
893 1201 959 1235 αὐτῇ

179 1244 389 1280 ἀγραυλοῦντες,
403 1246 449 1272 καὶ
465 1245 644 1280 φυλάσσοντες
661 1246 782 1280 φυλακὰς
803 1246 851 1280 τῆς
866 1246 961 1277 νυκτὸς

178 1289 224 1317 ἐπὶ
234 1291 283 1326 τὴν
301 1291 416 1326 ποίμνην
435 1291 539 1318 αὐτῶν·
553 1292 600 1318 καλ¹
614 1291 726 1326 ἄγγελος
740 1292 841 1326 Κυρίου
859 1292 960 1327 ἐπέστη

179 1335 279 1366 αὐτοῖς,
297 1336 344 1362 καὶ
357 1336 420 1369 δόξα
431 1336 498 1363 Θεοῦ
515 1337 698 1372 περιέλαμψεν
716 1337 823 1367 αὐτοὺς.
835 1338 880 1363 καὶ
900 1338 961 1371 ἐφο-

180 1381 302 1417 ίῆθησαν
322 1382 401 1416 φόϐον
418 1383 511 1418 μέγαν.
531 1384 585 1410 Kal.
601 1383 675 1410 εἶπεν
698 1384 787 1415 αὐτοῖς
798 1385 812 1410 6
828 1383 940 1417 ἄγγελος
952 1392 959 1399 °

186 1425 230 1460 Μὴ
248 1425 388 1460 φοϐεῖσθε·
415 1428 468 1454 ίδοὺ
490 1428 543 1464 γὰρ
559 1428 767 1463 εὐαγγελίζομαι
790 1429 853 1463 ὑμῖν
875 1428 961 1464 χαρὰν

180 1472 311 1508 μεγάλην,
327 1473 387 1508 ἥτις
401 1473 475 1500 ἔσται
494 1475 574 1501 παντὶ
585 1475 624 1510 τῷ
639 1474 708 1509 λαῷ·
729 1475 769 1501 ὅτι
790 1475 885 1510 ἐτέχθη
899 1476 961 1510 ὑμῖν

181 1519 300 1555 σήμερον
320 1520 432 1555 Σωτὴρ,
447 1521 476 1552 ὅς
498 1522 553 1548 ἐστι
578 1522 694 1557 Χριστὸς
714 1521 825 1556 Κύριος,
845 1522 871 1547 ἐν
888 1521 961 1548 πόλει

1009 286 1025 306 a
1040 279 1137 307 diebus
1159 280 1270 315 quidem
1295 278 1387 307 saeculi
1411 278 1503 306 exitus
1528 285 1594 305 nm
1614 277 1678 305 fecit
1693 276 1787 305 David.

1011 324 1141 359 Superest
1154 325 1236 360 igitur
1251 328 1281 351 ut
1295 325 1322 351 iu
1337 332 1381 355 eo,
1396 323 1442 359 qui
1458 323 1572 358 posthac
1588 322 1621 350 de
1633 322 1787 350 Bethlehem

1008 369 1200 403 proﬁciscitur,
1227 377 1256 396 re
1277 377 1340 396 vera
1365 368 1543 398 Emmanuel.
1572 368 1672 402 quippe
1697 368 1787 393 omnia

1009 423 1069 450 qua:
1082 421 1172 442 creata
1188 420 1252 442 sunt
1265 415 1410 446 antecedit,
1425 419 1451 442 et
1464 414 1535 441 Deus
1549 413 1679 445 Verbum,
1695 418 1722 440 et
1737 421 1788 440 no-

1010 461 1114 489 biscum
1129 461 1199 488 Deus
1212 462 1374 496 appellatur.
1392 468 1451 495 quae
1467 461 1510 487 hic
1525 461 1627 494 scripta
1640 464 1703 487 sunt
1714 467 1784 485 com-

1010 509 1133 543 pleantur
1150 517 1157 535 :
1173 509 1300 542 quoniam
1313 508 1369 542 ipse
1385 515 1491 542 quoque
1507 507 1580 533 illitis
1592 507 1618 533 in
1633 506 1786 533 Bethlebem

1009 560 1095 583 ortus.
1110 554 1267 589 planissime
1286 554 1331 580 Dei
1350 553 1495 580 adventum
1514 552 1687 587 signiﬁcavit.
1706 561 1738 580 ex
1755 552 1789 579 iis

1010 599 1214 627 admirabilibus
1235 600 1326 628 rebus.
1339 607 1399 633 qua:
1419 599 1489 633 apud
1517 598 1601 633 ipsam
1620 598 1693 625 illam
1709 598 1789 625 Beth-

1010 646 1095 673 lehem
1112 652 1270 674 evenerunt.
1289 647 1428 681 Siquidem
1446 646 1533 674 Lucas
1550 647 1577 673 in
1588 647 1660 673 hunc
1676 646 1788 673 modum

1009 701 1141 720 enarrans
1152 693 1284 720 describit
1299 702 1306 720 :
1330 702 1339 718 ι
1359 692 1472 719 Factum
1494 697 1535 719 est
1551 698 1638 720 autem
1654 693 1681 719 in
1693 692 1788 719 diebus

1010 738 1073 765 illis.
1089 737 1160 764 Exiit
1172 738 1290 765 edictum
1303 746 1318 764 a
1336 738 1442 765 Czcsare
1457 738 1589 772 Augusto,
1609 742 1637 764 ut
1652 737 1789 764 describe-

1010 787 1085 810 retur
1099 784 1244 811 universus
1259 784 1333 810 orbis
1355 793 1361 810 :
1381 784 1436 810 haec
1456 783 1603 817 descriptio
1616 783 1702 817 prima
1720 782 1789 809 facta

1010 832 1052 854 est
1067 828 1180 862 praeside
1198 827 1282 862 Syria:
1296 827 1422 863 Cyrenio.
1434 827 1465 854 Et
1487 828 1563 854 ibant
1583 835 1678 854 omnes
1691 831 1720 853 ut
1730 824 1791 861 pro—

1011 875 1152 901 Iiterentur
1166 874 1265 908 singuli
1282 874 1308 900 in
1324 882 1401 900 suam
1417 874 1566 900 civitatem.
1592 873 1725 900 Ascendit
1740 880 1789 899 au-

1012 924 1064 947 tem
1081 924 1107 947 et
1123 919 1222 954 Ioseph
1239 928 1253 946 a
1269 919 1377 946 Galilma
1404 919 1437 946 de
1463 919 1572 945 civitate
1593 918 1737 949 Nazareth,
1763 918 1790 945 in

1010 964 1139 997 Iudaeam,
1165 965 1192 991 in
1214 964 1352 991 civitatein
1369 964 1464 995 David,
1481 972 1540 998 quae
1556 967 1670 991 vocatur
1683 963 1790 990 Bethlc«
1804 967 1807 970 ‘

1011 1010 1082 1042 hem,
1100 1018 1132 1037 eu
1146 1009 1217 1044 quod
1232 1013 1305 1037 esset
1326 1009 1359 1036 de
1378 1009 1459 1035 domo
1481 1012 1508 1035 et
1531 1008 1632 1035 familia
1654 1008 1748 1037 David.
1761 1011 1791 1034 ut

1011 1056 1181 1090 proﬁteretur
1191 1062 1252 1081 cum
1270 1054 1353 1080 Maria
1367 1054 1532 1089 desponsata
1547 1054 1597 1081 sibi
1614 1053 1694 1089 342
1707 1061 1790 1080 uxore

1011 1105 1175 1136 praegnante.
1193 1099 1305 1127 Factum
1318 1104 1359 1127 est
1377 1104 1476 1131 autem,
1490 1107 1550 1126 cum
1570 1104 1662 1126 essent
1676 1099 1722 1130 ibi,
1740 1100 1790 1126 im-

1011 1147 1074 1182 pleti
1098 1151 1161 1173 sunt
1181 1145 1239 1173 dies
1255 1150 1284 1172 ut
1310 1150 1429 1180 pareret,
1445 1150 1469 1172 el
1490 1145 1592 1180 peperit
1610 1145 1693 1171 tilium
1711 1153 1789 1172 suum

1011 1193 1231 1228 primogenitum,
1242 1195 1269 1218 et
1283 1192 1381 1226 pannis
1395 1199 1456 1218 eum
1471 1191 1594 1221 involvit.
1606 1195 1634 1218 et
1649 1191 1792 1217 reclinavit

1010 1246 1071 1265 eum
1088 1238 1114 1265 in
1135 1238 1276 1272 praesepio.
1293 1238 1357 1272 quia
1369 1245 1422 1264 non
1435 1240 1493 1263 erat
1509 1236 1549 1263 eis
1569 1236 1646 1263 locus
1663 1236 1690 1262 in
1702 1236 1791 1262 diver—

1011 1285 1094 1313 sorio.
1115 1284 1146 1310 Et
1163 1289 1286 1319 pastores
1300 1288 1377 1311 erant
1394 1283 1421 1310 in
1437 1284 1547 1317 regione
1567 1283 1660 1309 eadem
1676 1282 1791 1317 vigilan-

1010 1335 1062 1363 tes.
1077 1335 1103 1357 et.
1120 1331 1307 1358 custodientes
1333 1330 1439 1364 vigilias
1463 1330 1551 1356 noctis
1576 1337 1659 1363 super
1683 1336 1790 1363 gregem

1011 1385 1089 1405 suum
1104 1387 1110 1404 :
1126 1381 1152 1404 et
1164 1377 1277 1411 angelus
1293 1376 1398 1403 Domini
1415 1376 1490 1403 stetit
1503 1383 1584 1410 super
1596 1383 1652 1407 eos.
1665 1379 1692 1402 et
1707 1375 1792 1410 gloria

1013 1424 1058 1451 Dei
1074 1423 1254 1450 circumfulsit
1271 1423 1341 1453 illos,
1354 1426 1381 1449 et
1403 1423 1551 1449 timuerunt
1571 1422 1668 1449 timore
1683 1428 1790 1456 magno.

1012 1469 1045 1496 Et
1060 1470 1128 1496 dixit
1152 1469 1207 1497 illis
1233 1469 1346 1503 angelus
1373 1467 1484 1494 :Nolite
1508 1468 1613 1497 timere.
1632 1473 1696 1493 ecce
1720 1465 1791 1492 enim

1011 1515 1167 1549 evangelilo
1182 1514 1259 1541 vobis
1271 1513 1398 1548 gaudium
1415 1519 1554 1546 magnum,
1566 1511 1637 1545 quod
1653 1511 1705 1536 erit
1718 1510 1792 1536 omni

179 1564 270 1594 Δαὸίδ.
287 1566 342 1592 Kal.
360 1566 437 1593 τοῦτο
451 1567 514 1602 ὑμῖν
529 1567 559 1594 τὸ
573 1555 683 1602 σημεῖον
693 1576 699 1582 ·
715 1555 844 1603 εὑρήσετε
863 1567 961 1603 βρέφος

1013 1561 1122 1596 populo,
1148 1560 1276 1595 quoniam
1301 1563 1381 1586 natus
1406 1562 1448 1584 est.
1464 1558 1540 1584 vobis
1563 1557 1642 1583 hodie
1658 1555 1792 1586 Salvator,

179 1611 423 1647 ὶσπαρνγανωμένον
435 1613 463 1639 ὲν
476 1613 571 1649 φάτνῃ.
586 1614 640 1640 Καὶ
653 1613 780 1648 ἐξαίφνης
792 1613 898 1647 ἐγένετο
912 1613 959 1639 σὺν

178 1655 217 1690 τῷ
230 1656 338 1692 ἀγγέλῳ
357 1657 458 1693 πλῆθος
471 1660 599 1694 στρατιᾶς
617 1659 743 1695 οὐρανίου
759 1659 903 1685 αἰνούντων
915 1659 960 1685 τὸν

178 1700 254 1733 Θεὸν,
270 1702 316 1729 καὶ
333 1702 476 1736 λεγόντων·
494 1703 562 1737 Δόξα
576 1704 605 1730 ὲν
621 1704 742 1738 ὑψίστοις
765 1703 833 1737 Θεῷ,
850 1703 897 1730 καὶ
915 1703 961 1730 ἐπὶ

179 1747 229 1782 γῆς
246 1748 350 1783 εἰρήνη,
368 1749 396 1775 ἐν
410 1749 562 1784 ἀνθρώποις
581 1750 697 1776 εὐδοκία.
718 1750 773 1776 Καὶ
793 1750 910 1783 ἐγένετο,
924 1749 961 1781 ὡς

179 1793 298 1829 ἀπῆλθον
320 1795 367 1821 ἀπ’
387 1796 476 1822 αὐτῶν
497 1797 536 1828 είς
555 1796 600 1823 τὸν
619 1796 732 1832 οὐρανὸν
752 1797 777 1823 oi.
795 1796 920 1830 ἄγγελοι,
937 1796 961 1821 οἰ

180 1840 307 1875 ποιμένες
331 1839 407 1868 εἷπον
429 1842 496 1878 πρὸς
523 1843 670 1878 ἀλλήλους·
685 1843 835 1877 Διέλθωμεν
862 1842 894 1877 δὴ
910 1842 962 1872 ἕως

181 1886 312 1921 Βηθλεὲμ,
332 1888 379 1914 καὶ
397 1888 494 1923 ἴδωμεν
509 1888 538 1914 τδ
553 1888 629 1924 ῥῆμα
644 1888 722 1914 τοῦτο
735 1888 765 1914 τὸ
780 1888 933 1922 γενόμενον,
947 1887 962 1913 ὃ

179 1930 194 1956 ὁ
210 1931 310 1968 Κύριος
321 1933 466 1968 ἐγνώρισεν
480 1934 554 1969 ἡμῖν.
569 1934 622 1960 Καὶ
633 1932 713 1969 ἦλθον
728 1934 903 1965 σπεύσαντες,
915 1934 962 1960 καὶ

179 1974 259 2013 εὖρον
275 1978 323 2014 τὴν
350 1979 466 2015 Μαριὰμ.
488 1980 532 2006 καὶ
551 1980 596 2006 τὸν
621 1980 735 2014 Ἰωσὴφ,
754 1980 839 2006 καὶτὸ
865 1979 962 2015 βρὲςος

180 2022 306 2057 κείμενον
326 2024 355 2050 ἑν
373 2025 406 2058 τῇ
427 2025 523 2060 φάτνῃ.
546 2024 655 2055 ’ἰδόντες
677 2024 706 2051 δὲ
731 2023 878 2059 ἐγνώρισαν
899 2024 962 2058 περὶ

179 2067 227 2095 τοῦ
244 2069 366 2105 ῥήματος
379 2069 425 2096 τοῦ
439 2069 597 2105 λαληθέντος
610 2071 700 2101 αὐτοῖς
716 2070 779 2105 περὶ
795 2069 841 2096 τοῦ
858 2069 961 2095 παιδίου

181 2112 291 2140 τούτου·
319 2114 367 2141 καὶ
391 2115 488 2146 πάντες
500 2115 524 2141 οἱ
547 2114 710 2146 ἀκούσαντες
727 2114 883 2149 ἐθαύμασαν
900 2114 963 2148 περὶ

181 2160 235 2186 τῶν
248 2159 416 2196 λαληθέντων
435 2161 486 2187 ὑπὸ
507 2161 560 2187 τῶν
577 2161 710 2196 ποιμένων
732 2160 799 2197 πρὸς
825 2159 932 2190 αὐτούς.
952 2169 960 2184 ι

182 2205 275 2233 Ταῦτα
296 2207 344 2241 μὲν
369 2208 383 2233 6
405 2207 520 2238 Λουκᾶς.
547 2207 601 2233 Kal.
617 2208 630 2233 6
649 2206 786 2238 Ματϐαἰος
802 2206 830 2233 δὲ
851 2206 885 2233 τὰ
900 2206 963 2242 περὶ

1013 1608 1058 1642 qui
1074 1611 1116 1634 est
1131 1607 1257 1634 Christus
1270 1606 1399 1643 Dominus
1411 1607 1436 1632 in
1452 1605 1561 1632 civitate
1577 1603 1659 1630 David
1678 1612 1684 1629 :
1701 1608 1727 1630 et
1743 1603 1794 1630 hoc

1012 1653 1090 1680 vobis
1107 1653 1223 1687 signum.
1242 1652 1385 1679 Invenietis
1409 1650 1539 1677 infantem
1569 1648 1666 1684 pannis
1688 1648 1793 1674 involu-

1014 1703 1080 1728 tum,
1101 1702 1127 1725 et
1145 1698 1260 1732 posnum
1287 1697 1313 1723 in
1336 1696 1476 1730 prmsepio.
1502 1694 1534 1720 Et
1554 1694 1643 1720 subito
1666 1693 1735 1719 facta
1752 1697 1794 1718 est

1014 1752 1074 1771 cum
1090 1745 1185 1778 angelo
1200 1742 1346 1769 multitudo
1364 1742 1467 1768 militim
1490 1741 1608 1768 cmlcstis
1625 1739 1792 1766 laudantium

1016 1790 1098 1816 Deum
1123 1793 1150 1816 et
1172 1789 1319 1815 dicentium
1347 1797 1352 1814 ε
1370 1786 1462 1814 Gloria
1484 1788 1510 1813 in
1527 1785 1669 1813 altissimis
1686 1785 1750 1815 Deo.
1767 1788 1794 1811 et

1015 1835 1040 1862 in
1054 1841 1123 1862 terra
1139 1843 1200 1869 pax.
1212 1835 1238 1861 in
1249 1834 1403 1861 hominibus
1414 1834 1482 1859 bona
1496 1833 1632 1859 voluntas.
1647 1831 1680 1857 Et
1694 1830 1793 1857 factum

1014 1886 1065 1911 est.
1084 1885 1113 1908 ut
1129 1881 1314 1907 discesserunt
1330 1880 1364 1906 ab
1384 1880 1418 1906 iis
1430 1879 1456 1905 in
1470 1878 1569 1905 cmlum
1583 1877 1683 1912 angeli.
1699 1881 1794 1911 pasto-

1014 1935 1057 1954 res
1069 1926 1196 1953 dixerunt
1206 1926 1238 1953 ad
1250 1934 1279 1953 se
1293 1926 1417 1956 invicem,
1433 1929 1604 1952 transeamus
1620 1931 1705 1958 usque
1716 1922 1796 1949 Beth-

1014 1972 1113 2004 lehem,
1135 1975 1163 1998 et
1177 1971 1317 1998 videamus
1332 1971 1385 1997 hoc
1398 1970 1509 1997 verbum
1525 1969 1597 2003 quod
1626 1969 1726 1995 factum
1741 1971 1793 1998 est.

1015 2017 1087 2053 quod
1105 2017 1235 2044 Dominus
1254 2017 1375 2044 ostendit
1401 2017 1480 2043 nobis
1498 2025 1504 2043 :
1523 2019 1549 2042 et
1570 2018 1701 2042 venerunt
1724 2013 1798 2040 festi-

1015 2068 1121 2096 nantes,
1136 2068 1163 2091 et
1180 2064 1342 2090 invenerunt
1358 2063 1467 2089 Mariam
1483 2066 1510 2089 cl
1526 2061 1636 2096 Joseph.
1660 2066 1686 2088 et
1707 2059 1796 2086 infan-

1016 2114 1068 2137 tem
1085 2110 1200 2145 posilum
1220 2110 1246 2137 in
1262 2110 1403 2144 prtesepio.
1428 2108 1556 2136 Videntes
1578 2111 1666 2134 autem
1695 2113 1797 2142 cogno-

1016 2159 1113 2183 verunt
1130 2156 1164 2182 de
1181 2156 1272 2186 verbo,
1296 2155 1369 2190 quod
1396 2155 1498 2181 dictum
1515 2158 1573 2181 erat
1594 2153 1646 2180 illis
1663 2153 1696 2179 de
1713 2159 1797 2187 puelo

1017 2203 1067 2229 hoc
1085 2213 1092 2229 :
1110 2206 1137 2229 et
1150 2210 1244 2229 omnes
1255 2202 1300 2236 qui
1310 2202 1454 2228 audierunt
1467 2201 1554 2227 mirati
1566 2204 1630 2227 Slllll.
1645 2199 1677 2226 de
1693 2199 1726 2226 iis
1737 2206 1796 2233 qua:

180 2253 231 2288 τὴν
246 2253 351 2287 γένεσιν
364 2252 409 2280 τοῦ
421 2253 545 2288 Σωτῆρος
560 2253 636 2288 ἡμῶν
658 2253 778 2288 ἱστορῶν,
792 2253 884 2279 τοῦτον
898 2252 963 2287 γρά-

1016 2248 1088 2275 dicta
1104 2252 1183 2275 erant
1197 2256 1211 2275 a
1226 2248 1381 2283 pastoribus
1401 2247 1433 2274 ad
1451 2246 1525 2281 ipsos
1536 2246 1570 2273 “.
1586 2257 1595 2272 ι
1613 2245 1673 2272 Ιιτερ
1687 2244 1795 2279 quidem

181 2308 228 2334 φει
243 2299 288 2326 τὸν
299 2300 408 2335 τρόπον·
427 2309 436 2324 ι
454 2299 506 2325 Τοῦ
522 2299 549 2325 δὲ
571 2298 656 2334 Ἰησοῦ
670 2299 841 2333 γεννηθέντος
857 2299 885 2324 ὲν
896 2297 965 2333 Βηθ-

182 2346 249 2381 λεὲμ
260 2346 310 2381 τῆς
328 2346 454 2377 Ἰουδαίας
466 2347 493 2372 ἐν
503 2345 618 2381 ἡμέραις
633 2345 752 2378 Ἡρώδου
762 2345 809 2371 τοῦ
823 2345 962 2380 βασιλέως,

182 2393 238 2420 ἰδοὺ
251 2393 341 2426 Μάγοι
356 2392 534 2428 παρεγένοντο
547 2391 599 2418 ἀπὶ
622 2391 757 2418 ἀνατολῶν
773 2392 812 2422 είς
830 2392 962 2426 Ἰερουσα-

181 2438 254 2474 λὴμ,
273 2437 409 2471 λέγοντες·
427 2438 481 2464 Ποῦ
504 2439 575 2463 ἐστιν
598 2438 612 2463 6
633 2437 738 2472 τεχθεὶς
762 2437 887 2472 βασιλεὺς
911 2437 965 2463 τῶν

187 2484 332 2512 Ἰουδαίων·
352 2485 456 2519 εἴδομεν
467 2484 521 2520 γὰρ
535 2483 616 2510 αὑτοῦ
633 2483 677 2510 τὸν
703 2483 804 2518 ἀστέρα
819 2483 847 2508 ἐν
857 2484 889 2518 τῇ
903 2484 967 2509 ἀνα-

180 2531 257 2567 τολῇ.
280 2531 328 2558 καὶ
341 2531 457 2566 ἤλθομεν
471 2531 655 2566 προσκυνῆσαι
673 2529 756 2564 αὐτῷ.
782 2529 911 2561 Ἀκούσας
939 2529 966 2556 δὲ

181 2576 196 2602 ὁ
210 2575 337 2610 βασιλεὺς
357 2574 478 2610 Ἡρώδης
496 2575 642 2610 ἐταράχθη.
661 2575 708 2601 καὶ
728 2575 834 2609 πᾶσαὴ
854 2574 967 2610 Ἰεροσόσ

181 2622 254 2656 λυμα
267 2622 326 2657 μετ’
336 2621 430 2648 αὑτοῦ.
441 2622 495 2648 Kal.
511 2620 668 2654 συναγαγὼν
682 2621 786 2652 πάντας
799 2621 861 2652 τοὺς
877 2621 968 2656 ἀρχιε-

183 2670 238 2704 ρεῖς
256 2668 303 2695 καὶ
319 2669 491 2704 γραμματεῖς
504 2667 551 2694 τοῦ
564 2666 639 2699 λαοῦ,
656 2666 820 2693 ἐπυνθάνετο
839 2668 902 2702 παρ’
921 2667 968 2693 αὑ-

181 2714 246 2747 τῶν,
328 2715 342 2741 6
359 2714 472 2749 Χριστος
488 2714 625 2748 γεννᾶται.
639 2713 670 2739 Ol.
684 2712 711 2739 δε
726 2710 803 2739 εἷπον
816 2712 889 2747 αὑτῷ
899 2721 905 2727 ·
925 2713 967 2739 Ἐν

184 2760 306 2796 Βηθλεὲμ
317 2760 368 2794 τῆς
384 2760 521 2791 Ἰουδαίας.
533 2760 610 2786 υῦτω
629 2759 682 2795 γὰρ
697 2759 850 2794 γέγραπται
862 2759 905 2785 διὰ
921 2758 967 2785 τοῦ

184 2806 334 2841 προφήτου·
352 2805 406 2831 Καὶ
418 2805 460 2835 σὺ,
478 2804 609 2839 Βηθλεὲμ,
625 2802 698 2834 οἶκος
714 2803 760 2830 τοῦ
778 2803 909 2839 Ἐρραθὰ,
925 2804 969 2829 οὺ-

184 2850 275 2886 Βαμῶς
292 2851 422 2886 ἐλαχίστη
436 2847 460 2876 εἷ
477 2851 505 2876 εν
518 2852 573 2882 τοῖς
592 2850 721 2886 ἡγεμόσιν
742 2850 833 2876 Ἰούδα.
854 2850 899 2877 Ἐκ
921 2850 966 2875 σοῦ

218 2896 240 2912 "
259 2895 326 2924 Luc.
341 2903 372 2928 ιι,
390 2895 461 2922 1-18.

1017 2294 1114 2321 Lucas.
1129 2294 1270 2321 Matthmus
1285 2298 1374 2320 autem
1387 2293 1433 2320 ubi
1451 2301 1482 2320 ea
1496 2301 1556 2328 qua:
1572 2293 1604 2319 ad
1619 2295 1707 2319 ortum
1734 2290 1795 2317 Sal-

1015 2340 1117 2367 vatoris
1139 2341 1224 2367 nostri
1247 2340 1368 2374 exponit,
1388 2339 1484 2366 scribit
1508 2339 1535 2365 in
1560 2338 1632 2364 hunc
1652 2335 1760 2363 modum
1788 2344 1795 2361 :

1018 2395 1027 2411 ‹
1045 2386 1112 2413 Cum
1123 2390 1212 2412 autem
1225 2391 1304 2412 natus
1315 2390 1386 2412 esset
1396 2384 1475 2412 Jcsus
1489 2385 1514 2410 in
1531 2383 1684 2410 Bethlehem
1698 2381 1797 2408 ludam

1016 2433 1042 2458 in
1058 2431 1154 2458 diebus
1171 2431 1284 2458 Herodis
1306 2432 1387 2465 regis,
1405 2438 1469 2457 ecce
1490 2429 1558 2464 Magi
1575 2429 1608 2455 ab
1627 2428 1731 2455 oriente
1748 2433 1794 2452 ve-

1016 2481 1114 2505 nerunt
1131 2477 1158 2503 in
1173 2476 1336 2508 Jerusalem,
1354 2475 1476 2502 dicentes
1497 2484 1503 2501 :
1531 2474 1580 2501 Ubi
1597 2477 1638 2500 est
1653 2472 1698 2507 qui
1717 2476 1797 2499 natus

1015 2531 1057 2554 est
1069 2534 1114 2553 rex
1129 2525 1304 2553 Iudaeorum?
1329 2524 1448 2551 vidimus
1463 2523 1534 2550 enim
1562 2522 1666 2549 stellam
1684 2521 1745 2554 ejus
1768 2519 1795 2546 in

1017 2573 1132 2603 oriente,
1147 2576 1174 2598 et
1190 2572 1313 2599 venimus
1331 2575 1360 2598 ut
1377 2571 1520 2597 adoremus
1532 2576 1602 2595 eum.
1613 2567 1733 2594 Audiens
1749 2574 1796 2593 au-

1018 2623 1070 2646 tem
1080 2618 1200 2645 Herodes
1214 2625 1261 2644 rex
1271 2618 1396 2645 turbatus
1408 2620 1459 2649 est,
1476 2620 1503 2642 et
1513 2615 1602 2642 omnis
1611 2613 1797 2647 Hierosolyma

1017 2671 1079 2690 cum
1094 2664 1140 2690 illo
1157 2673 1163 2690 :
1181 2667 1208 2691 et
1224 2670 1392 2698 congregans
1411 2669 1506 2688 otnncs
1519 2659 1656 2695 principes
1671 2658 1797 2685 sacerdo-

1018 2713 1073 2735 tum
1098 2713 1125 2735 et
1151 2709 1257 2735 scribas
1286 2708 1388 2743 populi,
1410 2706 1604 2734 sciscitabatur
1630 2705 1665 2731 ab
1687 2705 1728 2731 eis
1753 2703 1798 2730 ubi

1017 2756 1142 2783 Christus
1156 2762 1324 2782 nasceretur.
1346 2755 1379 2781 At
1401 2755 1439 2781 illi
1457 2754 1583 2780 dixerunt
1597 2752 1632 2782 ci,
1648 2751 1675 2777 in
1692 2749 1799 2777 Bethle-

1017 2802 1078 2828 hem
1105 2800 1213 2828 Judm.
1234 2800 1279 2827 Sic
1302 2800 1373 2827 enim
1401 2800 1532 2834 scriptum
1550 2802 1591 2826 est
1612 2805 1659 2832 per
1682 2798 1800 2831 prophe-

1018 2854 1071 2878 tam
1088 2849 1138 2877 :Et
1146 2853 1186 2881 tu,
1202 2847 1357 2876 Bethlchem
1370 2846 1466 2873 domus
1479 2845 1799 2880 Ephratha,nequaquam
