2089 3218
317 198 371 228 53)

657 194 789 223 EUSEBll
808 193 1044 222 C/ESARIENSIS
1062 191 1137 220 OPP.
1158 191 1247 221 PARS
1265 192 1298 221 Il.
1311 209 1346 216 —
1363 191 1610 223 APOLOGETICA.

1872 199 1930 227 5w

319 255 433 283 minima
449 261 479 282 es
493 253 522 280 in
545 251 714 288 principibus
727 251 808 279 Juda.
825 250 866 278 Ex
879 255 906 279 te
923 252 996 279 enim
1010 250 1097 278 exibit

1149 249 1200 286 γὰρ
1213 250 1389 283 ἐξελεύσεται·
1403 251 1561 287 ἡγούμενος,
1577 252 1650 284 ὅστις
1666 254 1792 288 ποιμανεῖ
1802 253 1849 281 τδν
1860 254 1926 282 λαόν

320 301 386 333 dux,
403 300 449 335 qui
466 303 558 332 pascet
572 298 701 334 populum
719 305 809 326 meum
830 297 923 326 Israel.
948 297 1025 325 Tunc
1040 296 1093 324 He—

321 346 402 373 rodes
415 345 486 372 clam
502 344 607 371 vocatis
623 342 718 378 Magis,
733 343 876 379 diligenter
889 343 984 371 didicit
1002 343 1037 370 ab
1055 343 1096 370 eis

321 397 427 426 tempus
448 391 534 418 stella:
546 397 605 424 quae
620 389 745 424 apparuit
764 390 814 421 eis,
829 393 857 416 et
878 390 987 416 mittens
1006 396 1052 415 eos
1068 388 1096 415 in

322 437 487 468 Bethlehem,
504 434 583 470 353
601 435 667 461 dixit
683 443 689 461 :
704 434 742 461 lte
755 440 782 461 et
796 435 960 468 interrogate
983 434 1096 468 diligen-

321 490 363 513 ter
379 484 414 511 de
437 490 533 519 puero,
555 487 655 508 etcum
672 481 839 514 inveneritis,
855 481 1007 507 renuntiate
1019 481 1096 512 mihi,

320 534 353 558 ut
366 534 394 557 et
406 537 456 564 ego
467 528 579 556 veniens
595 527 703 554 adorem
717 534 789 553 eum.
802 525 853 558 Qui
868 533 929 552 cum
948 527 1099 553 audiissent

323 584 422 612 regem,
447 575 581 605 abierunt,
605 578 632 601 et
647 581 711 600 ecce
733 573 820 604 stella,
836 580 916 607 quam
933 573 1055 599 viderant
1071 573 1098 599 in

323 622 438 653 oriente,
449 620 627 648 antecedebat
642 627 700 650 eos,
716 619 802 646 donec
819 619 930 646 veniens
947 623 1031 646 staret
1053 627 1100 645 su-

324 675 370 701 pra
387 666 430 693 ubi
445 670 503 693 erat
527 673 603 701 puer.
624 665 752 692 Videntes
775 668 864 691 autem
888 664 993 691 stellam
1014 664 1099 699 gavisi

260 712 262 715 ⁷
303 733 306 736 .
323 718 388 740 sunt
400 712 499 747 gaudio
513 719 612 746 magno
627 711 716 742 valde,
733 715 759 738 et
783 711 917 738 intrantes
932 711 1041 738 domum
1059 710 1100 737 vi-

323 758 421 785 derunt
435 765 547 792 puerum
564 764 625 783 cum
640 756 723 783 Maria
736 760 821 783 matre
831 757 901 790 ejus,
919 760 945 783 et
961 755 1101 791 prociden-

323 806 365 829 tes
379 802 561 829 adoraverunt
573 809 645 832 eum,
659 805 686 828 et
701 802 802 836 apertis
820 801 956 829 thesauris
972 801 1039 833 suis,
1052 801 1101 828 ob-

323 848 445 876 tulerunt
461 848 487 875 ei
499 855 621 878 munera,
639 855 734 874 aurum
750 852 777 875 et
788 848 850 875 thus
865 852 890 875 et
907 848 1061 883 myrrham;
1074 851 1101 874 et

324 901 457 928 responso
476 897 588 928 accepto
604 893 630 919 in
647 894 750 920 somnis
767 901 800 920 ne
822 894 941 920 redirent
966 894 998 920 ad
1018 893 1101 920 Hero-

323 940 397 971 dem,
433 947 481 974 per
503 940 583 966 aliam
607 940 676 966 viam
703 939 803 966 reversi
821 944 884 967 sunt
912 940 938 966 in
962 941 1100 975 regionem

279 989 288 997 ‘
324 993 403 1014 suam
415 987 449 1012 ⁷⁸.
471 995 480 1011 ι
498 985 560 1012 llzec
572 990 661 1013 autem
675 986 800 1013 universa
813 987 936 1020 exposui,
951 990 980 1012 ut
991 987 1102 1013 demon-

323 1037 438 1058 strarent
456 1038 488 1058 ea
502 1038 562 1065 qua
575 1031 602 1057 in
616 1035 678 1057 ortu
693 1030 842 1057 Salvator-is
857 1031 941 1057 nostri
958 1031 983 1057 in
997 1031 1102 1058 Bethle-

325 1077 385 1104 hem
402 1082 477 1112 gesta
494 1081 567 1108 sunt,
582 1076 734 1103 certissima
751 1076 870 1111 praebere
885 1081 1054 1111 argumenta,
1067 1076 1101 1102 il-

324 1123 380 1150 lum
395 1131 455 1150 esse
470 1123 504 1150 de
518 1130 573 1158 quo
599 1123 719 1157 loquitur
744 1122 893 1157 prophetia.
920 1123 1007 1158 Atque
1024 1123 1102 1150 hodie

324 1177 443 1204 quoque,
461 1169 506 1203 qui
524 1169 612 1195 locum
629 1169 703 1196 illum
720 1169 852 1200 incolunt,
874 1174 1000 1203 tanquam
1026 1177 1040 1195 a
1058 1177 1103 1203 pa-

324 1215 412 1241 tribus
435 1215 556 1248 ipsorum
575 1219 685 1248 accepta
702 1215 843 1244 memoria.
869 1215 912 1245 iis,
930 1215 976 1249 qui
998 1215 1101 1241 visendi

325 1261 378 1287 loci
400 1260 486 1295 gratia
511 1260 667 1287 Bethlehem
684 1265 774 1295 petere
798 1266 1008 1291 consueverunt.
1025 1262 1101 1288 testi-

325 1306 445 1332 monium
471 1313 550 1332 suum
574 1306 700 1337 all'erunt,
726 1307 831 1333 veritati
857 1306 933 1333 ﬁdem
961 1306 1100 1338 facientes,

325 1359 474 1386 agrumque
497 1351 725 1381 demonstrantes,
744 1353 789 1379 ubi
813 1352 895 1386 Virgo
916 1354 994 1379 enixa
1011 1353 1101 1380 infan—

325 1401 379 1424 tem
398 1397 523 1431 deposuit
541 1407 547 1424 :
564 1405 616 1432 qua
642 1397 674 1424 de
698 1405 728 1426 re
746 1399 802 1433 ipsa
818 1398 957 1434 prophetia
985 1399 1023 1425 sic
1040 1400 1077 1426 ait
1093 1411 1100 1426 :

327 1453 338 1469 ι
357 1441 461 1470 Idcirco
483 1443 561 1470 dabis
591 1451 637 1471 eos
664 1452 749 1479 usque
767 1445 798 1470 ad
817 1448 922 1479 tempus
939 1447 1069 1479 parientis
1094 1456 1100 1473 :

326 1488 424 1522 pariet,
445 1493 471 1515 et
489 1488 584 1522 reliqui
604 1488 716 1516 fratrum
735 1490 855 1523 ipsorum
869 1494 1068 1517 convertentur.
1090 1501 1099 1516 ι

325 1533 514 1561 Consentanee
529 1539 618 1562 autem
645 1535 688 1562 hic
716 1544 823 1570 quoque
840 1537 988 1571 parientem
1004 1537 1102 1564 intelli-

1148 305 1198 332 μου
1210 297 1256 324 τὸν
1274 296 1390 332 Ἰσραήλ.
1402 297 1469 323 Τότε
1485 297 1615 333 Ἡρώδης,
1631 297 1716 335 λάθρα
1732 299 1849 332 καλέσας
1861 302 1926 333 τοὺς

1149 343 1262 378 μάγους,
1272 342 1412 378 ἡκρίϐωσε
1431 344 1495 379 παρ’
1508 343 1596 370 αὐτῶν
1609 343 1655 371 τόν
1666 345 1759 380 χρόνον
1772 345 1818 372 τοῦ
1834 354 1926 381 φαινο-

1150 390 1228 424 μένου
1239 390 1352 425 ἀστέρος
1360 398 1368 405 ·
1381 390 1427 416 καὶ
1437 389 1546 424 πέμψας
1555 390 1652 422 αὐτοὺς
1664 392 1703 422 είς
1711 390 1840 427 Βηθλεὲμ,
1853 390 1923 419 εἷπε·

1148 436 1327 472 Πορευθέντες
1345 435 1488 469 ἐξετάσατε
1507 436 1626 472 ἀκριϐῶς
1656 438 1718 472 περὶ
1735 437 1781 464 τοῦ
1807 438 1924 468 παιδίου.

1155 482 1237 509 Ἐπάν
1248 482 1276 508 δὲ
1294 482 1402 517 εὕρητε,
1415 482 1589 517 ἀναγγείλατέ
1605 492 1658 518 μοι,
1670 483 1743 515 ὅπως
1756 484 1832 518 κάγὼ
1841 484 1926 511 ὲλθὼν

1149 529 1327 564 προσκυνήσω
1348 529 1430 564 αὐτῷ.
1455 530 1485 555 Οί
1500 529 1528 556 δὲ
1549 529 1710 562 ἀκούσαντες
1731 530 1778 556 τοῦ
1799 530 1927 565 βασιλέως

1149 575 1344 610 ἐπορεύθησαν.
1358 575 1413 601 Καὶ
1427 575 1480 601 ίδοὺ
1498 576 1512 601 ὁ
1537 576 1633 611 ἀστὴρ,
1646 575 1674 601 ὃν
1689 574 1756 602 εἶδον
1770 577 1798 602 ἐν
1812 578 1845 612 τῇ
1864 578 1928 604 ἀνα-

1149 621 1222 656 τολῇ,
1235 621 1352 656 προῆγεν
1365 621 1470 653 αὐτοὺς,
1487 621 1539 652 ἕως
1558 621 1641 647 ἐλθὼν
1658 621 1722 656 ἔστη
1739 622 1830 648 ἐπάνω
1851 619 1882 648 οἶν
1894 620 1928 658 ἦν

1149 668 1178 694 τὺ
1199 667 1311 694 παιδίον.
1335 668 1442 702 Ἰδόντες
1454 667 1481 694 δὲ
1500 668 1546 694 τὸν
1569 668 1669 703 ἀστέρα
1683 669 1818 704 ἐχάρησαν
1842 669 1929 704 χαρὰν

1152 714 1271 749 μεγάλην
1286 714 1384 749 σφόδρα
1396 722 1403 729 ο
1418 714 1464 740 καὶ
1482 713 1601 745 ἐλθόντες
1620 715 1659 745 είς
1676 714 1725 750 τὴν
1747 715 1834 741 οἰκίαν
1861 714 1929 741 εἶδον

1149 758 1180 785 τὸ
1210 758 1314 785 παιδίον
1337 758 1405 793 μετά
1425 759 1533 794 Μαρίας
1553 760 1602 794 τῆς
1631 760 1732 795 μητρὸς
1760 759 1860 792 αὐτοῦ,
1882 760 1929 786 καὶ

1150 805 1278 836 πεσόντες
1297 805 1500 840 προσεκύνησαν
1518 806 1605 841 αὐτῷ’
1630 807 1676 832 καὶ
1697 805 1848 838 ἀνοίξαντες
1867 807 1930 838 τοὺς

1151 850 1301 885 θησαυροὺς
1317 850 1415 882 αὐτῶν,
1437 851 1623 886 προσήνεγκαν
1635 850 1708 886 αὐτῷ
1720 851 1803 886 δῶρα,
1818 851 1929 886 χρυσὸν,

1151 898 1198 924 καὶ
1217 897 1332 929 λίϐανον,
1345 897 1392 924 καὶ
1406 897 1537 933 σμύρναν.
1552 899 1606 925 Καὶ
1627 899 1854 934 χρηματισθέντες
1869 900 1929 926 κατ’

1151 943 1216 978 ὖναρ
1239 943 1275 978 μὴ
1295 943 1451 978 ἀνακάμψαι
1466 943 1534 979 πρὸς
1560 943 1690 980 Ἡρώδην,
1716 944 1750 971 δι’
1763 945 1846 980 ἄλλης
1868 945 1929 971 ὀδοῦ

1153 988 1327 1024 ἀνεχώρησαν
1342 990 1381 1021 είς
1397 990 1445 1026 τὴν
1467 989 1557 1026 χώραν
1571 990 1670 1017 αὐτῶν,
1685 1000 1694 1016 ι
1709 990 1777 1017 ὀλα
1797 990 1825 1017 δὲ
1844 991 1930 1018 ταῦτα

1152 1034 1282 1069 ἐξεθέμην
1308 1036 1346 1066 εἰς
1367 1036 1534 1070 παράστασιν
1550 1036 1603 1062 τῶν
1622 1036 1819 1073 πεπραγμένων
1836 1037 1883 1064 ἐπὶ
1896 1038 1929 1072 τῇ

1152 1080 1181 1105 ἐν
1207 1081 1328 1116 Βηθλεέμ
1356 1081 1459 1115 γενέσει
1485 1082 1530 1108 τοῦ
1559 1083 1682 1118 Σωτῆρος
1706 1083 1799 1118 ἡμῶν,
1827 1084 1930 1119 ἐναργῆ

1151 1127 1287 1161 τεκμήρια
1304 1127 1454 1162 παρέχοντα
1476 1128 1555 1154 αὐτὸν
1575 1126 1642 1155 εἶναι
1655 1128 1700 1155 τὸν
1723 1128 1774 1155 ὑπὸ
1790 1128 1840 1164 τῆς
1864 1137 1931 1165 προ-

1153 1172 1264 1206 φητείας
1277 1173 1522 1208 δηλούμενονζΚαὶ
1544 1175 1583 1206 είς
1595 1175 1674 1210 δεῦρο
1694 1175 1722 1202 δὲ
1746 1175 1770 1201 οἱ
1791 1175 1837 1201 τὸν
1849 1175 1932 1203 τόπυν

1152 1217 1295 1249 οἰκοῦντες,
1315 1218 1351 1250 ὡς
1373 1220 1404 1244 ἐκ
1425 1219 1549 1254 πατέρων
1570 1221 1609 1251 είς
1634 1221 1730 1252 αὐτοὺς
1749 1220 1932 1256 κατελθούσης

1155 1263 1336 1297 παραδόσεως,
1349 1265 1404 1295 τοῖς
1425 1264 1479 1290 τῶν
1495 1265 1584 1292 τόπων
1601 1266 1720 1302 ἱστορίας
1735 1267 1814 1301 χάριν
1828 1267 1868 1298 είς
1880 1267 1932 1303 τὴν

1154 1307 1273 1343 Βηθλεὲμ
1289 1309 1494 1344 ἀφικνουμένοις
1512 1310 1688 1346 μαρτυροῦσι,
1705 1311 1758 1338 τῶν
1779 1311 1864 1346 λόγων
1885 1321 1932 1338 πι-

1153 1353 1292 1388 στούμενοι
1309 1354 1357 1390 τὴν
1372 1355 1496 1390 ἀλήθειαν
1517 1356 1560 1382 διὰ
1578 1356 1627 1391 τῆς
1641 1356 1687 1383 τοῦ
1705 1357 1791 1393 ἄγροῦ
1809 1357 1931 1391 δείξεως,

1152 1399 1180 1424 ἐν
1194 1396 1215 1432 ᾧ
1230 1399 1345 1426 τεκοῦσα
1368 1401 1384 1436 ἡ
1408 1400 1544 1436 Παρθένος
1565 1401 1750 1429 κατατέθειται
1765 1402 1796 1428 τὸ
1814 1402 1912 1438 βρέφος
1922 1411 1929 1417 ·

1153 1445 1194 1478 ἐφ’
1207 1442 1275 1481 οἷςή
1291 1446 1440 1481 προφητεία
1452 1447 1534 1481 φησί’
1554 1456 1563 1472 ι
1579 1446 1629 1473 Διά
1641 1447 1718 1474 τοῦτο
1734 1446 1812 1473 δώσει
1833 1448 1933 1479 αὐτοὺς

1153 1490 1204 1521 ἕως
1221 1491 1316 1526 καιροῦ
1330 1492 1481 1527 τικτούσης.
1495 1492 1615 1525 Τέξεται,
1627 1494 1674 1520 καὶ
1692 1494 1716 1520 οἱ
1731 1493 1864 1520 ἐπίλοιποι
1876 1493 1933 1519 τῶν

1153 1533 1272 1567 ἀδελφῶν
1284 1535 1373 1561 αὐτῶν
1390 1536 1604 1572 ἐπιστρέφουσιν.
1616 1547 1625 1563 ι
1645 1538 1808 1570 Ἀκολούθως
1822 1538 1851 1564 δὲ
1863 1539 1932 1565 κάν-

326 1579 365 1614 git
379 1586 447 1609 eam,
463 1587 523 1613 quae
537 1580 564 1605 in
581 1581 766 1615 superioribus
780 1582 897 1608 oraculis
919 1581 1000 1616 Virgo
1015 1582 1101 1608 nomi-

1154 1580 1238 1607 ταῦθα
1254 1581 1395 1607 τίκτουσαν
1407 1582 1481 1617 δηλοί
1491 1582 1540 1618 τὴν
1558 1583 1586 1609 ἐν
1607 1584 1667 1615 ταῖς
1689 1584 1804 1619 πρόσθεν
1826 1592 1934 1619 προφη-

326 1630 388 1652 nata
408 1630 459 1657 est,
475 1629 502 1652 et
516 1626 673 1661 prophetica
691 1627 798 1662 mulier,
815 1634 874 1660 qum
891 1627 979 1661 ipsum
996 1627 1102 1653 Emma-

326 1671 390 1697 nuel
403 1676 429 1697 et
444 1672 533 1706 magni
552 1671 658 1698 consilii
677 1672 800 1706 angelum
818 1672 869 1698 erit
885 1672 1017 1707 paritura.
1035 1671 1101 1698 Nam

326 1723 413 1750 usque
427 1717 460 1743 ad
476 1717 588 1750 hujusce
605 1721 735 1750 tempora,
750 1717 862 1751 ejusque
872 1718 916 1751 qui
927 1717 960 1744 de
974 1717 1033 1751 ipsa
1045 1721 1102 1744 erat

324 1761 457 1792 oriturus,
473 1769 533 1795 quae
548 1761 581 1787 ad
597 1761 713 1796 priorem
732 1762 858 1796 populum
884 1763 1030 1796 pertinent,
1045 1767 1101 1790 stc-

326 1811 427 1839 tertmt,
443 1808 541 1842 quippe
557 1815 618 1834 cum
639 1807 678 1834 eis
697 1808 864 1842 prwscriptio
886 1809 1014 1843 temporis
1041 1809 1101 1836 data

326 1858 399 1880 esset
415 1861 500 1888 usque
517 1853 551 1880 ad
575 1858 678 1888 tempus
705 1854 846 1887 parientis,
873 1854 924 1882 hoc
947 1858 998 1887 est,
1017 1864 1102 1890 usque

327 1898 359 1925 ad
376 1899 526 1925 mirabilem
543 1903 631 1926 ortum
649 1899 718 1933 ejus.
735 1900 782 1934 qui
797 1900 830 1928 de
851 1900 962 1936 Virgine
977 1909 1102 1929 nascere-

327 1950 371 1970 tur
385 1953 391 1970 :
408 1948 469 1978 post
484 1952 573 1979 quem,
590 1944 725 1978 sublatum
745 1945 853 1979 quidem
869 1951 911 1973 est
926 1947 1045 1981 ipsorum
1059 1955 1102 1974 re-

326 1997 421 2024 gnum;
436 1990 481 2024 qui
495 1998 558 2017 vero
576 1990 670 2025 reliqui
688 1989 800 2017 fratrum
822 1991 941 2026 ipsorum
964 1991 1100 2026 dicuntur,

327 2034 346 2061 ii
359 2042 422 2062 sunt
435 2035 595 2070 accipiendi,
608 2037 654 2070 qui
668 2036 695 2062 in
708 2036 845 2064 Christum
855 2037 901 2064 Dei
917 2037 1101 2071 crediderunt,

326 2081 440 2115 apostoli
458 2085 484 2108 et
496 2082 622 2116 discipuli
643 2086 670 2110 et
693 2084 866 2119 evangelista:
889 2083 1038 2112 Salvatoris
1053 2093 1102 2112 no-

326 2127 375 2154 stri
397 2136 404 2153 :
423 2135 490 2161 quos
506 2135 654 2156 conversos
679 2131 735 2164 ipse
759 2129 889 2159 Domint:
910 2138 1021 2164 pascere
1035 2132 1103 2158 dici-

325 2175 380 2204 tur,
398 2180 451 2199 non
468 2173 538 2200 sicut
563 2174 637 2208 prius
651 2182 698 2208 per
720 2175 840 2210 angelos,
858 2180 904 2202 aut
924 2184 972 2210 per
987 2177 1103 2204 admini-

325 2222 397 2244 stros
416 2218 548 2250 homines,
565 2220 612 2246 sed
631 2220 687 2254 ipse
702 2228 749 2254 per
763 2221 895 2255 seipsum,
925 2230 1011 2256 usque
1035 2223 1102 2250 adeo

326 2268 354 2290 ut
368 2270 478 2299 propter
493 2265 542 2292 hoc
557 2266 723 2301 magniﬁcari
740 2275 787 2294 eos
807 2269 951 2303 contigerit
966 2277 1051 2304 usque
1067 2270 1099 2297 ad

324 2315 474 2336 extremum
491 2314 579 2338 terrae.
597 2311 759 2346 lllagnilieati
774 2313 845 2339 enim
866 2318 940 2345 sunt,
965 2322 1018 2349 quo
1038 2319 1102 2342 tem-

323 2363 389 2390 pore
403 2355 430 2382 in
449 2363 556 2382 omnem
580 2360 681 2383 terram
698 2358 780 2384 exivit
803 2366 886 2385 simus
909 2367 1013 2392 eorum,
1031 2364 1058 2387 et
1074 2362 1101 2387 in

323 2401 390 2429 lines
404 2402 478 2429 orbis
491 2405 570 2429 terrae
588 2403 668 2429 verba
689 2410 794 2431 eorum.
815 2404 927 2432 Constat
942 2414 1005 2433 vero
1020 2407 1100 2434 etiam

323 2447 401 2479 illud,
414 2455 493 2481 quam
506 2455 619 2482 magnus
634 2455 700 2483 grex
721 2457 768 2483 per
787 2450 939 2478 universam
955 2455 1054 2478 terram
1071 2458 1101 2479 ut

322 2493 500 2520 rationalibus
517 2493 696 2528 humanisque
712 2496 808 2524 ovihus
825 2497 875 2531 ipsi
891 2497 972 2533 3M
988 2498 1100 2526 Domino

323 2548 370 2575 per
384 2541 522 2575 apostolos
533 2549 596 2569 suos
610 2541 741 2568 collectus
751 2542 795 2569 sit.
808 2542 891 2575 Quem
911 2552 975 2571 sane
992 2553 1099 2579 gregem

323 2585 379 2620 ipse
396 2586 526 2614 Dominus
541 2595 587 2622 per
603 2587 734 2622 seipsum,
757 2589 803 2623 qui
821 2589 881 2623 ejus
905 2594 997 2624 pastor
1017 2590 1098 2617 simul

321 2635 349 2658 et
361 2631 488 2660 Dominus
500 2637 551 2664 est,
560 2634 669 2661 visurus
681 2638 862 2669 pasturusque
877 2636 904 2662 in
920 2637 1016 2663 robore
1031 2637 1099 2663 dici-

322 2681 376 2708 tur.
389 2677 455 2704 adeo
465 2678 582 2712 quidem,
595 2684 623 2706 ut
634 2680 660 2707 in
673 2688 751 2707 manu
763 2681 825 2708 forti
835 2686 861 2709 et
872 2682 983 2709 brachio
991 2684 1098 2710 excelso

323 2729 338 2748 a
352 2721 466 2750 Domino
480 2727 507 2750 et
528 2729 636 2758 pastore
661 2732 828 2754 conservata).
851 2735 916 2755 oves
941 2729 1008 2756 nihil
1035 2731 1096 2756 mali

323 2767 459 2799 patiantur
476 2768 509 2794 ab
528 2769 720 2800 insidiantibus
735 2773 838 2807 asperis
853 2778 879 2801 et
893 2774 1043 2801 immitibus
1060 2775 1098 2802 fe-

323 2810 371 2837 ris.
386 2811 417 2837 Et
428 2820 460 2839 ea
473 2813 580 2847 quidem
592 2823 651 2850 quae
664 2817 696 2843 ad
710 2822 796 2850 ortum
809 2819 834 2845 in
847 2818 1010 2852 Bethlehem.
1023 2829 1096 2854 quaa-

358 2902 382 2918 ⁷¹
401 2901 494 2930 Matth.
512 2912 541 2937 ιι,
560 2905 627 2932 ΗΞ.

1153 1626 1237 1658 τείσις
1254 1627 1389 1663 Παρθένον
1411 1628 1605 1663 ὠνομασμένην
1626 1629 1673 1656 καὶ
1696 1629 1857 1665 προφήτιδα,
1882 1630 1932 1664 τὴν

1152 1672 1197 1698 τὸν
1213 1673 1384 1708 Ἐμμανουὴλ
1412 1674 1458 1700 καὶ
1479 1674 1523 1700 τὸν
1540 1675 1589 1710 τῆς
1606 1675 1724 1710 μεγάλης
1738 1675 1834 1711 βουλῆς
1850 1675 1934 1710 ἄγγε-

1152 1718 1196 1744 λον
1211 1719 1418 1755 ἀποτεξομένην.
1434 1721 1505 1753 Ἕως
1519 1721 1572 1756 γάρ
1583 1721 1636 1747 τῶν
1653 1721 1753 1757 ταύτης
1764 1721 1868 1757 καιρῶν
1885 1723 1933 1748 καὶ

1152 1764 1198 1791 τοῦ
1215 1765 1244 1797 ἐξ
1268 1766 1353 1800 αὐτῆς
1373 1767 1567 1802 ἀποτεχθέντος
1595 1767 1640 1794 καὶ
1665 1767 1698 1794 τὰ
1723 1767 1770 1794 τοῦ
1798 1767 1932 1803 προτέρου

1153 1811 1216 1837 λαοῦ
1236 1813 1421 1847 συνειστήκει,
1435 1813 1558 1849 δοθείσης
1582 1814 1672 1845 αὐτοῖς
1694 1813 1862 1849 προθεσμίας
1880 1814 1934 1846 ἓως

1153 1857 1248 1892 καιροῦ
1265 1858 1422 1893 τικτούσης,
1446 1858 1518 1885 τοῦτ’
1537 1859 1607 1886 ἐστιν
1633 1860 1685 1892 ἓως
1708 1861 1756 1895 τῆς
1779 1861 1933 1896 παραδόξου

1152 1903 1284 1936 γενέσεως
1303 1903 1349 1929 τοῦ
1372 1905 1402 1930 ἐκ
1428 1904 1477 1939 τῆς
1494 1905 1630 1940 Παρθένου
1650 1905 1800 1941 τεχθέντος,
1823 1906 1883 1941 μεθ’
1901 1905 1931 1932 ὃν

1153 1950 1222 1985 ἤρθη
1245 1950 1292 1985 μὲν
1315 1951 1403 1976 αὐτῶν
1430 1951 1446 1986 ἡ
1468 1951 1598 1986 βασιλεία.
1613 1952 1643 1977 Οἱ
1670 1951 1698 1978 δὲ
1721 1951 1853 1978 ἐπίλοιποι
1878 1952 1934 1978 τῶν

1152 1995 1273 2029 ἀδελφῶν
1288 1996 1385 2028 αὐτῶν,
1402 1993 1473 2024 οὗτοι
1487 1996 1519 2023 ἂν
1532 1994 1585 2023 εἶεν
1598 1997 1622 2022 οἱ
1639 1997 1678 2029 εἰς
1694 1997 1740 2024 τὸν
1753 1997 1869 2033 Χριστὺν
1884 1997 1933 2023 τοῦ

1152 2041 1219 2068 Θεοῦ
1243 2043 1452 2074 πεπιστευκότες
1469 2043 1631 2075 ἀπόστολοι,
1652 2043 1698 2070 καὶ
1723 2043 1858 2079 μαθηταὶ,
1886 2043 1934 2070 καὶ

1152 2089 1342 2122 εὐαγγελισταὶ
1357 2088 1403 2115 τοῦ
1414 2089 1537 2125 Σωτῆρος
1551 2089 1640 2125 ἡμῶν,
1655 2089 1701 2121 οὓς
1716 2088 1934 2124 ἐπιστρέψαντας

1153 2134 1232 2166 αὐτὸς
1245 2136 1259 2161 ὁ
1270 2135 1370 2171 Κύριος
1384 2137 1522 2170 ποιμανεῖν
1534 2135 1650 2169 λέγεται,
1662 2135 1691 2162 οὐ
1712 2135 1802 2167 καθὼς
1817 2135 1849 2162 τὸ
1868 2136 1933 2171 πρὶν

1152 2180 1184 2206 δι’
1199 2181 1319 2214 ἀγγέλων
1335 2181 1405 2216 ἢδιά
1421 2182 1589 2216 θεραπόντων
1603 2180 1760 2216 ἀνθρώπων,
1777 2180 1834 2207 ἀλλ’
1851 2181 1933 2212 αὐτὸς

1152 2225 1184 2251 δι’
1198 2226 1304 2258 ἑαυτοῦ,
1315 2227 1383 2253 ὥστε
1397 2226 1440 2253 διὰ
1458 2227 1536 2253 τοῦτο
1551 2227 1749 2262 μεγαλυνθῆναι
1766 2226 1865 2258 αὐτοὺς
1880 2226 1933 2258 ἓως

1153 2270 1236 2306 ἄκρου
1251 2271 1299 2306 τῆς
1314 2272 1374 2307 γῆς.
1398 2272 1632 2308 Ἐμεγαλύνθησαν
1649 2271 1702 2308 γὰρ
1723 2273 1766 2299 ὅτε
1789 2273 1830 2304 εἰς
1842 2273 1932 2299 πᾶσαν

1152 2315 1200 2350 τὴν
1216 2315 1266 2349 γῆν
1279 2315 1387 2350 ἐξῆλθεν
1398 2317 1412 2343 ὁ
1424 2316 1538 2351 φθόγγος
1552 2316 1648 2347 αὐτῶν,
1667 2317 1712 2344 καὶ
1724 2317 1764 2348 εἰς
1774 2316 1808 2343 τά
1826 2316 1933 2352 πέρατα

1151 2361 1200 2395 τῆς
1213 2361 1373 2396 οἰκουμένης
1387 2361 1420 2388 τά
1445 2362 1543 2397 ῥήματ’
1563 2362 1661 2389 αὐτῶν.
1682 2361 1816 2398 Πρόδηλον
1832 2362 1860 2389 δὲ
1885 2363 1933 2390 καὶ

1152 2406 1240 2431 ὁποῖον
1250 2406 1320 2440 μέγα
1329 2406 1450 2441 ποίμνιον
1461 2407 1520 2433 καθ’
1529 2406 1591 2442 ὅλης
1599 2407 1648 2442 τῆς
1658 2407 1710 2442 γῆς
1717 2408 1749 2434 ἐκ
1760 2407 1878 2442 λογικῶν
1886 2409 1933 2435 καὶ

1151 2450 1325 2486 ἀνθρωπείων
1337 2452 1476 2487 προὸάτων
1486 2452 1524 2488 τῷ
1539 2453 1633 2488 Κυρίῳ
1645 2453 1688 2480 διὰ
1708 2453 1760 2479 τῶν
1775 2454 1933 2480 ἀποστόλων

1152 2498 1232 2523 αὐτοῦ
1243 2498 1363 2533 συνέστη·
1372 2499 1385 2525 ὃ
1393 2499 1439 2525 καὶ
1447 2499 1527 2531 αὐτὸς
1536 2500 1550 2525 ὁ
1558 2499 1658 2535 Κύριος
1665 2499 1697 2526 δι’
1710 2499 1816 2532 ἐαυτοῦ,
1829 2500 1933 2535 ποιμὴν

1150 2543 1216 2578 ὁμοῦ
1229 2544 1274 2570 καὶ
1283 2532 1382 2580 Κύριος
1388 2544 1425 2571 ὣν
1431 2545 1479 2580 τῆς
1487 2546 1530 2571 ποί
1534 2532 1611 2580 μνης,
1619 2532 1764 2580 ἐπόψεσθαι
1772 2545 1818 2571 καὶ
1834 2532 1934 2580 ποι-μά·

1150 2592 1204 2617 νεῖν
1210 2592 1238 2617 ὲν
1250 2591 1319 2625 ἰσχύῖ
1327 2591 1442 2625 λέγεται,
1452 2591 1519 2617 ὥστε
1528 2592 1556 2617 ἐν
1564 2592 1634 2627 χειρὶ
1642 2591 1758 2626 κραταιᾷ
1768 2591 1815 2618 καὶ
1825 2592 1855 2617 ἐν
1869 2591 1934 2626 βρα-

1149 2648 1165 2674 χ
1169 2639 1216 2664 ῑονι
1222 2638 1315 2674 ὑψηλῷ
1323 2638 1388 2673 πρὸς
1395 2638 1440 2664 τοῦ
1447 2638 1574 2664 δεσπότου
1582 2637 1628 2663 καὶ
1637 2637 1762 2672 ποιμένος
1767 2637 1931 2672 φυλαττόμε-

1148 2692 1181 2710 να
1203 2684 1238 2710 τά
1250 2683 1369 2718 πρόϐατα
1383 2683 1463 2718 μηδέν
1474 2691 1500 2709 τι
1515 2682 1609 2710 παθεῖν
1621 2683 1704 2709 δεινὸν
1718 2683 1786 2718 πρὸς
1798 2682 1852 2709 τῶν
1868 2683 1932 2717 ἐφε-

1148 2729 1295 2764 δρευόντων
1309 2729 1398 2760 αὐτοῖς
1406 2728 1506 2764 ἀγρίων
1520 2729 1566 2754 καὶ
1579 2728 1689 2764 ἀπηνῶν
1705 2729 1816 2763 θηρίων.
1831 2729 1887 2755 Καὶ
1897 2728 1932 2756 τὰ

1150 2775 1198 2809 μὲν
1215 2775 1278 2809 περὶ
1290 2775 1339 2810 τῆς
1349 2776 1376 2801 ἐν
1396 2775 1525 2810 Βηθλεὲμ,
1537 2775 1582 2801 καὶ
1590 2776 1637 2810 τῆς
1643 2775 1696 2801 ἀπὸ
1706 2775 1807 2810 ταύτης
1815 2775 1930 2811 προόδου

1149 2821 1193 2847 τοῦ
1208 2821 1457 2857 προκηρυττομένου
1465 2821 1541 2853 Θεοῦ,
1551 2821 1641 2847 τοῦτον
1650 2822 1703 2856 ἔχει
1712 2822 1756 2848 τὸν
1763 2822 1874 2856 τρόπον·
1881 2821 1932 2858 τὴν
