2089 3218
191 212 224 240 54
231 212 241 239 l

649 207 971 236 DEMONSTRATIONIS
983 206 1208 234 EVANGELlC/E
1223 206 1290 234 LIB.
1307 206 1362 234 Ἧι.

1746 207 1801 234 34'}

186 269 216 297 δὲ
233 268 263 301 ἐξ
279 253 454 304 οὐρανῶνέἱς
477 266 635 303 ἀνθρώπους
657 266 803 302 ἐπιδημίαν
820 265 901 292 αὑτοῦ
924 265 963 291 τοῐ

991 269 1007 295 Α
1023 272 1075 299 que
1092 264 1124 291 ad
1138 271 1313 299 progressum
1325 272 1358 291 ex
1369 271 1402 291 eo
1417 262 1562 298 pertinent,
1577 261 1637 297 ejus
1655 261 1702 289 Dei
1717 271 1795 296 quem

187 315 290 352 Κυρίου
307 315 354 341 καὶ
374 313 499 349 ποιμένος
513 314 563 349 ἥδη
575 313 622 340 καὶ
638 313 767 348 πρότερον
783 311 812 344 ἐξ
827 311 906 338 αὐτοῦ
919 310 966 337 τοῦ

187 361 256 396 μετὰ
270 362 361 396 χεῖρας
375 361 512 395 προφήτου
526 359 726 394 παρατέθειμαι
741 378 747 390 ,
763 358 794 384 δι’
809 355 846 384 ὧν
858 357 947 391 ἔλεγεν
957 365 964 372 ·

188 418 196 432 ι
218 406 374 438 Ἀκούσατε,
393 406 450 433 λαοὶ
469 406 578 437 πάντες,
590 406 637 432 καὶ
654 404 809 440 προσεχέτω
827 404 902 439 ήγῆ,
921 404 966 430 καὶ

184 453 284 484 πάντες
301 452 325 478 ot
339 453 367 477 ἐν
382 452 462 487 αὐτῇ,
480 452 526 478 καὶ
544 451 619 478 ἔσται
639 451 738 486 Κύριος
755 451 818 485 ὑμῖν
839 451 878 481 είς
898 459 967 485 μαρ-

181 499 292 535 τύριον,
317 498 418 533 Κύριος
441 497 470 530 ἐξ
492 496 565 523 οἴκου
593 496 669 530 ἁγίου
696 496 792 523 αὑτοῦ·
821 496 886 522 διότι
912 496 964 523 ίδοί)

182 543 286 580 Κύριος
313 543 413 579 Κύριος
437 542 612 578 ἐκπορεύεται
635 543 666 569 ἐκ
692 542 737 581 τού
765 542 847 568 τόπου
871 542 964 574 αὐτοῦ,

182 590 229 616 καὶ
241 589 434 625 καταϐήσεται,
448 599 457 614 ι
470 588 560 615 καὶτὰ
574 588 645 622 ἑξῆς
656 585 695 619 οἷς
706 587 836 622 ἐπιλέγων
849 588 949 622 ἔφασκε
957 597 964 603 θ

182 628 383 661 ίΔιἬσέὸειαν
400 632 497 660 Ἰακὼϐ
513 633 600 659 πάντα
617 632 710 662 ταῦτα,
728 633 774 658 καὶ
787 632 819 658 δι’
831 633 965 668 ἁμαρτίαν

183 681 257 708 οἷκου
280 680 398 716 Ἰσραήλο
420 690 428 705 ι
454 679 543 713 Σαφὲς
566 679 593 705 δὲ
617 679 665 705 καὶ
685 678 738 705 ἀπο
755 679 807 705 τῶν
835 679 896 714 ἑξῆς
918 679 964 706 τοῦ

184 726 264 754 αὐτοῦ
279 726 429 762 προφήτου,
450 726 490 752 ὅτι
502 726 538 761 μὴ
556 726 633 761 μόνον
654 725 697 752 διὰ
713 725 760 756 τὰς
779 726 903 757 ἀσεϐείας
919 726 965 752 τοῦ

189 771 321 798 Ἰουδαίων
334 770 425 802 ἔθνους
437 770 485 805 τὴν
505 770 533 802 ἐξ
550 769 669 805 οὐρανῶν
691 770 705 795 ό
721 769 820 804 Κύριος
836 769 965 804 πεποίητο

184 806 304 849 κὰθῖδον,
319 815 444 843 ἀλλὰκαὶ
455 815 498 842 διὰ
515 816 564 851 τὴν
582 815 715 850 σωτηρίαν
735 815 781 841 καὶ
800 815 896 849 κλῆσιν
912 815 965 841 τῶν

183 863 268 890 ἐθνῶν
290 863 425 890 ἁπάντων.
444 861 577 895 Ἑπιλέγει
591 860 612 886 δ’
627 859 673 886 οὖν
697 860 776 895 ἑξῆς·
800 870 809 885 (
823 861 877 887 Καὶ
890 860 964 886 ἔσται

183 910 227 936 ἐπ’
244 909 364 945 ἐσχάτων
379 907 432 935 τῶν
449 906 559 943 ἡμερῶν
576 906 696 940 ἐμφανὲς
715 906 746 932 τὺ
759 906 826 941 ·δρος
852 905 963 942 Κυρίου,

183 956 232 982 καὶ
243 954 402 981 σπεύσουσιν
413 953 455 979 ἐπ’
470 952 534 979 αὐτὸ
549 952 608 978 λαοὶ
620 952 721 983 πολλοὶ,
733 952 778 978 καὶ
791 951 966 986 πορεύσονται

183 1001 245 1037 ἔθνη
263 999 366 1031 πολλὰ,
383 1000 430 1026 καὶ
456 999 564 1035 ἐροῦσι·
593 998 683 1029 Δεῦτε,
708 997 849 1032 ἀναδῶμεν
874 997 913 1028 εἰς
936 997 966 1022 τὸ

182 1047 244 1083 ὄρος
258 1046 370 1082 Κυρίου.
388 1055 397 1071 ι
415 1045 460 1071 Διὸ
477 1046 522 1071 καὶ
538 1044 605 1079 μετὰ
625 1043 710 1070 ταῦτα
726 1043 771 1069 τὸν
795 1043 848 1078 πρὸ
863 1042 966 1069 αἰώνων

182 1091 236 1120 ἀπὸ
253 1092 302 1127 τῆς
319 1091 442 1127 Βηθλεέμ
457 1089 642 1124 ἐξελεύσεσθαι
659 1089 831 1124 ἀνακηρύξας
844 1109 850 1119 ,
875 1089 965 1115 οὐκέτι

180 1136 228 1163 τοῦ
247 1135 353 1172 Ἰσραὴλ
371 1135 461 1170 μόνου,
479 1135 545 1161 ἀλλὰ
564 1134 669 1170 ἀθρόως
692 1134 800 1160 πάντων
817 1132 965 1168 ἀνθρώπων

180 1179 234 1212 ἕως
246 1179 356 1206 καὶτῶν
370 1179 461 1215 ἄκρων
474 1179 522 1214 τῆς
536 1179 588 1214 γῆς
602 1178 693 1214 ἄρξειν
704 1178 783 1205 αὐτόν
796 1186 860 1213 φησι
872 1186 878 1192 ·
892 1177 964 1211 λέγει

181 1223 204 1250 δ’
219 1221 265 1251 οὖν
276 1233 283 1239 ·
302 1233 311 1249 ι
327 1225 380 1251 Καὶ
395 1225 532 1259 στήσεται,
548 1225 594 1251 καὶ
610 1224 713 1258 ὕψεται.
727 1224 773 1250 καὶ
791 1225 917 1258 ποιμανεῖ
935 1223 966 1249 τὸ

180 1269 306 1305 ποίμνιον
318 1269 400 1296 αὑτοῦ
414 1271 442 1295 ἐν
464 1269 535 1304 ἰσχύϊ
556 1269 666 1305 Κύριος,
685 1269 730 1295 καὶ
745 1270 772 1295 ἐν
785 1271 817 1304 τῇ
840 1269 903 1305 δόξῃ
918 1268 964 1295 τοῦ

179 1315 311 1351 ὀνόματος
334 1316 436 1351 Κυρίου
462 1315 529 1341 Θεοῦ
555 1315 643 1341 αὐτῶν
657 1315 820 1351 ὑπάρξουσι·
837 1315 902 1341 διότι
918 1314 965 1340 νῦν

183 1359 428 1395 μεγαλυνθήσονται
456 1359 507 1391 ἓως
531 1359 622 1395 ἄκρων
648 1361 697 1395 τῆς
719 1360 770 1394 γῆς
785 1380 791 1391 ,
823 1361 869 1387 καὶ
891 1360 965 1387 ἔσται

180 1405 250 1442 αὕτη
262 1407 367 1442 είρήνη.
386 1415 394 1431 ι
411 1405 468 1432 Τίνι
481 1406 508 1432 δὲ
525 1405 600 1432 ἐσται
623 1406 691 1442 αὕτη
710 1407 804 1441 εἰρήνη
825 1406 881 1432 ἀλλ’
898 1407 914 1441 ἣ
930 1407 963 1441 τῇ

180 1453 226 1487 γῇ,
238 1449 291 1488 ἐνῇ
302 1451 548 1486 μεγαλυνθήσονται
560 1451 594 1478 τὰ
605 1452 716 1487 ποίμνια
724 1452 770 1478 τοῦ
781 1452 882 1487 Κυρίου
892 1460 898 1484 ;
911 1453 965 1478 Καὶ

179 1496 258 1523 τοῦτο
271 1497 310 1528 δὲ,
328 1497 418 1523 ὁποίου
431 1497 524 1528 τέλους
538 1497 614 1532 ἔτυχε
630 1499 701 1532 μετὰ
720 1497 757 1532 (1)
778 1496 823 1523 τοῦ
841 1497 964 1533 Σωτῆρος

180 1543 258 1578 ἡμῶν
271 1542 358 1578 Ἰησοῦ
372 1542 490 1580 Χριστοῦ
503 1544 665 1579 παρουσίαν,
681 1543 760 1569 παντί
772 1552 810 1579 τῳ
822 1543 962 1579 πρόδηλον

179 1589 281 1624 πολλῆς
297 1588 351 1624 γὰρ
365 1589 447 1625 ούσης
470 1589 523 1625 πρὸ
535 1589 629 1616 τούτου
654 1589 827 1625 πολυαρχίας,
849 1589 894 1616 καὶ
910 1589 963 1616 τῶν

180 1635 264 1662 ἐθνῶν
282 1635 408 1662 ἁπάντων
419 1636 640 1672 τυραννουμένων
652 1636 668 1671 ἢ
683 1636 941 1672 δημοκρατουμένων
953 1655 960 1666 ,

177 1676 232 1713 ὡς’
254 1681 390 1717 μηδεμίαν
428 1682 498 1717 πρὸς
538 1681 668 1716 ἀλλήλους
709 1682 850 1716 ἐπιμιξίαν
898 1683 962 1713 τοὺς

179 1725 339 1761 ἀνθρώπους
367 1726 458 1761 ἔχειν,
487 1726 559 1757 ἰδίως
581 1727 625 1758 δὲ,
658 1726 723 1762 φέρε
743 1727 848 1758 εἰπεῖν,
880 1727 962 1760 Λίγυ-

179 1772 265 1799 τπίων
298 1772 350 1799 ὑπὸ
386 1773 478 1808 οἰκείῳ
511 1772 619 1808 ἄρχοντι
649 1772 879 1807 βασιλευομένων,
915 1772 961 1798 καὶ

185 1816 306 1852 Ἀράϐων
334 1817 473 1849 ὡσαύτως,
506 1818 551 1844 καὶ
583 1817 749 1852 Ἰδουμαίων,
778 1818 906 1843 Φοινίκων
931 1826 959 1844 τε

178 1862 226 1888 καὶ
241 1862 344 1898 Σύρων,
362 1863 409 1889 καὶ
424 1862 477 1889 τῶν
492 1862 577 1889 ἄλλων
594 1862 688 1894 ἐθνῶν,
701 1862 919 1898 ἐπανισταμένων
930 1871 958 1889 τε

178 1908 263 1935 ἐθνῶν
279 1907 378 1939 ἔθνεσι,
390 1909 436 1935 καὶ
453 1908 555 1934 πόλεων
571 1908 672 1939 πόλεσι,
690 1908 849 1943 πολιορκιῶν
864 1917 893 1934 τε
911 1918 959 1943 μυ-

179 1954 245 1990 ρίων
261 1954 307 1981 καὶ
323 1954 514 1989 αίχμαλωσιῶν
532 1954 600 1980 κατὰ
615 1954 702 1980 πάντα
718 1954 798 1980 τόπον
809 1963 838 1980 τε
851 1954 897 1980 καὶ
907 1954 959 1989 χώ-

178 2008 228 2036 ραν
245 1999 468 2035 ἐπιτελουμένων,
487 2000 578 2036 ἐπειδὴ
599 2001 688 2036 παρῆν
703 2001 718 2026 ὁ
735 2000 828 2036 Σωτὴρ
842 2001 888 2027 καὶ
902 2000 958 2027 Κύ-

178 2053 245 2081 ριος,
263 2045 331 2080 ὁμοῦ
345 2047 378 2081 τῇ
396 2047 435 2077 είς
452 2045 608 2082 ἀνθρώπους
622 2046 703 2072 αὐτοῦ
720 2046 835 2081 παρόδῳ,
852 2045 957 2081 πρώτου

175 2098 206 2117 τε
227 2091 368 2126 Ῥωμαίων
383 2091 536 2125 Αὐγούστου
552 2091 605 2118 τῶν
619 2091 702 2118 ἐθνῶν
716 2092 956 2127 ἐπικρατήσαντος,

175 2134 270 2163 λέλυτο
286 2137 334 2172 μὲν
350 2139 366 2172 ἡ
383 2137 495 2172 πλείστη
511 2137 671 2173 πολυαρχία,
690 2138 783 2172 εἰρήνη
803 2137 831 2163 δὲ
847 2137 956 2172 διελάμ-

176 2181 240 2208 6ανε
261 2182 310 2218 τὴν
326 2182 470 2217 σύμπασαν
485 2183 545 2218 γῆν,
564 2184 595 2218 τῇ
615 2183 681 2218 μετὰ
698 2184 790 2218 χεῖρας
806 2182 957 2214 ἀκολούθως

175 2227 338 2263 προρρήσει,
349 2227 494 2264 διαρρήδην
508 2229 616 2264 φησάσῃ
630 2229 693 2263 περὶ
707 2228 760 2254 τῶν
776 2228 822 2254 τοῦ
839 2228 955 2264 Χριστοῦ

177 2272 314 2308 μαθητῶν·
333 2282 343 2299 ι
357 2273 427 2300 Διότι
438 2274 485 2300 νῦν
497 2273 740 2309 μεγαλυνθήσονται
753 2274 803 2305 ἓως
814 2274 896 2309 ἄκρου
908 2274 956 2309 τῆς

174 2318 238 2353 γῆς·
257 2320 303 2345 καὶ
317 2318 392 2346 ἔσται
405 2319 474 2354 αὕτη
486 2320 590 2355 εἰρήνη·
606 2329 615 2345 ι
636 2317 658 2353 ᾧ
675 2320 778 2354 συνᾴδει
792 2319 822 2346 τὸ
838 2321 866 2345 ἐν
882 2320 957 2346 Ψαλ-

176 2366 236 2400 μοῖς
247 2364 351 2398 φάσκον
368 2367 431 2401 περὶ
445 2366 492 2392 τοῦ
509 2365 625 2402 Χριστοῦ
637 2365 734 2399 λόγιοψ
750 2375 759 2391 ‹
782 2366 914 2392 Ἀνατελεῖ
928 2368 957 2393 ἐν

173 2412 235 2442 ταῖς
248 2411 365 2447 ἡμέραις
375 2411 455 2438 αὐτοῦ
466 2411 632 2446 δικαιοσύνη,
644 2412 690 2438 καὶ
699 2411 799 2447 πλῆθος
809 2413 926 2448 εἰρήνης.
945 2422 954 2437 ι

173 2456 220 2483 Διό
237 2465 282 2492 μοι
299 2456 371 2484 δοκεῖ
385 2457 475 2493 ἄρχων
492 2458 601 2493 εἰρήνης
621 2458 649 2484 ἐν
669 2458 702 2492 τῇ
725 2457 779 2493 πρὸ
793 2457 891 2493 ταύτης
905 2466 957 2484 πα-

174 2502 317 2540 ρατεθείσῃ
332 2504 483 2540 προφητείᾳ
493 2503 658 2538 ὠνομάσθαι.
685 2503 845 2538 Ἐπίστησόν
860 2511 891 2537 γε
904 2503 955 2538 μὴν

172 2547 235 2574 τίνα
244 2548 344 2585 τρόπον
355 2549 369 2574 ὁ
383 2549 450 2584 μετὰ
460 2551 552 2585 χεῖρας
563 2550 704 2584 προφήτης
715 2549 760 2575 καὶ
771 2547 955 2580 ἐξελεύσεσθαι

175 2593 224 2628 μὲν
244 2592 274 2624 ἐξ
293 2593 414 2628 οὐρανῶν
429 2593 474 2620 τὸν
494 2593 594 2629 Κύριον
617 2594 766 2629 ἀρχόμενος
789 2593 898 2628 ἐφτβεν,
924 2594 953 2619 οὺ

173 2638 306 2675 πρότερον
321 2639 350 2666 δὲ
368 2641 508 2675 πο;μανείν
523 2640 586 2670 τοὺς
602 2639 770 2675 ἀνθρώπους,
789 2639 805 2674 ἢ
823 2638 955 2674 γεννηθῆ-

173 2693 218 2712 ναι
230 2684 276 2712 τὸν
290 2684 481 2720 θεσπιζόμενον
497 2686 526 2712 ἐν
542 2686 575 2720 τῇ
590 2685 721 2720 Βηθλεέμ·
738 2685 812 2716 ὅπως
828 2685 856 2711 δὲ
869 2684 956 2711 ταῦτα

173 2731 222 2758 ἐπὶ
232 2731 278 2758 τὸν
292 2731 406 2767 Σωτῆρα
422 2733 468 2759 καὶ
480 2731 580 2767 Κύριον
599 2731 677 2766 ἡμῶν
691 2730 859 2766 ἐπεραιοῦτο,
872 2731 956 2766 ἐμαρ-

173 2775 292 2812 τύρησεν
304 2777 544 2812 όῈύαγγελιστὴς,
567 2777 599 2803 δι’
614 2773 650 2804 ὧν
670 2776 852 2813 προεεεθέμην
873 2775 955 2803 αὐτοῦ

174 2820 285 2855 φωνῶν.
298 2821 403 2858 Ποιμὴν
421 2821 450 2848 δὲ
467 2823 514 2849 καὶ
530 2821 679 2857 ἡγούμενος
693 2822 707 2848 ὁ
721 2821 837 2857 Χριστὸς
850 2821 954 2848 ἀναδει-

210 2867 235 2883 ⁷⁸
247 2866 319 2895 Mich
342 2876 363 2899 ι,
378 2867 406 2899 2,
427 2868 454 2894 5.

1019 310 1155 346 prophetae
1171 310 1343 342 nuntiabant,
1362 311 1389 337 in
1404 309 1476 336 hunc
1496 308 1605 335 modum
1632 317 1660 336 se
1684 309 1795 336 habent.

1018 357 1170 384 Adventum
1186 360 1275 383 autem
1291 356 1377 391 ipsius
1391 355 1496 382 Domini
1513 359 1538 381 et
1552 354 1669 388 pastoris
1681 354 1713 381 de
1726 355 1795 381 creto

1019 404 1052 431 ad
1076 404 1200 431 homines
1225 402 1386 437 jampridem
1409 409 1442 428 ex
1469 400 1563 428 eodem
1588 400 1727 435 propheta,
1750 400 1795 435 qui

1018 457 1092 477 nunc
1109 450 1136 476 in
1163 449 1289 476 manibus
1314 451 1365 478 est,
1392 447 1533 482 proposui,
1556 446 1600 473 ubi
1624 446 1663 473 sic
1682 446 1794 473 aiebat:

1021 505 1030 519 ι
1051 495 1156 526 Audite,
1171 494 1263 529 populi
1278 501 1382 523 omnes.
1395 497 1421 521 et
1432 492 1550 519 attendat
1564 496 1646 523 terra,
1664 496 1690 518 et
1701 499 1795 519 omnes

1019 541 1065 576 qui
1085 544 1148 567 sunt
1170 541 1196 566 in
1211 547 1252 570 ea,
1269 543 1295 566 et
1314 539 1366 565 erit
1384 538 1513 565 Dominus
1530 537 1607 564 vobis
1630 536 1657 562 in
1671 537 1794 563 testimo-

1018 587 1092 614 nium
1107 595 1114 612 :
1128 585 1258 612 Dominus
1272 593 1303 612 ex
1319 585 1399 612 domo
1412 587 1506 611 sancta
1522 590 1582 613 sua,
1597 582 1659 616 quia
1674 589 1736 608 ecce
1747 581 1804 608 Do-

1018 633 1108 659 minus
1125 631 1254 658 Dominus
1278 629 1430 665 egredietur
1442 629 1475 655 de
1490 629 1549 654 loco
1562 635 1622 659 suo,
1638 631 1664 653 et
1678 627 1794 654 descen-

1017 678 1062 705 det
1078 678 1111 710 ”,
1134 687 1143 703 ›
1160 681 1186 704 et
1211 681 1328 708 czetera;
1355 675 1454 709 quibus
1474 673 1597 708 adjungit
1620 683 1626 700 :
1654 681 1662 697 ι
1682 672 1794 706 Propter

1018 723 1182 756 impietatem
1197 721 1281 748 Jacob
1295 720 1387 748 omnia
1402 720 1470 750 hzec,
1488 723 1515 746 et
1529 722 1638 754 propter
1653 722 1794 753 peccatum

1017 769 1114 795 domus
1129 768 1211 795 Israel
1226 768 1259 794 "”.
1288 777 1297 793 ›
1320 765 1361 793 Ab
1387 766 1421 793 iis
1447 770 1537 792 autem
1561 773 1621 800 quae
1643 768 1794 798 sequuntur

1018 813 1088 848 apud
1105 813 1228 840 eumdem
1252 813 1410 848 prophetam
1425 812 1505 839 etiam
1528 811 1596 841 illud
1612 811 1720 845 planum
1740 814 1793 843 est,

1017 859 1088 894 quod
1105 867 1159 886 non
1174 860 1261 886 solum
1279 863 1387 894 propter
1401 859 1554 893 impietates
1573 857 1691 884 Judaicaa
1705 857 1794 891 gentis

1018 903 1149 931 Dominus
1162 904 1195 931 de
1208 904 1278 930 caelo
1296 904 1447 933 descendit.
1465 903 1512 930 scd
1526 903 1607 930 etiam
1622 906 1731 937 propter
1749 909 1794 929 sa-

984 947 1002 973 D
1017 949 1098 976 intem
1114 954 1140 976 et
1152 950 1322 976 vocationem
1337 950 1456 984 gentium
1471 953 1642 975 cunctarum.
1665 947 1794 983 Adjungit

1017 995 1099 1029 igitur
1112 994 1241 1029 deinceps
1258 1003 1264 1021 :
1284 1004 1293 1020 ‹
1310 994 1342 1021 Et
1352 995 1404 1021 erit
1418 994 1444 1021 in
1459 993 1615 1021 norissimis
1633 993 1729 1020 diebus
1739 1000 1793 1020 ma-

1017 1040 1133 1067 nifestus
1148 1047 1225 1067 mons
1239 1039 1355 1071 Domini,
1369 1044 1395 1067 et
1411 1039 1576 1067 festiuabunt
1592 1039 1625 1066 ad
1637 1039 1725 1073 ipsum
1743 1046 1792 1072 po»

1016 1085 1071 1119 puli
1087 1085 1175 1114 multi.
1191 1089 1217 1112 et.
1240 1085 1317 1112 ibunt
1338 1089 1430 1120 gentes
1453 1080 1552 1116 multat,
1569 1091 1594 1112 et
1610 1085 1700 1112 dicent
1719 1094 1725 1111 :
1741 1084 1793 1112 Vc-

1016 1133 1081 1161 nite,
1107 1131 1288 1159 ascendamus
1317 1132 1343 1158 in
1367 1136 1486 1158 montem
1503 1130 1608 1158 Domini
1624 1132 1657 1158 ⁷⁸.
1677 1141 1686 1156 ›
1704 1131 1793 1163 Quaro

1015 1178 1128 1213 posthac
1144 1178 1189 1204 ubi
1201 1185 1262 1205 eum
1277 1177 1325 1212 qui
1345 1180 1387 1204 est
1398 1181 1460 1204 ante
1475 1177 1573 1204 Saecula
1590 1177 1623 1204 de
1637 1177 1792 1203 Bethlehem

1015 1230 1186 1258 egressurum
1201 1222 1347 1253 nuntiavit,
1369 1229 1422 1248 non
1439 1222 1488 1248 soli
1504 1220 1586 1248 Israel
1603 1221 1729 1255 amplius,
1744 1220 1793 1247 sed

1015 1269 1156 1296 confertim
1173 1268 1298 1295 omnibus
1320 1268 1445 1302 gentibus
1461 1275 1545 1300 usque
1557 1266 1588 1292 ad
1602 1270 1721 1293 extrema
1738 1269 1792 1292 ter-

1016 1321 1052 1340 rae
1078 1313 1152 1340 illum
1168 1314 1362 1347 imperaturum
1379 1312 1501 1338 altirmat.
1521 1312 1588 1338 Dicit
1604 1311 1685 1346 igitur
1704 1320 1710 1337 ς
1731 1319 1740 1335 ‹
1760 1310 1792 1336 Et

1015 1360 1108 1388 stabit.
1125 1364 1152 1387 et
1165 1359 1277 1390 videbit,
1289 1363 1315 1386 et
1327 1362 1420 1393 pascet
1435 1366 1541 1393 gregem
1554 1366 1631 1384 suum
1644 1358 1670 1384 in
1686 1357 1792 1384 lortitu-

1015 1407 1079 1434 dine
1096 1405 1237 1438 Dominus,
1250 1409 1277 1432 et
1288 1405 1315 1432 in
1332 1405 1418 1439 gloria
1429 1403 1548 1431 nominis
1563 1403 1669 1430 Domini
1688 1403 1734 1430 Dei
1752 1403 1791 1438 ip—

1015 1460 1108 1480 sorum
1129 1452 1271 1479 exsistent.
1295 1450 1429 1484 Quoniam
1453 1457 1525 1476 nunc
1549 1449 1791 1484 magniﬁcabuntur

1015 1506 1101 1533 usque
1118 1498 1151 1525 ad
1163 1503 1283 1524 extrema
1297 1502 1375 1524 terra:
1393 1506 1400 1523 ε
1416 1500 1443 1523 et
1457 1497 1508 1523 erit
1521 1496 1578 1523 haec
1593 1504 1644 1531 pax
1657 1496 1690 1523 ⁷³.
1714 1505 1723 1521 ι
1741 1495 1790 1522 Cui

1014 1551 1096 1579 porro
1112 1544 1164 1570 erit
1178 1543 1234 1570 haec
1251 1550 1314 1577 pax,
1329 1542 1383 1569 nisi
1397 1546 1475 1569 terra:
1503 1543 1530 1569 in
1559 1549 1612 1576 qua
1635 1541 1790 1576 magniﬁca--

1014 1590 1116 1617 buntur
1132 1596 1226 1624 greges
1244 1587 1368 1615 Domini?
1395 1588 1424 1614 ld
1449 1589 1536 1622 ipsum
1553 1591 1652 1618 autent,
1667 1595 1746 1622 quem
1760 1587 1789 1614 ﬁ-

1014 1644 1075 1664 nem
1091 1636 1215 1664 sortitum
1232 1635 1266 1662 sit
1281 1639 1342 1670 post
1360 1634 1508 1662 Salvatoris
1524 1634 1608 1662 nostri
1624 1633 1687 1661 Jesu
1712 1634 1792 1660 Chri-

1014 1683 1048 1710 sti
1062 1683 1219 1713 adventum,
1238 1681 1338 1708 nemini
1363 1681 1509 1708 ohscurum
1524 1688 1583 1708 esse
1600 1683 1687 1715 potest
1702 1689 1708 1706 :
1726 1687 1790 1706 nam

1013 1736 1073 1756 eum
1089 1733 1151 1755 ante
1165 1728 1237 1754 hunc
1251 1727 1407 1758 adventum,
1425 1727 1576 1761 principum
1599 1730 1670 1753 esset
1696 1726 1787 1752 multi-

1012 1774 1088 1805 tudo,
1107 1778 1133 1801 et
1145 1774 1275 1800 universae
1288 1775 1381 1807 gentes
1418 1777 1463 1798 aut
1478 1772 1528 1798 sul)
1549 1771 1681 1806 tyrannis,
1699 1777 1746 1797 aut
1761 1771 1788 1797 in

1013 1824 1082 1847 statu
1099 1818 1221 1854 populari
1237 1820 1327 1844 essent
1341 1817 1503 1846 constitutae,
1519 1820 1547 1842 ut.
1563 1816 1664 1842 nullutu
1680 1816 1750 1842 inter
1761 1823 1790 1842 so

1012 1865 1201 1892 commercium
1215 1863 1336 1889 homines
1347 1862 1487 1894 haberent,
1497 1862 1542 1889 sed
1552 1862 1692 1896 privatim:
1702 1869 1780 1889 exem

1012 1908 1047 1943 pli
1062 1908 1158 1943 gratia,
1172 1907 1241 1942 apud
1256 1905 1399 1941 Egyptios
1419 1914 1485 1933 suus
1507 1907 1630 1941 princeps
1653 1910 1787 1940 regnaret,

1012 1955 1081 1989 apud
1097 1954 1198 1980 Arabas
1214 1955 1277 1981 item
1292 1962 1370 1986 suus,
1385 1953 1454 1988 apud
1469 1953 1612 1985 Idumaeos,
1634 1951 1788 1983 thnicas,

1010 1999 1089 2036 345
1113 1999 1196 2035 Syros
1219 2000 1340 2034 aliasque
1357 2000 1419 2026 item
1446 2003 1553 2033 gentes;
1566 2006 1681 2032 cumque
1695 2002 1789 2033 gentes

1010 2047 1138 2073 adversus
1146 2049 1276 2080 gentes,et
1282 2045 1405 2079 civitates
1412 2045 1541 2073 adversus
1549 2044 1670 2071 civitates
1677 2051 1788 2070 consur-

1009 2091 1319 2126 gerent,obsidionesque
1328 2091 1534 2118 innumerabiles
1540 2094 1566 2117 et
1574 2089 1786 2124 captivitatespet

1010 2144 1114 2164 omnem
1125 2137 1211 2163 locum
1221 2144 1252 2163 ac
1261 2137 1394 2171 regionem
1405 2136 1566 2165 ﬁerent.tutn
1575 2143 1637 2162 vero
1646 2135 1691 2162 ubi
1700 2134 1789 2162 Salva-

1009 2186 1051 2209 tor
1065 2186 1156 2209 uoster
1167 2190 1198 2209 ac
1210 2182 1337 2210 Dominus
1354 2182 1449 2213 adfuit,
1466 2189 1518 2208 una
1530 2190 1590 2208 cum
1603 2182 1674 2208 illius
1689 2181 1721 2208 ad
1739 2181 1789 2208 lto:

1009 2228 1097 2255 mines
1113 2227 1242 2259 adventu,
1257 2228 1314 2262 jam
1340 2231 1398 2254 tum
1423 2227 1510 2262 primo
1530 2226 1711 2253 Romanorum
1733 2226 1789 2254 Att-

973 2292 995 2318 D
1010 2278 1088 2308 gusto
1103 2273 1243 2308 imperium
1266 2274 1293 2300 in
1310 2273 1384 2300 orbis
1407 2273 1531 2299 nationes
1550 2273 1698 2304 obtinente,
1715 2273 1789 2300 solu-

1008 2322 1052 2344 tus
1067 2318 1140 2344 illico
1155 2321 1196 2345 est
1211 2318 1255 2345 ille
1279 2318 1416 2352 multiplex
1430 2318 1606 2352 principatus.
1622 2323 1648 2344 et
1661 2325 1711 2352 pax
1728 2317 1788 2343 uni-

1009 2371 1114 2391 versam
1140 2367 1238 2391 tcrram
1268 2364 1381 2398 accepit,
1407 2364 1431 2390 ei
1461 2364 1609 2398 prophetiae
1636 2370 1695 2398 quae
1715 2371 1788 2390 nunc

1009 2411 1141 2435 tractatur
1151 2408 1331 2440 concordans,
1349 2409 1517 2442 apertissime
1537 2408 1569 2435 de
1588 2408 1687 2434 Christi
1704 2407 1787 2434 disci-

1008 2454 1078 2489 pulis
1095 2453 1211 2480 dicenti:
1231 2462 1240 2478 ι
1252 2453 1384 2485 Quoniam
1396 2461 1468 2480 nunc
1482 2454 1724 2488 magniﬁcabuntur
1742 2461 1787 2480 us-

1008 2508 1061 2535 que
1080 2499 1113 2526 ad
1128 2490 1278 2526 extremum
1301 2502 1395 2526 terra):
1418 2505 1444 2526 et
1466 2500 1517 2526 erit
1545 2500 1600 2526 lucc
1634 2506 1695 2533 pax.
1718 2498 1786 2525 tCui

1007 2548 1219 2572 consentaneum
1231 2547 1273 2571 est
1281 2545 1351 2579 quod
1367 2544 1392 2571 in
1404 2544 1518 2572 Psalmis
1530 2544 1626 2578 legitur
1634 2544 1666 2570 de
1677 2543 1787 2570 Christo

1008 2590 1158 2622 oraculum,
1173 2590 1280 2618 dicens:
1300 2600 1309 2615 ι
1325 2590 1433 2618 Orietur
1446 2590 1472 2617 in
1491 2589 1584 2617 diebus
1607 2590 1664 2621 eius
1680 2589 1785 2624 justitia

1007 2641 1034 2665 et
1049 2638 1212 2666 abundantia
1227 2637 1302 2673 pacis
1310 2637 1345 2664 3°.
1359 2647 1367 2662 ι
1389 2637 1428 2663 Ex
1446 2645 1499 2675 quo
1513 2636 1577 2663 mihi
1594 2636 1700 2662 videtur
1711 2637 1785 2670 prin-

1006 2690 1070 2718 ceps
1094 2683 1169 2718 pacis
1184 2682 1210 2709 iu
1225 2689 1266 2714 ea,
1293 2690 1352 2718 quae
1374 2681 1496 2717 proxime
1512 2685 1632 2716 exposita
1649 2684 1700 2711 est,
1721 2688 1787 2714 pro-

1008 2729 1097 2764 phetia
1114 2728 1259 2757 nominari.
1275 2728 1467 2756 Animadverte
1483 2731 1584 2759 tamen,
1597 2734 1699 2763 quaeso,
1716 2733 1785 2761 quo—

1007 2782 1073 2801 nam
1090 2779 1170 2808 pacto
1187 2774 1210 2802 is
1229 2774 1262 2802 de
1281 2782 1335 2809 quo
1351 2782 1423 2801 nunc
1443 2774 1547 2809 agimus
1569 2773 1709 2808 propheta,
1731 2771 1785 2798 Do-

1007 2820 1110 2848 minum
1125 2820 1157 2848 de
1167 2821 1236 2847 cmlo
1249 2828 1420 2855 egressurum
1437 2821 1513 2848 initio
1526 2820 1573 2853 ait,
1593 2827 1624 2847 ac
1639 2827 1692 2847 non
1708 2819 1783 2856 prius

491 2868 513 2883 '”
534 2867 599 2894 ibid.
617 2867 643 2894 5.
680 2867 704 2883 ⁷³
719 2867 800 2894 Miclt.
815 2875 852 2900 tv,
872 2867 897 2900 1,
913 2868 940 2895 2.

991 2867 1086 2895 ‘Mich.
1103 2875 1130 2901 v,
1147 2867 1173 2899 ιι,
1190 2866 1216 2894 5.
1253 2867 1275 2882 ⁸⁵
1292 2867 1364 2895 Psal.
1378 2875 1452 2900 Lxxt,
1469 2868 1493 2893 7.

212 2914 250 2948 (Ι,
261 2913 503 2949 'l'ypographorum
521 2914 626 2942 incuria
641 2914 812 2943 intercidisse
828 2913 935 2942 videtur
946 2923 960 2940 τ

991 2922 1006 2946 ι,
1019 2912 1091 2948 quod
1106 2912 1240 2941 referatur
1257 2912 1290 2940 ad
1304 2913 1463 2949 παρουσίαν.
1478 2913 1558 2941 Eutr.
