2089 3218
287 170 340 198 553

638 167 773 195 ELSEBII
793 168 1030 196 CASSARIENSlS
1049 169 1123 196 OPP.
1142 169 1231 196 PARS
1249 169 1278 196 ll.
1297 185 1332 189 —
1350 169 1596 199 APOLOGETICA.

1851 175 1905 202 5-“

285 234 349 262 erga
376 227 499 253 homines
527 225 643 260 pastoris
669 224 756 251 otlicio
789 225 957 259 l'uncturum,
989 233 1059 260 quan

1100 236 1106 256 ι
1123 225 1269 260 χθήσεσθαι
1283 225 1329 251 τοῦ
1357 226 1465 261 Ἰσραὴλ
1485 227 1602 262 εἴρηται,
1624 228 1744 264 aut/9,01»;
1760 231 1808 264 τῆς
1829 231 1906 267 ἱερᾶς

285 271 415 301 nascetur
430 273 452 299 is
467 272 511 306 qui
525 279 539 298 a
556 271 697 306 prophetis
714 271 832 303 canitur,
849 271 875 298 in
893 271 1067 299 Bethlehem:

284 319 421 355 quomodo
439 325 503 345 vero
520 318 576 344 haec
594 317 620 344 in
643 316 786 344 Salvatore
801 325 833 344 ac
848 317 963 345 Domino
977 319 1070 345 termi-

285 369 346 392 nata
364 365 429 393 sint,
446 363 602 391 testimonio
623 371 672 390 suo
695 364 805 398 planum
829 364 891 391 fecit
904 365 1067 399 evangelista

285 412 311 437 in
328 411 362 438 iis
377 410 475 443 verbis,
493 417 552 444 quae
563 410 597 437 ab
613 410 658 436 illo
669 417 756 443 nuper
776 409 912 444 accipiens
928 411 1065 444 proposui.

282 455 380 482 Pastor
401 460 490 482 autem
512 461 537 482 et
550 455 603 482 duv
620 455 705 490 ipsius
733 454 816 482 Israel
829 455 1011 483 declarandus
1025 456 1067 483 di-

282 502 354 529 citur
378 501 512 533 Christus,
542 508 604 528 cum
627 502 684 529 haec
707 509 847 528 sacrarum
863 502 1014 529 litterarum
1031 503 1066 530 sit

282 547 460 577 consuetudo.
478 550 507 572 ut
528 548 689 573 sententiam
711 546 902 580 sequentibus,
918 553 1012 573 verum
1025 545 1065 573 ls-

282 593 337 620 rael
355 593 494 619 nominent
512 599 619 619 onmem
644 600 704 619 eum
728 592 773 627 qui
792 591 968 626 contemplari
986 591 1065 619 facile

281 640 378 674 possit,
394 643 420 666 et
436 643 540 674 gratam
556 638 610 665 Deo
625 639 707 665 vitam
725 642 869 672 sequatur:
888 638 959 665 sicut
972 645 1064 664 econ-

279 687 364 713 trario
375 685 482 713 Judmos
493 689 552 720 post
564 689 716 719 peccaturo,
729 685 909 716 Chananaeos,
920 689 945 711 et
956 691 1059 715 semen,

277 738 332 758 non
355 730 434 767 Juda.
452 731 498 758 sed
512 731 652 764 Chanaan,
669 736 695 758 et
717 731 853 766 principes
880 730 1060 757 Sodomorum

277 780 304 804 et.
317 778 445 813 populum
469 777 627 805 Gomorrhae
650 777 683 804 ad
707 785 796 805 mores
814 777 922 804 illorum
938 776 1061 803 alluden-

278 828 319 850 tes
335 830 433 850 vocare
448 823 535 850 solita:
551 827 632 850 sunt:
650 823 750 858 alioqui
771 830 836 850 vero
851 823 933 849 etiam
951 822 983 849 ad
998 830 1059 849 ver-

277 869 340 896 bum
356 869 606 904 interpretantibus.
622 870 712 896 omnis
726 868 877 896 Salvatoris
892 869 979 896 nostri
996 869 1058 896 vitae

276 916 446 943 consuetudo
463 915 534 951 apud
549 915 688 942 Judaicam
712 919 818 950 gentem
841 916 900 947 fuit,
917 919 944 943 et
958 915 1057 942 multo-

275 969 334 988 rum
364 969 396 988 ex
414 961 495 989 Israel
511 961 565 988 dux
593 962 708 992 exstitit,
737 969 831 988 eorum
862 961 987 988 videlicet
1009 961 1057 996 qui

275 1006 362 1041 ipsum
375 1012 551 1042 agnoverunt,
562 1011 643 1041 atque
654 1014 686 1034 ex
702 1006 910 1033 circumcisione
926 1006 952 1032 in
967 1006 1056 1041 ipsum

273 1052 458 1083 crediderunt,
471 1057 497 1079 et
513 1053 538 1079 id
555 1052 664 1087 quidem
685 1052 758 1087 quod
775 1052 808 1078 ad
823 1052 977 1086 expositum
994 1059 1056 1078 ora-

272 1099 362 1125 culum
378 1096 504 1134 pertinet,
523 1099 601 1125 talem
628 1098 730 1125 exitum
756 1098 868 1131 invenit;
887 1106 947 1132 qua:
965 1102 1054 1125 autem

272 1149 423 1180 sequuntur
436 1145 520 1171 altero
532 1148 673 1180 assumpto
685 1145 762 1171 initio
777 1145 890 1179 legenda
903 1148 977 1175 sunt,
995 1151 1055 1178 qua:

270 1190 310 1217 sic
325 1191 432 1226 quidem
450 1198 480 1218 se
504 1191 619 1217 habent:
641 1200 650 1215 ι
664 1190 792 1225 Assyrius
815 1197 876 1217 cum
901 1190 1005 1216 venerit
1025 1189 1052 1216 in

269 1239 370 1264 terram
387 1240 515 1268 vestram,
540 1241 567 1264 et
594 1244 656 1263 cum
682 1236 835 1264 ascenderit
860 1235 887 1262 in
914 1235 1051 1269 regionem

269 1287 398 1313 vestram,
414 1283 607 1309 excitabuntur
622 1282 648 1308 in
665 1282 740 1308 illum
759 1285 861 1315 septem
879 1285 1012 1314 pastores,
1024 1283 1051 1306 et

268 1331 329 1354 octo
355 1335 462 1355 morsus
486 1328 627 1355 hominum
640 1329 675 1359 δ’,
691 1337 700 1353 ι
730 1331 757 1354 et
781 1327 901 1361 reliqua;
924 1333 983 1360 qua:
998 1333 1052 1360 quo

267 1381 351 1401 sensu
376 1373 432 1400 sint
458 1373 627 1408 accipienda,
657 1381 711 1399 non
737 1376 780 1400 est
803 1379 875 1399 nunc
904 1371 1050 1398 enarraadi

268 1418 355 1445 locus.
389 1418 492 1445 Dixerit
517 1423 606 1445 autem
630 1419 766 1452 quispiam
795 1421 855 1452 post
875 1417 1049 1452 Assyriorum

267 1464 294 1490 in
311 1463 432 1491 Iudaeam
450 1464 605 1496 adventum,
625 1464 706 1500 346
723 1473 777 1499 quo
798 1463 910 1491 Iudaica
927 1471 993 1498 gens
1015 1463 1049 1490 ab

267 1510 320 1538 illis
337 1515 415 1545 capta
436 1515 488 1541 est,
506 1514 560 1536 tam
584 1511 682 1538 multas
709 1510 881 1537 incursiones
904 1513 985 1544 atque
1007 1510 1049 1536 in-

265 1558 393 1585 solentias
410 1562 504 1585 contra
530 1558 590 1585 illos
607 1559 755 1589 exstitisse,
770 1567 849 1593 quam
874 1559 965 1585 multa:
1003 1562 1106 1593 septem
1128 1558 1283 1592 pastoribus
1308 1561 1334 1584 et
1357 1562 1420 1585 octo
1452 1558 1590 1585 morsibus
1617 1558 1781 1586 indicantur.

1073 904 1094 930 Β

1126 270 1236 305 Γραφῆς
1250 270 1294 297 τὸν
1311 269 1397 306 ἀληθῆ
1421 271 1526 307 Ἰσραὴλ
1543 272 1613 298 κατὰ
1627 272 1743 299 διάνοιαν
1758 275 1845 302 πάντα
1858 276 1904 304 τὸν

1119 316 1280 352 διορατικὸν,
1297 316 1344 342 καὶ
1359 316 1462 352 ἁρετῶς
1478 317 1536 352 Θεῷ
1553 317 1660 352 βιοῦντα
1672 319 1902 356 ὲπονομαζούσης·

1118 362 1156 394 ὡς
1174 361 1289 397 ἔμπαλιν
1309 363 1371 393 τοὺς
1387 362 1419 388 ὲκ
1439 363 1598 398 περιτομῆς,
1615 363 1691 390 ὁπόθ’
1711 365 1900 401 ἁμαρτάνοιεν.

1117 408 1284 439 Χαναναίους
1298 409 1345 435 καὶ
1360 409 1470 444 σπέρμα
1484 408 1667 444 Χαναὰμ,οιαὶ
1680 410 1730 436 οὐκ
1749 411 1841 443 Ἰούδα,
1857 413 1903 448 ἄρα

1116 455 1213 489 χοντάς
1226 463 1256 481 τε
1269 454 1402 490 Σοδόμων,
1414 454 1461 480 καὶ
1476 453 1538 480 λαὸν
1553 455 1703 490 Γομόρρας,
1717 456 1843 492 ἐμφερῶς
1853 458 1901 483 αύ-

1116 500 1170 526 τῶν
1187 501 1242 532 τοῖς
1253 500 1364 536 τρόποις
1376 500 1572 534 ἀποκαλούσης.
1588 500 1689 533 Ἀλλως
1698 501 1725 527 δὲ
1738 502 1805 537 πρὸς
1817 502 1898 535 λέξιν,

1115 547 1131 581 ἠ
1150 547 1222 572 πᾶσα
1238 546 1285 572 τοῦ
1302 547 1427 582 Σωτῆρος
1442 546 1518 582 ἡμῶν
1539 546 1662 582 διατριϐὴ
1683 547 1757 582 παρὰ
1776 547 1815 582 τῷ
1834 548 1900 574 Ἰου-

1114 591 1194 617 δαίων
1211 591 1282 618 ἔθνει
1297 592 1402 625 γέγονε,
1415 592 1461 618 καὶ
1478 591 1581 618 πολλῶν
1594 600 1624 626 γε
1638 592 1684 618 τοῦ
1710 593 1814 628 Ἰσραὴλ
1830 594 1901 629 ἡγή-

1114 645 1189 668 σατο,
1212 637 1268 663 ὅσοι
1291 637 1321 672 δὴ
1344 637 1463 671 ἔγνωσαν
1486 637 1576 669 αὑτὸν,
1600 638 1646 664 καὶ
1664 639 1704 669 εἰς
1720 638 1800 665 αὑτὸν
1817 647 1899 665 πεπι-

1113 684 1243 710 στεύκασι
1263 683 1316 710 τῶν
1331 684 1363 710 ὲκ
1379 684 1540 719 περιτομῆς.
1565 684 1618 710 Καὶ
1633 684 1663 710 τὸ
1682 685 1729 719 μὲν
1750 685 1798 720 τῆς
1821 686 1899 712 ἐκτε-

1111 729 1204 765 θείσης
1219 730 1396 765 προρρἠεως
1412 729 1537 764 τοιαύτην
1557 729 1650 765 εἴληφε
1664 730 1712 765 τὴν
1727 729 1847 757 ἑκϐασιν·
1863 731 1898 758 τὰ

1110 776 1138 803 δὲ
1155 776 1216 811 ἑξῆς
1227 777 1273 810 ἀφ’
1285 776 1380 811 ἑτέρας
1391 776 1574 810 ἀναγνωστέον
1585 776 1680 811 ἀρχῆς⁷
1693 775 1777 808 οὕτως
1789 776 1895 812 ἔχοντα·

1112 829 1122 845 ‹
1146 819 1286 855 Ἀσσύριος
1296 820 1359 846 ὅταν
1370 820 1470 856 ἐπέλοη
1485 821 1530 846 ἐπὶ
1543 820 1592 856 τὴν
1606 821 1656 856 γῆν
1672 821 1759 856 ὑμῶν,
1775 822 1820 848 καὶ
1832 822 1896 848 ὅταν

1110 865 1190 901 ἐπιϐῇ
1208 866 1253 892 ἐπὶ
1272 866 1320 902 τὴν
1337 866 1428 902 χώραν
1445 866 1531 901 ὑμῶν,
1547 867 1594 893 καὶ
1607 867 1835 903 ὲπεγερθήσονται
1850 869 1895 894 ἐπ’

1108 911 1187 938 αὑτὸν
1199 912 1269 938 ἑπτὰ
1282 912 1418 947 ποιμένες,
1431 913 1477 938 καὶ
1487 911 1558 939 ὀκτὼ
1568 912 1693 948 δήγματα
1703 913 1864 949 ἀνθρώπου,
1883 924 1892 940 ι

1108 958 1204 985 καὶτὰ
1222 958 1326 989 τούτοις
1343 958 1484 984 ἀκόλουθα·
1509 958 1526 984 ἃ
1547 959 1593 984 καὶ
1615 959 1708 991 ὁποίας
1731 958 1822 995 ἔχεται
1838 960 1895 987 δια⁴

1107 1005 1192 1035 νοίας,
1203 1005 1233 1030 οὐ
1248 1004 1294 1030 τοῦ
1310 1004 1440 1039 παρόντος
1451 1004 1578 1039 τυγχάνει
1591 1005 1769 1040 διηγήσασθαι
1785 1006 1892 1040 καιροῦ.

1107 1050 1185 1077 Εἴποι
1201 1050 1223 1076 δ’
1238 1051 1270 1077 ἄν
1288 1059 1330 1082 τις
1343 1050 1412 1085 μετὰ
1424 1050 1471 1086 τὴν
1489 1051 1637 1086 Ἀσσυρίων
1649 1052 1688 1083 εἰς
1698 1051 1746 1087 τὴν
1763 1051 1894 1078 Ἰουδαίαν

1106 1096 1260 1131 ἐπιδημίαν,
1278 1096 1338 1122 καθ⁴
1354 1096 1387 1131 ἣν
1405 1093 1474 1122 εἷλον
1490 1096 1520 1122 τὸ
1542 1096 1675 1123 Ἰουδαίων
1692 1096 1776 1129 ἔθνος,
1795 1097 1894 1124 τοσαύ-

1104 1150 1153 1173 τας
1176 1142 1374 1173 ἐπαναστάσεις
1401 1143 1459 1168 κατ“
1484 1142 1572 1168 αὐτῶν
1595 1142 1745 1176 γεγονέναι,
1764 1143 1824 1169 ὅσαι
1844 1143 1893 1179 δη·-

1103 1185 1212 1213 λοῦνται
1227 1186 1270 1213 διὰ
1292 1186 1344 1212 τῶν
1368 1186 1436 1213 ἑπτὰ
1462 1188 1596 1222 ποιμένων
1615 1188 1662 1214 καὶ
1680 1187 1723 1214 διὰ
1743 1187 1797 1214 τῶν
1818 1188 1892 1215 ὀκτὼ

1103 1232 1258 1268 δηγμάτων·
1271 1232 1358 1258 ταῦτα
1371 1232 1398 1258 δὲ
1411 1232 1539 1259 δύνασθαι
1550 1233 1647 1259 εἰδέναι
1660 1233 1723 1264 τοὺς
1737 1233 1771 1260 τὰ
1794 1234 1890 1261 Ἀσσυ-

1103 1279 1167 1314 ρίων
1187 1279 1372 1314 ἱστορηκότας,
1389 1276 1426 1305 ὧν
1442 1279 1488 1304 ἐπὶ
1507 1279 1578 1305 τέλει
1595 1279 1640 1306 τὸν
1658 1280 1690 1306 ὲκ
1703 1279 1752 1314 τῆς
1766 1279 1890 1316 Βηθλεὲμ

1102 1325 1336 1360 προφητευόμενον
1354 1325 1502 1358 γεγονέναι,
1528 1325 1598 1351 κατὰ
1618 1326 1681 1357 τοὺς
1698 1325 1768 1352 ἑπτὰ
1788 1326 1889 1362 δηλαδὴ

1104 1371 1232 1405 ποιμένας
1250 1371 1297 1396 καὶ
1311 1371 1345 1397 τὰ
1358 1370 1429 1397 ὀκτὼ
1442 1371 1567 1406 δήγματα
1577 1372 1632 1402 τοῖς
1653 1371 1804 1406 Ἀσσυρίοις
1817 1380 1888 1406 συμ-

1103 1417 1188 1443 ϐάντα
1203 1418 1231 1443 ἐν
1246 1417 1367 1451 ὑστέροις
1378 1416 1483 1452 χρόνοις
1493 1417 1541 1452 τῆς
1551 1418 1589 1448 είς
1598 1417 1647 1452 τὴν
1663 1417 1789 1443 Ἰουδαίαν
1799 1417 1888 1444 αὐτῶν

1102 1463 1207 1497 ἐφόδου.
1226 1463 1318 1489 Ταῦτα
1336 1463 1364 1489 δὲ
1386 1463 1513 1498 πλείστης
1525 1463 1638 1499 ἐρεύνης
1655 1464 1779 1499 δεόμενα,
1793 1464 1823 1490 οὐ
1839 1463 1887 1491 νῦν

1102 1508 1336 1544 πολυπραγμονεῖν
1351 1508 1454 1544 καιρός.

1820 1558 1885 1586 Ηιτε

265 1608 354 1631 autem
386 1605 449 1631 sciri
471 1612 550 1638 posse
584 1604 617 1631 ab
642 1604 676 1632 iis
693 1605 738 1634 oui
762 1612 805 1632 res
826 1605 998 1640 Assyriorum
1029 1605 1166 1631 memorize
1190 1604 1358 1639 prodiderint
1381 1613 1388 1631 :
1423 1612 1538 1639 quorum
1564 1609 1625 1640 post
1650 1606 1742 1638 tinem,
1767 1615 1829 1634 eum
1851 1608 1886 1635 de

263 1660 318 1687 quo
335 1652 473 1688 propheta:
494 1653 643 1686 loquuntur
663 1653 697 1680 de
716 1652 870 1680 Bcthlehem
896 1653 1043 1683 exstitisse,
1066 1656 1126 1687 post
1144 1657 1247 1686 septem
1259 1651 1385 1678 videlicet
1400 1657 1523 1687 pastores
1540 1658 1566 1680 et
1581 1657 1643 1688 post
1676 1657 1738 1680 octo
1770 1658 1882 1682 morsu

263 1699 309 1733 qui
342 1698 468 1734 Assyrios
492 1699 651 1731 invaserint,
674 1700 841 1734 temporibus
867 1707 927 1734 quae
959 1699 1065 1726 illorum
1099 1700 1126 1726 in
1149 1698 1269 1725 Judmam
1296 1706 1436 1726 accessum
1465 1700 1611 1727 subsecuta
1639 1704 1713 1728 sunt.
1734 1699 1883 1732 Caeterum,

263 1746 320 1774 haec
344 1746 487 1781 plurimam
504 1747 669 1782 postulantia
684 1747 894 1784 indagationem,
911 1755 964 1774 non
988 1752 1029 1774 est
1050 1754 1124 1773 nunc
1139 1747 1277 1773 curiosius
1289 1746 1448 1781 explorandi
1462 1750 1579 1782 tempus.

261 1815 283 1842 Α
296 1815 398 1849 psalmo
416 1823 508 1858 exvit].
525 1831 559 1858 -—_-
574 1816 708 1856 Qewrenti
720 1816 824 1858 “David
852 1816 973 1858 quisnam
1001 1818 1040 1844 ιο·
1054 1825 1059 1847 ι

1100 1816 1173 1858 Ἀπὸ.
1189 1816 1312 1858 gallici:
1328 1816 1439 1857 p).a’:—
1451 1815 1611 1850 Πυθομένῳ
1628 1815 1666 1858 τῷ
1683 1815 1780 1858 Δαϐὶδ,
1797 1820 1884 1858 ποῖος

296 1859 342 1877 cus
365 1855 431 1877 esset
453 1850 581 1885 [Sp/Irata,
599 1853 626 1878 in
646 1860 697 1886 qua
717 1851 784 1879 Deus
808 1850 1003 1885 praénuntiatus
1025 1861 1041 1879 a

296 1886 428 1920 prophetis
453 1892 614 1917 nasceretur,
634 1887 691 1920 ipsa
713 1892 799 1913 autem
817 1891 856 1914 est
880 1887 1040 1919 Belide/tem,

295 1928 342 1955 per
357 1920 484 1954 Spiritum
497 1929 617 1948 sanciunt
634 1923 829 1956 manileslatur.

299 1986 308 2002 ι
318 1976 462 2009 Memento,
482 1977 604 2009 Domine,
627 1977 722 2008 David.
737 1983 764 2005 et
778 1979 866 2006 omnis
881 1983 1042 2007 mansuetu-

261 2022 333 2050 dinis
344 2023 421 2056 ejus:
439 2023 623 2058 sicutjuravit
639 2023 764 2055 Domino,
784 2029 876 2051 votum
895 2025 968 2052 vovit
987 2025 1041 2052 Deo

259 2067 358 2096 Jacob:
383 2068 406 2096 si
433 2068 563 2096 introiero
581 2070 608 2096 in
623 2070 828 2097 tabernaculum
843 2069 940 2098 domus
963 2078 1039 2101 meae.

260 2114 284 2141 si
300 2113 448 2141 ascemlero
462 2114 488 2141 in
507 2114 606 2141 lectum
629 2115 707 2142 strati
724 2116 793 2142 mei:
817 2115 840 2142 si
855 2115 954 2142 dedero
967 2124 1040 2142 som-

259 2169 324 2188 num
338 2160 425 2188 oculis
439 2161 516 2192 meis,
531 2166 558 2188 et
573 2161 707 2196 palpebris
717 2162 784 2189 meis
803 2161 1036 2194 dormitationem,

260 2205 299 2243 [et
319 2207 440 2241 requiem
456 2207 623 2242 temporibus
639 2207 729 2244 meis,]
745 2207 834 2235 donec
850 2209 985 2235 inveniam
1001 2209 1040 2236 lo-

258 2261 321 2281 cum
352 2253 479 2286 Domino,
514 2254 719 2281 tabernaculum
750 2253 804 2282 Deo
836 2253 930 2282 Jacob.
970 2254 1040 2282 Ecce

258 2299 413 2327 audivimus
454 2307 513 2327 eam
554 2300 583 2327 in
624 2300 751 2335 Ephrata,
788 2300 941 2328 invenimus
979 2309 1038 2328 eam

258 2346 286 2373 in
318 2346 422 2381 campis
456 2346 554 2381 sylva}:
600 2346 772 2374 introibimus
805 2346 833 2373 in
864 2345 1039 2373 tabernacula

257 2392 328 2426 ejus,
349 2392 524 2419 adorabimus
554 2392 581 2419 in
616 2392 675 2419 loco
710 2392 755 2420 ubi
785 2395 920 2420 steterunt
958 2393 1039 2427 pedes

256 2438 357 2472 ejus".
385 2448 394 2464 ι
414 2437 482 2465 Tum
525 2438 651 2473 deinceps
702 2438 825 2473 adjungit
848 2447 854 2465 :
894 2437 1040 2474 «Propter

1129 1852 1173 1886 ἄρ’
1187 1852 1232 1884 εἴη
1247 1853 1262 1878 ὁ
1276 1850 1332 1885 τῆςί
1345 1851 1397 1878 τοῦ
1414 1850 1693 1885 προχηρυττομένου
1709 1852 1782 1878 Θεοῦ
1797 1850 1882 1886 rue;

1127 1896 1203 1920 σεως
1215 1887 1313 1919 τόπος,
1329 1887 1347 1920 ἡ
1369 1886 1503 1921 Ἐφραθὰ,
1522 1887 1596 1920 αὕτη
1614 1886 1647 1912 δέ
1667 1886 1752 1912 ἐστιν
1767 1887 1785 1920 ἡ
1803 1889 1882 1920 Βηθ-

1126 1923 1209 1957 λεέμ,
1225 1922 1272 1948 διὰ
1288 1922 1339 1948 τοῦ
1355 1923 1434 1948 θείου
1450 1922 1622 1956 Πνεύματος
1640 1921 1827 1956 φανεροῦται.

1130 1988 1141 2003 ‹
1157 1977 1310 2013 Μνήσθητι,
1336 1977 1432 2012 Κύριε,
1457 1976 1504 2003 τοῦ
1533 1977 1625 2010 Δαϐὶδ,
1648 1977 1695 2003 καὶ
1717 1977 1808 2012 πάσης
1832 1978 1881 2013 τῆς

1092 2025 1243 2061 πραότητος
1264 2023 1355 2050 αὑτοῦ·
1377 2023 1414 2055 ὡς
1430 2023 1519 2058 ὤμοσε
1537 2023 1576 2058 τῷ
1594 2024 1699 2059 Κυρίῳ,
1724 2023 1824 2059 ηὔξατο
1841 2024 1881 2059 τῷ

1092 2070 1151 2106 Θεῴ
1169 2069 1274 2097 Ἰακὼὃ·
1290 2070 1321 2096 El.
1335 2069 1520 2104 εἰσελεύσομαι
1531 2070 1570 2101 εἰς
1583 2070 1714 2104 σκήνωμα
1725 2069 1800 2096 οἴκου
1816 2078 1879 2104 μου,

1091 2118 1116 2143 εἰ
1132 2117 1302 2152 ἁναῦήσομαι
1326 2117 1372 2143 ἐπὶ
1392 2115 1484 2151 κλίνης
1507 2116 1651 2152 στρωμνῆς
1669 2125 1729 2151 μου·
1755 2117 1778 2142 εἰ
1801 2115 1880 2142 δώσω

1093 2164 1176 2190 ὕπνον
1198 2165 1254 2195 τοῖς
1276 2162 1422 2198 ὀφθαλμοῖς
1448 2171 1508 2197 μου,
1528 2163 1573 2188 καὶ
1589 2163 1646 2193 τοῖς
1663 2161 1810 2198 βλεφάροις
1827 2171 1879 2196 μου

1091 2209 1257 2244 νυσταγμον,
1271 2209 1324 2240 ’έως
1340 2206 1370 2234 οὗ
1385 2208 1457 2243 εὕρω
1474 2208 1554 2235 τόπον
1570 2208 1609 2244 τῷ
1625 2209 1729 2244 Κυρίῳ,
1745 2209 1879 2244 σκῆυωμα

1090 2255 1130 2291 τῷ
1144 2255 1203 2290 Θεῷ
1223 2254 1327 2281 Ἰακώϐ.
1348 2254 1412 2281 Ἰδοὺ
1425 2254 1579 2290 ἠκούσαμεν
1595 2254 1677 2289 αὐτὴν
1693 2255 1721 2280 ὲν
1744 2255 1877 2290 Ἑφραθὲι,

1091 2301 1206 2337 εὕρομεν
1221 2300 1305 2336 αὐτὴν
1319 2301 1348 2326 ἐν
1359 2301 1414 2332 τοῖς
1425 2300 1524 2331 πεδίοις
1535 2300 1582 2326 τοῦ
1596 2299 1708 2335 δρυμοῦ·
1727 2300 1879 2327 εἰσελευσό›

1093 2346 1163 2382 μεθα
1185 2347 1224 2377 εἰς
1243 2346 1277 2372 τὰ
1302 2346 1467 2381 σκηνώματα
1487 2346 1579 2378 αὐτοῦ,
1597 2347 1822 2382 προσκυνήσομεν
1838 2349 1878 2379 εἰς

1089 2393 1135 2418 τὸν
1158 2392 1250 2424 τόπον,
1270 2388 1300 2418 οὗ
1323 2392 1437 2427 ἔστησαν
1459 2393 1483 2418 οἱ
1506 2393 1585 2423 πόδες
1606 2392 1699 2419 αὐτοῦ,
1717 2402 1726 2418 ι
1743 2391 1878 2428 Εἷθ“ὲξῆς

1091 2438 1219 2472 ἐπιλέγει·
1227 2437 1355 2464 (Ἕνεκεν
1364 2438 1444 2464 Δαϐιδ
1455 2438 1500 2465 τοῦ
1512 2438 1603 2465 δούλου
1618 2447 1675 2471 σου,
1690 2438 1726 2474 μὴ
1741 2439 1877 2475 ἀποστρέ-

257 2483 342 2511 David
366 2492 474 2512 servum
497 2488 584 2518 tuum,
615 2492 649 2512 ne
673 2489 780 2512 avertas
807 2484 902 2512 faciem
937 2484 1059 2523 Christi]

1100 2484 1143 2520 ’m;
1163 2484 1193 2510 τὸ
1213 2484 1357 2521 πρόσωπον
1372 2483 1419 2510 τοῦ
1436 2484 1553 2520 Χριστοῦ
1576 2493 1631 2511 σου.
1656 2486 1757 2519 Ὤμοσε
1774 2485 1877 2520 Κύριος

257 2531 308 2558 tui.
329 2530 433 2558 Juravit
463 2531 593 2558 Dominus
629 2530 713 2557 David
740 2530 893 2563 veritatem,
928 2535 956 2558 et
985 2539 1039 2558 non

257 2576 433 2604 frustrabitur
457 2585 528 2608 eum,
561 2578 593 2604 de
620 2577 709 2604 I'ructu
733 2577 837 2604 ventris
866 2577 905 2604 tui
939 2585 1037 2612 ponam

258 2630 340 2657 super
354 2622 445 2650 sedem
461 2626 534 2649 tuam
545 2623 578 2650 ⁸⁸.
592 2633 601 2648 ι
617 2623 649 2650 Et
661 2623 783 2658 adjungit
796 2623 839 2650 his
851 2623 914 2650 item
928 2623 1036 2650 dicens:

259 2676 269 2693 ‹
284 2668 349 2695 Illuc
374 2669 520 2703 producam
545 2677 629 2696 cornu
655 2669 750 2701 David,
779 2670 872 2704 paravi
897 2670 1035 2697 lucernam

258 2711 367 2739 Christo
392 2721 466 2740 meo:
494 2713 619 2741 inimicos
642 2714 702 2748 ejus
724 2714 834 2741 induam
862 2715 1033 2745 confusione,

258 2765 340 2792 super
355 2758 442 2792 ipsum
461 2764 550 2786 autem
566 2759 696 2787 etllorebit
712 2761 892 2787 sanctiﬁcatio
908 2768 966 2786 mea
975 2759 1008 2786 ⁸⁸.
1023 2769 1031 2785 ι

258 2802 345 2829 Etiam
356 2803 413 2830 haec
430 2805 568 2839 prophetia
580 2813 641 2833 cum
657 2806 796 2840 superiore
809 2805 966 2837 concordat,
976 2813 1035 2841 quin

292 2880 312 2896 "
333 2881 453 2914 Mich.v,
470 2881 496 2908 5.
533 2883 556 2898 ⁶¹
571 2882 642 2910 Psal.
663 2884 722 2916 151,
743 2884 793 2912 1-7.
832 2884 854 2900 "
872 2883 938 2911 ibid.
956 2885 998 2916 10,
1022 2885 1064 2912 Η.

1090 2529 1171 2557 Δαϐὶδ
1192 2529 1330 2565 ἀλήθειαν,
1354 2531 1401 2557 καὶ
1425 2531 1455 2557 οὺ
1480 2532 1516 2566 μὴ
1531 2531 1670 2567 ιᾰθετήσει
1697 2531 1794 2558 αὐτόν·
1829 2533 1877 2559 Ἐκ

1088 2569 1258 2611 καρποῦθτῆς
1271 2576 1374 2608 κοιλίας
1387 2585 1433 2602 σου
1449 2577 1565 2612 θήσομαι
1580 2578 1626 2604 ἐπὶ
1637 2577 1682 2604 τὸν
1692 2577 1785 2613 θρόνον
1799 2586 1873 2604 σου.»

1088 2623 1141 2649 Καὶ
1153 2623 1275 2658 ἐπιφέρει
1284 2623 1386 2655 τούτοις
1396 2624 1490 2657 λέγων·
1511 2633 1519 2649 ι
1533 2625 1604 2650 Ἐκεῖ
1622 2624 1773 2657 ἐξανατελῶ
1791 2626 1876 2660 κὲμις

1086 2667 1124 2702 τῷ
1145 2668 1237 2699 Δαϐὶδ,
1261 2669 1396 2703 ἡτοίμασα
1414 2668 1507 2704 λύχνον
1532 2669 1571 2704 τῷ
1589 2669 1698 2704 Χριστῷ
1721 2678 1790 2705 μου·
1811 2671 1876 2701 nio;

1086 2714 1198 2750 ἐχθροὺς
1217 2714 1299 2742 αὑτοῦ
1322 2716 1422 2742 ἐνδύσω
1441 2716 1580 2751 αἰσχύνην,
1598 2718 1643 2743 ἐπὶ
1658 2717 1686 2744 δὲ
1700 2717 1781 2743 αὑτὸν
1797 2710 1876 2749 ego»!
1891 2721 1898 2724 ⁴

1086 2760 1163 2795 θήσει
1180 2761 1211 2787 τὸ
1227 2761 1349 2796 ἁγίασμά
1365 2771 1423 2797 μου.
1440 2772 1449 2787 ›
1467 2762 1575 2797 Συνᾴδει
1592 2763 1624 2797 τῇ
1640 2763 1692 2797 πρὸ
1706 2762 1808 2798 ταύτης
1825 2763 1872 2789 καὶ

1086 2808 1102 2842 ὴ
1121 2807 1244 2842 παροῦσα
1262 2808 1421 2842 προφητεία,
1439 2809 1470 2834 ὲκ
1487 2807 1608 2843 Βηθλεὲμ
1622 2808 1667 2834 τὸν
1683 2809 1871 2844 προκηρυττό-

1105 2885 1125 2900 ⁸⁸
1144 2885 1208 2912 ibid.
1230 2885 1272 2918 Π,
1295 2885 1337 2912 18.
