  <div class='ocr_page' id='page_1' title='image "/cluster/home/n/w/nwhite01/storage/ocr_20150623/22/njp.32101077772497/320.png"; bbox 0 0 2089 3218; ppageno 0'>
   <div class='ocr_carea' id='block_1_1' title="bbox 183 184 238 213">
    <p class='ocr_par' dir='ltr' id='par_1_1' title="bbox 183 184 238 213">
     <span class='ocr_line' id='line_1_1' title="bbox 183 184 238 213; baseline -0.036 0"><span class='ocrx_word' id='word_1_1' title='bbox 183 184 238 213; x_wconf 68' lang='grc' dir='ltr'>διε</span> 
     </span>
    </p>
   </div>
   <div class='ocr_carea' id='block_1_2' title="bbox 570 182 1363 222">
    <p class='ocr_par' dir='ltr' id='par_1_2' title="bbox 570 182 1363 222">
     <span class='ocr_line' id='line_1_2' title="bbox 570 182 1363 222; baseline 0.004 -11"><span class='ocrx_word' id='word_1_2' title='bbox 570 219 571 222; x_wconf 20' lang='grc' dir='ltr'><strong>η</strong></span> <span class='ocrx_word' id='word_1_3' title='bbox 623 182 951 214; x_wconf 70' lang='lat' dir='ltr'><strong>DEMONSTRATIONIS</strong></span> <span class='ocrx_word' id='word_1_4' title='bbox 972 184 1201 214; x_wconf 69' lang='lat' dir='ltr'><strong>EVANGELICA‘]</strong></span> <span class='ocrx_word' id='word_1_5' title='bbox 1221 185 1285 214; x_wconf 82' lang='lat' dir='ltr'><strong>LIB.</strong></span> <span class='ocrx_word' id='word_1_6' title='bbox 1307 185 1363 214; x_wconf 79' lang='lat' dir='ltr'><strong>VH.</strong></span> 
     </span>
    </p>
   </div>
   <div class='ocr_carea' id='block_1_3' title="bbox 1751 193 1803 221">
    <p class='ocr_par' dir='ltr' id='par_1_3' title="bbox 1751 193 1803 221">
     <span class='ocr_line' id='line_1_3' title="bbox 1751 193 1803 221; baseline 0 0"><span class='ocrx_word' id='word_1_7' title='bbox 1751 193 1803 221; x_wconf 72' lang='grc' dir='ltr'>διο</span> 
     </span>
    </p>
   </div>
   <div class='ocr_carea' id='block_1_4' title="bbox 185 242 980 281">
    <p class='ocr_par' dir='ltr' id='par_1_4' title="bbox 185 242 968 281">
     <span class='ocr_line' id='line_1_4' title="bbox 185 242 968 281; baseline 0 -11"><span class='ocrx_word' id='word_1_8' title='bbox 185 252 266 281; x_wconf 85' lang='grc' dir='ltr'>μενον</span> <span class='ocrx_word' id='word_1_9' title='bbox 279 243 345 270; x_wconf 80' lang='grc' dir='ltr'>Θεὸν</span> <span class='ocrx_word' id='word_1_10' title='bbox 360 242 567 279; x_wconf 80' lang='grc' dir='ltr'>προελεύσεσοαι</span> <span class='ocrx_word' id='word_1_11' title='bbox 585 244 762 279; x_wconf 77' lang='grc' dir='ltr'><strong>σημαίνουσα.</strong></span> <span class='ocrx_word' id='word_1_12' title='bbox 782 244 866 270; x_wconf 79' lang='grc' dir='ltr'>Τοῦτο</span> <span class='ocrx_word' id='word_1_13' title='bbox 882 245 910 271; x_wconf 76' lang='grc' dir='ltr'><strong>δὲ</strong></span> <span class='ocrx_word' id='word_1_14' title='bbox 923 243 968 272; x_wconf 78' lang='grc' dir='ltr'><strong>οὖν</strong></span> 
     </span>
    </p>
   </div>
   <div class='ocr_carea' id='block_1_5' title="bbox 1010 242 1802 281">
    <p class='ocr_par' dir='ltr' id='par_1_5' title="bbox 1021 243 1802 280">
     <span class='ocr_line' id='line_1_5' title="bbox 1021 243 1802 280; baseline 0.009 -10"><span class='ocrx_word' id='word_1_15' title='bbox 1021 243 1096 271; x_wconf 91' lang='lat' dir='ltr'><strong>illum</strong></span> <span class='ocrx_word' id='word_1_16' title='bbox 1113 243 1209 276; x_wconf 87' lang='lat' dir='ltr'><strong>Deum,</strong></span> <span class='ocrx_word' id='word_1_17' title='bbox 1225 245 1272 279; x_wconf 87' lang='lat' dir='ltr'><strong>qui</strong></span> <span class='ocrx_word' id='word_1_18' title='bbox 1287 245 1430 272; x_wconf 76' lang='lat' dir='ltr'><strong>nuntiatur</strong></span> <span class='ocrx_word' id='word_1_19' title='bbox 1445 249 1588 280; x_wconf 86' lang='lat' dir='ltr'><strong>venturus,</strong></span> <span class='ocrx_word' id='word_1_20' title='bbox 1602 248 1636 276; x_wconf 86' lang='lat' dir='ltr'><strong>de</strong></span> <span class='ocrx_word' id='word_1_21' title='bbox 1646 247 1802 279; x_wconf 83' lang='lat' dir='ltr'><strong>Bethlebem</strong></span> 
     </span>
    </p>
   </div>
   <div class='ocr_carea' id='block_1_6' title="bbox 183 289 967 325">
    <p class='ocr_par' dir='ltr' id='par_1_6' title="bbox 183 289 967 325">
     <span class='ocr_line' id='line_1_6' title="bbox 183 289 967 325; baseline 0.001 -9"><span class='ocrx_word' id='word_1_22' title='bbox 183 290 249 316; x_wconf 73' lang='grc' dir='ltr'>αὐτὸ</span> <span class='ocrx_word' id='word_1_23' title='bbox 274 289 322 316; x_wconf 80' lang='grc' dir='ltr'>καὶ</span> <span class='ocrx_word' id='word_1_24' title='bbox 343 290 357 316; x_wconf 84' lang='grc' dir='ltr'><strong>ὁ</strong></span> <span class='ocrx_word' id='word_1_25' title='bbox 382 289 474 322; x_wconf 72' lang='grc' dir='ltr'>Δαϐὶδ,</span> <span class='ocrx_word' id='word_1_26' title='bbox 497 289 628 325; x_wconf 77' lang='grc' dir='ltr'>πρότερον</span> <span class='ocrx_word' id='word_1_27' title='bbox 650 289 698 324; x_wconf 78' lang='grc' dir='ltr'>μὲν</span> <span class='ocrx_word' id='word_1_28' title='bbox 718 290 833 324; x_wconf 77' lang='grc' dir='ltr'><strong>ἀγνοῶν,</strong></span> <span class='ocrx_word' id='word_1_29' title='bbox 860 290 967 325; x_wconf 76' lang='grc' dir='ltr'><strong>εὔχεται</strong></span> 
     </span>
    </p>
   </div>
   <div class='ocr_carea' id='block_1_7' title="bbox 184 334 965 373">
    <p class='ocr_par' dir='ltr' id='par_1_7' title="bbox 184 334 965 373">
     <span class='ocr_line' id='line_1_7' title="bbox 184 334 965 373; baseline 0 -10"><span class='ocrx_word' id='word_1_30' title='bbox 184 336 260 373; x_wconf 83' lang='grc' dir='ltr'>παρὰ</span> <span class='ocrx_word' id='word_1_31' title='bbox 279 335 326 362; x_wconf 85' lang='grc' dir='ltr'><strong>τοῦ</strong></span> <span class='ocrx_word' id='word_1_32' title='bbox 349 335 415 362; x_wconf 83' lang='grc' dir='ltr'><strong>Θεοῦ</strong></span> <span class='ocrx_word' id='word_1_33' title='bbox 439 335 543 371; x_wconf 81' lang='grc' dir='ltr'><strong>μαθεῖν,</strong></span> <span class='ocrx_word' id='word_1_34' title='bbox 564 334 612 363; x_wconf 83' lang='grc' dir='ltr'>εἶτ’</span> <span class='ocrx_word' id='word_1_35' title='bbox 633 336 780 372; x_wconf 72' lang='grc' dir='ltr'>εὐξάμενος</span> <span class='ocrx_word' id='word_1_36' title='bbox 802 337 965 363; x_wconf 76' lang='grc' dir='ltr'>παιδεύεται.</span> 
     </span>
    </p>
   </div>
   <div class='ocr_carea' id='block_1_8' title="bbox 189 381 967 419">
    <p class='ocr_par' dir='ltr' id='par_1_8' title="bbox 189 381 967 419">
     <span class='ocr_line' id='line_1_8' title="bbox 189 381 967 419; baseline 0 -10"><span class='ocrx_word' id='word_1_37' title='bbox 189 382 297 418; x_wconf 81' lang='grc' dir='ltr'><strong>Ἐπειδὴ</strong></span> <span class='ocrx_word' id='word_1_38' title='bbox 308 382 361 417; x_wconf 80' lang='grc' dir='ltr'><strong>γὰρ</strong></span> <span class='ocrx_word' id='word_1_39' title='bbox 371 381 503 417; x_wconf 81' lang='grc' dir='ltr'><strong>τετύχηκε</strong></span> <span class='ocrx_word' id='word_1_40' title='bbox 516 382 639 417; x_wconf 78' lang='grc' dir='ltr'><strong>χρησμοῦ</strong></span> <span class='ocrx_word' id='word_1_41' title='bbox 655 383 700 409; x_wconf 81' lang='grc' dir='ltr'><strong>τοῦ</strong></span> <span class='ocrx_word' id='word_1_42' title='bbox 714 383 781 418; x_wconf 80' lang='grc' dir='ltr'>πρὸς</span> <span class='ocrx_word' id='word_1_43' title='bbox 795 383 874 409; x_wconf 79' lang='grc' dir='ltr'>αὑτὸν</span> <span class='ocrx_word' id='word_1_44' title='bbox 889 383 917 409; x_wconf 80' lang='grc' dir='ltr'>ἐν</span> <span class='ocrx_word' id='word_1_45' title='bbox 929 383 967 419; x_wconf 83' lang='grc' dir='ltr'>τῷ</span> 
     </span>
    </p>
   </div>
   <div class='ocr_carea' id='block_1_9' title="bbox 182 428 967 466">
    <p class='ocr_par' dir='ltr' id='par_1_9' title="bbox 182 428 967 466">
     <span class='ocr_line' id='line_1_9' title="bbox 182 428 967 466; baseline 0.003 -12"><span class='ocrx_word' id='word_1_46' title='bbox 182 428 281 464; x_wconf 79' lang='grc' dir='ltr'>ψαλμῷ</span> <span class='ocrx_word' id='word_1_47' title='bbox 299 429 443 464; x_wconf 85' lang='grc' dir='ltr'>φήσαντος,</span> <span class='ocrx_word' id='word_1_48' title='bbox 465 438 473 454; x_wconf 86' lang='lat' dir='ltr'><strong>r</strong></span> <span class='ocrx_word' id='word_1_49' title='bbox 496 429 543 455; x_wconf 90' lang='grc' dir='ltr'><strong>Ἐκ</strong></span> <span class='ocrx_word' id='word_1_50' title='bbox 559 429 663 463; x_wconf 83' lang='grc' dir='ltr'>καρποῦ</span> <span class='ocrx_word' id='word_1_51' title='bbox 679 429 728 464; x_wconf 82' lang='grc' dir='ltr'>τῆς</span> <span class='ocrx_word' id='word_1_52' title='bbox 743 429 845 460; x_wconf 81' lang='grc' dir='ltr'>κοιλίας</span> <span class='ocrx_word' id='word_1_53' title='bbox 862 438 908 455; x_wconf 88' lang='grc' dir='ltr'><strong>σου</strong></span> <span class='ocrx_word' id='word_1_54' title='bbox 921 429 967 466; x_wconf 83' lang='grc' dir='ltr'>θή-</span> 
     </span>
    </p>
   </div>
   <div class='ocr_carea' id='block_1_10' title="bbox 185 474 966 511">
    <p class='ocr_par' dir='ltr' id='par_1_10' title="bbox 185 474 966 511">
     <span class='ocr_line' id='line_1_10' title="bbox 185 474 966 511; baseline 0.003 -10"><span class='ocrx_word' id='word_1_55' title='bbox 185 484 264 510; x_wconf 82' lang='grc' dir='ltr'>σομαι</span> <span class='ocrx_word' id='word_1_56' title='bbox 281 476 328 502; x_wconf 81' lang='grc' dir='ltr'><strong>ἐπὶ</strong></span> <span class='ocrx_word' id='word_1_57' title='bbox 344 475 389 501; x_wconf 84' lang='grc' dir='ltr'>τὸν</span> <span class='ocrx_word' id='word_1_58' title='bbox 403 475 497 510; x_wconf 82' lang='grc' dir='ltr'>θρόνον</span> <span class='ocrx_word' id='word_1_59' title='bbox 511 485 568 506; x_wconf 79' lang='grc' dir='ltr'>σου,</span> <span class='ocrx_word' id='word_1_60' title='bbox 589 485 597 501; x_wconf 80' lang='grc' dir='ltr'><strong>ι</strong></span> <span class='ocrx_word' id='word_1_61' title='bbox 618 476 665 502; x_wconf 77' lang='grc' dir='ltr'><strong>καὶ</strong></span> <span class='ocrx_word' id='word_1_62' title='bbox 680 474 767 507; x_wconf 76' lang='grc' dir='ltr'>αὖθις,</span> <span class='ocrx_word' id='word_1_63' title='bbox 795 485 802 502; x_wconf 80' lang='grc' dir='ltr'><strong>ι</strong></span> <span class='ocrx_word' id='word_1_64' title='bbox 829 477 902 503; x_wconf 79' lang='grc' dir='ltr'>Ἐκεῖ</span> <span class='ocrx_word' id='word_1_65' title='bbox 923 477 966 511; x_wconf 75' lang='grc' dir='ltr'><strong>ἐξ-</strong></span> 
     </span>
    </p>
   </div>
   <div class='ocr_carea' id='block_1_11' title="bbox 182 521 965 559">
    <p class='ocr_par' dir='ltr' id='par_1_11' title="bbox 182 521 965 559">
     <span class='ocr_line' id='line_1_11' title="bbox 182 521 965 559; baseline 0.003 -11"><span class='ocrx_word' id='word_1_66' title='bbox 182 521 302 548; x_wconf 80' lang='grc' dir='ltr'>ανατελῶ</span> <span class='ocrx_word' id='word_1_67' title='bbox 315 521 397 557; x_wconf 84' lang='grc' dir='ltr'>κέρας</span> <span class='ocrx_word' id='word_1_68' title='bbox 409 521 543 556; x_wconf 53' lang='lat' dir='ltr'><strong>squama.</strong></span> <span class='ocrx_word' id='word_1_69' title='bbox 555 522 689 557; x_wconf 80' lang='grc' dir='ltr'>ήτοίμασα</span> <span class='ocrx_word' id='word_1_70' title='bbox 702 522 797 557; x_wconf 75' lang='grc' dir='ltr'>λύχνον</span> <span class='ocrx_word' id='word_1_71' title='bbox 808 522 846 558; x_wconf 84' lang='grc' dir='ltr'>τῷ</span> <span class='ocrx_word' id='word_1_72' title='bbox 858 523 965 559; x_wconf 79' lang='grc' dir='ltr'>Χριστῷ</span> 
     </span>
    </p>
   </div>
   <div class='ocr_carea' id='block_1_12' title="bbox 185 565 965 604">
    <p class='ocr_par' dir='ltr' id='par_1_12' title="bbox 185 565 965 604">
     <span class='ocr_line' id='line_1_12' title="bbox 185 565 965 604; baseline 0.004 -11"><span class='ocrx_word' id='word_1_73' title='bbox 185 576 246 604; x_wconf 90' lang='grc' dir='ltr'>μου,</span> <span class='ocrx_word' id='word_1_74' title='bbox 262 577 271 593; x_wconf 72' lang='grc' dir='ltr'><strong>ι</strong></span> <span class='ocrx_word' id='word_1_75' title='bbox 286 567 399 599; x_wconf 74' lang='grc' dir='ltr'>εἰκότως</span> <span class='ocrx_word' id='word_1_76' title='bbox 416 567 580 602; x_wconf 77' lang='grc' dir='ltr'><strong>προσπίπτει</strong></span> <span class='ocrx_word' id='word_1_77' title='bbox 596 567 634 603; x_wconf 80' lang='grc' dir='ltr'>τῷ</span> <span class='ocrx_word' id='word_1_78' title='bbox 651 568 719 603; x_wconf 85' lang='grc' dir='ltr'>Θεῷ,</span> <span class='ocrx_word' id='word_1_79' title='bbox 738 569 784 594; x_wconf 86' lang='grc' dir='ltr'><strong>καὶ</strong></span> <span class='ocrx_word' id='word_1_80' title='bbox 803 565 965 604; x_wconf 70' lang='grc' dir='ltr'>προσπεσὼν</span> 
     </span>
    </p>
   </div>
   <div class='ocr_carea' id='block_1_13' title="bbox 182 612 963 648">
    <p class='ocr_par' dir='ltr' id='par_1_13' title="bbox 182 612 963 648">
     <span class='ocr_line' id='line_1_13' title="bbox 182 612 963 648; baseline -0.001 -9"><span class='ocrx_word' id='word_1_81' title='bbox 182 613 226 639; x_wconf 73' lang='grc' dir='ltr'><strong>ἐπ’</strong></span> <span class='ocrx_word' id='word_1_82' title='bbox 240 612 355 646; x_wconf 60' lang='grc' dir='ltr'>ἐδάφους</span> <span class='ocrx_word' id='word_1_83' title='bbox 374 612 527 638; x_wconf 76' lang='grc' dir='ltr'>ποτνιᾶται·</span> <span class='ocrx_word' id='word_1_84' title='bbox 555 612 601 637; x_wconf 73' lang='grc' dir='ltr'><strong>ἐπὶ</strong></span> <span class='ocrx_word' id='word_1_85' title='bbox 627 612 706 638; x_wconf 82' lang='grc' dir='ltr'>πλέον</span> <span class='ocrx_word' id='word_1_86' title='bbox 729 612 756 638; x_wconf 83' lang='grc' dir='ltr'><strong>δὲ</strong></span> <span class='ocrx_word' id='word_1_87' title='bbox 771 613 803 648; x_wconf 80' lang='grc' dir='ltr'><strong>τῇ</strong></span> <span class='ocrx_word' id='word_1_88' title='bbox 827 612 963 648; x_wconf 78' lang='grc' dir='ltr'>προσευχῇ</span> 
     </span>
    </p>
   </div>
   <div class='ocr_carea' id='block_1_14' title="bbox 183 657 966 696">
    <p class='ocr_par' dir='ltr' id='par_1_14' title="bbox 183 657 966 696">
     <span class='ocr_line' id='line_1_14' title="bbox 183 657 966 696; baseline -0.001 -11"><span class='ocrx_word' id='word_1_89' title='bbox 183 657 391 696; x_wconf 75' lang='grc' dir='ltr'><strong>προσκαρτερῶν</strong></span> <span class='ocrx_word' id='word_1_90' title='bbox 405 657 501 692; x_wconf 79' lang='grc' dir='ltr'>δμνυσι</span> <span class='ocrx_word' id='word_1_91' title='bbox 516 657 554 692; x_wconf 82' lang='grc' dir='ltr'>τῷ</span> <span class='ocrx_word' id='word_1_92' title='bbox 569 657 637 692; x_wconf 83' lang='grc' dir='ltr'>Θεῷ,</span> <span class='ocrx_word' id='word_1_93' title='bbox 657 657 693 693; x_wconf 86' lang='grc' dir='ltr'>μὴ</span> <span class='ocrx_word' id='word_1_94' title='bbox 707 658 837 694; x_wconf 83' lang='grc' dir='ltr'>πρότερον</span> <span class='ocrx_word' id='word_1_95' title='bbox 851 658 966 685; x_wconf 78' lang='grc' dir='ltr'>εἰσελεύ-</span> 
     </span>
    </p>
   </div>
   <div class='ocr_carea' id='block_1_15' title="bbox 183 703 964 739">
    <p class='ocr_par' dir='ltr' id='par_1_15' title="bbox 183 703 964 739">
     <span class='ocr_line' id='line_1_15' title="bbox 183 703 964 739; baseline -0.001 -8"><span class='ocrx_word' id='word_1_96' title='bbox 183 705 274 731; x_wconf 84' lang='grc' dir='ltr'>σεσθαι</span> <span class='ocrx_word' id='word_1_97' title='bbox 295 705 334 735; x_wconf 80' lang='grc' dir='ltr'><strong>εἰς</strong></span> <span class='ocrx_word' id='word_1_98' title='bbox 357 703 487 738; x_wconf 80' lang='grc' dir='ltr'><strong>σκήνωμα</strong></span> <span class='ocrx_word' id='word_1_99' title='bbox 503 703 577 729; x_wconf 79' lang='grc' dir='ltr'>οἴκου</span> <span class='ocrx_word' id='word_1_100' title='bbox 597 703 690 734; x_wconf 78' lang='grc' dir='ltr'>αὑτοῦ.</span> <span class='ocrx_word' id='word_1_101' title='bbox 712 704 779 739; x_wconf 73' lang='grc' dir='ltr'>μηδὲ</span> <span class='ocrx_word' id='word_1_102' title='bbox 799 703 893 730; x_wconf 88' lang='grc' dir='ltr'>δώσειν</span> <span class='ocrx_word' id='word_1_103' title='bbox 908 706 964 736; x_wconf 84' lang='grc' dir='ltr'>τοῖς</span> 
     </span>
    </p>
   </div>
   <div class='ocr_carea' id='block_1_16' title="bbox 181 749 962 786">
    <p class='ocr_par' dir='ltr' id='par_1_16' title="bbox 181 749 962 786">
     <span class='ocr_line' id='line_1_16' title="bbox 181 749 962 786; baseline -0.001 -9"><span class='ocrx_word' id='word_1_104' title='bbox 181 750 327 786; x_wconf 68' lang='grc' dir='ltr'>ὀφθαλμοῖς</span> <span class='ocrx_word' id='word_1_105' title='bbox 352 749 432 777; x_wconf 74' lang='grc' dir='ltr'>αὑτοῦ</span> <span class='ocrx_word' id='word_1_106' title='bbox 457 749 549 781; x_wconf 76' lang='grc' dir='ltr'>ὕπνον,</span> <span class='ocrx_word' id='word_1_107' title='bbox 575 750 622 775; x_wconf 71' lang='grc' dir='ltr'><strong>καὶ</strong></span> <span class='ocrx_word' id='word_1_108' title='bbox 644 751 698 781; x_wconf 81' lang='grc' dir='ltr'>τοῖς</span> <span class='ocrx_word' id='word_1_109' title='bbox 718 749 861 786; x_wconf 74' lang='grc' dir='ltr'>βλεφάροις</span> <span class='ocrx_word' id='word_1_110' title='bbox 881 750 962 776; x_wconf 77' lang='grc' dir='ltr'>αὑτοῦ</span> 
     </span>
    </p>
   </div>
   <div class='ocr_carea' id='block_1_17' title="bbox 181 795 964 832">
    <p class='ocr_par' dir='ltr' id='par_1_17' title="bbox 181 795 964 832">
     <span class='ocr_line' id='line_1_17' title="bbox 181 795 964 832; baseline -0.003 -8"><span class='ocrx_word' id='word_1_111' title='bbox 181 796 342 832; x_wconf 77' lang='grc' dir='ltr'>νυσταγμὸν,</span> <span class='ocrx_word' id='word_1_112' title='bbox 364 796 430 831; x_wconf 80' lang='grc' dir='ltr'>μηδὲ</span> <span class='ocrx_word' id='word_1_113' title='bbox 450 795 631 831; x_wconf 77' lang='grc' dir='ltr'>ἀναϐήσεσθαι</span> <span class='ocrx_word' id='word_1_114' title='bbox 648 796 693 822; x_wconf 78' lang='grc' dir='ltr'><strong>ἐπὶ</strong></span> <span class='ocrx_word' id='word_1_115' title='bbox 711 796 803 831; x_wconf 81' lang='grc' dir='ltr'>κλίνης</span> <span class='ocrx_word' id='word_1_116' title='bbox 820 797 964 832; x_wconf 74' lang='grc' dir='ltr'><strong>στρωμνῆς</strong></span> 
     </span>
    </p>
   </div>
   <div class='ocr_carea' id='block_1_18' title="bbox 181 841 964 877">
    <p class='ocr_par' dir='ltr' id='par_1_18' title="bbox 181 841 964 877">
     <span class='ocr_line' id='line_1_18' title="bbox 181 841 964 877; baseline -0.004 -6"><span class='ocrx_word' id='word_1_117' title='bbox 181 843 276 875; x_wconf 73' lang='grc' dir='ltr'>αὐτοῦ,</span> <span class='ocrx_word' id='word_1_118' title='bbox 293 842 397 869; x_wconf 82' lang='grc' dir='ltr'>κεῖσθαι</span> <span class='ocrx_word' id='word_1_119' title='bbox 409 842 437 868; x_wconf 82' lang='grc' dir='ltr'><strong>δὲ</strong></span> <span class='ocrx_word' id='word_1_120' title='bbox 454 843 540 877; x_wconf 75' lang='grc' dir='ltr'>χαμαὶ</span> <span class='ocrx_word' id='word_1_121' title='bbox 558 842 772 876; x_wconf 77' lang='grc' dir='ltr'>προσκυνοῦντα,</span> <span class='ocrx_word' id='word_1_122' title='bbox 790 843 842 875; x_wconf 51' lang='grc' dir='ltr'>καὶ</span> <span class='ocrx_word' id='word_1_123' title='bbox 850 841 964 868; x_wconf 82' lang='grc' dir='ltr'>ποτνιώ-</span> 
     </span>
    </p>
   </div>
   <div class='ocr_carea' id='block_1_19' title="bbox 182 886 962 923">
    <p class='ocr_par' dir='ltr' id='par_1_19' title="bbox 182 886 962 923">
     <span class='ocr_line' id='line_1_19' title="bbox 182 886 962 923; baseline -0.003 -9"><span class='ocrx_word' id='word_1_124' title='bbox 182 896 277 923; x_wconf 85' lang='grc' dir='ltr'>μενον,</span> <span class='ocrx_word' id='word_1_125' title='bbox 293 887 348 914; x_wconf 72' lang='grc' dir='ltr'>ἔστ’</span> <span class='ocrx_word' id='word_1_126' title='bbox 364 886 396 914; x_wconf 82' lang='grc' dir='ltr'><strong>ἃν</strong></span> <span class='ocrx_word' id='word_1_127' title='bbox 411 886 476 922; x_wconf 73' lang='grc' dir='ltr'>εὕρῃ</span> <span class='ocrx_word' id='word_1_128' title='bbox 493 887 574 913; x_wconf 82' lang='grc' dir='ltr'>τόπον</span> <span class='ocrx_word' id='word_1_129' title='bbox 590 886 628 922; x_wconf 88' lang='grc' dir='ltr'>τῷ</span> <span class='ocrx_word' id='word_1_130' title='bbox 645 887 748 922; x_wconf 84' lang='grc' dir='ltr'>Κυρίῳ,</span> <span class='ocrx_word' id='word_1_131' title='bbox 767 887 813 914; x_wconf 67' lang='grc' dir='ltr'>καὶ.</span> <span class='ocrx_word' id='word_1_132' title='bbox 831 887 962 922; x_wconf 78' lang='grc' dir='ltr'>σκήνωμα</span> 
     </span>
    </p>
   </div>
   <div class='ocr_carea' id='block_1_20' title="bbox 179 932 999 971">
    <p class='ocr_par' dir='ltr' id='par_1_20' title="bbox 179 932 999 971">
     <span class='ocr_line' id='line_1_20' title="bbox 179 932 999 971; baseline -0.002 -10"><span class='ocrx_word' id='word_1_133' title='bbox 179 933 219 968; x_wconf 85' lang='grc' dir='ltr'>τῷ</span> <span class='ocrx_word' id='word_1_134' title='bbox 235 933 293 968; x_wconf 83' lang='grc' dir='ltr'>Θεῷ</span> <span class='ocrx_word' id='word_1_135' title='bbox 311 932 418 964; x_wconf 83' lang='grc' dir='ltr'>Ἰακὼϐ,</span> <span class='ocrx_word' id='word_1_136' title='bbox 435 932 506 959; x_wconf 82' lang='grc' dir='ltr'>τοῦτ’</span> <span class='ocrx_word' id='word_1_137' title='bbox 519 932 590 959; x_wconf 81' lang='grc' dir='ltr'>ἐστιν</span> <span class='ocrx_word' id='word_1_138' title='bbox 602 933 652 965; x_wconf 72' lang='grc' dir='ltr'>ἕως</span> <span class='ocrx_word' id='word_1_139' title='bbox 665 933 697 959; x_wconf 82' lang='grc' dir='ltr'>ἂν</span> <span class='ocrx_word' id='word_1_140' title='bbox 708 932 791 969; x_wconf 75' lang='grc' dir='ltr'>μάθῃ,</span> <span class='ocrx_word' id='word_1_141' title='bbox 804 932 850 960; x_wconf 86' lang='grc' dir='ltr'><strong>τοῦ</strong></span> <span class='ocrx_word' id='word_1_142' title='bbox 862 933 962 969; x_wconf 78' lang='grc' dir='ltr'>Κυρίου</span> <span class='ocrx_word' id='word_1_143' title='bbox 980 945 999 971; x_wconf 76' lang='grc' dir='ltr'><strong>Β</strong></span> 
     </span>
    </p>
   </div>
   <div class='ocr_carea' id='block_1_21' title="bbox 180 978 960 1015">
    <p class='ocr_par' dir='ltr' id='par_1_21' title="bbox 180 978 960 1015">
     <span class='ocr_line' id='line_1_21' title="bbox 180 978 960 1015; baseline 0.001 -10"><span class='ocrx_word' id='word_1_144' title='bbox 180 978 384 1015; x_wconf 76' lang='grc' dir='ltr'>φανερώσαντος</span> <span class='ocrx_word' id='word_1_145' title='bbox 401 978 484 1014; x_wconf 77' lang='grc' dir='ltr'>αὐτῷ,</span> <span class='ocrx_word' id='word_1_146' title='bbox 497 978 545 1014; x_wconf 84' lang='grc' dir='ltr'>τὴν</span> <span class='ocrx_word' id='word_1_147' title='bbox 556 978 661 1012; x_wconf 80' lang='grc' dir='ltr'>γένεσιν</span> <span class='ocrx_word' id='word_1_148' title='bbox 674 979 720 1006; x_wconf 87' lang='grc' dir='ltr'><strong>τοῦ</strong></span> <span class='ocrx_word' id='word_1_149' title='bbox 732 979 859 1015; x_wconf 81' lang='grc' dir='ltr'>Χριστοῦ·</span> <span class='ocrx_word' id='word_1_150' title='bbox 879 979 960 1011; x_wconf 74' lang='grc' dir='ltr'><strong>εὐξά-</strong></span> 
     </span>
    </p>
   </div>
   <div class='ocr_carea' id='block_1_22' title="bbox 181 1023 960 1059">
    <p class='ocr_par' dir='ltr' id='par_1_22' title="bbox 181 1023 960 1059">
     <span class='ocr_line' id='line_1_22' title="bbox 181 1023 960 1059; baseline 0 -9"><span class='ocrx_word' id='word_1_151' title='bbox 181 1032 260 1059; x_wconf 83' lang='grc' dir='ltr'>μενος</span> <span class='ocrx_word' id='word_1_152' title='bbox 275 1024 314 1055; x_wconf 81' lang='grc' dir='ltr'><strong>δὲ,</strong></span> <span class='ocrx_word' id='word_1_153' title='bbox 332 1025 378 1051; x_wconf 74' lang='grc' dir='ltr'>καὶ</span> <span class='ocrx_word' id='word_1_154' title='bbox 397 1023 507 1050; x_wconf 77' lang='grc' dir='ltr'>τοιαῦτα</span> <span class='ocrx_word' id='word_1_155' title='bbox 518 1024 618 1057; x_wconf 82' lang='grc' dir='ltr'>γνῶναι</span> <span class='ocrx_word' id='word_1_156' title='bbox 636 1024 766 1059; x_wconf 80' lang='grc' dir='ltr'>ποθήσας,</span> <span class='ocrx_word' id='word_1_157' title='bbox 785 1024 834 1050; x_wconf 72' lang='grc' dir='ltr'><strong>οὐκ</strong></span> <span class='ocrx_word' id='word_1_158' title='bbox 850 1025 889 1056; x_wconf 82' lang='grc' dir='ltr'><strong>εἰς</strong></span> <span class='ocrx_word' id='word_1_159' title='bbox 908 1033 960 1059; x_wconf 89' lang='grc' dir='ltr'>μα-</span> 
     </span>
    </p>
   </div>
   <div class='ocr_carea' id='block_1_23' title="bbox 179 1069 960 1106">
    <p class='ocr_par' dir='ltr' id='par_1_23' title="bbox 179 1069 960 1106">
     <span class='ocr_line' id='line_1_23' title="bbox 179 1069 960 1106; baseline 0 -10"><span class='ocrx_word' id='word_1_160' title='bbox 179 1070 248 1105; x_wconf 73' lang='grc' dir='ltr'>κρὰν</span> <span class='ocrx_word' id='word_1_161' title='bbox 260 1069 299 1105; x_wconf 87' lang='grc' dir='ltr'>τῷ</span> <span class='ocrx_word' id='word_1_162' title='bbox 316 1069 379 1105; x_wconf 82' lang='grc' dir='ltr'>θείῳ</span> <span class='ocrx_word' id='word_1_163' title='bbox 397 1069 534 1104; x_wconf 83' lang='grc' dir='ltr'>Πνεύματι</span> <span class='ocrx_word' id='word_1_164' title='bbox 545 1069 579 1096; x_wconf 82' lang='grc' dir='ltr'><strong>τὰ</strong></span> <span class='ocrx_word' id='word_1_165' title='bbox 593 1069 722 1105; x_wconf 80' lang='grc' dir='ltr'>μέλλοντα</span> <span class='ocrx_word' id='word_1_166' title='bbox 734 1069 842 1096; x_wconf 71' lang='grc' dir='ltr'>ἔσεσθαι</span> <span class='ocrx_word' id='word_1_167' title='bbox 854 1069 960 1106; x_wconf 78' lang='grc' dir='ltr'><strong>θεωρεῖ,</strong></span> 
     </span>
    </p>
   </div>
   <div class='ocr_carea' id='block_1_24' title="bbox 179 1114 962 1149">
    <p class='ocr_par' dir='ltr' id='par_1_24' title="bbox 179 1114 962 1149">
     <span class='ocr_line' id='line_1_24' title="bbox 179 1114 962 1149; baseline 0.001 -8"><span class='ocrx_word' id='word_1_168' title='bbox 179 1114 225 1141; x_wconf 89' lang='grc' dir='ltr'><strong>τοῦ</strong></span> <span class='ocrx_word' id='word_1_169' title='bbox 235 1114 302 1141; x_wconf 80' lang='grc' dir='ltr'>Θεοῦ</span> <span class='ocrx_word' id='word_1_170' title='bbox 318 1116 373 1146; x_wconf 86' lang='grc' dir='ltr'>τοῖς</span> <span class='ocrx_word' id='word_1_171' title='bbox 389 1114 497 1146; x_wconf 80' lang='grc' dir='ltr'>οἰκείοις</span> <span class='ocrx_word' id='word_1_172' title='bbox 510 1114 740 1149; x_wconf 80' lang='grc' dir='ltr'>ἐπαγγειλαμένου</span> <span class='ocrx_word' id='word_1_173' title='bbox 755 1115 794 1141; x_wconf 75' lang='grc' dir='ltr'>ἔτι</span> <span class='ocrx_word' id='word_1_174' title='bbox 808 1123 839 1149; x_wconf 87' lang='grc' dir='ltr'><strong>γε</strong></span> <span class='ocrx_word' id='word_1_175' title='bbox 852 1114 962 1142; x_wconf 83' lang='grc' dir='ltr'>λαλούν-</span> 
     </span>
    </p>
   </div>
   <div class='ocr_carea' id='block_1_25' title="bbox 177 1159 961 1196">
    <p class='ocr_par' dir='ltr' id='par_1_25' title="bbox 177 1159 961 1196">
     <span class='ocr_line' id='line_1_25' title="bbox 177 1159 961 1196; baseline 0.001 -10"><span class='ocrx_word' id='word_1_176' title='bbox 177 1168 231 1186; x_wconf 89' lang='grc' dir='ltr'><strong>των</strong></span> <span class='ocrx_word' id='word_1_177' title='bbox 247 1159 454 1186; x_wconf 82' lang='grc' dir='ltr'>ὲπακούσεσθαι.</span> <span class='ocrx_word' id='word_1_178' title='bbox 484 1159 676 1191; x_wconf 74' lang='grc' dir='ltr'>Ὲπακουσθεὶς</span> <span class='ocrx_word' id='word_1_179' title='bbox 699 1160 765 1196; x_wconf 81' lang='grc' dir='ltr'>δῆτα</span> <span class='ocrx_word' id='word_1_180' title='bbox 789 1160 961 1193; x_wconf 75' lang='grc' dir='ltr'>καταξιοῦται</span> 
     </span>
    </p>
   </div>
   <div class='ocr_carea' id='block_1_26' title="bbox 177 1205 960 1242">
    <p class='ocr_par' dir='ltr' id='par_1_26' title="bbox 177 1205 960 1242">
     <span class='ocr_line' id='line_1_26' title="bbox 177 1205 960 1242; baseline 0.003 -11"><span class='ocrx_word' id='word_1_181' title='bbox 177 1205 299 1242; x_wconf 79' lang='grc' dir='ltr'>χρησμοῦ</span> <span class='ocrx_word' id='word_1_182' title='bbox 317 1205 364 1241; x_wconf 80' lang='grc' dir='ltr'>τὴν</span> <span class='ocrx_word' id='word_1_183' title='bbox 381 1205 501 1240; x_wconf 76' lang='grc' dir='ltr'>Βηθλεὲμ</span> <span class='ocrx_word' id='word_1_184' title='bbox 513 1205 707 1239; x_wconf 73' lang='grc' dir='ltr'>ἐπιφωνοῦντος</span> <span class='ocrx_word' id='word_1_185' title='bbox 720 1206 802 1242; x_wconf 80' lang='grc' dir='ltr'>αὐτῷ,</span> <span class='ocrx_word' id='word_1_186' title='bbox 816 1206 852 1238; x_wconf 84' lang='grc' dir='ltr'><strong>ὡς</strong></span> <span class='ocrx_word' id='word_1_187' title='bbox 868 1207 900 1233; x_wconf 78' lang='grc' dir='ltr'>ἂν</span> <span class='ocrx_word' id='word_1_188' title='bbox 917 1207 960 1233; x_wconf 77' lang='grc' dir='ltr'><strong>ἐν-</strong></span> 
     </span>
    </p>
   </div>
   <div class='ocr_carea' id='block_1_27' title="bbox 178 1251 960 1288">
    <p class='ocr_par' dir='ltr' id='par_1_27' title="bbox 178 1251 960 1288">
     <span class='ocr_line' id='line_1_27' title="bbox 178 1251 960 1288; baseline 0.001 -10"><span class='ocrx_word' id='word_1_189' title='bbox 178 1252 240 1279; x_wconf 74' lang='grc' dir='ltr'>θάδε</span> <span class='ocrx_word' id='word_1_190' title='bbox 256 1251 335 1279; x_wconf 85' lang='grc' dir='ltr'>τοῦτό</span> <span class='ocrx_word' id='word_1_191' title='bbox 351 1260 401 1278; x_wconf 84' lang='grc' dir='ltr'><strong>που</strong></span> <span class='ocrx_word' id='word_1_192' title='bbox 416 1251 462 1278; x_wconf 86' lang='grc' dir='ltr'><strong>τοῦ</strong></span> <span class='ocrx_word' id='word_1_193' title='bbox 480 1251 593 1287; x_wconf 74' lang='grc' dir='ltr'>Κυρίου,</span> <span class='ocrx_word' id='word_1_194' title='bbox 608 1253 654 1278; x_wconf 71' lang='grc' dir='ltr'>καὶ</span> <span class='ocrx_word' id='word_1_195' title='bbox 665 1252 711 1279; x_wconf 87' lang='grc' dir='ltr'><strong>τοῦ</strong></span> <span class='ocrx_word' id='word_1_196' title='bbox 724 1251 900 1288; x_wconf 82' lang='grc' dir='ltr'>σκηνώματος</span> <span class='ocrx_word' id='word_1_197' title='bbox 914 1253 960 1279; x_wconf 85' lang='grc' dir='ltr'><strong>τοῦ</strong></span> 
     </span>
    </p>
   </div>
   <div class='ocr_carea' id='block_1_28' title="bbox 177 1297 959 1334">
    <p class='ocr_par' dir='ltr' id='par_1_28' title="bbox 177 1297 959 1334">
     <span class='ocr_line' id='line_1_28' title="bbox 177 1297 959 1334; baseline 0.001 -10"><span class='ocrx_word' id='word_1_198' title='bbox 177 1297 243 1325; x_wconf 84' lang='grc' dir='ltr'>Θεοῦ</span> <span class='ocrx_word' id='word_1_199' title='bbox 275 1297 372 1325; x_wconf 90' lang='grc' dir='ltr'>Ἰακὼϐ</span> <span class='ocrx_word' id='word_1_200' title='bbox 395 1297 604 1332; x_wconf 70' lang='grc' dir='ltr'>συστησαμένου.</span> <span class='ocrx_word' id='word_1_201' title='bbox 632 1298 724 1324; x_wconf 82' lang='grc' dir='ltr'>Ταῦτα</span> <span class='ocrx_word' id='word_1_202' title='bbox 746 1299 889 1334; x_wconf 78' lang='grc' dir='ltr'>τοιγαροῦν</span> <span class='ocrx_word' id='word_1_203' title='bbox 912 1299 959 1325; x_wconf 89' lang='grc' dir='ltr'><strong>τοῦ</strong></span> 
     </span>
    </p>
   </div>
   <div class='ocr_carea' id='block_1_29' title="bbox 177 1343 959 1380">
    <p class='ocr_par' dir='ltr' id='par_1_29' title="bbox 177 1343 959 1380">
     <span class='ocr_line' id='line_1_29' title="bbox 177 1343 959 1380; baseline -0.001 -9"><span class='ocrx_word' id='word_1_204' title='bbox 177 1343 249 1371; x_wconf 82' lang='grc' dir='ltr'>θείου</span> <span class='ocrx_word' id='word_1_205' title='bbox 270 1344 425 1379; x_wconf 81' lang='grc' dir='ltr'>Πνεύματος</span> <span class='ocrx_word' id='word_1_206' title='bbox 441 1345 470 1371; x_wconf 83' lang='grc' dir='ltr'>ὲν</span> <span class='ocrx_word' id='word_1_207' title='bbox 490 1344 563 1380; x_wconf 78' lang='grc' dir='ltr'>αὐτῷ</span> <span class='ocrx_word' id='word_1_208' title='bbox 580 1344 766 1376; x_wconf 79' lang='grc' dir='ltr'>θεσπίσαντος,</span> <span class='ocrx_word' id='word_1_209' title='bbox 781 1344 860 1376; x_wconf 77' lang='grc' dir='ltr'>αὐτὸς</span> <span class='ocrx_word' id='word_1_210' title='bbox 877 1344 959 1371; x_wconf 80' lang='grc' dir='ltr'>αὑτοῦ</span> 
     </span>
    </p>
   </div>
   <div class='ocr_carea' id='block_1_30' title="bbox 176 1389 959 1426">
    <p class='ocr_par' dir='ltr' id='par_1_30' title="bbox 176 1389 959 1426">
     <span class='ocr_line' id='line_1_30' title="bbox 176 1389 959 1426; baseline -0.001 -9"><span class='ocrx_word' id='word_1_211' title='bbox 176 1390 330 1422; x_wconf 76' lang='grc' dir='ltr'>ἐπακούσας</span> <span class='ocrx_word' id='word_1_212' title='bbox 354 1390 482 1424; x_wconf 55' lang='grc' dir='ltr'>ἐπιλέγειν</span> <span class='ocrx_word' id='word_1_213' title='bbox 514 1399 523 1415; x_wconf 73' lang='grc' dir='ltr'><strong>ι</strong></span> <span class='ocrx_word' id='word_1_214' title='bbox 550 1390 613 1417; x_wconf 80' lang='grc' dir='ltr'>Ἰδοὺ</span> <span class='ocrx_word' id='word_1_215' title='bbox 637 1389 792 1425; x_wconf 73' lang='grc' dir='ltr'>ἠκούσαμεν</span> <span class='ocrx_word' id='word_1_216' title='bbox 820 1390 902 1426; x_wconf 71' lang='grc' dir='ltr'>αὐτὴν</span> <span class='ocrx_word' id='word_1_217' title='bbox 931 1391 959 1416; x_wconf 84' lang='grc' dir='ltr'>ἐν</span> 
     </span>
    </p>
   </div>
   <div class='ocr_carea' id='block_1_31' title="bbox 182 1435 957 1472">
    <p class='ocr_par' dir='ltr' id='par_1_31' title="bbox 182 1435 957 1472">
     <span class='ocr_line' id='line_1_31' title="bbox 182 1435 957 1472; baseline 0 -9"><span class='ocrx_word' id='word_1_218' title='bbox 182 1435 311 1472; x_wconf 79' lang='grc' dir='ltr'>Ἐφραθά.</span> <span class='ocrx_word' id='word_1_219' title='bbox 328 1445 337 1461; x_wconf 72' lang='grc' dir='ltr'><strong>ι</strong></span> <span class='ocrx_word' id='word_1_220' title='bbox 356 1435 477 1472; x_wconf 72' lang='grc' dir='ltr'>Ἐφραθὰ</span> <span class='ocrx_word' id='word_1_221' title='bbox 493 1435 520 1462; x_wconf 78' lang='grc' dir='ltr'><strong>δὲ</strong></span> <span class='ocrx_word' id='word_1_222' title='bbox 537 1437 553 1471; x_wconf 87' lang='grc' dir='ltr'><strong>ή</strong></span> <span class='ocrx_word' id='word_1_223' title='bbox 570 1435 637 1472; x_wconf 78' lang='grc' dir='ltr'>αὐτή</span> <span class='ocrx_word' id='word_1_224' title='bbox 656 1437 712 1462; x_wconf 77' lang='grc' dir='ltr'>ἐστι</span> <span class='ocrx_word' id='word_1_225' title='bbox 729 1438 760 1472; x_wconf 84' lang='grc' dir='ltr'><strong>τῇ</strong></span> <span class='ocrx_word' id='word_1_226' title='bbox 778 1436 909 1471; x_wconf 76' lang='grc' dir='ltr'>Βηθλεὲμ,</span> <span class='ocrx_word' id='word_1_227' title='bbox 922 1436 957 1469; x_wconf 78' lang='grc' dir='ltr'>ὡς</span> 
     </span>
    </p>
   </div>
   <div class='ocr_carea' id='block_1_32' title="bbox 175 1480 959 1518">
    <p class='ocr_par' dir='ltr' id='par_1_32' title="bbox 175 1480 959 1518">
     <span class='ocr_line' id='line_1_32' title="bbox 175 1480 959 1518; baseline 0.001 -10"><span class='ocrx_word' id='word_1_228' title='bbox 175 1481 254 1517; x_wconf 80' lang='grc' dir='ltr'>δῆλόν</span> <span class='ocrx_word' id='word_1_229' title='bbox 270 1482 326 1508; x_wconf 76' lang='grc' dir='ltr'>ἐστι</span> <span class='ocrx_word' id='word_1_230' title='bbox 343 1480 396 1507; x_wconf 82' lang='grc' dir='ltr'><strong>ἀπὸ</strong></span> <span class='ocrx_word' id='word_1_231' title='bbox 413 1481 460 1516; x_wconf 88' lang='grc' dir='ltr'>τῆς</span> <span class='ocrx_word' id='word_1_232' title='bbox 478 1480 621 1513; x_wconf 75' lang='grc' dir='ltr'>Γενέσεως,</span> <span class='ocrx_word' id='word_1_233' title='bbox 639 1481 702 1508; x_wconf 73' lang='grc' dir='ltr'>ἔνθα</span> <span class='ocrx_word' id='word_1_234' title='bbox 718 1481 779 1516; x_wconf 77' lang='grc' dir='ltr'>περὶ</span> <span class='ocrx_word' id='word_1_235' title='bbox 789 1481 838 1516; x_wconf 81' lang='grc' dir='ltr'>τῆς</span> <span class='ocrx_word' id='word_1_236' title='bbox 861 1482 959 1518; x_wconf 85' lang='grc' dir='ltr'>Ῥαχὴλ</span> 
     </span>
    </p>
   </div>
   <div class='ocr_carea' id='block_1_33' title="bbox 176 1526 959 1564">
    <p class='ocr_par' dir='ltr' id='par_1_33' title="bbox 176 1526 959 1564">
     <span class='ocr_line' id='line_1_33' title="bbox 176 1526 959 1564; baseline 0.001 -11"><span class='ocrx_word' id='word_1_237' title='bbox 176 1528 298 1563; x_wconf 79' lang='grc' dir='ltr'>εἴρηται,</span> <span class='ocrx_word' id='word_1_238' title='bbox 328 1527 368 1554; x_wconf 77' lang='grc' dir='ltr'>ὅτι</span> <span class='ocrx_word' id='word_1_239' title='bbox 394 1536 403 1552; x_wconf 74' lang='grc' dir='ltr'><strong>ι</strong></span> <span class='ocrx_word' id='word_1_240' title='bbox 420 1526 542 1561; x_wconf 78' lang='grc' dir='ltr'>Ἔθαψαν</span> <span class='ocrx_word' id='word_1_241' title='bbox 568 1527 650 1563; x_wconf 83' lang='grc' dir='ltr'>αὐτὴν</span> <span class='ocrx_word' id='word_1_242' title='bbox 680 1528 709 1554; x_wconf 74' lang='grc' dir='ltr'>ἐν</span> <span class='ocrx_word' id='word_1_243' title='bbox 734 1527 772 1562; x_wconf 83' lang='grc' dir='ltr'>τῷ</span> <span class='ocrx_word' id='word_1_244' title='bbox 800 1528 959 1564; x_wconf 80' lang='grc' dir='ltr'>ίπποδρύμῳ</span> 
     </span>
    </p>
   </div>
   <div class='ocr_carea' id='block_1_34' title="bbox 182 1570 958 1610">
    <p class='ocr_par' dir='ltr' id='par_1_34' title="bbox 182 1570 958 1610">
     <span class='ocr_line' id='line_1_34' title="bbox 182 1570 958 1610; baseline 0.004 -13"><span class='ocrx_word' id='word_1_245' title='bbox 182 1571 312 1607; x_wconf 63' lang='grc' dir='ltr'>Ἐφραθὰ,</span> <span class='ocrx_word' id='word_1_246' title='bbox 331 1570 400 1608; x_wconf 79' lang='grc' dir='ltr'>αὕτη</span> <span class='ocrx_word' id='word_1_247' title='bbox 418 1572 476 1598; x_wconf 79' lang='grc' dir='ltr'>ἐστὶ</span> <span class='ocrx_word' id='word_1_248' title='bbox 492 1572 627 1608; x_wconf 72' lang='grc' dir='ltr'>Βηθλεέμ.</span> <span class='ocrx_word' id='word_1_249' title='bbox 648 1583 656 1599; x_wconf 79' lang='grc' dir='ltr'><strong>ι</strong></span> <span class='ocrx_word' id='word_1_250' title='bbox 677 1573 732 1599; x_wconf 71' lang='grc' dir='ltr'>Καὶ</span> <span class='ocrx_word' id='word_1_251' title='bbox 749 1573 765 1609; x_wconf 87' lang='grc' dir='ltr'><strong>ή</strong></span> <span class='ocrx_word' id='word_1_252' title='bbox 787 1573 839 1609; x_wconf 88' lang='grc' dir='ltr'>πρὸ</span> <span class='ocrx_word' id='word_1_253' title='bbox 857 1574 958 1610; x_wconf 81' lang='grc' dir='ltr'>ταύτης</span> 
     </span>
    </p>
   </div>
   <div class='ocr_carea' id='block_1_35' title="bbox 1020 291 1802 331">
    <p class='ocr_par' dir='ltr' id='par_1_35' title="bbox 1020 291 1802 331">
     <span class='ocr_line' id='line_1_35' title="bbox 1020 291 1802 331; baseline 0.01 -15"><span class='ocrx_word' id='word_1_254' title='bbox 1020 298 1229 327; x_wconf 75' lang='lat' dir='ltr'><strong>progressurum</strong></span> <span class='ocrx_word' id='word_1_255' title='bbox 1247 291 1394 327; x_wconf 70' lang='lat' dir='ltr'><strong>signiﬁcat.</strong></span> <span class='ocrx_word' id='word_1_256' title='bbox 1421 292 1512 328; x_wconf 89' lang='lat' dir='ltr'><strong>lpsurn</strong></span> <span class='ocrx_word' id='word_1_257' title='bbox 1541 293 1593 321; x_wconf 88' lang='lat' dir='ltr'><strong>hoc</strong></span> <span class='ocrx_word' id='word_1_258' title='bbox 1618 295 1700 331; x_wconf 78' lang='lat' dir='ltr'><strong>igitur</strong></span> <span class='ocrx_word' id='word_1_259' title='bbox 1719 295 1802 324; x_wconf 80' lang='lat' dir='ltr'><strong>David</strong></span> 
     </span>
    </p>
   </div>
   <div class='ocr_carea' id='block_1_36' title="bbox 1019 337 1802 375">
    <p class='ocr_par' dir='ltr' id='par_1_36' title="bbox 1019 337 1802 375">
     <span class='ocr_line' id='line_1_36' title="bbox 1019 337 1802 375; baseline 0.01 -12"><span class='ocrx_word' id='word_1_260' title='bbox 1019 345 1137 372; x_wconf 81' lang='lat' dir='ltr'><strong>quoque,</strong></span> <span class='ocrx_word' id='word_1_261' title='bbox 1154 337 1231 372; x_wconf 92' lang='lat' dir='ltr'><strong>prius</strong></span> <span class='ocrx_word' id='word_1_262' title='bbox 1256 337 1365 373; x_wconf 84' lang='lat' dir='ltr'><strong>quidem</strong></span> <span class='ocrx_word' id='word_1_263' title='bbox 1382 338 1524 373; x_wconf 75' lang='lat' dir='ltr'><strong>ignorans.</strong></span> <span class='ocrx_word' id='word_1_264' title='bbox 1539 345 1616 375; x_wconf 88' lang='lat' dir='ltr'><strong>optat</strong></span> <span class='ocrx_word' id='word_1_265' title='bbox 1636 342 1744 371; x_wconf 79' lang='lat' dir='ltr'><strong>discere</strong></span> <span class='ocrx_word' id='word_1_266' title='bbox 1769 343 1802 370; x_wconf 83' lang='lat' dir='ltr'><strong>ab</strong></span> 
     </span>
    </p>
   </div>
   <div class='ocr_carea' id='block_1_37' title="bbox 1020 381 1799 422">
    <p class='ocr_par' dir='ltr' id='par_1_37' title="bbox 1020 381 1799 422">
     <span class='ocr_line' id='line_1_37' title="bbox 1020 381 1799 422; baseline 0.009 -15"><span class='ocrx_word' id='word_1_267' title='bbox 1020 382 1078 415; x_wconf 87' lang='lat' dir='ltr'><strong>ipso</strong></span> <span class='ocrx_word' id='word_1_268' title='bbox 1094 381 1157 413; x_wconf 82' lang='lat' dir='ltr'><strong>Deo,</strong></span> <span class='ocrx_word' id='word_1_269' title='bbox 1175 386 1230 408; x_wconf 93' lang='lat' dir='ltr'><strong>tum</strong></span> <span class='ocrx_word' id='word_1_270' title='bbox 1249 390 1314 409; x_wconf 89' lang='lat' dir='ltr'><strong>vero</strong></span> <span class='ocrx_word' id='word_1_271' title='bbox 1334 383 1378 410; x_wconf 88' lang='lat' dir='ltr'><strong>ubi</strong></span> <span class='ocrx_word' id='word_1_272' title='bbox 1401 385 1502 419; x_wconf 88' lang='lat' dir='ltr'><strong>optavit</strong></span> <span class='ocrx_word' id='word_1_273' title='bbox 1524 391 1642 422; x_wconf 85' lang='lat' dir='ltr'><strong>votoque</strong></span> <span class='ocrx_word' id='word_1_274' title='bbox 1665 388 1799 422; x_wconf 88' lang='lat' dir='ltr'><strong>poposcit,</strong></span> 
     </span>
    </p>
   </div>
   <div class='ocr_carea' id='block_1_38' title="bbox 1020 427 1800 465">
    <p class='ocr_par' dir='ltr' id='par_1_38' title="bbox 1020 427 1800 465">
     <span class='ocr_line' id='line_1_38' title="bbox 1020 427 1800 465; baseline 0.009 -12"><span class='ocrx_word' id='word_1_275' title='bbox 1020 427 1046 454; x_wconf 89' lang='lat' dir='ltr'><strong>id</strong></span> <span class='ocrx_word' id='word_1_276' title='bbox 1065 428 1153 462; x_wconf 90' lang='lat' dir='ltr'><strong>ipsum</strong></span> <span class='ocrx_word' id='word_1_277' title='bbox 1168 427 1298 460; x_wconf 76' lang='lat' dir='ltr'><strong>docetur,</strong></span> <span class='ocrx_word' id='word_1_278' title='bbox 1314 428 1394 465; x_wconf 67' lang='grc'><strong>347</strong></span> <span class='ocrx_word' id='word_1_279' title='bbox 1411 428 1556 465; x_wconf 75' lang='lat' dir='ltr'><strong>Postquam</strong></span> <span class='ocrx_word' id='word_1_280' title='bbox 1571 433 1644 459; x_wconf 89' lang='lat' dir='ltr'><strong>enim</strong></span> <span class='ocrx_word' id='word_1_281' title='bbox 1661 433 1800 461; x_wconf 85' lang='lat' dir='ltr'><strong>oraculum</strong></span> 
     </span>
    </p>
   </div>
   <div class='ocr_carea' id='block_1_39' title="bbox 1021 473 1801 511">
    <p class='ocr_par' dir='ltr' id='par_1_39' title="bbox 1021 473 1801 511">
     <span class='ocr_line' id='line_1_39' title="bbox 1021 473 1801 511; baseline 0.009 -12"><span class='ocrx_word' id='word_1_282' title='bbox 1021 475 1138 508; x_wconf 82' lang='lat' dir='ltr'><strong>accepit,</strong></span> <span class='ocrx_word' id='word_1_283' title='bbox 1152 473 1224 508; x_wconf 89' lang='lat' dir='ltr'><strong>quod</strong></span> <span class='ocrx_word' id='word_1_284' title='bbox 1241 474 1274 501; x_wconf 90' lang='lat' dir='ltr'><strong>ad</strong></span> <span class='ocrx_word' id='word_1_285' title='bbox 1290 475 1377 509; x_wconf 91' lang='lat' dir='ltr'><strong>ipsum</strong></span> <span class='ocrx_word' id='word_1_286' title='bbox 1397 475 1423 501; x_wconf 93' lang='lat' dir='ltr'><strong>in</strong></span> <span class='ocrx_word' id='word_1_287' title='bbox 1440 477 1544 511; x_wconf 82' lang='lat' dir='ltr'><strong>psalmo</strong></span> <span class='ocrx_word' id='word_1_288' title='bbox 1560 479 1616 510; x_wconf 88' lang='lat' dir='ltr'><strong>ait,</strong></span> <span class='ocrx_word' id='word_1_289' title='bbox 1636 487 1645 503; x_wconf 79' lang='grc' dir='ltr'><strong>ι</strong></span> <span class='ocrx_word' id='word_1_290' title='bbox 1662 478 1698 506; x_wconf 87' lang='lat' dir='ltr'><strong>De</strong></span> <span class='ocrx_word' id='word_1_291' title='bbox 1710 478 1801 506; x_wconf 81' lang='lat' dir='ltr'><strong>fructu</strong></span> 
     </span>
    </p>
   </div>
   <div class='ocr_carea' id='block_1_40' title="bbox 1018 520 1799 557">
    <p class='ocr_par' dir='ltr' id='par_1_40' title="bbox 1018 520 1799 557">
     <span class='ocr_line' id='line_1_40' title="bbox 1018 520 1799 557; baseline 0.009 -11"><span class='ocrx_word' id='word_1_292' title='bbox 1018 520 1119 547; x_wconf 80' lang='lat' dir='ltr'><strong>ventris</strong></span> <span class='ocrx_word' id='word_1_293' title='bbox 1135 520 1174 546; x_wconf 88' lang='lat' dir='ltr'><strong>tui</strong></span> <span class='ocrx_word' id='word_1_294' title='bbox 1190 527 1288 555; x_wconf 86' lang='lat' dir='ltr'><strong>ponam</strong></span> <span class='ocrx_word' id='word_1_295' title='bbox 1304 529 1386 556; x_wconf 78' lang='lat' dir='ltr'><strong>super</strong></span> <span class='ocrx_word' id='word_1_296' title='bbox 1399 522 1488 548; x_wconf 83' lang='lat' dir='ltr'><strong>sedem</strong></span> <span class='ocrx_word' id='word_1_297' title='bbox 1512 527 1603 555; x_wconf 82' lang='lat' dir='ltr'><strong>tuam;</strong></span> <span class='ocrx_word' id='word_1_298' title='bbox 1617 533 1628 550; x_wconf 72' lang='grc' dir='ltr'><strong><em>ι</em></strong></span> <span class='ocrx_word' id='word_1_299' title='bbox 1646 529 1673 552; x_wconf 91' lang='lat' dir='ltr'><strong>et</strong></span> <span class='ocrx_word' id='word_1_300' title='bbox 1692 532 1799 557; x_wconf 80' lang='lat' dir='ltr'><strong>rursus,</strong></span> 
     </span>
    </p>
   </div>
   <div class='ocr_carea' id='block_1_41' title="bbox 1021 565 1799 604">
    <p class='ocr_par' dir='ltr' id='par_1_41' title="bbox 1021 565 1799 604">
     <span class='ocr_line' id='line_1_41' title="bbox 1021 565 1799 604; baseline 0.009 -13"><span class='ocrx_word' id='word_1_301' title='bbox 1021 574 1029 590; x_wconf 80' lang='grc' dir='ltr'><strong>ι</strong></span> <span class='ocrx_word' id='word_1_302' title='bbox 1045 565 1109 593; x_wconf 91' lang='lat' dir='ltr'><strong>llluc</strong></span> <span class='ocrx_word' id='word_1_303' title='bbox 1132 566 1280 601; x_wconf 88' lang='lat' dir='ltr'><strong>producam</strong></span> <span class='ocrx_word' id='word_1_304' title='bbox 1301 574 1387 594; x_wconf 90' lang='lat' dir='ltr'><strong>cornu</strong></span> <span class='ocrx_word' id='word_1_305' title='bbox 1415 567 1513 599; x_wconf 78' lang='lat' dir='ltr'><strong>David,</strong></span> <span class='ocrx_word' id='word_1_306' title='bbox 1541 569 1635 604; x_wconf 85' lang='lat' dir='ltr'><strong>paravi</strong></span> <span class='ocrx_word' id='word_1_307' title='bbox 1658 571 1799 598; x_wconf 80' lang='lat' dir='ltr'><strong>lucernam</strong></span> 
     </span>
    </p>
   </div>
   <div class='ocr_carea' id='block_1_42' title="bbox 1016 613 1800 651">
    <p class='ocr_par' dir='ltr' id='par_1_42' title="bbox 1016 613 1800 651">
     <span class='ocr_line' id='line_1_42' title="bbox 1016 613 1800 651; baseline 0.005 -11"><span class='ocrx_word' id='word_1_308' title='bbox 1016 613 1127 640; x_wconf 90' lang='lat' dir='ltr'><strong>Christo</strong></span> <span class='ocrx_word' id='word_1_309' title='bbox 1143 620 1214 645; x_wconf 86' lang='lat' dir='ltr'><strong>meo,</strong></span> <span class='ocrx_word' id='word_1_310' title='bbox 1232 622 1240 638; x_wconf 84' lang='lat' dir='ltr'><strong>I</strong></span> <span class='ocrx_word' id='word_1_311' title='bbox 1267 613 1366 640; x_wconf 89' lang='lat' dir='ltr'><strong>merito</strong></span> <span class='ocrx_word' id='word_1_312' title='bbox 1390 614 1544 648; x_wconf 86' lang='lat' dir='ltr'><strong>procumbit</strong></span> <span class='ocrx_word' id='word_1_313' title='bbox 1565 615 1617 650; x_wconf 89' lang='lat' dir='ltr'><strong>ipsi</strong></span> <span class='ocrx_word' id='word_1_314' title='bbox 1633 615 1698 648; x_wconf 86' lang='lat' dir='ltr'><strong>Deo,</strong></span> <span class='ocrx_word' id='word_1_315' title='bbox 1718 621 1800 651; x_wconf 79' lang='lat' dir='ltr'><strong>atque</strong></span> 
     </span>
    </p>
   </div>
   <div class='ocr_carea' id='block_1_43' title="bbox 1018 658 1798 697">
    <p class='ocr_par' dir='ltr' id='par_1_43' title="bbox 1018 658 1798 697">
     <span class='ocr_line' id='line_1_43' title="bbox 1018 658 1798 697; baseline 0.006 -13"><span class='ocrx_word' id='word_1_316' title='bbox 1018 659 1053 684; x_wconf 92' lang='lat' dir='ltr'><strong>ita</strong></span> <span class='ocrx_word' id='word_1_317' title='bbox 1071 658 1176 685; x_wconf 76' lang='lat' dir='ltr'><strong>hzercns</strong></span> <span class='ocrx_word' id='word_1_318' title='bbox 1189 659 1257 690; x_wconf 89' lang='lat' dir='ltr'><strong>solo,</strong></span> <span class='ocrx_word' id='word_1_319' title='bbox 1272 659 1408 693; x_wconf 82' lang='lat' dir='ltr'><strong>supplicat</strong></span> <span class='ocrx_word' id='word_1_320' title='bbox 1420 663 1447 686; x_wconf 77' lang='lat' dir='ltr'><strong>et</strong></span> <span class='ocrx_word' id='word_1_321' title='bbox 1462 665 1608 694; x_wconf 88' lang='lat' dir='ltr'><strong>precatur:</strong></span> <span class='ocrx_word' id='word_1_322' title='bbox 1625 662 1732 697; x_wconf 79' lang='lat' dir='ltr'><strong>longius</strong></span> <span class='ocrx_word' id='word_1_323' title='bbox 1748 670 1798 689; x_wconf 89' lang='lat' dir='ltr'><strong>au-</strong></span> 
     </span>
    </p>
   </div>
   <div class='ocr_carea' id='block_1_44' title="bbox 1017 704 1800 742">
    <p class='ocr_par' dir='ltr' id='par_1_44' title="bbox 1017 704 1800 742">
     <span class='ocr_line' id='line_1_44' title="bbox 1017 704 1800 742; baseline 0.008 -14"><span class='ocrx_word' id='word_1_324' title='bbox 1017 707 1070 729; x_wconf 79' lang='lat' dir='ltr'><strong>tem</strong></span> <span class='ocrx_word' id='word_1_325' title='bbox 1086 704 1313 738; x_wconf 74' lang='lat' dir='ltr'><strong>constantiusque</strong></span> <span class='ocrx_word' id='word_1_326' title='bbox 1334 704 1361 731; x_wconf 93' lang='lat' dir='ltr'><strong>in</strong></span> <span class='ocrx_word' id='word_1_327' title='bbox 1381 705 1505 732; x_wconf 79' lang='lat' dir='ltr'><strong>oratione</strong></span> <span class='ocrx_word' id='word_1_328' title='bbox 1523 713 1710 740; x_wconf 85' lang='lat' dir='ltr'><strong>perseverans,</strong></span> <span class='ocrx_word' id='word_1_329' title='bbox 1724 707 1800 742; x_wconf 85' lang='lat' dir='ltr'><strong>jurat</strong></span> 
     </span>
    </p>
   </div>
   <div class='ocr_carea' id='block_1_45' title="bbox 1017 748 1799 786">
    <p class='ocr_par' dir='ltr' id='par_1_45' title="bbox 1017 748 1799 786">
     <span class='ocr_line' id='line_1_45' title="bbox 1017 748 1799 786; baseline 0.008 -12"><span class='ocrx_word' id='word_1_330' title='bbox 1017 748 1082 780; x_wconf 81' lang='lat' dir='ltr'><strong>Deo.</strong></span> <span class='ocrx_word' id='word_1_331' title='bbox 1109 757 1163 776; x_wconf 91' lang='lat' dir='ltr'><strong>non</strong></span> <span class='ocrx_word' id='word_1_332' title='bbox 1185 750 1261 784; x_wconf 84' lang='lat' dir='ltr'><strong>prius</strong></span> <span class='ocrx_word' id='word_1_333' title='bbox 1287 758 1317 778; x_wconf 92' lang='lat' dir='ltr'><strong>se</strong></span> <span class='ocrx_word' id='word_1_334' title='bbox 1341 751 1529 786; x_wconf 82' lang='lat' dir='ltr'><strong>ingressurum</strong></span> <span class='ocrx_word' id='word_1_335' title='bbox 1551 753 1579 779; x_wconf 88' lang='lat' dir='ltr'><strong>in</strong></span> <span class='ocrx_word' id='word_1_336' title='bbox 1595 753 1799 780; x_wconf 83' lang='lat' dir='ltr'><strong>tabernaculum</strong></span> 
     </span>
    </p>
   </div>
   <div class='ocr_carea' id='block_1_46' title="bbox 1015 794 1796 830">
    <p class='ocr_par' dir='ltr' id='par_1_46' title="bbox 1015 794 1796 830">
     <span class='ocr_line' id='line_1_46' title="bbox 1015 794 1796 830; baseline 0.005 -10"><span class='ocrx_word' id='word_1_337' title='bbox 1015 794 1113 821; x_wconf 90' lang='lat' dir='ltr'><strong>domus</strong></span> <span class='ocrx_word' id='word_1_338' title='bbox 1129 802 1195 826; x_wconf 59' lang='lat' dir='ltr'><strong>suae,</strong></span> <span class='ocrx_word' id='word_1_339' title='bbox 1210 803 1298 830; x_wconf 87' lang='lat' dir='ltr'><strong>neque</strong></span> <span class='ocrx_word' id='word_1_340' title='bbox 1321 794 1448 823; x_wconf 84' lang='lat' dir='ltr'><strong>daturum</strong></span> <span class='ocrx_word' id='word_1_341' title='bbox 1468 797 1556 824; x_wconf 89' lang='lat' dir='ltr'><strong>oculis</strong></span> <span class='ocrx_word' id='word_1_342' title='bbox 1577 797 1635 824; x_wconf 85' lang='lat' dir='ltr'><strong>suis</strong></span> <span class='ocrx_word' id='word_1_343' title='bbox 1659 805 1796 829; x_wconf 81' lang='lat' dir='ltr'><strong>somnum.</strong></span> 
     </span>
    </p>
   </div>
   <div class='ocr_carea' id='block_1_47' title="bbox 1014 839 1796 878">
    <p class='ocr_par' dir='ltr' id='par_1_47' title="bbox 1014 839 1796 878">
     <span class='ocr_line' id='line_1_47' title="bbox 1014 839 1796 878; baseline 0.009 -14"><span class='ocrx_word' id='word_1_344' title='bbox 1014 842 1040 865; x_wconf 78' lang='lat' dir='ltr'><strong>et</strong></span> <span class='ocrx_word' id='word_1_345' title='bbox 1054 839 1191 873; x_wconf 90' lang='lat' dir='ltr'><strong>palpebris</strong></span> <span class='ocrx_word' id='word_1_346' title='bbox 1202 840 1260 867; x_wconf 84' lang='lat' dir='ltr'><strong>suis</strong></span> <span class='ocrx_word' id='word_1_347' title='bbox 1272 840 1503 874; x_wconf 87' lang='lat' dir='ltr'><strong>dormitationem,</strong></span> <span class='ocrx_word' id='word_1_348' title='bbox 1519 850 1607 878; x_wconf 82' lang='lat' dir='ltr'><strong>neque</strong></span> <span class='ocrx_word' id='word_1_349' title='bbox 1618 851 1796 871; x_wconf 88' lang='lat' dir='ltr'><strong>ascensurum</strong></span> 
     </span>
    </p>
   </div>
   <div class='ocr_carea' id='block_1_48' title="bbox 1016 878 1796 924">
    <p class='ocr_par' dir='ltr' id='par_1_48' title="bbox 1016 878 1796 924">
     <span class='ocr_line' id='line_1_48' title="bbox 1016 878 1796 924; baseline 0.008 -13"><span class='ocrx_word' id='word_1_350' title='bbox 1016 885 1042 911; x_wconf 91' lang='lat' dir='ltr'><strong>in</strong></span> <span class='ocrx_word' id='word_1_351' title='bbox 1066 885 1165 912; x_wconf 87' lang='lat' dir='ltr'><strong>lectum</strong></span> <span class='ocrx_word' id='word_1_352' title='bbox 1181 886 1258 912; x_wconf 86' lang='lat' dir='ltr'><strong>strati</strong></span> <span class='ocrx_word' id='word_1_353' title='bbox 1282 887 1336 919; x_wconf 85' lang='lat' dir='ltr'><strong>sui,</strong></span> <span class='ocrx_word' id='word_1_354' title='bbox 1355 887 1430 914; x_wconf 90' lang='lat' dir='ltr'><strong>humi</strong></span> <span class='ocrx_word' id='word_1_355' title='bbox 1442 892 1558 915; x_wconf 86' lang='lat' dir='ltr'><strong>stratum</strong></span> <span class='ocrx_word' id='word_1_356' title='bbox 1575 878 1688 924; x_wconf 82' lang='lat' dir='ltr'><strong>soloque</strong></span> <span class='ocrx_word' id='word_1_357' title='bbox 1704 890 1796 917; x_wconf 63' lang='lat' dir='ltr'><strong>adha-</strong></span> 
     </span>
    </p>
   </div>
   <div class='ocr_carea' id='block_1_49' title="bbox 1015 932 1798 971">
    <p class='ocr_par' dir='ltr' id='par_1_49' title="bbox 1015 932 1798 971">
     <span class='ocr_line' id='line_1_49' title="bbox 1015 932 1798 971; baseline 0.01 -15"><span class='ocrx_word' id='word_1_358' title='bbox 1015 934 1129 962; x_wconf 83' lang='lat' dir='ltr'><strong>rentem,</strong></span> <span class='ocrx_word' id='word_1_359' title='bbox 1144 938 1231 966; x_wconf 88' lang='lat' dir='ltr'><strong>eoque</strong></span> <span class='ocrx_word' id='word_1_360' title='bbox 1256 932 1337 959; x_wconf 86' lang='lat' dir='ltr'><strong>modo</strong></span> <span class='ocrx_word' id='word_1_361' title='bbox 1364 933 1523 961; x_wconf 83' lang='lat' dir='ltr'><strong>adorantem</strong></span> <span class='ocrx_word' id='word_1_362' title='bbox 1547 943 1579 961; x_wconf 86' lang='lat' dir='ltr'><strong>ac</strong></span> <span class='ocrx_word' id='word_1_363' title='bbox 1599 936 1798 971; x_wconf 84' lang='lat' dir='ltr'><strong>supplicantem</strong></span> 
     </span>
    </p>
   </div>
   <div class='ocr_carea' id='block_1_50' title="bbox 1014 977 1796 1013">
    <p class='ocr_par' dir='ltr' id='par_1_50' title="bbox 1014 977 1796 1013">
     <span class='ocr_line' id='line_1_50' title="bbox 1014 977 1796 1013; baseline 0.01 -12"><span class='ocrx_word' id='word_1_364' title='bbox 1014 983 1186 1009; x_wconf 86' lang='lat' dir='ltr'><strong>mansurum,</strong></span> <span class='ocrx_word' id='word_1_365' title='bbox 1202 977 1288 1004; x_wconf 90' lang='lat' dir='ltr'><strong>donec</strong></span> <span class='ocrx_word' id='word_1_366' title='bbox 1305 978 1426 1006; x_wconf 82' lang='lat' dir='ltr'><strong>inveniat</strong></span> <span class='ocrx_word' id='word_1_367' title='bbox 1452 979 1541 1006; x_wconf 91' lang='lat' dir='ltr'><strong>locum</strong></span> <span class='ocrx_word' id='word_1_368' title='bbox 1565 980 1690 1013; x_wconf 75' lang='lat' dir='ltr'><strong>Dori-inn,</strong></span> <span class='ocrx_word' id='word_1_369' title='bbox 1706 985 1733 1009; x_wconf 90' lang='lat' dir='ltr'><strong>et</strong></span> <span class='ocrx_word' id='word_1_370' title='bbox 1753 987 1796 1009; x_wconf 88' lang='lat' dir='ltr'><strong>ta-</strong></span> 
     </span>
    </p>
   </div>
   <div class='ocr_carea' id='block_1_51' title="bbox 1014 1022 1796 1060">
    <p class='ocr_par' dir='ltr' id='par_1_51' title="bbox 1014 1022 1796 1060">
     <span class='ocr_line' id='line_1_51' title="bbox 1014 1022 1796 1060; baseline 0.009 -12"><span class='ocrx_word' id='word_1_371' title='bbox 1014 1022 1190 1050; x_wconf 87' lang='lat' dir='ltr'><strong>bernaculum</strong></span> <span class='ocrx_word' id='word_1_372' title='bbox 1221 1023 1276 1050; x_wconf 88' lang='lat' dir='ltr'><strong>Deo</strong></span> <span class='ocrx_word' id='word_1_373' title='bbox 1306 1023 1401 1057; x_wconf 85' lang='lat' dir='ltr'><strong>Jacob,</strong></span> <span class='ocrx_word' id='word_1_374' title='bbox 1424 1026 1475 1053; x_wconf 91' lang='lat' dir='ltr'><strong>hoc</strong></span> <span class='ocrx_word' id='word_1_375' title='bbox 1512 1030 1565 1058; x_wconf 86' lang='lat' dir='ltr'><strong>est,</strong></span> <span class='ocrx_word' id='word_1_376' title='bbox 1586 1026 1674 1054; x_wconf 85' lang='lat' dir='ltr'><strong>donec</strong></span> <span class='ocrx_word' id='word_1_377' title='bbox 1698 1027 1796 1060; x_wconf 79' lang='lat' dir='ltr'><strong>discat,</strong></span> 
     </span>
    </p>
   </div>
   <div class='ocr_carea' id='block_1_52' title="bbox 1015 1067 1797 1106">
    <p class='ocr_par' dir='ltr' id='par_1_52' title="bbox 1015 1067 1797 1106">
     <span class='ocr_line' id='line_1_52' title="bbox 1015 1067 1797 1106; baseline 0.013 -13"><span class='ocrx_word' id='word_1_378' title='bbox 1015 1067 1130 1095; x_wconf 89' lang='lat' dir='ltr'><strong>Domino</strong></span> <span class='ocrx_word' id='word_1_379' title='bbox 1146 1069 1199 1096; x_wconf 86' lang='lat' dir='ltr'><strong>sibi</strong></span> <span class='ocrx_word' id='word_1_380' title='bbox 1216 1069 1365 1104; x_wconf 82' lang='lat' dir='ltr'><strong>indicante,</strong></span> <span class='ocrx_word' id='word_1_381' title='bbox 1382 1070 1469 1106; x_wconf 88' lang='lat' dir='ltr'><strong>ipsius</strong></span> <span class='ocrx_word' id='word_1_382' title='bbox 1486 1072 1586 1100; x_wconf 77' lang='lat' dir='ltr'><strong>Christi</strong></span> <span class='ocrx_word' id='word_1_383' title='bbox 1603 1077 1711 1101; x_wconf 84' lang='lat' dir='ltr'><strong>ortum:</strong></span> <span class='ocrx_word' id='word_1_384' title='bbox 1734 1082 1797 1102; x_wconf 92' lang='lat' dir='ltr'><strong>cum</strong></span> 
     </span>
    </p>
   </div>
   <div class='ocr_carea' id='block_1_53' title="bbox 1013 1114 1796 1154">
    <p class='ocr_par' dir='ltr' id='par_1_53' title="bbox 1013 1114 1796 1154">
     <span class='ocr_line' id='line_1_53' title="bbox 1013 1114 1796 1154; baseline 0.011 -16"><span class='ocrx_word' id='word_1_385' title='bbox 1013 1118 1101 1139; x_wconf 85' lang='lat' dir='ltr'><strong>autem</strong></span> <span class='ocrx_word' id='word_1_386' title='bbox 1119 1118 1182 1140; x_wconf 87' lang='lat' dir='ltr'><strong>voto</strong></span> <span class='ocrx_word' id='word_1_387' title='bbox 1198 1114 1224 1141; x_wconf 97' lang='lat' dir='ltr'><strong>id</strong></span> <span class='ocrx_word' id='word_1_388' title='bbox 1240 1116 1415 1150; x_wconf 82' lang='lat' dir='ltr'><strong>postulasset,</strong></span> <span class='ocrx_word' id='word_1_389' title='bbox 1435 1121 1462 1143; x_wconf 78' lang='lat' dir='ltr'><strong>et</strong></span> <span class='ocrx_word' id='word_1_390' title='bbox 1477 1117 1540 1144; x_wconf 87' lang='lat' dir='ltr'><strong>talia</strong></span> <span class='ocrx_word' id='word_1_391' title='bbox 1560 1126 1726 1154; x_wconf 76' lang='lat' dir='ltr'><strong>cognoscere</strong></span> <span class='ocrx_word' id='word_1_392' title='bbox 1747 1127 1796 1147; x_wconf 79' lang='lat' dir='ltr'><strong>ex-</strong></span> 
     </span>
    </p>
   </div>
   <div class='ocr_carea' id='block_1_54' title="bbox 1013 1158 1796 1198">
    <p class='ocr_par' dir='ltr' id='par_1_54' title="bbox 1013 1158 1796 1198">
     <span class='ocr_line' id='line_1_54' title="bbox 1013 1158 1796 1198; baseline 0.01 -14"><span class='ocrx_word' id='word_1_393' title='bbox 1013 1158 1164 1192; x_wconf 82' lang='lat' dir='ltr'><strong>petivisset,</strong></span> <span class='ocrx_word' id='word_1_394' title='bbox 1182 1159 1253 1186; x_wconf 87' lang='lat' dir='ltr'><strong>haud</strong></span> <span class='ocrx_word' id='word_1_395' title='bbox 1270 1161 1306 1187; x_wconf 88' lang='lat' dir='ltr'><strong>ita</strong></span> <span class='ocrx_word' id='word_1_396' title='bbox 1324 1162 1409 1188; x_wconf 90' lang='lat' dir='ltr'><strong>multo</strong></span> <span class='ocrx_word' id='word_1_397' title='bbox 1426 1167 1498 1197; x_wconf 80' lang='lat' dir='ltr'><strong>post,</strong></span> <span class='ocrx_word' id='word_1_398' title='bbox 1527 1172 1588 1198; x_wconf 64' lang='lat' dir='ltr'><strong>quae</strong></span> <span class='ocrx_word' id='word_1_399' title='bbox 1603 1164 1694 1192; x_wconf 82' lang='lat' dir='ltr'><strong>futura</strong></span> <span class='ocrx_word' id='word_1_400' title='bbox 1717 1171 1796 1194; x_wconf 84' lang='lat' dir='ltr'><strong>erant</strong></span> 
     </span>
    </p>
   </div>
   <div class='ocr_carea' id='block_1_55' title="bbox 1012 1203 1794 1246">
    <p class='ocr_par' dir='ltr' id='par_1_55' title="bbox 1012 1203 1794 1246">
     <span class='ocr_line' id='line_1_55' title="bbox 1012 1203 1794 1246; baseline 0.013 -17"><span class='ocrx_word' id='word_1_401' title='bbox 1012 1203 1103 1230; x_wconf 88' lang='lat' dir='ltr'><strong>divino</strong></span> <span class='ocrx_word' id='word_1_402' title='bbox 1119 1204 1256 1234; x_wconf 87' lang='lat' dir='ltr'><strong>indicante</strong></span> <span class='ocrx_word' id='word_1_403' title='bbox 1274 1205 1375 1241; x_wconf 88' lang='lat' dir='ltr'><strong>Spiritu</strong></span> <span class='ocrx_word' id='word_1_404' title='bbox 1392 1210 1603 1242; x_wconf 86' lang='lat' dir='ltr'><strong>contemplatur,</strong></span> <span class='ocrx_word' id='word_1_405' title='bbox 1619 1211 1719 1246; x_wconf 89' lang='lat' dir='ltr'><strong>quippe</strong></span> <span class='ocrx_word' id='word_1_406' title='bbox 1731 1219 1794 1239; x_wconf 89' lang='lat' dir='ltr'><strong>cum</strong></span> 
     </span>
    </p>
   </div>
   <div class='ocr_carea' id='block_1_56' title="bbox 1012 1249 1795 1291">
    <p class='ocr_par' dir='ltr' id='par_1_56' title="bbox 1012 1249 1795 1291">
     <span class='ocr_line' id='line_1_56' title="bbox 1012 1249 1795 1291; baseline 0.011 -15"><span class='ocrx_word' id='word_1_407' title='bbox 1012 1250 1070 1277; x_wconf 89' lang='lat' dir='ltr'><strong>suis</strong></span> <span class='ocrx_word' id='word_1_408' title='bbox 1082 1249 1152 1277; x_wconf 85' lang='lat' dir='ltr'><strong>Deus</strong></span> <span class='ocrx_word' id='word_1_409' title='bbox 1167 1252 1306 1286; x_wconf 86' lang='lat' dir='ltr'><strong>pollicitus</strong></span> <span class='ocrx_word' id='word_1_410' title='bbox 1322 1253 1367 1285; x_wconf 86' lang='lat' dir='ltr'><strong>sit.</strong></span> <span class='ocrx_word' id='word_1_411' title='bbox 1383 1262 1413 1282; x_wconf 87' lang='lat' dir='ltr'><strong>se</strong></span> <span class='ocrx_word' id='word_1_412' title='bbox 1428 1256 1544 1290; x_wconf 84' lang='lat' dir='ltr'><strong>amplius</strong></span> <span class='ocrx_word' id='word_1_413' title='bbox 1557 1256 1701 1291; x_wconf 82' lang='lat' dir='ltr'><strong>loquentes</strong></span> <span class='ocrx_word' id='word_1_414' title='bbox 1711 1265 1795 1285; x_wconf 79' lang='lat' dir='ltr'><strong>exau-</strong></span> 
     </span>
    </p>
   </div>
   <div class='ocr_carea' id='block_1_57' title="bbox 1011 1296 1798 1336">
    <p class='ocr_par' dir='ltr' id='par_1_57' title="bbox 1011 1296 1798 1336">
     <span class='ocr_line' id='line_1_57' title="bbox 1011 1296 1798 1336; baseline 0.011 -14"><span class='ocrx_word' id='word_1_415' title='bbox 1011 1296 1142 1324; x_wconf 88' lang='lat' dir='ltr'><strong>diturum.</strong></span> <span class='ocrx_word' id='word_1_416' title='bbox 1162 1297 1255 1333; x_wconf 89' lang='lat' dir='ltr'><strong>Itaque</strong></span> <span class='ocrx_word' id='word_1_417' title='bbox 1273 1299 1311 1325; x_wconf 87' lang='lat' dir='ltr'><strong>illi</strong></span> <span class='ocrx_word' id='word_1_418' title='bbox 1328 1300 1355 1326; x_wconf 93' lang='lat' dir='ltr'><strong>in</strong></span> <span class='ocrx_word' id='word_1_419' title='bbox 1367 1300 1439 1327; x_wconf 91' lang='lat' dir='ltr'><strong>hunc</strong></span> <span class='ocrx_word' id='word_1_420' title='bbox 1454 1303 1564 1328; x_wconf 89' lang='lat' dir='ltr'><strong>modum</strong></span> <span class='ocrx_word' id='word_1_421' title='bbox 1581 1303 1720 1336; x_wconf 79' lang='lat' dir='ltr'><strong>exaudito,</strong></span> <span class='ocrx_word' id='word_1_422' title='bbox 1736 1311 1798 1330; x_wconf 88' lang='lat' dir='ltr'><strong>ora-</strong></span> 
     </span>
    </p>
   </div>
   <div class='ocr_carea' id='block_1_58' title="bbox 1011 1343 1794 1383">
    <p class='ocr_par' dir='ltr' id='par_1_58' title="bbox 1011 1343 1794 1383">
     <span class='ocr_line' id='line_1_58' title="bbox 1011 1343 1794 1383; baseline 0.01 -15"><span class='ocrx_word' id='word_1_423' title='bbox 1011 1343 1102 1369; x_wconf 92' lang='lat' dir='ltr'><strong>culum</strong></span> <span class='ocrx_word' id='word_1_424' title='bbox 1118 1343 1251 1375; x_wconf 82' lang='lat' dir='ltr'><strong>redditur.</strong></span> <span class='ocrx_word' id='word_1_425' title='bbox 1278 1353 1332 1379; x_wconf 88' lang='lat' dir='ltr'><strong>quo</strong></span> <span class='ocrx_word' id='word_1_426' title='bbox 1359 1346 1417 1380; x_wconf 81' lang='lat' dir='ltr'><strong>ipsa</strong></span> <span class='ocrx_word' id='word_1_427' title='bbox 1441 1346 1597 1374; x_wconf 84' lang='lat' dir='ltr'><strong>Bethlelrem</strong></span> <span class='ocrx_word' id='word_1_428' title='bbox 1621 1348 1794 1383; x_wconf 78' lang='lat' dir='ltr'><strong>inclamatur,</strong></span> 
     </span>
    </p>
   </div>
   <div class='ocr_carea' id='block_1_59' title="bbox 1011 1389 1793 1423">
    <p class='ocr_par' dir='ltr' id='par_1_59' title="bbox 1011 1389 1793 1423">
     <span class='ocr_line' id='line_1_59' title="bbox 1011 1389 1793 1423; baseline 0.009 -9"><span class='ocrx_word' id='word_1_429' title='bbox 1011 1392 1139 1423; x_wconf 85' lang='lat' dir='ltr'><strong>tanquam</strong></span> <span class='ocrx_word' id='word_1_430' title='bbox 1157 1389 1213 1417; x_wconf 91' lang='lat' dir='ltr'><strong>illic</strong></span> <span class='ocrx_word' id='word_1_431' title='bbox 1230 1390 1307 1417; x_wconf 86' lang='lat' dir='ltr'><strong>locus</strong></span> <span class='ocrx_word' id='word_1_432' title='bbox 1324 1390 1449 1421; x_wconf 84' lang='lat' dir='ltr'><strong>Domino.</strong></span> <span class='ocrx_word' id='word_1_433' title='bbox 1466 1397 1494 1419; x_wconf 89' lang='lat' dir='ltr'><strong>et</strong></span> <span class='ocrx_word' id='word_1_434' title='bbox 1514 1393 1721 1420; x_wconf 87' lang='lat' dir='ltr'><strong>tabernaculum</strong></span> <span class='ocrx_word' id='word_1_435' title='bbox 1738 1393 1793 1421; x_wconf 89' lang='lat' dir='ltr'><strong>Deo</strong></span> 
     </span>
    </p>
   </div>
   <div class='ocr_carea' id='block_1_60' title="bbox 1010 1433 1794 1474">
    <p class='ocr_par' dir='ltr' id='par_1_60' title="bbox 1010 1433 1794 1474">
     <span class='ocr_line' id='line_1_60' title="bbox 1010 1433 1794 1474; baseline 0.01 -14"><span class='ocrx_word' id='word_1_436' title='bbox 1010 1433 1094 1461; x_wconf 86' lang='lat' dir='ltr'><strong>Jacob</strong></span> <span class='ocrx_word' id='word_1_437' title='bbox 1104 1435 1297 1463; x_wconf 88' lang='lat' dir='ltr'><strong>constituenda</strong></span> <span class='ocrx_word' id='word_1_438' title='bbox 1323 1437 1388 1464; x_wconf 84' lang='lat' dir='ltr'><strong>sint.</strong></span> <span class='ocrx_word' id='word_1_439' title='bbox 1423 1437 1486 1465; x_wconf 67' lang='lat' dir='ltr'><strong>Haec</strong></span> <span class='ocrx_word' id='word_1_440' title='bbox 1508 1438 1591 1474; x_wconf 83' lang='lat' dir='ltr'><strong>igitur</strong></span> <span class='ocrx_word' id='word_1_441' title='bbox 1614 1440 1660 1466; x_wconf 93' lang='lat' dir='ltr'><strong>ubi</strong></span> <span class='ocrx_word' id='word_1_442' title='bbox 1684 1440 1794 1468; x_wconf 86' lang='lat' dir='ltr'><strong>divinus</strong></span> 
     </span>
    </p>
   </div>
   <div class='ocr_carea' id='block_1_61' title="bbox 1012 1481 1795 1521">
    <p class='ocr_par' dir='ltr' id='par_1_61' title="bbox 1012 1481 1795 1521">
     <span class='ocr_line' id='line_1_61' title="bbox 1012 1481 1795 1521; baseline 0.009 -14"><span class='ocrx_word' id='word_1_443' title='bbox 1012 1481 1130 1516; x_wconf 85' lang='lat' dir='ltr'><strong>Spiritus</strong></span> <span class='ocrx_word' id='word_1_444' title='bbox 1144 1483 1214 1518; x_wconf 91' lang='lat' dir='ltr'><strong>apud</strong></span> <span class='ocrx_word' id='word_1_445' title='bbox 1230 1491 1259 1510; x_wconf 89' lang='lat' dir='ltr'><strong>se</strong></span> <span class='ocrx_word' id='word_1_446' title='bbox 1276 1483 1364 1518; x_wconf 89' lang='lat' dir='ltr'><strong>ipsum</strong></span> <span class='ocrx_word' id='word_1_447' title='bbox 1378 1484 1489 1517; x_wconf 83' lang='lat' dir='ltr'><strong>cecinit,</strong></span> <span class='ocrx_word' id='word_1_448' title='bbox 1505 1485 1562 1520; x_wconf 84' lang='lat' dir='ltr'><strong>ipse</strong></span> <span class='ocrx_word' id='word_1_449' title='bbox 1574 1486 1694 1521; x_wconf 88' lang='lat' dir='ltr'><strong>seipsurn</strong></span> <span class='ocrx_word' id='word_1_450' title='bbox 1711 1494 1795 1514; x_wconf 82' lang='lat' dir='ltr'><strong>exau-</strong></span> 
     </span>
    </p>
   </div>
   <div class='ocr_carea' id='block_1_62' title="bbox 1010 1526 1793 1567">
    <p class='ocr_par' dir='ltr' id='par_1_62' title="bbox 1010 1526 1793 1567">
     <span class='ocr_line' id='line_1_62' title="bbox 1010 1526 1793 1567; baseline 0.009 -15"><span class='ocrx_word' id='word_1_451' title='bbox 1010 1526 1088 1554; x_wconf 88' lang='lat' dir='ltr'><strong>diens</strong></span> <span class='ocrx_word' id='word_1_452' title='bbox 1114 1527 1248 1563; x_wconf 77' lang='lat' dir='ltr'><strong>adjungit,</strong></span> <span class='ocrx_word' id='word_1_453' title='bbox 1265 1538 1273 1553; x_wconf 74' lang='grc' dir='ltr'><strong>ι</strong></span> <span class='ocrx_word' id='word_1_454' title='bbox 1292 1528 1360 1556; x_wconf 85' lang='lat' dir='ltr'><strong>Ecce</strong></span> <span class='ocrx_word' id='word_1_455' title='bbox 1374 1529 1529 1558; x_wconf 82' lang='lat' dir='ltr'><strong>audivimus</strong></span> <span class='ocrx_word' id='word_1_456' title='bbox 1542 1539 1600 1558; x_wconf 85' lang='lat' dir='ltr'><strong>eam</strong></span> <span class='ocrx_word' id='word_1_457' title='bbox 1617 1531 1643 1558; x_wconf 87' lang='lat' dir='ltr'><strong>in</strong></span> <span class='ocrx_word' id='word_1_458' title='bbox 1659 1531 1793 1567; x_wconf 78' lang='lat' dir='ltr'><strong>Ephrata:</strong></span> 
     </span>
    </p>
   </div>
   <div class='ocr_carea' id='block_1_63' title="bbox 1013 1571 1793 1609">
    <p class='ocr_par' dir='ltr' id='par_1_63' title="bbox 1013 1571 1793 1609">
     <span class='ocr_line' id='line_1_63' title="bbox 1013 1571 1793 1609; baseline 0.009 -12"><span class='ocrx_word' id='word_1_459' title='bbox 1013 1579 1022 1595; x_wconf 77' lang='grc' dir='ltr'><strong>ι</strong></span> <span class='ocrx_word' id='word_1_460' title='bbox 1038 1571 1156 1606; x_wconf 82' lang='lat' dir='ltr'><strong>Ephrata</strong></span> <span class='ocrx_word' id='word_1_461' title='bbox 1172 1580 1237 1600; x_wconf 85' lang='lat' dir='ltr'><strong>vero</strong></span> <span class='ocrx_word' id='word_1_462' title='bbox 1263 1574 1356 1601; x_wconf 81' lang='lat' dir='ltr'><strong>eadem</strong></span> <span class='ocrx_word' id='word_1_463' title='bbox 1382 1578 1424 1601; x_wconf 85' lang='lat' dir='ltr'><strong>est</strong></span> <span class='ocrx_word' id='word_1_464' title='bbox 1443 1579 1469 1602; x_wconf 90' lang='lat' dir='ltr'><strong>et</strong></span> <span class='ocrx_word' id='word_1_465' title='bbox 1486 1575 1642 1604; x_wconf 85' lang='lat' dir='ltr'><strong>Bethlchem</strong></span> <span class='ocrx_word' id='word_1_466' title='bbox 1657 1585 1663 1609; x_wconf 91' lang='lat'>;</span> <span class='ocrx_word' id='word_1_467' title='bbox 1680 1578 1751 1604; x_wconf 88' lang='lat' dir='ltr'><strong>sicut</strong></span> <span class='ocrx_word' id='word_1_468' title='bbox 1766 1578 1793 1604; x_wconf 92' lang='lat' dir='ltr'><strong>iu</strong></span> 
     </span>
    </p>
   </div>
   <div class='ocr_carea' id='block_1_64' title="bbox 174 1617 980 1654">
    <p class='ocr_par' dir='ltr' id='par_1_64' title="bbox 174 1617 980 1654">
     <span class='ocr_line' id='line_1_64' title="bbox 174 1617 980 1654; baseline 0.005 -12"><span class='ocrx_word' id='word_1_469' title='bbox 174 1617 201 1642; x_wconf 72' lang='grc' dir='ltr'><strong>δὲ</strong></span> <span class='ocrx_word' id='word_1_470' title='bbox 217 1618 338 1653; x_wconf 84' lang='grc' dir='ltr'>περιεῖχε</span> <span class='ocrx_word' id='word_1_471' title='bbox 355 1618 516 1654; x_wconf 82' lang='grc' dir='ltr'>προφητεία·</span> <span class='ocrx_word' id='word_1_472' title='bbox 534 1627 542 1643; x_wconf 74' lang='grc' dir='ltr'><strong>ε</strong></span> <span class='ocrx_word' id='word_1_473' title='bbox 560 1618 615 1644; x_wconf 79' lang='grc' dir='ltr'>Καὶ</span> <span class='ocrx_word' id='word_1_474' title='bbox 632 1618 675 1649; x_wconf 80' lang='grc' dir='ltr'>σὺ,</span> <span class='ocrx_word' id='word_1_475' title='bbox 693 1618 814 1654; x_wconf 77' lang='grc' dir='ltr'>Βηθλεὲμ</span> <span class='ocrx_word' id='word_1_476' title='bbox 827 1617 900 1651; x_wconf 70' lang='grc' dir='ltr'>οἶκος</span> <span class='ocrx_word' id='word_1_477' title='bbox 912 1620 957 1646; x_wconf 87' lang='grc' dir='ltr'><strong>τοῦ</strong></span> <span class='ocrx_word' id='word_1_478' title='bbox 973 1622 980 1649; x_wconf 72' lang='grc'><strong><em>4</em></strong></span> 
     </span>
    </p>
   </div>
   <div class='ocr_carea' id='block_1_65' title="bbox 1010 1617 1794 1654">
    <p class='ocr_par' dir='ltr' id='par_1_65' title="bbox 1010 1619 1794 1652">
     <span class='ocr_line' id='line_1_65' title="bbox 1010 1619 1794 1652; baseline 0.006 -6"><span class='ocrx_word' id='word_1_479' title='bbox 1010 1619 1110 1646; x_wconf 77' lang='lat' dir='ltr'><strong>Genesi</strong></span> <span class='ocrx_word' id='word_1_480' title='bbox 1136 1623 1254 1651; x_wconf 83' lang='lat' dir='ltr'><strong>constat.</strong></span> <span class='ocrx_word' id='word_1_481' title='bbox 1274 1620 1320 1647; x_wconf 90' lang='lat' dir='ltr'><strong>ubi</strong></span> <span class='ocrx_word' id='word_1_482' title='bbox 1347 1621 1381 1647; x_wconf 90' lang='lat' dir='ltr'><strong>de</strong></span> <span class='ocrx_word' id='word_1_483' title='bbox 1395 1620 1497 1649; x_wconf 78' lang='lat' dir='ltr'><strong>Rachel</strong></span> <span class='ocrx_word' id='word_1_484' title='bbox 1519 1621 1623 1649; x_wconf 86' lang='lat' dir='ltr'><strong>dictqu</strong></span> <span class='ocrx_word' id='word_1_485' title='bbox 1649 1627 1711 1650; x_wconf 85' lang='lat' dir='ltr'><strong>est:</strong></span> <span class='ocrx_word' id='word_1_486' title='bbox 1729 1633 1738 1649; x_wconf 78' lang='grc' dir='ltr'><strong>ι</strong></span> <span class='ocrx_word' id='word_1_487' title='bbox 1761 1623 1794 1652; x_wconf 83' lang='lat' dir='ltr'><strong>Et</strong></span> 
     </span>
    </p>
   </div>
   <div class='ocr_carea' id='block_1_66' title="bbox 172 1662 958 1701">
    <p class='ocr_par' dir='ltr' id='par_1_66' title="bbox 172 1662 958 1701">
     <span class='ocr_line' id='line_1_66' title="bbox 172 1662 958 1701; baseline 0.005 -13"><span class='ocrx_word' id='word_1_488' title='bbox 172 1662 310 1698; x_wconf 62' lang='grc' dir='ltr'><strong>¹Ἑφραθά..</strong></span> <span class='ocrx_word' id='word_1_489' title='bbox 329 1673 388 1688; x_wconf 77' lang='grc' dir='ltr'>ι-ι</span> <span class='ocrx_word' id='word_1_490' title='bbox 402 1664 476 1696; x_wconf 79' lang='grc' dir='ltr'>Ἰδοὺ,</span> <span class='ocrx_word' id='word_1_491' title='bbox 491 1664 582 1699; x_wconf 72' lang='grc' dir='ltr'>φησὶν,</span> <span class='ocrx_word' id='word_1_492' title='bbox 597 1674 606 1688; x_wconf 77' lang='grc' dir='ltr'><strong>ι</strong></span> <span class='ocrx_word' id='word_1_493' title='bbox 622 1664 776 1699; x_wconf 75' lang='grc' dir='ltr'>ἠκούσαμεν</span> <span class='ocrx_word' id='word_1_494' title='bbox 784 1665 875 1700; x_wconf 86' lang='grc' dir='ltr'>αὑτήν·</span> <span class='ocrx_word' id='word_1_495' title='bbox 891 1676 899 1691; x_wconf 72' lang='grc' dir='ltr'><strong>ι</strong></span> <span class='ocrx_word' id='word_1_496' title='bbox 913 1666 958 1701; x_wconf 79' lang='grc' dir='ltr'><strong>δῆ-</strong></span> 
     </span>
    </p>
   </div>
   <div class='ocr_carea' id='block_1_67' title="bbox 173 1707 957 1745">
    <p class='ocr_par' dir='ltr' id='par_1_67' title="bbox 173 1707 957 1745">
     <span class='ocr_line' id='line_1_67' title="bbox 173 1707 957 1745; baseline 0.003 -10"><span class='ocrx_word' id='word_1_497' title='bbox 173 1707 219 1735; x_wconf 81' lang='grc' dir='ltr'><strong>λον</strong></span> <span class='ocrx_word' id='word_1_498' title='bbox 235 1709 257 1736; x_wconf 71' lang='grc' dir='ltr'><strong>δ’</strong></span> <span class='ocrx_word' id='word_1_499' title='bbox 273 1709 313 1735; x_wconf 80' lang='grc' dir='ltr'>ὅτι</span> <span class='ocrx_word' id='word_1_500' title='bbox 330 1709 378 1745; x_wconf 81' lang='grc' dir='ltr'>τὴν</span> <span class='ocrx_word' id='word_1_501' title='bbox 392 1709 438 1736; x_wconf 80' lang='grc' dir='ltr'><strong>τοῦ</strong></span> <span class='ocrx_word' id='word_1_502' title='bbox 453 1709 570 1745; x_wconf 82' lang='grc' dir='ltr'>Χριστοῦ</span> <span class='ocrx_word' id='word_1_503' title='bbox 586 1709 702 1743; x_wconf 80' lang='grc' dir='ltr'>γένεσιν,</span> <span class='ocrx_word' id='word_1_504' title='bbox 715 1710 762 1736; x_wconf 77' lang='grc' dir='ltr'>καὶ</span> <span class='ocrx_word' id='word_1_505' title='bbox 775 1709 823 1745; x_wconf 83' lang='grc' dir='ltr'>τὴν</span> <span class='ocrx_word' id='word_1_506' title='bbox 834 1710 880 1736; x_wconf 88' lang='grc' dir='ltr'><strong>τοῦ</strong></span> <span class='ocrx_word' id='word_1_507' title='bbox 891 1710 957 1737; x_wconf 83' lang='grc' dir='ltr'>Θεοῦ</span> 
     </span>
    </p>
   </div>
   <div class='ocr_carea' id='block_1_68' title="bbox 181 1754 959 1792">
    <p class='ocr_par' dir='ltr' id='par_1_68' title="bbox 181 1754 959 1792">
     <span class='ocr_line' id='line_1_68' title="bbox 181 1754 959 1792; baseline 0.001 -10"><span class='ocrx_word' id='word_1_508' title='bbox 181 1754 277 1782; x_wconf 83' lang='grc' dir='ltr'>Ἰακὼϐ</span> <span class='ocrx_word' id='word_1_509' title='bbox 293 1756 507 1790; x_wconf 86' lang='grc' dir='ltr'>κατασκήνωσιν.</span> <span class='ocrx_word' id='word_1_510' title='bbox 531 1756 609 1781; x_wconf 82' lang='grc' dir='ltr'>Ποῖον</span> <span class='ocrx_word' id='word_1_511' title='bbox 625 1755 646 1781; x_wconf 67' lang='grc' dir='ltr'><strong>δ’</strong></span> <span class='ocrx_word' id='word_1_512' title='bbox 672 1755 704 1782; x_wconf 82' lang='grc' dir='ltr'>ἂν</span> <span class='ocrx_word' id='word_1_513' title='bbox 723 1755 764 1791; x_wconf 76' lang='grc' dir='ltr'>εἴη</span> <span class='ocrx_word' id='word_1_514' title='bbox 782 1754 811 1782; x_wconf 77' lang='grc' dir='ltr'>τὸ</span> <span class='ocrx_word' id='word_1_515' title='bbox 828 1757 959 1792; x_wconf 79' lang='grc' dir='ltr'>σκήνωμα</span> 
     </span>
    </p>
   </div>
   <div class='ocr_carea' id='block_1_69' title="bbox 173 1800 959 1838">
    <p class='ocr_par' dir='ltr' id='par_1_69' title="bbox 173 1800 959 1838">
     <span class='ocr_line' id='line_1_69' title="bbox 173 1800 959 1838; baseline 0.001 -11"><span class='ocrx_word' id='word_1_516' title='bbox 173 1800 221 1827; x_wconf 81' lang='grc' dir='ltr'><strong>τοῦ</strong></span> <span class='ocrx_word' id='word_1_517' title='bbox 243 1800 310 1828; x_wconf 82' lang='grc' dir='ltr'>Θεοῦ</span> <span class='ocrx_word' id='word_1_518' title='bbox 337 1801 434 1828; x_wconf 88' lang='grc' dir='ltr'>Ἰακὼϐ</span> <span class='ocrx_word' id='word_1_519' title='bbox 453 1801 469 1837; x_wconf 85' lang='grc' dir='ltr'><strong>ἥ</strong></span> <span class='ocrx_word' id='word_1_520' title='bbox 484 1802 513 1828; x_wconf 83' lang='grc' dir='ltr'>τὸ</span> <span class='ocrx_word' id='word_1_521' title='bbox 531 1801 609 1837; x_wconf 82' lang='grc' dir='ltr'>σῶμα</span> <span class='ocrx_word' id='word_1_522' title='bbox 624 1801 670 1828; x_wconf 86' lang='grc' dir='ltr'><strong>τοῦ</strong></span> <span class='ocrx_word' id='word_1_523' title='bbox 688 1801 805 1837; x_wconf 82' lang='grc' dir='ltr'>Χριστοῦ</span> <span class='ocrx_word' id='word_1_524' title='bbox 824 1801 854 1829; x_wconf 80' lang='grc' dir='ltr'>τὸ</span> <span class='ocrx_word' id='word_1_525' title='bbox 876 1803 904 1828; x_wconf 82' lang='grc' dir='ltr'>ἐν</span> <span class='ocrx_word' id='word_1_526' title='bbox 920 1802 959 1838; x_wconf 82' lang='grc' dir='ltr'>τῷ</span> 
     </span>
    </p>
   </div>
   <div class='ocr_carea' id='block_1_70' title="bbox 173 1845 958 1884">
    <p class='ocr_par' dir='ltr' id='par_1_70' title="bbox 173 1845 958 1884">
     <span class='ocr_line' id='line_1_70' title="bbox 173 1845 958 1884; baseline 0.001 -10"><span class='ocrx_word' id='word_1_527' title='bbox 173 1848 249 1882; x_wconf 78' lang='grc' dir='ltr'>τόπῳ</span> <span class='ocrx_word' id='word_1_528' title='bbox 263 1848 312 1883; x_wconf 77' lang='grc' dir='ltr'>τῆς</span> <span class='ocrx_word' id='word_1_529' title='bbox 326 1847 448 1884; x_wconf 78' lang='grc' dir='ltr'>Βηθλεὲμ</span> <span class='ocrx_word' id='word_1_530' title='bbox 460 1848 655 1883; x_wconf 79' lang='grc' dir='ltr'>γεγεννημένον</span> <span class='ocrx_word' id='word_1_531' title='bbox 665 1856 672 1880; x_wconf 90' lang='lat'><strong>;</strong></span> <span class='ocrx_word' id='word_1_532' title='bbox 684 1849 713 1873; x_wconf 81' lang='grc' dir='ltr'>ὲν</span> <span class='ocrx_word' id='word_1_533' title='bbox 725 1845 746 1882; x_wconf 79' lang='grc' dir='ltr'>ᾧ</span> <span class='ocrx_word' id='word_1_534' title='bbox 760 1848 797 1880; x_wconf 83' lang='grc' dir='ltr'>ὠς</span> <span class='ocrx_word' id='word_1_535' title='bbox 808 1850 835 1875; x_wconf 79' lang='grc' dir='ltr'>ἐν</span> <span class='ocrx_word' id='word_1_536' title='bbox 853 1848 958 1884; x_wconf 83' lang='grc' dir='ltr'>σκηνώ-</span> 
     </span>
    </p>
   </div>
   <div class='ocr_carea' id='block_1_71' title="bbox 175 1893 958 1930">
    <p class='ocr_par' dir='ltr' id='par_1_71' title="bbox 175 1893 958 1930">
     <span class='ocr_line' id='line_1_71' title="bbox 175 1893 958 1930; baseline 0.001 -10"><span class='ocrx_word' id='word_1_537' title='bbox 175 1903 251 1929; x_wconf 81' lang='grc' dir='ltr'>ματι,</span> <span class='ocrx_word' id='word_1_538' title='bbox 274 1894 291 1930; x_wconf 80' lang='grc' dir='ltr'><strong>ἡ</strong></span> <span class='ocrx_word' id='word_1_539' title='bbox 312 1893 407 1929; x_wconf 79' lang='grc' dir='ltr'>θεότης</span> <span class='ocrx_word' id='word_1_540' title='bbox 422 1894 468 1920; x_wconf 83' lang='grc' dir='ltr'><strong>τοῦ</strong></span> <span class='ocrx_word' id='word_1_541' title='bbox 491 1893 657 1928; x_wconf 82' lang='grc' dir='ltr'>Μονογενοῦς</span> <span class='ocrx_word' id='word_1_542' title='bbox 677 1894 877 1930; x_wconf 87' lang='grc' dir='ltr'>κατεσκήνωσε.</span> <span class='ocrx_word' id='word_1_543' title='bbox 903 1895 958 1930; x_wconf 85' lang='grc' dir='ltr'><strong>Οὐχ</strong></span> 
     </span>
    </p>
   </div>
   <div class='ocr_carea' id='block_1_72' title="bbox 129 1938 958 1975">
    <p class='ocr_par' dir='ltr' id='par_1_72' title="bbox 129 1938 958 1975">
     <span class='ocr_line' id='line_1_72' title="bbox 129 1938 958 1975; baseline 0 -9"><span class='ocrx_word' id='word_1_544' title='bbox 129 1952 133 1956; x_wconf 87' lang='grc'><strong>-</strong></span> <span class='ocrx_word' id='word_1_545' title='bbox 175 1939 269 1972; x_wconf 78' lang='grc' dir='ltr'>ἁπλῶς</span> <span class='ocrx_word' id='word_1_546' title='bbox 286 1939 316 1966; x_wconf 74' lang='grc' dir='ltr'><strong>δὶ</strong></span> <span class='ocrx_word' id='word_1_547' title='bbox 342 1939 421 1972; x_wconf 76' lang='grc' dir='ltr'>θεοῦ,</span> <span class='ocrx_word' id='word_1_548' title='bbox 445 1938 513 1966; x_wconf 78' lang='grc' dir='ltr'>ἀλλὰ</span> <span class='ocrx_word' id='word_1_549' title='bbox 540 1939 609 1975; x_wconf 83' lang='grc' dir='ltr'>μετὰ</span> <span class='ocrx_word' id='word_1_550' title='bbox 631 1939 788 1975; x_wconf 78' lang='grc' dir='ltr'>προσθήκης</span> <span class='ocrx_word' id='word_1_551' title='bbox 814 1940 862 1975; x_wconf 77' lang='grc' dir='ltr'>τῆς</span> <span class='ocrx_word' id='word_1_552' title='bbox 884 1949 893 1964; x_wconf 85' lang='grc'><em>‹</em></span> <span class='ocrx_word' id='word_1_553' title='bbox 912 1940 958 1966; x_wconf 88' lang='grc' dir='ltr'><strong>τοῦ</strong></span> 
     </span>
    </p>
   </div>
   <div class='ocr_carea' id='block_1_73' title="bbox 173 1984 957 2022">
    <p class='ocr_par' dir='ltr' id='par_1_73' title="bbox 173 1984 957 2022">
     <span class='ocr_line' id='line_1_73' title="bbox 173 1984 957 2022; baseline 0.001 -10"><span class='ocrx_word' id='word_1_554' title='bbox 173 1985 241 2012; x_wconf 81' lang='grc' dir='ltr'>Θεοῦ</span> <span class='ocrx_word' id='word_1_555' title='bbox 265 1984 371 2018; x_wconf 85' lang='grc' dir='ltr'>Ἰακὼϐ,</span> <span class='ocrx_word' id='word_1_556' title='bbox 391 1995 400 2012; x_wconf 74' lang='grc' dir='ltr'><strong><em>ι</em></strong></span> <span class='ocrx_word' id='word_1_557' title='bbox 419 1985 526 2021; x_wconf 81' lang='grc' dir='ltr'>λέγεται</span> <span class='ocrx_word' id='word_1_558' title='bbox 541 1987 572 2012; x_wconf 84' lang='grc' dir='ltr'>τὸ</span> <span class='ocrx_word' id='word_1_559' title='bbox 585 1987 716 2021; x_wconf 83' lang='grc' dir='ltr'>σκήνωμα</span> <span class='ocrx_word' id='word_1_560' title='bbox 732 1985 811 2018; x_wconf 81' lang='grc' dir='ltr'>εἶναι,</span> <span class='ocrx_word' id='word_1_561' title='bbox 824 1985 867 2013; x_wconf 70' lang='grc' dir='ltr'><strong>διὰ</strong></span> <span class='ocrx_word' id='word_1_562' title='bbox 879 1986 908 2013; x_wconf 71' lang='grc' dir='ltr'>τὸ</span> <span class='ocrx_word' id='word_1_563' title='bbox 921 1987 957 2022; x_wconf 70' lang='grc' dir='ltr'>μὴ</span> 
     </span>
    </p>
   </div>
   <div class='ocr_carea' id='block_1_74' title="bbox 173 2029 957 2068">
    <p class='ocr_par' dir='ltr' id='par_1_74' title="bbox 173 2029 957 2068">
     <span class='ocr_line' id='line_1_74' title="bbox 173 2029 957 2068; baseline 0 -10"><span class='ocrx_word' id='word_1_564' title='bbox 173 2031 236 2058; x_wconf 73' lang='grc' dir='ltr'>ἄλλο</span> <span class='ocrx_word' id='word_1_565' title='bbox 247 2029 352 2058; x_wconf 80' lang='grc' dir='ltr'>εἶναιτὸ</span> <span class='ocrx_word' id='word_1_566' title='bbox 363 2031 505 2068; x_wconf 83' lang='grc' dir='ltr'>σκηνῶσαν</span> <span class='ocrx_word' id='word_1_567' title='bbox 523 2034 551 2059; x_wconf 78' lang='grc' dir='ltr'>ὲν</span> <span class='ocrx_word' id='word_1_568' title='bbox 570 2032 643 2068; x_wconf 75' lang='grc' dir='ltr'>αὐτῷ</span> <span class='ocrx_word' id='word_1_569' title='bbox 659 2032 674 2068; x_wconf 89' lang='grc' dir='ltr'>ἢ</span> <span class='ocrx_word' id='word_1_570' title='bbox 692 2032 736 2058; x_wconf 82' lang='grc' dir='ltr'>τὸν</span> <span class='ocrx_word' id='word_1_571' title='bbox 752 2032 792 2068; x_wconf 82' lang='grc' dir='ltr'>τῷ</span> <span class='ocrx_word' id='word_1_572' title='bbox 815 2031 910 2058; x_wconf 88' lang='grc' dir='ltr'>Ἰακὼϐ</span> <span class='ocrx_word' id='word_1_573' title='bbox 928 2034 957 2059; x_wconf 86' lang='grc' dir='ltr'>ὲν</span> 
     </span>
    </p>
   </div>
   <div class='ocr_carea' id='block_1_75' title="bbox 174 2075 957 2113">
    <p class='ocr_par' dir='ltr' id='par_1_75' title="bbox 174 2075 957 2113">
     <span class='ocr_line' id='line_1_75' title="bbox 174 2075 957 2113; baseline 0.003 -11"><span class='ocrx_word' id='word_1_574' title='bbox 174 2075 318 2112; x_wconf 78' lang='grc' dir='ltr'>ἀνθρώπου</span> <span class='ocrx_word' id='word_1_575' title='bbox 333 2077 397 2103; x_wconf 81' lang='grc' dir='ltr'>εῖδει</span> <span class='ocrx_word' id='word_1_576' title='bbox 415 2077 461 2103; x_wconf 69' lang='grc' dir='ltr'><strong>καὶ¹</strong></span> <span class='ocrx_word' id='word_1_577' title='bbox 478 2077 718 2113; x_wconf 78' lang='grc' dir='ltr'>σχήματιόφθέντα</span> <span class='ocrx_word' id='word_1_578' title='bbox 733 2078 809 2109; x_wconf 82' lang='grc' dir='ltr'>Θεὸν,</span> <span class='ocrx_word' id='word_1_579' title='bbox 823 2078 855 2104; x_wconf 82' lang='grc' dir='ltr'>δι’</span> <span class='ocrx_word' id='word_1_580' title='bbox 871 2078 899 2104; x_wconf 84' lang='grc' dir='ltr'>ὃν</span> <span class='ocrx_word' id='word_1_581' title='bbox 911 2079 957 2104; x_wconf 78' lang='grc' dir='ltr'>καὶ</span> 
     </span>
    </p>
   </div>
   <div class='ocr_carea' id='block_1_76' title="bbox 172 2120 955 2160">
    <p class='ocr_par' dir='ltr' id='par_1_76' title="bbox 172 2120 955 2160">
     <span class='ocr_line' id='line_1_76' title="bbox 172 2120 955 2160; baseline 0.005 -14"><span class='ocrx_word' id='word_1_582' title='bbox 172 2120 223 2155; x_wconf 83' lang='grc' dir='ltr'>τῆς</span> <span class='ocrx_word' id='word_1_583' title='bbox 239 2121 286 2148; x_wconf 77' lang='grc' dir='ltr'><strong>ἐπὶ</strong></span> <span class='ocrx_word' id='word_1_584' title='bbox 296 2120 335 2156; x_wconf 81' lang='grc' dir='ltr'><strong>τῷ</strong></span> <span class='ocrx_word' id='word_1_585' title='bbox 342 2122 449 2158; x_wconf 79' lang='grc' dir='ltr'>Ἰσραὴλ</span> <span class='ocrx_word' id='word_1_586' title='bbox 459 2123 649 2158; x_wconf 83' lang='grc' dir='ltr'>προσωνυμίας</span> <span class='ocrx_word' id='word_1_587' title='bbox 661 2123 773 2160; x_wconf 71' lang='grc' dir='ltr'>ἠξιώθη,</span> <span class='ocrx_word' id='word_1_588' title='bbox 785 2124 862 2158; x_wconf 82' lang='grc' dir='ltr'><strong>ὀρῶν</strong></span> <span class='ocrx_word' id='word_1_589' title='bbox 873 2125 955 2150; x_wconf 79' lang='grc' dir='ltr'>Θεόγ-</span> 
     </span>
    </p>
   </div>
   <div class='ocr_carea' id='block_1_77' title="bbox 171 2166 957 2205">
    <p class='ocr_par' dir='ltr' id='par_1_77' title="bbox 171 2166 957 2205">
     <span class='ocr_line' id='line_1_77' title="bbox 171 2166 957 2205; baseline 0.004 -13"><span class='ocrx_word' id='word_1_590' title='bbox 171 2166 252 2193; x_wconf 84' lang='grc' dir='ltr'>τοῦτο</span> <span class='ocrx_word' id='word_1_591' title='bbox 265 2166 320 2203; x_wconf 81' lang='grc' dir='ltr'><strong>γὰρ</strong></span> <span class='ocrx_word' id='word_1_592' title='bbox 333 2167 511 2204; x_wconf 78' lang='grc' dir='ltr'>ἑρμηνεύεται</span> <span class='ocrx_word' id='word_1_593' title='bbox 521 2168 551 2194; x_wconf 85' lang='grc' dir='ltr'><strong>τὺ</strong></span> <span class='ocrx_word' id='word_1_594' title='bbox 561 2168 645 2204; x_wconf 66' lang='grc' dir='ltr'>ὄνομα</span> <span class='ocrx_word' id='word_1_595' title='bbox 660 2168 896 2205; x_wconf 79' lang='grc' dir='ltr'>προσαγορευθείς·</span> <span class='ocrx_word' id='word_1_596' title='bbox 908 2169 957 2195; x_wconf 79' lang='grc' dir='ltr'><strong>οὐκ</strong></span> 
     </span>
    </p>
   </div>
   <div class='ocr_carea' id='block_1_78' title="bbox 172 2212 957 2250">
    <p class='ocr_par' dir='ltr' id='par_1_78' title="bbox 172 2212 957 2250">
     <span class='ocr_line' id='line_1_78' title="bbox 172 2212 957 2250; baseline 0.003 -11"><span class='ocrx_word' id='word_1_597' title='bbox 172 2213 252 2239; x_wconf 76' lang='grc' dir='ltr'>ἄλλον</span> <span class='ocrx_word' id='word_1_598' title='bbox 261 2212 290 2240; x_wconf 78' lang='grc' dir='ltr'><strong>δὲ</strong></span> <span class='ocrx_word' id='word_1_599' title='bbox 302 2213 365 2240; x_wconf 73' lang='grc' dir='ltr'>ὄντα</span> <span class='ocrx_word' id='word_1_600' title='bbox 381 2213 427 2240; x_wconf 88' lang='grc' dir='ltr'><strong>τοῦ</strong></span> <span class='ocrx_word' id='word_1_601' title='bbox 439 2214 505 2240; x_wconf 84' lang='grc' dir='ltr'>Θεοῦ</span> <span class='ocrx_word' id='word_1_602' title='bbox 517 2215 604 2249; x_wconf 85' lang='grc' dir='ltr'>Λόγου</span> <span class='ocrx_word' id='word_1_603' title='bbox 618 2214 663 2242; x_wconf 82' lang='grc' dir='ltr'>τὸν</span> <span class='ocrx_word' id='word_1_604' title='bbox 680 2215 717 2250; x_wconf 85' lang='grc' dir='ltr'>τῷ</span> <span class='ocrx_word' id='word_1_605' title='bbox 735 2215 829 2242; x_wconf 80' lang='grc' dir='ltr'>Ἰακὼϐ</span> <span class='ocrx_word' id='word_1_606' title='bbox 841 2215 957 2250; x_wconf 69' lang='grc' dir='ltr'>ὀφθέντα</span> 
     </span>
    </p>
   </div>
   <div class='ocr_carea' id='block_1_79' title="bbox 172 2260 957 2298">
    <p class='ocr_par' dir='ltr' id='par_1_79' title="bbox 172 2260 957 2298">
     <span class='ocr_line' id='line_1_79' title="bbox 172 2260 957 2298; baseline 0.004 -12"><span class='ocrx_word' id='word_1_607' title='bbox 172 2261 201 2286; x_wconf 70' lang='grc' dir='ltr'>ὲν</span> <span class='ocrx_word' id='word_1_608' title='bbox 216 2261 274 2292; x_wconf 84' lang='grc' dir='ltr'>τοῖς</span> <span class='ocrx_word' id='word_1_609' title='bbox 296 2260 414 2296; x_wconf 82' lang='grc' dir='ltr'>πρώτοις</span> <span class='ocrx_word' id='word_1_610' title='bbox 433 2261 482 2295; x_wconf 77' lang='grc' dir='ltr'>τῆς</span> <span class='ocrx_word' id='word_1_611' title='bbox 505 2261 574 2296; x_wconf 77' lang='grc' dir='ltr'>μετὰ</span> <span class='ocrx_word' id='word_1_612' title='bbox 595 2262 690 2296; x_wconf 85' lang='grc' dir='ltr'>χεῖρας</span> <span class='ocrx_word' id='word_1_613' title='bbox 711 2262 864 2293; x_wconf 81' lang='grc' dir='ltr'>ὑποθέσεως</span> <span class='ocrx_word' id='word_1_614' title='bbox 887 2271 957 2298; x_wconf 86' lang='grc' dir='ltr'>παρ-</span> 
     </span>
    </p>
   </div>
   <div class='ocr_carea' id='block_1_80' title="bbox 1010 1666 1794 1704">
    <p class='ocr_par' dir='ltr' id='par_1_80' title="bbox 1010 1666 1794 1704">
     <span class='ocr_line' id='line_1_80' title="bbox 1010 1666 1794 1704; baseline 0.008 -12"><span class='ocrx_word' id='word_1_615' title='bbox 1010 1666 1176 1701; x_wconf 83' lang='lat' dir='ltr'><strong>sepelierunt</strong></span> <span class='ocrx_word' id='word_1_616' title='bbox 1204 1673 1262 1693; x_wconf 90' lang='lat' dir='ltr'><strong>eam</strong></span> <span class='ocrx_word' id='word_1_617' title='bbox 1278 1666 1306 1694; x_wconf 88' lang='lat' dir='ltr'><strong>in</strong></span> <span class='ocrx_word' id='word_1_618' title='bbox 1328 1667 1507 1702; x_wconf 88' lang='lat' dir='ltr'><strong>hippodromo</strong></span> <span class='ocrx_word' id='word_1_619' title='bbox 1536 1668 1664 1704; x_wconf 83' lang='lat' dir='ltr'><strong>Ephrata,</strong></span> <span class='ocrx_word' id='word_1_620' title='bbox 1682 1670 1794 1698; x_wconf 73' lang='lat' dir='ltr'><strong>haecest</strong></span> 
     </span>
    </p>
   </div>
   <div class='ocr_carea' id='block_1_81' title="bbox 1008 1711 1793 1748">
    <p class='ocr_par' dir='ltr' id='par_1_81' title="bbox 1008 1711 1793 1748">
     <span class='ocr_line' id='line_1_81' title="bbox 1008 1711 1793 1748; baseline 0.004 -9"><span class='ocrx_word' id='word_1_621' title='bbox 1008 1711 1165 1739; x_wconf 83' lang='lat' dir='ltr'><strong>Bcthlehem</strong></span> <span class='ocrx_word' id='word_1_622' title='bbox 1177 1711 1210 1738; x_wconf 79' lang='grc'><strong>⁸⁸.</strong></span> <span class='ocrx_word' id='word_1_623' title='bbox 1258 1711 1312 1738; x_wconf 71' lang='grc' dir='ltr'>»Ει</span> <span class='ocrx_word' id='word_1_624' title='bbox 1338 1714 1463 1748; x_wconf 86' lang='lat' dir='ltr'><strong>superior</strong></span> <span class='ocrx_word' id='word_1_625' title='bbox 1496 1714 1639 1748; x_wconf 85' lang='lat' dir='ltr'><strong>prophetia</strong></span> <span class='ocrx_word' id='word_1_626' title='bbox 1674 1714 1793 1742; x_wconf 85' lang='lat' dir='ltr'><strong>habebat</strong></span> 
     </span>
    </p>
   </div>
   <div class='ocr_carea' id='block_1_82' title="bbox 1011 1756 1792 1794">
    <p class='ocr_par' dir='ltr' id='par_1_82' title="bbox 1011 1756 1792 1794">
     <span class='ocr_line' id='line_1_82' title="bbox 1011 1756 1792 1794; baseline 0.005 -10"><span class='ocrx_word' id='word_1_627' title='bbox 1011 1757 1094 1784; x_wconf 91' lang='lat' dir='ltr'><strong>illud:</strong></span> <span class='ocrx_word' id='word_1_628' title='bbox 1111 1766 1120 1782; x_wconf 84' lang='grc'><strong>‹</strong></span> <span class='ocrx_word' id='word_1_629' title='bbox 1132 1756 1165 1783; x_wconf 83' lang='grc' dir='ltr'><strong>Ει</strong></span> <span class='ocrx_word' id='word_1_630' title='bbox 1180 1761 1208 1784; x_wconf 84' lang='grc' dir='ltr'><strong>ιιι</strong></span> <span class='ocrx_word' id='word_1_631' title='bbox 1222 1757 1376 1786; x_wconf 79' lang='lat' dir='ltr'><strong>Bethlehern</strong></span> <span class='ocrx_word' id='word_1_632' title='bbox 1391 1759 1488 1786; x_wconf 84' lang='lat' dir='ltr'><strong>domus</strong></span> <span class='ocrx_word' id='word_1_633' title='bbox 1501 1759 1646 1794; x_wconf 67' lang='lat' dir='ltr'><strong>Ephrata.»</strong></span> <span class='ocrx_word' id='word_1_634' title='bbox 1657 1760 1792 1793; x_wconf 76' lang='grc' dir='ltr'>-ιΕοοε,</span> 
     </span>
    </p>
   </div>
   <div class='ocr_carea' id='block_1_83' title="bbox 1013 1802 1791 1841">
    <p class='ocr_par' dir='ltr' id='par_1_83' title="bbox 1013 1802 1791 1841">
     <span class='ocr_line' id='line_1_83' title="bbox 1013 1802 1791 1841; baseline 0.006 -13"><span class='ocrx_word' id='word_1_635' title='bbox 1013 1803 1112 1837; x_wconf 88' lang='lat' dir='ltr'><strong>inquit,</strong></span> <span class='ocrx_word' id='word_1_636' title='bbox 1139 1802 1293 1830; x_wconf 78' lang='lat' dir='ltr'><strong>audivimus</strong></span> <span class='ocrx_word' id='word_1_637' title='bbox 1309 1811 1368 1830; x_wconf 92' lang='lat' dir='ltr'><strong>eam</strong></span> <span class='ocrx_word' id='word_1_638' title='bbox 1393 1804 1434 1830; x_wconf 65' lang='lat'><strong>5&#39;:</strong></span> <span class='ocrx_word' id='word_1_639' title='bbox 1455 1813 1464 1830; x_wconf 86' lang='grc'><strong>›</strong></span> <span class='ocrx_word' id='word_1_640' title='bbox 1479 1809 1586 1831; x_wconf 88' lang='lat' dir='ltr'><strong>constat</strong></span> <span class='ocrx_word' id='word_1_641' title='bbox 1613 1810 1702 1832; x_wconf 88' lang='lat' dir='ltr'><strong>autem</strong></span> <span class='ocrx_word' id='word_1_642' title='bbox 1719 1807 1791 1841; x_wconf 88' lang='lat' dir='ltr'><strong>quod</strong></span> 
     </span>
    </p>
   </div>
   <div class='ocr_carea' id='block_1_84' title="bbox 1008 1848 1792 1887">
    <p class='ocr_par' dir='ltr' id='par_1_84' title="bbox 1008 1848 1792 1887">
     <span class='ocr_line' id='line_1_84' title="bbox 1008 1848 1792 1887; baseline 0.006 -13"><span class='ocrx_word' id='word_1_643' title='bbox 1008 1856 1056 1883; x_wconf 86' lang='lat' dir='ltr'><strong>per</strong></span> <span class='ocrx_word' id='word_1_644' title='bbox 1070 1848 1138 1875; x_wconf 86' lang='lat' dir='ltr'><strong>illud</strong></span> <span class='ocrx_word' id='word_1_645' title='bbox 1158 1856 1218 1875; x_wconf 88' lang='lat' dir='ltr'><strong>eam</strong></span> <span class='ocrx_word' id='word_1_646' title='bbox 1234 1848 1338 1876; x_wconf 83' lang='lat' dir='ltr'><strong>Christi</strong></span> <span class='ocrx_word' id='word_1_647' title='bbox 1353 1849 1486 1884; x_wconf 79' lang='lat' dir='ltr'><strong>originem</strong></span> <span class='ocrx_word' id='word_1_648' title='bbox 1502 1850 1639 1885; x_wconf 72' lang='lat' dir='ltr'><strong>intelligit,</strong></span> <span class='ocrx_word' id='word_1_649' title='bbox 1655 1855 1682 1878; x_wconf 83' lang='lat' dir='ltr'><strong>et</strong></span> <span class='ocrx_word' id='word_1_650' title='bbox 1704 1852 1792 1887; x_wconf 87' lang='lat' dir='ltr'><strong>ipsius</strong></span> 
     </span>
    </p>
   </div>
   <div class='ocr_carea' id='block_1_85' title="bbox 1007 1894 1791 1931">
    <p class='ocr_par' dir='ltr' id='par_1_85' title="bbox 1007 1894 1791 1931">
     <span class='ocr_line' id='line_1_85' title="bbox 1007 1894 1791 1931; baseline 0.005 -10"><span class='ocrx_word' id='word_1_651' title='bbox 1007 1894 1054 1921; x_wconf 89' lang='lat' dir='ltr'><strong>Dei</strong></span> <span class='ocrx_word' id='word_1_652' title='bbox 1067 1894 1161 1926; x_wconf 82' lang='lat' dir='ltr'><strong>Jacob,</strong></span> <span class='ocrx_word' id='word_1_653' title='bbox 1179 1894 1385 1922; x_wconf 86' lang='lat' dir='ltr'><strong>habitationem.</strong></span> <span class='ocrx_word' id='word_1_654' title='bbox 1406 1895 1457 1923; x_wconf 89' lang='lat' dir='ltr'><strong>Sed</strong></span> <span class='ocrx_word' id='word_1_655' title='bbox 1466 1903 1526 1931; x_wconf 72' lang='lat' dir='ltr'><strong>qua:</strong></span> <span class='ocrx_word' id='word_1_656' title='bbox 1540 1897 1648 1924; x_wconf 87' lang='lat' dir='ltr'><strong>tandem</strong></span> <span class='ocrx_word' id='word_1_657' title='bbox 1662 1897 1718 1924; x_wconf 64' lang='lat' dir='ltr'><strong>haec</strong></span> <span class='ocrx_word' id='word_1_658' title='bbox 1732 1897 1791 1925; x_wconf 27' lang='lat' dir='ltr'><strong>fue‘</strong></span> 
     </span>
    </p>
   </div>
   <div class='ocr_carea' id='block_1_86' title="bbox 1007 1941 1787 1980">
    <p class='ocr_par' dir='ltr' id='par_1_86' title="bbox 1007 1941 1787 1980">
     <span class='ocr_line' id='line_1_86' title="bbox 1007 1941 1787 1980; baseline 0.008 -13"><span class='ocrx_word' id='word_1_659' title='bbox 1007 1942 1043 1968; x_wconf 79' lang='lat' dir='ltr'><strong>rit</strong></span> <span class='ocrx_word' id='word_1_660' title='bbox 1058 1942 1190 1968; x_wconf 85' lang='lat' dir='ltr'><strong>habitatio</strong></span> <span class='ocrx_word' id='word_1_661' title='bbox 1213 1941 1257 1969; x_wconf 90' lang='lat' dir='ltr'><strong>Dei</strong></span> <span class='ocrx_word' id='word_1_662' title='bbox 1271 1941 1367 1976; x_wconf 80' lang='lat' dir='ltr'><strong>Jacob,</strong></span> <span class='ocrx_word' id='word_1_663' title='bbox 1384 1942 1437 1970; x_wconf 86' lang='lat' dir='ltr'><strong>nisi</strong></span> <span class='ocrx_word' id='word_1_664' title='bbox 1452 1943 1538 1978; x_wconf 84' lang='lat' dir='ltr'><strong>ipsius</strong></span> <span class='ocrx_word' id='word_1_665' title='bbox 1555 1943 1658 1972; x_wconf 85' lang='lat' dir='ltr'><strong>Christi</strong></span> <span class='ocrx_word' id='word_1_666' title='bbox 1674 1951 1787 1980; x_wconf 79' lang='lat' dir='ltr'><strong>corpus,</strong></span> 
     </span>
    </p>
   </div>
   <div class='ocr_carea' id='block_1_87' title="bbox 1007 1986 1789 2025">
    <p class='ocr_par' dir='ltr' id='par_1_87' title="bbox 1007 1986 1789 2025">
     <span class='ocr_line' id='line_1_87' title="bbox 1007 1986 1789 2025; baseline 0.003 -11"><span class='ocrx_word' id='word_1_667' title='bbox 1007 1987 1080 2022; x_wconf 81' lang='lat' dir='ltr'><strong>quod</strong></span> <span class='ocrx_word' id='word_1_668' title='bbox 1110 1988 1139 2014; x_wconf 90' lang='lat' dir='ltr'><strong>in</strong></span> <span class='ocrx_word' id='word_1_669' title='bbox 1166 1986 1322 2014; x_wconf 85' lang='lat' dir='ltr'><strong>Bethlebem</strong></span> <span class='ocrx_word' id='word_1_670' title='bbox 1347 1991 1439 2014; x_wconf 89' lang='lat' dir='ltr'><strong>natum</strong></span> <span class='ocrx_word' id='word_1_671' title='bbox 1462 1991 1515 2020; x_wconf 78' lang='lat' dir='ltr'><strong>est,</strong></span> <span class='ocrx_word' id='word_1_672' title='bbox 1531 1988 1558 2015; x_wconf 84' lang='lat' dir='ltr'><strong>in</strong></span> <span class='ocrx_word' id='word_1_673' title='bbox 1583 1997 1638 2024; x_wconf 85' lang='lat' dir='ltr'><strong>quo</strong></span> <span class='ocrx_word' id='word_1_674' title='bbox 1659 1993 1789 2025; x_wconf 84' lang='lat' dir='ltr'><strong>tanquam</strong></span> 
     </span>
    </p>
   </div>
   <div class='ocr_carea' id='block_1_88' title="bbox 1007 2031 1789 2063">
    <p class='ocr_par' dir='ltr' id='par_1_88' title="bbox 1007 2031 1789 2063">
     <span class='ocr_line' id='line_1_88' title="bbox 1007 2031 1789 2063; baseline 0.005 -5"><span class='ocrx_word' id='word_1_675' title='bbox 1007 2032 1034 2058; x_wconf 93' lang='lat' dir='ltr'><strong>in</strong></span> <span class='ocrx_word' id='word_1_676' title='bbox 1050 2032 1237 2063; x_wconf 81' lang='lat' dir='ltr'><strong>tabernaculo.</strong></span> <span class='ocrx_word' id='word_1_677' title='bbox 1254 2031 1327 2058; x_wconf 92' lang='lat' dir='ltr'><strong>unici</strong></span> <span class='ocrx_word' id='word_1_678' title='bbox 1344 2032 1390 2058; x_wconf 76' lang='lat' dir='ltr'><strong>lilii</strong></span> <span class='ocrx_word' id='word_1_679' title='bbox 1405 2031 1537 2060; x_wconf 84' lang='lat' dir='ltr'><strong>divinitas</strong></span> <span class='ocrx_word' id='word_1_680' title='bbox 1554 2033 1706 2061; x_wconf 75' lang='lat' dir='ltr'><strong>habitarit?</strong></span> <span class='ocrx_word' id='word_1_681' title='bbox 1733 2034 1789 2062; x_wconf 68' lang='lat' dir='ltr'><strong>Ca;-</strong></span> 
     </span>
    </p>
   </div>
   <div class='ocr_carea' id='block_1_89' title="bbox 1011 2076 1789 2112">
    <p class='ocr_par' dir='ltr' id='par_1_89' title="bbox 1011 2076 1789 2112">
     <span class='ocr_line' id='line_1_89' title="bbox 1011 2076 1789 2112; baseline 0.006 -9"><span class='ocrx_word' id='word_1_682' title='bbox 1011 2082 1100 2104; x_wconf 74' lang='lat' dir='ltr'><strong>terirm</strong></span> <span class='ocrx_word' id='word_1_683' title='bbox 1126 2085 1180 2104; x_wconf 91' lang='lat' dir='ltr'><strong>non</strong></span> <span class='ocrx_word' id='word_1_684' title='bbox 1211 2077 1372 2112; x_wconf 83' lang='lat' dir='ltr'><strong>simpliciter</strong></span> <span class='ocrx_word' id='word_1_685' title='bbox 1393 2076 1451 2109; x_wconf 79' lang='lat' dir='ltr'><strong>Dei.</strong></span> <span class='ocrx_word' id='word_1_686' title='bbox 1477 2079 1524 2106; x_wconf 88' lang='lat' dir='ltr'><strong>sed</strong></span> <span class='ocrx_word' id='word_1_687' title='bbox 1553 2087 1614 2106; x_wconf 92' lang='lat' dir='ltr'><strong>cum</strong></span> <span class='ocrx_word' id='word_1_688' title='bbox 1641 2080 1789 2111; x_wconf 79' lang='lat' dir='ltr'><strong>additione.</strong></span> 
     </span>
    </p>
   </div>
   <div class='ocr_carea' id='block_1_90' title="bbox 1010 2122 1791 2160">
    <p class='ocr_par' dir='ltr' id='par_1_90' title="bbox 1010 2122 1791 2160">
     <span class='ocr_line' id='line_1_90' title="bbox 1010 2122 1791 2160; baseline 0.005 -11"><span class='ocrx_word' id='word_1_689' title='bbox 1010 2133 1019 2149; x_wconf 79' lang='grc' dir='ltr'><strong>ι</strong></span> <span class='ocrx_word' id='word_1_690' title='bbox 1032 2123 1078 2150; x_wconf 84' lang='lat' dir='ltr'><strong>Dei</strong></span> <span class='ocrx_word' id='word_1_691' title='bbox 1091 2122 1204 2150; x_wconf 65' lang='lat' dir='ltr'><strong>Jacob‘&quot;</strong></span> <span class='ocrx_word' id='word_1_692' title='bbox 1224 2132 1233 2148; x_wconf 83' lang='grc' dir='ltr'><strong>ι</strong></span> <span class='ocrx_word' id='word_1_693' title='bbox 1249 2123 1455 2150; x_wconf 83' lang='lat' dir='ltr'><strong>tabernaculum</strong></span> <span class='ocrx_word' id='word_1_694' title='bbox 1469 2124 1648 2157; x_wconf 83' lang='lat' dir='ltr'><strong>essedicitur,</strong></span> <span class='ocrx_word' id='word_1_695' title='bbox 1665 2129 1791 2160; x_wconf 84' lang='lat' dir='ltr'><strong>propter-</strong></span> 
     </span>
    </p>
   </div>
   <div class='ocr_carea' id='block_1_91' title="bbox 1007 2168 1790 2205">
    <p class='ocr_par' dir='ltr' id='par_1_91' title="bbox 1007 2168 1790 2205">
     <span class='ocr_line' id='line_1_91' title="bbox 1007 2168 1790 2205; baseline 0.004 -10"><span class='ocrx_word' id='word_1_696' title='bbox 1007 2177 1039 2196; x_wconf 89' lang='lat' dir='ltr'><strong>ea</strong></span> <span class='ocrx_word' id='word_1_697' title='bbox 1065 2168 1135 2204; x_wconf 90' lang='lat' dir='ltr'><strong>quod</strong></span> <span class='ocrx_word' id='word_1_698' title='bbox 1152 2176 1206 2196; x_wconf 90' lang='lat' dir='ltr'><strong>non</strong></span> <span class='ocrx_word' id='word_1_699' title='bbox 1229 2168 1303 2195; x_wconf 86' lang='lat' dir='ltr'><strong>aliud</strong></span> <span class='ocrx_word' id='word_1_700' title='bbox 1325 2169 1361 2196; x_wconf 88' lang='lat' dir='ltr'><strong>sit</strong></span> <span class='ocrx_word' id='word_1_701' title='bbox 1375 2170 1523 2204; x_wconf 83' lang='lat' dir='ltr'><strong>quidquam</strong></span> <span class='ocrx_word' id='word_1_702' title='bbox 1540 2171 1614 2205; x_wconf 85' lang='lat' dir='ltr'><strong>quod</strong></span> <span class='ocrx_word' id='word_1_703' title='bbox 1630 2171 1657 2198; x_wconf 94' lang='lat' dir='ltr'><strong>in</strong></span> <span class='ocrx_word' id='word_1_704' title='bbox 1678 2171 1724 2198; x_wconf 90' lang='lat' dir='ltr'><strong>illo</strong></span> <span class='ocrx_word' id='word_1_705' title='bbox 1739 2171 1790 2198; x_wconf 90' lang='lat' dir='ltr'><strong>ha-</strong></span> 
     </span>
    </p>
   </div>
   <div class='ocr_carea' id='block_1_92' title="bbox 1007 2214 1790 2252">
    <p class='ocr_par' dir='ltr' id='par_1_92' title="bbox 1007 2214 1790 2252">
     <span class='ocr_line' id='line_1_92' title="bbox 1007 2214 1790 2252; baseline 0.003 -10"><span class='ocrx_word' id='word_1_706' title='bbox 1007 2215 1084 2246; x_wconf 85' lang='lat' dir='ltr'><strong>bitet.</strong></span> <span class='ocrx_word' id='word_1_707' title='bbox 1104 2222 1184 2250; x_wconf 91' lang='lat' dir='ltr'><strong>quam</strong></span> <span class='ocrx_word' id='word_1_708' title='bbox 1201 2215 1225 2242; x_wconf 93' lang='lat' dir='ltr'><strong>is</strong></span> <span class='ocrx_word' id='word_1_709' title='bbox 1239 2214 1310 2242; x_wconf 89' lang='lat' dir='ltr'><strong>Deus</strong></span> <span class='ocrx_word' id='word_1_710' title='bbox 1324 2216 1371 2250; x_wconf 88' lang='lat' dir='ltr'><strong>qui</strong></span> <span class='ocrx_word' id='word_1_711' title='bbox 1391 2215 1442 2250; x_wconf 85' lang='lat' dir='ltr'><strong>ipsi</strong></span> <span class='ocrx_word' id='word_1_712' title='bbox 1456 2215 1540 2244; x_wconf 85' lang='lat' dir='ltr'><strong>Jaeob</strong></span> <span class='ocrx_word' id='word_1_713' title='bbox 1553 2216 1580 2243; x_wconf 93' lang='lat' dir='ltr'><strong>in</strong></span> <span class='ocrx_word' id='word_1_714' title='bbox 1596 2217 1715 2245; x_wconf 81' lang='lat' dir='ltr'><strong>hominis</strong></span> <span class='ocrx_word' id='word_1_715' title='bbox 1728 2225 1790 2252; x_wconf 88' lang='lat' dir='ltr'><strong>spe-</strong></span> 
     </span>
    </p>
   </div>
   <div class='ocr_carea' id='block_1_93' title="bbox 1008 2261 1788 2298">
    <p class='ocr_par' dir='ltr' id='par_1_93' title="bbox 1008 2261 1788 2298">
     <span class='ocr_line' id='line_1_93' title="bbox 1008 2261 1788 2298; baseline 0.004 -10"><span class='ocrx_word' id='word_1_716' title='bbox 1008 2262 1049 2288; x_wconf 83' lang='lat' dir='ltr'><strong>cie</strong></span> <span class='ocrx_word' id='word_1_717' title='bbox 1064 2269 1095 2289; x_wconf 89' lang='lat' dir='ltr'><strong>ac</strong></span> <span class='ocrx_word' id='word_1_718' title='bbox 1113 2261 1198 2296; x_wconf 84' lang='lat' dir='ltr'><strong>ﬁgura</strong></span> <span class='ocrx_word' id='word_1_719' title='bbox 1213 2261 1249 2288; x_wconf 86' lang='lat' dir='ltr'><strong>sit</strong></span> <span class='ocrx_word' id='word_1_720' title='bbox 1262 2262 1348 2289; x_wconf 84' lang='lat' dir='ltr'><strong>visus.</strong></span> <span class='ocrx_word' id='word_1_721' title='bbox 1365 2262 1452 2296; x_wconf 85' lang='lat' dir='ltr'><strong>Cujus</strong></span> <span class='ocrx_word' id='word_1_722' title='bbox 1465 2270 1532 2291; x_wconf 88' lang='lat' dir='ltr'><strong>sane</strong></span> <span class='ocrx_word' id='word_1_723' title='bbox 1545 2264 1631 2298; x_wconf 76' lang='lat' dir='ltr'><strong>gratia</strong></span> <span class='ocrx_word' id='word_1_724' title='bbox 1645 2264 1692 2291; x_wconf 91' lang='lat' dir='ltr'><strong>illo</strong></span> <span class='ocrx_word' id='word_1_725' title='bbox 1707 2265 1788 2291; x_wconf 89' lang='lat' dir='ltr'><strong>etiam</strong></span> 
     </span>
    </p>
   </div>
   <div class='ocr_carea' id='block_1_94' title="bbox 172 2306 980 2344">
    <p class='ocr_par' dir='ltr' id='par_1_94' title="bbox 172 2306 980 2344">
     <span class='ocr_line' id='line_1_94' title="bbox 172 2306 980 2344; baseline 0.002 -12"><span class='ocrx_word' id='word_1_726' title='bbox 172 2307 337 2342; x_wconf 82' lang='grc' dir='ltr'>εστήσαμεν.</span> <span class='ocrx_word' id='word_1_727' title='bbox 361 2306 479 2342; x_wconf 81' lang='grc' dir='ltr'>Ἐὸείχθη</span> <span class='ocrx_word' id='word_1_728' title='bbox 495 2307 638 2342; x_wconf 85' lang='grc' dir='ltr'>τοιγαροῦν</span> <span class='ocrx_word' id='word_1_729' title='bbox 654 2307 693 2343; x_wconf 85' lang='grc' dir='ltr'>τῷ</span> <span class='ocrx_word' id='word_1_730' title='bbox 709 2308 790 2335; x_wconf 71' lang='grc' dir='ltr'>Δαῧὶδ</span> <span class='ocrx_word' id='word_1_731' title='bbox 806 2308 954 2344; x_wconf 75' lang='grc' dir='ltr'>εὐξαμένῳ,</span> <span class='ocrx_word' id='word_1_732' title='bbox 973 2315 980 2340; x_wconf 81' lang='grc' dir='ltr'>ι</span> 
     </span>
    </p>
   </div>
   <div class='ocr_carea' id='block_1_95' title="bbox 1010 2306 1789 2344">
    <p class='ocr_par' dir='ltr' id='par_1_95' title="bbox 1010 2307 1789 2344">
     <span class='ocr_line' id='line_1_95' title="bbox 1010 2307 1789 2344; baseline 0.003 -10"><span class='ocrx_word' id='word_1_733' title='bbox 1010 2307 1170 2341; x_wconf 74' lang='lat' dir='ltr'><strong>cognomine</strong></span> <span class='ocrx_word' id='word_1_734' title='bbox 1199 2307 1280 2335; x_wconf 86' lang='lat' dir='ltr'><strong>Israel</strong></span> <span class='ocrx_word' id='word_1_735' title='bbox 1295 2308 1393 2343; x_wconf 78' lang='lat' dir='ltr'><strong>dignus</strong></span> <span class='ocrx_word' id='word_1_736' title='bbox 1417 2312 1460 2336; x_wconf 88' lang='lat' dir='ltr'><strong>est</strong></span> <span class='ocrx_word' id='word_1_737' title='bbox 1485 2309 1604 2343; x_wconf 88' lang='lat' dir='ltr'><strong>habitus,</strong></span> <span class='ocrx_word' id='word_1_738' title='bbox 1623 2314 1750 2344; x_wconf 85' lang='lat' dir='ltr'><strong>tanquam</strong></span> <span class='ocrx_word' id='word_1_739' title='bbox 1766 2311 1789 2336; x_wconf 91' lang='lat' dir='ltr'><strong>is</strong></span> 
     </span>
    </p>
   </div>
   <div class='ocr_carea' id='block_1_96' title="bbox 172 2351 955 2388">
    <p class='ocr_par' dir='ltr' id='par_1_96' title="bbox 172 2351 955 2388">
     <span class='ocr_line' id='line_1_96' title="bbox 172 2351 955 2388; baseline 0.001 -9"><span class='ocrx_word' id='word_1_740' title='bbox 172 2351 220 2379; x_wconf 78' lang='grc' dir='ltr'>καὶ</span> <span class='ocrx_word' id='word_1_741' title='bbox 237 2351 385 2388; x_wconf 82' lang='grc' dir='ltr'>ποθήσαντι</span> <span class='ocrx_word' id='word_1_742' title='bbox 397 2352 442 2378; x_wconf 88' lang='grc' dir='ltr'><strong>τοῦ</strong></span> <span class='ocrx_word' id='word_1_743' title='bbox 455 2352 555 2388; x_wconf 77' lang='grc' dir='ltr'>Κυρίου</span> <span class='ocrx_word' id='word_1_744' title='bbox 568 2354 615 2379; x_wconf 68' lang='grc' dir='ltr'><strong>καὶ</strong></span> <span class='ocrx_word' id='word_1_745' title='bbox 626 2353 692 2379; x_wconf 77' lang='grc' dir='ltr'>Θεοῦ</span> <span class='ocrx_word' id='word_1_746' title='bbox 710 2353 806 2380; x_wconf 88' lang='grc' dir='ltr'>Ἰακὼϐ</span> <span class='ocrx_word' id='word_1_747' title='bbox 816 2353 862 2381; x_wconf 80' lang='grc' dir='ltr'>τὸν</span> <span class='ocrx_word' id='word_1_748' title='bbox 874 2354 955 2380; x_wconf 79' lang='grc' dir='ltr'>τόπον</span> 
     </span>
    </p>
   </div>
   <div class='ocr_carea' id='block_1_97' title="bbox 171 2396 955 2434">
    <p class='ocr_par' dir='ltr' id='par_1_97' title="bbox 171 2396 955 2434">
     <span class='ocr_line' id='line_1_97' title="bbox 171 2396 955 2434; baseline 0.003 -10"><span class='ocrx_word' id='word_1_749' title='bbox 171 2396 220 2424; x_wconf 71' lang='grc' dir='ltr'>καὶ</span> <span class='ocrx_word' id='word_1_750' title='bbox 238 2397 270 2424; x_wconf 78' lang='grc' dir='ltr'>τὸ</span> <span class='ocrx_word' id='word_1_751' title='bbox 290 2398 421 2434; x_wconf 87' lang='grc' dir='ltr'>σκήνωμα</span> <span class='ocrx_word' id='word_1_752' title='bbox 437 2398 536 2434; x_wconf 83' lang='grc' dir='ltr'>εὑρεῖν,</span> <span class='ocrx_word' id='word_1_753' title='bbox 558 2399 572 2424; x_wconf 85' lang='grc' dir='ltr'>ὁ</span> <span class='ocrx_word' id='word_1_754' title='bbox 588 2399 633 2425; x_wconf 75' lang='grc' dir='ltr'><strong>ἐπὶ</strong></span> <span class='ocrx_word' id='word_1_755' title='bbox 655 2398 704 2434; x_wconf 83' lang='grc' dir='ltr'>τῆς</span> <span class='ocrx_word' id='word_1_756' title='bbox 720 2398 842 2434; x_wconf 82' lang='grc' dir='ltr'>Βηθλεὲμ</span> <span class='ocrx_word' id='word_1_757' title='bbox 864 2400 955 2432; x_wconf 83' lang='grc' dir='ltr'>τόπος⁶</span> 
     </span>
    </p>
   </div>
   <div class='ocr_carea' id='block_1_98' title="bbox 171 2442 952 2480">
    <p class='ocr_par' dir='ltr' id='par_1_98' title="bbox 171 2442 952 2480">
     <span class='ocr_line' id='line_1_98' title="bbox 171 2442 952 2480; baseline 0.003 -10"><span class='ocrx_word' id='word_1_758' title='bbox 171 2442 266 2479; x_wconf 84' lang='grc' dir='ltr'>διόπερ</span> <span class='ocrx_word' id='word_1_759' title='bbox 280 2442 375 2475; x_wconf 79' lang='grc' dir='ltr'>εἰπὼν,</span> <span class='ocrx_word' id='word_1_760' title='bbox 390 2453 398 2469; x_wconf 82' lang='grc' dir='ltr'><strong>ι</strong></span> <span class='ocrx_word' id='word_1_761' title='bbox 417 2443 481 2470; x_wconf 77' lang='grc' dir='ltr'>Ἰδοὺ</span> <span class='ocrx_word' id='word_1_762' title='bbox 492 2444 647 2479; x_wconf 74' lang='grc' dir='ltr'>ἠκούσαμεν</span> <span class='ocrx_word' id='word_1_763' title='bbox 657 2444 740 2480; x_wconf 79' lang='grc' dir='ltr'>αὐτὴν</span> <span class='ocrx_word' id='word_1_764' title='bbox 755 2445 784 2473; x_wconf 80' lang='grc' dir='ltr'>ὲν</span> <span class='ocrx_word' id='word_1_765' title='bbox 800 2445 929 2480; x_wconf 75' lang='grc' dir='ltr'>Ἐφραθὰ,</span> <span class='ocrx_word' id='word_1_766' title='bbox 943 2456 952 2472; x_wconf 73' lang='grc' dir='ltr'><strong>ι</strong></span> 
     </span>
    </p>
   </div>
   <div class='ocr_carea' id='block_1_99' title="bbox 172 2488 954 2526">
    <p class='ocr_par' dir='ltr' id='par_1_99' title="bbox 172 2488 954 2526">
     <span class='ocr_line' id='line_1_99' title="bbox 172 2488 954 2526; baseline 0.003 -10"><span class='ocrx_word' id='word_1_767' title='bbox 172 2490 298 2526; x_wconf 72' lang='grc' dir='ltr'>ὶπιφέρει</span> <span class='ocrx_word' id='word_1_768' title='bbox 313 2489 409 2524; x_wconf 82' lang='grc' dir='ltr'>λέγων·</span> <span class='ocrx_word' id='word_1_769' title='bbox 430 2499 438 2515; x_wconf 80' lang='grc' dir='ltr'><strong>ι</strong></span> <span class='ocrx_word' id='word_1_770' title='bbox 451 2490 684 2526; x_wconf 82' lang='grc' dir='ltr'>Προσκυνήσωμεν</span> <span class='ocrx_word' id='word_1_771' title='bbox 701 2492 740 2522; x_wconf 79' lang='grc' dir='ltr'><strong>είς</strong></span> <span class='ocrx_word' id='word_1_772' title='bbox 756 2491 800 2518; x_wconf 76' lang='grc' dir='ltr'><strong>τὸν</strong></span> <span class='ocrx_word' id='word_1_773' title='bbox 817 2491 898 2518; x_wconf 89' lang='grc' dir='ltr'>τόπον</span> <span class='ocrx_word' id='word_1_774' title='bbox 923 2488 954 2518; x_wconf 78' lang='grc' dir='ltr'><strong>οὗ</strong></span> 
     </span>
    </p>
   </div>
   <div class='ocr_carea' id='block_1_100' title="bbox 171 2534 955 2573">
    <p class='ocr_par' dir='ltr' id='par_1_100' title="bbox 171 2534 955 2573">
     <span class='ocr_line' id='line_1_100' title="bbox 171 2534 955 2573; baseline 0.003 -12"><span class='ocrx_word' id='word_1_775' title='bbox 171 2534 288 2570; x_wconf 73' lang='grc' dir='ltr'>ἔστησαν</span> <span class='ocrx_word' id='word_1_776' title='bbox 307 2535 333 2561; x_wconf 80' lang='grc' dir='ltr'>οἱ</span> <span class='ocrx_word' id='word_1_777' title='bbox 353 2535 432 2566; x_wconf 84' lang='grc' dir='ltr'>πόδες</span> <span class='ocrx_word' id='word_1_778' title='bbox 446 2535 536 2562; x_wconf 79' lang='grc' dir='ltr'>αὑτοῦ.</span> <span class='ocrx_word' id='word_1_779' title='bbox 552 2545 561 2561; x_wconf 73' lang='grc' dir='ltr'><strong>ι</strong></span> <span class='ocrx_word' id='word_1_780' title='bbox 577 2535 674 2571; x_wconf 83' lang='grc' dir='ltr'>Σαφῶς</span> <span class='ocrx_word' id='word_1_781' title='bbox 693 2535 836 2573; x_wconf 76' lang='grc' dir='ltr'>τοιγαροῦν</span> <span class='ocrx_word' id='word_1_782' title='bbox 860 2537 906 2563; x_wconf 72' lang='grc' dir='ltr'><strong>καὶ</strong></span> <span class='ocrx_word' id='word_1_783' title='bbox 926 2538 955 2564; x_wconf 81' lang='grc' dir='ltr'>ἐν</span> 
     </span>
    </p>
   </div>
   <div class='ocr_carea' id='block_1_101' title="bbox 170 2579 955 2617">
    <p class='ocr_par' dir='ltr' id='par_1_101' title="bbox 170 2579 955 2617">
     <span class='ocr_line' id='line_1_101' title="bbox 170 2579 955 2617; baseline 0.004 -11"><span class='ocrx_word' id='word_1_784' title='bbox 170 2579 276 2611; x_wconf 79' lang='grc' dir='ltr'>τούτοις</span> <span class='ocrx_word' id='word_1_785' title='bbox 289 2581 318 2606; x_wconf 78' lang='grc' dir='ltr'>ὲν</span> <span class='ocrx_word' id='word_1_786' title='bbox 333 2581 365 2616; x_wconf 82' lang='grc' dir='ltr'><strong>τῇ</strong></span> <span class='ocrx_word' id='word_1_787' title='bbox 387 2580 517 2616; x_wconf 74' lang='grc' dir='ltr'>Ἐφραθὰ,</span> <span class='ocrx_word' id='word_1_788' title='bbox 533 2581 592 2615; x_wconf 82' lang='grc' dir='ltr'>ἥτις</span> <span class='ocrx_word' id='word_1_789' title='bbox 609 2581 682 2607; x_wconf 77' lang='grc' dir='ltr'>ἐστὶν</span> <span class='ocrx_word' id='word_1_790' title='bbox 700 2582 717 2617; x_wconf 89' lang='grc' dir='ltr'><strong>ή</strong></span> <span class='ocrx_word' id='word_1_791' title='bbox 731 2581 862 2617; x_wconf 81' lang='grc' dir='ltr'>Βηθλεὲμ,</span> <span class='ocrx_word' id='word_1_792' title='bbox 875 2581 955 2616; x_wconf 80' lang='grc' dir='ltr'>αὐτὸς</span> 
     </span>
    </p>
   </div>
   <div class='ocr_carea' id='block_1_102' title="bbox 171 2624 956 2663">
    <p class='ocr_par' dir='ltr' id='par_1_102' title="bbox 171 2624 956 2663">
     <span class='ocr_line' id='line_1_102' title="bbox 171 2624 956 2663; baseline 0.003 -11"><span class='ocrx_word' id='word_1_793' title='bbox 171 2625 186 2652; x_wconf 75' lang='grc' dir='ltr'>ὁ</span> <span class='ocrx_word' id='word_1_794' title='bbox 201 2624 303 2661; x_wconf 75' lang='grc' dir='ltr'>Κύριος</span> <span class='ocrx_word' id='word_1_795' title='bbox 315 2625 361 2652; x_wconf 80' lang='grc' dir='ltr'><strong>καὶ</strong></span> <span class='ocrx_word' id='word_1_796' title='bbox 376 2624 441 2657; x_wconf 81' lang='grc' dir='ltr'>Θεὸς</span> <span class='ocrx_word' id='word_1_797' title='bbox 459 2626 555 2652; x_wconf 77' lang='grc' dir='ltr'>Ἰακὼϐ</span> <span class='ocrx_word' id='word_1_798' title='bbox 570 2625 650 2652; x_wconf 80' lang='grc' dir='ltr'>τόπον</span> <span class='ocrx_word' id='word_1_799' title='bbox 665 2626 751 2661; x_wconf 77' lang='grc' dir='ltr'>ἑαυτῷ</span> <span class='ocrx_word' id='word_1_800' title='bbox 764 2627 810 2654; x_wconf 71' lang='grc' dir='ltr'><strong>καὶ</strong></span> <span class='ocrx_word' id='word_1_801' title='bbox 825 2627 956 2663; x_wconf 83' lang='grc' dir='ltr'>σκήνωμα</span> 
     </span>
    </p>
   </div>
   <div class='ocr_carea' id='block_1_103' title="bbox 172 2671 954 2708">
    <p class='ocr_par' dir='ltr' id='par_1_103' title="bbox 172 2671 954 2708">
     <span class='ocr_line' id='line_1_103' title="bbox 172 2671 954 2708; baseline 0.004 -11"><span class='ocrx_word' id='word_1_802' title='bbox 172 2671 352 2707; x_wconf 74' lang='grc' dir='ltr'>συστήσεσθαι</span> <span class='ocrx_word' id='word_1_803' title='bbox 363 2671 572 2707; x_wconf 82' lang='grc' dir='ltr'>προεφητεύετο,</span> <span class='ocrx_word' id='word_1_804' title='bbox 584 2671 730 2706; x_wconf 83' lang='grc' dir='ltr'>ὁμοφώνως</span> <span class='ocrx_word' id='word_1_805' title='bbox 740 2673 772 2708; x_wconf 79' lang='grc' dir='ltr'>τῇ</span> <span class='ocrx_word' id='word_1_806' title='bbox 784 2672 829 2698; x_wconf 89' lang='grc' dir='ltr'><strong>τοῦ</strong></span> <span class='ocrx_word' id='word_1_807' title='bbox 839 2673 954 2708; x_wconf 83' lang='grc' dir='ltr'>Μιχαίου</span> 
     </span>
    </p>
   </div>
   <div class='ocr_carea' id='block_1_104' title="bbox 171 2717 953 2754">
    <p class='ocr_par' dir='ltr' id='par_1_104' title="bbox 171 2717 953 2754">
     <span class='ocr_line' id='line_1_104' title="bbox 171 2717 953 2754; baseline 0.004 -11"><span class='ocrx_word' id='word_1_808' title='bbox 171 2717 324 2754; x_wconf 77' lang='grc' dir='ltr'>προφητείᾳ</span> <span class='ocrx_word' id='word_1_809' title='bbox 345 2717 471 2753; x_wconf 77' lang='grc' dir='ltr'>φησάσῃ·</span> <span class='ocrx_word' id='word_1_810' title='bbox 501 2727 510 2743; x_wconf 83' lang='grc' dir='ltr'><strong>ι</strong></span> <span class='ocrx_word' id='word_1_811' title='bbox 524 2717 580 2744; x_wconf 73' lang='grc' dir='ltr'>Καὶ</span> <span class='ocrx_word' id='word_1_812' title='bbox 602 2718 645 2749; x_wconf 75' lang='grc' dir='ltr'>σὺ,</span> <span class='ocrx_word' id='word_1_813' title='bbox 675 2717 796 2753; x_wconf 81' lang='grc' dir='ltr'>Βηθλεὲμ</span> <span class='ocrx_word' id='word_1_814' title='bbox 814 2717 886 2750; x_wconf 73' lang='grc' dir='ltr'>οἶκος</span> <span class='ocrx_word' id='word_1_815' title='bbox 907 2719 953 2746; x_wconf 89' lang='grc' dir='ltr'><strong>τοῦ</strong></span> 
     </span>
    </p>
   </div>
   <div class='ocr_carea' id='block_1_105' title="bbox 178 2763 954 2801">
    <p class='ocr_par' dir='ltr' id='par_1_105' title="bbox 178 2763 954 2801">
     <span class='ocr_line' id='line_1_105' title="bbox 178 2763 954 2801; baseline 0.003 -10"><span class='ocrx_word' id='word_1_816' title='bbox 178 2763 309 2800; x_wconf 76' lang='grc' dir='ltr'>Ἐφραθὰ,</span> <span class='ocrx_word' id='word_1_817' title='bbox 325 2765 359 2791; x_wconf 78' lang='grc' dir='ltr'><strong>ἐκ</strong></span> <span class='ocrx_word' id='word_1_818' title='bbox 374 2764 421 2791; x_wconf 82' lang='grc' dir='ltr'><strong>σοῦ</strong></span> <span class='ocrx_word' id='word_1_819' title='bbox 439 2773 483 2801; x_wconf 82' lang='grc' dir='ltr'><strong>μοι</strong></span> <span class='ocrx_word' id='word_1_820' title='bbox 500 2764 668 2798; x_wconf 73' lang='grc' dir='ltr'>ἐξελεύσεται</span> <span class='ocrx_word' id='word_1_821' title='bbox 688 2764 846 2800; x_wconf 84' lang='grc' dir='ltr'>ἡγούμενος,</span> <span class='ocrx_word' id='word_1_822' title='bbox 866 2766 912 2793; x_wconf 78' lang='grc' dir='ltr'>καὶ</span> <span class='ocrx_word' id='word_1_823' title='bbox 925 2767 954 2793; x_wconf 79' lang='grc' dir='ltr'>αἱ</span> 
     </span>
    </p>
   </div>
   <div class='ocr_carea' id='block_1_106' title="bbox 172 2809 954 2849">
    <p class='ocr_par' dir='ltr' id='par_1_106' title="bbox 172 2809 954 2849">
     <span class='ocr_line' id='line_1_106' title="bbox 172 2809 954 2849; baseline 0.006 -14"><span class='ocrx_word' id='word_1_824' title='bbox 172 2809 255 2843; x_wconf 67' lang='grc' dir='ltr'>ἰξώοι</span> <span class='ocrx_word' id='word_1_825' title='bbox 277 2810 360 2838; x_wconf 77' lang='grc' dir='ltr'>αὐτοῦ</span> <span class='ocrx_word' id='word_1_826' title='bbox 376 2811 424 2838; x_wconf 81' lang='grc' dir='ltr'><strong>ἀπ’</strong></span> <span class='ocrx_word' id='word_1_827' title='bbox 443 2811 529 2847; x_wconf 83' lang='grc' dir='ltr'>ἀρχῆς</span> <span class='ocrx_word' id='word_1_828' title='bbox 545 2811 575 2843; x_wconf 77' lang='grc' dir='ltr'>ἐξ</span> <span class='ocrx_word' id='word_1_829' title='bbox 593 2811 704 2848; x_wconf 81' lang='grc' dir='ltr'>ἡμερῶν</span> <span class='ocrx_word' id='word_1_830' title='bbox 722 2811 827 2844; x_wconf 87' lang='grc' dir='ltr'>αἰῶνος·</span> <span class='ocrx_word' id='word_1_831' title='bbox 857 2821 867 2838; x_wconf 73' lang='grc' dir='ltr'><strong>ι</strong></span> <span class='ocrx_word' id='word_1_832' title='bbox 883 2812 954 2849; x_wconf 71' lang='grc' dir='ltr'>ἅπερ</span> 
     </span>
    </p>
   </div>
   <div class='ocr_carea' id='block_1_107' title="bbox 1007 2353 1786 2389">
    <p class='ocr_par' dir='ltr' id='par_1_107' title="bbox 1007 2353 1786 2389">
     <span class='ocr_line' id='line_1_107' title="bbox 1007 2353 1786 2389; baseline 0.001 -9"><span class='ocrx_word' id='word_1_833' title='bbox 1007 2354 1054 2388; x_wconf 89' lang='lat' dir='ltr'><strong>qui</strong></span> <span class='ocrx_word' id='word_1_834' title='bbox 1071 2353 1154 2380; x_wconf 91' lang='lat' dir='ltr'><strong>Deum</strong></span> <span class='ocrx_word' id='word_1_835' title='bbox 1172 2354 1286 2386; x_wconf 77' lang='lat' dir='ltr'><strong>viderit;</strong></span> <span class='ocrx_word' id='word_1_836' title='bbox 1303 2362 1366 2381; x_wconf 90' lang='lat' dir='ltr'><strong>nam</strong></span> <span class='ocrx_word' id='word_1_837' title='bbox 1390 2354 1417 2381; x_wconf 88' lang='lat' dir='ltr'><strong>id</strong></span> <span class='ocrx_word' id='word_1_838' title='bbox 1432 2362 1531 2382; x_wconf 88' lang='lat' dir='ltr'><strong>nomen</strong></span> <span class='ocrx_word' id='word_1_839' title='bbox 1546 2355 1568 2382; x_wconf 89' lang='lat' dir='ltr'><strong>si</strong></span> <span class='ocrx_word' id='word_1_840' title='bbox 1590 2354 1786 2389; x_wconf 86' lang='lat' dir='ltr'><strong>interpreteris.</strong></span> 
     </span>
    </p>
   </div>
   <div class='ocr_carea' id='block_1_108' title="bbox 1007 2399 1787 2435">
    <p class='ocr_par' dir='ltr' id='par_1_108' title="bbox 1007 2399 1787 2435">
     <span class='ocr_line' id='line_1_108' title="bbox 1007 2399 1787 2435; baseline -0.001 -8"><span class='ocrx_word' id='word_1_841' title='bbox 1007 2408 1080 2431; x_wconf 88' lang='lat' dir='ltr'><strong>eum,</strong></span> <span class='ocrx_word' id='word_1_842' title='bbox 1098 2400 1142 2435; x_wconf 81' lang='lat' dir='ltr'><strong>qui</strong></span> <span class='ocrx_word' id='word_1_843' title='bbox 1160 2399 1240 2426; x_wconf 86' lang='lat' dir='ltr'><strong>Deum</strong></span> <span class='ocrx_word' id='word_1_844' title='bbox 1265 2400 1363 2431; x_wconf 73' lang='lat' dir='ltr'><strong>videat,</strong></span> <span class='ocrx_word' id='word_1_845' title='bbox 1390 2401 1519 2428; x_wconf 87' lang='lat' dir='ltr'><strong>habebis:</strong></span> <span class='ocrx_word' id='word_1_846' title='bbox 1546 2399 1619 2435; x_wconf 88' lang='lat' dir='ltr'><strong>quod</strong></span> <span class='ocrx_word' id='word_1_847' title='bbox 1647 2407 1713 2427; x_wconf 88' lang='lat' dir='ltr'><strong>vero</strong></span> <span class='ocrx_word' id='word_1_848' title='bbox 1733 2407 1787 2427; x_wconf 92' lang='lat' dir='ltr'><strong>non</strong></span> 
     </span>
    </p>
   </div>
   <div class='ocr_carea' id='block_1_109' title="bbox 1008 2445 1788 2482">
    <p class='ocr_par' dir='ltr' id='par_1_109' title="bbox 1008 2445 1788 2482">
     <span class='ocr_line' id='line_1_109' title="bbox 1008 2445 1788 2482; baseline 0.003 -10"><span class='ocrx_word' id='word_1_849' title='bbox 1008 2446 1078 2472; x_wconf 87' lang='lat' dir='ltr'><strong>alius</strong></span> <span class='ocrx_word' id='word_1_850' title='bbox 1093 2446 1128 2473; x_wconf 90' lang='lat' dir='ltr'><strong>sit</strong></span> <span class='ocrx_word' id='word_1_851' title='bbox 1143 2453 1224 2480; x_wconf 88' lang='lat' dir='ltr'><strong>quam</strong></span> <span class='ocrx_word' id='word_1_852' title='bbox 1244 2445 1316 2473; x_wconf 85' lang='lat' dir='ltr'><strong>Deus</strong></span> <span class='ocrx_word' id='word_1_853' title='bbox 1334 2446 1462 2480; x_wconf 86' lang='lat' dir='ltr'><strong>Verbum,</strong></span> <span class='ocrx_word' id='word_1_854' title='bbox 1479 2447 1526 2482; x_wconf 90' lang='lat' dir='ltr'><strong>qui</strong></span> <span class='ocrx_word' id='word_1_855' title='bbox 1545 2446 1596 2481; x_wconf 89' lang='lat' dir='ltr'><strong>ipsi</strong></span> <span class='ocrx_word' id='word_1_856' title='bbox 1616 2445 1702 2473; x_wconf 69' lang='lat' dir='ltr'><strong>Iacob</strong></span> <span class='ocrx_word' id='word_1_857' title='bbox 1713 2446 1788 2474; x_wconf 79' lang='lat' dir='ltr'><strong>visus</strong></span> 
     </span>
    </p>
   </div>
   <div class='ocr_carea' id='block_1_110' title="bbox 1008 2491 1784 2528">
    <p class='ocr_par' dir='ltr' id='par_1_110' title="bbox 1008 2491 1784 2528">
     <span class='ocr_line' id='line_1_110' title="bbox 1008 2491 1784 2528; baseline 0.003 -10"><span class='ocrx_word' id='word_1_858' title='bbox 1008 2492 1053 2522; x_wconf 89' lang='lat' dir='ltr'><strong>sit.</strong></span> <span class='ocrx_word' id='word_1_859' title='bbox 1073 2492 1099 2518; x_wconf 91' lang='lat' dir='ltr'><strong>in</strong></span> <span class='ocrx_word' id='word_1_860' title='bbox 1118 2491 1231 2526; x_wconf 86' lang='lat' dir='ltr'><strong>hujusce</strong></span> <span class='ocrx_word' id='word_1_861' title='bbox 1252 2492 1343 2526; x_wconf 87' lang='lat' dir='ltr'><strong>operis</strong></span> <span class='ocrx_word' id='word_1_862' title='bbox 1355 2493 1511 2528; x_wconf 85' lang='lat' dir='ltr'><strong>primordiis</strong></span> <span class='ocrx_word' id='word_1_863' title='bbox 1527 2493 1784 2520; x_wconf 85' lang='lat' dir='ltr'><strong>demonstravimus.</strong></span> 
     </span>
    </p>
   </div>
   <div class='ocr_carea' id='block_1_111' title="bbox 1008 2535 1787 2572">
    <p class='ocr_par' dir='ltr' id='par_1_111' title="bbox 1008 2535 1787 2572">
     <span class='ocr_line' id='line_1_111' title="bbox 1008 2535 1787 2572; baseline 0.004 -9"><span class='ocrx_word' id='word_1_864' title='bbox 1008 2537 1134 2564; x_wconf 84' lang='lat' dir='ltr'><strong>Precanti</strong></span> <span class='ocrx_word' id='word_1_865' title='bbox 1158 2544 1222 2571; x_wconf 76' lang='lat' dir='ltr'><strong>ergo</strong></span> <span class='ocrx_word' id='word_1_866' title='bbox 1238 2535 1332 2570; x_wconf 88' lang='lat' dir='ltr'><strong>David,</strong></span> <span class='ocrx_word' id='word_1_867' title='bbox 1349 2542 1376 2565; x_wconf 87' lang='lat' dir='ltr'><strong>et</strong></span> <span class='ocrx_word' id='word_1_868' title='bbox 1399 2538 1489 2565; x_wconf 89' lang='lat' dir='ltr'><strong>videre</strong></span> <span class='ocrx_word' id='word_1_869' title='bbox 1514 2538 1632 2572; x_wconf 91' lang='lat' dir='ltr'><strong>cupienti</strong></span> <span class='ocrx_word' id='word_1_870' title='bbox 1649 2538 1738 2565; x_wconf 84' lang='lat' dir='ltr'><strong>locum</strong></span> <span class='ocrx_word' id='word_1_871' title='bbox 1754 2545 1787 2567; x_wconf 76' lang='lat' dir='ltr'><strong>ac</strong></span> 
     </span>
    </p>
   </div>
   <div class='ocr_carea' id='block_1_112' title="bbox 1008 2583 1787 2619">
    <p class='ocr_par' dir='ltr' id='par_1_112' title="bbox 1008 2583 1787 2619">
     <span class='ocr_line' id='line_1_112' title="bbox 1008 2583 1787 2619; baseline 0.004 -10"><span class='ocrx_word' id='word_1_872' title='bbox 1008 2583 1215 2610; x_wconf 87' lang='lat' dir='ltr'><strong>tabernaculum</strong></span> <span class='ocrx_word' id='word_1_873' title='bbox 1231 2583 1334 2610; x_wconf 90' lang='lat' dir='ltr'><strong>Domini</strong></span> <span class='ocrx_word' id='word_1_874' title='bbox 1359 2583 1460 2619; x_wconf 87' lang='lat' dir='ltr'><strong>Deique</strong></span> <span class='ocrx_word' id='word_1_875' title='bbox 1483 2583 1578 2616; x_wconf 89' lang='lat' dir='ltr'><strong>Jacob,</strong></span> <span class='ocrx_word' id='word_1_876' title='bbox 1598 2585 1655 2619; x_wconf 87' lang='lat' dir='ltr'><strong>ipse</strong></span> <span class='ocrx_word' id='word_1_877' title='bbox 1678 2584 1787 2613; x_wconf 69' lang='lat' dir='ltr'><strong>Bethle-</strong></span> 
     </span>
    </p>
   </div>
   <div class='ocr_carea' id='block_1_113' title="bbox 1008 2629 1786 2669">
    <p class='ocr_par' dir='ltr' id='par_1_113' title="bbox 1008 2629 1786 2669">
     <span class='ocr_line' id='line_1_113' title="bbox 1008 2629 1786 2669; baseline 0.001 -13"><span class='ocrx_word' id='word_1_878' title='bbox 1008 2629 1068 2657; x_wconf 89' lang='lat' dir='ltr'><strong>hem</strong></span> <span class='ocrx_word' id='word_1_879' title='bbox 1100 2630 1175 2657; x_wconf 83' lang='lat' dir='ltr'><strong>locus</strong></span> <span class='ocrx_word' id='word_1_880' title='bbox 1198 2634 1325 2658; x_wconf 82' lang='lat' dir='ltr'><strong>Ostensus</strong></span> <span class='ocrx_word' id='word_1_881' title='bbox 1351 2634 1409 2658; x_wconf 83' lang='lat' dir='ltr'><strong>est:</strong></span> <span class='ocrx_word' id='word_1_882' title='bbox 1435 2630 1517 2665; x_wconf 68' lang='grc'><strong>348</strong></span> <span class='ocrx_word' id='word_1_883' title='bbox 1538 2637 1704 2669; x_wconf 76' lang='lat' dir='ltr'><strong>quapropter</strong></span> <span class='ocrx_word' id='word_1_884' title='bbox 1724 2638 1786 2658; x_wconf 89' lang='lat' dir='ltr'><strong>cum</strong></span> 
     </span>
    </p>
   </div>
   <div class='ocr_carea' id='block_1_114' title="bbox 1006 2674 1787 2712">
    <p class='ocr_par' dir='ltr' id='par_1_114' title="bbox 1006 2674 1787 2712">
     <span class='ocr_line' id='line_1_114' title="bbox 1006 2674 1787 2712; baseline 0.003 -10"><span class='ocrx_word' id='word_1_885' title='bbox 1006 2674 1131 2707; x_wconf 83' lang='lat' dir='ltr'><strong>dixisset,</strong></span> <span class='ocrx_word' id='word_1_886' title='bbox 1149 2684 1159 2701; x_wconf 71' lang='grc' dir='ltr'><strong>ι</strong></span> <span class='ocrx_word' id='word_1_887' title='bbox 1173 2674 1241 2703; x_wconf 87' lang='lat' dir='ltr'><strong>Ecce</strong></span> <span class='ocrx_word' id='word_1_888' title='bbox 1255 2676 1408 2704; x_wconf 82' lang='lat' dir='ltr'><strong>audivimus</strong></span> <span class='ocrx_word' id='word_1_889' title='bbox 1427 2684 1486 2703; x_wconf 90' lang='lat' dir='ltr'><strong>eam</strong></span> <span class='ocrx_word' id='word_1_890' title='bbox 1502 2684 1529 2703; x_wconf 83' lang='lat' dir='ltr'><strong>in</strong></span> <span class='ocrx_word' id='word_1_891' title='bbox 1537 2675 1787 2712; x_wconf 61' lang='lat' dir='ltr'><strong>Ephrata..adjun-</strong></span> 
     </span>
    </p>
   </div>
   <div class='ocr_carea' id='block_1_115' title="bbox 1007 2720 1788 2758">
    <p class='ocr_par' dir='ltr' id='par_1_115' title="bbox 1007 2720 1788 2758">
     <span class='ocr_line' id='line_1_115' title="bbox 1007 2720 1788 2758; baseline 0.005 -11"><span class='ocrx_word' id='word_1_892' title='bbox 1007 2720 1045 2755; x_wconf 72' lang='lat' dir='ltr'><strong>git</strong></span> <span class='ocrx_word' id='word_1_893' title='bbox 1065 2721 1158 2748; x_wconf 79' lang='lat' dir='ltr'><strong>dicens</strong></span> <span class='ocrx_word' id='word_1_894' title='bbox 1174 2730 1180 2749; x_wconf 92' lang='lat'>:</span> <span class='ocrx_word' id='word_1_895' title='bbox 1201 2730 1209 2746; x_wconf 81' lang='grc' dir='ltr'><strong>ι</strong></span> <span class='ocrx_word' id='word_1_896' title='bbox 1230 2720 1380 2750; x_wconf 80' lang='lat' dir='ltr'><strong>Adoremus</strong></span> <span class='ocrx_word' id='word_1_897' title='bbox 1400 2722 1502 2749; x_wconf 91' lang='lat' dir='ltr'><strong>inloco</strong></span> <span class='ocrx_word' id='word_1_898' title='bbox 1526 2722 1572 2750; x_wconf 84' lang='lat' dir='ltr'><strong>ubi</strong></span> <span class='ocrx_word' id='word_1_899' title='bbox 1591 2727 1724 2751; x_wconf 88' lang='lat' dir='ltr'><strong>steterunt</strong></span> <span class='ocrx_word' id='word_1_900' title='bbox 1741 2731 1788 2758; x_wconf 70' lang='grc' dir='ltr'><strong>ρθο</strong></span> 
     </span>
    </p>
   </div>
   <div class='ocr_carea' id='block_1_116' title="bbox 1007 2767 1788 2806">
    <p class='ocr_par' dir='ltr' id='par_1_116' title="bbox 1007 2767 1788 2806">
     <span class='ocr_line' id='line_1_116' title="bbox 1007 2767 1788 2806; baseline 0.006 -12"><span class='ocrx_word' id='word_1_901' title='bbox 1007 2767 1055 2795; x_wconf 87' lang='lat' dir='ltr'><strong>des</strong></span> <span class='ocrx_word' id='word_1_902' title='bbox 1068 2767 1127 2801; x_wconf 82' lang='lat' dir='ltr'><strong>ejus</strong></span> <span class='ocrx_word' id='word_1_903' title='bbox 1136 2767 1170 2794; x_wconf 81' lang='grc'><strong>⁸⁸.</strong></span> <span class='ocrx_word' id='word_1_904' title='bbox 1183 2777 1192 2794; x_wconf 73' lang='grc' dir='ltr'><strong>ι</strong></span> <span class='ocrx_word' id='word_1_905' title='bbox 1213 2767 1375 2796; x_wconf 84' lang='lat' dir='ltr'><strong>Planissime</strong></span> <span class='ocrx_word' id='word_1_906' title='bbox 1389 2769 1470 2804; x_wconf 75' lang='lat' dir='ltr'><strong>igitur</strong></span> <span class='ocrx_word' id='word_1_907' title='bbox 1485 2770 1514 2797; x_wconf 92' lang='lat' dir='ltr'><strong>in</strong></span> <span class='ocrx_word' id='word_1_908' title='bbox 1538 2770 1582 2798; x_wconf 88' lang='lat' dir='ltr'><strong>bis</strong></span> <span class='ocrx_word' id='word_1_909' title='bbox 1594 2778 1703 2806; x_wconf 88' lang='lat' dir='ltr'><strong>quoque</strong></span> <span class='ocrx_word' id='word_1_910' title='bbox 1724 2779 1788 2799; x_wconf 76' lang='lat' dir='ltr'><strong>ver-</strong></span> 
     </span>
    </p>
   </div>
   <div class='ocr_carea' id='block_1_117' title="bbox 1007 2813 1789 2852">
    <p class='ocr_par' dir='ltr' id='par_1_117' title="bbox 1007 2813 1789 2852">
     <span class='ocr_line' id='line_1_117' title="bbox 1007 2813 1789 2852; baseline 0.008 -12"><span class='ocrx_word' id='word_1_911' title='bbox 1007 2813 1050 2841; x_wconf 90' lang='lat' dir='ltr'><strong>bis</strong></span> <span class='ocrx_word' id='word_1_912' title='bbox 1066 2813 1093 2841; x_wconf 91' lang='lat' dir='ltr'><strong>in</strong></span> <span class='ocrx_word' id='word_1_913' title='bbox 1106 2813 1234 2850; x_wconf 79' lang='lat' dir='ltr'><strong>prrata,</strong></span> <span class='ocrx_word' id='word_1_914' title='bbox 1248 2823 1307 2851; x_wconf 75' lang='lat' dir='ltr'><strong>qua:</strong></span> <span class='ocrx_word' id='word_1_915' title='bbox 1332 2819 1374 2844; x_wconf 86' lang='lat' dir='ltr'><strong>est</strong></span> <span class='ocrx_word' id='word_1_916' title='bbox 1395 2815 1563 2850; x_wconf 82' lang='lat' dir='ltr'><strong>Bethlebem,</strong></span> <span class='ocrx_word' id='word_1_917' title='bbox 1577 2817 1636 2852; x_wconf 75' lang='lat' dir='ltr'><strong>ipse</strong></span> <span class='ocrx_word' id='word_1_918' title='bbox 1656 2816 1789 2846; x_wconf 66' lang='lat' dir='ltr'><strong>Dominus</strong></span> 
     </span>
    </p>
   </div>
   <div class='ocr_carea' id='block_1_118' title="bbox 205 2911 1137 2947">
    <p class='ocr_par' dir='ltr' id='par_1_118' title="bbox 205 2911 1137 2947">
     <span class='ocr_line' id='line_1_118' title="bbox 205 2911 1137 2947; baseline 0 -5"><span class='ocrx_word' id='word_1_919' title='bbox 205 2912 229 2929; x_wconf 86' lang='grc'><strong>⁸³</strong></span> <span class='ocrx_word' id='word_1_920' title='bbox 242 2911 311 2943; x_wconf 76' lang='lat' dir='ltr'><strong>Gen.</strong></span> <span class='ocrx_word' id='word_1_921' title='bbox 327 2921 413 2946; x_wconf 79' lang='lat' dir='ltr'><strong>xnv.</strong></span> <span class='ocrx_word' id='word_1_922' title='bbox 431 2912 473 2941; x_wconf 78' lang='lat' dir='ltr'><strong>l9.</strong></span> <span class='ocrx_word' id='word_1_923' title='bbox 510 2913 533 2929; x_wconf 86' lang='lat'>“</span> <span class='ocrx_word' id='word_1_924' title='bbox 550 2912 623 2942; x_wconf 81' lang='lat' dir='ltr'><strong>Psal.</strong></span> <span class='ocrx_word' id='word_1_925' title='bbox 636 2920 729 2947; x_wconf 80' lang='lat' dir='ltr'><strong>auxi,</strong></span> <span class='ocrx_word' id='word_1_926' title='bbox 746 2913 772 2942; x_wconf 85' lang='lat'><strong>6.</strong></span> <span class='ocrx_word' id='word_1_927' title='bbox 810 2914 832 2933; x_wconf 79' lang='grc'><strong>³⁷</strong></span> <span class='ocrx_word' id='word_1_928' title='bbox 845 2913 912 2942; x_wconf 81' lang='lat' dir='ltr'><strong>ibid.</strong></span> <span class='ocrx_word' id='word_1_929' title='bbox 927 2913 953 2941; x_wconf 81' lang='lat'><strong>5.</strong></span> <span class='ocrx_word' id='word_1_930' title='bbox 992 2913 1003 2930; x_wconf 83' lang='lat'>&#39;</span> <span class='ocrx_word' id='word_1_931' title='bbox 1026 2913 1091 2943; x_wconf 87' lang='lat' dir='ltr'><strong>ibid.</strong></span> <span class='ocrx_word' id='word_1_932' title='bbox 1112 2914 1137 2942; x_wconf 88' lang='lat'><strong>7.</strong></span> 
     </span>
    </p>
   </div>
  </div>
