2089 3218
305 173 362 202 5U

641 174 773 202 EUSEBll
789 174 1028 203 CESARIENSIS
1049 176 1124 205 OPP.
1146 177 1237 205 PARS
1256 177 1287 206 ιι.
1301 176 1591 209 -—APOLOGETICA.

1875 186 1928 213 548

308 238 341 257 ac
352 229 423 258 Deus
435 228 518 257 Jacob
536 231 624 257 locum
643 231 696 258 sibi
715 239 747 259 ac
763 232 972 260 tabernaculum
987 235 1086 261 consti<

1121 249 1126 267 ι
1141 235 1242 271 ἀρτίως
1258 235 1433 269 ἐξετάσαντες
1445 237 1601 273 ἐδείκνυμεν
1616 239 1798 276 ἀναφέρεσθαι
1813 243 1868 270 οὐδ’
1884 246 1929 280 ἐφ’

307 280 417 304 taturus
430 277 549 308 canitur,
565 277 637 312 quod
652 277 741 312 ipsum
758 285 821 305 cum
838 278 956 306 Michaeaz
974 279 1092 314 prophe—

307 323 343 349 tia
359 322 506 348 concordat
523 321 631 349 dicente
648 331 654 349 :
683 331 693 347 ι
708 322 740 348 Εῑ
757 326 796 356 ιιι,
814 322 970 350 Bethlehem
993 324 1091 352 domus

304 367 453 403 Ephratha.
472 367 552 395 Exte
566 368 632 395 mihi
649 368 804 404 egredietur
825 369 895 396 dux:
914 373 941 397 et
962 378 1090 405 egressus

303 415 363 449 ejus
380 415 415 442 ab
431 415 508 441 initio
521 423 553 441 ex
565 415 660 442 diebtts
672 416 763 442 saeculi
775 424 781 447 ;
795 426 803 441 ι
822 425 882 451 qua:
892 425 953 443 cum
968 418 1090 452 proxime

304 472 501 499 scrutaremur,
523 467 690 495 ostendimus
707 469 740 495 ad
756 470 860 496 titillqu
876 471 958 498 alium
971 479 1031 499 esse
1047 480 1089 499 re-

304 512 426 547 ferenda,
441 522 521 548 quam
540 514 572 540 ad
593 523 675 541 unum
703 514 868 543 Salvatorem
892 525 922 544 ac
945 518 1087 546 Dominum

303 565 428 586 nostrum
450 560 543 587 Jesum
569 562 614 595 qui
640 561 764 589 Christus
790 568 831 590 est
852 563 909 594 Dei,
936 565 1036 599 quique
1062 566 1087 592 in

303 605 472 638 Bethlehem,
486 608 557 634 sicut
571 608 720 642 prophetia:
736 609 927 643 przetlixeraut.
944 616 1023 638 natus
1035 616 1084 638 est.

300 650 413 678 Nullum
439 653 511 679 enim
534 654 617 679 alium
642 655 776 688 quispiam
804 664 922 690 unquam
949 658 1084 689 ostendet,

302 699 349 732 qui
375 699 437 726 inde
457 707 518 726 cum
537 701 621 734 gloria
643 707 699 735 post
729 703 813 735 ipsius
843 703 991 736 prophetia:
1019 710 1086 730 teni-

301 751 367 779 pora
381 744 532 779 prodit-rit:
548 747 640 773 nullus
656 747 726 773 enitn
747 756 833 781 neque
847 757 903 778 rex,
920 758 1006 783 neque
1024 758 1086 784 pro-

301 790 394 826 pheta.
411 799 499 826 neque
523 793 594 819 alius
614 793 749 827 quispiam
768 802 861 820 eorum
879 795 924 828 qui
945 795 1014 829 apud
1032 795 1085 823 Hc-

299 836 388 863 braeos
406 835 460 863 Deo
478 837 558 863 amici
578 837 688 867 fuerint.
708 844 805 872 praeter
824 848 905 865 unum
918 839 1082 868 Salvatorem

299 887 332 908 ac
350 881 492 908 Dominutn
509 886 631 909 nostrum
649 884 694 918 qui
713 885 837 911 Christus
855 891 894 911 est
909 885 964 917 Dei,
978 891 1081 912 utrum-

299 934 352 962 que
376 928 504 955 habuisse
532 928 746 960 tlemonstratur,
774 936 800 956 et
826 931 896 965 quod
921 932 953 958 de
979 933 1082 959 semine
1098 919 1118 945 Β

300 978 400 1010 David.
416 986 443 1007 et
456 982 526 1015 quod
542 981 567 1008 in
583 990 616 1008 eo
632 982 691 1009 loco
708 985 743 1010 sit
759 988 849 1011 natus.
867 984 985 1020 Tempus
1001 986 1083 1021 igitur

295 1027 352 1061 jam
366 1031 407 1054 est
421 1031 451 1054 ut
465 1028 537 1054 illum
560 1029 648 1063 ipsum
669 1038 730 1072 esse
750 1039 802 1057 non
826 1032 908 1058 alitttn
927 1035 1081 1068 quempiam

297 1072 443 1105 fateamur,
455 1075 500 1108 qui
515 1075 540 1101 in
558 1075 600 1101 his
616 1077 781 1110 propheticis
796 1078 886 1105 verbis
902 1079 1080 1114 significatur,

296 1118 490 1154 evidenterque
518 1121 544 1147 iu
563 1121 595 1148 iis
620 1130 680 1156 quae
699 1128 854 1157 sequuntur
868 1125 992 1152 eumdem
1009 1128 1080 1160 psal-

296 1171 381 1195 mum,
391 1164 454 1191 dum
468 1167 626 1193 nominatim
636 1167 776 1195 Christum
789 1171 916 1204 appellat,
928 1172 979 1199 hoc
991 1173 1079 1206 ipsum

296 1209 450 1240 ostendere,
471 1210 515 1236 ubi
539 1212 591 1238 ait:
609 1221 618 1237 ‹
631 1211 746 1248 Propter
760 1214 844 1241 David
868 1224 976 1244 servum
990 1223 1077 1252 tuum,

295 1261 331 1281 ne
345 1259 451 1282 avertas
467 1255 563 1283 faciem
576 1257 678 1285 Christi
697 1261 734 1286 tui
745 1260 777 1286 ⁸⁵.
792 1260 842 1287 »Ει
860 1270 972 1290 rursus:
994 1273 1002 1288 ι
1013 1264 1078 1292 Illuc

294 1300 445 1334 producam
460 1309 544 1328 cornu
562 1302 662 1330 David:
687 1307 779 1339 paravi
805 1307 942 1334 lucernam
968 1309 1077 1338 Christo

295 1350 366 1371 meo.
400 1344 527 1373 Inimicos
558 1348 617 1381 ejus
652 1350 762 1377 induam
797 1352 968 1384 confusione.
996 1363 1077 1391 super

294 1390 385 1425 ipsum
408 1396 497 1419 autent
513 1394 646 1421 elllorebit
664 1398 844 1425 sanctiﬁcatio
868 1408 928 1427 mea
938 1401 971 1428 9“.
987 1411 995 1426 I
1023 1390 1076 1429 Sed

295 1435 340 1461 ubi
355 1436 463 1464 tandem
491 1439 570 1465 aitse
589 1441 785 1474 producturum
804 1452 888 1472 cornu
906 1445 1000 1480 David,
1022 1449 1075 1477 nisi

293 1480 322 1507 in
337 1480 492 1510 Bethlehem
507 1489 588 1519 atque
601 1487 627 1512 in
642 1486 800 1522 Ephratha?
818 1490 882 1518 Inde
899 1494 970 1520 enim
989 1502 1074 1522 cornu

291 1526 379 1554 David
393 1528 520 1557 Christus
543 1537 678 1566 quatenus
699 1535 731 1562 ad
747 1542 871 1564 naturam
889 1540 1005 1573 pertinet
1028 1541 1075 1568 hu-

1142 280 1234 316 ἕτερον
1254 281 1270 317 ἢ
1295 281 1341 308 ἐπὶ
1363 282 1442 317 μόνον
1462 283 1508 309 τὸν
1526 283 1641 320 Σωτῆρα
1661 286 1710 311 καὶ
1727 287 1827 323 Κύριον
1849 290 1931 325 ἡμῶν

1148 326 1251 362 Ἰησοῦν
1260 327 1305 353 τὸν
1317 328 1433 363 Χριστὸν
1441 327 1488 355 τοῦ
1502 328 1579 360 Θεοῦ,
1592 330 1621 356 ἐν
1634 330 1758 367 Βηθλεὲμ
1773 335 1834 365 ταῖς
1846 338 1931 372 προρ-

1142 373 1253 408 ρήσεσιν
1261 373 1417 405 ἀκολούθως
1427 376 1634 410 γεγεννημένον.
1649 377 1705 403 οὐκ
1719 377 1752 404 ἂν
1767 379 1833 412 γοῦν
1849 381 1928 408 ἄλλον

1141 427 1181 449 τις
1198 418 1353 451 ἐπιδείξειεν
1369 420 1400 445 ἐκ
1414 420 1513 455 ταύτης
1530 420 1640 453 ἐνδόξως
1660 424 1728 457 μετὰ
1743 426 1804 456 τοὺς
1822 435 1919 462 προφη-

1140 465 1213 495 τείας
1238 465 1348 499 χρόνους
1373 466 1547 500 προελθόντα·
1564 467 1625 493 οὔτε
1644 468 1697 503 γὰρ
1716 470 1851 503 βασιλεὺς,
1864 472 1927 500 οὒτε

1140 510 1293 544 προφήτης,
1310 510 1362 536 οὐδ’
1377 511 1470 545 ἕτερός
1486 520 1527 542 τις
1540 512 1592 538 τῶν
1604 514 1669 548 παρ’
1687 515 1820 550 Ἑϐραίοις
1836 517 1926 553 θεοφι-

1139 554 1201 585 λῶν,
1257 555 1334 590 μόνος
1351 557 1364 581 ὀ
1382 557 1475 592 Σωτὴρ
1498 558 1543 583 7.1".
1561 558 1661 593 Κύριος
1682 560 1759 595 ἡμῶν
1779 563 1793 588 ὁ
1809 563 1926 598 Χριστὸς

1138 600 1183 626 τοῦ
1201 602 1278 632 θεοῦ,
1300 602 1367 636 ὁμοῦ
1382 604 1428 629 καὶ
1443 604 1474 629 ἐκ
1492 604 1646 640 σπέρματος
1663 607 1754 639 Δαϐὶδ,
1774 609 1819 635 καὶ
1832 610 1924 636 αὐτόθι

1138 649 1332 683 γεγεννημένος
1356 649 1556 677 ἀποδείκνυται.
1587 652 1655 687 Ὥρα
1676 656 1820 689 τοιγαροῦν
1843 656 1924 682 αὐτὸν

1137 695 1238 720 ἐκεῖνον
1255 692 1334 725 εἶναι,
1354 696 1399 720 καὶ
1418 696 1478 721 οὐδὲ
1503 696 1540 729 (1)
1558 697 1636 724 ἄλλον
1649 699 1695 725 τὸν
1708 703 1753 726 καὶ

1137 739 1371 774 προφητευόμενον
1388 740 1539 775 ὁμολογεῖν,
1551 743 1590 768 ὅτι
1601 752 1628 768 τε
1641 744 1734 778 σαφῶς
1750 747 1778 771 ἐν
1789 749 1844 779 τοῖς
1860 749 1924 784 agr};

1779 702 1806 726 ἐν
1820 702 1924 734 τούτοις

1135 785 1148 810 ὁ
1160 785 1240 817 αὐτὸς
1254 786 1359 820 eam);
1376 787 1503 822 ὀνομαστὶ
1518 789 1562 814 τὸν
1584 790 1699 825 Χριστὸν
1714 794 1923 828 προσαγορεύων

1134 831 1211 857 τοῦτο
1229 833 1386 868 παρίστησι,
1409 833 1441 859 δι’
1457 831 1493 860 ὦν
1511 844 1600 871 φησιν·
1625 846 1634 862 ι
1654 838 1763 865 Ἕνεκεν
1779 841 1860 867 Δαϐὶδ
1873 842 1921 868 τοῦ

1134 878 1224 903 δούλου
1247 887 1293 905 σου
1317 880 1353 914 μὴ
1375 882 1550 917 ἀποστρέψῃς
1570 883 1599 909 τὺ
1622 885 1765 920 πρόσωπον
1787 887 1833 913 τοῦ
1855 888 1923 924 Χρι-

1136 924 1197 950 στοῦ
1219 933 1276 951 σου·
1295 936 1303 951 ›
1324 928 1370 953 καὶ
1387 928 1477 954 πάλιψ
1500 938 1508 953 ι
1533 930 1606 956 Ἐκεῖ
1622 931 1771 963 ὲξανατελῶ
1783 934 1866 970 κέρας
1882 935 1922 970 τῷ

1134 971 1226 1002 Δαόὶδ,
1236 972 1371 1007 ἡτοίμασα
1386 973 1481 1009 λύχνον
1495 975 1532 1010 τῷ
1542 977 1650 1012 Χριστῷ
1660 987 1719 1012 μου.
1731 979 1798 1010 Τοὺς
1807 981 1921 1016 ἐχθροὺς

1134 1017 1215 1042 αὑτοῦ
1237 1018 1337 1044 ἐνδύσω
1354 1020 1504 1056 αἱσχύνην,-
1517 1023 1562 1048 ἐπὶ
1584 1023 1611 1049 δὲ
1633 1024 1713 1050 αὐτὸν
1734 1025 1875 1061 ὲξανθήσει
1890 1029 1920 1054 τὸ

1132 1063 1256 1098 ἁγίασμά
1269 1073 1329 1099 μου.
1348 1076 1356 1091 ι
1374 1067 1429 1092 Ποῦ
1444 1067 1471 1093 δέ
1488 1077 1578 1104 φησιν,
1599 1079 1608 1094 ‹
1632 1071 1704 1096 Ἐκεῖ
1713 1071 1863 1103 ἐξανατελῶ
1875 1075 1919 1101 κέ-

1134 1117 1182 1144 ρας
1198 1111 1235 1145 τῷ
1250 1112 1341 1143 Δαῦὶδ,
1360 1122 1368 1137 ι
1386 1113 1401 1148 ἣ
1421 1115 1449 1139 ἐν
1471 1116 1503 1149 τῇ
1527 1115 1648 1151 Βηθλεὲμ
1665 1120 1697 1152 τῇ
1724 1118 1860 1154 Ἐφραθάς
1877 1122 1919 1147 ἐν-

1130 1155 1290 1193 τεῦθενγόιρ
1306 1159 1336 1184 τὸ
1359 1160 1441 1195 κέρας
1463 1161 1508 1187 τοῦ
1525 1163 1606 1189 Δαόὶδ
1628 1164 1642 1188 ὁ
1664 1164 1779 1198 Χριστὸς
1800 1166 1830 1192 τὸ
1847 1168 1918 1194 κατὰ
1959 1191 1969 1198 ,

1132 1202 1219 1237 σάρκα
1230 1202 1285 1230 οἷόν
1296 1214 1322 1230 τι
1337 1206 1408 1240 μέγα
1423 1207 1479 1241 φῶς
1493 1208 1667 1242 ἐξανέτειλεν,
1680 1211 1796 1238 ἐνταῦῡά
1806 1221 1835 1239 τε
1848 1215 1918 1250 ήτοίυ

1130 1257 1216 1282 μαστο
1231 1250 1282 1276 ὑπὸ
1296 1251 1342 1276 τοῦ
1356 1252 1422 1278 Θεοῦ
1439 1254 1492 1279 τῶν
1508 1254 1575 1281 ὅλων
1589 1257 1602 1282 ὁ
1618 1256 1663 1282 τοῦ
1678 1257 1795 1293 Χριστοῦ
1809 1258 1914 1295 λύχνος.

1129 1294 1178 1329 Εἶη
1194 1296 1215 1321 δ’
1230 1296 1262 1322 ἂν
1277 1297 1372 1332 λύχνος
1384 1300 1476 1332 αὑτοῦ,
1492 1299 1534 1327 οἷα
1551 1303 1643 1337 νοεροῦ
1658 1304 1755 1338 φωτὸς,
1772 1305 1801 1331 τὸ
1814 1306 1916 1342 ἀνθρώ-

1128 1349 1202 1367 πειον
1219 1343 1326 1377 σκῆνος,
1337 1345 1369 1370 δι’
1385 1342 1414 1371 οὗ
1429 1345 1505 1381 δίκην
1516 1348 1675 1383 ὸστροικίνου
1686 1351 1807 1382 σκεύους,
1820 1352 1915 1389 ὥσπερ

1127 1385 1170 1412 διὰ
1183 1387 1290 1422 λύχνου,
1303 1390 1352 1421 τὰς
1367 1391 1413 1417 τοῦ
1430 1392 1493 1418 ἰδίου
1509 1395 1596 1427 φωτὸς
1612 1396 1722 1428 ἀκτῖνας
1737 1398 1803 1423 πᾶσι
1813 1397 1874 1430 ’τοῖς
1886 1400 1915 1426 ἐν

1127 1432 1222 1467 ἀγνοίᾳ
1237 1434 1303 1460 Θεοῦ
1320 1435 1365 1461 καὶ
1381 1437 1468 1472 σκότῳ
1481 1438 1557 1472 βαθεί
1570 1439 1740 1476 πιεζομένοις
1751 1442 1911 1478 ἐξέλαμψεν.

1133 1476 1210 1502 Ἀλλὰ
1245 1479 1298 1514 γὰρ
1330 1481 1377 1506 καὶ
1404 1481 1433 1507 ὲν
1460 1484 1565 1515 τούτοις
1599 1483 1788 1520 ἀποδεδεῖχθαι
1820 1488 1912 1523 σαφῶς

1126 1522 1245 1558 ἠγοῦμαι
1270 1525 1335 1552 Θεὸν
1359 1527 1454 1553 Ἰακὼὸ
1482 1529 1529 1555 ἀπ’
1558 1531 1644 1566 ἀρχῆς
1672 1533 1718 1558 καὶ
1744 1533 1773 1565 ἐξ
1801 1522 1913 1571 ἡμερῶν

499 1584 504 1609 i
521 1585 617 1617 ingens
633 1586 723 1614 lumen
739 1594 864 1616 evortum
881 1571 922 1617 est
948 1592 996 1617 llic
1009 1594 1071 1617 item
1087 1594 1107 1617 Γ
1124 1571 1289 1603 τυγχάνοντα
1299 1573 1394 1605 αἰῶνος
1408 1574 1558 1610 ἀνθρώποις
1570 1578 1914 1617 ἐπιδημήσεινυκαὶγεννη-

292 1587 410 1613 manam,
428 1586 504 1616 quasi
521 1586 617 1619 ingens
633 1586 723 1614 lumen
739 1594 864 1616 exortum
881 1596 933 1619 est.
948 1592 997 1620 llic
1008 1594 1071 1621 item
1087 1594 1107 1622 C

287 1625 391 1654 Christi
407 1628 517 1655 lucerna
530 1630 563 1657 ab
579 1632 638 1665 ipso
651 1631 704 1659 Deo
721 1635 837 1662 universi
853 1644 1002 1672 praeparata
1013 1645 1069 1667 est:

289 1669 373 1698 fuerit
388 1677 477 1700 autem
501 1674 557 1702 haac
572 1676 682 1704 lucerna
697 1680 774 1712 quasi
792 1669 968 1717 ititelligibilis
990 1686 1068 1718 lucis,

288 1714 437 1744 humanum
463 1726 573 1753 corpus,
596 1729 643 1755 per
664 1724 736 1757 quod
752 1725 839 1752 instar
859 1730 970 1755 testacci
986 1732 1068 1763 vasis,

286 1762 416 1796 tanquam
434 1771 481 1798 per
505 1765 653 1799 lucernam,
673 1770 774 1804 proprii
798 1771 909 1800 luminis
926 1775 1017 1803 radios
1041 1777 1067 1803 in

284 1812 392 1839 omnes,
410 1809 568 1845 quicunque
584 1813 735 1847 ignorantia
753 1815 800 1843 Dei
817 1822 843 1844 et
864 1820 1006 1853 profundis
1029 1826 1067 1849 te-

285 1851 377 1880 nebris
394 1855 595 1889 premebantur,
611 1859 710 1886 emisit.
731 1861 835 1890 Etenim
859 1866 885 1891 in
901 1865 942 1893 his
959 1875 1067 1902 quoque

284 1896 464 1927 demonstrari
475 1902 631 1935 planissime
639 1906 757 1933 arbitror
768 1907 852 1936 Deum
863 1910 957 1944 Jacob,
970 1915 1016 1948 qui
1033 1915 1066 1941 ab

283 1942 362 1970 initio
373 1947 439 1971 etex
449 1946 545 1975 diebus
556 1951 648 1977 saeculi
657 1953 775 1985 exsistit,
786 1955 818 1981 ad
831 1956 953 1986 homines
966 1966 1064 1988 ventu-

282 1994 387 2021 rum,et
399 1991 532 2021 oriturum
545 2003 598 2024 non
610 1998 672 2025 alibi
688 2004 820 2029 terrarum
831 2011 911 2037 quam
926 2006 951 2032 in
963 2006 1065 2035 Bethle-

271 2033 342 2077 ἱιιοῐη
355 2035 425 2068 loco,
437 2039 482 2072 qui
493 2047 545 2067 non
556 2045 649 2076 procul
662 2046 696 2072 ab
708 2046 902 2084 Hierosolymis
911 2051 990 2079 hodie
997 2061 1064 2088 quo—

280 2086 333 2113 que
342 2080 451 2116 visitur,
466 2086 510 2112 ubi
519 2095 584 2114 sane
592 2097 645 2116 non
654 2091 723 2119 alius
732 2098 792 2127 post
800 2096 991 2130 prophetarum
999 2104 1064 2126 tem-

279 2132 345 2159 pora
357 2126 480 2162 illustris,
488 2136 515 2158 et
525 2135 700 2167 apudetnnes
713 2126 927 2177 hominesg-loria
935 2145 1060 2179 celebris,

279 2177 360 2214 3&9
375 2188 456 2215 quam
473 2191 543 2212 unus
562 2185 641 2215 Jesus
656 2189 781 2219 Christus
799 2194 833 2221 ab
857 2196 984 2224 omnibus
1002 2198 1060 2232 ejus

279 2223 331 2250 loci
347 2225 444 2254 incolis
460 2228 516 2262 (qui
535 2232 643 2265 quidem
667 2235 707 2261 sic
722 2243 783 2263 cum
800 2241 963 2274 evangelicis
985 2245 1060 2270 voci‘

277 2268 329 2296 bus
342 2273 520 2309 concordant)
542 2281 621 2305 natus
644 2288 705 2307 esse
719 2268 884 2315 perhibetur“.
902 2286 949 2313 list
970 2293 1057 2315 autem

276 2314 447 2351 Bethlehem,
472 2328 503 2347 ex
520 2314 753 2359 interpretatione,
773 2329 866 2358 domus
886 2335 972 2366 panis,
999 2345 1058 2370 qua:

276 2362 317 2389 sic
338 2364 447 2398 quidem
471 2367 592 2401 ejusdem
620 2375 661 2398 est
679 2375 797 2403 nominis
819 2384 880 2404 cum
906 2387 938 2407 eo
956 2383 1001 2416 qui
1023 2383 1056 2410 de

274 2408 334 2443 ipsa
350 2410 487 2444 profectus
509 2419 564 2445 est.
584 2416 724 2447 Salvatore
749 2427 853 2455 nostro,
878 2427 922 2460 qui
941 2408 1002 2455 cum
1020 2430 1054 2456 sit

275 2452 323 2481 Dei
343 2454 462 2484 Verbum
485 2463 511 2486 et
530 2461 610 2493 ratio,
636 2465 792 2493 animalium
812 2470 984 2499 ralionalium
1012 2480 1053 2502 est

273 2499 442 2531 alimentum.
473 2503 558 2537 Quam
582 2514 638 2534 rem
660 2510 718 2544 ipse
741 2520 848 2548 quoque
873 2515 1051 2552 demonstrat,

273 2544 319 2571 ubi
340 2546 393 2574 ait:
408 2556 417 2573 ι
431 2548 487 2584 Ego
502 2559 562 2578 sum
575 2554 653 2586 panis
667 2557 712 2590 qui
731 2544 764 2584 de
775 2544 844 2588 ctelo
858 2562 984 2590 descendi
994 2565 1025 2593 ⁹¹.

272 2588 372 2619 Verum
394 2597 522 2629 quoniam
546 2599 603 2627 haec
628 2602 721 2631 eadem
747 2605 832 2639 ipsius
859 2607 942 2635 David
964 2611 1049 2645 patria

272 2635 319 2645 ,N._
404 2640 410 2645 .
492 2643 496 2645 .

758 2635 766 2639 -
964 2635 1047 2645 Ι⁷““”“⁷“

271 2635 331 2670 luit,
344 2640 442 2671 merito
451 2643 498 2676 qui
513 2647 617 2674 ratione
628 2648 751 2677 humanae
763 2656 865 2679 natura:
878 2654 960 2682 David
976 2658 1047 2685 lilius

268 2687 331 2721 fuit,
341 2698 373 2718 ex
384 2691 436 2721 hoc
452 2693 512 2728 ipso
523 2697 583 2725 loco
597 2700 736 2734 profectus
749 2707 801 2736 est,
817 2705 843 2731 in
861 2714 894 2734 eo
909 2715 973 2736 sane
984 2718 1045 2738 cum

267 2735 435 2771 propheticis
456 2744 626 2773 concordans
648 2749 766 2777 oraculis
789 2759 795 2776 :
817 2751 908 2787 itaque
930 2756 1046 2785 obscura

264 2785 329 2808 esse
340 2784 458 2818 amplius
474 2795 555 2815 causa
571 2798 624 2817 non
641 2799 739 2826 potest,
759 2804 808 2824 cur
821 2784 873 2826 sibi
890 2800 1043 2831 Bethlehem

301 2833 326 2851 ⁸⁹
339 2836 411 2865 Psal.
425 2847 515 2875 cxxxt,
533 2844 575 2870 10.
615 2847 636 2861 ¹²⁰
648 2847 713 2877 ihid.
731 2851 830 2884 17,18.

301 2881 424 2919 (Ι)οὺδ’.
440 2886 509 2923 Lege
524 2891 588 2926 οὐχ·
606 2893 668 2923 item
689 2902 713 2924 et
733 2881 814 2934 paulo
831 2881 1003 2938 post.-l-3b-ilri

872 2857 892 2872 ⁹¹
908 2856 987 2886 Joan.
997 2868 1034 2894 Vl,
1050 2861 1093 2890 41.

1124 1615 1251 1651 θήσεσθαι
1264 1618 1313 1643 οὐκ
1323 1618 1449 1654 ἀλλαχόθι
1463 1621 1515 1656 γῆς
1528 1623 1609 1659 ἀλλ’ἢ
1620 1626 1647 1651 ἐν
1659 1626 1698 1661 τῷ
1708 1628 1776 1654 κατὰ
1787 1615 1911 1664 Βηθλεὲμ

1123 1663 1206 1697 τόπῳ,
1215 1664 1282 1698 πρὸς
1290 1666 1344 1696 τοῖς
1359 1666 1488 1701 Ἰεροσολύ
1493 1677 1552 1703 μοις
1560 1670 1643 1697 εἰσέτι
1653 1673 1700 1698 καὶ
1709 1672 1754 1699 νῦν
1763 1674 1912 1702 ἐπιδεικνυ-

1123 1708 1196 1742 μένῳ
1207 1710 1307 1744 χωρίῳ,
1320 1710 1383 1737 ἐνθα
1395 1713 1448 1738 οὐδ’
1460 1714 1537 1746 ἄλλος
1550 1716 1617 1750 μετὰ
1630 1719 1691 1750 τοὺς
1701 1719 1754 1745 τῶν
1763 1722 1909 1757 προφητῶν

1121 1754 1233 1789 χρόνους
1242 1757 1375 1792 ἐπιφανὴς
1390 1760 1436 1785 καὶ
1451 1762 1491 1791 εἰς
1500 1762 1602 1795 πάντας
1614 1764 1773 1800 ἀνθρώπους
1786 1767 1907 1802 ἐπίδοξος

1119 1800 1134 1834 ἢ
1148 1800 1225 1835 μόνος
1240 1802 1342 1836 Ἰησοῦς
1355 1805 1368 1829 ό
1379 1806 1495 1841 Χριστὸς
1510 1809 1577 1843 πρὸς
1587 1811 1640 1837 τῶν
1653 1812 1807 1848 ἐπιχωρίων
1819 1800 1907 1842 ἁπάν-

1118 1854 1170 1872 των
1190 1847 1343 1880 ἀκολούθως
1369 1853 1428 1883 ταῖς
1452 1853 1642 1888 εὐαγγε).ικαῖς
1665 1860 1766 1891 φωναῖς
1785 1859 1905 1894 γεγονὼς

1118 1895 1302 1927 μαρτυρεῖται,
1328 1896 1520 1932 Ἐρμηνεύεται
1543 1900 1570 1927 δὲ
1588 1903 1603 1937 ή
1621 1902 1742 1939 Βηθλεὲμ
1759 1903 1841 1938 οἶκος
1852 1905 1903 1940 ἆρ-

1117 1945 1179 1969 του,
1197 1939 1354 1975 φερώνυμος
1368 1940 1433 1969 οὖσα
1448 1945 1495 1971 τοῦ
1512 1947 1686 1981 προελθόντος
1702 1949 1731 1982 ἐξ
1746 1951 1830 1986 αὐτῆς
1847 1952 1904 1978 Σω-

1115 1983 1196 2018 τῆρος
1219 1986 1295 2020 ἡμῶν
1312 1987 1385 2019 ὄντος
1402 1989 1469 2016 Θεοῦ
1480 1985 1580 2026 Λόγου,
1597 1994 1691 2030 ψυχῶν
1707 1983 1822 2030 λογικῶν
1840 1998 1903 2033 θρε-

1115 2030 1227 2056 πτικοῦ·
1246 2031 1259 2057 ὃ
1272 2033 1317 2058 καὶ
1334 2035 1498 2072 παρίστησιν
1507 2038 1587 2071 αὐτὸς
1603 2040 1704 2075 λέγων·
1728 2053 1736 2067 ι
1758 2044 1828 2078 Ἐγώ
1844 2046 1902 2080 εἰμι

1113 2076 1127 2101 ὁ
1144 2075 1226 2111 ἄρτος
1241 2079 1254 2104 ὀ
1278 2079 1310 2104 ὲκ
1333 2080 1379 2107 τοῦ
1396 2082 1510 2117 οὐρανοῦ
1528 2086 1658 2118 καταόάς.
1682 2097 1691 2113 ι
1717 2075 1907 2126 Ἀλλ”ὲπειὲῦῖ

1114 2123 1160 2148 καὶ
1181 2122 1227 2148 τοῦ
1250 2125 1332 2151 Δαϐἱδ
1345 2127 1454 2161 γέγονεν
1473 2129 1543 2166 αὕτη
1566 2133 1672 2168 πατρὶς,
1689 2135 1801 2168 εἰκότως
1817 2138 1864 2164 καὶ

1112 2168 1182 2193 κατὰ
1201 2169 1287 2205 σάρκα
1303 2173 1446 2208 γενόμενος
1458 2175 1514 2208 υίὸς
1528 2178 1609 2204 Δαϐὶδ
1619 2179 1667 2215 τὴν
1683 2181 1794 2216 πρόοδον
1806 2183 1838 2215 ἐξ
1851 2185 1899 2211 αὺ-

1111 2214 1159 2248 τῆς
1173 2216 1327 2251 ἐποιήσατο,
1344 2219 1497 2255 ἀκολούθως
1509 2225 1568 2255 ταῖς
1584 2229 1764 2262 προφητικαῖς
1781 2230 1898 2266 ἰτρορῥή⁴

1076 2264 1098 2292 ι)
1113 2267 1201 2285 cas-vr
1219 2261 1288 2288 ὥστε
1309 2265 1358 2290 οὐκ
1374 2265 1469 2301 ἄδηλον
1486 2266 1554 2295 εἶναι
1576 2272 1622 2297 καὶ
1641 2272 1690 2307 τὴν
1710 2274 1799 2301 αἰτίαν
1814 2276 1848 2302 δι’
1864 2277 1898 2312 ἢν

1111 2307 1224 2341 πατρίδα
1238 2308 1285 2343 τὴν
1300 2310 1422 2347 Βηθλεὲμ
1439 2314 1621 2350 ἐπεγράψατο.
1646 2318 1724 2346 ’Λλλὰ
1738 2321 1784 2347 καὶ
1796 2323 1826 2348 ὲν
1839 2307 1895 2350 Να-

1110 2350 1201 2386 ζάροις
1226 2353 1390 2390 ἀνατραφεὶς
1415 2358 1531 2392 λέγεται,
1559 2363 1605 2388 καὶ
1632 2364 1711 2390 πάλιν
1737 2365 1896 2403 Ναζαραῖος

1109 2396 1298 2432 κληθήσεσθαι.
1309 2401 1406 2429 Ίστέον
1418 2403 1474 2435 οὖν,
1487 2407 1527 2432 ὅτι
1545 2408 1629 2435 καὶτὸ
1642 2409 1797 2446 Ναζαραῖον
1809 2413 1894 2449 ὄνομα

1114 2442 1252 2478 Έϐραῖκὸν
1269 2449 1395 2482 τυγχάνει
1412 2450 1441 2476 ἐν
1463 2452 1596 2489 Λευῖτικῷ
1613 2456 1658 2482 ἐπὶ
1673 2457 1719 2484 τοῦ
1742 2460 1894 2495 χρίσματος

1104 2487 1151 2514 τοῦ
1168 2491 1233 2526 παρ’
1248 2493 1339 2525 αὐτοῖς
1355 2495 1482 2530 Χριστοῦ.
1498 2496 1551 2525 Ἶὶν
1564 2500 1592 2526 δὲ
1609 2498 1685 2534 οὗτος
1697 2504 1711 2530 ὁ
1725 2504 1818 2540 ἄρχων
1831 2508 1892 2534 κατ’

1104 2535 1194 2562 εἰκόνα
1207 2537 1252 2563 τοῦ
1273 2540 1388 2573 μεγάλου
1407 2544 1451 2569 καὶ
1468 2544 1574 2580 ἀληθῶς
1591 2548 1740 2585 ἀρχιερέως
1758 2551 1806 2578 τοῦ
1824 2553 1892 2589 Χρι-

1610 2580 1616 2583 ,
1628 2580 1643 2583 ..
1671 2580 1676 2585 .
1730 2580 1737 2582 -
1851 2580 1857 2589 ι

1103 2580 1164 2606 στοῦ
1176 2582 1221 2608 τοῦ
1238 2583 1315 2617 Θεοῦ,
1329 2587 1427 2624 σκιώδη
1442 2590 1501 2616 τινὰ
1516 2592 1561 2618 καὶ
1576 2595 1688 2622 τυπικὺν
1700 2597 1818 2633 Χριστὸν
1831 2600 1891 2626 ἐπι-

1103 2627 1259 2662 φερόμενος.
1277 2630 1319 2656 Ἐν
1336 2630 1376 2663 οἷς
1390 2634 1453 2667 γοῦν
1469 2636 1573 2673 εἴρηται
1591 2640 1661 2667 κατὰ
1673 2627 1736 2674 τοὺς
1755 2644 1888 2681 Ἑϐδομή-

1104 2680 1184 2699 κοντα
1200 2676 1262 2711 περὶ
1279 2677 1324 2703 τοῦ
1346 2679 1505 2717 Ἀρχιερέως
1518 2693 1524 2698 ·
1543 2694 1552 2710 t
1568 2686 1621 2713 Καὶ
1633 2688 1664 2714 οὑ
1681 2676 1888 2725 βεϐηλώσείτον

1100 2719 1264 2755 ἡγιασμένον
1288 2724 1333 2750 τοῦ
1362 2725 1429 2753 Θεοῦ
1455 2730 1555 2756 αὐτοῦ·
1582 2732 1622 2759 ὅτι
1644 2733 1675 2760 τὸ
1699 2735 1776 2770 ἃγιον
1797 2737 1887 2765 ἔλαιον

1099 2764 1216 2799 Χριστοῦ
1228 2767 1273 2794 τοῦ
1286 2768 1353 2796 Θεοῦ
1370 2772 1466 2799 αὐτοῦ’
1490 2783 1499 2799 ι
1516 2775 1546 2801 τὸ
1563 2776 1612 2811 μὲν
1632 2764 1785 2814 Ἐῦραίκὸν,
1803 2790 1813 2807 ε
1825 2782 1885 2808 Ὀτι

1099 2808 1190 2845 Ναζὲρ
1206 2811 1303 2846 ἔλαιον,
1320 2824 1329 2840 ι
1346 2817 1478 2851 περιέχει·
1496 2819 1510 2845 ὁ
1523 2819 1551 2846 δὲ
1564 2808 1700 2855 ’Ἀκύλας-
1721 2832 1732 2850 ι
1753 2808 1814 2853 ’ότι
1835 2826 1887 2867 ἀφ’

1076 2969 1106 2976 οη
