2089 3218
158 192 180 221 3
185 192 215 220 ιθ

614 187 939 218 DEMONSTRATIONIS
960 190 1188 218 EVANGELICIE
1210 191 1274 220 LIB.
1296 191 1352 220 VII.

1722 195 1776 223 550

160 254 273 285 ὅρισμα,
285 249 371 276 ἔλαιον
381 248 548 285 ἀλείμματοςη
558 247 624 275 Θεοῦ
637 248 718 275 αὐτοῦ
734 248 776 275 ἐπ’
793 248 866 275 αὐτῶ
877 256 884 262 ·
904 258 914 274 ι
932 248 946 274 ὁ

996 249 1111 284 patriam
1122 249 1288 284 ascripserit.
1305 249 1438 277 Caeterum
1449 250 1529 278 etiam
1543 252 1571 279 in
1585 252 1696 281 Nazaris
1708 254 1778 282 edu-v

161 296 191 323 δὲ
205 296 371 331 Σύμμαχος·
392 304 402 321 ι
422 295 482 322 Ὅτι
497 294 607 322 ἄθικτον
628 295 717 322 ἔλαιον
738 295 785 322 τοῦ
798 295 945 331 χρίσματος

161 343 209 370 τοῦ
224 341 292 369 Θεοῦ
306 340 386 367 αὐτοῦ
403 341 446 367 ἐπ’
462 340 552 375 αὐτῷ·
575 350 584 366 ι
603 341 617 367 ὸ
638 340 666 367 δὲ
681 340 840 368 Θεοδοτίων·
860 350 869 366 ι
886 341 945 367 Ὀτι

161 387 191 415 τὸ
206 387 299 422 Ναξὲρ
312 386 398 413 ἔλαιον
411 386 440 413 τὸ
453 386 559 422 χριστὸν
576 386 652 422 παρὰ
665 386 731 413 Θεοῦ
744 386 826 413 αὑτοῦ
841 388 883 413 ἐπ’
899 387 946 413 αὐ-

161 433 209 468 τῷ·
240 443 250 458 ι
266 432 334 458 ὥστε
352 430 460 459 εἶναιτὸ
476 432 576 468 Ναζὲρ,
594 432 664 458 κατὰ
681 433 729 468 μὲν
741 433 802 464 τοὺς
819 433 946 468 Ἐϐδομή-

161 487 255 510 κοντα,
268 478 362 513 ἅγιον,
380 478 450 505 κατὰ
465 478 493 504 δὲ
504 478 548 504 τὸν
556 478 681 510 Ἀκύλαν,
699 479 858 512 (lydia/61m,
876 478 945 505 κατὰ

160 524 188 550 δὲ
201 523 247 551 τδν
264 524 419 559 Σύμμαχον,
437 524 557 550 ἄθικτον
566 533 572 538 ·
586 524 654 550 ὥστε
671 525 701 550 ἐκ
717 524 809 550 τούτου
821 524 851 550 τὸ
864 524 946 556 Ναξι-

163 571 237 606 ραῖον
263 570 345 605 ὄνομα
370 569 512 605 σημαίνειν
535 570 593 605 ἤτοι
610 570 654 595 τὸν
679 570 796 605 ἂγιον,ἢ
818 569 862 596 τὸν
893 571 944 604 ἁφ-

162 616 321 651 ωρισμένον,
334 615 349 651 ἢ
363 616 409 642 τὸν
424 616 540 643 ἄθικτον,
563 616 630 642 Ἀλλ’
646 617 669 642 οἱ
691 617 738 651 μὲν
755 617 836 643 πάλαι
853 618 944 652 ἱερεῖς,

161 662 194 688 δι’
207 662 295 688 ἐλαίου
309 662 466 693 σκευαστοῦ,
481 661 526 687 τοῦ
539 662 612 697 παρὰ
634 663 727 688 Mum?
747 662 837 697 Ναζὲρ
851 663 946 688 καλου-

164 706 253 742 μένου,
271 707 418 742 χριόμενοι,
443 706 613 741 παραγώγως
634 706 688 733 ἀπὸ
710 706 756 732 τοῦ
774 706 863 742 Ναζὲρ
881 707 944 733 ἐκα-

162 752 255 779 λοῦντο
280 753 442 788 Ναζιραῐοιο
470 753 483 778 ὁ
502 752 530 778 δὲ
554 752 647 788 Σωτὴρ
671 753 716 778 καὶ
742 753 842 788 Κύριος
868 752 945 787 ἡμῶν

163 798 233 824 κατὰ
251 797 330 833 φύσιν
348 797 415 832 ἔχων
438 797 467 823 τὸ
485 797 570 831 ἅγιον,
593 798 638 823 καὶ
656 797 686 823 τὸ
708 797 825 827 ἄθικτον,
848 797 893 823 καὶ
916 797 945 822 τὺ

163 843 359 880 ἀφωρισμένον,
375 843 405 869 οὐ
420 843 543 877 δεόμενός
559 851 590 876 γε
604 843 751 879 χρίσματος
764 843 943 878 ἀνθρωπίνου,

162 890 236 925 ὅμως
250 889 299 924 τῆς
320 888 365 915 τοῦ
386 887 535 924 Ναζιραίου
559 888 742 923 προσηγορίας
766 889 829 924 παρ’
843 888 945 924 ἀνθρώ-

163 943 224 966 ποις
237 934 340 970 ἔτυχεν,
355 934 403 961 οὐκ
426 934 478 960 ἀπὸ
500 934 544 960 τοῦ
563 934 726 969 καλουμένου
746 934 836 970 Ναζὲρ
857 934 944 960 ἐλαίου

162 980 307 1016 Ναζιραῖος
329 979 455 1014 γεγονὼς,
472 980 527 1006 ἀλλ’
548 979 583 1007 ὢν
608 980 656 1015 μὲν
672 982 704 1015 τῇ
723 980 801 1014 φύσει
814 980 942 1012 τοιοῦτος,
961 973 981 999 Β

163 1026 271 1061 κληθεὶς
290 1026 318 1052 δὲ
342 1026 387 1052 καὶ
403 1026 467 1060 παρ’
486 1025 636 1060 ἀνθρώποις
658 1026 802 1060 Ναζιραῖος
825 1026 878 1052 ἀπὸ
897 1026 944 1061 τῆς

163 1071 297 1108 Ναζαρὲθ,
315 1071 378 1098 ἔνθα
391 1071 464 1106 παρὰ
479 1073 533 1103 τοῖς
546 1071 615 1097 κατὰ
632 1072 719 1105 σάρκα
735 1070 841 1105 γονεῦσι
853 1071 901 1106 τὴν
917 1071 945 1096 ἐν

163 1119 256 1144 παισὶν
285 1117 437 1153 ἀνατροφὴν
462 1116 570 1152 ἔσχηκε.
599 1116 644 1142 Διὸ
666 1116 787 1142 λέλεκται
808 1116 883 1151 παρά
907 1115 945 1151 τῷ

162 1163 294 1198 Ματθαίῳ
306 1171 314 1178 '
342 1172 351 1188 ι
368 1162 570 1199 Χρηματισθεὶς
589 1163 616 1188 δὲ
639 1163 696 1188 κατ’
712 1163 777 1197 ὄναρ
803 1162 890 1197 (δῆλον
906 1162 944 1193 δὲ,

164 1210 204 1236 ὃτι
221 1209 235 1235 ὁ
255 1209 373 1244 Ἰωσὴφ),
400 1207 570 1243 ἀνεχώρησεν
594 1209 633 1239 εἰς
649 1208 682 1234 τὰ
704 1207 772 1243 μέρη
797 1208 845 1243 τῆς
869 1206 947 1233 Γαλι-

162 1254 241 1283 λαίας
249 1263 257 1270 ·
272 1256 318 1282 καὶ
327 1254 413 1281 ἐλθὼν
426 1254 583 1289 κατῴκησεν
599 1255 638 1287 εἰς
649 1254 725 1280 πόλιν
732 1254 880 1289 λεγομένην
889 1255 946 1280 Να-

164 1300 245 1336 ζαρὰ,
260 1301 333 1332 ὅπως
356 1300 486 1336 πληρωθῇ
512 1300 542 1326 τὸ
558 1300 636 1335 ῥηθὲν
651 1300 694 1326 διὰ
715 1300 768 1326 τῶν
791 1300 945 1335 προφητῶν,

163 1345 204 1372 ὃτι
219 1344 374 1381 Ναζαραῖος
398 1345 571 1381 κληθήσεται.
599 1355 607 1371 ι
629 1345 701 1372 Ἔδει
725 1346 773 1381 μὲν
791 1346 844 1382 γὰρ
867 1345 946 1372 αὑτὸν

164 1391 195 1423 ἐξ
206 1390 323 1423 ἅπαντος
340 1391 420 1426 φύσει
436 1392 482 1418 καὶ
500 1391 612 1427 ἀληθείᾳ
627 1391 774 1423 Ναζιραίον
789 1392 862 1423 ὄντα,
875 1391 946 1418 τοῦτ’

163 1437 237 1465 ἔστιν
251 1437 328 1472 ἆγιον
340 1438 385 1464 καὶ
401 1437 510 1464 ἄθικτον
527 1438 573 1464 καὶ
587 1438 782 1473 ἀφωρισμένον,
800 1436 829 1469 ἐξ
845 1436 948 1473 ἀνθρώ-

164 1491 223 1510 πων
233 1483 363 1518 κληθῆναι
377 1483 462 1518 ταύτῃ
479 1485 509 1518 τῇ
520 1483 688 1519 προσηγορίᾳ
701 1490 707 1497 '
723 1483 777 1510 ἀλλ’
795 1483 855 1510 ἐπεὶ
868 1483 904 1519 μὴ
916 1485 947 1510 ὲκ

163 1528 211 1556 τοῦ
228 1528 319 1565 Ναζὲρ
333 1529 422 1555 ἐλαίου
437 1529 537 1564 ταύτης
551 1529 627 1563 ἔτυχε
639 1529 686 1563 τῆς
701 1529 892 1565 προσηγορίας,
911 1530 947 1564 μὴ

163 1574 269 1611 δεηθεὶς
282 1574 451 1610 ἀνθρωπίνου
467 1575 624 1610 χρίσματος,
637 1575 667 1600 ἐκ
682 1574 728 1600 τοῦ
743 1575 822 1601 τόπου
835 1575 883 1610 τῆς
894 1575 948 1601 Να-

165 1620 248 1656 ζαρὲθ
263 1619 312 1656 τὴν
326 1621 482 1656 ἐπωνυμίαν
497 1621 639 1656 ἐκτήσατο.
654 1620 760 1647 Τούτων
781 1621 865 1653 οὕτως
882 1621 949 1647 ἀπο-

163 1668 351 1703 δεδειγμένων,
368 1668 462 1703 καιρὸς
480 1667 676 1702 ἐπισκέψασθαι
689 1667 734 1693 καὶ
748 1667 777 1699 ἐξ
794 1667 885 1694 ὁποίου
899 1668 946 1702 γέ-
961 1658 982 1686 (ί

165 1721 236 1745 νους,
251 1712 279 1746 ἐξ
295 1712 388 1744 ὁποίας
398 1721 428 1738 τε
447 1712 576 1747 Ἐϐραίων
590 1712 675 1746 φυλῆς
689 1713 702 1738 ὁ
714 1712 808 1748 Σωτὴρ
824 1712 879 1738 τῶν
895 1713 945 1747 ψυ-

165 1758 222 1794 χῶν
235 1758 323 1794 ἡμῶν,
339 1759 353 1784 ὁ
376 1757 491 1793 Χριστὸς
507 1757 553 1784 τοῦ
575 1757 640 1784 Θεοῦ
664 1757 872 1792 προελεύσεσθαι
885 1759 949 1792 ἑκη-

167 1804 287 1840 ρύττετο.
305 1803 419 1839 Ηρώτας
436 1803 463 1829 δὲ
478 1803 527 1835 τὰς
552 1803 730 1837 εὐαγγελικὰς
749 1804 795 1829 καὶ
810 1803 873 1839 περὶ
888 1802 949 1829 τού-

164 1857 213 1875 του
228 1848 419 1884 παραθήσομαι
429 1848 515 1881 λέξεις
527 1856 533 1862 ·
547 1846 596 1874 εἷθ’
607 1848 700 1883 ὥσπερ
710 1848 854 1883 ἀρμονίους
865 1857 950 1883 σφρα-

164 1892 245 1926 γῖδας
259 1893 307 1925 τὰς
318 1892 487 1928 προφητικὰς
501 1892 595 1924 αὑταῖς
608 1893 728 1928 ἐπιθήσω
742 1894 901 1928 μαρτυρίας.
921 1894 950 1919 ’0

168 1938 219 1973 μὲν
238 1936 284 1964 οὖν
300 1937 438 1970 Ματθαῐος
454 1935 505 1965 ὧδε
523 1939 568 1965 τὸν
583 1939 698 1974 Χριστὸν
713 1939 783 1965 κατὰ
800 1939 888 1974 σάρκα
905 1948 951 1973 γε-

166 1984 306 2018 νεαλογεῖ·
327 1993 336 2009 ι
356 1983 449 2016 Βίϐλος
474 1985 605 2018 γενέσεως
629 1985 715 2020 Ἰησοῦ
744 1985 871 2020 Χριστοῦ,
891 1985 950 2012 υἱοῦ

167 2029 258 2062 Δαΰὶδ,
280 2029 338 2057 υἱοῦ
354 2030 487 2066 Ἀϐραάμ.
511 2030 633 2066 Ἀδραὰμ
643 2032 770 2066 ἐγέννησε
783 2031 827 2058 τὸν
848 2026 950 2063 Ἰσαὰκ,

174 2075 269 2103 Ἰσαὰκ
289 2075 316 2102 δὲ
332 2075 459 2110 ἐγέννησε
475 2074 519 2101 τὸν
538 2074 644 2106 Ἰακὼϐ,
664 2075 759 2101 Ἰακὼϐ
779 2075 807 2102 δὲ
825 2076 950 2111 ἐγέννησε

168 2121 215 2146 τὸν
234 2119 344 2152 Ἰούδαν,
380 2121 426 2146 καὶ
457 2120 491 2146 τὰ
511 2119 582 2155 ἑξῆς.
600 2120 709 2154 Συνᾴδει
733 2120 759 2146 δὲ
782 2121 855 2155 αὐτῷ
872 2122 917 2147 καὶ
938 2122 952 2147 ὁ

176 2166 345 2199 Ἀπόστολος,
355 2166 440 2200 λέγων
457 2166 608 2201 ἀφωρίσθαι
626 2175 635 2191 ι
645 2167 684 2197 εἰς
702 2166 862 2200 Εὑαγγέλιον
874 2166 951 2198 Θεοῦ,

168 2211 183 2237 ὃ
203 2211 435 2247 προεπηγγείλατο
449 2211 492 2237 διὰ
507 2210 560 2237 τῶν
579 2210 723 2246 προφητῶν
745 2212 826 2237 αὑτοῦ
841 2212 868 2237 ὲν
884 2211 953 2247 Γρα-

168 2258 235 2291 φαῖς
250 2256 339 2291 ἁγίαις
361 2257 424 2291 περὶ
440 2255 486 2282 τοῦ
509 2255 573 2281 Υίοῦ
591 2255 673 2281 αὐτοῦ
688 2255 735 2281 τοῦ
755 2255 898 2290 γενομένου
921 2256 952 2282 ἐκ

169 2301 326 2338 σπέρματος
342 2302 422 2328 Δαόὶδ
445 2301 515 2328 κατὰ
532 2301 630 2336 σάρκα.
649 2310 658 2326 ι
672 2301 779 2327 Γένοιτο
794 2301 815 2327 δ’
836 2301 868 2327 ἂν
886 2300 954 2336 σύμ-

169 2357 247 2383 φωνα
258 2348 344 2376 ταῦτα
360 2349 418 2380 ταῖς
431 2348 516 2379 οὕτως
536 2347 659 2382 ἐχούσαις
673 2348 864 2383 προρρήσεσιν.

995 300 1072 322 catus
1088 302 1149 323 esse
1159 295 1270 329 dicitur,
1284 300 1310 323 et
1323 296 1363 324 sic
1378 296 1524 324 Nazamus
1537 299 1686 327 vocandus.
1698 299 1777 329 Scire

995 339 1078 374 igitur
1100 343 1207 375 oportet
1227 340 1299 375 quod
1323 349 1422 369 nomen
1438 346 1480 369 est
1505 341 1668 371 Hebraicum
1691 344 1774 372 Nazi-

994 391 1077 411 mum
1100 384 1127 411 in
1152 384 1284 417 Levitico,
1307 386 1333 413 in
1352 386 1412 421 ejus
1426 387 1528 415 Christi
1546 390 1676 417 unctione
1694 399 1775 425 quem

995 429 1045 462 ipsi
1060 429 1204 456 habebant.
1222 430 1306 457 Porro
1317 431 1358 458 hic
1376 436 1433 459 erat
1451 434 1633 468 principatum
1649 435 1776 463 obtinens

996 475 1143 501 secundum
1162 475 1305 510 imaginem
1321 479 1409 511 magni
1426 483 1452 504 et
1464 479 1520 506 veri
1539 479 1679 508 Pontiﬁcis
1694 481 1775 509 Chri—

996 520 1030 546 sti
1047 519 1103 552 Dei,
1126 521 1314 548 adumhralum
1329 523 1454 550 videlicet
1468 525 1611 558 quemdam
1635 529 1661 553 et
1679 526 1777 560 ﬁgura-

994 570 1051 592 tum
1065 566 1202 594 Christum
1216 573 1422 602 repraesentans.
1440 569 1488 597 Ubi
1498 578 1560 597 vero
1574 570 1645 597 LXX
1654 572 1686 598 de
1702 572 1774 599 Pon-

997 611 1068 638 tiﬁce
1086 612 1121 638 ita
1145 613 1314 647 interpretati
1343 619 1414 646 sunt,
1442 625 1450 639 ι
1467 621 1493 642 et
1516 624 1569 642 non
1589 617 1689 651 polluet
1703 619 1776 652 quod

996 657 1191 684 sanctiﬁcatum
1207 663 1248 685 est
1266 659 1310 686 Dei
1325 661 1377 691 sui,
1395 662 1522 695 quoniam
1539 668 1662 689 sanetmn
1684 664 1775 690 oleum

996 703 1131 730 unctionis
1143 703 1188 730 Dei
1201 705 1243 731 sui
1255 705 1288 737 θ’,
1302 715 1310 731 ι
1327 706 1353 732 in
1367 705 1498 733 chraico
1509 708 1615 742 legitur,
1630 710 1776 743 «quoniam

995 748 1082 775 Nazer
1097 750 1184 776 oleum
1203 760 1209 777 :
1227 761 1235 775 )
1254 751 1350 784 Aquila
1367 757 1454 779 autem
1475 753 1514 780 sic
1527 756 1669 787 convertit,
1688 764 1697 780 ι
1714 763 1778 789 quo-

996 795 1066 821 niam
1088 797 1257 831 segregatio,
1281 798 1369 824 oleum
1396 798 1533 825 unctionis
1552 799 1597 826 Dei
1627 801 1668 827 sui
1697 809 1778 835 super

996 841 1092 876 ipsum.
1111 852 1120 867 ι
1142 842 1321 878 Symmachus
1345 849 1445 876 autent,
1467 855 1476 870 ι
1491 847 1618 880 quoniam
1646 848 1776 874 intactum

995 887 1084 914 olemn
1099 888 1235 915 unctionis
1253 888 1298 915 Dei
1315 890 1356 916 sui
1369 897 1450 924 super
1465 891 1563 924 ipsum.
1583 901 1592 916 ι
1607 891 1776 919 Tlieodotion

992 940 1065 964 vero,
1086 943 1094 957 ι
1107 935 1234 967 quoniam
1255 933 1343 961 Nazer
1362 935 1450 962 oleum
1467 936 1603 964 unctionis
1625 945 1639 963 a
1657 937 1711 964 Deo
1729 946 1778 964 suo

997 986 1079 1012 super
1093 979 1191 1013 ipsum.
1210 989 1219 1004 ›
1236 979 1325 1012 Quare
1341 979 1426 1007 Nazer
1443 981 1516 1015 ipsos
1529 982 1638 1016 quidem
1651 981 1720 1009 LXX
1735 991 1778 1010 se-

995 1024 1141 1058 quentibus
1154 1030 1273 1051 sanctum
1289 1026 1350 1056 erit,
1368 1026 1455 1060 ipsum
1469 1034 1532 1053 vero
1546 1028 1682 1062 Aquilam,
1700 1037 1777 1062 sepa~

995 1070 1075 1101 ratio,
1092 1070 1284 1105 Symmachum
1299 1076 1400 1103 autem,
1417 1073 1562 1104 intactum;
1581 1074 1671 1108 itaque
1686 1083 1718 1101 ex
1736 1075 1778 1101 his

996 1114 1145 1142 Naziraaum
1171 1124 1268 1144 nomen
1294 1117 1471 1152 signiﬁcabit,
1498 1122 1543 1145 aut
1567 1123 1706 1152 sanetum,
1732 1127 1779 1148 aut

997 1166 1177 1197 segregatum,
1200 1166 1246 1189 aut
1270 1164 1412 1190 intactum.
1433 1164 1467 1190 At
1485 1173 1549 1192 vero
1572 1166 1654 1200 prisci
1669 1167 1778 1200 quidem

997 1207 1170 1239 sacerdotes,
1208 1216 1269 1234 cum
1298 1209 1358 1236 oleo
1388 1214 1564 1244 comparato,
1603 1212 1674 1245 quod
1708 1211 1779 1246 apud

998 1252 1089 1280 Mosen
1115 1253 1200 1280 Nazer
1228 1254 1387 1288 appellatur,
1415 1261 1595 1290 ungerentur,
1621 1264 1653 1283 ex
1673 1257 1780 1283 deriva-

997 1299 1070 1325 tione
1093 1306 1107 1325 a
1122 1298 1208 1325 Nazer
1239 1299 1408 1327 vocabantur
1429 1300 1552 1328 Nazirzei.
1579 1301 1631 1328 Sed
1658 1301 1779 1328 Salvator

998 1347 1024 1371 et
1037 1343 1167 1371 Dominus
1183 1349 1285 1376 noster,
1302 1350 1395 1379 suapte
1414 1350 1511 1372 natura
1527 1347 1554 1373 in
1571 1354 1600 1374 se
1621 1347 1735 1379 habens,
1754 1351 1778 1374 el

998 1393 1133 1421 sanctum,
1151 1395 1174 1417 et
1188 1390 1330 1423 intactum,
1344 1394 1370 1418 et
1380 1396 1545 1425 separatum,
1565 1401 1652 1427 neque
1664 1393 1779 1427 alicujus

998 1435 1121 1471 indigens
1135 1436 1261 1463 humanae
1284 1438 1430 1470 unctionis,
1447 1443 1537 1465 tamen
1557 1438 1670 1465 Naziraei
1686 1439 1779 1473 appet

999 1481 1127 1508 lationem
1145 1481 1215 1515 apud
1228 1482 1352 1510 homines
1365 1483 1492 1515 obtinuit,
1506 1492 1559 1511 non
1580 1484 1651 1519 quod
1667 1485 1701 1511 ab
1718 1485 1779 1512 oleo

999 1525 1070 1559 quod
1086 1525 1172 1552 Nazer
1180 1532 1322 1553 vocaretur
1334 1526 1471 1555 Naziraeus
1489 1528 1634 1561 exstiterit,
1647 1529 1694 1556 sed
1708 1530 1779 1564 quod

999 1572 1122 1606 quamvis
1140 1576 1237 1599 natura
1251 1573 1359 1607 quidem
1383 1573 1444 1600 talis
1467 1578 1549 1605 esset,
1568 1579 1656 1601 tamen
1679 1582 1694 1601 a
1715 1575 1778 1602 civi-

998 1622 1054 1645 tate
1070 1617 1204 1645 Nazareth
1226 1619 1296 1653 apud
1310 1619 1434 1648 homines
1448 1619 1588 1648 Nazirteus
1607 1626 1719 1648 vocatus
1733 1621 1778 1653 sit,

999 1665 1045 1691 ubi
1060 1665 1131 1699 apud
1145 1673 1220 1697 suos,
1236 1673 1290 1700 qua
1306 1665 1387 1692 homo
1407 1670 1474 1698 erat,
1494 1670 1630 1701 parentes,
1648 1667 1778 1701 puerilem

997 1709 1185 1736 educationem
1203 1710 1328 1737 obtinuit.
1350 1710 1389 1737 Ex
1404 1719 1458 1746 quo
1480 1711 1551 1745 apud
1566 1711 1719 1738 Matthxum
1739 1711 1777 1738 di-

999 1759 1072 1780 etum
1098 1759 1158 1782 est:
1175 1754 1255 1789 350
1268 1764 1277 1780 ‹
1292 1755 1434 1790 Responso
1450 1760 1540 1783 autem
1560 1756 1588 1783 in
1612 1757 1716 1784 somnis
1732 1764 1779 1783 ac-

998 1804 1076 1833 cepto
1092 1800 1160 1834 (ipse
1174 1800 1300 1828 videlicet
1314 1800 1424 1836 Joseph)
1442 1801 1556 1828 secessit
1571 1801 1598 1828 in
1622 1805 1713 1836 partes
1729 1800 1782 1828 Ga-

1000 1844 1091 1877 lilaeae;
1114 1848 1140 1871 et
1155 1846 1265 1873 veniens
1284 1845 1416 1873 habitavit
1431 1847 1458 1873 in
1480 1847 1588 1873 civitate
1604 1854 1663 1881 quae
1679 1846 1782 1874 dicitur

1001 1889 1115 1922 Naaara,
1133 1895 1162 1917 ut
1180 1891 1338 1926 impleretur
1349 1893 1420 1926 quod
1433 1892 1535 1919 dictum
1550 1896 1591 1919 est
1606 1900 1653 1927 per
1664 1892 1782 1927 prophe-

1000 1940 1064 1967 tam,
1075 1935 1146 1969 quod
1161 1935 1304 1964 Nazaraeus
1317 1938 1457 1964 vocabitur
1467 1938 1500 1964 ’³.
1512 1947 1524 1963 ο
1547 1937 1695 1973 Oportebat
1706 1939 1780 1965 enim

1000 1987 1196 2014 usquequaque
1209 1987 1270 2007 cum
1286 1981 1342 2016 ipse
1356 1985 1451 2015 suapte
1466 1985 1563 2009 natura
1577 1986 1605 2009 et
1620 1989 1714 2009 revera
1727 1981 1783 2009 Na-

1001 2025 1096 2052 ziraeus
1109 2031 1191 2057 esset,
1206 2026 1255 2053 hoc
1270 2030 1312 2054 est
1326 2030 1447 2060 sanctus,
1460 2027 1589 2060 intactus,
1611 2032 1778 2063 segregatus,

1001 2071 1076 2097 illum
1103 2071 1136 2098 ab
1152 2071 1308 2099 hominibus
1330 2073 1380 2100 hac
1403 2073 1583 2108 appellatione
1603 2074 1710 2106 vocari;
1735 2073 1782 2101 sed

1001 2116 1130 2151 quoniam
1152 2125 1207 2144 non
1232 2124 1246 2144 a
1263 2116 1348 2144 Nazer
1363 2118 1423 2145 oleo
1440 2118 1511 2145 hanc
1532 2118 1649 2145 obtinuit
1665 2118 1777 2153 appella-

1002 2163 1112 2195 tionem,
1128 2164 1227 2198 quippe
1242 2164 1288 2198 qui
1303 2164 1427 2191 humanm
1443 2165 1544 2192 nullius
1561 2165 1699 2192 unctionis
1711 2164 1783 2191 indi-

1003 2213 1087 2243 geret,
1117 2217 1131 2235 a
1154 2210 1213 2236 loco
1236 2209 1369 2242 Nazareth
1394 2210 1641 2238 denominationem
1665 2211 1771 2245 accepit

1003 2255 1069 2281 Cum
1083 2255 1165 2289 igitur
1181 2255 1237 2282 haec
1250 2255 1277 2282 in
1293 2256 1366 2282 hunc
1381 2256 1491 2283 modum
1508 2260 1615 2284 ostensa
1632 2257 1696 2288 sint,
1712 2261 1783 2283 tem-

1004 2310 1056 2337 pus
1069 2303 1124 2338 jam
1141 2311 1202 2330 esse
1220 2303 1325 2329 videtur
1342 2303 1485 2338 inspicere,
1509 2307 1535 2331 et
1552 2311 1582 2330 ex
1599 2311 1653 2338 quo
1670 2311 1779 2338 genere,

970 2345 991 2372 D
1004 2352 1031 2374 et
1041 2355 1074 2375 ex
1091 2355 1144 2383 qua
1164 2347 1337 2392 Hebraeorum
1358 2349 1443 2380 tribu,
1461 2349 1612 2375 animarum
1628 2352 1783 2375 nostrarum

170 2396 296 2424 Salvator
309 2395 436 2423 Christus
465 2395 512 2422 Dei
531 2394 688 2431 proditurus
723 2383 904 2422 nuntiaretur:
924 2393 1056 2422 Caeterum
1078 2395 1129 2421 hac
1144 2395 1177 2422 de
1200 2402 1229 2422 re
1242 2383 1359 2429 primum
1377 2395 1459 2422 verba
1494 2395 1585 2422 citabo
1612 2395 1782 2429 evangelica,

168 2443 269 2471 deinde
282 2447 411 2477 tanquam
430 2446 508 2469 notas
519 2446 600 2476 atque
614 2440 808 2476 impressiones
829 2441 946 2468 maxime
963 2441 1194 2472 accommodatas,
1226 2441 1384 2476 prophetica
1404 2441 1458 2469 illis
1492 2441 1636 2476 adjungam
1666 2441 1784 2467 testimo-

168 2489 227 2517 nia.
245 2488 388 2516 Mattheus
399 2495 464 2524 ergo
492 2487 594 2515 Christi
625 2495 721 2522 genus,
759 2492 892 2522 quatenus
913 2488 947 2514 ad
971 2488 1116 2514 humanam
1144 2488 1203 2521 ejus
1225 2492 1349 2515 naturam
1372 2489 1500 2523 pertinet,
1524 2489 1551 2515 in
1576 2488 1648 2514 hunc
1673 2486 1783 2514 modum

169 2536 323 2564 describit:
342 2544 351 2560 ι
366 2534 446 2562 Liber
463 2534 646 2570 generationis
668 2533 732 2561 Jesu
754 2533 873 2565 Christi,
902 2533 949 2560 ﬁlii
970 2534 1063 2565 David,
1084 2534 1129 2560 lilii
1147 2527 1449 2561 Abraham.'Abraham
1481 2534 1573 2569 genuit
1601 2534 1687 2561 Isaac.
1710 2532 1786 2560 lsaac

169 2584 261 2608 autem
291 2580 386 2615 genuit
416 2578 509 2606 Jacob.
537 2578 623 2606 Jacob
654 2583 743 2606 autem
782 2579 874 2613 genuit
903 2577 1000 2606 Judam
1026 2579 1059 2612 ⁸⁸,
1076 2587 1085 2604 ι
1112 2582 1139 2606 et
1172 2586 1232 2614 quae
1266 2583 1427 2614 sequuntur.
1450 2578 1518 2606 Huic
1547 2585 1612 2606 vero
1639 2578 1785 2613 Apostolus

168 2634 279 2663 quoque
291 2625 450 2656 concordat,
468 2624 514 2659 qui
529 2624 605 2655 dicit,
628 2633 637 2648 ι
653 2627 823 2658 segregatum
842 2631 872 2651 se
886 2631 947 2651 esse
967 2624 993 2650 in
1011 2623 1185 2659 Evangelium
1205 2624 1263 2657 Dei,
1287 2625 1360 2660 quod
1380 2629 1442 2652 ante
1473 2624 1634 2659 promiserat
1648 2631 1696 2659 per
1723 2630 1785 2658 pro-

168 2673 267 2710 phetas
281 2679 348 2700 suos
363 2671 391 2698 in
406 2669 554 2705 Scripturis
574 2670 676 2697 sanctis
690 2670 724 2697 de
738 2669 804 2697 Filio
819 2676 880 2701 suo,
900 2670 946 2704 qui
967 2672 1055 2697 factus
1082 2675 1123 2698 est
1155 2677 1188 2698 ex
1217 2671 1319 2699 semine
1334 2671 1418 2698 David
1437 2673 1584 2700 secundum
1601 2677 1711 2698 carnem
1722 2669 1757 2699 ".
1772 2677 1784 2696 I

168 2718 282 2747 Fuerint
293 2725 359 2746 vero
379 2717 437 2745 haec
448 2720 630 2745 consentanea
651 2717 696 2749 iis,
718 2724 778 2751 qum
795 2717 832 2743 ita
852 2724 882 2760 se
903 2717 1014 2749 habent,
1032 2718 1161 2745 oraculis.

208 2815 230 2838 ν
248 2816 336 2846 Levit.
352 2824 411 2850 XXI,
428 2816 470 2843 12.
508 2815 530 2832 "
546 2813 792 2849 Matth.n,22,25.
827 2812 960 2848 _”Matth.
972 2821 991 2848 ι,
1006 2813 1068 2848 i-,2.
1105 2815 1127 2832 "
1142 2814 1221 2843 Rom.
1238 2822 1258 2848 ι,
1276 2815 1329 2859 ι-ξ.

960 2933 999 2947 νη
