2089 3218
173 177 228 206 553

631 176 962 205 BEMGNSTRA'HOMS
981 176 1212 205 EVANG-ELICIE
1232 176 1298 204 [ΑΒ.
1321 175 1377 205 VII.

1749 177 1802 205 εδι

173 246 232 273 γει·
250 247 260 264 ι
274 238 330 265 Καὶ
348 238 472 274 Σολομὼν
486 237 521 274 ἦν
540 238 739 273 φιλογύναικος,
762 239 810 265 καὶ
824 238 904 264 ἔλαϐε
917 247 964 272 γυ-

1016 237 1144 268 Salomon
1162 236 1211 265 iuit
1235 237 1380 264 mulierum
1404 240 1518 266 amator.
1535 239 1560 263 et
1585 236 1690 271 accepit
1713 241 1802 263 exter-

174 286 269 316 ναῖκος
286 284 430 320 ἀλλοτρίας
447 284 556 316 πολλὰς,
576 284 622 311 καὶ
638 284 686 320 τὴν
702 283 839 319 θυγατέρα
855 282 963 318 Φαραὼ,

174 330 357 362 Μωαϐίτιδας,
387 331 591 366 Ἀμμανίτιδας,
615 331 662 357 καὶ
690 330 850 369 Ἰδουμαίας,
877 329 964 366 Σύρας

175 376 221 402 καὶ
240 376 384 408 Χετταίας,
400 377 447 403 καὶ
475 377 650 413 ’Δμορραίας,
674 377 707 402 ἐκ
727 376 782 402 τῶν
806 375 903 408 ὲθνὼν,
927 372 965 402 ὧν

175 422 276 448 ἀπεῖπε
301 423 404 458 Κύριος
418 423 432 449 6
446 422 513 454 Θεὸς
534 424 590 454 τοῖς
615 423 682 454 υἱοῖς
703 422 821 459 Ἰσραὴλ,
837 423 887 448 οὐκ
907 422 964 448 εἱσ-

174 468 331 496 ελιύσεσθαι
345 470 384 501 είς
398 469 493 501 αὑτάς.
514 479 522 495 ι
538 469 592 495 Καὶ
607 470 731 505 ἐπιφέρει
744 469 848 501 τούτοις
861 477 868 484 °
886 478 895 494 ι
910 469 965 495 Καὶ

172 515 223 541 οὐκ
235 512 269 550 ἦν
286 515 303 550 ἡ
319 515 418 551 καρδία
437 514 519 542 αὐτοῦ
535 515 626 541 εὐθεῖα
637 515 706 550 μετὰ
717 515 818 550 Κυρίου
833 515 879 542 τοῦ
897 514 963 542 Θεοῦ

174 559 268 591 αὑτοῦ,
281 559 398 595 καθὼςὴ
414 560 512 595 καρδία
528 559 609 586 Δασιδ
624 559 670 586 τοῦ
688 559 789 594 πατρὸς
801 559 883 586 αὐτοῦ
894 568 901 576 ν
918 559 965 586 καὶ

174 606 308 642 ἐπορεύθη
326 605 452 641 Σολομὼν
467 606 553 632 ὀπίσω
567 606 616 641 τῆς
636 606 796 641 Ἀστάρτης,
814 605 964 640 βδελύγμα-

174 660 218 684 τος
231 651 375 684 Σιδωνίων,
392 651 439 678 καὶ
453 651 542 678 ὀπίσω
555 651 601 677 τοῦ
623 651 753 686 βασιλέως
769 650 869 683 αὐτῶν,
886 650 964 676 εἰδώ-

174 698 219 724 λου
234 697 299 724 υίὼν
317 696 429 733 Ἀμμών
439 705 448 712 ί
474 697 520 723 καὶ
539 697 650 731 ἐποίησε
662 696 786 731 Σολομὼν
802 696 832 722 τὸ
847 696 965 732 πονηρὸν

174 743 289 771 ἐνώπιον
306 743 420 779 Κυρίου.
438 753 447 768 ι
473 740 624 775 Καὶ-αὗθις
640 742 703 778 ἑξῆς
723 742 861 776 ἐπιλέγει·
880 751 890 768 ι
910 743 965 769 Kal.

174 790 270 825 ἤγειρε
295 788 396 824 Κύριος
419 788 507 815 Σατὰν
524 788 563 824 τῷ
579 789 726 824 Σολομῶνι,
751 789 797 815 τὸν
814 789 895 824 Ἄδερ
919 789 964 815 τὸν

180 835 338 871 Ἰδουμαῖον.
359 845 369 861 ο
387 835 439 861 Τὺν
452 835 485 870 δὴ
499 835 546 861 ἐπὶ
558 835 695 867 τοσούτοις
708 835 755 862 καὶ
771 835 900 867 τοιούτοις
911 835 965 862 δια-

174 881 342 917 ϐεϐλημένον
360 881 404 912 τίς
416 881 449 907 ἂν
465 881 539 916 αὖ.ρεί
557 881 634 916 λόγος
649 881 754 918 πατέρα
767 881 813 908 τὸν
829 882 894 908 Θεὸν
909 882 965 908 τολ-

177 929 230 964 μᾷν
245 927 453 964 ἐπιγράφεσθαι,
466 928 512 954 καὶ
524 928 569 954 τὸν
581 928 626 955 ἐπὶ
639 917 746 955 πάντων
757 929 824 955 Θεὸν
837 929 893 955 υἱὸν
906 929 966 955 ἑαυ-
982 917 1001 944 Β

173 974 222 1002 τοῦ
238 973 408 1010 πρωτότοκον
431 973 608 1009 ἀναγορεύειν
628 974 724 1006 αύτόνς
744 974 806 1006 Πῶς
829 974 857 1001 δὲ
880 974 965 1002 ταῦτα

176 1019 237 1046 τοτὲ
253 1018 302 1054 μὲν
317 1018 355 1050 ὡς
377 1018 442 1054 περὶ
464 1018 545 1045 αὑτοῦ
568 1019 675 1054 λέγεται
692 1020 738 1047 τοῦ
755 1020 847 1051 Δαὸὶδ,
862 1020 922 1047 τοτὲ
935 1019 964 1047 δὲ

175 1065 215 1097 ὡς
228 1065 291 1102 περὶ
302 1065 458 1101 σπέρματος
469 1065 550 1092 αὐτοῦ
561 1074 568 1098 ;
585 1065 654 1092 Ἀλλ’
669 1066 729 1093 οὐδὲ
740 1066 778 1102 τῷ
791 1066 873 1093 Δαϐιδ
884 1067 965 1102 ἐφαρ-

176 1110 253 1147 μόζοι
274 1110 317 1144 ἂν,
343 1111 380 1144 ὼς
396 1111 572 1147 ἑπιστήσαντί
593 1120 635 1138 σοι
657 1112 734 1147 δῆλον
753 1112 838 1139 ἔσται.
859 1112 964 1139 Οὐκοῦν

175 1157 221 1185 τὸν
246 1158 279 1184 ἐκ
303 1156 460 1193 σπέρματος
479 1157 562 1184 Δαϐιδ
583 1158 782 1194 ἀναστήσεσθαι
807 1159 835 1185 ἐν
860 1158 964 1191 τούτοις

173 1202 337 1238 δηλούμενον
357 1202 449 1239 ἓτερον
466 1202 606 1239 ζητητέον.
627 1203 697 1230 Ἀλλ’
716 1204 802 1236 οὐδεὶς
818 1204 897 1236 ἄλλος
911 1213 965 1231 τοι-

172 1249 253 1281 οῦτος
264 1248 294 1282 ἐξ
305 1248 388 1276 αὐτοῦ
400 1248 521 1284 γέγονεν,
537 1249 574 1281 ὡς
589 1250 745 1285 ἱστορεῖται,
759 1250 774 1286 ἦ
790 1251 830 1277 ὃτι
846 1259 878 1285 γε
896 1248 936 1283 εἷς
951 1251 965 1276 6

176 1294 271 1331 Σωτὴρ
286 1295 333 1322 καὶ
344 1294 446 1331 Κύριος
460 1295 538 1330 ἡμῶν
556 1295 659 1330 Ἰησοῦς
671 1296 685 1322 6
699 1296 815 1331 Χριστὸς
826 1295 873 1322 τοῦ
886 1296 964 1328 Θεοῦ,

174 1341 206 1372 ὂς
223 1341 303 1376 μόνος
316 1341 370 1367 τῶν
383 1340 491 1367 πώποτε
505 1342 537 1367 ἐκ
549 1341 705 1377 σπέρματος
720 1341 801 1368 Δαὸὶδ
813 1341 967 1376 βεϐασίλευ-

175 1388 264 1414 κότων
282 1386 343 1414 καθ’
363 1387 426 1422 ὅλης
447 1388 627 1424 ἀνηγόρευται
651 1388 700 1423 τῆς
721 1388 884 1423 οἰκουμένης
909 1388 965 1419 υίὸς

174 1435 267 1468 Δαδὶδ,
283 1435 354 1463 κατά
367 1435 416 1472 τὴν
432 1435 562 1472 ἔνσαρκον
586 1435 669 1463 αὐτοῦ
692 1437 798 1471 γένεσιν
823 1436 966 1471 ὁμολογού-

176 1488 268 1516 μενος,
287 1481 334 1508 καὶ
347 1481 442 1508 τούτου
455 1489 488 1516 γε
506 1481 582 1516 μένει
600 1481 647 1508 καὶ
665 1481 785 1517 διαμενεί
803 1481 964 1517 ἡβασιλεία,

177 1527 218 1558 εἰς
233 1526 278 1553 τὸν
295 1526 407 1562 ᾰπιρον
428 1526 513 1555 αίῶνα
536 1527 745 1563 παρατείνουσα,
770 1527 857 1553 καίτοι
881 1527 966 1563 μυρία

176 1572 229 1608 μὲν
251 1572 506 1609 ἑπιὸεὸουλευμένη,
529 1573 589 1609 Θείᾳ
612 1573 640 1599 δὲ
664 1573 711 1600 καὶ
731 1573 801 1610 ὑπὲρ
824 1573 966 1610 ἄνθρωπον

173 1619 290 1654 δυνάμει
303 1619 333 1645 τδ
347 1619 437 1646 ἔνθεον
450 1619 497 1646 καὶ
513 1619 645 1655 ἀήττητον
661 1619 710 1655 τῆς
721 1619 785 1655 περὶ
800 1619 881 1646 αὐτοῦ
899 1628 965 1655 προ-

178 1664 292 1700 φητείας
306 1664 457 1697 ἀκολούθως
473 1665 689 1700 ἐπιδεικνυμένη.
705 1665 736 1691 Ei
748 1665 775 1691 δὲ
789 1664 907 1700 ὀμνύντα
919 1665 964 1692 τὸν

177 1710 245 1738 Θεὸν
260 1711 368 1744 ἀκούεις
382 1711 452 1739 κατὰ
461 1711 508 1738 τοῦ
519 1711 596 1746 ἁγίου
614 1711 706 1744 αὑτοῦ,
721 1711 758 1743 ὡς
770 1711 872 1748 πατρὸς
883 1711 964 1738 ἄκουε

175 1757 310 1792 ὀμνύντος
326 1757 396 1784 κατὰ
409 1757 456 1784 τοῦ
470 1757 537 1788 Θεοῦ
557 1758 654 1792 Λόγου,
671 1757 718 1784 τοῦ
733 1757 840 1784 πάντων
859 1757 964 1784 αἰώνων

178 1801 397 1838 προῦφεστῶτος,
413 1803 491 1837 ἁγίου
515 1802 562 1829 καὶ
582 1802 741 1838 μονογενοῦς
757 1801 838 1829 αὑτοῦ
857 1802 963 1835 Παιδὸς,

176 1846 208 1874 ὃν
221 1847 349 1880 ποικίλως
361 1847 537 1883 ὲθεολόγησαν
551 1849 578 1875 αἱ
594 1848 712 1884 πρόσθεν
728 1849 793 1883 ἡμῖν
804 1848 965 1884 παρατεθεῖ-

178 1902 226 1921 σαι
237 1894 334 1929 φωναὶ,
349 1894 410 1922 καθ’
422 1891 452 1922 οὗ
467 1894 579 1930 ὄμνυσιν
591 1894 606 1920 6
619 1894 685 1925 Θεὸς
699 1894 746 1921 καὶ
770 1893 859 1929 πατὴρ
872 1893 964 1925 αὑτοῦ,

176 1941 217 1973 ὡς
239 1939 309 1968 κατὰ
330 1941 517 1976 ἠγαπημένοι),
533 1942 578 1968 τὸν
602 1941 633 1967 ὲκ
650 1940 804 1976 σπέρματος
826 1939 908 1966 Δαὸὶδ
920 1939 965 1966 τὸν

178 1987 291 2023 ἄπειρον
308 1986 393 2013 αιῶνα
410 1987 531 2021 δοξάσειν
541 1996 547 2002 ·
562 1987 576 2013 6
591 1987 638 2013 καὶ
655 1986 764 2021 γέγονεν
786 1987 830 2013 ὅτε
852 1987 866 2012 6
880 1986 965 2020 Λόγος

179 2032 248 2070 σὰρξ
263 2032 408 2068 γενόμενος
420 2032 466 2059 τὸν
481 2033 513 2059 ἐκ
530 2032 685 2068 σπέρματος
694 2031 778 2058 Δαδὶδ
791 2031 919 2067 ἀνείληφέ
935 2040 964 2058 τε

178 2079 227 2106 καὶ
242 2078 407 2115 ὲθεοποῑησε.
419 2079 464 2106 Διὸ
476 2079 523 2105 καὶ
535 2079 591 2105 υἱὸν
603 2078 682 2105 αὐτὸν
693 2077 852 2114 ἀναγορεύει
867 2077 964 2111 λέγων,

181 2131 191 2148 ι
202 2121 273 2157 Ἐγὼ
285 2121 380 2158 ἔσομαι
392 2122 464 2158 αὑτῴ
471 2123 510 2154 είς
518 2122 633 2159 πατέρα,
642 2121 689 2149 καὶ
698 2121 778 2153 αὐτὸς
786 2121 860 2148 ἔσται
870 2130 914 2157 μοι
926 2122 965 2153 εἰς

178 2167 270 2195 Μόνη
286 2168 333 2195 καὶ
352 2168 446 2195 πάλιν·
465 2177 476 2194 ‹
495 2167 581 2202 Κάγὼ
597 2168 768 2204 πρωτότοκον
783 2167 900 2203 θήσομαι
918 2168 965 2193 αὺ-

178 2213 233 2240 τόν.
249 2222 258 2240 ι
273 2213 370 2248 Σαφῶς
384 2213 526 2250 τοιγαροῦν
539 2215 570 2240 ὲκ
585 2214 687 2241 τούτων
702 2215 717 2240 6
732 2214 795 2246 Υἱὸς
810 2214 856 2241 τοῦ
873 2213 940 2240 Θεοῦ
952 2214 966 2240 6

1017 291 1067 310 nas
1087 283 1202 311 feminas
1217 284 1328 315 multas,
1343 287 1369 310 et
1387 281 1468 309 ﬁliam
1486 280 1649 314 Pharaonis,
1661 286 1688 310 et
1703 281 1803 310 Moabi-

1017 329 1098 356 tidas.
1121 332 1148 356 et
1166 328 1377 360 Ammanilidas,
1399 332 1427 355 et
1442 327 1585 357 ldumazas.
1610 332 1638 355 et
1661 326 1755 364 Syras,
1775 332 1803 356 et

1015 376 1096 412 352
1108 376 1253 406 Chettmas.
1270 381 1297 403 et
1319 376 1502 408 Amorrhaeas,
1527 383 1560 403 ex
1582 375 1710 410 gentibus
1733 383 1803 410 quas

1016 423 1158 451 interdixit
1179 423 1310 450 Dominus
1335 422 1405 449 Deus
1425 422 1487 449 ﬁliis
1507 421 1602 454 lsrael,
1625 430 1678 448 non
1697 421 1802 456 ingredi

1016 469 1049 496 ad
1062 477 1108 496 eas
1120 469 1139 494 ³.
1157 478 1166 494 ι
1182 468 1217 495 Et
1233 468 1356 503 adiungit
1373 478 1379 494 :
1396 478 1405 493 ι
1422 467 1452 494 ΕΙ
1474 475 1528 494 non
1549 471 1608 495 erat
1623 475 1670 495 cor
1683 469 1744 501 eius
1757 476 1802 496 re-

1016 520 1088 542 ctum
1104 522 1166 542 cum
1185 513 1300 541 Domino
1317 513 1372 541 Deo
1392 522 1453 546 suo,
1468 513 1540 540 sicut
1557 521 1606 541 cor
1620 513 1704 540 David
1717 513 1802 549 patris

1015 559 1075 592 eius
1089 568 1096 591 ;
1111 563 1137 585 et
1151 559 1218 586 abiit
1235 558 1364 586 Salomon
1382 562 1443 594 post
1457 559 1607 589 Astartem.
1625 559 1803 587 abominatio-

1015 613 1078 632 nem
1098 604 1286 637 Sidoniorum,
1308 608 1335 632 et
1358 609 1420 639 post
1451 610 1542 639 regem
1564 613 1669 638 eorum,
1690 605 1803 633 simula-

1015 660 1092 679 crum
1110 651 1226 679 ﬁliorum
1244 651 1370 681 Ammon,
1386 654 1413 678 et
1431 650 1494 677 fecit
1509 650 1639 678 Salomon
1656 651 1755 678 malum
1773 651 1802 679 in

1015 701 1163 732 conspectu
1184 696 1291 723 Domini
1304 695 1325 723 ‘.
1343 705 1353 721 ι
1367 694 1400 722 Et
1424 703 1521 723 rursus
1545 696 1619 723 addit
1645 696 1671 723 in
1691 696 1724 724 iis
1743 704 1803 732 qua:

1016 746 1169 778 sequuntur
1183 752 1191 769 :
1207 751 1216 768 ι
1233 741 1265 769 Et
1290 741 1434 769 suscitavit
1457 741 1589 769 Dominus
1613 741 1696 769 Satan
1725 741 1803 770 Salo.

1016 789 1101 819 nioni.
1119 788 1190 816 Ader
1204 787 1350 816 ldumazum
1362 787 1383 815 '.
1402 797 1412 814 ι
1430 787 1496 814 Ευιιι
1511 787 1593 822 igitur
1603 788 1648 823 qui
1661 788 1688 815 in
1700 789 1802 816 talibus

1015 839 1042 862 et
1064 835 1148 862 tantis
1170 838 1326 866 accusetur,
1352 840 1413 869 qua:
1432 841 1553 868 unquam
1582 834 1650 860 ratio
1677 833 1801 866 dictabit,

1016 885 1121 917 patrem
1138 880 1191 908 sibi
1206 880 1307 907 audere
1328 879 1413 907 Deum
1430 880 1579 912 ascribere,
1595 880 1740 915 ipsumque
1756 888 1803 907 su-

1015 935 1139 962 premum
1153 926 1236 953 Deum
1253 926 1336 953 ﬁlium
1350 926 1423 953 hunc
1435 934 1514 953 suum
1532 925 1742 962 primogenitum
1755 933 1803 960 ap-

1016 973 1138 1009 pellare?
1159 971 1245 1006 Quam
1270 975 1360 1000 autem
1376 973 1413 999 ob
1435 979 1546 1000 causam
1572 973 1628 1001 hac
1648 973 1716 1001 alias
1741 973 1803 1008 qui-

1015 1019 1076 1047 dem
1091 1019 1169 1054 quasi
1186 1019 1219 1046 de
1232 1019 1292 1054 ipso
1304 1019 1434 1046 dicuntur
1446 1018 1542 1050 David,
1558 1019 1627 1046 alias
1644 1027 1708 1047 vero
1722 1020 1802 1055 quasi

1015 1066 1049 1093 de
1064 1065 1137 1093 illius
1155 1065 1278 1093 semine?
1297 1065 1381 1100 Atqui
1400 1065 1459 1100 ipsa
1479 1065 1535 1092 haec
1554 1065 1606 1100 ipsi
1623 1065 1733 1100 quidem
1751 1065 1803 1092 Da—

1015 1111 1060 1137 vid
1081 1118 1221 1146 nunquam
1248 1110 1448 1137 accommodari
1475 1114 1613 1145 poterunt,
1626 1111 1803 1146 quemadmo-

1015 1158 1079 1184 dum
1105 1157 1154 1184 tibi
1182 1157 1324 1192 diligenter
1351 1157 1507 1185 observanti
1533 1158 1578 1186 ﬁet
1597 1157 1772 1186 manifestum
1794 1166 1800 1183 ε

1016 1203 1099 1239 igitur
1116 1203 1199 1230 alium
1214 1211 1247 1230 ex
1262 1202 1367 1230 semine
1386 1202 1471 1230 DaVid
1487 1207 1686 1236 surrecturum,
1700 1203 1734 1232 de
1748 1211 1802 1238 quo

1016 1249 1074 1276 hate
1095 1249 1207 1276 oracula
1231 1249 1388 1284 loquantur,
1402 1255 1524 1282 quaerere
1541 1252 1658 1284 opertet.
1675 1248 1709 1275 At
1718 1248 1800 1276 ‘enim

1015 1303 1049 1322 ex
1065 1295 1112 1322 illo
1123 1298 1260 1330 quatenus
1277 1299 1323 1321 aut
1346 1298 1523 1321 monumenta
1543 1294 1696 1321 litterarum
1711 1293 1802 1328 prodi-

1016 1340 1117 1373 derint,
1134 1343 1181 1367 aut
1202 1339 1229 1366 in
1251 1339 1382 1367 memoria
1399 1338 1540 1366 hominum
1559 1338 1689 1372 resideat,
1710 1339 1802 1366 nullus

1016 1387 1087 1414 alius
1106 1387 1167 1414 tali's
1184 1385 1300 1416 exstitit.
1315 1385 1368 1413 nisi
1390 1392 1462 1412 unus
1484 1384 1610 1412 Salvator
1624 1388 1651 1413 et
1671 1384 1802 1413 Dominus

1017 1436 1111 1460 noster
1125 1431 1206 1460 Iesus
1221 1432 1267 1467 qui
1282 1431 1410 1459 Christus
1424 1436 1466 1459 est
1480 1431 1536 1464 Dei,
1550 1431 1596 1466 qui
1607 1431 1718 1467 quidem
1729 1439 1802 1459 unus

1017 1488 1049 1507 ex
1069 1479 1199 1507 omnibus
1209 1478 1256 1513 qui
1273 1486 1393 1513 unquam
1405 1478 1439 1505 de
1454 1477 1558 1505 semine
1573 1477 1656 1505 David
1671 1485 1802 1513 regnave-

1017 1526 1082 1557 rint,
1100 1525 1128 1552 in
1143 1529 1201 1552 toto
1217 1524 1282 1552 orbe
1295 1527 1430 1551 terrarum
1449 1523 1520 1551 ﬁlius
1538 1523 1622 1550 David
1638 1524 1801 1559 appellatur,

1018 1573 1125 1607 hocque
1149 1570 1301 1599 secundum
1321 1571 1394 1598 illius
1416 1574 1507 1597 ortum
1532 1570 1580 1605 qui
1595 1570 1628 1597 ad
1654 1570 1800 1597 humanam

1016 1623 1141 1646 naturam
1163 1617 1282 1652 pertinet
1299 1623 1394 1643 omnes
1415 1615 1580 1642 conﬁtentur
1594 1624 1602 1641 :
1619 1620 1700 1650 atque
1719 1614 1802 1649 hujus

1015 1671 1128 1700 regnum
1144 1667 1171 1690 et
1184 1666 1275 1690 manet
1287 1669 1361 1690 nunc
1375 1666 1401 1689 et
1411 1669 1620 1696 permansurum
1634 1665 1676 1688 est
1688 1660 1802 1696 pestbac

1016 1710 1044 1737 in
1067 1709 1202 1736 inﬁnitum
1218 1715 1304 1735 aevum
1325 1714 1513 1742 perseverans,
1539 1713 1627 1740 neque
1646 1705 1803 1732 innumera-

1015 1756 1083 1783 biles
1103 1754 1234 1782 adversus
1250 1753 1316 1780 illud
1334 1752 1438 1779 insidiae
1464 1752 1617 1787 proﬁcient,
1643 1751 1690 1778 sed
1708 1751 1800 1777 divina

1016 1807 1065 1826 sua
1081 1803 1108 1826 et
1124 1799 1186 1833 plus
1209 1806 1290 1833 quam
1308 1797 1426 1824 humana
1450 1797 1559 1828 virtute,
1575 1795 1646 1831 quod
1668 1795 1800 1823 divinitus

1017 1845 1135 1872 adlatum
1160 1848 1241 1880 atque
1262 1843 1446 1878 insuperabile
1471 1842 1565 1870 habuit
1581 1842 1724 1877 prophetia
1738 1850 1799 1877 quae.

1016 1892 1050 1919 de
1067 1892 1128 1926 ipso
1143 1894 1243 1921 exstat,
1261 1890 1350 1925 palam
1367 1889 1440 1916 omni
1457 1893 1578 1924 tempore
1590 1889 1798 1916 demonstrabit.

1017 1936 1068 1964 Ubi
1083 1944 1147 1964 vero
1161 1935 1244 1963 Deum
1264 1942 1312 1970 per
1325 1939 1448 1962 sanctum
1469 1941 1548 1961 suum
1561 1935 1695 1967 iurantem
1710 1934 1799 1966 audis.

1016 1981 1125 2009 Patrem
1148 1982 1240 2015 accipe
1259 1980 1398 2014 jurantem
1421 1987 1469 2014 per
1493 1979 1578 2007 Deum
1599 1978 1730 2012 Verbum,
1753 1980 1800 2014 qui

1016 2028 1108 2056 omnia
1123 2028 1223 2055 saecula
1237 2027 1382 2060 antecedit,
1398 2029 1523 2054 sanctum
1535 2026 1629 2061 utique
1643 2029 1724 2060 atque
1739 2027 1801 2053 uni-

1016 2081 1078 2101 cum
1090 2082 1169 2102 suum
1186 2073 1295 2105 Filium,
1308 2080 1388 2108 quem
1405 2072 1481 2100 varie
1497 2075 1527 2099 ut
1539 2071 1624 2100 Deum
1640 2076 1703 2100 ante
1719 2080 1733 2100 a
1750 2080 1800 2100 no-

1017 2120 1059 2148 bis
1074 2120 1190 2156 expositi
1208 2128 1349 2148 sermones
1365 2119 1583 2152 celebraverunt,
1599 2127 1648 2154 per
1661 2126 1741 2154 quem
1755 2119 1800 2154 ju-

1017 2170 1059 2194 rat
1075 2166 1147 2195 Deus
1168 2171 1196 2194 et
1209 2171 1285 2202 pater
1297 2166 1383 2201 ipsius
1394 2169 1524 2200 tanquam
1544 2173 1593 2201 per
1611 2165 1752 2197 dilectum,
1770 2174 1801 2193 se

1017 2221 1079 2240 eum
1094 2213 1140 2248 qui
1154 2213 1187 2240 de
1198 2213 1302 2240 semine
1312 2212 1395 2239 David
1411 2212 1515 2239 oriatur
1525 2212 1553 2238 in
1565 2211 1701 2239 inﬁnitum
1713 2220 1801 2240 sa-cu-

178 2259 349 2296 πρωτάτοκος
366 2261 399 2287 ὲκ
415 2260 571 2296 σπέρματος
589 2260 698 2287 ἔσεσθαι
715 2260 796 2287 Δαὸὶδ
811 2260 963 2295 ἀνείρηται,

1017 2259 1073 2286 lum
1093 2259 1327 2294 gloriﬁcaturum;
1346 2258 1418 2293 quod
1437 2257 1524 2292 ipsum
1537 2257 1619 2284 etiam
1637 2261 1678 2285 est
1700 2258 1800 2286 factum

177 2304 250 2333 ὥστε
264 2305 313 2332 ἕνα
328 2305 376 2332 καὶ
391 2306 436 2332 τὸν
457 2306 538 2333 αὑτὸν
553 2303 622 2333 εἶναι
635 2306 680 2332 τὸν
696 2306 752 2333 υἰδν
768 2305 814 2332 τοῦ
831 2305 912 2332 Δαὸὶδ
928 2305 966 2340 τῷ

178 2350 246 2378 Θεοῦ
262 2351 338 2388 Υίῷ,
353 2352 400 2379 καὶ
415 2351 460 2379 τδν
477 2352 540 2379 Υίὸν
556 2351 601 2379 τοῦ
621 2351 688 2378 Θεοῦ
705 2351 744 2387 τῷ
760 2351 810 2387 υἱῷ
823 2351 913 2378 Δα6ί6’
932 2351 965 2377 δι’

177 2393 216 2424 ὧν
235 2396 358 2434 ἐναργῶς
376 2398 390 2424 ό
415 2398 588 2433 Πρωτότοκος
613 2397 703 2434 πάσης
722 2397 836 2429 κτίσεως
857 2397 938 2428 αὐτὸς
952 2397 966 2423 6

177 2442 244 2476 Υίδς
266 2442 313 2470 τοῦ
329 2441 396 2470 8εοῦ
419 2443 477 2476 υἱὸς
495 2442 640 2479 ἀνθρώπου
666 2442 828 2479 γενήσεσθαι
845 2451 965 2478 προεφη-

176 2489 281 2516 ςεύετο.
303 2489 359 2516 Καὶ
383 2488 461 2516 τοῦτο
486 2489 514 2515 δὲ
536 2488 565 2516 τὸ
587 2489 675 2523 λόγιον
696 2490 712 2524 ἡ
736 2488 782 2515 τοῦ
800 2488 965 2522 Εὑαγγελίου

178 2535 270 2572 γραφὴ
286 2534 521 2571 ἑπισφραγίζεται,
539 2535 573 2562 δι’
589 2531 626 2562 ὧν
649 2543 730 2571 φησιν
750 2534 898 2562 ἐπιστάντα
920 2535 965 2561 τὸν

176 2580 297 2618 Γαβριὴλ
313 2583 346 2617 τῇ
367 2581 432 2618 ἁγίᾳ
447 2581 577 2618 Παρθένῳ
597 2581 679 2616 φάναι
696 2582 759 2617 περὶ
776 2581 822 2608 τοῦ
840 2581 966 2617 Σωτῆρος

176 2627 265 2664 ἡμῶν·
282 2637 292 2653 t
307 2625 391 2660 οὗτος
407 2627 480 2655 ἔσται
499 2627 596 2664 μέγας,
613 2628 660 2654 καὶ
677 2627 733 2659 υἱὸς
753 2627 881 2663 Ὑψίστου
898 2627 964 2662 κλη-

177 2672 301 2709 θήσεται,
319 2673 367 2701 καὶ
385 2674 465 2701 δώσει
486 2673 560 2709 αὐτῷ
576 2674 677 2710 Κύριος
692 2675 707 2700 6
730 2673 795 2705 Θεὸς
809 2673 854 2700 τὸν
869 2673 963 2709 Θρόνον

175 2719 260 2746 Δασὶδ
283 2719 332 2747 τοῦ
357 2719 460 2755 πατρὸς
485 2718 578 2750 αὑτοῦ,
602 2719 649 2745 καὶ
673 2718 826 2754 βασιλεύσει
850 2718 896 2745 ἐπὶ
917 2719 964 2745 τδν

175 2761 250 2792 οἷκον
272 2764 371 2793 Ἰακὼϐ
394 2766 434 2797 εἰς
457 2765 519 2797 τοὺς
544 2764 661 2797 αἰῶνας,
684 2764 732 2791 καὶ
752 2763 804 2799 τῆς
827 2763 964 2799 βασιλείας

177 2810 258 2840 οῢτοῦ
272 2811 324 2839 οὐκ
339 2811 414 2839 ἕσται
429 2811 514 2843 τέλος.
536 2820 545 2837 ι
558 2811 613 2838 Καὶ
632 2810 702 2845 μετὰ
717 2809 821 2846 βραχέα
837 2810 864 2837 δὲ
881 2810 910 2836 ἐν
925 2810 964 2845 τῷ

198 2899 328 2936 ιιιικεε.
342 2907 382 2933 ιιι.
403 2898 427 2926 ι.
459 2898 470 2915 ι
485 2898 552 2927 ibid.
564 2898 620 2928 ι-δ.
654 2899 665 2915 ι
679 2898 744 2927 ibid.
759 2897 803 2926 ιι.

335 2945 470 2978 Ριτηοι..
486 2947 543 2978 Gn.
564 2938 667 2977 ΧΧΙῙ.

1016 2313 1070 2340 quo
1085 2309 1206 2340 tempore
1218 2304 1335 2333 Verbum
1349 2312 1413 2332 caro
1427 2304 1551 2332 etl'ectum
1566 2308 1618 2336 est,
1638 2309 1664 2332 et
1678 2313 1740 2332 eum
1754 2306 1801 2340 qui

1016 2351 1050 2378 de
1074 2351 1178 2378 semine
1204 2350 1289 2378 David
1313 2350 1467 2382 oriebatur,
1491 2349 1641 2384 assumpsit
1662 2349 1801 2385 Deumque

1015 2396 1114 2424 eﬁ'ecit.
1126 2396 1261 2429 Quocirca
1270 2395 1368 2423 Filium
1380 2403 1488 2431 quoque
1498 2396 1622 2423 eumdem
1632 2396 1748 2430 appellat
1759 2396 1785 2423 di
1794 2410 1800 2415 ο

1016 2449 1082 2469 cens
1098 2451 1106 2469 :
1123 2452 1131 2467 ι
1146 2441 1202 2477 Ego
1217 2449 1265 2469 ero
1281 2441 1319 2468 illi
1333 2442 1361 2468 in
1377 2446 1494 2475 patreu‘,
1512 2445 1538 2468 et
1552 2441 1611 2475 ipse
1626 2441 1678 2467 erit
1693 2441 1758 2468 mihi
1772 2441 1800 2468 in

1016 2487 1112 2515 ﬁlium.
1129 2496 1138 2512 ι
1157 2486 1190 2513 Et
1210 2494 1306 2514 rursus
1320 2494 1327 2514 :
1342 2495 1351 2512 ι
1365 2485 1399 2513 Ει
1411 2492 1461 2520 ego
1479 2484 1688 2522 primogenitum
1700 2491 1800 2518 ponam

1016 2533 1103 2560 illum.
1117 2542 1126 2559 ›
1148 2532 1311 2560 Planissime
1328 2532 1409 2567 igitur
1426 2532 1454 2558 in
1478 2531 1522 2558 his
1540 2530 1631 2557 verbis
1646 2528 1730 2557 Filius
1753 2523 1808 2556 Dei.

1016 2579 1096 2615 353
1109 2579 1303 2614 primogenitus
1318 2579 1352 2606 de
1371 2578 1474 2606 semine
1489 2576 1572 2603 David
1587 2575 1695 2602 futurus
1711 2575 1800 2603 dictus

1017 2631 1070 2658 est,
1096 2626 1164 2653 adeo
1179 2625 1299 2661 quidem,
1325 2629 1354 2653 ut
1371 2633 1442 2653 unus
1467 2628 1548 2660 atque
1572 2624 1642 2652 idem
1669 2625 1704 2652 sit
1726 2623 1800 2651 ﬁlius

1017 2673 1100 2700 David
1115 2681 1176 2700 cum
1192 2671 1261 2700 Filio
1277 2672 1335 2705 Dei,
1347 2676 1374 2700 et
1393 2671 1478 2700 Filius
1495 2672 1541 2699 Dei
1555 2679 1617 2699 cum
1633 2670 1800 2702 ﬁlio-David,

1018 2717 1047 2744 in
1068 2718 1169 2754 quibus
1184 2717 1387 2746 evidentissima
1399 2717 1599 2753 primogenitus
1619 2716 1709 2744 omnis
1723 2722 1802 2744 crea-

1017 2768 1086 2791 tune
1101 2764 1158 2797 ipse
1170 2764 1256 2791 Filius
1275 2763 1331 2796 Dei,
1343 2763 1416 2791 ﬁlius
1431 2763 1549 2791 hominis
1563 2762 1671 2790 iuturus
1685 2761 1802 2789 caneba-

1018 2814 1072 2837 tur.
1098 2809 1156 2838 Hoc
1186 2815 1276 2838 autem
1301 2809 1441 2838 oraculum
1475 2807 1615 2844 Scriptura
1647 2807 1803 2844 evangelica

1693 2878 1706 2892 κ

1609 2942 1646 2973 18
