2089 3218
285 164 336 191 535

637 162 770 190 EUb-EBll
790 162 1029 190 C/ESARIENSIS
1048 163 1123 191 OPP.
1137 162 1227 190 PARS
1246 163 1266 192 Ι.
1288 179 1323 184 —
1342 164 1594 193 APOLOGETICA.

1860 162 1912 191 556

285 226 365 260 quasi
384 225 461 260 signo
482 224 616 259 impresso
635 223 789 256 confirmat,
815 223 860 250 ubi
881 223 929 255 ait,
951 223 1058 251 Gabriel

1123 223 1197 260 αὐτῷ
1223 224 1379 261 Εὑαγγελίῳ
1402 225 1540 261 Ζαχαρίας
1563 226 1576 252 6
1602 223 1648 251 τοῦ
1676 223 1797 251 Ἰωάννου
1821 224 1915 260 πατὴρ

285 279 347 299 cum
366 272 498 300 astitisset
512 270 629 306 Virgini,
647 270 750 297 dixisse
762 270 796 297 de
811 269 952 298 Salvatore
967 275 1072 304 nostro,

287 328 296 344 ‹
311 318 361 345 llic
378 318 429 345 erit
445 325 569 353 magnus,
586 321 613 344 et
627 316 712 344 Filius
726 316 860 344 Altissimi
879 317 1032 350 vocabitur,
1046 321 1073 344 et

284 364 359 391 dabit
376 363 399 391 ei
414 363 546 390 Dominus
564 362 634 390 Deus
651 362 741 390 sedem
759 361 843 389 David
862 363 949 398 patris
960 363 1031 398 ejus,
1047 367 1073 390 et

286 410 411 444 regnabit
428 410 455 437 in
470 410 551 437 domo
572 409 656 436 Jaeob
674 409 701 436 in
715 412 858 441 :eternum,
874 414 901 436 et
922 411 998 444 regni
1013 409 1072 445 cjus

288 463 340 481 non
353 455 405 481 erit.
426 454 489 482 linis
501 455 520 481 ‘.
541 464 550 480 ι
567 453 598 481 Et
612 458 673 489 post
694 461 778 489 pauca
793 454 819 480 in
835 454 929 481 eodem
951 453 1072 489 Evange-

287 500 333 531 lio,
357 499 505 526 Zacharias
521 497 636 525 Joannis
653 503 730 534 pater
746 498 803 525 haec
825 498 858 525 de
874 498 984 525 Christo
1003 498 1073 525 divi-

283 550 331 574 nat
345 554 351 571 :
368 555 377 571 ι
396 545 560 573 Benedictus
570 545 709 583 'Dominus
721 544 794 573 Deus
805 543 901 577 Israel,
917 545 980 580 quia
1005 545 1071 572 visi-

284 591 351 619 tavit
366 596 391 619 et
410 591 474 618 fecit
494 591 710 625 redemptionem
732 591 833 626 populo
858 598 918 623 suo,
939 595 965 618 et
986 591 1071 619 erexit

281 645 366 665 cornu
388 638 486 665 salutis
501 637 528 664 in
549 637 629 664 nobis
645 637 673 664 in
693 637 777 664 domo
803 636 889 664 David
915 637 992 672 pueri
1015 637 1069 669 sui,

280 683 351 710 sicut
365 683 474 712 locutus
498 687 541 711 est
565 691 613 718 per
629 690 660 710 os
684 687 852 716 sanctorum,
869 683 916 719 qui
935 691 950 710 a
969 684 1070 711 smeulo

281 733 345 757 sunt
364 730 558 765 prophetarum
578 729 639 763 ejus
648 732 669 756 ⁷.
691 739 700 756 ι
719 728 796 762 Quod
819 737 883 757 vero
906 730 1068 765 promissam

280 775 333 811 ipsi
361 775 445 802 David
469 780 599 803 aeternam
626 775 718 803 sedem
746 774 873 802 Salvator
893 779 921 803 et
937 775 1069 802 Dominus

280 826 373 850 noster
387 821 479 855 Jesus,
499 822 545 857 qui
565 822 692 850 Christus
709 826 751 849 est
769 821 827 855 Dei,
845 829 934 856 neque
950 822 1019 849 alius
1035 830 1067 848 ex

277 868 418 895 hominum
433 876 532 903 genere
549 868 689 903 quispiam
707 867 854 903 acceperit,
875 867 942 896 satis
962 875 993 896 ea
1009 876 1069 903 qam

278 914 405 949 superius
428 914 516 949 posita
541 918 605 940 sunt
628 913 787 941 testimonia
811 914 1065 949 comprobaverint,
1084 930 1103 957 Β

277 967 384 987 necnon
397 960 482 995 ipsius
500 959 608 988 Gabriel
625 964 652 987 et
666 959 814 991 Zacharize,
828 959 856 986 in
874 960 973 995 quibus
983 960 1065 987 etiam

277 1006 343 1033 illud
358 1005 636 1042 conﬁrmatur,quod,
646 1010 782 1042 quatenus
796 1006 830 1033 ad
841 1007 988 1033 humanam
1004 1006 1065 1041 ejus

276 1056 402 1080 naturam
418 1053 545 1088 pertinet,
562 1053 596 1080 de
613 1054 717 1081 semine
735 1053 819 1081 David
835 1057 919 1081 natus
937 1057 989 1080 est.
1005 1052 1064 1080 Cae-

276 1102 374 1129 terum,
393 1106 445 1133 qua
457 1099 561 1126 ratione
575 1099 662 1134 ipsius
676 1099 775 1134 .loseph
788 1107 874 1135 genus
885 1100 971 1127 sancti
985 1107 1066 1127 evan-

274 1143 380 1178 gelista:
393 1142 562 1175 describant,
580 1145 709 1179 quamvis
731 1144 857 1171 Salvator
873 1148 967 1172 noster
981 1152 1013 1171 ex
1031 1152 1063 1172 eo

273 1195 353 1217 natus
364 1197 417 1216 non
434 1189 480 1222 sit,
498 1190 546 1217 sed
562 1190 595 1218 de
611 1189 715 1226 Spiritu
737 1195 834 1218 sancto
851 1195 879 1218 et
891 1194 986 1219 sancta
1000 1190 1063 1217 Vir-

1125 270 1187 296 τάδε
1204 272 1267 306 περὶ
1290 271 1336 297 τοῦ
1359 271 1477 306 Χριστοῦ
1503 269 1635 302 θεσπίζει·
1655 279 1663 295 ι
1683 269 1834 304 Εὐλογητὸς
1855 269 1913 296 Κύ-

1125 325 1182 353 ριος
1196 317 1209 343 ὁ
1223 317 1288 349 Θεὸς
1302 317 1348 343 τοῦ
1363 317 1478 352 Ἰσραὴλ,
1488 317 1528 343 ὃτι
1545 315 1723 350 ἐπεσκέψατο,
1737 316 1783 342 καὶ
1801 315 1913 351 ἐποίησε

1123 364 1257 399 λύτρωσιν
1274 363 1312 398 τῷ
1326 362 1383 398 λαῷ
1399 362 1493 394 αὑτοῦ,
1505 362 1552 389 καὶ
1565 362 1658 397 ἠγειρε
1675 362 1758 396 κέρας
1777 361 1913 396 σωτηρίας

1124 411 1189 446 ἡμῖν
1205 412 1234 437 ὲν
1251 410 1317 445 οἴκῳ
1339 409 1421 437 Δαίῖιδ
1444 408 1489 435 τοῦ
1507 408 1600 440 παιδὸς
1617 407 1711 440 αὑτοῦ,
1738 407 1828 439 καοὼς
1852 407 1913 434 ἑλά-

1123 455 1188 491 λησε
1207 456 1251 483 διὰ
1275 455 1410 491 στόματος
1436 455 1489 482 τῶν
1519 455 1605 490 ἁγίων
1635 455 1681 481 ἀπ’
1707 454 1805 485 αἰῶνος
1829 453 1912 480 αὐτοῦ

1123 501 1281 536 προφητῶν.
1304 511 1312 526 ι
1343 500 1412 526 Ἀλλ’
1431 500 1472 527 ὅτι
1499 500 1548 535 μὲν
1570 500 1616 526 τὸν
1643 499 1849 534 ἐπηγγελμένον
1872 499 1912 534 τῷ

1123 546 1204 573 Δαϐὶδ
1229 546 1335 573 αἰώνιον
1363 545 1456 582 Θρόνον
1477 546 1491 572 ό
1515 545 1609 581 Σωτὴρ
1636 545 1683 571 καὶ
1711 545 1812 580 Κύριος
1833 544 1912 580 ἡμῶν

1128 591 1231 627 Ἰησοῦς
1247 592 1261 618 ὁ
1278 591 1395 628 Χριστὸς
1412 592 1458 618 τοῦ
1475 591 1559 623 Θεοῦ,
1574 591 1622 618 καὶ
1637 591 1697 617 οὐδὲ
1714 590 1791 621 ἄλλος
1805 590 1911 626 ἀνθρώ-

1122 646 1181 664 πων
1202 637 1368 673 ἀπείληφεν,
1392 637 1482 665 ἱκαναὶ
1507 637 1695 664 πιστώσασθαι
1718 638 1744 665 αἱ
1766 646 1911 674 προπαρα-

1121 684 1238 712 τεθεῖσαι
1267 684 1430 721 μαρτυρίαι,
1451 685 1468 720 ἥ
1493 693 1523 711 τε
1545 685 1592 711 τοῦ
1616 685 1736 721 Γαὸριὴλ
1759 685 1806 712 καὶ
1827 687 1843 722 ἡ
1861 686 1910 712 τοῦ

1120 731 1267 767 Ζαχαρίου,
1284 731 1318 757 δι’
1334 728 1371 758 ὧν
1390 731 1436 758 καὶ
1459 731 1616 758 συνίσταται
1633 732 1665 758 ἐκ
1687 732 1843 768 σπέρματος
1865 741 1911 766 γε-

1120 777 1206 811 γονὼς
1222 776 1304 804 Δαὸὶδ
1324 778 1392 805 κατὰ
1411 779 1509 813 σάρκα.
1536 778 1593 804 Τίνι
1612 778 1640 805 δὲ
1660 778 1731 813 λόγῳ
1747 778 1792 805 τὸν
1811 779 1909 814 Ἰωσὴφ

1120 823 1328 858 γενεαλογοῦσιν
1357 825 1381 851 oi
1411 825 1479 860 ἱεροὶ
1505 824 1714 858 εὐαγγελισταὶ,
1745 825 1845 860 καίπερ
1871 824 1909 861 μὴ

1119 869 1196 901 ὄντος
1217 868 1264 896 τοῦ
1281 870 1407 905 Σωτῆρος
1429 869 1508 905 ἡμῶν
1533 870 1562 902 ὲξ
1586 870 1686 902 αὐτοῦ,
1712 870 1768 897 ἀλλ’
1784 870 1813 903 ἐξ
1830 871 1908 905 ἀγίου

1118 915 1275 950 Πνεύματος
1299 916 1345 942 καὶ
1370 915 1419 951 τῆς
1437 915 1515 949 ἁγίας
1536 916 1684 950 Παρθένου,
1710 917 1784 949 ὅπως
1807 926 1837 943 τε
1862 918 1909 944 καὶ

1119 960 1187 997 αὕτη
1205 962 1221 996 ὴ
1238 961 1285 988 τοῦ
1302 962 1404 997 Κυρίου
1424 962 1514 998 μήτηρ
1538 962 1592 989 ἀπὸ
1607 962 1703 996 γένους
1718 963 1764 989 καὶ
1782 963 1908 999 σπέρμα-

1118 1015 1163 1038 τος
1179 1007 1370 1034 ἀποδείκνυται
1389 1005 1458 1035 εἶναι
1474 1007 1564 1039 Δαϐὶδ,
1583 1008 1612 1035 ὲν
1631 1008 1668 1043 τῷ
1684 1008 1785 1044 πρώτῳ
1800 1009 1854 1036 τῶν
1868 1010 1909 1041 εἰς

1118 1051 1166 1087 τὴν
1180 1052 1354 1086 γενεαλογίαν
1368 1051 1414 1078 τοῦ
1432 1052 1557 1088 Σωτῆρος
1578 1053 1658 1088 ἡμῶν
1675 1052 1838 1089 ζητημάτων
1859 1053 1908 1081 καὶ

1118 1096 1219 1123 λύσεων
1235 1097 1411 1133 διειληφότες,
1426 1097 1468 1124 ἐπ’
1485 1099 1575 1124 ἐκεῖνα
1590 1099 1652 1130 τοὺς
1667 1098 1824 1135 φιλομαθεῖς
1839 1100 1908 1127 ἀνα-

1117 1142 1274 1178 πέμπομεν,
1299 1143 1341 1178 ἐφ’
1355 1143 1450 1180 ἑτέραν
1467 1144 1539 1180 ἡμᾶς
1554 1144 1683 1171 ὑπόθεσιν
1698 1145 1908 1180 κατεπείγοντος

1116 1188 1163 1216 τοῦ
1178 1189 1311 1225 παρόντος
1327 1189 1435 1226 καιροῦ.

273 1237 346 1273 sine,
371 1246 479 1274 quoque
501 1238 583 1267 modo
601 1239 659 1267 haec
684 1239 771 1275 ipsius
794 1238 902 1266 Domini
920 1243 1007 1266 mater
1030 1239 1063 1266 de
1078 1246 1178 1274 genere
1192 1246 1225 1265 ex
1239 1238 1343 1265 semine
1353 1237 1438 1265 David
1454 1237 1539 1266 fuisse
1571 1239 1743 1272 ostendatur,
1774 1240 1801 1267 in
1816 1240 1907 1275 primo

270 1288 299 1312 et
313 1285 494 1320 quaestionum
507 1290 535 1313 et
555 1286 721 1314 solutionum
742 1295 802 1322 qum
821 1287 854 1313 ad
878 1287 987 1322 generis
1012 1285 1162 1314 Salvatoris
1173 1285 1261 1313 nostri
1286 1286 1384 1314 seriem
1416 1291 1498 1322 atque
1528 1288 1728 1315 enarrationem
1757 1289 1906 1323 pertinent,

272 1334 531 1369 explicavimusAd
546 1335 590 1362 illa
604 1335 686 1371 igitur
712 1343 760 1363 eos
775 1335 821 1370 qui
837 1335 945 1362 discere
966 1335 1081 1370 cupiunt
1099 1335 1276 1366 remittimus,
1303 1335 1414 1370 quando
1443 1335 1477 1363 ad
1504 1336 1576 1363 aliud
1595 1336 1733 1364 scribendi
1760 1345 1907 1373 argumen-

273 1384 329 1407 tum
340 1388 464 1416 praesens
480 1390 530 1410 nos
543 1386 650 1418 tempus
665 1386 774 1410 revocat
788 1386 870 1418 atque
885 1382 1012 1423 impellit.

272 1438 292 1463 Α
306 1438 408 1474 psalmo
420 1448 493 1468 Lux.
508 1455 543 1460 —
556 1440 592 1477 De
613 1439 756 1477 Salomone
766 1446 831 1469 eteo
852 1441 896 1477 qui
909 1449 942 1468 ex
964 1442 1062 1469 semine

562 1475 619 1510 ejus
632 1476 762 1510 procedet.
812 1509 815 1512 Α

309 1539 319 1554 ι
340 1529 421 1561 Deus,
433 1529 565 1564 judicium
579 1534 655 1558 tuum
668 1531 724 1566 regi
739 1531 784 1565 da,
797 1535 824 1559 et
836 1531 972 1566 justitiam
985 1536 1059 1560 tuam
1075 1545 1096 1573 ρ

273 1576 327 1603 lilio
340 1577 411 1611 regis
418 1577 438 1608 ⁵,
457 1586 466 1602 ι
481 1584 513 1604 ac
522 1576 650 1612 deinceps
665 1577 747 1614 354
760 1578 884 1614 adjungit
900 1587 906 1604 :
928 1588 936 1604 ι
951 1578 984 1606 Et
997 1587 1062 1614 pcr-

271 1621 391 1648 manebit
409 1627 470 1647 cum
496 1621 554 1649 sole
576 1626 603 1648 et
617 1625 680 1648 ante
695 1622 799 1654 lunam,
815 1623 1004 1657 generationes
1018 1631 1061 1658 ge-

272 1665 457 1697 nerationum,
483 1665 630 1694 descendet
653 1666 726 1694 sicut
752 1667 846 1702 pluvia
872 1668 900 1695 in
918 1668 1016 1700 vellus,
1034 1672 1061 1696 et

271 1711 342 1738 sicut
356 1711 494 1739 stillicidia
512 1712 643 1739 stillantia
663 1720 745 1747 super
777 1718 888 1746 terram,
905 1714 1010 1742 orietur
1032 1714 1060 1742 in

270 1758 366 1786 diebus
377 1758 437 1792 ejus
449 1758 567 1793 justitia,
583 1763 609 1786 et
626 1759 793 1787 abundantia
810 1761 896 1795 p-tcis,
910 1761 997 1788 donec
1011 1769 1060 1788 au-

269 1803 373 1831 feratur
389 1804 464 1836 luua,
480 1808 507 1831 et
519 1804 704 1832 dominabitur
715 1813 730 1832 a
745 1807 814 1833 mari
831 1814 918 1842 usque
929 1806 962 1833 ad
973 1814 1057 1838 mare,

269 1854 295 1876 ct
311 1857 326 1876 a
344 1849 457 1878 [lumine
477 1858 564 1886 usque
583 1850 617 1878 ad
639 1851 773 1879 terminos
791 1852 866 1880 orbis
891 1851 994 1882 terrae’.
1010 1853 1058 1880 )Et

269 1899 331 1929 post
341 1903 437 1931 pauca,
447 1896 488 1923 sic
500 1897 553 1924 ait:
565 1906 574 1922 ι
588 1896 821 1932 Superextolletur
829 1906 912 1933 super
924 1899 1057 1928 Libanum

269 1942 374 1970 fructus
388 1942 459 1977 ejus,
469 1944 630 1971 critnomen
642 1943 702 1978 ejus
717 1944 889 1973 benedictum
906 1946 934 1973 in
945 1946 1055 1979 saecula,

268 1992 332 2015 ante
348 1988 431 2015 solem
450 1989 620 2023 permanebit
643 1997 742 2017 nomen
757 1990 829 2025 ejus,
852 1994 879 2018 et
892 1991 1057 2019 benedicen-

270 2037 313 2059 tur
330 2032 357 2059 in
369 2032 429 2067 ipso
444 2040 538 2060 omnes
553 2033 643 2060 tribus
659 2036 750 2065 teme,
772 2041 868 2061 omnes
881 2039 976 2069 gentes
993 2035 1057 2061 bea-

268 2077 477 2104 tiﬁcabunteum
489 2077 520 2105 '°.
538 2087 546 2104 ι
562 2078 784 2113 Quandoergoin
801 2078 974 2106 Salomonem
989 2079 1056 2106 scri-

267 2128 329 2158 ptus
355 2130 397 2150 est
423 2123 557 2158 psalmus,
581 2124 686 2159 primus
716 2125 814 2159 psalmi
841 2125 995 2153 versiculus
1021 2125 1055 2153 ad

266 2169 342 2196 illum
350 2168 496 2202 referatur;
505 2177 565 2205 quae
578 2178 644 2197 vero
658 2175 810 2206 sequuntur
819 2172 910 2198 omnia
922 2171 954 2198 ad
970 2171 1053 2199 lilium

1122 1429 1192 1456 Ἀπὸ
1214 1429 1337 1463 ψαλμοῦ
1351 1432 1404 1457 oa'.
1420 1445 1454 1450 —
1474 1430 1544 1464 Περὶ
1567 1430 1759 1464 Σολομῶντος
1780 1431 1827 1458 καί
1850 1431 1906 1458 τοῦ

1203 1464 1238 1491 ἐκ
1250 1464 1421 1499 σπέρματος
1437 1465 1530 1492 αὐτοῦ
1544 1466 1815 1500 προελευσομένσυ.

1153 1530 1162 1547 ι
1187 1521 1215 1547 '0
1232 1521 1307 1554 Θεὸς,
1327 1521 1357 1548 τὸ
1373 1522 1461 1558 κρῖμά
1478 1531 1524 1550 σου
1540 1522 1578 1558 τῷ
1595 1523 1699 1559 βασιλεῖ
1714 1524 1767 1556 δὸς,
1791 1524 1838 1551 καὶ
1853 1524 1905 1560 τὴν

1112 1567 1283 1604 δικαιοσύνην
1310 1576 1356 1594 σου
1382 1568 1422 1603 τῷ
1447 1568 1499 1604 υίῷ
1514 1568 1560 1595 τοῦ
1585 1568 1730 1604 βασιλέως”
1752 1579 1761 1595 ι
1778 1570 1824 1596 καὶ
1839 1570 1904 1605 ἑξῆς

1112 1613 1241 1647 ἐπιλέγει·
1262 1623 1270 1638 ι
1293 1613 1348 1640 Καὶ
1374 1615 1585 1650 συμπαραμενεῖ
1609 1614 1647 1650 τῷ
1665 1615 1753 1650 ἡλίῳ,
1777 1616 1824 1642 καὶ
1850 1616 1904 1651 πρὸ

1111 1660 1160 1695 τῆς
1177 1659 1290 1695 σελήνης
1315 1659 1410 1694 γενεὰς
1432 1661 1549 1694 γενεῶν,
1568 1661 1751 1696 καταδήσεται
1772 1661 1809 1693 ὡς
1826 1662 1904 1693 ὑετὸς

1111 1705 1157 1731 ἐπὶ
1182 1706 1274 1739 πόκον,
1301 1706 1347 1733 καὶ
1376 1706 1442 1733 ὡσεὶ
1467 1708 1596 1741 σταγόνες
1620 1707 1766 1740 στάζουσαι
1792 1708 1838 1735 ἐπὶ
1852 1708 1902 1744 τὴν

1109 1752 1177 1788 γῆν·
1202 1752 1327 1779 άνατελεῐ
1347 1753 1378 1779 ὲν
1402 1755 1462 1785 ταῖς
1484 1754 1602 1789 ἡμέραις
1629 1755 1710 1781 αὑτοῦ
1733 1754 1901 1790 δικαιοσύνη,

1110 1799 1157 1824 καὶ
1179 1798 1279 1834 πλῆθος
1296 1799 1422 1835 εἰρήνης,
1442 1800 1494 1832 ἓως
1511 1796 1541 1826 οὗ
1559 1800 1737 1837 ἀνταναιρεθῇ
1755 1802 1772 1837 ἡ
1790 1801 1901 1837 σελήνη,

1110 1844 1156 1870 καὶ
1169 1845 1378 1880 κατακυριεύσει
1396 1846 1450 1872 ἀπὸ
1467 1846 1605 1882 θαλάσσης
1619 1847 1672 1879 ἓως
1688 1847 1834 1882 θαλάσσης,
1852 1847 1902 1874 καὶ

1110 1890 1164 1916 ἀπὸ
1184 1890 1306 1925 ποταμοῦ
1327 1891 1379 1923 ἕως
1400 1892 1526 1927 περάτων
1548 1893 1597 1928 τῆς
1620 1893 1793 1928 οἰκουμένης.
1817 1903 1826 1918 ι
1844 1893 1901 1919 Καὶ

1111 1936 1179 1971 μετὰ
1206 1936 1309 1972 βραχέα
1335 1937 1434 1972 φησίν·
1460 1947 1469 1963 ι
1494 1938 1730 1975 ’Υπεραρϐήσεται
1754 1939 1824 1974 ὑπὲρ
1854 1939 1901 1965 τὸν

1108 1982 1222 2008 Λίϐανον
1236 1983 1250 2009 ό
1266 1983 1371 2018 καρπὸς
1387 1984 1479 2009 αὐτοῦ·
1494 1983 1570 2010 ἔσται
1582 1984 1611 2011 τὸ
1627 1985 1712 2019 ὄνομα
1728 1983 1808 2011 αὑτοῦ
1824 1983 1901 2010 εὐλο-

1108 2029 1227 2064 γημένον
1243 2031 1282 2061 εἰς
1308 2029 1353 2056 τὸν
1375 2030 1471 2063 αξῶνα,
1489 2030 1540 2067 πρὸ
1564 2031 1610 2058 τοῦ
1634 2031 1710 2066 ἡλίου
1733 2031 1854 2066 διαμενεῖ
1868 2031 1898 2057 τὸ

1107 2074 1192 2110 ὄνομα
1207 2075 1300 2107 αὑτοῦ,
1321 2076 1368 2103 καὶ
1394 2076 1649 2113 ὲνευλογηθήσονται
1671 2077 1700 2104 ἐν
1722 2077 1795 2112 αὑτῷ
1811 2078 1898 2104 πᾶσαι

1107 2121 1134 2147 αἱ
1158 2121 1240 2156 φυλαὶ
1259 2121 1309 2157 τῆς
1323 2122 1385 2157 γῆς,
1403 2122 1491 2150 πάντα
1507 2123 1541 2150 τὰ
1564 2123 1626 2159 ἔθνη
1649 2123 1826 2159 μακαριοῦσιν
1848 2123 1898 2150 αὑ-

1106 2166 1161 2193 τόν.
1180 2177 1189 2192 ι
1211 2167 1318 2204 Ἐπειδὴ
1334 2168 1487 2204 γέγραπται
1504 2170 1544 2201 εἰς
1562 2169 1706 2205 Σολομῶνα
1720 2170 1734 2195 ὁ
1749 2169 1865 2204 ψαλμὸς,
1881 2169 1897 2196 ὁ

267 2213 434 2245 Salomonis,
459 2222 514 2241 non
532 2213 666 2247 Roboam,
684 2214 730 2249 qui
749 2219 811 2249 post
838 2215 913 2243 illum
931 2216 1054 2250 regnavit

1113 2212 1214 2248 πρῶτος
1230 2213 1276 2240 τοῦ
1291 2213 1398 2249 ψαλμοῦ
1412 2215 1502 2250 στίχος
1517 2216 1557 2247 εἰς
1574 2215 1655 2242 αὑτὸν
1671 2215 1845 2251 ἀναφέροιτο,
1863 2215 1898 2241 τὰ

267 2261 293 2288 in
316 2259 498 2293 Hierusalem,
515 2260 563 2288 sed
584 2260 618 2286 ad
641 2268 703 2288 eum
727 2261 773 2295 qui
799 2260 833 2288 de
852 2262 911 2296 ejus
939 2262 1053 2295 semine,

265 2307 372 2334 ratione
396 2306 522 2333 humanae
546 2310 651 2334 natura:
674 2307 814 2342 prolectus
836 2312 889 2339 est,
914 2306 1054 2336 Christum

265 2352 322 2380 Dei.
339 2351 416 2385 Quod
441 2353 512 2379 enim
535 2360 623 2387 neque
645 2353 679 2379 ad
704 2352 886 2384 Salomonem,
904 2362 992 2389 neque
1018 2356 1053 2381 ad

264 2399 325 2432 ejus
338 2406 531 2427 successorem
552 2398 649 2426 referri
663 2399 771 2434 possint
785 2407 816 2426 ea
828 2407 888 2434 qum
904 2400 930 2427 in
947 2401 1053 2435 psalmo

265 2446 452 2478 continentur,
470 2449 580 2480 propter
597 2452 646 2478 ea,
671 2454 731 2480 qua:
751 2446 784 2473 de
806 2446 851 2473 illo
869 2448 978 2482 cognita
1006 2447 1053 2475 ba-

264 2492 373 2525 bentur,
386 2491 543 2527 quicunque
569 2490 721 2519 divinarum
747 2490 951 2526 Scripturarum
967 2492 1052 2527 impe-

265 2538 335 2565 ritus
355 2545 408 2565 non
422 2543 474 2571 est,
494 2538 572 2565 facile
594 2537 778 2565 conﬁtebitur.
806 2537 913 2566 Etenim
930 2538 976 2572 qui
994 2538 1053 2566 ﬁeri

264 2588 355 2619 potest
378 2588 407 2612 ut
428 2586 462 2611 de
480 2583 636 2616 Salomone,
654 2587 701 2610 aut
717 2583 750 2611 de
773 2583 834 2618 ejus
856 2582 911 2611 ﬁlio
927 2582 1050 2610 Roboam

263 2631 443 2665 accipiantur,
469 2638 530 2665 quae
553 2638 604 2665 per
628 2633 714 2657 totum
746 2629 882 2665 psalmum
914 2628 1049 2662 feruntur,

264 2676 344 2709 quale
362 2679 405 2703 est
421 2675 487 2704 illud
508 2685 514 2702 :
535 2684 544 2700 I
567 2674 756 2702 Dominabitur
778 2681 793 2700 a
815 2673 885 2700 mari
913 2682 998 2708 usque
1016 2675 1050 2704 ad

265 2728 349 2752 mare,
367 2725 393 2747 et
406 2729 422 2748 a
434 2720 544 2748 ﬂumine
559 2729 645 2756 usque
659 2720 693 2749 ad
711 2720 840 2748 terminos
855 2719 929 2746 orbis
942 2725 1046 2753 terram

263 2771 292 2794 et
308 2766 373 2793 illud
389 2775 395 2793 :
412 2776 421 2793 ι
436 2766 610 2795 Permanebit
627 2775 688 2794 cum
704 2767 762 2795 sole
775 2770 803 2794 et
815 2770 878 2794 ante
894 2766 986 2792 lunam
1002 2774 1049 2801 ge-

264 2812 419 2861 neratio‘tes
443 2811 659 2848 generationum,
677 2821 686 2838 ι
704 2815 731 2839 et
755 2818 925 2847 quaecunque
941 2811 993 2838 alia
1006 2810 1048 2839 his

1105 2258 1133 2284 δὲ
1157 2259 1277 2294 ἑπόμενα
1300 2259 1390 2287 πάντα
1414 2261 1454 2292 εἰς
1479 2261 1524 2287 τὸν
1547 2261 1603 2287 υἱὸν
1620 2261 1792 2297 Σολομῶνος,
1807 2261 1836 2287 οὺ
1851 2261 1897 2288 τὸν

1112 2303 1240 2339 Ῥοϐοὰμ,
1266 2304 1296 2336 ὃς
1318 2306 1376 2340 μετ’
1399 2299 1663 2333 αὑτὸνέὅασίλευσε
1693 2306 1738 2333 τοῦ
1770 2307 1896 2342 Ἰσραὴλ,

1105 2349 1174 2376 ἀλλὰ
1195 2350 1240 2376 τὸν
1263 2351 1295 2377 ὲκ
1312 2351 1470 2387 σπέρματος
1484 2353 1566 2379 αὑτοῦ
1588 2353 1658 2379 κατὰ
1681 2353 1770 2388 σάρκα
1783 2353 1899 2388 γενόμε-

1106 2403 1160 2427 νον,
1185 2395 1230 2422 τὸν
1254 2396 1370 2432 Χριστὸν
1386 2397 1432 2423 τοῦ
1452 2397 1530 2426 Θεοῦ,
1547 2398 1606 2425 ’Ὁτι
1627 2398 1681 2434 γὰρ
1705 2399 1753 2425 οὐκ
1778 2399 1823 2424 ἐπὶ
1850 2398 1897 2424 τὸν

1105 2441 1258 2477 Σολομῶνα,
1282 2443 1342 2471 οὐδὲ
1364 2444 1410 2470 ἐπὶ
1424 2444 1469 2470 τὸν
1491 2445 1584 2472 τούτου
1608 2445 1727 2480 διάδοχον
1749 2445 1896 2480 ἀναφέρειν

1104 2488 1215 2516 δυνατὸν
1230 2489 1265 2516 τὰ
1281 2491 1309 2516 ὲν
1323 2490 1362 2525 τῷ
1380 2490 1480 2526 ψαλμῷ
1493 2490 1537 2518 διὰ
1553 2491 1587 2519 τὰ
1603 2492 1666 2527 περὶ
1683 2491 1764 2518 αὺτοῦ
1780 2491 1897 2526 δεδηλω-

1106 2534 1184 2569 μένα,
1198 2535 1250 2566 πᾶς
1271 2536 1285 2566 ῥ
1303 2535 1340 2571 μὴ
1354 2536 1547 2572 ἀνεπιστήμων
1565 2537 1618 2564 τῶν
1636 2537 1715 2564 θείων
1731 2537 1896 2573 ὁμολογήσει

1105 2579 1232 2616 Γραφῶν.
1252 2581 1331 2608 Ἀλλά
1356 2582 1401 2608 καὶ
1428 2582 1485 2613 πῶς
1510 2580 1566 2609 οἷόν
1581 2591 1610 2610 τε
1631 2583 1678 2609 ἐπὶ
1699 2582 1855 2618 Σολομῶνα,
1877 2582 1894 2618 ἦ

1104 2626 1151 2652 ἐπὶ
1164 2627 1208 2653 τὸν
1224 2626 1316 2654 τούτου
1334 2628 1391 2654 υἱὸν
1412 2627 1528 2664 Ῥοϐοὰμ
1551 2629 1730 2664 ἐκλαμϐάνειν
1752 2629 1786 2655 τὰ
1810 2629 1895 2664 ἐμφε-

1106 2673 1206 2708 ρόμενα
1224 2673 1257 2699 δι’
1273 2673 1334 2700 ὅλου
1348 2673 1393 2700 τοῦ
1408 2673 1531 2710 ψαλμοῦ;
1547 2672 1601 2701 οἷον
1615 2676 1656 2708 τὸ,
1674 2686 1683 2701 ι
1705 2675 1896 2711 Κατακυριεύ-

1105 2727 1146 2745 σει
1166 2719 1219 2746 ἀπὸ
1234 2719 1369 2756 Θαλάσσης
1385 2719 1436 2752 ἕως
1451 2720 1597 2756 Θαλάσσης,
1623 2722 1668 2748 καὶ
1692 2722 1744 2750 ἀπὸ
1770 2720 1894 2756 ποταμοῦ

1102 2764 1155 2797 ἕως
1172 2765 1296 2801 περάτων
1318 2767 1368 2801 τῆς
1389 2767 1562 2802 οἰκουμένης·
1580 2777 1588 2793 ι
1603 2768 1648 2794 καὶ
1664 2767 1693 2793 τὸ
1709 2777 1718 2793 ι
1745 2767 1895 2803 Συμπαρα-

1105 2813 1179 2847 μενεῖ
1195 2812 1233 2847 τῷ
1244 2812 1322 2848 ἡλίῳ,
1335 2813 1382 2839 καὶ
1398 2813 1450 2848 πρὸ
1464 2812 1513 2848 τῆς
1526 2813 1639 2849 σελήνης
1653 2813 1748 2848 γενεὰς
1763 2813 1890 2848 γενεῶν-ι

299 2890 310 2905 ⁸
325 2888 391 2918 Luc.
410 2897 428 2924 ι,
441 2889 486 2925 52,
504 2891 547 2919 53.
566 2892 576 2909 ⁷
595 2891 661 2925 ibid,
679 2891 768 2919 68-70.
784 2891 794 2907 ⁸
808 2891 881 2920 Psal.
898 2900 972 2925 tul,
986 2893 1012 2921 ‘2.
1044 2893 1054 2910 '

1113 2893 1134 2922 tl.
1151 2893 1205 2921 5-8.
1235 2893 1256 2910 ¹⁰
1271 2893 1326 2921 ibid
1356 2894 1398 2922 16.
1420 2893 1463 2922 Π.
