2089 3218
201 183 252 211 557

200 241 248 278 καὶ
260 240 310 266 ὅσα
324 239 394 267 ἄλλα
408 239 512 272 τούτοις
527 240 609 275 ὃμοια
623 240 788 274 ὲπιλέγεται.
806 240 905 275 Διόπερ
924 240 991 265 ἁίῖα-
1008 243 1029 269 Α

202 286 334 318 σανίστως
359 286 502 322 ἀποδοθείη
517 285 549 312 ἂν
569 287 583 312 ό
607 286 656 321 μὲν
675 286 785 320 φάσκων
803 287 830 312 ἐν
850 286 920 321 ἀρχῇ
943 285 989 311 τοῦ

200 331 308 367 ψαλμοῦ
334 332 421 366 λόγος·
440 342 449 357 ι
472 332 500 358 '0
515 331 590 364 Θεὸς,
605 332 635 358 τὸ
660 333 747 368 κρῖμά
768 340 813 358 σου
832 331 871 366 τῷ
888 331 991 366 βασιλ;ἰ

199 377 262 410 δὸς,
282 387 292 403 ι
311 378 354 404 ἐπ’
375 377 457 404 αὑτὸν
481 378 583 405 ἐκεῖνον
601 377 754 413 Σολομῶνα·
767 378 781 404 ό
800 378 931 412 ἐπιλέγων
949 377 988 411 δὲ,

203 433 214 451 ι
232 425 287 451 Καὶ
300 424 350 459 τὴν
369 424 541 460 δικαιοσύνην
566 433 612 451 σου
627 424 665 460 τῷ
685 424 735 460 υἱῷ
750 424 796 451 τοῦ
815 424 955 460 βασιλέως,
978 435 986 450 ι

200 469 248 497 ἐπὶ
263 469 308 496 τὸν
324 469 478 504 Σολομῶνος
495 470 562 502 υἱὸν,
584 470 614 496 οὒ
637 470 682 497 τὸν
699 470 870 506 πρωτότοκον
886 471 989 497 ἐκεῖνον

199 515 246 542 τδν
269 514 389 550 διάδοχον
415 515 498 542 αὑτοῦ
523 516 574 551 τῆς
589 516 726 551 βασιλείας
751 517 905 552 γενόμενον,
923 517 987 551 (οὐδ’

200 561 272 594 ὅλοις
287 561 342 597 γὰρ
357 562 460 593 ἐκεῖνος
478 562 662 589 ἑπτακαίδεκα
677 562 748 588 ἔτεσι
763 563 842 598 μόνου
856 563 903 589 τοῦ
925 563 990 590 Ίυυ-

201 607 284 634 δαίων
306 607 399 639 ἔθνους
422 607 551 644 προστὰς,
569 607 685 635 κάκιστα
709 609 826 644 κέχρητο
843 611 876 645 τῇ
893 609 988 645 ἁρχῇ·)

200 653 260 680 ἀλλ’
275 653 329 679 οὐδ’
343 654 385 688 ἐφ’
400 653 492 688 ἕτερον
506 653 560 679 τῶν
580 653 675 680 Ῥοϐοὶι
680 663 699 688 μ
712 654 757 680 τὸν
771 654 864 690 θρόνον
878 655 928 690 τῆς
940 654 987 681 τοῦ

200 695 355 731 Σολομῶνος
369 696 506 731 βασιλείας
522 697 728 732 διαδεξαμένων,
746 699 792 724 ἐπὶ
806 701 883 734 μόνον
900 699 928 725 δὲ
942 700 989 726 τὸν

201 743 234 769 ὲκ
252 741 408 778 σπέρματος
425 742 517 774 Δαῦὶδ,
531 743 601 769 οὕτω
618 743 664 770 καὶ
680 744 725 770 τοῦ
749 744 903 780 Σολομῶνος
920 745 986 777 υἱὸν,

200 786 238 818 ὡς
255 787 302 813 καὶ
318 786 363 813 τοῦ
379 786 461 814 Δαϐὶδ
476 788 692 823 χρηματίσαντα.
709 785 792 821 Οὗτος
809 790 830 816 δ’
854 788 888 826 ἦν
905 791 918 817 ὁ
933 791 988 817 Σω-

199 832 252 869 τὴρ
268 833 323 877 ικαὶ
344 832 446 869 Κύριος
471 833 548 869 ἡμῶν
569 833 672 869 Ἰησοῦς
695 836 709 861 ό
733 836 859 871 Χριστός.
887 836 987 863 Τούτου

200 879 255 915 γὰρ
282 879 372 914 μόνου,
402 880 447 906 καὶ
472 879 526 906 οὐδ’
549 880 642 917 ἑτέρου
668 881 722 908 τῶν
745 881 872 915 πώποτε,
899 884 912 910 ὁ
937 883 987 919 τῆς

200 924 290 951 ἐνθέου
311 925 448 960 βασιλείας
460 925 553 962 θρόνος
567 931 776 964 συμπαραμενεῖ
792 928 830 964 τῷ
846 929 922 965 ἡλίῳ·
941 931 987 956 καὶ
1004 918 1023 944 Β

199 966 277 1002 οὗτός
302 979 351 1004 γε,
366 970 423 997 ἀλλ’
449 972 535 1004 οὐδεὶς
557 972 649 1008 ἕτερος
670 973 837 1010 ἀνθρώπων,
862 975 914 1011 πρὸ
938 975 986 1010 τῆς

200 1015 314 1052 σελήνης
336 1017 383 1043 καὶ
406 1016 459 1053 πρὸ
483 1017 532 1052 τῆς
556 1019 601 1045 τοῦ
624 1019 725 1054 κόσμου
752 1020 922 1052 συστάσεως,
939 1021 987 1048 ἆτε

198 1062 284 1096 Λόγος
299 1062 335 1089 ὢν
351 1063 429 1095 Θεοῦ,
445 1064 630 1100 προϋπῆρχεν,
649 1065 744 1099 ἔσταξε
764 1074 793 1092 τε
810 1066 891 1102 μόνος
911 1063 987 1098 οὗτος

197 1107 343 1143 οὐρανόθεν
356 1108 452 1144 δρόσου
466 1109 544 1145 δίκην
557 1111 603 1137 ἐπὶ
615 1111 705 1138 πᾶσαν
725 1111 773 1147 τὴν
794 1112 856 1147 γῆν.
873 1112 986 1149 Εἴρηται

198 1153 226 1180 δὲ
249 1155 296 1182 καὶ
319 1156 360 1187 είς
380 1156 485 1188 πάντας
500 1156 660 1193 ἀνθρώπους
679 1158 900 1191 ἀνατεταλκέναι,
917 1159 987 1186 κατὰ

198 1198 233 1225 τὰ
247 1199 337 1235 μικρῷ
354 1200 471 1236 πρόσθεν
486 1202 550 1237 ἡμῖν
562 1202 756 1238 ἀποδεδομένα,
771 1204 818 1231 καὶ
831 1204 986 1241 δικαιοσύνη

200 1245 394 1280 παραμένουσα
411 1246 491 1282 μέχρι
514 1247 563 1283 τῆς
589 1247 635 1274 τοῦ
660 1247 718 1283 βίου
746 1249 910 1281 συντελείας,
926 1250 986 1284 ἥτις

198 1291 387 1326 ἀνταναίρεσις
398 1292 552 1327 ὠνόμασται
565 1293 615 1328 τῆς
631 1294 753 1329 σελήνης.
772 1295 908 1330 Ἐναργῶς
922 1305 950 1322 τε
970 1297 986 1331 ἡ

197 1336 245 1364 τοῦ
261 1338 386 1373 Σωτῆρος
399 1338 477 1374 ἡμῶν
492 1339 605 1375 δύναμις
619 1342 712 1376 κρατεῖ
730 1341 776 1368 καὶ
791 1341 911 1377 κυριεύει
933 1342 986 1368 τῶν

199 1382 229 1416 ὲξ
261 1383 332 1419 ἑῴας
355 1384 492 1421 θαλάσσης
510 1386 556 1412 καὶ
579 1387 626 1413 ἐπὶ
649 1387 744 1413 δύοντα
759 1387 844 1423 ἥλιον,
865 1388 986 1424 ἐνεργεῖν

201 1429 251 1464 μὲν
264 1429 404 1466 ἀρξαμένη
425 1430 478 1457 ἀπὸ
498 1432 631 1467 ⁵ποταμοῦ,
648 1433 706 1467 ἦτοι
720 1433 768 1459 τοῦ
785 1433 855 1460 κατὰ
875 1433 986 1469 λουτρὸν

201 1475 365 1512 μυστηρίου,
391 1476 408 1512 ἢ
434 1478 481 1504 καὶ
505 1478 550 1512 ἀφ’
573 1474 659 1514 οὗπερ
685 1479 755 1506 κατὰ
778 1480 824 1506 τὸν
851 1480 985 1516 Ἰορδάνην

199 1520 306 1556 πρῶτον
322 1522 416 1556 φανεὶς
437 1523 538 1559 ἤρξατο
560 1524 610 1559 τῆς
634 1525 673 1556 εἰς
697 1525 856 1561 ἀνθρώπους
875 1527 985 1562 εὐεργε-

643 178 973 209 DEMONSTRATIONIS
994 177 1225 206 EVANGELICJ'Z
1244 176 1308 204 LIB.
1331 176 1387 204 VH.

1775 173 1828 201 553

1045 238 1112 273 ipsis
1131 238 1230 265 similia
1251 237 1447 271 adjnngnntur.
1469 234 1641 269 Quapropter
1658 233 1717 260 sine
1741 233 1826 273 multa

1043 285 1188 311 admodum
1208 284 1407 318 exploratione,
1427 290 1488 318 qua'
1511 281 1621 316 quidem
1644 280 1726 307 verba
1749 272 1827 306 initio

1042 329 1139 364 psalmi
1156 329 1291 355 habentur
1305 338 1310 355 :
1328 337 1337 354 ι
1356 327 1437 359 Dens,
1450 326 1582 362 judicium
1595 329 1671 352 tuum
1686 324 1740 359 regi
1755 323 1789 351 da
1799 334 1824 356 ,ι

1041 383 1107 403 sane
1130 374 1163 401 ad
1182 374 1256 401 illutn
1275 374 1363 409 ipsum
1386 372 1557 400 Salomonem
1582 370 1748 402 referantur;
1765 377 1825 404 qua:

1041 429 1105 448 vero
1122 425 1298 456 sequuntur:
1320 429 1330 445 ι
1351 419 1384 446 Ει
1401 419 1534 454 justitiam
1550 421 1623 445 tuam
1643 418 1697 444 li'io
1717 417 1799 452 regis,
1813 426 1824 441 ι

1041 468 1074 495 ad
1091 467 1246 495 Salomonis
1263 466 1359 498 lilium,
1372 473 1426 492 non
1447 465 1522 491 illum
1538 464 1760 499 primogenitum,
1778 463 1827 498 qui

1040 515 1079 542 illi
1094 514 1122 541 in
1141 521 1225 548 regno
1243 511 1377 539 successit
1394 510 1466 546 (nam
1491 510 1535 537 ille
1556 517 1617 537 cum
1640 509 1690 536 soli
1706 508 1827 536 Iudaica:

1039 561 1112 596 genti
1129 567 1163 587 ne
1179 563 1249 586 totos
1264 557 1373 592 quidem
1392 557 1485 584 decem
1502 561 1528 583 ct
1542 560 1645 591 Septem
1661 563 1747 583 annos
1758 562 1826 590 pra:-

1039 607 1146 638 fuisset,
1162 605 1279 641 pessime
1291 611 1358 631 usus
1372 608 1414 631 est
1424 602 1560 638 imperio),
1575 602 1623 630 sed
1636 610 1686 630 nec
1697 601 1730 628 ad
1741 601 1824 629 alium

1039 658 1170 688 praeterea
1185 652 1339 688 quempiam
1354 658 1448 678 eorum
1464 650 1510 685 qui
1529 653 1590 685 post
1604 648 1725 676 Roboam
1738 648 1765 675 in
1781 655 1826 675 re-

1040 707 1093 734 gno
1109 698 1264 726 Salomonis
1281 697 1476 729 successerint,
1493 697 1539 724 sed
1558 696 1591 723 ad
1608 695 1696 722 solum
1711 703 1726 721 ιι
1740 694 1824 721 David

1039 743 1197 776 oriundum,
1212 743 1258 778 qui
1274 743 1310 770 ita
1327 741 1482 770 Salomonis
1505 741 1577 768 fiiius
1597 744 1625 767 ut
1642 740 1727 775 ipsius
1739 738 1824 766 David

1039 790 1129 818 dictus
1154 794 1206 818 est.
1232 789 1282 816 Hic
1302 795 1392 816 autem
1416 787 1468 815 fuit
1489 787 1615 814 Salvator
1641 791 1668 813 et
1692 785 1824 813 Dominus

1039 841 1132 864 noster
1145 834 1225 863 Iesus
1239 835 1375 863 Christus.
1392 834 1478 870 Hujus
1497 834 1569 860 enim
1586 832 1678 864 unius,
1693 839 1743 858 nec
1757 831 1824 858 alte-

1039 883 1097 909 rius
1111 882 1264 917 cujuspiam
1289 889 1394 912 eorum,
1409 880 1456 916 qui
1473 887 1592 914 unquam
1613 878 1723 909 fuerint,
1739 877 1823 904 divini

1039 927 1115 963 regni
1128 932 1210 963 atque
1225 926 1333 961 imperii
1345 926 1425 954 sedes
1435 930 1614 961 permansura
1631 926 1673 950 est
1684 930 1745 949 cum
1754 922 1823 954 sole,

1037 978 1064 1002 et
1078 974 1123 1001 hic
1135 974 1207 1001 idem
1221 980 1272 1000 nec
1285 973 1354 1000 alius
1363 971 1498 1007 quispiam
1512 978 1546 997 ex
1555 969 1695 997 hominum
1713 975 1822 1004 genere,

1038 1026 1100 1048 ante
1123 1021 1215 1047 lunam
1238 1023 1264 1047 ct
1284 1023 1348 1046 ante
1367 1017 1448 1054 355
1471 1016 1566 1044 mlmdi
1588 1015 1822 1046 constitutionem,

1037 1071 1167 1102 tanquam
1183 1066 1206 1093 is
1217 1066 1265 1105 qui
1280 1065 1325 1092 Dei
1341 1064 1376 1092 sit
1386 1063 1517 1095 Verbum,
1530 1062 1564 1090 ab
1577 1062 1655 1089 initio
1669 1061 1730 1092 fuit,
1741 1063 1824 1096 atque

1038 1113 1082 1140 hic
1098 1112 1173 1140 solus
1187 1112 1295 1139 coalitus
1308 1111 1334 1138 in
1344 1117 1451 1137 omnem
1467 1114 1569 1136 terram
1584 1108 1655 1135 roris
1667 1108 1754 1134 instar
1769 1107 1824 1134 stil-

1038 1160 1112 1186 lavit.
1128 1158 1233 1186 Dictum
1251 1165 1360 1193 quoque
1372 1160 1424 1188 est,
1441 1156 1517 1183 illum
1533 1156 1565 1182 ad
1585 1162 1680 1182 omnes
1697 1153 1824 1181 homines

1037 1210 1161 1232 exortum
1183 1212 1254 1236 esse,
1268 1204 1295 1230 in
1313 1204 1346 1230 iis
1361 1210 1420 1238 qua!
1434 1202 1514 1237 paulo
1535 1205 1598 1228 ante
1615 1208 1629 1227 a
1645 1200 1725 1227 nobis
1739 1207 1824 1234 expo-

1037 1253 1088 1279 sita
1104 1255 1177 1282 sunt,
1195 1254 1221 1277 et
1234 1248 1368 1284 justitiam
1385 1249 1586 1283 permanentem
1609 1253 1697 1280 usque
1713 1245 1746 1272 ad
1763 1246 1824 1271 vita:

1037 1296 1310 1326 consummationem,
1326 1302 1387 1329 qum
1404 1293 1474 1320 lunaa
1483 1292 1601 1320 sublatio
1618 1291 1758 1319 nominata
1769 1295 1821 1319 est.

1037 1342 1183 1370 Evidenter
1196 1348 1260 1368 vero
1284 1339 1434 1367 Salvatoris
1451 1338 1539 1366 nostri
1555 1339 1643 1366 virtus
1665 1337 1823 1365 dominatur

1037 1392 1119 1423 atque
1140 1388 1256 1423 imperat
1274 1388 1308 1414 ab
1324 1386 1380 1413 Eoo
1404 1385 1471 1413 mari
1493 1392 1580 1420 usque
1596 1384 1630 1411 ad
1650 1384 1734 1411 solem
1750 1383 1824 1410 occi-

1037 1435 1160 1466 dentem;
1177 1442 1237 1470 quae
1257 1434 1366 1469 quidem
1387 1433 1475 1460 virtus
1487 1431 1627 1459 actionum
1642 1437 1753 1458 suarum
1767 1430 1806 1457 ini
1816 1444 1823 1450 -

1036 1481 1105 1508 tium
1128 1481 1192 1508 fecit
1209 1489 1224 1507 a
1246 1480 1367 1511 ﬂninine,
1390 1479 1463 1515 quod
1478 1482 1531 1512 est,
1555 1481 1602 1505 aut
1615 1477 1715 1504 lavacri
1727 1481 1824 1512 myste-

1037 1526 1089 1560 rio,
1105 1531 1152 1553 aut
1169 1534 1184 1553 a
1196 1525 1325 1558 Iordane,
1347 1525 1393 1553 ubi
1416 1533 1477 1551 cum
1492 1524 1608 1559 primum
1630 1531 1660 1551 se
1676 1522 1823 1550 videndum

201 1567 272 1615 σίαςΖ
287 1567 493 1603 Παρεκταθεῖσα
509 1570 574 1604 γοῦν
592 1571 620 1604 ἐξ
636 1572 740 1598 ἐκείνου
756 1573 772 1607 ὴ
787 1573 815 1598 ἐν
831 1572 984 1609 ἀνθρώποις

1038 1573 1191 1607 praebuerit,
1205 1572 1362 1599 hominibus
1381 1571 1465 1607 coepit
1483 1578 1545 1598 esse
1560 1569 1708 1597 beneﬁcus.
1724 1569 1763 1596 Ex
1776 1568 1823 1596 illo

200 1611 324 1646 βασιλεία
349 1614 441 1647 αὑτοῦ,
461 1615 552 1651 διῆλθε
577 1617 636 1643 καθ’
662 1617 725 1653 ὅλης
739 1618 787 1653 τῆς
813 1618 984 1654 οἰκουμένης·

199 1657 316 1685 Λιϐάνου
332 1658 360 1686 δὲ
383 1659 578 1697 ὲπινοουμένης
601 1662 649 1697 τῆς
669 1663 856 1700 Ἰερουσαλὴμ,
873 1665 911 1696 ὡς
932 1665 986 1692 ἀπὸ

199 1702 332 1731 πλείστων
358 1705 427 1732 ὅσων
457 1708 630 1743 προφητειῶν
656 1709 864 1743 ἀποδείκνυται,
889 1710 933 1737 διὰ
956 1710 986 1737 τδ

199 1747 284 1775 πάλαι
300 1750 330 1775 ὲν
346 1750 414 1786 αὐτῇ
430 1751 564 1788 ἁγίασμα,
581 1753 670 1780 καὶτὸ
686 1754 888 1792 θυσιαστήριον,
908 1757 943 1784 τά
957 1766 986 1783 τε

199 1795 246 1822 ἐπὶ
258 1795 345 1832 τούτῳ
368 1797 408 1829 εἰς
428 1797 510 1834 τιμὴν
528 1793 718 1835 ἀναφερόμενα
738 1801 844 1828 λιϐάνου
858 1803 935 1837 δίκην
948 1802 987 1838 τῷ

199 1839 269 1876 Θεῷ,
284 1841 298 1867 ὁ
315 1841 362 1868 τοῦ
385 1841 502 1879 Χριστοῦ
522 1845 625 1879 καρπὸς
645 1846 661 1880 ὴ
684 1845 713 1878 ἐξ
738 1846 820 1872 ἐθνῶν
841 1847 987 1883 Ἐκκλησία

199 1886 271 1922 ὑπὲρ
283 1886 329 1913 τὸν
345 1888 459 1915 Λίϐανον
478 1889 643 1925 ἁρθήσεσθαι
661 1891 828 1924 θεσπίζεται.
848 1893 909 1919 Ἐπὶ
924 1901 987 1928 σχο-

201 1931 251 1966 ὶῆς
264 1932 286 1959 δ’
303 1933 336 1960 ἂν
349 1934 363 1960 ὁ
376 1934 528 1971 φιλομαθὴς
548 1936 636 1971 ἑαυτῴ
653 1937 698 1963 τδν
713 1937 819 1972 ψαλμὸν
833 1938 901 1973 πρὸς
915 1938 986 1971 λέξιν

202 1977 359 2013 βασανίσας,
384 1980 456 2016 μόνῳ
481 1980 519 2016 τῷ
543 1982 669 2018 ἡμετέρῳ
697 1983 792 2018 Κυρίῳ
812 1982 845 2010 τὰ
862 1984 891 2010 ὲν
913 1984 987 2019 αὐτῷ

200 2027 348 2062 προσήκειν
370 2028 559 2063 ὁμολογήσειεν
582 2029 623 2056 ἄν·
650 2029 718 2056 ἀλλὰ
737 2029 798 2056 οὔτε
821 2030 860 2066 τῷ
882 2030 987 2066 παλαιῷ

199 2071 346 2108 Σολομῶνι,
372 2073 433 2100 οὗτε
460 2074 544 2110 ἑτέρῳ
567 2074 622 2101 τῶν
663 2076 721 2110 μετ’
751 2076 832 2102 αὐτὸν
857 2076 986 2111 βασιλέων

200 2117 260 2150 ἑνὸς
283 2117 377 2151 ἔθνους
394 2119 448 2146 τῶν
468 2120 602 2148 Ἰουδαίων
616 2120 765 2157 ἀρξάντων,
783 2123 828 2148 καὶ
845 2123 875 2149 οὐ
895 2122 987 2150 πλεῖον

199 2163 347 2198 ὁλιγοστῶν
371 2164 456 2192 ἐθνῶν
466 2185 473 2198 ,
498 2166 545 2192 καὶ
570 2167 623 2193 οὐδ’
639 2167 680 2201 ἐφ’
695 2168 792 2204 ἐτέρας
810 2168 826 2203 ἦ
842 2169 923 2205 μόνης
937 2170 986 2204 τῆς

206 2209 336 2241 Ἰουδαίας
348 2210 409 2245 γῆς.

1036 1625 1100 1653 ergo
1115 1617 1267 1652 profectum
1281 1617 1354 1644 illius
1376 1616 1446 1643 inter
1470 1615 1594 1642 homines
1619 1622 1732 1649 regnum
1761 1613 1824 1640 uni-

1036 1672 1142 1692 versam
1159 1668 1260 1691 terram
1280 1663 1444 1698 peragravit.
1464 1661 1532 1690 Cum
1547 1668 1612 1689 vero
1626 1668 1675 1695 per
1690 1660 1822 1687 Libanum

1037 1710 1205 1738 Hierusalem
1229 1709 1406 1744 intelligatur,
1429 1712 1459 1734 ut
1477 1715 1509 1735 ex
1529 1706 1739 1742 quamplurimis
1759 1713 1823 1741 pro-

1038 1757 1136 1791 phetiis
1153 1760 1275 1792 apparet,
1297 1759 1409 1790 propter
1433 1754 1575 1789 antiquum
1591 1753 1618 1779 in
1632 1752 1678 1779 illa
1694 1755 1822 1779 sanctua-

1037 1803 1118 1835 rium,
1137 1806 1164 1830 et
1183 1802 1277 1833 altare,
1291 1805 1318 1829 et
1332 1808 1392 1836 qua:
1405 1801 1433 1827 in
1448 1808 1480 1827 eo
1497 1799 1530 1826 ad
1544 1799 1674 1825 honorem
1690 1797 1745 1825 Deo
1758 1798 1822 1824 thu-

1036 1849 1075 1875 ris
1091 1849 1176 1875 instar
1191 1847 1385 1878 offerebantur,
1402 1845 1504 1873 Christi
1527 1844 1644 1876 fructus,
1661 1852 1722 1879 qua:
1733 1848 1776 1872 est
1788 1851 1822 1871 ex

1036 1894 1162 1929 gentibus
1184 1893 1316 1925 Ecclesia,
1336 1901 1419 1928 super
1440 1891 1574 1919 Libanum
1587 1888 1759 1918 extollendus
1774 1898 1820 1917 ca-

1037 1941 1121 1967 nitur.
1138 1940 1283 1973 Caeterum,
1302 1939 1450 1967 studiosior
1469 1937 1605 1972 quispiam
1630 1935 1753 1963 discendi
1774 1936 1821 1963 ubi

1038 1994 1085 2021 per
1098 1986 1184 2013 otium
1200 1986 1271 2021 apud
1283 1986 1402 2020 seipsum
1416 1992 1463 2019 per
1479 1983 1586 2018 singula
1601 1983 1684 2011 verba
1696 1983 1822 2010 eumdem

1038 2033 1170 2068 psalmum
1180 2031 1372 2067 exploraverit,
1382 2031 1428 2058 uni
1442 2030 1555 2057 Domino
1569 2033 1664 2057 nostro
1678 2029 1823 2056 convenire

1038 2087 1098 2114 quae
1111 2080 1139 2106 in
1156 2087 1188 2106 eo
1199 2079 1383 2109 continentur,
1396 2077 1475 2104 facile
1485 2076 1669 2106 confitebitur.
1683 2075 1822 2103 Salomoni

1038 2130 1140 2157 autem,
1157 2129 1204 2152 aut
1216 2125 1261 2151 alii
1276 2124 1395 2159 cuipiam
1413 2131 1509 2151 eorum
1526 2130 1619 2159 regum
1633 2123 1679 2158 qui
1696 2126 1757 2157 post
1777 2121 1825 2149 Sa-

1038 2171 1173 2198 lomonem
1194 2170 1288 2205 paucis
1317 2170 1397 2198 annis
1418 2178 1472 2197 non
1496 2170 1612 2204 amplius
1634 2169 1681 2196 uni
1704 2168 1824 2197 Judaiete

1038 2222 1111 2252 genti
1127 2226 1180 2245 non
1199 2217 1262 2244 alibi
1285 2225 1367 2252 quam
1389 2217 1416 2244 in
1435 2224 1487 2243 una
1507 2216 1598 2243 Judala
1617 2220 1689 2243 terra
1707 2216 1824 2251 impera-

979 2254 983 2258 .
1000 2257 1022 2284 Ῐ)
1037 2264 1134 2296 verint,
1146 2271 1329 2298 nequaquam.

205 2311 278 2341 Ἀπὸ
298 2314 352 2341 τοῦ
371 2315 491 2357 Ίζσηΐου
514 2317 631 2357 -.Περὶ
657 2317 781 2357 Ἰεσσαὶ,
803 2318 851 2345 καὶ
873 2319 925 2345 τοῦ
951 2319 985 2346 ἐκ

339 2350 509 2385 σπέρματος
523 2350 616 2378 αὑτοῦ
633 2353 845 2388 γενησομένου.

236 2414 248 2432 ι
265 2406 321 2433 Καὶ
337 2406 506 2439 ἐξελεύσεται
530 2408 627 2443 ῥάϐδος
650 2410 682 2435 ἐκ
703 2409 753 2445 τῆς
776 2410 853 2446 ῥίζης
871 2411 985 2441 Ἰεσσαὶ,

199 2450 247 2478 καὶ
260 2451 341 2483 ἄνθος
355 2453 386 2479 ὲκ
404 2453 455 2487 τῆς
477 2453 555 2488 ῥίζης
576 2454 750 2490 ἀναϐήσεται,
769 2456 815 2482 καὶ
827 2456 986 2483 ἐπαναπαύ-

200 2504 277 2524 σεται
301 2498 349 2524 ὲπὶ
371 2498 451 2525 αὐτὸν
474 2498 584 2534 πνεῦμα
599 2499 676 2531 Θεοῦ,
699 2500 808 2536 πνεῦμα
828 2502 924 2535 σοφίας
940 2503 986 2528 καὶ

199 2543 346 2577 συνέσεως,
364 2545 474 2580 πνεῦμα
492 2545 589 2581 βουλῆς
608 2546 654 2573 καὶ
671 2546 780 2582 ἰσχύος,
796 2546 905 2582 πνεῦμα
918 2547 987 2582 γνώ-

199 2597 268 2623 σεως
293 2591 340 2618 καὶ
361 2591 510 2623 εὐσεϐείας·
532 2591 666 2628 ἐμπλήσει
683 2592 763 2619 αὑτὸν
783 2592 890 2628 πνεῦμα
905 2593 986 2627 φόϐου

198 2635 274 2663 Θεοῦ.
291 2637 330 2664 Οὐ
354 2636 424 2665 κατὰ
445 2637 494 2672 τὴν
515 2637 594 2669 δόξαν
607 2640 704 2674 κρινεῖ,
718 2638 779 2665 οὐδὲ
794 2638 865 2665 κατὰ
878 2638 926 2674 τὴν
940 2639 987 2665 λα-

197 2680 258 2708 λιὰν
271 2681 386 2716 eumn,
401 2682 469 2709 ἀλλὰ
483 2684 571 2718 κρινεί
580 2683 699 2718 ταπεινῷ
709 2683 809 2718 κρίσιν,
824 2684 871 2710 καὶ
883 2684 987 2719 ἐλέγξει

191 2727 260 2760 ’τοὺς
281 2729 426 2760 ταπεινοὺς
442 2728 490 2764 τῆς
507 2729 569 2764 γῆς.
587 2729 642 2755 Καὶ
662 2728 739 2756 ἔσται
753 2730 908 2767 δικαιοσύνῃ
921 2730 988 2763 ἐζω-

198 2774 296 2808 σμένος
307 2774 357 2809 τὴν
377 2774 462 2808 ὀσφὺν
483 2774 578 2806 αὐτοῦ,
595 2774 643 2801 καὶ
657 2774 770 2810 ἀληθείᾳ
784 2775 925 2811 εἰλημένος
939 2776 987 2808 τὰς

197 2817 317 2855 πλευρὰς
342 2818 443 2850 αὐτοῦ,
465 2819 511 2846 καὶ
539 2819 793 2855 συμϐοσκηθήσεται
820 2819 900 2852 λύκος
921 2821 988 2855 μετὰ

197 2865 295 2901 ἀρνὸς,
319 2865 366 2891 καὶ
389 2865 521 2901 πάρδαλις
546 2866 782 2894 συναναπαύσεται
810 2867 916 2902 ἐρίφῳ,
941 2868 988 2894 καὶ

198 2911 346 2948 μοσχάριον
362 2912 408 2940 mi.
428 2912 497 2939 λέων
518 2912 577 2948 ἅμα
595 2912 817 2950 βοσκηθήσονται.
838 2913 893 2941 Καὶ
911 2913 988 2940 ἔσται

1037 2319 1076 2345 Ab
1099 2319 1183 2346 Isaia.
1202 2334 1234 2338 —-
1258 2318 1295 2345 De
1313 2318 1399 2347 Iesse.
1421 2323 1445 2344 et
1470 2326 1499 2344 eo
1525 2318 1572 2353 qui
1589 2326 1620 2345 ea:
1644 2321 1741 2344 semine
1766 2318 1822 2351 ejus

1364 2358 1496 2380 nascetur.

1076 2418 1085 2433 ι
1102 2407 1134 2434 Ει
1147 2408 1300 2443 egredietur
1320 2407 1395 2442 virga
1420 2407 1453 2433 de
1474 2407 1564 2434 radice
1578 2406 1665 2439 Jesse,
1683 2411 1709 2434 et
1725 2406 1775 2434 ﬂos
1789 2407 1824 2435 de

1038 2454 1130 2481 radice
1148 2454 1208 2488 ejus
1230 2453 1369 2485 ascendet,
1386 2458 1413 2480 et
1428 2455 1579 2489 requiescet
1589 2461 1671 2488 super
1685 2460 1747 2480 eum
1762 2453 1822 2488 Spi-

1038 2499 1108 2526 ritus
1120 2498 1177 2531 Dei,
1193 2499 1305 2534 spiritus
1321 2499 1460 2533 sapientia:
1476 2503 1503 2526 ct
1524 2499 1688 2529 intellectus,
1708 2499 1824 2533 spiritus

1038 2543 1147 2570 consilii
1159 2548 1185 2571 et
1202 2544 1381 2576 fortitudinis,
1394 2544 1507 2578 spiritus
1522 2544 1642 2571 scientia:
1658 2549 1685 2572 et
1703 2544 1822 2579 pietatis;

1038 2590 1153 2625 replebit
1168 2598 1230 2618 eum
1256 2590 1369 2625 spiritus
1394 2591 1500 2618 timoris
1519 2589 1577 2622 Dei,
1600 2598 1655 2617 nun
1672 2591 1823 2618 secundum

1037 2637 1192 2671 opinionem
1214 2637 1366 2671 judicabit,
1391 2645 1478 2672 neque
1508 2636 1658 2665 secundum
1685 2637 1822 2671 loquelam

1038 2682 1194 2717 redarguet,
1212 2682 1259 2709 sed
1274 2681 1407 2716 judicabit
1418 2681 1513 2708 humili
1524 2681 1668 2716 judicium.
1687 2684 1714 2708 et
1729 2680 1823 2708 redar-

1037 2732 1101 2763 guet
1116 2728 1232 2756 humiles
1246 2731 1335 2760 terrae,
1355 2733 1381 2755 et
1397 2728 1448 2755 erit
1466 2727 1573 2762 justitia
1587 2727 1728 2762 cingulum
1752 2727 1824 2755 lutu-

1038 2775 1135 2802 borum
1151 2775 1221 2809 ejus,
1237 2779 1263 2802 et
1283 2775 1382 2802 veritas
1400 2775 1588 2802 indumentum
1604 2773 1725 2807 laterum
1751 2774 1822 2808 ejus,

1039 2824 1065 2848 et
1080 2824 1207 2855 pascatur
1225 2820 1306 2847 simul
1322 2820 1402 2855 lupus
1416 2828 1478 2847 cum
1493 2827 1572 2855 agno,
1587 2825 1614 2847 et
1626 2819 1727 2856 pardus
1742 2820 1824 2846 simul

1039 2867 1164 2902 quiescet
1178 2874 1240 2893 cum
1259 2867 1350 2898 tundo,
1367 2870 1394 2894 et
1408 2866 1510 2894 vitulus
1521 2871 1547 2893 et
1562 2866 1604 2894 leo
1615 2866 1824 2900 simugpasccn‘

1038 2916 1093 2947 tur,
1110 2912 1193 2948 356
1209 2919 1235 2940 et
1251 2913 1304 2940 erit
1317 2912 1393 2940 radix
1414 2912 1500 2946 Jrsse,
1516 2916 1543 2940 et
1564 2913 1609 2948 qui
1631 2913 1718 2947 surgit
1739 2912 1822 2947 impe-
