2089 3218
266 188 318 217 559

603 186 738 214 EUSEBH
756 182 997 212 CIESARiENSIS
1015 181 1090 209 OPP.
1114 181 1204 210 PARS
1224 182 1255 210 ll.
1270 182 1560 212 ~APOLOGETICA.

1844 184 1896 212 560

267 258 330 277 rare
347 250 489 285 gentibus,
511 249 538 275 in
560 256 591 275 eo
610 252 703 283 gentes
725 247 886 283 sperabunt,
904 249 930 272 et
941 245 994 272 erit
1012 250 1054 270 rc-

1110 243 1126 278 ἡ
1141 244 1202 279 ῥίζα
1214 244 1261 271 τοῦ
1280 243 1388 277 Ἰεσσαὶ,
1406 244 1452 271 καὶ
1468 246 1482 271 ὁ
1496 244 1675 279 ἀνιστάμενος
1690 244 1783 280 ἄρχειν
1800 244 1897 275 ἐθνῶν.

268 297 346 332 quies
371 296 430 330 ejus
449 295 577 322 honor“.
599 304 607 320 ι
626 294 675 321 llic
691 294 783 326 Jesse,
803 294 848 329 qui
873 294 924 320 hoc
945 292 971 319 in
996 292 1055 320 loco

267 342 414 374 indicatur,
437 345 514 376 paler
537 341 586 367 fuit
608 340 703 368 David.
724 339 960 373 Quemadmodum
982 339 1054 366 cnim

268 390 295 416 iu
307 389 340 416 iis
356 388 506 423 prophetiis
522 395 581 422 qum
600 387 685 421 ipsam
700 387 771 414 hanc
787 390 1005 418 antecesserunt,
1022 386 1055 412 de

269 435 358 462 fructu
370 442 398 462 et
414 435 518 462 semine
531 434 614 461 David
633 434 791 468 proditurus
807 433 957 465 dicebatur,
975 437 1056 468 atque

268 483 332 510 item
353 482 386 510 de
405 483 509 509 semine
526 481 690 513 Salomonis,
704 482 798 508 eodem
817 481 897 509 modo
913 482 994 508 etiam
1011 481 1055 508 hic

269 528 394 563 plurimis
409 528 488 556 annis
509 532 569 562 post
587 532 700 555 mortem
716 536 769 555 nou
792 528 878 555 solum
897 527 990 560 David,
1008 528 1054 555 sed

268 575 349 601 etiam
365 573 530 605 Salomonis,
540 573 573 601 de
589 573 681 600 radice
694 572 782 604 JeSSe,
798 572 849 600 hoc
863 578 903 600 est
917 572 950 600 de
964 572 1055 600 radice

269 621 351 648 David
363 620 521 656 proditurus
537 620 648 655 quidam
664 619 832 655 prtedicitur.
851 620 976 647 Praesens
1006 627 1055 646 au-

267 672 321 694 tem
343 667 412 694 ratio
429 675 460 694 ea
481 667 622 698 dissolvet,
644 674 704 701 qua:
722 667 750 693 in
771 666 961 701 superioribus
982 666 1052 701 apud

266 713 374 740 Judaeos
388 713 427 740 'de
445 711 592 739 Salomone
607 712 799 743 credebantur,
818 719 880 739 cum
893 711 966 738 illius
981 719 1054 738 mor-

266 760 301 787 tis
318 764 424 794 tempus
440 763 557 790 constet,
574 762 600 785 et
615 758 672 784 hzee
686 758 780 785 eadem
796 757 879 786 Isaias
891 757 924 785 de
936 758 1052 792 quodam

265 805 319 833 alio
332 805 505 836 vaticiuetur,
520 805 565 839 qui
579 804 655 831 sitde
670 804 761 830 radice
775 803 852 832 Jesse
863 808 889 831 et
903 804 937 831 de
950 804 1054 832 semine

266 850 351 878 David
372 851 540 885 proditurus.
556 849 633 883 Quod
653 858 718 877 vero
737 858 792 877 non
812 850 846 877 ad
868 851 950 877 alium
972 858 1052 885 quam

265 897 299 924 ad
322 902 446 925 nostrum
468 896 635 924 Salvatorem
657 896 795 923 Christum
822 896 879 928 Dei,
898 897 944 931 qui
962 896 994 923 de
1010 904 1054 923 ra-

265 943 326 970 dice
350 941 434 969 David
449 945 475 969 et
492 941 568 968 Jesse
588 945 666 968 ortus
688 945 740 972 est,
759 941 901 968 referenda
922 941 977 968 sint
993 949 1054 976 quae

266 989 388 1022 proxime
400 988 556 1018 citavimus,
568 986 755 1014 dubitaturum
771 987 890 1014 arbitror
906 987 1052 1019 neminem,

264 1035 312 1069 qui
326 1039 352 1062 et
367 1034 531 1069 promissum
544 1034 648 1061 oraculi
662 1033 818 1065 attenderit,
836 1033 908 1068 quod
924 1033 961 1060 ait
975 1041 981 1059 :
998 1042 1005 1058 ι
1021 1032 1054 1060 Et

264 1081 317 1108 erit.
336 1080 410 1108 radix
426 1080 512 1113 Jesse,
528 1085 554 1108 et
568 1081 614 1115 qui
634 1081 720 1115 surgit
736 1084 764 1107 ut
785 1080 898 1115 imperet
915 1080 1053 1115 gentibus,

266 1128 293 1156 iu
307 1135 340 1156 eo
358 1131 453 1163 gentes
472 1127 631 1163 sperabunt,
648 1137 656 1153 I
675 1131 702 1155 et
725 1135 815 1154 rerum
832 1131 928 1154 eventa
944 1136 1003 1162 qua:
1019 1128 1053 1155 de

266 1175 407 1202 Salvatore
434 1178 529 1202 nostro
555 1173 789 1202 demonstrantur.
807 1173 888 1202 Solus
911 1175 984 1201 enim
1011 1174 1055 1202 hic

265 1222 311 1249 ubi
326 1229 341 1249 a
358 1225 445 1249 morte
462 1221 592 1253 surrexit,
609 1226 719 1256 propter
730 1221 801 1256 quod
810 1221 891 1248 etiam
904 1222 978 1248 illum
995 1229 1055 1248 sur-

265 1273 372 1303 gentem
382 1272 509 1295 vocatum
524 1275 584 1295 esse
600 1267 728 1298 arbitror,
742 1275 796 1294 non
812 1266 927 1294 Judaieo
942 1267 1054 1302 populo,

266 1313 312 1340 sed
330 1312 466 1340 universis
484 1313 610 1347 gentibus
626 1313 780 1348 imperavit,
799 1313 866 1341 adeo
888 1313 1010 1348 quidem.
1026 1319 1054 1341 ut

266 1367 301 1386 ne
324 1359 379 1386 ulla
400 1358 512 1394 quidem
538 1359 764 1394 interpretatione
787 1359 909 1394 indigere
931 1360 1056 1387 vuleatur

265 1405 419 1437 oraculum,
440 1412 502 1431 cum
529 1404 688 1439 planissime
713 1409 820 1432 constet
848 1405 875 1431 in
902 1405 947 1432 illo
975 1406 1054 1433 tinem

266 1451 406 1486 accepisse
419 1458 473 1478 una
486 1458 546 1478 cum
560 1450 621 1477 aliis
634 1450 700 1477 illud
711 1458 820 1486 quoque
836 1459 857 1477 ι(
874 1452 902 1479 In
917 1459 949 1479 eo
962 1456 1055 1487 gentes

266 1497 425 1531 sperabunt.
445 1505 454 1522 ›
475 1496 541 1529 Quae
559 1504 623 1523 vero
644 1501 775 1531 tanquam
794 1497 827 1524 de
848 1497 1011 1525 animalibus
1029 1501 1056 1525 et

267 1542 332 1570 feris
346 1543 604 1575 mansuefacieudis,
622 1547 648 1570 et
668 1548 790 1578 agrestes
806 1551 895 1571 mores
913 1548 994 1578 atque
1011 1544 1056 1571 in-

266 1589 383 1617 domitos
400 1589 576 1624 deposituris.
593 1590 620 1616 iu
633 1590 693 1624 ejus
711 1590 828 1617 adventu
845 1590 878 1617 de
895 1598 950 1625 quo
969 1590 1057 1625 loqui-
1070 1604 1091 1632 ο

266 1639 311 1661 tur
326 1636 478 1671 prophetia,
491 1635 629 1667 dicuntur,
641 1643 687 1670 per
697 1636 808 1670 ﬁguram
820 1636 915 1663 referri
929 1640 1056 1671 poterunt

267 1681 299 1708 ad
317 1689 406 1709 mores
420 1682 539 1709 immites
562 1685 642 1717 atque
658 1687 790 1717 agrestes,
809 1687 836 1710 et
852 1683 886 1710 ad
903 1684 993 1711 victus
1007 1684 1056 1710 ho-

266 1728 370 1755 minutn
388 1728 470 1760 feros,
487 1729 533 1763 qui
557 1736 604 1763 per
619 1728 721 1756 Christi
739 1728 905 1761 doctrinam,
930 1729 1057 1756 immani-

266 1778 349 1800 talem
376 1773 493 1809 priorem
519 1781 550 1800 ac
570 1772 706 1802 feritatem
719 1775 878 1809 abjecerint.
894 1774 1056 1803 Planissime

265 1824 355 1848 autem
379 1821 476 1848 horum
499 1821 631 1857 ﬁguratus
656 1829 754 1849 sensus
779 1822 927 1856 aperietur,
954 1822 977 1849 si
993 1822 1055 1857 quis

265 1867 383 1894 radicem
398 1866 485 1900 Jesse,
503 1876 563 1908 qua;
579 1868 606 1895 in
622 1868 762 1903 prophetia
779 1868 944 1900 continetur,
961 1872 987 1895 et
1001 1869 1056 1895 vir-

264 1921 337 1947 gam,
350 1917 376 1940 et
389 1913 480 1941 liorem
499 1914 532 1940 ad
548 1922 658 1941 sensum
674 1919 837 1942 convertens
849 1916 1053 1951 interpretetur,

219 1994 221 1998 Α
264 1963 437 1994 exponatque
460 1968 513 1994 qua
533 1961 640 1987 ratione
662 1961 830 1996 intelligatur
846 1961 951 1996 justitia
969 1962 1054 1989 latera

265 2005 395 2035 cinxisse.
419 2009 446 2032 et
463 2006 577 2033 veritate
602 2006 709 2033 lumbos
727 2006 859 2034 induisse.
886 2006 963 2034 Sicut
981 2006 1054 2034 enim

265 2052 323 2078 haec
336 2059 390 2078 non
405 2052 483 2078 aliter
500 2059 645 2086 possumus
659 2059 740 2086 quam
755 2060 801 2087 per
813 2053 955 2088 ﬁguratam
971 2061 1054 2088 expo-

265 2097 393 2124 sitionem
417 2097 602 2132 interpretari,
619 2098 655 2124 ita
680 2099 815 2134 sequitur,
838 2104 867 2125 ut
890 2106 922 2126 ea
944 2107 1052 2133 quoque

265 2144 390 2178 accipere
401 2147 534 2179 oporteat,
551 2152 611 2179 qua:
623 2145 706 2173 variis
715 2146 742 2171 iu
759 2146 825 2172 locis
834 2145 885 2172 sub
894 2145 1052 2172 animalium

265 2190 422 2217 nominibus
439 2190 624 2226 proferuntur.

265 2257 345 2292 357
363 2257 401 2283 Ab
413 2258 540 2284 Ieremia.
555 2271 589 2277 ο-
609 2258 690 2285 Ortus
705 2258 795 2292 justus
807 2266 839 2285 ea:
849 2259 947 2285 semine
969 2259 1052 2286 Darid

300 2301 452 2327 exsurgens.
467 2297 490 2319 et
502 2293 635 2319 hominum
652 2293 720 2319 idem
741 2301 796 2323 rex.
818 2302 934 2326 novaque
953 2295 1052 2320 consti-

300 2328 396 2355 tuenda
408 2327 550 2365 appcltatio
560 2329 602 2359 iis,
611 2330 656 2363 qui
671 2328 718 2354 sub
731 2337 760 2355 eo
774 2329 928 2362 regnabant,
940 2330 1053 2365 itemqu:

450 2364 568 2398 priorum
582 2368 747 2398 peccatorum
758 2365 867 2391 solutio.

301 2462 310 2478 ι
327 2452 397 2480 Ecce
411 2452 470 2481 dies
491 2453 614 2484 veniunt,
627 2453 694 2481 dicit
706 2453 850 2486 Dominus,
867 2457 895 2481 et
912 2454 1052 2483 suscitabo

263 2499 315 2535 ipsi
336 2498 420 2527 David
432 2504 522 2527 ortum
535 2500 653 2535 justum,
668 2504 694 2527 et
714 2500 839 2536 regnabit
860 2507 919 2533 rex.
931 2505 958 2528 et
973 2501 1053 2528 intel-

263 2547 338 2581 liget,
364 2551 390 2575 et
414 2547 495 2575 faciet
508 2547 652 2582 judicium,
676 2551 704 2575 et
720 2547 857 2582 justitiam
877 2548 905 2575 in
921 2552 1005 2580 terra,
1025 2548 1053 2575 in

264 2593 361 2621 diebus
384 2594 443 2628 ejus
471 2594 624 2621 servabitur
645 2593 741 2626 Judas,
756 2598 784 2621 et
809 2594 893 2622 Israel
921 2593 1053 2622 habitabit

265 2638 415 2670 rontidens.
432 2643 459 2666 et
479 2639 530 2667 hoc
542 2646 641 2667 nomen
657 2647 711 2674 quo
726 2639 835 2666 vocabit
848 2640 949 2674 ipsum,
965 2640 1054 2667 Domi-

263 2692 326 2717 ειη,
359 2684 511 2713 Josedecim
535 2686 606 2713 inter
631 2686 780 2721 prophetas
794 2686 827 2714 ¹².
860 2685 889 2713 In
917 2685 961 2713 die
994 2686 1051 2719 illa,

264 2731 332 2758 dixit
348 2731 489 2765 Dominus,
502 2737 642 2760 conteram
654 2732 751 2767 jugum
769 2732 802 2760 de
818 2732 890 2760 collo
904 2740 1009 2765 eorum,
1027 2737 1054 2761 et

264 2778 372 2806 vincula
384 2786 479 2806 eorum
490 2777 623 2814 frangam,
634 2781 662 2805 et
671 2786 727 2805 non
739 2778 925 2814 operabuntur
937 2779 1054 2814 amplius

264 2824 319 2853 diis
332 2825 438 2859 alienis,
454 2825 502 2853 sed
516 2825 702 2860 operabuntur
717 2824 833 2853 Domino
849 2824 903 2853 Deo
920 2825 1053 2862 ipsorum,

300 2916 322 2933 "
336 2915 387 2944 ita.
406 2924 443 2951 ιι,
460 2916 503 2943 10.
543 2917 564 2934 ¹²
579 2915 624 2944 Jcr
652 2925 737 2952 nul,
757 2917 821 2951 5,6.

1110 291 1151 316 ἐπ’
1165 290 1238 326 αὐτῷ
1250 290 1313 326 ἔθνη
1329 290 1461 322 ὲλπιοῦσι,
1475 291 1520 317 καὶ
1530 291 1605 316 ἔσται
1621 291 1637 324 ἡ
1651 290 1801 322 ἀνάπαυσις
1814 288 1897 317 αὐτοῦ

1109 337 1186 371 τιμή.
1215 346 1223 361 ι
1252 337 1280 362 '0
1304 336 1465 371 δηλούμενος
1491 335 1606 363 ἐνταῦθα
1628 336 1726 362 Ἰεσσαὶ
1749 337 1839 372 πατὴρ
1863 334 1897 372 ἦν

1109 382 1155 408 τοῦ
1171 382 1261 409 Δαϐίδ.
1278 382 1381 418 Ὥσπερ
1406 380 1451 409 οὖν
1474 383 1503 408 ἐν
1526 384 1584 414 ταῖς
1600 383 1652 418 πρὸ
1673 383 1774 418 ταύτης
1791 391 1898 419 προφηο

1109 429 1192 460 τείαις
1204 430 1235 455 ἐκ
1248 428 1353 464 καρποῦ
1365 429 1411 455 καὶ
1425 429 1579 464 σπέρματος
1593 429 1673 455 Δαϐὶδ
1686 429 1897 464 προελεύσεσϐαι

1109 475 1227 509 ἐλέγετο,
1251 477 1298 502 καὶ
1322 476 1402 502 πάλιν
1424 477 1456 502 ὲκ
1481 476 1636 511 σπέρματος
1657 475 1829 511 Σολομῶνος,
1851 476 1897 503 τὸν

1109 522 1189 548 αὑτὸν
1213 522 1312 558 τρόπον
1335 522 1474 549 κάνταῦθα
1498 522 1632 554 πλείστοις
1655 522 1766 558 ὕστερον
1787 523 1836 558 τῆς
1850 521 1897 549 τοῦ

1109 568 1190 594 Δσιϐὶδ
1205 569 1234 594 οὺ
1257 569 1351 604 μόνον,
1365 568 1432 595 ἀλλὰ
1449 569 1495 595 καὶ
1511 569 1559 604 τῆς
1578 568 1624 595 τοῦ
1641 568 1793 604 Σολομῶνος
1807 569 1898 595 τελευ-

1108 614 1158 649 τῆς
1174 615 1271 646 ἐτεσιν,
1288 616 1319 641 ἐκ
1337 615 1414 649 ῥίζης
1436 615 1548 646 Ἰεσσαὶ,
1563 615 1640 650 δῆλον
1652 615 1674 641 δ’
1688 616 1728 641 ὅτι
1742 615 1788 642 καὶ
1803 616 1834 641 ἐκ
1848 615 1898 650 τῆς

1109 660 1154 687 τοῦ
1173 661 1255 687 Δα6“ιδ
1270 661 1481 697 προελεύσεσοαί
1492 670 1534 693 τις
1551 661 1719 693 θεσπίζεται.
1737 661 1818 689 Λύσει
1835 662 1863 688 δὲ
1883 663 1897 689 ό

1109 707 1204 742 παρὼν
1217 707 1295 741 λόγος
1309 708 1357 743 τὴν
1373 709 1401 733 ἐν
1416 709 1471 739 τοῖς
1493 707 1609 744 πρόσθεν
1626 707 1805 744 νομιζομένην
1821 708 1898 743 παρὰ

1115 753 1252 784 Ἰουδαίοις
1281 754 1344 790 περὶ
1371 754 1418 780 τοῦ
1446 754 1600 789 Σολομῶνος
1631 754 1760 789 τελευτῆς
1788 755 1895 790 χρόνου.

1109 800 1201 827 Ταῦτα
1223 800 1336 832 Ἡσαΐας
1354 801 1417 837 περί
1439 809 1509 832 τινος
1526 801 1618 837 ἐτέρου
1635 801 1811 836 προφητεύει,
1834 801 1898 836 μέλ-

1108 847 1198 879 λοντος
1222 849 1254 874 ὲκ
1277 847 1355 884 ῥίζης
1383 848 1480 874 Ἰεσσαὶ
1505 849 1551 874 καὶ
1577 850 1609 874 ἐκ
1634 849 1788 883 σπέρματος
1814 848 1898 875 Δαϐὶδ

1109 894 1340 930 ὰναφανήσεσθαι.
1360 895 1419 921 Ὅτι
1440 895 1468 921 δὲ
1492 895 1544 921 οὐδ’
1569 895 1611 929 ἐφ’
1634 894 1726 930 ἕτερον
1749 895 1765 931 ἦ
1784 895 1828 921 ἐπὶ
1851 895 1898 922 τὸν

1071 928 1091 955 Β
1108 928 1239 975 ἡμέτερον
1254 941 1366 977 Σωτῆρα
1377 941 1422 967 τὸν
1438 941 1553 977 Χριστὸν
1571 941 1617 967 τοῦ
1636 928 1703 967 Θεοῦ
1719 928 1846 976 ἀνάγεται
1863 941 1897 969 τὰ

1107 987 1268 1022 δηλούμενα,
1284 988 1316 1013 ἐκ
1333 987 1408 1022 ῥίζης
1424 987 1567 1022 γενόμενον
1580 987 1662 1014 Δαὸίδ
1676 996 1704 1013 τε
1721 988 1767 1014 καὶ
1786 989 1896 1020 Ἰεσσαὶ,

1107 1034 1156 1060 οὐκ
1173 1033 1248 1069 οἶμαί
1261 1043 1320 1061 τινα
1334 1033 1524 1069 ἀμφιδάλλειν,
1535 1034 1717 1069 ἐπιστήσαντα
1726 1036 1758 1070 τῇ
1772 1043 1800 1061 τε
1812 1036 1898 1069 ἑπαγ-

1107 1081 1184 1116 γελίᾳ
1207 1081 1256 1115 τῆς
1283 1082 1460 1117 προρρήσεως
1486 1080 1645 1117 φασκούσῃ·
1669 1090 1678 1106 ‹
1702 1082 1756 1108 Καὶ
1778 1081 1854 1108 ἔσται
1881 1082 1897 1118 ἡ

1107 1126 1169 1162 ῥίζα
1193 1127 1239 1153 τοῦ
1261 1128 1367 1159 Ἰεσσαὶ,
1391 1128 1467 1154 καὶὸ
1489 1127 1665 1161 ἀνιστάμενος
1689 1128 1782 1163 ἄρχειν
1800 1127 1895 1160 ἐθνῶν,

1106 1174 1149 1199 ἐπ’
1167 1168 1240 1209 αὐτῷ
1255 1173 1317 1209 ἔθνη
1337 1174 1457 1200 ἐλπιοῦσι
1468 1194 1474 1206 ,
1493 1184 1502 1200 ι
1519 1176 1633 1206 καὶτοῖς
1650 1174 1696 1200 ἐπὶ
1708 1173 1754 1200 τοῦ
1772 1174 1897 1209 Σωτῆρος

1106 1218 1184 1253 ἡμῶν
1204 1218 1387 1254 δεικνυμένοις
1407 1219 1617 1254 ἀποτελέσμασι.
1640 1219 1726 1250 Μόνος
1741 1218 1805 1253 γοῦν
1819 1216 1897 1251 οὗτος

1108 1264 1176 1299 μετὰ
1201 1265 1250 1300 τὴν
1267 1266 1299 1291 ἐκ
1324 1265 1428 1301 νεκρῶν
1446 1266 1608 1298 ἀνάστασιν,
1633 1266 1666 1292 δι’
1691 1266 1723 1301 ἢν
1749 1266 1795 1292 καὶ
1819 1264 1897 1302 οἶμαι

1107 1311 1186 1336 αὑτὸν
1211 1312 1386 1346 ἀνιστάμενον
1412 1312 1623 1347 ἐπικεκλῆσθαι,
1642 1313 1671 1339 οὐ
1697 1313 1743 1339 τοῦ
1764 1313 1897 1340 Ἰουδαίων

1106 1356 1180 1390 λαοῦ,
1195 1358 1262 1384 ἀλλὰ
1280 1359 1334 1384 τῶν
1351 1358 1434 1385 ἐθνῶν
1450 1359 1577 1386 ἁπάντων
1598 1357 1690 1395 ἦρξεν,
1704 1360 1741 1392 ὡς
1755 1359 1791 1395 μὴ
1806 1360 1897 1394 δεδεῆ-

1108 1404 1168 1430 σθαι
1185 1404 1215 1430 τὸ
1238 1405 1326 1439 λόγιον
1350 1406 1515 1440 ἑρμηνείας,
1543 1405 1635 1439 σαφῶς
1662 1406 1792 1442 προδήλου
1816 1405 1897 1433 καθε-

1109 1451 1223 1482 στῶτος,
1251 1452 1324 1483 ὅπως
1350 1453 1389 1484 είς
1418 1453 1498 1479 αὑτὸν
1525 1452 1599 1484 τέλος
1626 1453 1720 1488 εἴληφε
1747 1453 1814 1489 μετα
1841 1453 1896 1480 τῶν

1107 1497 1193 1523 ἄλλων
1205 1498 1300 1530 καὶτὸ,
1317 1508 1325 1523 ι
1347 1499 1404 1525 Ἐπ’
1417 1499 1490 1534 αὑτῷ
1505 1499 1567 1535 ἔθνη
1580 1499 1728 1527 ἐλπιοῦσιν.
1745 1509 1754 1526 ι
1770 1500 1810 1527 Τὰ
1823 1500 1843 1526 δ’
1857 1501 1896 1533 ὡς

1108 1544 1172 1579 περὶ
1197 1543 1273 1575 ζώων
1297 1544 1343 1571 καὶ
1367 1545 1468 1580 θηρίων
1492 1546 1687 1581 ἡμερουμένων
1711 1546 1740 1573 ὲν
1764 1546 1896 1582 ἐπιδημίᾳ

1107 1588 1240 1625 λεγόμενα
1263 1591 1430 1627 ἁλληγοροῖτ“
1447 1592 1479 1618 ἂν
1504 1592 1549 1618 ἐπὶ
1572 1592 1689 1628 τρόπους
1711 1593 1823 1628 ἀπηνεῖς
1848 1593 1896 1619 καὶ

1107 1635 1228 1671 ἀγρίους,
1245 1637 1291 1662 καὶ
1308 1636 1359 1672 ἤθη
1383 1638 1487 1673 ἀνδρῶν
1503 1638 1633 1673 θηριώδη,
1648 1638 1692 1664 διὰ
1705 1638 1754 1673 τῆς
1764 1638 1811 1665 τοῦ
1826 1639 1895 1674 Χρι-

1107 1681 1170 1707 στοῦ
1187 1682 1361 1714 διδασκαλίας
1377 1683 1426 1719 τῆς
1443 1683 1554 1717 ἀλογίας
1576 1685 1622 1710 καὶ
1645 1684 1789 1719 θηριωδίας
1814 1693 1896 1720 μεταν

1107 1728 1253 1764 θησόμενα.
1277 1730 1464 1765 Ἀλληγοροῖτο
1487 1730 1508 1756 δ’
1529 1730 1561 1757 ἂν
1581 1729 1667 1757 ταῦτα
1693 1730 1784 1765 σαφῶς
1798 1730 1894 1763 οὕτως,

1105 1774 1138 1800 ἂν
1165 1774 1210 1800 καὶ
1233 1775 1281 1810 τὴν
1303 1775 1469 1810 δηλουμένην
1492 1775 1535 1802 διὰ
1559 1776 1607 1811 τῆς
1633 1776 1798 1812 προφητείας
1818 1776 1896 1811 ῥίζαν

1111 1819 1220 1850 Ἰεσσαὶ.
1247 1821 1293 1846 καὶ
1317 1821 1365 1856 τὴν
1388 1821 1495 1856 ῥάϐδον,
1515 1822 1561 1848 καὶ
1580 1821 1608 1848 τὸ
1625 1822 1704 1854 ἄνοος
1724 1822 1896 1858 τροπολογῶν

1104 1873 1145 1896 τις
1162 1864 1199 1892 ἔτι
1223 1866 1399 1901 ἑρμηνεύσειε
1415 1867 1461 1893 καὶ
1475 1867 1512 1899 ὡς
1528 1867 1560 1894 ἂν
1574 1868 1726 1903 ἐπινοηθείη
1740 1867 1896 1905 δικαιοσύνῃ

1107 1911 1156 1945 μὲν
1170 1910 1219 1942 τὰς
1235 1911 1353 1947 πλευρὰς
1370 1910 1549 1947 ζωννύμενος,
1568 1912 1681 1948 ἀληθείᾳ.
1701 1912 1728 1938 δὲ
1744 1912 1793 1947 τὴν
1809 1912 1894 1946 ὀσφὺν

1105 1955 1256 1992 εἱλημένος.
1275 1956 1317 1988 Ὧς
1340 1956 1395 1992 γὰρ
1420 1957 1449 1983 οὺ
1470 1957 1580 1984 δυνατὸν
1601 1958 1701 1992 ἑτέρως
1715 1957 1802 1984 ταῦτα
1819 1958 1836 1993 ἢ
1850 1956 1895 1984 διὰ

1107 2002 1189 2037 μόνης
1201 2002 1383 2038 ἀλληγορικῆς
1402 2003 1555 2035 ἀποδόσεως
1569 2003 1739 2039 ἑρμηνεύειν,
1756 2003 1800 2030 τὸν
1814 2003 1894 2030 αὑτὸν

1104 2049 1204 2083 τρόπον
1227 2049 1382 2075 ἕπεταικαὶ
1404 2049 1438 2075 τὰ
1462 2050 1526 2085 περὶ
1549 2050 1602 2076 τῶν
1618 2050 1687 2076 κατὰ
1711 2050 1773 2081 τοὺς
1795 2049 1896 2081 τόπους

1105 2094 1311 2130 ὀνομαζομένων
1327 2094 1402 2127 ζώων
1416 2095 1514 2130 χρῆναι
1526 2095 1581 2122 δεῖν
1597 2095 1788 2131 ἐκλαμϐάνειν.

1113 2259 1178 2286 Ἀπὸ
1194 2258 1247 2285 rei
1269 2259 1414 2293 Ἰερεμίου.
1433 2273 1467 2279 —-
1487 2259 1626 2292 Ἀνατολὴ
1639 2259 1737 2285 δικαία
1752 2259 1785 2285 ἐκ
1801 2258 1895 2291 σπέρ-

1138 2303 1232 2328 ματος
1245 2294 1333 2320 Δαὸὶδ
1348 2295 1531 2328 ἀνισταμένη
1543 2315 1549 2326 ,
1569 2295 1618 2320 καὶ
1636 2293 1797 2328 ἀνθρώπων
1811 2296 1828 2321 ό
1841 2295 1896 2320 αὑ-

1142 2329 1193 2362 τὸς
1201 2330 1360 2361 βασιλεὺς,
1372 2329 1459 2362 καινή
1471 2338 1502 2356 τε
1513 2330 1695 2364 προσηγορία
1708 2329 1894 2364 τεθησομένη

1141 2365 1202 2398 τοῖς
1225 2364 1276 2392 ὑπ’
1302 2364 1382 2396 αὐτῷ
1403 2363 1735 2399 βασιλευθησομένοις,
1759 2365 1808 2391 καὶ
1835 2363 1896 2391 τῶθ

1142 2400 1293 2435 προτέρων
1308 2399 1524 2435 ἁμαρτημάτων
1541 2401 1642 2433 λύσις.

1143 2467 1154 2483 ‹
1173 2457 1238 2485 Ἰδοὺ
1256 2458 1358 2493 ήμέραι
1381 2457 1516 2493 ἔρχονται,
1537 2457 1611 2491 λέγει
1628 2456 1739 2492 Κύριος,
1758 2456 1805 2483 καὶ
1828 2457 1895 2483 ἀναι-

1108 2504 1198 2540 στήσω
1217 2504 1257 2539 τῷ
1277 2503 1359 2530 Δασὶδ
1380 2502 1511 2538 ἀνατολὴν
1533 2502 1650 2536 δικαίαν,
1672 2502 1719 2529 καὶ
1742 2502 1895 2537 βασιλεύσει

1107 2549 1243 2586 βασιλεὺς,
1258 2551 1305 2577 κα)⁸
1317 2553 1435 2586 συνήσει,
1449 2550 1497 2577 καὶ
1512 2550 1620 2585 ποιήσει
1632 2549 1718 2585 κρῖμα
1733 2549 1780 2575 καὶ
1793 2547 1897 2575 δικαιο-

1108 2596 1190 2632 σύνην
1206 2597 1252 2623 ἐπὶ
1264 2596 1314 2632 τῆς
1327 2595 1388 2631 γῆς.
1408 2595 1452 2622 Ἐν
1468 2596 1528 2627 ταῖς
1544 2595 1662 2630 ἡμέραις
1678 2593 1760 2621 αὑτοῦ
1776 2593 1897 2629 σωθήσε-

1106 2651 1149 2670 ται
1174 2643 1289 2675 Ἰούδας,
1312 2643 1359 2670 καὶ
1385 2642 1491 2678 Ἰσραὴλ
1512 2640 1719 2677 κατασκηνώσει
1735 2639 1897 2674 πεποιθὼς,

1107 2690 1153 2717 καὶ
1167 2690 1245 2717 τοὶτο
1263 2690 1294 2716 τὺ
1315 2689 1399 2723 ΰνομα
1412 2685 1434 2723 ᾧ
1449 2688 1558 2715 καλέσει
1574 2687 1655 2714 αὑτὸν
1669 2687 1788 2722 Κύριος,
1807 2686 1900 2730 11078::-

1105 2735 1201 2771 δεκεὶμ
1217 2737 1246 2762 ὲν
1262 2736 1316 2767 τοῖς
1329 2734 1492 2771 προφήταις.
1511 2734 1555 2760 Ἐν
1565 2734 1598 2768 τῇ
1616 2732 1707 2769 ἡμέρᾳ
1720 2732 1822 2768 ἐκείνῃ.
1834 2729 1896 2758 εἷπε

1106 2783 1208 2819 Κύριος
1219 2802 1227 2815 ,
1243 2781 1380 2817 συντρίψω
1401 2780 1447 2807 τὸν
1463 2779 1544 2814 ζυγὸν
1566 2779 1620 2807 ἀπὸ
1634 2778 1770 2814 τραχήολου
1786 2777 1877 2804 αὐτῶν
1887 2797 1895 2809 ,

1107 2830 1154 2857 καὶ
1168 2829 1230 2861 τοὺς
1243 2828 1359 2864 δεσμοὺς
1373 2826 1461 2854 αὐτῶν
1475 2826 1622 2862 διαῤῥήξω,
1634 2826 1680 2852 καὶ
1693 2825 1742 2851 οὐκ
1758 2825 1895 2860 ὲργῶνται
