2089 3218
201 185 248 215 301

622 185 948 214 DEMONSTRATIONIS
965 185 1192 216 EVANGELICE
1208 185 1274 215 LIB.
1295 185 1350 214 VII.

1774 186 1827 214 562

199 247 240 273 ἔτι
255 245 326 277 θεοτς
340 245 460 282 ἑτέροις,
474 246 541 273 ἀλλὰ
555 245 689 281 ὲργῶνται
704 248 800 284 Κυρίῳ
816 247 855 283 τῷ
867 247 926 283 Θεῷ
940 248 983 274 αὐ-

1038 252 1065 274 et
1080 255 1170 283 regem
1184 247 1268 275 David
1285 246 1428 277 suscitabo
1442 245 1483 273 eis
1496 246 1528 273 ".
1549 256 1559 272 ι
1573 246 1664 281 Longo
1679 246 1825 274 admodum

199 291 271 324 τῶν,
296 291 345 319 καὶ
368 291 413 318 τὸν
428 291 510 319 Δαῦὶδ
534 291 647 327 βασιλέα
664 293 752 319 αὐτῶν
771 293 914 328 ἀναστήσω
937 294 987 319 αὺ-

198 337 263 369 τοῖς.
279 347 289 363 ι
305 337 383 364 Μετὰ
400 337 525 365 πλεῖστον
538 338 588 373 τῆς
599 338 727 374 τελευτῆς
744 339 792 366 τοῦ
807 339 889 366 Δαϐὶδ
900 359 906 370 ,
921 339 988 366 ἀλλά

199 382 246 409 καὶ
259 382 306 410 τοῦ
319 383 474 418 Σολομῶνος
488 384 593 419 χρόνον,
605 384 692 412 ταῦτα
707 385 755 411 καὶ
774 385 907 421 Ἱερεμίας
924 385 987 421 περὶ.

198 428 245 455 τοῦ
259 429 402 464 μέλλοντος
416 430 449 456 ὲκ
465 430 622 466 σπέρματος
635 431 835 467 ἀναστήσεσθαι
848 432 930 459 Δαὸὶδ
941 431 988 467 βα-

199 475 295 508 σιλέως
310 475 452 508 θεσπίζει·
464 476 492 503 ὃν
511 476 618 513 πρῶτον
633 478 682 513 μὲν
695 478 826 514 ἀνατολὴν
837 479 923 511 καλεῖ,
942 479 987 506 καὶ

197 522 247 557 οὐχ
260 521 365 554 ἁπλῶς,
376 521 445 549 ἀλλὰ
457 522 576 555 δικαίαν,
588 522 626 554 ὡς
639 523 671 550 ἂν
683 523 712 556 ἐξ
726 524 802 559 ἡλίου
813 524 987 560 δικαιοσύνης

199 569 407 604 συστησάμενον,
429 570 493 605 περὶ¹
509 565 540 595 οὗ
554 569 729 605 διειλήφαμεν
740 572 769 597 ὲν
782 572 842 602 ταῖς
860 571 923 607 περὶ
939 571 986 598 τοῦ

197 613 321 649 δευτέρου
332 614 419 641 αἰτίου
433 615 614 649 ἀποδείξεσιν,
638 617 666 642 ὲν
682 615 725 648 αἶς
740 617 785 643 τὺν
801 618 918 652 προόντα
939 617 985 643 τοῦ

198 658 265 686 Θεοῦ
281 660 383 695 Λόγον,
410 660 521 697 μυρίαις
543 662 713 697 κεχρημένον
737 663 921 698 ἐπωνυμίαις,
939 664 986 690 καὶ

196 704 272 740 ἥλιον
294 705 468 741 δικαιοσύνης
489 706 670 743 ὀνομάζεσθαι
699 708 913 744 ἀπεδείκνυμεν,
937 708 986 744 τὴν

197 750 355 785 φάσκουσαν
375 752 561 787 προφητείαν,
588 761 597 778 ι
613 753 675 785 Τοῖς
697 753 725 780 δὲ
751 754 927 789 φοϐουμένοις
952 763 985 790 με

197 796 322 823 ἀνατελεῖ
335 796 409 832 ἣλιος
426 797 613 834 δικαιοσύνης,
635 811 645 825 ι
670 799 864 836 παραθέμενοι.
881 801 984 838 ’Ὠσπερ

196 839 242 868 οὗν
258 841 333 876 ἥλιον
350 842 540 879 δικαιοσύνης,
558 844 629 871 οὕτω
646 846 692 871 καὶ
709 846 840 882 ἀνατολὴν
851 847 958 874 δικαίαν
971 849 985 874 ὀ

196 887 274 921 λόγος
287 888 334 914 ἐπὶ
348 888 394 915 τοῦ
411 889 543 925 παρόντος
558 891 723 926 ἀναστήσειν
735 891 773 927 τῷ
786 892 868 919 Δαϐὶδ
880 902 985 929 προφη-

196 932 280 960 τεύει.
300 933 352 960 Τὺν
372 934 453 961 αὐτὸν
472 934 500 961 δὲ
521 935 614 962 τοῦτον
635 936 747 971 βασιλέα
772 938 912 971 συνιέντα,
938 939 985 966 καὶ

197 980 324 1007 ποιοῦντα
341 982 427 1016 κρῖμα
450 981 496 1008 καὶ
515 981 688 1019 δικαιοσύνην
711 983 757 1010 ἐπὶ
782 984 832 1019 τῆς
850 985 902 1020 γῆς
919 995 985 1022 προ-

196 1026 333 1062 αγορεύει.
349 1025 415 1054 Εἶτα
439 1028 485 1054 καὶ
504 1028 657 1064 ὁμωνύμως
678 1029 723 1056 τὸν
750 1030 830 1057 αὐτὸν
851 1032 929 1059 καλεί
946 1032 985 1068 τῷ

197 1073 280 1100 πάλαι
303 1073 435 1109 πρότερον
458 1074 664 1110 τετελευτηκότι
678 1076 769 1103 Δαϐίδ.
794 1077 915 1113 Πρόσχες
930 1079 985 1115 γὰρ

195 1118 333 1154 ἐπιμελῶς
346 1119 384 1155 τῷ
400 1120 528 1156 ἀνωτέρω
547 1121 610 1156 μὲν,
630 1131 639 1147 ‹
655 1122 710 1149 Καὶ
726 1123 869 1160 ἀναστήσω
879 1124 917 1160 τῷ
931 1125 984 1152 Δα-

195 1164 238 1191 ενδ
247 1164 378 1200 ἀνατολὴν
389 1164 507 1197 δικαίαν,
521 1175 531 1190 ι
544 1166 591 1192 ἐπὶ
602 1166 672 1192 τέλει
689 1166 717 1193 δὲ
732 1167 922 1204 ἐπιφερομένῳ
934 1169 983 1204 τῷ,

198 1219 208 1236 ‹
231 1210 285 1237 Καὶ
306 1210 352 1237 τὸν
368 1210 450 1237 Δαὸὶδ
473 1210 586 1245 βασιλέα
607 1211 689 1238 αὑτοῦ
710 1212 854 1248 ἀναστήσω
871 1214 954 1249 αὐτῷ.
972 1224 981 1240 ι

196 1256 254 1283 Τίνι
269 1256 297 1283 δὲ
310 1256 385 1292 αὐτῷ
396 1255 412 1291 ἢ
424 1256 463 1291 τῷ
477 1256 573 1289 Δα6ί6;
584 1257 672 1292 τούτῳ
685 1257 739 1294 γὰρ
751 1258 851 1293 ἔφησεν
865 1260 984 1296 ἀναστή-

196 1310 252 1328 σειν
271 1301 320 1337 τὴν
336 1301 468 1336 ἀνατολὴν
491 1301 540 1337 τὴν
556 1302 674 1328 δικαίαν.
693 1303 748 1329 Καὶ
770 1303 784 1329 ὁ
807 1304 941 1340 Ζαχαρίας
955 1305 984 1331 δὲ

196 1348 259 1385 περὶ
272 1348 319 1376 τοῦ
337 1348 419 1376 αὐτοῦ
435 1348 614 1384 προφητεύων
633 1349 734 1385 ὁμοίως
757 1350 889 1386 ἀνατολὴν
903 1351 984 1378 αὑτὸν

194 1395 280 1426 καλεῖ.
292 1395 378 1429 λέγων
388 1403 395 1410 ο
411 1404 420 1420 ι
441 1395 506 1422 Ἰδοὺ
521 1395 600 1430 ἀνὴρ,
616 1395 733 1432 ἀνατολὴ
746 1396 830 1432 ὅνομα
842 1397 927 1432 αὐτῷ,
936 1398 984 1424 καὶ⁸

194 1440 368 1467 ὑποκάτωθεν
391 1440 473 1467 αὑτοῦ
494 1441 618 1468 ἀνατελεῖ
639 1441 814 1478 δικαιοσύνη·
837 1453 846 1469 ι
863 1443 911 1470 καὶ
931 1444 983 1470 πάρ-

193 1488 252 1515 λιν’
278 1498 287 1514 ι
300 1488 416 1515 Καλέσω
431 1488 476 1514 τὸν
490 1488 583 1515 δοῦλόν
599 1497 648 1524 μου
663 1489 804 1526 ἀνατολήν.
822 1500 830 1516 ι
854 1490 922 1517 Ἀλλ’
938 1492 984 1518 οὺ-

192 1533 248 1566 δείς
261 1542 292 1568 γε
308 1533 376 1569 μετά
389 1534 452 1565 τοὺς
471 1533 603 1569 Ἰερεμίου
618 1534 732 1570 χρόνους
743 1556 750 1567 ,
767 1536 825 1562 ἀλλ’
839 1536 900 1563 οὐδὲ
915 1537 983 1572 μετά

192 1579 255 1611 τοὺς
275 1578 322 1606 τοῦ
337 1579 472 1615 Ζαχαρίου
485 1579 606 1611 τοιοῦτος
620 1580 718 1616 ἀνέστη
738 1583 794 1613 τοῖς
815 1582 848 1608 ἑκ
872 1591 981 1617 περιτο-

194 1625 266 1661 μῆς,
280 1625 318 1657 ὡς
333 1634 342 1651 ι
359 1625 475 1661 ἀνατολὴ
488 1626 580 1653 δικαία
594 1636 603 1652 ι
623 1627 770 1663 κληθῆναι,
793 1628 841 1655 καὶ
858 1638 867 1654 ι
881 1629 982 1661 συνιεὶς

192 1669 319 1705 βασιλεὺς
330 1692 338 1704 ,
354 1671 401 1698 καὶ
416 1671 500 1699 ποιῶν
518 1674 604 1708 κρῖμα
621 1674 668 1700 καὶ
684 1673 857 1709 δικαιοσύνην
872 1675 918 1701 ἐπὶ
934 1675 983 1711 τῆς

191 1717 253 1753 γῆς.
270 1727 280 1744 ι
302 1718 334 1745 Εἰ
358 1718 387 1745 δὲ
409 1718 481 1753 λέγοι
503 1728 545 1750 τις
566 1719 610 1746 διὰ
634 1720 738 1747 τούτων
759 1721 862 1757 Ἰησοῦν
875 1721 921 1748 τὸν
935 1722 982 1748 τοῦ

198 1764 319 1792 Ἰωσεδὲκ
335 1764 490 1800 δηλοῦσθαι,
503 1766 673 1799 λεκτέον,ὂτι
690 1767 720 1793 οὐ
737 1767 901 1803 συνέστηκεν
917 1768 982 1794 ὁλό-

191 1819 239 1845 γος
253 1810 338 1846 αὐτῷ.
351 1810 422 1838 Οῠτε
432 1812 484 1847 γὰρ
498 1812 551 1839 ἀπὸ
567 1812 662 1846 γένους
677 1813 759 1840 Δαὸὶδ
773 1809 850 1845 οὗτος
862 1812 907 1849 ἦν,
921 1813 982 1840 οὕτε

191 1857 228 1888 ὡς
241 1856 367 1893 βασιλεὺς
377 1857 562 1886 ἐϐασίλευσεν.
578 1858 640 1890 Πῶς
653 1858 682 1885 δὲ
699 1859 742 1885 ἐπ’
758 1860 859 1886 ἐκεῖνον
871 1860 982 1887 δύναται

191 1903 336 1939 ἁρμόττειν
348 1904 392 1936 τὸ,
410 1913 419 1930 ι
433 1904 488 1931 Καὶ
501 1905 547 1932 τὸν
559 1905 642 1932 Δαϐὶδ
656 1905 767 1940 βασιλέα
778 1906 921 1942 ἀναστήσω
934 1907 982 1942 αύ-

191 1948 246 1984 τῷ;
262 1958 272 1975 ι
288 1949 370 1975 ὁπότε
386 1948 472 1985 φυλῆς
488 1949 538 1985 μὲν
553 1948 587 1986 ἦν
599 1951 679 1983 Λευὶ,
695 1951 799 1984 τάξεως
814 1951 837 1978 δ’
852 1952 982 1988 ἀρχιερα-

190 1997 288 2033 τικῆς,
306 1997 354 2024 καὶ
373 1997 468 2032 γένους
490 1998 583 2034 ἐτέρου
599 1998 673 2035 παρὰ
687 1999 731 2026 τὸν
748 1998 839 2031 Δαϐὶδ,
856 1999 982 2034 βασιλεὺς

189 2044 212 2072 δ’
227 2044 352 2080 οὐδαμῶς
369 2043 488 2078 γεγονὼς
502 2045 651 2081 ίστορῆται.
666 2046 759 2077 Ὥστε,
778 2047 801 2072 εί
820 2045 913 2081 μηδεὶς
929 2046 983 2073 ἓτε-

192 2100 237 2127 ρος
258 2090 413 2126 εὑρίσκοιτο
437 2091 577 2124 τοιοῦτος,
601 2092 659 2127 ὥρα
676 2092 720 2119 τὸν
745 2093 981 2128 προφητευόμενον

190 2138 238 2164 καὶ
254 2137 300 2164 διὰ
325 2137 428 2164 τούτων
448 2137 588 2172 ὁμολογεῖν
607 2138 686 2173 μόνον
706 2136 774 2165 εἶναι
799 2139 844 2166 τὸν
868 2139 982 2175 Σωτῆρα

190 2184 238 2210 καὶ
263 2182 366 2218 Κύριον
390 2183 485 2219 ἡμῶν,
507 2183 552 2209 τὸν
576 2184 622 2210 καὶ
650 2185 678 2210 ὲν
703 2185 807 2220 ἑτέροις
830 2194 839 2210 ε
856 2184 913 2219 φῶς
934 2186 980 2212 τοῦ

190 2229 292 2264 κόσμου
308 2229 355 2256 καὶ
371 2229 429 2264 φῶς
442 2229 496 2257 τῶν
514 2229 599 2256 ἐθνῶν
617 2240 626 2256 ι
646 2230 875 2266 ἀνηγορευμένον.
896 2231 982 2263 Αὐτὸς

190 2275 334 2310 τοιγαροῦν
355 2276 398 2310 εἴη
421 2275 454 2302 ἂν
474 2275 615 2302 κάνταῦθα
627 2277 641 2302 ὁ
659 2277 913 2312 προφητευὸμενος,
934 2277 979 2304 καὶ
997 2274 1019 2301 D

192 2321 355 2356 συνέστηκεν
380 2320 498 2357 ἀψευδὴς
522 2323 538 2357 ή
562 2322 724 2358 πρόρρησις.
756 2323 843 2354 Μόνος
871 2323 924 2358 γὰρ
948 2324 980 2349 ἐκ

191 2367 348 2404 σπέρματος
374 2367 456 2394 Δαϐὶδ
487 2367 639 2403 ὁμωνύμως
667 2368 706 2404 τῷ
734 2369 887 2405 προπάτορι
910 2370 981 2396 κατὰ

190 2413 323 2446 διάνοιαν,
345 2414 406 2440 ἐπεὶ
424 2415 604 2450 ἑρμηνεύεται
628 2424 637 2440 ‹
652 2415 762 2447 δυνατὸς
779 2417 867 2451 χειρὶ,
885 2426 894 2441 ι
913 2425 981 2452 χρη-

191 2459 328 2495 ματίσας,
348 2470 357 2486 ‹
372 2462 460 2496 κρῖμα
483 2460 529 2487 καὶ
550 2460 723 2497 δικαιοσύνην
738 2471 747 2487 ›
767 2462 812 2488 διὰ
831 2463 880 2498 τῆς
896 2462 979 2489 αὐτοῦ

188 2505 363 2537 διδασκαλίας
377 2507 434 2538 τοῖς
450 2506 496 2533 ἐπὶ
506 2507 557 2542 γῆς
571 2506 672 2533 ἅπασιν
689 2508 804 2543 ἐκήρυξε
814 2527 821 2539 ,
838 2508 884 2534 καὶ
900 2508 980 2543 μόνος

188 2551 244 2578 τῶν
257 2551 366 2578 πώποτε
382 2552 432 2579 οὒκ
447 2553 493 2579 ἐπὶ
507 2553 607 2589 μέρους
621 2553 777 2580 ἐϐασίλευσε
792 2554 841 2589 τῆς
854 2554 979 2589 οίκουμέ-

189 2606 238 2634 νης
247 2617 256 2630 ,
269 2596 338 2628 ἀλλά
352 2598 398 2624 ἐπὶ
409 2599 500 2625 πᾶσαν
515 2599 564 2634 τὴν
579 2599 641 2635 γῆν,
653 2600 700 2626 καὶ
716 2600 795 2635 μόνος
809 2599 928 2626 ἀνέτειλε
940 2599 979 2626 δι-

188 2643 352 2680 καιοσύνην,
371 2638 524 2676 ἀκολούθως
544 2645 591 2672 καὶ
603 2645 643 2680 τῷ
656 2646 685 2672 ἐν
699 2645 797 2681 ψαλμῷ
816 2646 880 2680 περὶ
897 2646 977 2672 αὑτοῦ

187 2689 346 2728 λεγρμένῳ’
373 2700 382 2716 ι
403 2690 540 2718 Ἀνατελεῑ
556 2692 585 2718 ὲν
610 2692 671 2723 ταῖς
696 2692 813 2727 ἡμέραις
835 2692 917 2719 αὑτοῦ
938 2692 978 2719 δι-

186 2736 329 2772 καιοσύνη,
349 2737 398 2764 καὶ
420 2737 522 2773 πλῆθος
540 2738 660 2773 εἰρήνης.
687 2748 696 2763 ι
721 2738 821 2769 Ἰούδας
844 2738 872 2764 δὲ
895 2738 979 2774 σωθη-

188 2783 300 2818 σόμενος
316 2784 363 2810 καὶ
391 2784 499 2820 Ἰσραὴλ
515 2784 543 2810 ὲν
559 2785 618 2816 ταῖς
632 2785 750 2820 ἡμέραις
773 2783 854 2811 αὑτοῦ
878 2784 978 2816 πάντες

186 2829 255 2856 εἰσὶν
268 2829 294 2856 οἱ
314 2830 348 2865 τῇ
364 2828 398 2856 δι’
415 2829 499 2856 αὐτοῦ
521 2829 660 2865 θεοσεῦείᾳ
680 2830 911 2865 προσεληλυθότες
931 2831 976 2857 τοῦ

1041 298 1163 329 tempore
1184 297 1245 329 post
1263 297 1378 321 mortem
1394 301 1447 320 non
1467 293 1555 321 solum
1571 292 1665 327 David,
1681 292 1728 321 sed
1743 293 1825 320 etiam

1039 339 1203 370 Salomonis,
1216 339 1273 366 haec
1286 338 1418 366 Jeremias
1434 337 1467 366 de
1481 345 1514 365 eo
1529 345 1600 374 rege,
1615 337 1661 373 qui
1673 337 1707 365 de
1723 338 1826 365 semine

1039 385 1122 414 David
1138 389 1211 413 esset
1224 386 1356 417 oriturus,
1372 383 1476 413 divinat
1491 393 1498 412 :
1514 391 1594 419 quem
1611 384 1699 419 primo
1715 383 1825 419 quidem

1038 435 1127 459 ortum
1144 434 1234 464 vocat,
1257 438 1346 466 neque
1370 430 1533 466 simpliciter
1553 434 1654 462 ortum,
1670 430 1717 457 sed
1733 433 1823 456 ortum

1035 479 1153 514 justum,
1169 482 1299 513 tanquam
1315 485 1376 505 eum
1395 478 1441 512 qui
1454 485 1487 504 ex
1506 477 1563 505 sole
1574 476 1688 512 justitiaa
1708 476 1743 504 sit
1758 483 1824 503 con-

1038 525 1209 556 stituendus,
1226 523 1259 551 de
1275 530 1329 559 quo
1349 530 1415 550 sane
1437 522 1616 550 disseruimus
1639 523 1666 550 in
1682 522 1715 550 iis
1732 542 1739 554 .
1764 528 1825 557 qua:

1038 574 1117 598 antea
1136 570 1170 598 de
1186 569 1241 597 Deo
1261 569 1352 596 Verbo
1375 568 1643 601 demonstravimus,
1670 568 1697 595 in
1724 567 1824 603 quibus

1038 617 1084 645 Dei
1102 616 1230 649 Verbum,
1246 617 1319 652 quod
1335 621 1415 644 antea
1435 620 1494 643 erat
1514 614 1759 643 innumerabilibus
1773 621 1823 649 ap-

1038 664 1166 698 pellatum
1180 663 1347 695 nominibus,
1364 663 1445 690 etiam
1458 662 1571 697 iustitiae
1588 661 1672 689 solem
1688 660 1823 688 nominari

1037 710 1147 744 planum
1163 709 1290 742 fecimus,
1305 709 1349 737 ubi
1365 708 1534 744 prophetiam
1558 715 1618 743 quae
1634 708 1669 735 ita
1686 707 1723 734 ait
1737 716 1743 734 :
1761 716 1770 732 ι
1788 706 1824 735 lis

1037 759 1126 782 autem
1138 756 1184 791 qui
1196 763 1239 783 me
1255 756 1364 789 timent,
1378 756 1481 783 orietur
1495 755 1537 782 sol
1553 753 1667 789 justitiaa
1682 753 1715 786 “,
1733 762 1743 779 ι
1760 753 1826 780 cita-

1037 801 1136 828 vimus.
1156 800 1233 828 Sicut
1252 809 1316 836 ergo
1333 801 1418 829 solem
1440 800 1564 836 iustitiae,
1583 800 1619 827 ita
1638 799 1718 827 etiam
1733 803 1823 826 ortum

1033 847 1139 881 justum
1155 855 1276 882 pmsens
1298 847 1440 875 oraculqu
1463 853 1651 875 surrecturum
1673 847 1724 881 ipsi
1740 846 1824 874 David

1037 894 1210 922 vaticinatur.
1231 894 1317 921 Porro
1333 893 1459 922 eumdem
1476 901 1566 929 regem
1589 894 1780 929 intelligentem
1797 897 1824 921 et

1002 926 1021 952 Β
1038 940 1180 968 facientem
1201 940 1337 976 judicium
1355 944 1382 967 et
1395 926 1531 975 justitiam
1554 940 1581 967 in
1597 926 1823 975 terra'appellat.

1036 986 1138 1015 Deinde
1161 987 1286 1016 eumdem
1308 991 1388 1014 vocat
1407 995 1461 1015 uno
1481 990 1508 1014 et
1524 987 1619 1014 eodem
1635 986 1746 1014 nomine
1761 993 1822 1012 cum

1034 1041 1077 1066 eo.
1093 1033 1140 1068 qui
1164 1033 1250 1061 multo
1271 1037 1334 1061 ante
1349 1033 1477 1065 decessit,
1500 1033 1593 1060 David.
1612 1032 1728 1060 Attende
1749 1032 1821 1060 enim

1034 1080 1179 1116 diligenter
1203 1088 1265 1108 cum
1288 1080 1355 1107 illud
1371 1081 1497 1116 superius
1514 1091 1520 1108 :
1537 1089 1547 1106 ‹
1568 1080 1600 1107 Et
1615 1079 1754 1108 suscitabo
1771 1080 1822 1114 ipsi

1035 1127 1120 1155 David
1137 1132 1227 1155 ortum
1251 1127 1368 1163 justum,
1394 1137 1403 1153 ι
1421 1132 1478 1154 tum
1500 1127 1566 1154 illud
1584 1126 1655 1162 quod
1681 1126 1714 1153 ad
1731 1131 1822 1154 extre-

1035 1183 1107 1201 mum
1124 1174 1246 1201 additum
1258 1178 1300 1202 est
1316 1184 1322 1202 :
1340 1183 1350 1199 ι
1365 1174 1398 1201 Ει
1413 1173 1499 1201 David
1517 1181 1606 1209 regem
1629 1181 1708 1200 suum
1735 1180 1824 1200 ευθει-

1035 1221 1098 1248 tabo
1109 1220 1146 1249 ei.
1170 1231 1179 1247 ι
1204 1221 1253 1248 Cui
1274 1229 1339 1249 vero
1353 1221 1391 1253 ei,
1409 1220 1462 1248 nisi
1480 1221 1531 1255 ipsi
1552 1219 1657 1247 David?
1671 1219 1734 1246 huic
1749 1219 1822 1247 enim

1034 1267 1102 1294 dixit
1119 1275 1149 1295 se
1173 1267 1368 1296 suscitaturum
1384 1273 1472 1295 ortum
1493 1267 1610 1302 justum.
1623 1265 1707 1301 358
1718 1264 1822 1292 Zacha-

1035 1313 1089 1339 rias
1103 1313 1168 1339 item
1183 1312 1216 1340 dc
1235 1312 1330 1340 eodem
1344 1312 1515 1344 vaticinans,
1538 1315 1630 1338 ortum
1645 1310 1712 1338 illud
1727 1310 1823 1338 simili-

1034 1364 1074 1385 ter
1089 1362 1168 1385 vocat
1186 1367 1192 1385 :
1222 1367 1231 1383 ‹
1252 1358 1322 1386 Ecce
1336 1359 1387 1391 vir,
1408 1362 1485 1386 ortus
1500 1365 1600 1385 nomen
1623 1358 1659 1389 ei,
1684 1360 1711 1385 et
1728 1357 1823 1385 subter

1033 1413 1094 1432 eum
1110 1406 1214 1432 orietur
1227 1405 1334 1441 justilia
1353 1405 1383 1432 η.
1402 1415 1410 1430 ι
1423 1404 1455 1432 Ει
1473 1412 1589 1432 rursus:
1607 1413 1617 1430 ι
1636 1403 1746 1431 Vocabo
1760 1410 1820 1431 ser-

1034 1460 1096 1479 vum
1119 1459 1221 1483 meum,
1248 1455 1338 1478 ortum
1360 1451 1382 1468 ¹⁶
1402 1460 1408 1478 :
1430 1461 1440 1477 ι
1468 1450 1520 1478 Sed
1548 1450 1621 1477 enim
1646 1449 1738 1477 nullus
1762 1454 1822 1484 post

1032 1497 1155 1526 Jeremiaa
1176 1502 1308 1532 tempora,
1337 1505 1370 1525 ac
1392 1505 1427 1525 ne
1453 1501 1516 1532 post
1544 1496 1684 1524 Zachariae
1709 1495 1819 1531 quidem

1033 1544 1104 1579 apud
1118 1544 1226 1571 Judazos
1238 1544 1300 1571 talis
1315 1543 1429 1576 exstitit,
1444 1547 1473 1570 ut
1483 1553 1491 1569 ι
1512 1543 1604 1571 oriens
1619 1543 1709 1578 justus
1722 1552 1731 1568 ι
1743 1549 1824 1569 voca-

1034 1595 1108 1618 retur
1121 1594 1148 1618 et
1165 1600 1174 1616 ι
1194 1590 1348 1625 intelligens
1361 1597 1418 1620 rex,
1434 1593 1461 1616 et
1472 1589 1574 1617 faciens
1589 1588 1721 1623 judicium
1737 1592 1764 1615 et
1774 1588 1821 1622 ju-

1035 1636 1138 1664 stitiam
1151 1637 1177 1663 in
1198 1640 1297 1663 terra.»
1316 1635 1395 1669 Quod
1411 1636 1432 1663 si
1448 1636 1512 1670 quis
1528 1635 1604 1662 dicat
1621 1635 1647 1661 in
1665 1634 1706 1662 his
1724 1633 1819 1661 Iesum

1035 1683 1118 1710 lilium
1135 1683 1250 1711 Josedec
1263 1682 1422 1717 signiﬁcari,
1439 1681 1583 1709 dicendum
1597 1682 1648 1708 erit
1662 1680 1735 1715 quod
1751 1679 1822 1708 ratio

1035 1729 1091 1756 haec
1118 1729 1158 1756 illi
1186 1733 1313 1756 constare
1339 1735 1393 1755 non
1411 1731 1509 1763 potest.
1536 1727 1603 1754 Nam
1625 1727 1668 1754 hic
1685 1733 1774 1761 neque
1788 1727 1821 1754 da

1034 1783 1131 1810 genere
1154 1774 1240 1802 David
1256 1774 1318 1806 fuit,
1342 1782 1429 1809 neque
1457 1777 1585 1807 tanquam
1612 1780 1658 1800 rex
1689 1772 1820 1807 regnavit.

1033 1821 1175 1854 Quomodo
1192 1824 1282 1848 autem
1297 1820 1334 1847 illi
1349 1824 1438 1855 potest
1455 1818 1656 1847 accommodari
1668 1818 1750 1848 illud,
1770 1827 1780 1843 ι
1795 1822 1823 1845 et

1035 1867 1118 1894 David
1132 1874 1223 1901 regem
1243 1867 1385 1894 suscitabo
1401 1866 1447 1893 ei?
1467 1876 1476 1892 ι
1496 1873 1558 1893 cum
1576 1869 1601 1892 et
1617 1872 1650 1892 ex
1667 1864 1740 1891 tribu
1756 1863 1821 1891 Levi

1033 1917 1060 1940 et
1084 1920 1118 1940 ex
1134 1912 1230 1939 ordine
1258 1911 1398 1946 pontiﬁcio
1420 1910 1512 1942 fuerit,
1527 1915 1554 1937 et
1581 1917 1679 1945 genere
1694 1917 1708 1936 a
1735 1908 1820 1936 David

1033 1958 1150 1988 alienus,
1177 1965 1266 1993 neque
1285 1965 1332 1984 rex
1361 1957 1416 1984 ullo
1436 1957 1516 1984 modo
1537 1956 1676 1984 exstitisse
1687 1963 1821 1983 memore-

1034 2004 1095 2031 tur?
1110 2011 1195 2039 quare
1211 2003 1234 2032 si
1253 2004 1344 2031 nullus
1360 2004 1431 2032 alius
1456 2003 1593 2031 invenitur
1613 2002 1676 2030 talis
1689 2022 1696 2033 .
1713 2005 1821 2036 tempus

1031 2050 1086 2084 jam
1104 2049 1186 2077 fuerit
1199 2057 1260 2077 eum
1277 2049 1311 2077 de
1322 2057 1377 2084 quo
1397 2049 1422 2076 in
1442 2049 1485 2078 his
1500 2049 1619 2076 oraculis
1634 2048 1735 2076 mentio
1751 2046 1820 2075 facta

1033 2098 1084 2128 est,
1100 2098 1126 2122 et
1140 2095 1173 2122 de
1187 2103 1242 2130 quo
1256 2095 1301 2122 illa
1318 2096 1454 2130 pr:ecipue
1482 2094 1724 2130 loquuntur,fateri
1736 2101 1819 2121 unum

1032 2149 1094 2168 esse
1112 2140 1281 2168 Salvatorem
1296 2149 1328 2168 ac
1341 2141 1485 2168 Dominum
1500 2145 1636 2172 nostrum,
1653 2140 1700 2176 qui
1717 2139 1781 2167 alibi
1795 2143 1823 2166 ct

1036 2196 1044 2211 ι
1060 2186 1104 2213 lux
1114 2186 1207 2213 mundi
1218 2189 1245 2214 et
1255 2186 1348 2213 lumen
1361 2187 1481 2222 gentium
1498 2196 1506 2212 ι
1527 2191 1650 2213 vocatur.
1669 2186 1728 2221 Ipse
1739 2185 1823 2220 igitur

1033 2232 1114 2265 etiam
1133 2232 1185 2260 hoc
1201 2233 1262 2260 loco
1282 2232 1363 2259 fuerit
1378 2233 1411 2259 de
1426 2241 1481 2268 quo
1494 2232 1626 2267 propheta
1650 2232 1780 2267 loquitur,
1795 2235 1823 2258 et

1034 2286 1099 2306 sane
1116 2279 1219 2314 absque
1238 2278 1380 2307 mendacio
1401 2279 1526 2306 constitit
1552 2279 1723 2306 vaticinium.
1741 2277 1821 2304 Solus

1034 2325 1105 2352 enim
1134 2325 1168 2352 de
1195 2325 1299 2353 semine
1322 2324 1406 2352 David
1433 2325 1480 2360 qui
1511 2325 1605 2352 eodem
1633 2325 1742 2352 nomine
1756 2330 1819 2350 cum

1034 2370 1126 2405 prisco
1145 2378 1196 2398 suo
1217 2376 1328 2406 parente
1345 2371 1378 2398 ad
1404 2378 1516 2399 sensum
1540 2370 1576 2398 sit
1589 2370 1692 2401 dictus,
1712 2369 1822 2404 quando

1034 2425 1067 2445 ex
1088 2417 1311 2452 interpretatione
1332 2417 1378 2445 ille
1392 2421 1434 2445 est
1456 2424 1538 2444 manu
1558 2420 1665 2451 potens,
1685 2414 1820 2450 judicium

1033 2467 1061 2490 et
1075 2463 1209 2498 justitiam
1236 2471 1284 2498 per
1306 2471 1383 2491 suam
1406 2463 1492 2498 ipsius
1516 2461 1668 2489 doctrinam
1693 2459 1823 2488 omnibus

1033 2510 1080 2544 qui
1103 2513 1198 2536 essent
1210 2509 1236 2537 in
1255 2513 1327 2537 terra
1343 2509 1478 2536 nuntiavit
1488 2529 1494 2540 ,
1511 2512 1538 2536 et
1550 2508 1625 2536 solus
1640 2506 1763 2533 omnium
1776 2513 1824 2533 eo-

1033 2564 1095 2584 rum
1118 2557 1164 2591 qui
1183 2565 1302 2591 unquam
1320 2556 1421 2584 tuerint
1434 2562 1489 2582 non
1508 2555 1536 2581 in
1548 2558 1625 2589 parte
1639 2553 1730 2588 aliqua
1746 2551 1824 2579 orbis

1033 2605 1167 2640 regnavit,
1185 2604 1231 2631 sed
1252 2604 1278 2630 in
1302 2604 1376 2631 omni
1404 2609 1519 2638 prorsus
1538 2606 1622 2632 terra,
1649 2603 1676 2628 et
1700 2599 1776 2627 solus
1793 2604 1822 2625 ut

1032 2649 1186 2677 exoriretur
1204 2649 1311 2683 iustitia
1328 2653 1424 2675 auctor
1447 2647 1498 2674 fuit
1515 2668 1522 2678 ,
1541 2644 1770 2681 quemadmodum
1788 2644 1822 2670 de.

1032 2694 1092 2729 ipso
1108 2686 1136 2719 in
1149 2693 1255 2728 psalmo
1270 2692 1374 2719 dictum
1389 2695 1441 2723 est,
1456 2700 1465 2715 ι
1483 2690 1587 2718 orietur
1601 2689 1630 2717 in
1646 2688 1743 2716 diebus
1760 2687 1822 2721 eius

1029 2739 1135 2774 justitia
1147 2742 1174 2767 et
1186 2738 1352 2766 abundantia
1365 2738 1441 2773 pacis
1455 2738 1488 2766 ¹⁷.
1508 2747 1517 2763 ι
1535 2736 1620 2764 Judas
1632 2739 1725 2764 autem
1739 2740 1821 2768 atque.

1032 2786 1126 2817 Israel,
1144 2785 1190 2820 qui
1213 2786 1240 2812 in
1253 2785 1351 2812 diebus
1366 2784 1440 2811 illius
1468 2783 1594 2811 servandi
1624 2785 1698 2812 sunt.
1724 2788 1820 2808 omnes

1032 2834 1096 2858 sunt
1113 2831 1157 2866 qui
1177 2831 1249 2858 illius
1267 2830 1394 2865 pietatem
1415 2837 1445 2856 ac
1466 2829 1570 2856 cultum
1594 2837 1627 2856 ex
1641 2827 1755 2855 Iudaico
1773 2834 1816 2861 po—

224 2917 245 2933 “
265 2916 321 2946 Jer.
340 2924 411 2951 xu,
429 2917 455 2950 8,
470 2918 486 2946 9
524 2919 545 2937 υ
565 2917 679 2947 Malach.
697 2927 740 2951 ir,
759 2918 785 2945 2.
828 2918 847 2935 "
868 2917 981 2947 Zachar.

1036 2914 1044 2951 ζ
1062 2917 1104 2946 li.
1145 2918 1165 2934 ”
1180 2916 1295 2945 Zachar.
1312 2925 1360 2949 ιιι,
1378 2916 1405 2944 8.
1445 2917 1465 2932 ιτ
1486 2915 1558 2943 Psal.
1576 2923 1657 2948 ιλιι,
1678 2916 1702 2944 ’1.
