2089 3218
265 192 318 220 5ῧό

602 189 736 218 EUSEBll
757 188 996 217 cmsamsusts
1016 189 1091 217 OPP.
1113 188 1203 216 PARS
1222 182 1551 217 ll.—APOLOGETICA.

1835 192 1889 221 565

265 253 331 289 pulo
358 253 523 288 acceperint,
549 252 671 287 apostoli
692 251 814 286 ejusdem
832 256 859 280 et
880 252 1005 287 discipuli
1024 257 1044 279 ei

1103 253 1136 279 ἐκ
1151 252 1300 288 περιτομῆς
1313 251 1389 283 λαοῦ,
1402 251 1586 290 ἀπόστολοίντε
1599 251 1683 278 αὐτοῦ
1695 251 1741 278 καὶ
1757 251 1889 288 μαθηταὶ,

265 299 448 334 evangelistam
474 302 520 325 aut
537 299 618 325 etiam
645 305 741 325 omnes
753 298 798 333 qui
836 298 864 325 in
881 300 990 325 occulto
1003 298 1052 325 Ju-

265 345 364 375 daeum,
377 351 526 378 verumque
539 342 622 370 Israel
638 342 810 374 conservent,
823 351 884 370 eum
898 344 991 379 Illique
1005 345 1051 379 qui

265 390 415 418 secundum
443 390 603 417 sententiam
634 388 717 416 Deum
743 388 845 416 videat.
865 399 873 415 ι
897 389 956 417 Non
979 391 1051 417 enim

263 436 310 471 qui
328 436 354 463 in
371 441 465 471 aperto
481 435 593 463 Iudaeus
611 440 663 467 est,
684 435 773 470 inquit
792 435 950 471 Apostolus,
964 445 1052 471 neque

265 488 324 517 qua:
341 481 367 508 in
384 485 479 513 aperto
496 481 523 507 in
540 488 623 507 carne
638 481 881 513 est-circumcisio,
901 482 947 509 sed
963 483 1007 516 qui
1024 482 1050 508 in

263 528 372 555 occulto
382 526 501 556 Indicus.
516 531 544 554 et
558 526 733 554 circumcisio
746 527 836 554 cordis
848 527 875 554 in
885 528 1049 562 spiritumon

264 573 290 600 in
304 574 403 605 littera,
420 574 498 608 cujus
512 573 571 600 laus
586 580 639 599 non
649 580 680 600 ex
698 572 867 604 hominibus,
886 574 932 600 scd
947 581 978 601 ex
998 574 1051 601 Deo

261 623 304 648 est
315 619 347 651 "‘,
370 629 379 645 ›
395 619 450 646 llos
465 619 550 654 igitur
564 627 596 646 ex
607 618 709 646 Christi
731 619 874 646 vocatione
888 618 1011 647 Judaeum
1022 620 1048 646 in

261 665 369 692 occulto
384 669 409 692 et
426 671 518 691 verum
529 664 612 692 Israel
628 664 778 692 referentes
793 664 847 691 alio
863 665 975 692 nomine
989 673 1050 693 esse

262 710 399 738 vocandos
411 709 489 741 dicit,
505 717 560 737 non
582 710 676 745 utique
697 709 805 738 Iudaeos
821 714 867 737 aut
889 710 983 743 lsrael,
1002 711 1049 739 sed

261 763 331 783 novo
355 756 472 791 quodam
494 761 593 791 praeter
622 756 689 783 haec.
710 755 792 791 359
811 755 867 783 Hoc
890 756 980 786 enim,
1008 757 1050 784 in-

260 802 329 836 quit.
346 809 455 833 nomen,
477 809 533 837 quo
547 801 654 829 vocabit
669 809 717 829 eos
738 801 870 829 Dominus
884 801 1047 834 Josedecim,

260 847 331 881 quod
358 855 391 874 ex
411 847 634 882 interpretatione
661 851 726 879 est,
751 847 796 881 qui
815 847 884 881 iusti
904 853 965 874 sunt
989 847 1046 875 Dei.

257 892 408 920 Considera
433 898 526 921 autem
556 902 621 921 num
651 894 766 921 forsitan
791 901 806 920 a
833 893 917 921 Josue
947 894 1047 922 factum

1104 298 1150 325 καὶ
1168 298 1368 333 εύαγγελισταὶ,
1386 297 1402 333 ἢ
1418 298 1464 324 καὶ
1485 297 1584 329 πάντες
1607 298 1631 324 οἱ
1656 297 1702 324 τὸν
1728 298 1756 324 ὲν
1776 298 1891 334 κρυπτῷ

1110 344 1234 370 Ἰουδαῖον
1248 344 1295 370 καὶ
1311 343 1356 369 τὸν
1367 343 1492 378 ἀληθινόν
1507 343 1616 379 Ἰσραὴλ
1630 343 1675 369 τὸν
1687 343 1757 370 κατὰ
1770 344 1891 372 διάνοιαν

1103 391 1207 427 όρῶντα
1230 391 1296 417 Θεὸν
1317 389 1513 422 ἀποσώζοντες.
1535 400 1544 416 ι
1559 390 1595 416 Οὑ
1614 390 1668 424 γὰρ
1689 392 1703 417 ό
1727 391 1755 416 ὲν
1781 389 1888 425 φανερῷ

1109 437 1232 468 Ἰουδαῖός
1248 438 1305 463 ἐστι
1315 456 1322 468 ,
1339 445 1347 461 ι
1364 436 1445 470 φησὶν
1458 437 1477 462 ὸν
1490 435 1663 466 ’Λπόστο).ος.
1680 445 1689 461 ‹
1703 436 1762 462 οὐδὲ
1775 435 1791 468 ή
1805 438 1834 462 ὲν
1851 438 1890 471 τῷ

1103 482 1211 518 φανερῷ
1226 484 1254 509 ἐν
1273 482 1354 518 σαρκὶ
1378 481 1533 517 περιτομὴ,
1556 482 1613 508 ἀλλ’
1629 483 1644 508 ό
1668 483 1696 509 ἐν
1714 481 1754 516 τῷ
1775 481 1890 518 κρυπτῷ

1108 529 1251 560 Ἰουδαῖος,
1272 528 1319 554 καὶ
1343 528 1478 564 περιτομὴ
1495 527 1607 563 καρδίας
1629 528 1658 553 ἐν
1682 527 1830 563 πνεύματι,
1857 529 1890 556 οὐ

1101 575 1264 611 γράμματι,
1283 572 1313 601 οὖ
1330 575 1344 600 ὁ
1356 574 1466 605 ἔπαινος
1485 574 1535 600 οὐκ
1548 573 1578 606 ἐξ
1590 573 1756 609 ἀνθρώπων,
1773 574 1839 601 ἀλλὰ
1856 575 1890 602 ὲι

1101 620 1147 647 τοῦ
1166 620 1243 646 Θεοῦ.
1262 629 1271 645 ι
1292 620 1410 651 Τούτους
1426 618 1472 646 οὖν
1485 619 1528 646 διὰ
1542 619 1593 654 τῆς
1613 619 1658 646 τοῦ
1679 620 1796 656 Χριστοῦ
1822 620 1888 656 κλή-

1102 674 1170 696 σεως
1183 665 1228 691 τὸν
1240 666 1268 691 ὲν
1279 665 1391 701 κρυπτῷ
1409 665 1537 691 Ἰουδαῖον
1548 666 1594 691 καὶ
1605 664 1650 691 τὸν
1662 664 1767 700 ἀληθῶς
1780 665 1888 700 Ἰσραὴλ

1101 712 1231 748 φέροντας
1252 712 1337 747 ἑτέρῳ
1352 712 1418 748 φησὶ
1440 711 1622 747 κληθήσεσθαι
1637 712 1749 747 ὀνόματι
1762 733 1768 744 ,
1785 712 1844 748 οὐχὶ
1859 712 1888 738 δὶ

1100 757 1138 791 τῷ
1155 756 1201 783 τοῦ
1217 757 1357 789 Ἰουδαίου,
1380 757 1438 784 οὐδὲ
1455 757 1495 792 τῷ
1510 757 1557 783 τοῦ
1584 757 1708 793 Ἰσραὴλ,
1730 757 1797 784 ἀλλὰ
1820 757 1889 794 ξένῳ

1099 803 1153 828 τινὶ
1168 802 1244 838 παρὰ
1264 802 1360 830 ταῦτα.
1375 802 1460 829 Τοῦτο
1478 803 1530 839 γάρ
1543 811 1610 838 φησι
1623 802 1654 829 τὸ
1669 803 1764 838 ὄνομα,
1780 803 1793 829 δ
1806 803 1888 830 καλέ-

1100 857 1142 875 σει
1159 848 1257 880 αὐτοὺς
1276 848 1378 884 Κύριος
1397 849 1567 884 Ἱωσεδεκεὶμ
1579 869 1586 881 ,
1605 849 1673 884 ὅπερ
1688 848 1865 884 ἑρμηνεύεται
1878 870 1887 882 ,

1100 896 1127 921 cl
1139 895 1192 921 τοῦ
1203 895 1277 922 Θεοῦ
1291 895 1397 922 δίκαοι.
1427 895 1572 931 Ἐφίστημι
1588 895 1616 921 δὲ
1634 895 1670 930 μή
1688 903 1753 921 ποτε
1771 903 1888 930 πεποιη-

259 938 295 965 sit
319 945 430 969 nomen,
449 942 476 966 et
486 937 638 966 Josedecim
662 939 788 974 discipuli
799 938 863 967 Iesu
878 940 1044 975 appellentur

1100 940 1180 975 μένον
1201 940 1260 966 ἐστὶ
1278 940 1396 976 τοῦνομα
1411 940 1463 967 ἀπὺ
1477 940 1523 966 τοῦ
1541 940 1642 967 Ἰοσουὲν
1664 939 1850 975 Ἰωσεδεκεὶμ,
1873 939 1888 966 ε

258 983 328 1019 apud
342 983 436 1016 Deum,
444 983 490 1019 qui
499 984 570 1019 apud
579 984 702 1012 homines
711 985 819 1020 quidem
827 985 921 1013 Gnaeo
929 986 1047 1021 quodam

259 1037 336 1057 more
350 1037 365 1056 a
377 1029 487 1057 Christo
501 1029 723 1062 deuominentur,
736 1030 870 1059 llebraiea
887 1036 976 1059 auten:
997 1032 1048 1059 lin-

259 1083 311 1110 gua
325 1079 379 1102 tam
396 1075 467 1110 apud
483 1076 557 1110 ipsos
570 1084 652 1111 quam
671 1077 744 1112 apud
763 1078 922 1113 prophetas,
939 1079 974 1106 ab
989 1079 1047 1114 ipso

258 1120 321 1148 Iesu
339 1125 467 1156 tanquam
485 1128 534 1156 per
558 1122 633 1148 illum
650 1123 747 1150 servati
761 1122 921 1151 Josedecim.
939 1123 978 1151 Ex
992 1132 1047 1159 quo

258 1167 324 1194 illud
338 1166 440 1194 dictum
455 1171 507 1200 est,
528 1176 537 1193 ι
558 1172 584 1195 et
601 1168 652 1195 hoc
669 1176 767 1196 nomen
783 1177 838 1204 quo
867 1170 976 1197 vocabit
998 1178 1046 1198 eos

244 1211 388 1240 Dominus
412 1211 563 1241 Josedccim
590 1214 663 1241 inter
687 1215 844 1250 prophetas.
864 1225 874 1241 ι
906 1214 974 1242 Nam
999 1217 1044 1251 qui

257 1258 318 1293 cjus
333 1258 367 1286 de
381 1266 436 1294 quo
452 1259 593 1294 prophetia
612 1260 742 1295 loquitur,
758 1261 855 1296 inquit,
871 1262 988 1296 populus
1004 1261 1046 1288 fu-

251 1309 338 1332 turus
349 1308 401 1338 est,
417 1312 479 1332 cum
495 1305 528 1332 ad
545 1313 656 1333 sensum
669 1311 796 1341 acceptus
809 1306 894 1334 Judas
911 1307 947 1334 sit
962 1311 1045 1342 atque

255 1350 349 1382 Israel,
364 1350 399 1378 ab
410 1350 493 1379 Josue
506 1352 692 1379 nominabitur
702 1351 867 1384 Josedecim,
883 1358 965 1388 atque
982 1354 1042 1385 hac,

255 1397 356 1431 inquit,
373 1397 554 1432 appellatione
568 1398 740 1425 vocabuntur
754 1406 807 1426 non
821 1399 892 1434 apud
907 1399 1042 1431 homines,

255 1443 303 1470 sed
326 1443 398 1478 apud
413 1442 497 1470 Deum
510 1463 516 1474 ,
533 1447 560 1470 et
581 1443 652 1478 apud
674 1444 818 1478 prophetas
842 1444 911 1478 ejus.
928 1443 1044 1471 Attende

255 1489 327 1516 enim
354 1489 499 1524 diligenter
513 1489 603 1524 ipsum
627 1490 780 1521 oraculum,
809 1490 873 1516 dum
895 1490 934 1516 ait
952 1500 958 1516 :
980 1499 988 1515 ι
1017 1494 1044 1517 et

255 1534 307 1561 hoc
329 1541 440 1566 nomen,
458 1541 513 1569 quo
533 1535 644 1561 vocabit
666 1542 713 1561 eos
732 1534 874 1567 Dominus,
889 1534 1042 1562 Josedecim

256 1581 328 1608 inter
339 1580 497 1616 prophetas,
518 1590 527 1607 ι
545 1581 617 1616 quod
631 1588 740 1611 nomen,
754 1584 783 1608 ut
796 1581 862 1611 dixi.
878 1581 904 1608 in
919 1585 1041 1608 nostram

255 1626 374 1661 linguam
390 1633 552 1654 conversum
573 1626 665 1661 justos
681 1626 727 1653 Dei
744 1626 888 1661 signiﬁcat.
905 1627 972 1654 Cum
994 1635 1042 1653 au-
1056 1617 1078 1646 Ο

255 1676 310 1698 tem
327 1671 354 1698 hi
371 1672 413 1699 sic
426 1672 551 1699 servandi
568 1673 633 1705 sint,
655 1673 795 1708 antiquum
819 1678 845 1700 et
868 1681 949 1708 grave
971 1681 1043 1701 acer-

254 1717 432 1745 bissimorum
453 1718 607 1746 daemonum
630 1727 660 1746 se
684 1719 864 1746 contriturum
887 1720 999 1754 iugum,
1016 1725 1043 1748 et

255 1764 356 1798 quibus
371 1768 452 1792 antea
475 1765 638 1792 tenebantur
654 1765 798 1800 impietatis
819 1765 947 1797 vinculis,
961 1774 993 1793 ea
1012 1775 1042 1794 se

257 1810 457 1844 perfracturum
487 1811 631 1846 pollicetur
653 1811 734 1838 Deus.
750 1811 884 1844 Quocirca
909 1820 963 1840 non
985 1821 1041 1840 am-

257 1857 327 1891 plius
343 1857 440 1885 alienis
464 1857 624 1887 inservient.
644 1858 691 1885 sed
709 1858 754 1884 uni
773 1859 823 1893 ipsi
846 1858 964 1886 fructum
979 1867 1042 1894 gra-

256 1903 391 1930 tissimum
409 1902 533 1930 aii'erent.
549 1903 608 1930 lluc
625 1905 694 1931 adde
713 1906 777 1933 illud
793 1907 864 1942 quod
878 1908 904 1934 in
922 1906 1042 1933 secundo

256 1948 360 1982 psalmo
370 1947 405 1975 de
415 1948 532 1975 adventu
543 1949 854 1986 Christi,vocmioneque
865 1953 985 1987 gentium
1000 1952 1042 1979 di-

255 1994 293 2021 vi!
306 1994 474 2021 oraculum:
499 2003 508 2020 ‹
537 1994 729 2030 Diruu'pamus
752 1997 861 2024 vincula
886 2006 991 2029 eorum,
1014 2001 1042 2025 et

253 2039 432 2075 projiciamus
457 2048 474 2067 a
490 2041 569 2068 nobis
583 2040 679 2076 jugnm
702 2041 822 2076 ipsorum
844 2043 881 2071 '9;
903 2048 914 2065 ι
929 2042 973 2070 cui
998 2050 1042 2070 co-

253 2090 366 2121 gnatum
379 2090 407 2113 et
422 2086 512 2114 simile
524 2094 586 2114 esse
603 2087 722 2114 arbitror
735 2089 807 2122 quod
823 2095 896 2115 nunc
910 2096 936 2114 In
953 2089 1041 2115 mani-

253 2132 305 2159 lius
326 2136 378 2164 est,
390 2132 486 2160 dicens
501 2140 508 2158 :
528 2141 539 2157 ι
557 2133 586 2160 In
603 2133 646 2160 die
662 2133 718 2164 illa,
735 2133 803 2160 dixit
816 2133 958 2166 Dominus,
975 2142 1041 2161 con-

251 2182 338 2204 teram
344 2177 440 2212 jugum
449 2177 561 2205 decollo
576 2185 682 2209 eorum,
696 2183 723 2205 et
737 2179 845 2205 vincula
864 2186 958 2206 eorum
974 2186 1041 2206 cou-

252 2223 380 2258 t‘ringam,
393 2231 480 2259 neque
489 2224 674 2259 operabuntur
683 2225 798 2259 amplius
809 2225 862 2252 diis
873 2225 979 2255 alienis.
993 2225 1040 2252 sed

251 2269 438 2304 operubuntur
453 2270 567 2298 Domino
582 2270 637 2298 Deo
651 2279 712 2298 suo.
733 2280 743 2297 ι
762 2271 908 2304 Caeterum,
920 2271 993 2305 quod
1005 2271 1039 2298 de

251 2316 342 2344 fructu
354 2317 463 2352 quidem
476 2317 581 2344 ventris
597 2316 692 2348 David,
707 2320 734 2344 et
744 2316 778 2343 de
795 2316 899 2344 semine
914 2316 1040 2344 Salomo-

250 2363 306 2394 nis,
325 2363 414 2398 deque
437 2363 533 2390 radice
548 2362 626 2391 Iesse
645 2362 773 2390 Christus
792 2362 837 2390 Dei
860 2363 983 2390 oriturus
1004 2364 1040 2391 sit

250 2411 353 2443 dictus,
364 2411 438 2447 quod
449 2411 532 2439 etiam
547 2411 638 2446 ipsum
656 2410 756 2438 factum
778 2415 830 2442 est,
853 2410 963 2445 quando
977 2418 1038 2437 cum

251 2458 502 2485 innumerabilibus
517 2457 578 2485 aliis
598 2457 837 2492 appellationibus,
854 2457 936 2483 etiam
955 2457 1039 2484 David

250 2503 339 2538 ipsum
357 2503 451 2531 divina
468 2508 568 2531 vocant
583 2503 704 2535 oracula,
721 2503 788 2530 satis
806 2502 914 2530 abunde
937 2504 1039 2538 proba-

248 2549 337 2577 veriut
352 2557 395 2581 ea,
412 2557 472 2584 quae
484 2550 540 2584 jam
557 2549 628 2576 dicta
646 2552 719 2576 sunt.
735 2548 813 2581 Quod
829 2556 895 2576 vero
907 2550 989 2575 etiam
1006 2549 1039 2576 de

248 2595 322 2622 tribu
334 2594 403 2622 Iuda
421 2595 531 2622 dicatur
548 2595 719 2631 proditurus,
738 2602 773 2622 ne
782 2594 958 2630 quaerendum
974 2595 1037 2630 qui-

249 2641 311 2668 dem
336 2642 430 2673 fuerit,
447 2650 510 2669 cum
525 2650 557 2668 ex
573 2642 625 2668 alia
643 2642 717 2668 nulla
740 2640 824 2672 tribu,
841 2648 923 2675 quam
937 2648 970 2667 ex
986 2640 1038 2667 hac

250 2687 307 2720 ipsa
327 2693 403 2715 ortus
420 2688 455 2714 sit
470 2688 527 2722 ipse
545 2687 639 2715 David.
652 2687 737 2714 Porro
752 2687 823 2714 idem
839 2686 891 2713 hac
906 2686 1037 2721 plenioris

248 2732 392 2766 cujusdam
410 2732 470 2760 ﬁdei
486 2734 571 2768 gratia
581 2733 722 2760 oraculum
736 2740 844 2767 quoque
863 2732 928 2758 illud
943 2735 1037 2758 osten-

248 2777 318 2804 derit
335 2778 408 2813 quod
429 2779 499 2814 apud
517 2778 618 2806 Mosem
635 2779 663 2806 in
684 2779 756 2806 hunc
772 2778 883 2805 modum
901 2785 930 2805 se
945 2778 1033 2805 habet.

285 2910 306 2926 "
327 2909 394 2938 Rom
422 2919 460 2946 ιι,
477 2911 563 2940 28-29
614 2914 635 2930 ι’
655 2912 729 2941 Psal.
747 2920 783 2946 ιι,
803 2913 830 2941 5.

1100 986 1174 1021 παρὰ
1186 986 1224 1022 τῷ
1237 986 1296 1022 Θεῷ
1309 987 1333 1013 οἱ
1348 986 1394 1013 τοῦ
1412 986 1500 1021 Ἰησοῦ
1516 986 1636 1022 μαθηταὶ
1650 986 1806 1021 κέκληνται,
1819 986 1887 1020 παρ’

1098 1031 1251 1067 ἀνθρώποις
1264 1033 1316 1068 μὴν
1329 1032 1541 1068 ἑλληνικώτερον
1555 1031 1819 1068 προσαγορευόμενοι
1833 1031 1886 1057 ἀπὶ

1097 1077 1147 1112 τῆς
1161 1077 1207 1103 τοῦ
1219 1077 1338 1113 Χριστοῦ
1351 1077 1540 1114 παρωνυμίας,
1556 1077 1627 1103 κατὰ
1642 1077 1670 1103 δὲ
1686 1077 1735 1112 τὴν
1752 1076 1887 1112 Ἐϐραίων

1098 1122 1189 1158 φωνὴν
1202 1123 1247 1150 καὶ
1258 1123 1332 1159 παρὰ
1348 1123 1439 1155 αὐτοῖς
1451 1125 1506 1154 τοῖς
1519 1123 1686 1159 προφήταις,
1699 1123 1752 1149 ἀπὸ
1767 1122 1813 1149 τοῦ
1832 1123 1886 1157 Ἰη-

1097 1169 1154 1200 σοῦ,
1171 1169 1209 1201 ὠς
1224 1169 1256 1196 ἂν
1278 1169 1311 1196 δι’
1333 1169 1415 1196 αὑτοῦ
1436 1169 1612 1204 σεσωσμένοι,
1644 1168 1822 1204 Ἰωσεδεκείμ.
1839 1169 1883 1194 Διὲ

1096 1214 1234 1246 λέλεκται,
1253 1216 1314 1242 (καὶ
1328 1215 1406 1242 τοῦτο
1422 1216 1451 1242 τὸ
1467 1215 1552 1251 ὄνομα
1568 1216 1582 1242 ὃ
1596 1215 1704 1242 καλέσει
1717 1215 1814 1246 αὐτοὺς
1828 1214 1886 1240 K13-

1097 1269 1163 1296 ριος,
1182 1261 1352 1297 Ίωσεδεκεὶμ
1368 1263 1397 1288 ὲν
1409 1263 1464 1294 τοῖς
1480 1262 1660 1298 προφήταις.»
1670 1263 1698 1288 '0
1715 1262 1746 1297 δὴ
1762 1259 1808 1288 οὖν
1821 1261 1886 1296 μέλ-

1096 1307 1159 1339 λων,
1179 1309 1255 1344 φησὶ,
1273 1309 1316 1335 διὰ
1325 1308 1372 1335 τοῦ
1389 1309 1627 1344 προφητευομένου
1646 1308 1722 1340 λαὸς,
1738 1308 1809 1335 κατὰ
1826 1308 1884 1335 διά-

1095 1362 1169 1381 νοιαν
1187 1354 1286 1386 Ἰούδας
1303 1355 1378 1386 ὄντες
1393 1356 1438 1382 καὶ
1455 1356 1561 1391 Ἰσραὴλ
1571 1376 1579 1387 ,
1591 1355 1818 1392 ὀνομασθήσονται
1830 1354 1884 1382 ἀπὸ

1095 1400 1141 1426 τοῦ
1161 1399 1259 1426 Ἰοσουὲ
1281 1399 1460 1434 Ἰωσεδεκεὶμ,
1474 1401 1521 1427 καὶ
1533 1400 1620 1436 τούτῳ
1634 1400 1666 1434 γέ
1681 1408 1762 1435 φησι,
1779 1399 1882 1434 κληθὴ-

1096 1453 1186 1472 σονται
1199 1445 1238 1480 τῷ
1249 1445 1424 1480 προσρήματι
1437 1446 1467 1471 οὐ
1483 1445 1548 1481 παρ’
1560 1445 1720 1480 ἀνθρώποις,
1734 1444 1800 1470 ἀλλὰ
1817 1444 1881 1479 παρ’

1095 1491 1169 1526 αὐτῷ
1184 1490 1224 1526 τῷ
1234 1491 1303 1526 Θεῷ,
1315 1492 1362 1518 καὶ
1375 1491 1451 1526 παρὰ
1467 1492 1522 1522 τοῖς
1540 1491 1691 1526 προφήταις
1705 1489 1797 1516 αὑτοῦ.
1806 1489 1885 1515 Ἐπι-

1097 1537 1184 1572 μελῶς
1202 1538 1255 1574 γὰρ
1273 1538 1391 1573 πρόσχες
1410 1537 1449 1572 τῷ
1464 1536 1536 1571 λόγῳ
1554 1537 1686 1572 φήσαντι,
1712 1545 1722 1562 ο
1737 1536 1783 1562 καὶ
1803 1536 1881 1561 τοῦτο

1093 1584 1123 1610 τὸ
1136 1584 1234 1619 ὄνομα,
1253 1584 1266 1610 ὃ
1283 1584 1390 1611 καλεσει
1406 1583 1503 1615 αὐτοὺς
1522 1583 1636 1619 Κύριος.
1663 1582 1830 1617 Ἰωσεδεκεὶμ
1853 1582 1887 1608 ὲν-

1093 1632 1150 1662 τοῖς
1179 1631 1366 1666 προφήταις.»
1391 1630 1634 1665 Μεταλαμϐάνεται
1661 1629 1703 1661 δὲ,
1734 1629 1772 1660 ὡς
1797 1628 1883 1663 ἔφηνγ

1093 1675 1210 1710 τοῦνομα
1222 1677 1262 1707 εἰς
1275 1677 1324 1711 τὴν
1332 1676 1464 1711 Ἐλλήνων
1474 1675 1575 1710 φωνὴν,
1587 1675 1612 1700 οἱ
1627 1673 1672 1700 τοῦ
1689 1673 1756 1700 Θεοῦ
1771 1673 1882 1699 δίκαιοι·

1094 1722 1194 1748 τούτων
1207 1722 1235 1748 δὲ
1249 1721 1334 1754 οὕτως
1351 1722 1548 1758 σωθησομένων
1558 1741 1565 1753 ,
1580 1721 1625 1747 τὸν
1640 1720 1753 1747 παλαιὸν
1769 1719 1815 1746 καὶ
1833 1718 1882 1754 βα-

1095 1769 1142 1803 ρὺν
1157 1768 1211 1794 τῶν
1229 1767 1336 1804 πικρῶν
1350 1767 1486 1803 δαιμόνων
1497 1766 1578 1801 ζυγὸν
1593 1766 1746 1801 συντρίψειν
1757 1765 1804 1792 καὶ
1818 1765 1881 1796 τοὺς

1093 1812 1133 1845 οἷς
1158 1814 1189 1840 τὸ
1210 1814 1274 1849 πρὶν
1299 1814 1466 1849 συνείχοντο,
1489 1813 1605 1848 δεσμοὺς
1621 1813 1674 1839 τῶν
1700 1811 1883 1847 ἀσεϐημάτων

1092 1859 1247 1895 διαρῤήξειν
1272 1859 1287 1885 ό
1306 1859 1372 1890 Θεὸς
1395 1858 1606 1892 ἐπαγγέλλεται,
1630 1857 1668 1888 ὡς
1688 1856 1786 1892 μηκέτι
1809 1856 1882 1888 θεοῖς

1093 1906 1242 1940 ἀλλοτρίοις
1258 1905 1392 1932 δουλεύειν
1414 1905 1528 1937 αὐτοὺς,
1553 1904 1624 1940 μόνῳ
1643 1903 1671 1930 δὲ
1687 1902 1760 1937 αὐτῷ
1776 1910 1883 1937 καρποσ

1094 1953 1186 1987 φορεῖν
1202 1951 1384 1987 ἀρεσκόντως.
1405 1951 1530 1986 Παρὰθες
1553 1950 1581 1976 δὲ
1598 1949 1702 1980 τούτοις
1723 1948 1751 1975 τὸ
1770 1949 1798 1974 ὲν
1819 1949 1881 1974 δευ-

1092 1997 1164 2032 τέρῳ
1183 1995 1282 2031 ψαλμῷ
1300 1996 1346 2022 ἐπὶ
1359 1997 1392 2031 τῇ
1408 1995 1455 2024 τοῦ
1470 1994 1588 2031 Χριστοῦ
1609 1994 1760 2030 παρουσίᾳ,
1783 1993 1830 2020 καὶ
1845 1993 1879 2028 τῇ

1092 2042 1149 2069 τῶν
1173 2043 1256 2069 ἐθνῶν
1280 2043 1375 2078 κλήσει
1398 2041 1501 2076 φάσκον
1531 2041 1636 2075 λόγιον,
1661 2050 1670 2066 ‹
1684 2038 1879 2075 Διαρῤήξωμεν

1091 2089 1154 2120 τοὺς
1167 2089 1281 2124 δεσμοὺς
1297 2088 1397 2120 αὐτῶν,
1412 2088 1459 2114 καὶ
1472 2087 1668 2123 ἀπορρίψωμεν
1683 2086 1727 2120 ἀφ’
1743 2085 1821 2121 ἡμῶν
1833 2085 1880 2112 τὸν

1092 2134 1173 2170 ζυγὸν
1192 2134 1296 2166 αὐτῶν,
1308 2144 1322 2173 ,ι
1344 2130 1367 2167 ᾧ
1383 2133 1524 2168 συγγενὲς,
1548 2132 1678 2168 ἠγοῦμαι,
1703 2131 1830 2166 τυγχάνει
1849 2131 1881 2157 τὸ

1094 2181 1162 2216 μετὰ
1183 2182 1277 2216 χεῖρας
1298 2180 1396 2214 λέγον·
1424 2190 1433 2205 ‹
1456 2180 1498 2206 Ἐν
1512 2181 1544 2214 τῇ
1568 2179 1659 2214 ἡμέρᾳ
1683 2177 1786 2214 ἐκείνῃ,
1817 2175 1879 2203 εἷπε

1092 2227 1209 2263 Κύριος,
1226 2226 1362 2262 συντρίψω
1385 2225 1465 2259 ζυγὸν
1488 2225 1541 2251 ἀπὸ
1555 2224 1690 2260 τραχήλου
1707 2224 1795 2251 αὐτῶν
1807 2244 1815 2256 ,
1832 2224 1880 2250 καὶ

1055 2285 1077 2312 D
1090 2273 1154 2305 τοὺς
1168 2273 1283 2308 δεσμοὺς
1296 2271 1385 2298 αὐτῶν
1398 2271 1535 2308 διαρῤήξω
1545 2291 1551 2303 ,
1567 2272 1613 2297 καὶ
1630 2271 1679 2297 οὐκ
1691 2270 1823 2306 ὲργῶνται
1838 2271 1880 2297 ἔτι

1091 2319 1162 2349 Θεοῖς
1179 2317 1344 2352 ἀλλοτρίοις,
1360 2317 1418 2344 ἀλλ’
1439 2316 1572 2352 ὲργῶνται
1589 2316 1683 2353 Κυρίῳ
1703 2316 1741 2352 τῷ
1754 2316 1814 2351 Θεῷ
1831 2316 1882 2343 αὕη

1091 2365 1154 2391 τῶν.
1172 2375 1180 2390 ι
1209 2364 1278 2391 Ἀλλ’
1300 2365 1341 2390 ὃτι
1359 2364 1408 2399 μὲν
1425 2365 1457 2390 ὲκ
1482 2364 1587 2399 καρποῦ
1604 2363 1653 2398 τῆς
1673 2364 1775 2395 κοιλίας
1795 2362 1883 2390 Δαεὶδ

1091 2411 1138 2438 καὶ
1153 2412 1184 2436 ἐκ
1199 2410 1355 2446 σπέρματος
1369 2410 1534 2445 Σολομῶνος,
1550 2410 1597 2436 καὶ
1613 2410 1646 2436 ὲκ
1659 2409 1736 2445 ῥίζης
1752 2409 1850 2436 Ἰεσσαὶ
1863 2409 1880 2435 ὸ

1092 2455 1208 2491 Χριστος
1223 2456 1270 2481 τοῦ
1288 2455 1355 2481 Θεοῦ
1380 2454 1595 2489 γεννηθήσεσοαι
1613 2453 1788 2490 προείρηται,
1809 2453 1882 2488 ὅπερ

1091 2503 1137 2529 καὶ
1153 2501 1281 2536 γέγονεν,
1304 2501 1345 2527 ὅτι
1367 2500 1435 2536 μετὰ
1454 2501 1558 2536 μυρίων
1583 2500 1669 2527 ἄλλων
1687 2499 1880 2535 προσηγοριῶν

1093 2547 1139 2573 καὶ
1155 2547 1236 2573 Δαὸὶδ
1251 2546 1332 2573 αὑτὸν
1348 2545 1524 2581 ὀνομάζουσιν
1539 2546 1564 2571 οἱ
1581 2545 1646 2571 θεῖοι
1658 2544 1740 2578 λόγοι,
1752 2545 1878 2580 αὐτάρκη

1092 2592 1278 2620 πιστώσασθαι
1302 2592 1335 2618 τὰ
1361 2592 1503 2628 εἰρημένα.
1529 2592 1589 2618 Ὅτι
1612 2591 1639 2617 δὲ
1664 2591 1710 2617 καὶ
1732 2591 1764 2617 ἐκ
1791 2590 1878 2625 φυλῆς

1098 2638 1181 2665 Ἰούδα
1193 2639 1301 2672 λέγεται
1317 2637 1526 2674 προελεύσεσθαι
1536 2657 1543 2670 ,
1557 2637 1611 2663 οὐδ’
1626 2638 1659 2664 ἂν
1676 2636 1804 2672 ζητηθείη
1816 2656 1824 2667 ,
1838 2637 1882 2672 τῷ

1092 2685 1153 2720 μηδ’
1168 2685 1264 2720 ἑτέρας
1279 2684 1295 2720 ἢ
1309 2684 1360 2719 τῆς
1372 2683 1537 2719 δηλωθείσης
1559 2682 1644 2718 φυλῆς
1657 2682 1704 2708 καὶ
1715 2681 1798 2709 αὐτὸν
1809 2679 1885 2708 εἶναι

1090 2730 1135 2756 τὸν
1149 2731 1241 2757 Δαϐίδ.
1264 2731 1370 2757 Γὲνοιτο
1392 2729 1414 2756 δ’
1431 2730 1464 2756 ἂν
1487 2730 1519 2755 ὲκ
1541 2728 1698 2764 περιουσίας
1720 2727 1766 2754 καὶ
1782 2726 1881 2754 τούτου

1090 2777 1294 2813 παραστατικὸν
1312 2777 1342 2803 τὸ
1358 2776 1433 2812 παρὰ
1446 2777 1557 2803 Μωῡσεῖ
1572 2775 1677 2809 λόγιον,
1701 2772 1794 2800 τοῦτον
1815 2773 1880 2809 ἔχον

1089 2822 1136 2849 τὸν
1150 2823 1260 2850 τρόπον.
