2089 3218
194 174 246 201 565

228 267 351 308 θήρ-εἶαι
361 289 374 308 ζ
385 269 432 294 καὶ
448 268 507 294 τῶν
520 268 614 308 ἐξᾷνῶν
628 267 793 303 προσὸοκια
814 272 830 297 ό
850 267 978 304 Χριστὸς

229 303 282 330 τοῦ
301 303 375 329 Θεοῦ
386 303 651 336 καταποθήσεται.

230 378 240 394 ί
261 368 362 402 Ἰούδα,
381 370 410 396 σέ
427 370 578 397 αίνὲσουσιν
593 372 618 398 o'.
635 371 743 406 ἀδελφοί
765 381 827 405 σου,
845 373 872 399 αἱ
890 373 979 409 χεῖρές

194 423 240 441 σου
255 415 302 441 ἐπὶ
313 414 398 442 νώτου
410 416 464 443 τῶν
479 417 582 452 ἐχθρῶν
595 426 652 450 σου,
672 419 888 455 προσκυνήσουσί
903 428 943 446 σοι
955 420 978 446 οἱ

193 461 246 487 υίοὶ
259 460 306 487 τοῦ
332 461 435 497 πατρός
460 471 515 489 σου.
538 463 660 499 Σκύμνος
680 464 803 497 λέοντος,
824 464 923 498 Ἰούδα,
948 466 980 492 ἐκ

194 506 308 541 βλαστοῦ
325 515 373 541 μου
384 526 391 538 ,
404 508 445 534 υιὲ
456 528 464 540 ,
480 508 590 545 ἀνέϐης.
611 509 765 536 ’Δναπεσὼν
782 511 929 546 ἐκοιμήθης
942 510 979 542 ὡς

193 549 278 581 λέων,
293 549 339 575 καὶ
350 549 387 581 ὠς
396 550 524 586 σκύμνος.
543 553 591 584 Τίς
611 554 701 588 ἐγερεῖ
716 553 811 587 αύτόν;
826 554 882 582 Οὐκ
895 554 980 581 ἐκλεί-

193 595 238 629 ψει
252 596 343 631 ἄρχων
357 595 386 628 ἐξ
401 595 486 623 Ἰούδα
496 618 502 630 ,
518 598 577 624 οὐδὲ
597 598 746 634 ἡγούμενος
765 601 797 626 ἐκ
816 600 869 627 τῶν
885 600 979 636 μηρῶν

193 642 291 673 αὑτοῦ,
315 641 368 673 ἓως
388 641 421 669 ἂν
438 642 501 679 ἔλθῃ
527 640 549 677 ᾧ
565 644 724 678 ἀπόκειται,
745 646 791 672 καὶ
807 646 887 677 αὐτὸς
904 646 978 673 ἕσται

194 687 340 723 προσδοκία
370 687 464 716 ἐθνῶν.
483 698 492 714 ι
517 689 625 717 Δώδεκα
648 691 738 725 φυλῶν
761 691 825 727 παρ’
846 692 982 727 Ἑϐραίοις

193 732 290 765 οὐσῶν,
306 733 338 759 δι’
352 729 389 760 ὧν
403 733 431 760 τὸ
448 735 501 760 πᾶν
516 734 592 767 ἔθνος
609 737 787 772 συνεστήκει,
803 738 867 772 μιᾶς
878 737 981 764 τούτων

194 778 344 814 προπάτωρ
367 779 462 813 γέγονε
477 781 524 806 καὶ
540 781 687 816 ἁρχίφυλος
700 783 714 808 ὁ
734 782 850 815 Ἰούδας,
867 783 936 817 πρὸς
951 783 980 810 ὅν

193 823 367 850 τεθέσπισται
388 824 421 851 τὰ
442 826 628 861 προκείμενα,
648 826 677 859 ἐξ
701 827 782 854 αὑτοῦ
798 828 843 855 τὸν
864 829 981 864 Χριστὸν

195 869 404 905 προελεύσεσθαι
420 872 597 907 σημαίνοντα.
620 873 652 899 Et
670 873 735 908 γοῦν
755 874 919 908 συναγάγοις
934 875 980 901 ἐπὶ

195 915 292 947 ταύτὸ,
312 916 358 942 καὶ
373 905 524 952 πειραθείης
542 919 574 953 τῇ
593 918 661 953 μετὰ
677 905 779 955 ⁷χεῖρας
799 905 848 951 τας
866 905 914 946 ’ἐνί
925 921 980 951 τοῖς
996 905 1017 934 ﬂ

195 960 311 995 πρόσθεν
325 961 448 993 τεθείσας
461 963 637 998 προφητείας,
649 963 739 998 εὕροις
750 963 783 990 ἃν
796 964 895 999 ὁμοίως
910 964 981 991 κατά

195 1013 220 1030 τι
237 1005 324 1031 κοινὸν
346 1008 458 1041 σημεῖον
478 1007 523 1034 τὸν
548 1008 629 1034 αὐτὸν
651 1009 862 1044 κηρυττόμενον.
882 1010 914 1036 Ἦ
931 1010 980 1045 μὲν

194 1050 248 1086 γὰρ
261 1050 337 1086 ἔλεγε
352 1053 416 1087 περὶ
431 1053 478 1079 τοῦ
495 1054 527 1080 ἐκ
547 1054 624 1089 ῥίζης
644 1055 742 1081 Ἰεσσαὶ⁸
760 1056 979 1091 ἀναστησομένου

195 1097 234 1130 τὸ,
256 1106 264 1122 ι
280 1098 335 1124 Καὶ
351 1098 426 1126 ἔσται
437 1100 615 1135 ἀνιστάμενος
627 1100 722 1136 ἄρχειν
735 1101 830 1135 ἐθνῶν,
845 1102 888 1128 ἐπ’
906 1102 981 1138 αὺτῷ

196 1143 257 1179 ἔθνη
272 1143 408 1171 ἐλπιοῦσιν
418 1153 424 1159 ·
444 1155 452 1170 ι
473 1146 489 1181 ἡ
505 1145 532 1172 δὲ
547 1147 610 1182 περὶ
626 1146 672 1173 τοῦ
689 1147 746 1174 υἱοῦ
764 1147 919 1183 Σολομῶνος
932 1148 980 1179 τὸ,

199 1197 208 1213 ι
223 1190 432 1225 κατακυριεύσει
457 1191 511 1218 ἀπὸ
531 1191 667 1228 θαλάσσης
687 1193 738 1225 ἓως
763 1193 915 1229 θαλάσσης,
935 1195 981 1220 καὶ

196 1234 250 1260 ἀπὸ
274 1235 396 1270 ποταμοῦ
424 1237 475 1269 ἕως
498 1238 623 1273 περάτων
650 1239 700 1274 τῆς
729 1239 908 1274 οἰκουμένης,
933 1241 981 1267 καί¹

197 1280 452 1317 ἐνευλογηθήσονται
474 1283 503 1309 ἐν
520 1283 593 1319 αὐτῷ
618 1284 707 1311 πάντα
730 1284 764 1311 τὰ
783 1285 863 1321 ἔθνη·
881 1294 891 1311 ι
914 1286 931 1321 ἡ
954 1285 982 1312 δὲ

198 1326 266 1361 μετὰ
278 1328 370 1362 χεῖρας
384 1329 591 1364 παραπλησίως,
610 1339 620 1356 σ
634 1329 686 1362 ἕως
699 1330 733 1357 ἃν
754 1330 818 1367 ἔλθῃ
828 1350 836 1363 ,
856 1340 865 1356 ι
880 1332 961 1366 φησὶν
972 1352 979 1364 ,

199 1380 208 1396 ι
225 1367 400 1404 ᾧὰπόκειται
412 1393 420 1405 ,
443 1373 490 1399 καὶ
503 1374 584 1405 αὐτὸς
604 1373 679 1401 ἔσται
696 1375 842 1410 προσδοκία
855 1375 948 1402 ἐθνῶν.
969 1385 978 1400 ι

196 1415 229 1441 Εἰ
239 1415 271 1451 δὴ
283 1413 329 1442 οὖν
345 1417 501 1452 συνᾴδουσιν
513 1419 541 1444 αἰ
556 1419 619 1454 περὶ
633 1419 688 1446 τῶν
705 1419 788 1446 ἐθνῶν
804 1421 981 1456 προρρήσεις,

197 1461 394 1498 ἀπεδείχθησαν
406 1463 435 1489 δὲ
448 1465 476 1490 αἱ
489 1464 541 1498 πρὸ
554 1464 656 1491 τούτων
672 1464 774 1500 ὁρῶσαι
789 1465 834 1492 τὸν
850 1466 981 1502 ἡμέτερον

197 1508 328 1543 Σωτῆρα,
350 1509 426 1535 οὐδὲν
439 1509 472 1536 ἂν
488 1509 531 1545 εἴη
546 1510 669 1546 ἐμποδὼν
687 1511 724 1547 μὴ
745 1512 806 1547 οὺχὶ
832 1512 879 1538 τὸν
901 1512 982 1538 αὐτὸν

197 1553 306 1589 βλέπειν
321 1556 367 1583 καὶ
382 1556 431 1592 τὴν
447 1557 596 1593 παροῦσαν,
608 1559 685 1594 εἴπερ
706 1559 837 1594 σύμφωνα
853 1559 982 1596 ἀλλήλαις
996 1573 1016 1602 c

196 1601 389 1636 ὁμολογοῦνται
402 1603 539 1636 θεσπίζειν
549 1613 555 1619 ·
570 1605 687 1640 μάλιστα
701 1606 744 1632 ὅτε
760 1606 840 1641 μέχρι
859 1606 908 1642 μὲν
927 1607 981 1634 τῶν

196 1647 300 1682 χρόνων
322 1648 372 1684 τῆς
392 1649 439 1675 τοῦ
458 1650 584 1686 Σωτῆρος
601 1650 681 1686 ἡμῶν
705 1651 866 1686 ἐπιφανείας
884 1653 909 1678 ot
933 1651 981 1679 τοῦ

203 1692 337 1720 Ἰουδαίων
357 1693 449 1726 ἔθνους
467 1695 595 1731 ἄρχοντες
615 1697 662 1722 καὶ
682 1697 826 1732 ἡγούμενοι
846 1697 935 1724 αὐτῶν
950 1698 982 1725 ἐκ

198 1740 338 1774 προγόνων
361 1741 483 1776 διαδοχῆς
500 1744 700 1778 συνεστήκεσαν
711 1764 718 1776 ,
735 1744 793 1779 ἃμα
807 1743 836 1770 δὲ
850 1745 883 1779 τῇ
899 1744 981 1770 αὑτοῦ

198 1786 334 1822 παρουσίᾳ
346 1786 559 1821 δισλελοίπεσαν,
572 1789 640 1825 ὁμοῦ
656 1798 686 1816 τε
702 1791 718 1825 ὴ
733 1789 788 1816 τῶν
803 1789 888 1816 ἐθνῶν
903 1799 983 1826 προσ-

196 1830 272 1857 δοκία
281 1831 359 1874 τέλος
373 1833 460 1868 ἐπῆγε
477 1836 508 1870 τῇ
522 1834 567 1861 τοῦ
589 1834 685 1862 Ἰακὼϐ
705 1835 864 1871 προρρήσει.
879 1835 983 1862 υῦκοῦν

196 1877 336 1904 κάνταῦθα
352 1879 366 1905 ὁ
384 1879 502 1915 Χριστὸς
515 1880 687 1916 δηλούμενος,
710 1881 758 1908 καὶ
768 1881 828 1908 οὐδὲ
841 1881 918 1912 ἄλλος
930 1902 937 1912 ,
951 1882 982 1908 ἐκ

197 1923 282 1959 φυλῆς
301 1923 386 1951 Ἰούδα
407 1925 628 1962 προελεύσεσθαι.
649 1927 704 1953 Καὶ
727 1927 772 1953 ὅτε
794 1926 823 1953 δὲ
848 1927 880 1952 ἐκ
902 1927 983 1953 Δαϐὶδ

197 1968 244 1995 καὶ
265 1969 436 2005 Σολομῶνος,
462 1971 494 1998 ἐκ
513 1981 543 1998 τε
561 1972 610 2007 τῆς
635 1971 713 2008 ῥίζης
743 1972 841 1999 Ἰεσσαὶ
863 1972 982 2007 γεγονὼς

197 2015 338 2051 ἐδηλοῦτο,
358 2017 390 2044 ἐκ
408 2015 459 2053 τῆς
479 2019 564 2054 αὐτῆς
587 2018 673 2053 φυλῆς
694 2018 731 2045 ὣν
746 2018 891 2047 ἐδείκνυτο.
915 2019 983 2051 Παῖς

199 2062 248 2097 μὲν
262 2062 316 2099 γὰρ
330 2061 364 2099 ἦν
373 2063 420 2090 τοῦ
438 2064 537 2092 Ἰεσσαὶ
549 2065 641 2097 Δαϐὶδ,
650 2065 696 2091 τοῦ
710 2065 738 2092 δὲ
749 2065 830 2092 Δαϐὶδ
847 2064 981 2100 Σολομὼν,

198 2109 344 2142 συστάντες
359 2111 390 2136 ἐκ
408 2110 494 2146 φυλῆς
510 2110 602 2138 Ἰούδα.
615 2110 665 2147 Εῐη
683 2111 715 2138 ἂν
731 2110 875 2146 τοιγαροῦν
889 2110 919 2143 ἐξ
933 2111 983 2137 αὺ-

197 2155 248 2190 τῆς
264 2157 278 2183 ὁ
293 2156 388 2193 Σωτὴρ
405 2159 453 2185 καὶ
478 2158 580 2194 Κύριος
604 2157 699 2193 ἡμῶν,
720 2157 861 2194 ὡσπεροῦν
887 2158 901 2185 ὁ
923 2157 984 2184 θαυα

200 2200 295 2241 μάσιος
318 2203 512 2238 εὐαγγελιστὴς
536 2203 689 2238 γενεαλογεῖ
717 2204 856 2235 Ματθαῖος
878 2202 981 2237 λέγων’

616 174 943 204 DEMONSTRATIONIS
961 175 1189 204 EVANGELHI/E
1206 174 1270 202 LIB.
1290 174 1341 201 VII.

200 231 269 273 Ἀςιᾲ
283 232 338 266 τῆς
351 233 606 273 Γενέσεωςτῖῖζς
616 235 650 261 ἑκ
661 235 760 273 φυηζῆς
770 236 873 273 ἓίυύδᾳι
882 245 983 273 γει-νη-

1033 235 1114 271 360
1128 235 1147 261 Α
1163 234 1316 273 Genetii

1761 173 1812 202 560

1337 231 1563 267 Quemadmodum
1587 239 1619 258 ex
1644 230 1714 267 tribu
1739 230 1812 257 Iuda

1067 266 1190 308 miscetur
1202 270 1245 300 qui
1256 267 1378 308 Quietus
1391 272 1429 294 est
1442 266 1500 301 Dei,
1512 266 1629 301 idemque
1641 266 1756 301 gentium
1766 274 1814 293 ex-

1062 306 1188 336 spectatio
1200 306 1382 330 constituetur.

1067 380 1076 397 ι
1103 370 1182 402 Iuda,
1196 374 1222 398 te
1240 369 1390 397 laudabunt
1417 368 1517 395 fratres
1539 367 1589 399 tui,
1604 374 1701 394 manus
1716 370 1769 394 tuae
1785 367 1812 394 in

1029 421 1104 452 tergo
1118 417 1290 445 inimicorum
1306 420 1427 447 tuorum,
1446 414 1599 442 adorabunt
1614 417 1641 440 te
1664 413 1712 440 ﬁlii
1729 415 1813 447 patris

1030 465 1079 491 tui.
1098 463 1214 490 Catulus
1242 461 1328 489 leonis
1341 460 1425 492 Iuda.
1446 459 1479 487 de
1500 458 1632 494 germine,
1652 457 1690 485 mi
1703 457 1752 490 ﬁli,
1769 465 1814 484 as-

1030 509 1157 541 cendisti,
1178 508 1341 536 recumbens
1360 505 1513 534 dormivisti
1531 509 1560 532 ut
1578 505 1631 536 leo,
1648 508 1675 532 et
1691 507 1722 531 ut
1736 506 1814 530 catu-

1030 556 1083 587 lus,
1099 555 1161 590 quis
1186 553 1314 581 excitabit
1340 551 1486 580 eum?non
1507 550 1616 578 deﬁciet
1636 550 1762 585 princeps
1780 549 1814 576 de

1030 600 1110 632 Iuda,
1130 607 1216 634 neque
1234 599 1287 626 dux
1309 597 1342 624 de
1369 596 1518 634 femoribus
1540 595 1610 630 ejus,
1624 595 1710 622 donec
1723 594 1815 622 veniat

1030 648 1076 674 cui
1102 647 1250 681 repositum
1276 648 1329 676 est,
1354 648 1381 671 et
1399 643 1457 678 ipse
1486 642 1536 670 erit
1560 641 1726 677 exspectatio
1749 648 1814 676 gen-

1029 694 1098 720 tium
1113 693 1146 720 ²⁰,
1168 702 1177 718 ι
1191 691 1259 718 Cum
1274 689 1417 717 duodecim
1443 688 1514 723 apud
1525 687 1652 715 Hebraeos
1668 687 1755 714 tribus
1771 695 1815 715 es—

1031 742 1102 768 sent.
1118 745 1151 764 ex
1165 736 1263 772 quibus
1280 742 1346 771 gens
1361 734 1487 762 universa
1501 733 1654 764 constabat,
1670 732 1752 759 unius
1766 731 1814 758 ha-

1031 790 1091 810 rum
1114 782 1218 818 primus
1233 788 1332 816 parens
1352 787 1383 806 ac
1406 779 1532 814 princeps
1545 777 1650 805 exstitit
1669 777 1764 809 Judas,
1781 777 1815 804 ad

1031 836 1111 864 quem
1126 835 1168 860 ea,
1194 835 1254 862 quae
1270 825 1351 853 modo
1367 823 1510 852 citavimus
1531 823 1565 850 ab
1588 823 1698 849 oraeulo
1712 822 1814 850 directa

1032 878 1106 906 sunt,
1121 881 1181 909 quae
1196 873 1229 900 de
1252 873 1298 900 illo
1314 871 1373 906 ipso
1387 869 1525 898 Christum
1543 868 1712 903 proditurum
1729 867 1814 903 signi-

1032 921 1123 948 ﬁcent.
1142 919 1218 953 Quod
1246 918 1270 946 si
1291 917 1385 945 eodem
1408 915 1591 951 congesseris,
1608 918 1635 942 et
1656 913 1720 941 huic
1733 921 1814 949 quam

1031 973 1104 994 mmc
1124 969 1286 996 tractamus,
1303 971 1350 991 eas
1366 964 1428 990 item
1443 969 1504 997 quae
1523 961 1552 988 in
1572 959 1757 995 superioribus
1767 967 1816 994 po-

1031 1012 1091 1039 sitas
1113 1014 1187 1043 sunt,
1212 1009 1368 1046 prophetiae
1394 1007 1569 1043 apposueris,
1586 1006 1707 1033 invenies
1734 1005 1814 1032 simili

1031 1058 1136 1085 ratione
1151 1056 1185 1083 ad
1203 1056 1337 1091 quoddam
1363 1055 1470 1090 signum
1490 1060 1648 1084 commune,
1671 1058 1755 1079 unum
1774 1055 1815 1077 at-

1031 1111 1084 1139 que
1103 1102 1228 1130 eumdem
1251 1101 1380 1128 nuntiari.
1398 1099 1444 1127 Illa
1460 1099 1569 1135 quidem
1585 1098 1619 1126 de
1642 1105 1674 1125 eo
1697 1097 1814 1128 dicebat,

1031 1150 1078 1185 qui
1094 1149 1127 1176 de
1141 1148 1232 1175 radice
1247 1147 1325 1174 Iesse
1339 1150 1412 1173 esset
1427 1149 1611 1176 surrecturus,
1632 1153 1641 1168 ι
1657 1148 1684 1170 et
1696 1142 1749 1170 erit
1768 1142 1815 1176 qui

1032 1195 1119 1231 surgit
1143 1195 1277 1230 imperare
1299 1193 1445 1228 gentibus,
1468 1193 1496 1219 in
1523 1191 1582 1226 ipso
1600 1193 1693 1225 gentes
1720 1195 1815 1224 spera-

1032 1243 1100 1270 bunt
1116 1242 1149 1270 ²¹.
1166 1250 1176 1268 ι
1193 1241 1251 1268 Alia
1267 1247 1332 1267 vero
1347 1239 1381 1266 de
1398 1238 1453 1265 ﬁlio
1468 1236 1632 1268 Salomonis,
1651 1245 1660 1261 ‹
1681 1239 1708 1262 et
1727 1235 1815 1262 domi-

1032 1287 1142 1315 nabitur
1157 1294 1172 1314 a
1186 1286 1255 1313 mari
1270 1293 1357 1321 usque
1368 1285 1401 1312 ad
1421 1292 1506 1316 mare,
1528 1288 1554 1310 et
1567 1290 1582 1309 a
1603 1281 1713 1309 ﬂumine
1727 1287 1816 1315 usque

1033 1333 1067 1360 ad
1083 1332 1153 1360 ﬁnes
1164 1332 1240 1359 orbis
1258 1335 1348 1362 terrae,
1366 1334 1393 1358 et
1413 1329 1609 1357 benedicentur
1625 1327 1653 1354 in
1665 1334 1698 1354 eo
1720 1333 1815 1353 omnes
1832 1332 1841 1344 ο

1032 1382 1126 1414 gentes
1133 1377 1167 1404 ²¹.
1185 1386 1194 1403 ι
1207 1376 1246 1403 Ea
1256 1383 1322 1403 vero
1333 1382 1413 1410 quam
1427 1381 1500 1401 nunc
1524 1371 1693 1400 tractandam
1706 1377 1816 1397 assum-

1032 1422 1148 1458 psimus,
1160 1421 1252 1449 itidem
1269 1430 1275 1448 :
1295 1429 1304 1447 ι
1319 1420 1409 1447 Donec
1429 1419 1528 1451 veniat,
1543 1417 1642 1453 inquit,
1656 1416 1700 1443 cui
1711 1415 1817 1450 reposi-

1033 1473 1091 1495 tum
1108 1471 1159 1499 est,
1176 1472 1203 1495 et
1218 1467 1274 1502 ipse
1290 1466 1342 1494 erit
1367 1464 1533 1500 exspectatio
1554 1462 1685 1498 gentium.
1711 1471 1720 1487 ι
1738 1459 1816 1493 Quod

1034 1515 1057 1543 si
1070 1515 1128 1542 haec
1141 1514 1174 1541 de
1188 1513 1314 1549 gentibus
1327 1511 1436 1539 oracula
1450 1509 1628 1540 concordant,
1639 1513 1666 1535 et.
1675 1510 1816 1534 ostensum

1032 1565 1074 1588 est
1094 1559 1322 1595 quemadmodum
1345 1564 1376 1585 ea
1391 1563 1499 1591 quoque
1513 1562 1573 1590 qua:
1587 1554 1645 1580 haec
1661 1553 1719 1587 ipsa
1739 1554 1817 1578 ante-

1033 1610 1186 1638 cesserunt,
1202 1605 1237 1632 ad
1261 1603 1429 1632 Salvatorem
1446 1605 1570 1629 nostrum
1593 1603 1726 1634 spectant,
1748 1596 1816 1624 nihil

1037 1652 1153 1687 amplius
1167 1651 1249 1678 fuerit
1263 1649 1468 1685 impedimento,
1483 1648 1549 1683 quin
1578 1646 1631 1673 hoc
1646 1645 1734 1680 ipsum
1749 1651 1817 1679 quo-

1032 1706 1085 1734 que
1100 1697 1171 1733 quod
1186 1704 1258 1724 nunc
1270 1701 1429 1727 tractamus,
1442 1693 1566 1721 eumdem
1581 1692 1656 1720 illum
1667 1690 1794 1726 respiciat
1808 1699 1814 1716 :

1033 1742 1253 1779 quandoquidem
1276 1741 1333 1776 jam
1355 1747 1517 1767 conceSSum
1538 1741 1603 1770 est,
1634 1738 1817 1763 consentanea

1033 1790 1104 1817 inter
1121 1796 1152 1816 se
1166 1788 1201 1815 ab
1213 1787 1341 1814 omnibus
1363 1785 1418 1813 illis
1433 1784 1549 1812 divinari
1567 1793 1572 1810 :
1590 1781 1739 1818 praesertim
1753 1788 1817 1807 cum

1035 1842 1121 1870 usque
1142 1833 1176 1860 ad
1193 1838 1314 1868 tempora
1338 1831 1471 1858 adventus
1493 1827 1642 1856 Salvatoris
1657 1826 1754 1859 nostri,
1769 1826 1818 1853 Ju-

1033 1882 1118 1909 daica:
1143 1880 1231 1916 gentis
1252 1878 1390 1914 principes
1413 1876 1588 1912 ejusdemque
1600 1874 1683 1902 duces
1706 1881 1739 1900 ex
1759 1880 1819 1900 ma-

1032 1928 1123 1963 jorum
1139 1933 1252 1954 suorum
1269 1923 1443 1952 successione
1457 1920 1665 1958 permanserint,
1683 1926 1736 1946 una
1752 1926 1818 1945 vero

1033 1980 1096 2000 cum
1111 1972 1171 2006 ejus
1195 1972 1313 1998 adventu
1336 1967 1502 1999 defecerint,
1529 1966 1702 2002 gentiumque
1717 1964 1819 1999 pariter

1033 2017 1198 2054 exspectatio
1205 2017 1284 2044 ﬁnem
1298 2015 1384 2051 ipsius
1398 2013 1482 2041 Iacob
1500 2012 1632 2041 vaticinio
1648 2011 1817 2046 imposuerit.

1033 2063 1117 2099 Igitur
1131 2063 1183 2090 hoc
1194 2062 1274 2089 etiam
1287 2061 1314 2088 in
1327 2061 1386 2088 loco
1399 2060 1534 2090 Christus,
1548 2058 1594 2093 qui
1610 2057 1668 2092 ipse
1680 2064 1735 2083 non
1749 2056 1819 2083 alius

1034 2110 1066 2137 de
1081 2110 1154 2138 tribu
1167 2107 1236 2136 Juda
1247 2107 1404 2143 proditurus
1418 2105 1596 2142 signiﬁcatur,
1608 2104 1709 2138 quique
1719 2110 1752 2130 ex
1767 2102 1820 2128 Da-

1034 2155 1078 2183 vid
1094 2159 1121 2183 et
1137 2154 1293 2187 Salomone,
1313 2153 1392 2189 361
1410 2155 1491 2187 atque
1505 2159 1537 2179 ex
1560 2149 1652 2177 radice
1670 2148 1748 2176 Jesse
1762 2147 1820 2175 exi-

1034 2206 1113 2229 turus
1128 2200 1275 2232 ferebatur,
1291 2207 1324 2227 ex
1347 2199 1441 2227 eadem
1457 2197 1529 2224 tribu
1545 2195 1683 2232 profectus
1698 2193 1820 2222 ostendi-

201 2256 210 2271 ι
225 2247 321 2280 Βίϐλος
334 2249 466 2283 γενέσεως
483 2250 569 2286 Ἰησοῦ
580 2250 713 2286 Χριστοῦ,
736 2250 795 2276 υἱοῦ
810 2249 907 2281 Δαϐὶδ,
923 2249 982 2276 υἱοῦ

1036 2251 1090 2275 tur.
1104 2247 1170 2274 Nam
1183 2245 1261 2274 Jesse
1275 2245 1383 2280 quidem
1397 2242 1468 2272 ﬁlius
1481 2243 1531 2270 fuit
1548 2242 1631 2269 David
1651 2252 1656 2270 :
1672 2241 1759 2276 ipsius
1775 2247 1821 2267 au-

205 2292 336 2330 Ἀϐραάμ.
361 2295 485 2331 Ἀϐραὰμ
503 2296 631 2331 ἐγέννησε
646 2296 691 2323 τὸν
715 2296 822 2322 Ἰσαάκ·
844 2295 936 2322 Ἰσαὰκ
953 2295 982 2322 δέ

198 2339 326 2375 ἐγέννησε
341 2340 386 2367 τὸν
404 2341 516 2368 Ἰαχώϐ’
539 2342 635 2368 Ἰακὼϐ
656 2342 683 2369 δὲ
703 2342 832 2377 ἐγέννησε
847 2341 893 2368 τὸν
918 2341 982 2367 Ίού-

198 2384 259 2411 δαν·
277 2395 287 2412 ι
306 2386 353 2413 καὶ
368 2386 403 2413 τὰ
421 2385 494 2422 ἑξῆς.
518 2387 597 2415 Ἀλλὰ
619 2388 673 2424 γὰρ
689 2388 736 2414 καὶ
758 2387 859 2414 τούτων
877 2387 926 2422 τὴν
945 2388 983 2414 oi-

200 2430 275 2458 κείαν
290 2431 425 2465 ἀπόδειξιν
439 2433 643 2469 ἀπειληφότων,
662 2433 755 2469 καιρὸς
772 2433 818 2460 καὶ
837 2433 900 2464 τοὺς
918 2432 982 2468 χρό-

197 2485 260 2508 νους
290 2477 405 2504 συνιδεῖν
434 2478 483 2513 τῆς
512 2479 567 2505 τῶν
591 2478 835 2515 προηγορευμένων
857 2477 980 2512 ἀποπλη-

225 2520 232 2529 ρ

199 2529 318 2556 ρωσεως.

1035 2297 1088 2320 tem
1099 2292 1184 2320 David
1199 2291 1337 2324 Salomon,
1350 2291 1396 2326 qui
1407 2290 1440 2318 de
1453 2290 1525 2317 tribu
1538 2288 1608 2316 Juda
1623 2286 1730 2315 oriundi
1745 2290 1819 2314 sunt.

1036 2340 1092 2367 Erit
1105 2347 1170 2375 ergo
1186 2347 1220 2367 ex
1243 2339 1337 2367 eadem
1360 2337 1485 2365 Salvator
1499 2343 1530 2363 ac
1553 2335 1684 2362 Dominus
1700 2337 1794 2360 noster
1813 2342 1818 2359 :

1037 2386 1106 2413 sicut
1127 2387 1210 2412 etiam
1231 2385 1339 2413 divinus
1354 2384 1521 2419 evangelista
1547 2381 1689 2409 Matthaeus
1709 2380 1737 2406 in
1760 2378 1821 2413 ejus

1035 2438 1133 2466 genere
1148 2431 1284 2458 narrando
1299 2430 1460 2457 testiﬁcatur
1474 2429 1568 2456 dicens
1587 2436 1594 2453 ε
1615 2435 1624 2451 ί
1643 2425 1724 2452 Liber
1739 2431 1822 2458 gene-

1039 2476 1153 2503 rationis
1176 2475 1240 2503 Jesu
1266 2475 1368 2503 Christi
1398 2474 1446 2501 ﬁlii
1472 2472 1574 2504 David,
1598 2471 1647 2499 ﬁlii
1671 2470 1819 2498 Abraham.

1039 2522 1173 2549 Abraham
1189 2521 1281 2557 genuit
1293 2521 1370 2549 lsaac
1386 2530 1392 2547 :
1407 2521 1482 2548 Isaac
1492 2523 1581 2546 autem
1608 2517 1700 2552 genuit
1713 2515 1798 2542 Jacob
1812 2523 1819 2542 :

197 2568 284 2596 Jacob
307 2573 396 2598 autem
442 2572 534 2607 genuit
563 2570 658 2598 Iudam
674 2571 707 2604 ’³,
746 2581 755 2597 ι
777 2575 804 2598 et
829 2575 937 2600 caetera.
966 2570 1019 2599 Sed
1039 2571 1148 2606 quando
1165 2570 1261 2597 harum
1286 2577 1376 2597 rerum
1399 2569 1536 2604 propriam
1562 2565 1820 2594 demonstrationem

198 2618 413 2652 explicavimus,
447 2623 555 2655 tempus
579 2620 635 2654 jam
663 2619 745 2648 fuerit
772 2621 870 2649 intueri
899 2620 999 2655 quibus
1035 2619 1203 2654 temporibus
1222 2626 1253 2646 ea
1280 2626 1340 2654 quae
1362 2617 1499 2653 propheta:
1528 2615 1717 2651 prtedixerant,
1748 2619 1823 2639 com-

199 2664 271 2698 pleta
287 2664 351 2692 sint.

236 2754 259 2770 ’°
279 2754 344 2783 Gen.
362 2763 442 2789 xux,
459 2757 534 2783 8-l0.

575 2759 594 2772 "
617 2757 669 2784 lsa.
689 2766 730 2789 \I,
752 2758 793 2785 l0.
814 2759 835 2774 ¹²
850 2754 921 2785 Psal.
941 2764 1002 2784 LXXI
1017 2777 1024 2788 ,
1040 2757 1072 2789 8,
1094 2756 1135 2783 i7.
1174 2756 1195 2771 ⁵³
1215 2755 1308 2782 Matth.
1327 2761 1351 2786 l,
1370 2755 1394 2788 ί,
1411 2756 1435 2782 Ξ.

1003 2872 1035 2879 μ
