2089 3218
203 148 256 176 569

627 147 954 176 DEMONSTRATIONIS
969 146 1198 175 ΕνΑΝοιιιιοΑξ
1218 147 1282 176 LIB.
1302 147 1370 176 Vlll.

1776 149 1831 177 570

201 205 364 241 πολιορκίας
389 207 538 243 ἀναίρεσιν,
553 207 603 243 τῆς
620 207 750 234 πολυθέου
767 208 814 235 καὶ
829 207 976 243 δαιμονικῆ

1041 204 1095 234 Sed
1109 206 1162 233 alia
1175 210 1305 241 praeterea
1320 206 1480 234 earumdem
1496 206 1646 241 subjiciunt
1664 207 1742 242 signa
1759 210 1830 234 teut-

201 251 423 289 είδωλολατρείας
452 254 642 289 ἀποστροφὴν,
672 254 818 288 ἐπίγνωσιν
849 254 988 286 εὐσεϐείας

201 298 261 329 ἐνὸς
283 299 330 324 τοῦ
348 299 394 325 ἐπὶ
416 300 524 326 πάντων
546 300 714 336 δημιουργοῦ
737 300 814 327 Θεοῦ.
829 301 921 327 Ταῦτα
943 299 988 327 οὖν

202 344 324 376 ἅπαντα,
343 345 380 380 μὴ
407 345 470 372 ὂντα
493 346 576 373 πάλαι
598 346 669 373 κατὰ
690 347 753 378 τοὺς
767 346 821 373 τῶν
841 346 988 382 προφητῶν

203 390 324 424 χρόνους,
348 391 394 417 ἐπὶ
415 392 464 426 τῆς
481 393 597 427 Χριστοῦ
621 393 770 429 παρουσίας
783 392 944 427 γενήσεσθαι
963 393 987 418 oi

202 436 267 462 θεῖοι
289 437 408 472 χρησμοὶ
427 439 620 474 προηγόρευον,
638 439 656 466 ἃ
673 439 719 466 καὶ
734 440 793 470 ταῖς
805 439 987 474 προρρήσεσιν

200 480 354 512 ἀκολούθως
368 482 408 514 εις
424 483 509 518 πέρας
522 484 631 511 ἐλθόντα
645 485 706 511 ὅσον
724 484 799 510 οὔπω
815 485 988 519 παραστήσε-

200 534 255 553 ται.
283 527 323 555 Τά
348 536 380 562 γε
398 528 450 564 μὴν
461 530 535 556 αἴτια
558 531 605 557 τοῦ
628 531 665 566 μὴ
690 531 832 566 πρότερον,
852 530 920 557 ἀλλὰ
940 531 987 557 νῦν

201 571 244 597 ἐπ’
270 571 390 607 ἐσχάτων
417 575 520 610 καιρῶν
545 576 612 611 μετᾶ
633 577 678 603 τὸν
706 578 810 612 μακρὸν
834 579 881 605 καὶ
904 578 987 605 πολὺν

201 616 286 644 αιῶνα
296 618 341 645 τὸν
357 612 473 655 Χριστὸν
488 622 595 657 ἐμφανῆ
606 623 730 656 γενέσθαι
743 623 782 659 τῷ
794 624 853 659 βίῳ,
864 625 986 652 λέλεκται

201 664 251 700 μὲν
265 664 315 700 ἥδη
329 666 376 692 καὶ
391 666 517 702 πρόσθεν,
535 668 564 694 οὑ
581 668 632 703 μὴν
651 669 718 695 ἀλλὰ
739 670 785 696 καὶ
809 670 855 697 νῦν
873 673 901 697 ἐν
922 671 987 707 βρα-

199 709 273 744 χέσιν
290 711 438 746 εἰρήσεται.
454 712 540 744 Πολὺς
556 710 590 747 ἦν
605 713 688 740 πάλαι
716 714 848 749 πρότερον
869 715 916 747 τὰς
932 715 986 741 τῶν

199 754 349 790 ἀνθρώπων
370 756 459 791 ψυχας
486 758 637 785 ἐπισκοτῶν
666 759 821 794 ἀφροσύνης
848 760 894 786 καὶ
924 761 987 787 ἀσε-

199 800 275 832 ϐείας
291 801 406 836 αὐχμὸς,
419 802 491 838 δεινή
515 812 543 829 τε
565 804 679 840 ἀθεότης
702 806 912 841 κατακρατοῦσα
938 807 984 833 τοῦ

198 845 298 876 παντὸς
316 846 467 882 ἀνθρώπων
489 847 556 882 βίου,
572 849 610 880 ὡς
635 850 717 885 μηδὲν
742 850 795 876 τῶν
818 851 921 887 ἀγρίων
939 852 985 879 καὶ

1040 260 1146 287 porum,
1176 252 1372 280 abundantiam
1399 253 1485 288 pacis,
1503 254 1704 288 principatuum
1722 260 1829 280 rerum-

1040 306 1092 332 que
1109 297 1289 333 publicarum,
1307 306 1368 332 quae
1386 306 1401 324 a
1423 297 1534 324 condito
1549 305 1606 324 atro
1628 297 1762 328 fuissent,
1779 304 1828 332 per

1040 344 1162 378 singulas
1177 348 1272 379 gentes
1281 348 1363 378 atque
1373 344 1455 370 urbes
1470 343 1621 375 interitum,
1637 350 1651 369 a
1663 342 1828 370 simulacro-

1039 397 1099 416 rum
1116 390 1202 421 cultu,
1218 397 1272 424 quo
1284 389 1375 424 plures
1394 390 1452 417 sive
1472 389 1510 416 dii
1536 390 1593 417 sive
1609 389 1747 417 daemones
1757 389 1828 417 cole-

1038 434 1147 466 bantur,
1169 435 1350 466 aversionem,
1364 435 1445 463 unius
1463 436 1584 470 supremi
1600 436 1707 470 opificis
1722 435 1768 463 Dei
1782 443 1828 464 c.0-

1038 479 1186 514 gnitionem
1209 487 1240 506 ac
1264 479 1477 507 venerationem.
1502 479 1564 507 llaec
1590 480 1672 515 igitur
1696 481 1826 509 universa

1038 532 1153 560 quorum
1177 525 1245 552 nihil
1272 525 1408 560 quondam
1431 526 1600 560 temporibus
1631 527 1825 561 prophetarum

1038 575 1113 603 erat,
1132 571 1184 598 sub
1208 571 1296 606 ipsius
1312 570 1414 598 Christi
1443 572 1590 599 adventum
1620 573 1710 599 l'utura
1733 572 1824 600 divina

1038 618 1146 644 oracula
1165 617 1360 652 praedicabant,
1379 625 1441 652 qua:
1457 618 1537 644 etiam
1553 625 1614 644 cum
1628 617 1695 653 ipsis
1705 618 1825 645 oraculis

1037 662 1233 690 concordantia
1248 671 1328 691 suum
1342 663 1422 690 linem
1437 663 1571 698 attigisse,
1589 663 1660 690 haml
1686 664 1721 690 ita
1738 663 1825 691 multo

1036 712 1098 742 post
1113 708 1384 735 demonstrabuntur.
1398 708 1532 736 Caeterum
1543 716 1593 734 cur
1609 716 1662 735 non
1675 709 1761 743 prius,
1776 709 1822 736 sed

1036 761 1110 781 nunc
1126 754 1258 781 duntaxat
1274 754 1349 782 hisce
1361 755 1492 782 extremis
1508 755 1676 789 temporibus
1691 758 1752 789 post
1769 755 1825 781 lon—

1036 807 1098 834 gum
1112 800 1281 835 multumque
1297 808 1384 827 revum
1399 800 1526 827 Christus
1538 800 1683 827 videndum
1701 801 1822 836 seipsum

1037 846 1132 872 invita
1159 847 1321 881 prahucrit,
1352 854 1443 874 causa:
1467 846 1577 882 quidem
1605 851 1684 873 antea
1713 855 1823 882 quoque

197 890 349 918 ἁτιθάστων
370 892 472 928 θηρίων
488 887 626 930 διαφέρειν
640 895 727 922 δοκεῖν
738 904 745 912 ο
767 897 835 932 μήτε
856 886 920 932 γοῦν
936 898 976 924 πό·

1035 890 1113 918 άὶυιέἒ
1132 895 1206 923 sunt,
1221 896 1410 919 verumtamen
1431 892 1513 919 etiam
1530 900 1603 919 nunc
1622 893 1718 927 paucis
1741 896 1823 927 atque

196 936 262 968 λεις,
271 938 339 972 μήτε
350 938 496 971 πολιτείας,
507 940 574 975 μήτε
586 940 693 975 νόμους,
706 942 775 977 μήτε
788 951 814 968 τι
828 943 926 978 σεμνὸν
937 944 983 970 καὶ

197 982 328 1017 βιωφελὲς
341 984 451 1016 εἰδότες,
465 985 532 1020 μηδὲ
545 986 598 1022 μὴν
612 988 765 1024 ἐπιστήμας
783 990 829 1016 καὶ
843 990 939 1025 τέχνας
954 993 982 1019 ἑν

195 1028 232 1063 νῷ
250 1028 395 1064 τιθέμενοι,
410 1030 511 1066 ἀρετῆς
527 1040 556 1058 τε
577 1033 626 1060 καὶ
641 1034 800 1070 φιλοσοφίας
817 1037 872 1063 οὐδ’
886 1039 926 1069 εἰς
941 1038 980 1065 ἐν

195 1082 268 1100 νοιαν
292 1075 386 1107 ἰόντες,
405 1076 500 1111 μόναις
521 1078 565 1103 ἐπ’
585 1079 724 1114 ἐρημίαις,
742 1080 769 1106 ἐν
793 1090 822 1107 τε
845 1082 919 1118 δρεσι
935 1084 980 1110 καὶ

194 1119 336 1155 σπηλαίοις
361 1121 408 1148 καὶ
428 1122 534 1157 κώμαις
552 1124 600 1156 τὰς
623 1124 760 1160 διατριϐὰς
774 1128 920 1161 ἐποιοῦντο⁷
933 1129 979 1164 λῃ-

194 1164 374 1202 στρικώτερον
391 1168 572 1203 ἐπιτιθέμενοι
587 1171 642 1202 τοῖς
656 1170 843 1205 πλησιάζουσι,
859 1172 980 1208 πορίζον-

194 1219 238 1241 τες
259 1210 294 1237 τὰ
313 1211 382 1246 πρὸς
400 1212 431 1239 τὸ
454 1212 503 1249 ζῇν
524 1215 573 1241 οὐκ
593 1215 703 1242 ἄλλοθεν
717 1216 772 1242 ἀλλ’
786 1217 801 1252 ἢ
816 1218 849 1244 ἐκ
862 1218 911 1253 τῆς
925 1218 980 1245 τῶν

194 1256 414 1292 καταδεεστέρων
433 1260 670 1294 καταδυναστείας.
690 1263 768 1289 Ἀλλὰ
788 1263 840 1298 μὴν
849 1264 980 1292 οὺδὲΘεὺν

193 1300 238 1327 τὸν
261 1302 308 1328 ἐπὶ
331 1303 438 1330 πάντων
457 1305 564 1340 ᾔδεσαν,
580 1307 640 1333 οὐδέ
660 1316 691 1341 γε
711 1308 850 1340 εὐσεὸείας
865 1309 980 1344 ἀληθοῦς

191 1347 301 1382 τρόπον,
325 1352 453 1383 φυσικαῖς
468 1351 496 1377 δὲ
515 1352 630 1384 ἐννοίαις
652 1354 867 1390 ἀνακινούμενοί,
884 1355 913 1381 τὸ
929 1356 979 1390 μὲν

193 1393 325 1429 ὑπάρχειν
346 1397 375 1422 ἐν
395 1398 451 1428 τοῖς
465 1396 524 1424 οὖσι
549 1399 622 1425 θείαν
636 1399 696 1426 τινὰ
716 1400 829 1435 δύναμιν
851 1401 897 1427 καὶ
913 1402 978 1428 Θεὸν

191 1437 271 1473 εἶναι,
287 1442 332 1468 καὶ
344 1442 533 1478 ὀνομάζεσθαι,
550 1445 682 1480 σωτήριόν
695 1454 724 1472 τε
741 1447 788 1472 καὶ
802 1447 978 1483 εὐεργετικὴν

190 1487 334 1522 τυγχάνειν
361 1488 411 1524 τὴν
444 1490 629 1525 προσηγορίαν
660 1492 788 1526 αὑτοφυεῖ
821 1493 978 1529 διδασκαλίᾳ

191 1533 410 1568 συνωμολόγουν·
424 1535 455 1562 τὸ
473 1536 501 1562 δέ
519 1536 555 1572 μὴ
573 1536 636 1563 ἄλλο
654 1545 680 1563 τι
692 1538 811 1573 νομίζειν
825 1539 841 1574 ἢ
854 1540 898 1565 τὸν
913 1540 975 1566 ἐπέ-

189 1588 266 1605 κεινα
281 1580 390 1616 ἁπάσης
407 1580 456 1615 τῆς
470 1582 610 1617 ὁρωμένης
626 1583 729 1615 οὐσίας,
751 1584 800 1610 οὐκ
819 1584 857 1610 ἔθ’
874 1582 923 1611 οἷοί
945 1594 975 1611 τε

187 1623 258 1659 ἦσαν
274 1625 462 1661 ἀποδέχεσθαι,
474 1628 573 1663 Διόπερ
591 1638 599 1654 ι
614 1629 638 1655 οἱ
657 1629 706 1664 μὲν
722 1630 811 1656 αὐτῶν
823 1630 973 1667 ἐσεϐάσθη-

189 1678 248 1699 σαν,
264 1671 312 1698 καὶ
334 1671 499 1707 ἐλάτρευσαν
519 1675 551 1708 τῇ
569 1675 655 1700 κτίσει
677 1675 751 1710 παρὰ
767 1675 812 1701 τὸν
826 1676 954 1702 κτίσαντα
965 1684 973 1692 ·

187 1717 211 1742 οἱ
227 1716 256 1743 δέ
275 1717 485 1753 ἐματαιώθησαν
500 1719 529 1745 ἐν
545 1721 601 1750 τοῖς
616 1719 799 1756 διαλογισμοῖς
813 1721 912 1753 αὐτῶν,
928 1723 975 1749 καὶ

186 1764 330 1799 ἐσκοτίσθη
346 1766 362 1800 ὴ
386 1764 513 1796 ἀσύνετος
535 1765 623 1792 αὐτῶν
640 1767 748 1802 καρδία,
774 1767 812 1799 ὡς
832 1768 974 1800 ἐναλλάξαι

185 1811 236 1846 τὴν
248 1810 328 1842 δόξαν
342 1811 389 1837 τοῦ
407 1811 544 1847 ἀφθάρτου
566 1812 634 1838 Θεοῦ
650 1813 678 1838 ἐν
694 1812 845 1848 ὁμοιώματι
871 1814 974 1846 εἰκόνος

187 1855 307 1891 φθαρτοῦ
333 1855 487 1891 ἀνθρώπου,
508 1858 554 1884 καὶ
576 1858 706 1884 πετεινῶν
726 1858 771 1884 καὶ
788 1859 969 1894 τετραπόδων,

186 1901 234 1927 καὶ
248 1901 380 1937 ἑρπετῶν.
397 1911 406 1928 ι
423 1902 536 1939 Νεκρῶν
546 1903 574 1930 δὲ
589 1901 635 1930 οὖν
648 1904 701 1930 οἵδε
721 1904 823 1940 ἀνδρῶν
836 1905 972 1931 δυναστῶν

185 1954 276 1978 τινων,
299 1946 317 1981 ἢ
345 1947 390 1974 καὶ
416 1948 554 1983 τυράννων
577 1949 661 1975 πάλαι
686 1949 840 1983 γενομένων
866 1950 972 1981 εἰκόνας

185 1991 484 2027 ἀνειδωλοποιήσαντες,
503 1994 550 2019 καὶ
567 1993 679 2025 ταύταις
691 1994 721 2020 τὸ
736 1993 807 2019 θεῖον
822 1994 972 2029 περιάψαν-

183 2045 230 2069 τες
244 2037 337 2069 σέϐας,
354 2038 403 2070 τάς
417 2047 447 2065 τε
467 2039 598 2071 ἐκτύπους
612 2040 659 2066 καὶ
675 2039 840 2070 ἀκολάστους
854 2039 907 2065 τῶν
924 2040 972 2065 αὑ-

183 2083 238 2110 τῶν
254 2083 378 2119 πράξεις,
393 2084 430 2116 ὡς
442 2084 510 2112 θεῶν
525 2086 722 2121 κατορθώματα
742 2086 884 2121 σεμνύνειν
899 2085 971 2112 €050-

183 2129 313 2165 λόγησαν.
331 2130 394 2162 Πῶς
407 2129 452 2158 οὖν
469 2133 525 2163 τοῖς
543 2132 720 2167 τυγχάνουσιν
737 2133 766 2158 ἐν
782 2132 894 2168 τοιαύτῃ
913 2132 969 2167 βίου

182 2176 348 2203 καταστάσει
367 2177 381 2202 ὁ
397 2177 532 2212 πάνσοφος
547 2178 593 2204 καὶ
608 2177 758 2214 πανάρετος
780 2177 825 2204 τοῦ
851 2177 967 2213 Χριστοῦ

1033 938 1060 964 ἱη
1084 945 1189 964 summa
1211 942 1378 973 repetentur.
1397 937 1464 965 Cum
1481 937 1582 965 multus
1596 942 1669 966 esset
1684 939 1821 973 quondam

1033 982 1079 1017 qui
1104 982 1239 1011 humanas
1265 984 1371 1011 animas
1401 983 1594 1011 obtenebraret
1624 985 1772 1020 impietatis
1794 989 1822 1012 et

1032 1030 1156 1056 amentiae
1167 1029 1279 1064 squalor
1292 1049 1298 1061 ,
1315 1033 1342 1056 et
1355 1029 1446 1064 gravis
1455 1030 1576 1064 quadam
1593 1038 1607 1056 a
1621 1029 1676 1057 Deo
1692 1031 1821 1058 alienatio

1032 1080 1138 1100 onmem
1152 1074 1234 1100 vitam
1250 1074 1391 1101 hominum
1415 1074 1569 1109 sul-egisset
1585 1081 1666 1109 atque
1687 1083 1821 1110 occupas-

1033 1124 1083 1149 set.
1101 1119 1169 1146 adeo
1185 1124 1213 1146 ut
1229 1120 1263 1147 ab
1280 1120 1434 1155 agrestibus
1453 1124 1479 1147 et
1501 1121 1651 1147 immitibus
1667 1121 1731 1148 feris
1752 1122 1820 1149 nihil

1033 1164 1140 1192 diilerre
1156 1165 1279 1192 homines
1306 1165 1479 1197 viderentur,
1494 1170 1550 1192 tum
1569 1166 1606 1192 illi
1621 1174 1709 1201 neque
1725 1167 1821 1194 civita-

1031 1215 1081 1242 tes,
1091 1219 1177 1245 neque
1189 1211 1367 1245 respublicas,
1379 1220 1466 1246 neque
1479 1212 1560 1246 leges,
1574 1220 1661 1247 neque
1674 1212 1819 1240 honestum

1030 1256 1177 1291 quidquam
1195 1260 1242 1282 aut
1264 1257 1325 1284 vita:
1351 1257 1525 1284 conducibile
1552 1262 1701 1290 noverant,
1732 1266 1821 1294 neque

1030 1309 1094 1329 vero
1109 1302 1239 1330 scientias
1258 1303 1326 1330 ullas
1339 1307 1385 1329 aut
1396 1308 1470 1330 artes
1486 1302 1577 1329 animo
1592 1304 1821 1338 complecteban—

1030 1351 1084 1380 tur,
1100 1347 1208 1375 virtutis
1218 1352 1308 1374 autem
1319 1355 1350 1374 ac
1367 1347 1549 1382 philosophia:
1562 1355 1596 1374 ne
1610 1348 1749 1375 minimam
1757 1348 1820 1383 qui-

1029 1392 1089 1420 dem
1105 1394 1243 1420 notionem
1261 1393 1400 1424 tenebant,
1413 1392 1460 1420 sed
1479 1393 1506 1419 in
1525 1393 1592 1420 solis
1607 1392 1725 1422 desertis
1738 1394 1817 1426 locis,

1030 1438 1057 1464 in
1076 1439 1214 1466 montibus
1230 1446 1261 1465 ac
1276 1438 1415 1473 speluncis
1437 1443 1464 1466 et
1485 1439 1554 1466 vicis
1582 1439 1712 1473 degentes
1725 1447 1818 1468 versa-

1030 1483 1139 1516 bantur,
1149 1484 1319 1510 etlatrouum
1337 1484 1424 1511 instar
1438 1491 1486 1511 eos
1498 1484 1543 1518 qui
1561 1485 1674 1519 propius
1688 1489 1819 1512 accessis-

1029 1533 1088 1556 sent
1106 1529 1271 1557 invadebant
1291 1550 1297 1561 ,
1316 1538 1365 1557 nec
1389 1529 1498 1557 aliunde
1525 1531 1576 1557 sibi
1596 1532 1695 1558 vietum
1710 1540 1815 1567 quaere-

1026 1575 1101 1606 bant,
1119 1583 1201 1610 quam
1222 1583 1255 1602 ex
1271 1583 1365 1602 eorum
1393 1576 1571 1610 oppressione
1595 1584 1665 1611 quos
1689 1576 1814 1604 imbecil-

1024 1621 1106 1648 liores
1122 1622 1192 1649 nacti
1210 1625 1303 1649 essent
1317 1631 1323 1649 :
1351 1621 1432 1649 iidem
1454 1629 1536 1657 porro
1552 1630 1640 1657 neque
1656 1631 1814 1658 supremum

1024 1667 1119 1699 Deum,
1137 1675 1224 1702 neque
1239 1668 1325 1695 ullum
1359 1669 1500 1704 religionis
1518 1677 1590 1696 vero:
1606 1670 1718 1697 modum
1730 1679 1814 1698 nove-

1025 1718 1094 1744 rant,
1111 1713 1157 1741 sed
1173 1714 1239 1741 solis
1261 1714 1426 1748 quihusdam
1453 1715 1625 1742 naturalibus
1652 1715 1813 1743 nationibus

1023 1759 1156 1790 instincti,
1174 1758 1308 1786 exsistere
1324 1759 1434 1793 quidem
1451 1759 1533 1794 364
1550 1759 1575 1785 in
1596 1759 1677 1787 rebus
1694 1760 1813 1787 divinam

1022 1805 1157 1840 quandam
1173 1806 1237 1837 vim,
1256 1804 1394 1839 Deumque
1417 1812 1479 1831 esse
1502 1813 1533 1831 ac
1549 1806 1695 1837 nominari,
1712 1809 1739 1832 et
1752 1813 1812 1832 eam

1023 1851 1169 1878 salutarem
1184 1857 1216 1877 ac
1228 1850 1377 1877 benelicam
1400 1850 1503 1877 sentire
1527 1851 1747 1885 appellationem,
1763 1859 1814 1878 na-

1023 1896 1103 1923 turali
1130 1896 1248 1931 quadam
1280 1896 1406 1923 doctrina
1427 1897 1603 1929 fatebantur;
1632 1901 1661 1923 ut
1676 1905 1742 1924 vero
1758 1905 1812 1924 nun

1022 1942 1095 1969 aliud
1110 1942 1259 1977 quidquam
1275 1947 1410 1976 putarent,
1428 1951 1509 1977 quam
1522 1950 1584 1969 eum
1600 1943 1647 1977 qui
1661 1947 1703 1970 est
1729 1951 1811 1978 supra

1021 1994 1128 2014 omnem
1144 1995 1204 2022 qua:
1215 1988 1337 2014 cernitur
1353 1992 1491 2019 naluram,
1512 1995 1685 2023 nequaquam
1711 1989 1811 2017 adduci

1021 2037 1155 2069 poterant.
1172 2034 1288 2061 Proinde
1301 2043 1310 2059 ι
1332 2035 1454 2061 nonnulli
1468 2035 1577 2070 quidem
1594 2043 1690 2062 eorum
1703 2036 1809 2063 cultum

1021 2088 1099 2108 suum
1111 2080 1273 2110 tribuerunt,
1284 2087 1315 2107 ac
1324 2081 1478 2107 servierunt
1485 2085 1617 2107 creatum:
1626 2082 1717 2116 potius
1726 2089 1809 2117 quam

1020 2125 1164 2153 Creatori:
1182 2125 1229 2152 alii
1259 2133 1322 2152 vero
1344 2128 1516 2152 evanuerunt
1541 2126 1567 2151 in
1594 2125 1810 2160 cogitationibus

1021 2171 1089 2202 suis,
1109 2175 1136 2198 et
1147 2171 1324 2198 obscuratum
1340 2176 1382 2198 est
1399 2170 1533 2205 insipiens
1546 2178 1595 2197 cor
1620 2179 1726 2203 eorum,
1741 2171 1813 2198 adeo

182 2220 260 2255 λόγος
280 2222 329 2257 τὴν
352 2223 392 2254 εἰς
411 2223 495 2258 ἄκρον
515 2223 709 2257 καταγγέλλων
727 2223 895 2257 φιλοσοφίαν,
913 2224 969 2255 τοῖς

1028 2217 1128 2252 ]uidem
1145 2221 1174 2244 ut
1191 2217 1357 2244 mutaverint
1376 2217 1491 2252 gloriam
1507 2217 1726 2252 incorruptibilis
1749 2217 1808 2249 Dei,

181 2275 210 2293 τε
225 2268 254 2293 ὲν
268 2267 387 2303 τοσούτῳ
403 2268 479 2302 βάθει
497 2268 596 2299 κακίας
620 2268 837 2303 καλινδουμένοις
857 2269 967 2296 δύναται

181 2313 343 2348 ἁρμάττειν;
358 2313 397 2340 διὸ
408 2314 439 2350 δὴ
454 2314 572 2346 ἐκείνους
585 2316 601 2350 ἡ
614 2314 672 2341 θεία
688 2315 734 2341 καὶ
748 2315 854 2342 πάντων
870 2315 966 2351 ἔφορος

178 2357 296 2393 δίκη,ὠς
314 2358 413 2394 ἀγρίαν
427 2360 473 2385 καὶ
488 2359 696 2394 βλαϐερωτάτην
709 2359 774 2394 ὓλην
788 2360 967 2396 περικόπτου-

180 2412 226 2434 σα,
251 2404 311 2430 τοτὲ
338 2404 386 2439 μὲν
413 2405 624 2440 κατακλυσμοῖς,
647 2406 707 2432 τοτὲ
728 2405 756 2432 δὲ
780 2405 966 2442 πυρπολήσεσι

181 2448 291 2484 μετῄειο
307 2450 367 2476 τοτέ
386 2449 414 2476 δέ
433 2450 531 2481 αὐτοὺς
547 2452 601 2481 τοῖς
614 2451 673 2477 κατ’
687 2450 810 2486 ἀλλήλων
828 2451 965 2486 πολέμοις,

177 2495 383 2531 ἁνδροκτασίαις
395 2504 423 2522 τε
439 2497 486 2522 καὶ
501 2496 666 2531 πολιορκίαις
683 2496 725 2522 ἐπ’
737 2495 868 2531 ἀλλήλους
879 2505 965 2532 παρε-

178 2540 260 2574 δίδου,
275 2540 342 2576 πρὸς
360 2541 450 2568 αὐτῶν
459 2541 513 2567 τῶν
529 2542 672 2576 δαιμόνων,
685 2541 738 2568 τῶν
749 2541 780 2577 δὴ
794 2541 862 2568 θεῶν
877 2542 966 2573 αὐτοῖς

176 2586 389 2621 νενομισμένων,
408 2587 454 2613 ἐπὶ
475 2587 521 2613 τὸν
545 2587 604 2614 κατ’
617 2587 738 2622 ἀλλήλων
755 2587 871 2622 πόλεμον
894 2588 964 2619 ἐξοι-

177 2631 357 2666 στρουμὲνους
369 2640 375 2647 ·
392 2631 461 2658 ὥστε
472 2632 569 2659 ἄϐατον
586 2631 653 2660 εἶναι
676 2635 732 2666 τοῖς
755 2632 962 2669 πλησιοχώροις,

175 2676 353 2711 ἀνεπίμικτον
365 2686 394 2703 τε
408 2678 455 2704 καὶ
468 2679 647 2713 ἀκοινώνητον
661 2679 706 2705 τὸν
720 2679 780 2705 τότε
794 2679 848 2705 τῶν
860 2678 964 2714 ἀνθρὼ-

176 2728 234 2747 πων
251 2720 319 2757 βίον.
333 2722 447 2757 Βραχεῖς
464 2722 491 2749 δέ
509 2731 593 2754 τινας,
604 2723 642 2755 ὡς
659 2725 687 2750 ἐν
706 2724 817 2760 τοιαύτῃ
832 2724 963 2750 καταστά-

176 2774 228 2799 σει,
256 2767 303 2794 καὶ
329 2768 437 2803 ἀριθμῷ
464 2768 592 2803 ληπτοὺς,
611 2766 648 2796 ὧν
676 2770 709 2797 τὰ
733 2770 797 2804 παρ’
828 2769 962 2804 Ἑϐραίοις

210 2854 234 2871 ’⁸
255 2853 336 2885 Rom.
353 2864 381 2889 ι,
399 2856 452 2890 25,
470 2857 500 2885 21
519 2856 565 2885 25.

1020 2264 1047 2290 in
1060 2262 1269 2291 similitudinem
1287 2263 1414 2298 imaginis
1429 2263 1619 2298 corruptibilis
1637 2263 1766 2295 hominis.
1781 2267 1809 2291 et

1019 2309 1171 2340 volucrum,
1183 2312 1209 2335 et
1218 2307 1437 2342 quadrupedum,
1450 2312 1476 2335 et
1485 2308 1688 2342 serpentium".
1697 2318 1705 2334 ι
1715 2308 1808 2343 Itaque

1020 2359 1191 2382 mortuorum
1214 2355 1337 2382 virorum
1364 2355 1545 2390 quorumdam
1567 2356 1739 2390 potentium,
1761 2361 1808 2382 aut

1019 2401 1099 2427 etiam
1109 2404 1287 2436 tyrannorum
1302 2402 1347 2435 qui
1361 2401 1512 2436 antiquitus
1526 2401 1652 2432 fuissent,
1663 2409 1725 2428 cum
1739 2401 1807 2427 inia-

1019 2446 1096 2481 gines
1113 2454 1161 2480 pro
1177 2446 1334 2473 simulacris
1363 2447 1517 2474 erexissent
1533 2466 1540 2478 ,
1560 2446 1656 2480 hisque
1683 2446 1806 2472 divinum

1019 2493 1179 2519 tribuissent
1193 2493 1306 2524 cultum,
1325 2496 1381 2519 tum
1400 2492 1532 2519 del'ormia
1563 2496 1644 2525 atque
1669 2491 1804 2526 impudica

1019 2539 1176 2566 eorumdem
1204 2538 1275 2565 facta
1300 2538 1378 2573 quasi
1404 2538 1517 2565 deorum
1534 2541 1610 2571 gesta
1623 2537 1804 2571 pulcherrima

1019 2585 1153 2616 venerari,
1162 2585 1322 2620 theologicis
1330 2584 1493 2619 quihusdam
1504 2583 1602 2610 ritibus
1614 2583 1802 2610 instituerunt.

1018 2630 1069 2664 Qui
1088 2631 1170 2666 igitur
1188 2630 1244 2657 lieri
1271 2631 1406 2666 potuisset
1423 2635 1452 2657 ut
1478 2631 1504 2657 in
1522 2630 1568 2656 tali
1585 2634 1658 2657 statu
1677 2630 1739 2657 vita).
1757 2629 1804 2657 de-

1016 2677 1152 2712 gentibus,
1171 2681 1252 2712 atque
1266 2677 1292 2703 in
1307 2682 1379 2704 tanta
1407 2677 1593 2711 proiunditate
1615 2676 1724 2703 malitias
1742 2684 1802 2703 ver—

1016 2723 1151 2756 santibus,
1168 2724 1399 2758 sapientissimum
1414 2728 1496 2759 atque
1513 2731 1622 2750 onmem
1635 2723 1761 2750 virtutem
1775 2723 1802 2750 in

1016 2777 1045 2796 se
1056 2770 1198 2796 continens
1213 2769 1315 2797 Christi
1332 2768 1460 2802 Verbum,
1473 2769 1537 2796 dum
1554 2776 1689 2797 summam
1707 2769 1798 2805 perie-
