2089 3218
271 177 320 207 ἔτι

614 175 749 202 ιιιθιιιιιι
766 172 1004 203 (ΣᾸΞΞᾹΗΙΕΝΞΙΒ
1023 175 1064 203 0P

1119 174 1211 203 PARS
1227 174 1260 202 ll.
1268 188 1306 196 --
1323 173 1573 203 APOLOGE’I‘ICA.

1857 175 1909 204 572

271 238 401 270 ctamque
415 236 525 262 nuntiat
550 235 763 270 philosophiam,
783 235 1040 263 accommodaretur
1055 235 1064 263 ί

1119 235 1283 271 μνημονεύει
1308 234 1397 270 λόγια,
1425 235 1558 271 θεοφιλεῖς
1582 234 1711 271 εὑροῦσα,
1735 235 1841 269 τούτοις
1864 238 1909 265 διὰ

272 280 446 316 Quapropter
459 281 520 308 illos
537 281 631 308 divina
659 281 804 316 omniaque
831 289 932 309 curans
944 281 1062 316 justitia,

272 326 353 362 quasi
369 331 505 362 agrestem
521 330 548 354 et
561 327 785 356 nocentissimam
805 327 903 355 silvam
919 327 1065 356 attondens

272 377 354 407 atque
370 377 527 407 amputans,
538 380 612 399 nunc
627 373 737 407 quidem
748 372 871 403 diluviis,
890 381 964 400 nunc
973 377 1063 401 autem

272 417 405 445 incendiis
417 419 588 453 castigabat:
607 418 743 445 interdum
759 427 824 446 vero
833 418 944 446 eosdem
961 419 1065 446 mutuis

273 464 352 492 bellis
374 468 403 491 et
427 465 549 492 caedibus
565 470 592 492 et
609 464 802 493 obsidionibus
826 465 947 493 assiduis
973 465 1066 492 trade-

273 511 329 543 bat,
352 511 454 546 quippe
475 519 544 546 quos
559 511 610 546 ipsi
628 511 776 543 dzemones.
797 512 868 547 ipsi,
885 513 1007 547 inquam,
1025 512 1064 539 illi

272 565 342 592 quos
354 557 420 584 deos
435 565 501 585 suos
516 558 676 590 censebant,
690 558 716 585 in
728 558 835 585 furores
849 558 1066 593 bellorum,qui-

274 605 325 630 bus
340 606 436 630 contra
455 611 485 630 se
502 603 618 630 invicem
637 607 838 638 grassarentur,
853 603 1064 632 inllammarent.

273 647 313 676 Ex
336 656 392 683 quo
415 648 497 675 [iebat
523 652 553 675 ut
570 649 659 676 nullos
676 649 746 676 inter
767 656 797 676 se
824 649 915 676 aditus
933 649 1065 677 haberent

274 694 393 726 finitimi,
419 695 467 722 sed
484 694 654 730 impermista
673 695 997 730 incommunicabilisque
1014 696 1065 723 ho-

273 744 376 771 minum
394 748 471 772 esset
489 744 545 773 illis
564 745 734 780 temporibus
756 746 822 773 vita.
839 745 946 774 Paucos
973 751 1064 775 autem

272 789 417 823 quosdam,
436 793 466 816 ut
484 791 512 816 in
527 790 663 825 ejusmodi
682 794 765 822 statu,
792 794 819 818 et
842 790 921 818 facile
936 798 1061 818 numera-

273 834 479 869 biles.quorum
505 843 583 863 sacra
600 835 673 871 apud
686 836 814 864 Hebraeos
838 837 950 864 oracula
966 837 1063 864 tuemi-

271 879 438 913 nerunt,Dei
449 880 589 908 studiosos
606 881 765 916 amicosque
781 886 873 915 nacta,
887 882 938 910 hos
955 883 1029 918 ipsos
1038 885 1064 909 et

1115 281 1247 317 χρησμῶν
1270 281 1318 308 καὶ
1340 280 1481 317 θειοτέρας
1497 281 1657 315 ἐπιφανείας
1679 281 1787 316 ὡμϋει,
1807 281 1909 315 δεξιου-

1118 327 1186 363 μένη
1203 327 1265 360 τοὺς
1285 327 1384 363 ἄνδρας
1395 328 1442 354 καὶ
1454 327 1641 363 θεραπεύουσα
1653 327 1745 363 νόμοις
1760 330 1817 361 τοῖς
1833 329 1908 365 παρὰ

1115 373 1257 405 Μωῦσέως
1271 374 1463 407 είσαγωγικοῑς
1479 374 1525 400 καὶ
1541 373 1709 408 βιωφελέσιν.
1727 374 1796 400 Ἀλλ’
1810 375 1853 401 ὅτε
1874 375 1907 411 δὴ

1116 419 1148 444 ἐκ
1175 419 1224 454 τῆς
1253 419 1358 451 τούτοις
1382 419 1557 454 διαταγείσης
1582 419 1741 455 νομοθεσίας
1756 420 1788 446 ἐκ
1808 429 1837 447 τε
1853 421 1907 448 τῶν

1117 464 1185 500 μετὰ
1202 465 1288 492 ταῦτα
1305 465 1481 501 προφητικῶν
1500 465 1670 500 μαθημάτων
1686 467 1726 498 εἰς
1741 466 1845 498 πάντας
1860 466 1908 493 ἀν·

1116 510 1240 546 θρώπους
1265 511 1378 543 εὐωδίας
1402 511 1481 546 δίκην
1512 511 1713 546 προχεομένων,
1732 511 1782 547 ἤδη
1812 511 1907 538 λοιπὸν

1116 556 1242 591 ἡμέρωτο
1257 556 1309 582 τῶν
1321 556 1426 582 πολλῶν
1442 557 1476 583 τὰ
1493 557 1664 592 φρονήματα,
1680 558 1736 588 τοῖς
1753 565 1781 582 τε
1798 557 1907 589 πολλοῖς

1115 602 1203 628 ἔθνεσι
1225 603 1357 629 πολιτεῖαι
1378 603 1424 628 καὶ
1442 602 1599 638 νομοθεσίαι
1623 604 1790 635 συνίσταντο,
1805 596 1925 639 ἀρετῆς¹

1116 656 1144 674 τε
1169 649 1214 674 καί
1231 649 1388 683 φιλοσοφίας
1410 649 1496 684 δνομα
1520 648 1595 684 παρὰ
1610 651 1665 681 τοῖς
1678 642 1784 681 πολλοῖς
1797 650 1904 683 ἐϐοᾶτο,

1114 694 1152 726 ὡς
1164 694 1196 721 ἃν
1215 695 1393 730 πεπαυμένης
1413 695 1462 730 τῆς
1481 695 1598 726 παλαιᾶς
1622 695 1776 731 θηριωδίας,
1797 705 1900 731 μετατι-

1116 740 1233 776 θεμένης
1255 741 1283 767 δὲ
1302 742 1352 776 τῆς
1370 741 1468 776 ἀγρίας
1489 742 1534 767 καὶ
1552 741 1671 776 ἀπηνοῦς
1687 742 1792 776 διαίτης
1805 742 1852 768 ἐπὶ
1874 742 1905 769 τὸ

1116 787 1276 821 πραότερον,
1289 787 1370 818 αὐτὸς
1387 787 1435 822 ἤδη
1456 787 1547 814 λοιπὸν
1564 787 1634 814 κατὰ
1658 787 1752 824 καιρὸν
1766 788 1812 814 τὸν
1821 797 1899 824 προοη

1115 834 1214 868 ήκοντα
1235 834 1249 859 ὁ
1269 833 1323 859 τῶν
1339 833 1449 860 τελείων
1463 843 1492 860 τε
1505 834 1550 860 καὶ
1563 834 1695 870 οὐρανίων
1711 835 1854 869 δογμάτων
1875 843 1905 861 τε

1115 879 1162 906 καὶ
1178 879 1345 914 μαθημάτων
1363 880 1464 912 τέλειος
1488 880 1535 923 καὶ
1559 881 1683 915 οὐράνιος
1703 880 1873 912 διδάσκαλος,
1891 882 1904 907 δ

272 926 415 959 responsis
431 926 633 961 alloquebatur,
648 930 676 954 et
690 927 723 954 ad
742 927 851 955 divinas
867 928 988 955 visiones
1012 928 1061 954 ad~

1115 925 1162 960 τῆς
1178 925 1295 960 ἀληθοῦς
1316 925 1481 960 θεογνωσίας
1505 921 1684 961 εἷσαγωγεὺς,
1701 928 1715 953 ὁ
1733 926 1799 958 Θεὸς
1819 926 1904 960 Λόγος

272 974 408 1006 mittebat,
426 975 592 1011 eosdemque
618 976 726 1003 interim
742 978 821 1012 quasi
839 985 922 1004 manu
950 982 1064 1012 captans

272 1022 397 1053 curabat,
414 1026 440 1049 et
458 1022 574 1057 legibus,
596 1030 666 1058 quas
687 1023 776 1051 Moses
804 1024 911 1055 fixerat,
934 1024 1065 1051 cultiores

271 1066 412 1095 reddebat.
427 1067 478 1095 Sed
492 1069 536 1095 ubi
547 1068 604 1103 jam
618 1077 651 1096 ex
667 1069 773 1104 legibus
781 1078 842 1104 qua:
853 1070 894 1097 bis
909 1070 976 1104 ipsis
995 1069 1064 1096 data:

271 1112 391 1146 fuerant,
414 1117 497 1149 atque
513 1122 546 1142 ex
562 1115 732 1150 propheticis
759 1116 874 1151 posthac
897 1115 1062 1151 disciplinis.

270 1160 298 1187 in
311 1167 406 1188 omnes
422 1160 548 1188 homines
564 1161 721 1196 fragrantia:
738 1162 883 1195 cujusdam
900 1163 988 1190 instar
998 1169 1063 1196 pro-

271 1206 351 1238 fusis.
362 1207 433 1243 quod
446 1211 600 1242 supererat.
612 1209 758 1236 multorum
768 1209 851 1235 animi
866 1209 1064 1236 mansuetiores

271 1264 425 1293 evaserant,
435 1260 515 1296 365
525 1262 672 1296 multisque
684 1262 809 1296 gentibus
820 1266 846 1289 et
855 1262 949 1289 civiles
960 1269 1062 1293 mores,

271 1310 298 1331 et
320 1305 408 1340 legum
433 1306 621 1335 institutiones
649 1308 835 1339 constabant,
853 1308 1017 1343 virtutisque
1031 1315 1064 1335 ac

271 1351 452 1387 philosophia:
466 1360 567 1380 nomen
581 1353 654 1391 apud
672 1353 773 1381 multos
787 1353 961 1387 audiebatur,
979 1354 1061 1388 quasi

270 1397 361 1432 prisca
378 1398 422 1425 illa
450 1398 558 1426 feritate
569 1399 722 1430 desinente.
737 1403 764 1426 et
780 1399 882 1434 agresti
896 1399 1064 1434 innnanique

271 1443 345 1471 victu
377 1443 405 1471 in
431 1444 566 1471 utiliorem
580 1444 637 1479 jam
659 1448 838 1476 commutato,
856 1445 915 1479 ipse
928 1446 984 1480 jam
1006 1450 1062 1472 tum

271 1490 404 1525 temporis
420 1491 651 1525 opportunitatem
669 1496 775 1523 nactus,
794 1491 852 1526 ipse
869 1492 981 1526 inquam
1006 1500 1064 1527 per—

272 1534 405 1563 fectorum
419 1537 627 1572 ccelesliumque
642 1537 830 1565 institutorum
842 1538 1063 1573 disciplinarum-

271 1589 325 1616 que
339 1581 475 1617 perfectus
485 1583 658 1618 cmlestisque
667 1583 805 1619 magister,
819 1592 940 1619 verzequc
952 1584 997 1611 Dei
1008 1593 1063 1612 no—
1077 1593 1097 1620 ς,

271 1629 338 1656 tiliae
366 1628 538 1656 intruductor
556 1628 627 1656 Deus
644 1629 765 1657 Verbum
782 1630 902 1665 seipsum
924 1631 1060 1661 exhibuit,

271 1674 304 1701 ad
329 1675 519 1710 praescriptum
546 1675 672 1703 humana:
688 1684 702 1703 a
720 1683 750 1703 se
762 1676 935 1704 assumendm
959 1681 1063 1704 natura!

270 1729 388 1760 tempus,
405 1733 541 1761 unamque
569 1726 696 1761 gentibus
725 1726 862 1754 universis
880 1732 934 1753 tam
961 1726 1063 1755 Graecis

270 1767 503 1806 quam'barbaris.
521 1773 596 1800 omni
612 1773 707 1808 utique
723 1773 844 1801 humano
859 1774 963 1808 generi,
974 1774 1063 1801 Patris

271 1817 314 1843 sui
329 1817 501 1845 clementiam
515 1818 698 1854 pietatemque
714 1819 844 1846 nuntiare
856 1823 914 1846 tum
929 1819 1023 1854 erepit,
1036 1823 1063 1846 et

271 1864 304 1891 ad
320 1871 402 1891 unam
417 1868 532 1892 cunctos
549 1865 674 1892 homines
700 1865 727 1891 in
745 1865 800 1892 Deo
815 1865 955 1892 adhortari
982 1865 1064 1892 salu—

271 1913 337 1940 tem,
355 1910 496 1944 ipsamque
512 1910 653 1937 veritatem
669 1918 794 1945 versoque
811 1910 1061 1945 religionislumen,

272 1964 323 1983 nec
339 1964 393 1983 non
410 1957 521 1984 cmleste
552 1964 667 1991 regnum
682 1963 713 1982 ac
731 1956 904 1990 sempiterna:
920 1956 983 1983 vita:
1000 1964 1062 1991 pro-

273 2000 443 2032 missionem,
455 2001 583 2028 omnibus
596 2001 653 2036 ipse
667 2001 741 2035 prior
757 2000 893 2035 spondere
907 2007 939 2028 ac
955 2008 1061 2035 parare.

274 2045 412 2074 Hactenus
441 2047 524 2081 igitur
552 2046 608 2073 hzee
637 2046 710 2074 dit-ta
740 2046 795 2074 sint
821 2047 855 2074 de
885 2047 1062 2082 temporibus,

273 2104 354 2131 quam
385 2097 479 2132 utique
493 2097 528 2125 ob
543 2105 653 2125 causam
676 2106 732 2125 non
753 2099 809 2134 jam
834 2099 880 2126 diu
894 2119 902 2131 ,
924 2099 972 2126 sed
990 2107 1064 2126 nunc

247 2166 250 2175 ι
273 2146 393 2177 demum.
412 2147 540 2175 Christus
559 2147 604 2175 Dei
620 2148 647 2175 in
662 2156 758 2176 omnes
783 2149 908 2176 homines
925 2156 1005 2176 suum
1020 2150 1064 2176 lu-

273 2204 336 2223 men
366 2197 497 2224 emiserit.
525 2195 659 2224 Cteterum
683 2197 716 2224 ad
737 2197 880 2231 superiora
904 2197 1062 2228 redeuntes,

1115 971 1247 1006 ἐπέφανεν
1269 972 1374 1002 ἑαυτὸν,
1393 973 1463 998 κατὰ
1479 972 1525 998 τὸν
1542 973 1735 1008 ὺπογραφέντα
1761 973 1812 1008 τῆς
1827 974 1904 1000 ἐναν-

1116 1016 1281 1052 θρωπήσεως
1298 1013 1379 1044 αὑτοῦ
1396 1017 1501 1053 χρόνον,
1528 1018 1591 1053 μίαν
1614 1020 1669 1050 τοῖς
1690 1019 1772 1045 πᾶσιν
1789 1017 1904 1051 ἔθνεσιν,

1117 1061 1227 1097 Ἕλλησί
1252 1071 1280 1088 τε
1308 1063 1355 1089 καὶ
1383 1063 1539 1098 βαρδάροις,
1554 1063 1592 1099 τῷ
1608 1073 1637 1090 τε
1662 1064 1744 1091 παντὶ
1762 1063 1833 1091 ἔθνει
1850 1063 1904 1091 τῶν

1115 1108 1265 1144 ἀνθρώπων
1289 1108 1338 1144 τὴν
1357 1109 1404 1135 τοῦ
1426 1109 1532 1145 Πατρδς
1549 1110 1751 1146 φιλανθρωπίαν
1767 1110 1904 1144 εὐαγγελι-

1115 1153 1238 1188 ζόμενος,
1254 1155 1300 1180 ἐπὶ
1317 1155 1381 1189 μίαν
1396 1164 1424 1181 τε
1441 1156 1504 1187 τοὺς
1526 1156 1628 1188 πάντας
1640 1156 1789 1192 παρορμῶν
1803 1157 1832 1183 ἐν
1844 1156 1905 1192 Θεῷ

1117 1199 1262 1234 σωτηρίαν,
1280 1200 1407 1235 ἀλήθειάν
1421 1208 1450 1226 τε
1467 1201 1551 1236 αὐτὴν
1565 1201 1611 1227 καὶ
1625 1201 1683 1236 φῶς
1697 1201 1812 1237 ἀληθοῦς
1828 1201 1904 1227 εὐσε-

1115 1244 1200 1276 ϐείας,
1212 1245 1348 1280 βασιλείαν
1363 1254 1391 1272 τε
1409 1246 1541 1281 οὐρανῶν,
1554 1247 1600 1272 καὶ
1612 1247 1720 1273 αἰωνίου
1734 1246 1806 1282 ζωῆς
1817 1247 1904 1282 ἐπαγ-

1115 1289 1207 1324 γελίαν
1223 1292 1279 1322 τοῖς
1295 1291 1362 1317 πᾶσι
1383 1291 1588 1327 προμνώμενος.
1605 1292 1696 1319 Ταῦτα
1715 1293 1763 1328 μὲν
1776 1290 1822 1321 οὖν
1840 1293 1904 1328 περὶ

1114 1335 1168 1361 τῶν
1181 1335 1284 1371 χρόνων
1299 1336 1427 1370 εἰρήσθω,
1444 1336 1477 1362 δι’
1491 1338 1523 1372 ἦν
1536 1337 1625 1363 αἰτίαν
1640 1337 1697 1370 νῦν,
1707 1337 1763 1363 ἀλλ’
1774 1338 1804 1363 οὐ
1820 1338 1904 1364 πάλαι

1116 1381 1246 1417 πρότερον
1270 1382 1284 1407 ὁ
1301 1382 1415 1417 Χριστὸς
1431 1382 1476 1408 τοῦ
1492 1382 1558 1409 Θεοῦ
1574 1384 1613 1414 εἱς
1626 1383 1729 1415 πάντας
1752 1383 1905 1418 ἐξέλαμψεν

1115 1426 1286 1462 ἀνθρώπους.
1303 1427 1371 1462 Φέρε
1394 1427 1422 1453 δὲ
1445 1427 1637 1460 ἐπανελθόντες
1656 1428 1709 1454 τῶν
1732 1429 1835 1464 χρόνων
1854 1429 1904 1463 τῆς

1115 1472 1231 1506 ἀφίξεως
1247 1472 1328 1499 αὐτοῦ
1343 1472 1376 1499 τὰ
1392 1475 1492 1508 σημεῖα
1504 1474 1574 1500 κατὰ
1586 1474 1666 1510 μέρος
1680 1474 1905 1510 ἐπισκεψώμεθα,

1114 1518 1163 1550 τὶς
1186 1518 1365 1552 εὐαγγελικὰς
1385 1520 1447 1555 περὶ
1462 1519 1512 1555 τῆς
1526 1521 1658 1554 γενέσεως
1674 1520 1754 1546 αὐτοῦ
1772 1520 1864 1555 φωνὰς
1875 1522 1905 1547 ἐν

1115 1563 1232 1599 πρώτοις
1245 1565 1326 1600 ἐπιση
1332 1566 1524 1601 μειωσάμενοι.
1549 1567 1577 1592 ’0
1593 1566 1642 1601 μὲν
1655 1564 1702 1592 οὖν
1711 1565 1848 1598 Ματθαϊος
1859 1567 1905 1593 τὸυ

1115 1610 1208 1645 χρόνον
1218 1610 1267 1645 τῆς
1282 1610 1415 1646 ἐνσάρκου
1432 1611 1514 1638 αὑτοῦ
1530 1611 1688 1646 ἐπιφανείας
1698 1608 1749 1638 ὧδέ
1763 1620 1820 1643 πως
1834 1613 1905 1638 ἱστο-

1115 1658 1157 1692 ρΞί
1172 1656 1272 1690 λέγων’
1293 1666 1302 1682 α
1324 1657 1377 1684 Τοῦ
1394 1658 1422 1684 δέ
1444 1657 1530 1693 Ἰησοῦ
1546 1658 1720 1693 γεννηθέντος
1735 1659 1764 1684 ἐν
1780 1658 1905 1694 Βηθλεὲμ

1114 1702 1164 1736 τῆς
1187 1703 1327 1735 Ἰουδαίας,
1344 1705 1374 1730 ἐν
1396 1704 1514 1739 ἡμέραις
1534 1703 1651 1740 Ἡρώδου
1668 1704 1714 1731 τοῦ
1733 1704 1903 1739 βασιλέωςί

1115 1749 1161 1774 καὶ
1177 1750 1234 1784 μετ’
1251 1749 1329 1784 ὀλίγα
1343 1751 1425 1786 φησίν
1436 1759 1442 1765 ·
1455 1759 1465 1776 ι
1487 1751 1619 1783 Ἀκούσας
1633 1751 1672 1782 δέ,
1688 1751 1728 1778 ὁτι
1760 1751 1905 1786 Ἀρχέλαος

1115 1793 1251 1828 βασιλεύει
1272 1795 1322 1830 τῆς
1346 1796 1473 1828 Ἰουδαίας
1497 1797 1556 1823 ἀντὶ
1579 1796 1698 1832 Ἡρώδου
1726 1796 1772 1823 τοῦ
1801 1796 1905 1831 πατρὸς

1115 1840 1208 1867 αὐτοῦ.
1232 1850 1240 1865 ι
1264 1841 1293 1867 '0
1314 1841 1342 1868 δέ
1369 1842 1476 1873 Λουκᾶς
1492 1842 1539 1868 τὸν
1554 1843 1603 1877 τῆς
1628 1842 1802 1874 διδασκαλίας
1821 1841 1906 1868 αὐτοῦ

1115 1886 1162 1912 καὶ
1175 1886 1333 1919 ἀναδείξεως
1349 1887 1444 1922 χρόνον
1461 1887 1618 1923 παρέστησε
1631 1888 1718 1923 λέγων
1730 1897 1737 1903 ·
1758 1897 1767 1913 ι
1788 1888 1831 1914 Ἑν
1849 1889 1905 1914 ἔτει

1115 1933 1349 1968 πεντεκαιδεκάτῳ
1371 1934 1420 1968 τῆς
1441 1933 1589 1969 ἡγεμονίας
1610 1934 1735 1969 Τιϐερίου
1754 1934 1904 1971 Καίσαρος,

1114 1979 1337 2015 ἐπιτροπεύοντος
1360 1980 1470 2006 Ποντίου
1488 1980 1604 2007 Πιλάτου
1625 1981 1674 2015 τῆς
1702 1979 1841 2012 Ἰουδαίας,
1858 1988 1905 2006 τε-

1114 2026 1295 2060 τραρχοῦντος
1308 2026 1335 2053 δὲ
1347 2027 1396 2062 τῆς
1413 2027 1557 2059 Γαλιλαίας
1579 2027 1709 2063 Ἡρώδου,
1726 2027 1859 2054 Φιλίππου
1876 2026 1906 2054 δὲ

1114 2072 1159 2098 τοῦ
1172 2072 1284 2106 ἀδελφοῦ
1303 2073 1385 2100 αὑτοῦ
1404 2074 1615 2109 τετραρχοῦντος
1628 2074 1678 2109 τῆς
1697 2074 1844 2110 Ἰτουραίας
1858 2073 1905 2101 καὶ

1114 2119 1312 2153 Τραχωνίτιδος
1334 2117 1435 2154 χώρας,
1462 2119 1508 2146 καὶ
1533 2120 1667 2146 Λυσανίου
1690 2120 1740 2155 τῆς
1761 2119 1906 2155 Ἀὁιληνῆς

1114 2164 1336 2200 τετραρχοῦντος,
1358 2165 1404 2191 ἐπὶ
1423 2165 1574 2200 ἀρχιερέως
1591 2166 1674 2192 Ἅννα
1695 2166 1741 2192 καὶ
1757 2165 1879 2199 Καῖὰφα.
1892 2174 1902 2190 ι

1115 2209 1226 2241 Τούτοις
1247 2210 1279 2246 δὴ
1301 2208 1347 2237 οὖν
1370 2210 1461 2242 καλῶς
1489 2211 1545 2246 ἔχει
1571 2212 1742 2248 παραθέσθαι
1764 2211 1814 2247 τὴν
1828 2210 1905 2247 παρὰ

274 2250 426 2281 temporum
441 2246 575 2274 adventus
598 2247 671 2274 illius
686 2247 870 2282 particulatim
898 2255 960 2281 qua:
984 2248 1061 2282 signa

1115 2255 1209 2282 Μωσεῖ
1224 2256 1270 2282 τοῦ
1296 2255 1393 2282 Ἰακὼὸ
1409 2257 1587 2293 προφητείαν,
1604 2257 1697 2285 τοῦτον
1720 2258 1834 2293 ἔχουσαν
1857 2257 1906 2284 τὸν

272 2297 437 2329 exstiterint,
453 2297 670 2329 consideremus,
683 2297 908 2332 evangelicasque
923 2297 950 2324 in
964 2298 1060 2332 primis
1114 2301 1223 2336 τρόπον.

271 2343 306 2371 de
329 2347 391 2370 ortu
411 2344 471 2378 ejus
488 2352 569 2372 voces
598 2344 770 2371 adnotemus.
801 2343 943 2372 lllaulimus
974 2345 1057 2380 igitur
1076 2350 1184 2381 tempus
1198 2355 1253 2382 quo
1270 2348 1354 2376 illein
1382 2356 1496 2383 corpore
1513 2348 1633 2377 humano
1647 2349 1734 2377 videri
1755 2349 1850 2388 coepit,
1876 2349 1905 2376 in

273 2390 346 2417 hunc
363 2391 472 2418 modum
483 2396 576 2418 narrat
590 2400 613 2418 ;ι
628 2391 696 2418 Cum
712 2394 795 2423 esset,
806 2390 903 2425 inquit,
915 2396 995 2419 natus
1013 2391 1094 2421 Jesus
1109 2393 1301 2422 inBethlehem
1316 2394 1416 2422 ludam:
1433 2395 1460 2422 in
1471 2396 1567 2423 diebus
1584 2395 1698 2423 Herodis
1707 2396 1778 2430 regis
1793 2395 1827 2421 ⁸⁸,
1847 2405 1856 2420 ο
1873 2393 1905 2421 Ει

272 2437 353 2471 paulo
370 2442 430 2473 post
445 2446 451 2464 :
470 2448 479 2464 ‹
492 2438 624 2469 Audiens,
640 2438 738 2472 inquit.
756 2438 829 2473 quod
840 2438 992 2466 Archelaus
1007 2445 1138 2474 regnaret
1155 2440 1182 2467 in
1201 2439 1294 2468 Judaaa
1324 2450 1373 2477 pro
1401 2441 1508 2470 Ilerode
1536 2446 1612 2477 patre
1644 2450 1695 2470 suo
1713 2442 1747 2469 “.
1777 2451 1786 2467 ι
1815 2440 1905 2467 Lucas

272 2488 363 2512 autem
373 2493 427 2519 quo
443 2488 565 2520 tempore
577 2485 622 2512 ille
636 2488 663 2513 et
686 2485 785 2512 docere
811 2489 838 2513 et
874 2485 997 2520 seipsum
1016 2487 1161 2514 ostendere
1187 2487 1311 2522 cmperit,
1327 2487 1507 2520 demonstrat,
1537 2488 1582 2515 ubi
1594 2488 1653 2514 ait:
1672 2497 1680 2512 ι
1702 2487 1779 2514 Anno
1800 2494 1836 2514 ιν
1853 2486 1905 2512 im-

273 2530 341 2564 perii
368 2530 470 2558 Tiberii
497 2531 625 2562 Cmsaris,
650 2536 814 2566 procurante
836 2531 933 2559 Pontio
953 2531 1039 2559 Pilato
1063 2532 1197 2565 Juda-am,
1220 2534 1359 2561 tetrarcha
1376 2538 1464 2561 autem
1487 2534 1604 2562 Galil-ea:
1634 2533 1750 2566 Herode,
1779 2532 1906 2568 Philippo

273 2583 361 2605 autem
383 2577 465 2606 fratre
477 2580 536 2613 ejus
561 2579 698 2606 tetrarcha
713 2579 803 2606 lturia:
812 2584 839 2607 et
849 2579 1051 2608 Trachonitidis
1071 2582 1201 2615 regionis,
1232 2587 1259 2609 et
1273 2582 1389 2618 Lysania
1405 2583 1526 2612 Abilenze
1547 2584 1695 2617 tetrarcha,
1711 2583 1763 2611 sub
1778 2582 1896 2619 principi

273 2624 324 2652 bus
338 2625 511 2653 sacerdotum
530 2625 606 2653 Anna
627 2631 654 2654 et
669 2626 773 2662 Caipha
791 2627 822 2654 ’⁷.
846 2637 856 2653 ι
877 2627 926 2655 llis
942 2627 1025 2662 igitur
1037 2628 1060 2654 si
1079 2627 1165 2656 Jacob
1180 2631 1349 2665 prophetiam
1365 2638 1425 2666 qum
1438 2635 1479 2658 ost
1506 2632 1577 2667 apud
1607 2631 1710 2659 Mosen)
1722 2638 1906 2667 apponamus,

272 2677 362 2705 opera:
378 2670 493 2705 pretium
509 2671 666 2703 fecerimus,
694 2679 755 2707 qua:
772 2671 798 2698 in
816 2671 888 2698 hunc
904 2672 1014 2698 modum
1031 2679 1060 2699 se
1077 2672 1168 2701 habet.

309 2773 331 2789 "
354 2771 447 2801 Matth.
468 2780 505 2805 11,
524 2773 548 2801 Ι.
588 2774 610 2790 ³⁵
631 2773 698 2801 ibid.
717 2773 762 2801 26.
802 2764 823 2789 ί⁷
844 2779 910 2801 huc.
927 2780 975 2806 tu,
994 2773 1018 2800 Ι.
