2089 3218
180 182 232 210 573

604 181 932 209 DENIONSTIIATIONIS
953 181 1180 209 ΕνΑΝιςΕιιιιΑξ
1201 180 1270 208 LIB.
1290 179 1358 207 VIII.

1754 180 1804 208 574

182 238 321 280 Ἇζινὸιτῆς
342 226 505 280 ιδενὲςνεως.
514 255 555 280 —'
563 239 632 273 Περὶ
642 239 708 280 fin:
721 241 838 280 χρένων
859 240 912 280 τῇς
927 242 961 280 εἰς

1021 241 1103 277 366
1159 241 1261 280 Genesi.
1275 239 1427 280 —-_Qujbus
1448 238 1605 280 temporibus
1626 238 1747 280 (illrr'sms
1770 240 1806 266 ad

210 276 386 319 ἀνᾳρὼπους
418 275 592 319 satiatem];-
615 275 888 319 auroil'ﬂqnxat)‘
914 276 968 309 οὓς

211 310 341 344 ,φόνους
351 310 384 336 τὸ
396 311 463 343 παρ’
481 310 625 343 Ἑϐραίοις
637 310 784 344 ἐπιλείψει
795 311 966 342 βασίλειον,

210 345 241 371 τὸ
257 344 422 378 τηνικαῦτα
435 345 451 378 ὴ
463 345 521 370 τῶν
530 345 625 370 ἐθνῶν
635 344 828 377 ἐπιστήσεται
840 346 968 379 προσδο-

210 379 277 406 κία·
295 379 310 405 ὃ
324 379 373 405 καὶ
390 379 513 414 γέγονεν
528 380 578 406 ἐπὶ
594 379 648 413 τῆς
664 379 717 406 τοῦ
733 379 869 414 Σωτῆρος
884 380 968 415 ἡμῶν

209 415 398 449 ἐπιφανείας.

210 491 221 506 ‹
247 481 374 507 Ἐκάλεσε
399 481 427 506 δὲ
448 479 546 507 Ἰακὼϐ
562 481 625 512 τοὺς
640 480 716 512 υἱοὺς
726 480 808 507 αὐτοῦ
826 481 873 508 καὶ⁴
889 479 964 507 εἷπε·

174 527 326 562 Συνάχθητε
343 527 386 553 ἵνα
404 527 558 561 ἐπαγγείλω
575 527 639 562 ὑμῖν
661 527 687 554 τί
705 527 890 562 ἀπαντήσεται
902 528 965 563 ὑμῖν

174 572 218 598 ἐπ’
233 571 348 606 ἐσχάτου
363 571 417 597 τῶν
434 571 545 607 ἡμερῶν
555 580 562 586 '
579 566 751 607 ἁθροίσθητε,
761 572 808 598 καὶ
820 572 965 605 ἀκούσατε,

177 617 230 644 υίοὶ
253 617 361 649 Ἰακὼϐ,
377 617 522 650 ἀκούσατε,
538 617 655 653 Ἰσραὴλ,
667 617 714 644 τοῦ
733 618 833 654 πατρὸς
850 617 936 654 ὑμῶν.
953 628 962 644 ι

173 661 240 690 Εἶτα
269 663 372 695 τούτοις
399 663 461 698 ἑξῆς
490 663 714 698 ἐπιμεμψάμενος
743 664 803 691 τινά
826 673 880 690 τισι
909 665 965 696 τοῖς

175 709 317 744 προτέροις
343 709 419 740 υἱοῖς,
435 709 474 740 ὡς
491 708 534 736 διά
554 717 615 735 τινα
634 709 724 736 αὐτῶν
741 710 964 745 πλημμελήματα

173 754 327 789 γενομένοις
339 753 456 786 ἀναξίοις
467 754 516 790 τῆς
529 754 678 790 μελλούσης
692 755 866 789 ἐπιλέγεσθαι
880 756 965 791 προῤ-

174 801 288 836 ῥήσεως,
309 800 347 835 τῷ
363 800 486 835 τετάρτῳ
499 800 536 831 ὡς
553 800 598 826 τδν
613 800 668 835 βίον
686 800 827 836 κρείττονα
843 800 897 827 τῶν
910 801 964 827 λοι-

173 846 231 873 πῶν
252 846 372 880 ἀδελφῶν
396 846 607 882 ὲπιδεδειγμένῳ
625 846 687 874 τάδε
704 846 828 879 θεσπίζει
840 855 848 862 ”
866 856 875 872 ι
896 847 964 873 Ἰού-

172 892 215 924 δα,
233 893 262 919 σὲ
282 893 433 919 αἱνέσουσιν
447 894 470 920 οἱ
489 893 595 928 ἀδελφοί
613 901 673 919 σου·
692 893 720 920 αἱ
735 893 824 929 χεῖρές
848 902 894 919 σου
917 893 963 919 ἐπὶ

173 936 257 963 νώτου
270 937 321 964 τῶν
340 937 445 973 ἐχθρῶν
462 947 508 965 σου
519 947 525 953 ”
539 939 756 974 προσκυνήσουσί
766 947 794 964 σε
808 938 833 964 οι
849 938 902 965 υἱοὶ
915 938 961 965 τοῦ

173 983 276 1019 πατρὸς
294 991 350 1009 σου.
366 983 488 1019 Σκύμνος
505 983 620 1016 λέοντος,
636 983 729 1015 Ἰούδα,
737 985 768 1010 ὲκ
785 983 910 1019 βλαστοῦ,
920 984 961 1011 υἱέ

174 1037 236 1063 μου,
252 1028 368 1064 ἀνέὸης·
386 1029 530 1056 ἀναπεσὼν
547 1030 696 1066 ἐκοιμήθης
710 1031 748 1062 ὡς
770 1031 837 1058 λέων
862 1032 909 1058 καὶ
925 1031 963 1063 ὡς

173 1073 300 1108 σκύμνος.
316 1073 364 1106 Τίς
390 1075 481 1110 ἐγερεῖ
501 1074 598 1108 αὑτόν;
615 1075 664 1101 οὐκ
688 1075 806 1110 ἐκλείψει
826 1075 917 1112 ἄρχων
933 1077 962 1110 ἐξ

177 1117 274 1150 Ἰούδα,
289 1118 349 1145 οἷέιὲ
368 1118 518 1154 ἡγούμενος
528 1120 559 1146 ὲκ
576 1119 629 1145 τῶν
645 1119 738 1155 μηρῶν
751 1120 844 1152 αὑτοῦ,
859 1121 911 1152 ἕως
930 1121 962 1147 ἂν

171 1164 235 1200 ἔλθῃ
259 1164 294 1190 τὰ
319 1164 487 1199 ἀποκείμενα
520 1164 610 1199 αὐτῷ·
633 1165 679 1191 καὶ
709 1165 789 1197 αὐτὸς
815 1165 962 1201 προσδοκία

170 1209 265 1238 ἐθνῶν.
286 1219 295 1236 ι
315 1210 414 1237 Σκόπει
431 1209 462 1245 δὴ
479 1210 585 1246 πρῶτον
600 1210 660 1237 τίνα
676 1210 729 1246 ἄρα
743 1211 825 1246 φησὶν
841 1209 910 1238 εἶναι
929 1212 963 1239 τὰ

172 1256 339 1292 ἀποκείμενα
363 1256 454 1292 αὐτῷ·
472 1258 520 1284 καὶ
540 1258 591 1292 ὅρα
607 1258 630 1283 εί
650 1257 687 1293 μὴ
704 1257 773 1284 αὐτὰ
796 1255 841 1293 ἦν,
867 1257 885 1284 ἃ
906 1259 962 1289 τοῖς

170 1303 243 1337 αμφὶ
268 1302 313 1329 τὸν
331 1302 457 1338 Ἀϐραὰμ
479 1303 648 1338 προπάτορσι
661 1303 726 1338 περὶ
741 1303 790 1338 τῆς
805 1303 860 1329 τῶν
878 1303 962 1330 ἐθνῶν

169 1348 292 1384 κλήσεως
305 1350 319 1375 ὁ
333 1348 399 1380 Θεὸς
412 1349 550 1385 ἀνείρηκε,
565 1349 708 1381 θεσπίσας.
720 1350 878 1385 Γέγραπται
887 1352 960 1386 γοῦν,

168 1394 208 1425 ὡς
223 1394 275 1430 ἄρα
292 1394 369 1421 εἶπεν
384 1396 398 1421 ὁ
410 1395 476 1426 Θεὸς
488 1394 527 1430 τῷ
542 1395 682 1431 ’Δόραάμ·
705 1405 714 1422 ι
737 1396 793 1423 Καὶ
810 1395 860 1432 ἔσῃ
888 1396 961 1422 εὐλο-

168 1440 263 1476 γητὸς,
281 1441 328 1467 καὶ
341 1440 479 1476 εὐλογήσω
493 1440 556 1472 τοὺς
581 1441 757 1474 εὐλογοῦντάς
774 1449 814 1473 σε,
840 1439 961 1472 καὶτοὺς

170 1487 384 1522 καταρωμένους
408 1495 437 1512 σε
454 1487 661 1522 καταράσομαιο
680 1487 726 1514 καὶ
743 1486 962 1521 ὲνευλογήσονται

168 1533 198 1559 ὲν
236 1533 277 1559 σοὶ
314 1534 399 1559 πᾶσαι
426 1533 454 1559 αἱ
484 1533 565 1567 φυλαὶ
587 1534 637 1568 τῆς
676 1533 737 1568 γῆς.
766 1542 775 1558 ι
795 1532 850 1559 Καὶ
884 1529 962 1563 αὖθις

171 1588 181 1604 ι
209 1579 333 1614 Ἀὃραὰμ
358 1579 397 1611 δὲ,
423 1588 432 1604 ι
460 1580 536 1614 φησὶ,
554 1588 563 1605 ι
583 1580 724 1615 γινόμενος
737 1579 813 1606 ἔσται
830 1579 870 1610 είς
887 1577 962 1609 ἔθνος

171 1625 242 1660 μέγα
266 1625 313 1652 καὶ
333 1625 410 1658 πολὺ,
429 1626 476 1652 καὶ
495 1625 716 1661 ὲνευλογήσονται
733 1626 762 1651 ὲν
779 1624 853 1660 αὐτῷ
873 1624 961 1651 πάντα

168 1672 202 1698 τὰ
219 1671 281 1707 ἔθνη
297 1672 345 1707 τῆς
360 1672 420 1707 γῆς.
435 1682 444 1697 ι
458 1671 499 1698 Τὰ
513 1672 595 1706 ὃμοια
608 1671 636 1697 δὲ
650 1671 696 1697 καὶ
711 1671 750 1706 τῷ
766 1670 858 1697 Ἰσαὰκ
871 1671 884 1696 ὁ
894 1678 962 1705 χρη-

170 1719 238 1753 σμὸς
262 1718 354 1744 τοῦτον
381 1718 500 1752 ἑκφωνεῖ
521 1718 566 1744 τὸν
592 1718 706 1753 τρόπον·
729 1726 738 1743 ι
759 1717 814 1743 Καὶ
836 1715 962 1751 πληθυνῶ

167 1763 200 1790 τὸ
231 1764 341 1799 σπέρμα
372 1773 417 1791 σου
443 1764 482 1796 ὡς
508 1765 571 1796 τοὺς
606 1764 726 1799 ἀστέρας
752 1762 799 1788 τοῦ
835 1760 960 1797 οὐρανοῦ,

168 1810 216 1836 καὶ
241 1809 458 1845 ὲνευλογήσονται
481 1810 510 1836 ὲν
531 1809 570 1845 τῷ
592 1809 729 1845 σπέρματί
755 1816 801 1834 σου
819 1808 906 1834 πάντα
927 1808 962 1835 τὰ

168 1855 232 1890 ἐθνη
244 1855 294 1890 τῆς
311 1855 372 1891 γῆς.
396 1865 405 1881 ι
429 1856 489 1882 Ἔτι
511 1855 538 1882 δὲ
550 1856 597 1882 καὶ
617 1855 657 1890 τῷ
677 1854 773 1880 Ἰακὼὸ
798 1853 911 1880 τοιαῦτα
929 1854 960 1890 δὴ

169 1899 290 1936 εἴρηται·
309 1910 318 1926 ι
339 1900 411 1935 Ἐγὼ
424 1901 525 1937 Κύριος
536 1903 551 1928 ὁ
572 1901 638 1932 Θεὸς
655 1899 779 1936 Ἀϐραὰμ
798 1899 844 1926 τοῦ
859 1900 962 1935 πατρός

171 1953 229 1976 σου,
242 1946 289 1972 καὶ
304 1946 394 1977 ὸθεδς
414 1946 515 1973 Ἰσαάκ·
536 1946 572 1982 μὴ
591 1945 685 1980 φοϐοῦ,
705 1954 714 1970 ι
730 1945 777 1971 καὶ
798 1945 870 1980 ἑξῆς·
885 1953 894 1969 ι
915 1945 961 1971 καὶ

168 1991 427 2027 ἑνευλογηθήσονται
447 1993 475 2019 έν
496 1993 538 2019 σοὶ
558 1993 643 2018 πᾶσαι
656 1993 683 2018 αἱ
704 1991 786 2026 φυλαὶ
800 1990 850 2025 τῆς
865 1991 927 2026 γῆς.
949 2000 958 2016 ι

169 2038 224 2064 Καὶ
245 2037 337 2064 ἄλλοτε
359 2035 434 2064 εἶπεν
447 2037 521 2073 αὐτῷ
538 2039 552 2064 ὁ
572 2037 652 2069 Θεός·
673 2047 683 2063 ι
706 2035 776 2071 Ἐγὼ
795 2036 888 2067 ὀΘεός
902 2044 959 2067 σου,

168 2083 284 2117 αὐξάνοι»
307 2083 355 2110 καὶ
371 2083 516 2118 πληθύνου·
541 2083 603 2119 ἔθνη
627 2083 675 2109 καὶ
698 2081 853 2116 συναγωγαὶ
877 2080 961 2108 ὲθνῶν

168 2129 353 2162 ἐξελεύσονται
371 2130 403 2156 ὲκ
418 2129 475 2160 σοῦ,
495 2130 540 2156 καὶ
560 2129 678 2165 βασιλεῖς
696 2129 728 2155 ὲκ
740 2128 790 2163 τῆς
801 2127 901 2162 ὀσφύος
914 2136 959 2153 σου

169 2176 363 2208 ἐξελεύσονται.
384 2187 393 2202 ι
406 2176 545 2208 Τοσαύτας
569 2176 632 2211 περ)⁴
653 2175 702 2211 τῆς
716 2175 770 2202 τῶν
790 2174 873 2201 ἐθνῶν
896 2174 961 2210 κλή-

170 2230 239 2253 σεως
254 2224 420 2258 προρρήσεις
434 2222 479 2249 τοῦ
493 2221 559 2248 Θεοῦ
575 2220 797 2257 προμεμαθηκὼς
811 2222 825 2247 ὁ
848 2220 957 2251 Ἰακὼϐ,

1057 274 1174 304 ἦῶιιίηεε
1197 277 1339 303 advenerit.
1357 274 1582 306 Quemadmodum
1597 274 1689 308 quibus
1707 279 1801 308 tenipo-

1055 313 1127 338 ribus
1144 320 1251 346 regnum
1266 310 1334 344 apud
1354 309 1478 336 llcbra'os
1487 308 1618 346 defecerit.
1633 308 1726 336 iisdem
1744 318 1802 344 gru-

1056 348 1121 373 tium
1134 345 1243 374 instabit
1259 345 1418 380 exspectatio
1433 353 1441 371 :
1456 345 1524 378 quod
1535 352 1598 371 sane
1608 345 1686 370 etiam
1705 345 1804 378 factum

1053 387 1092 408 est
1111 384 1159 409 sub
1173 382 1258 416 ipsum
1272 380 1419 408 Saluatoris
1435 379 1520 406 nostri
1538 381 1689 406 adventum.

1055 492 1064 508 ι
1080 481 1194 509 Voeavit
1211 486 1301 509 autem
1316 481 1401 508 Iacob
1417 480 1486 508 ﬁlios
1502 489 1568 508 suos
1582 485 1608 508 et
1623 479 1691 507 dixit
1707 489 1714 507 :
1731 479 1802 507 Con.

1016 528 1165 562 gregamini
1186 531 1214 554 ut
1227 527 1386 554 annuntiem
1411 527 1489 553 vobis
1508 527 1572 561 quid
1591 529 1751 554 eventurum
1768 525 1804 552 sit

1016 573 1094 601 vobis
1112 573 1138 600 in
1154 573 1250 600 diebus
1274 572 1433 600 novissimis
1447 582 1453 599 :
1471 572 1673 607 congregamini
1690 575 1716 598 et
1729 571 1805 598 audi-

1015 623 1052 651 te,
1068 619 1115 645 ﬁlii
1132 618 1226 648 Jacob.
1242 618 1345 650 audite,
1362 617 1455 651 Israel,
1472 623 1577 653 patrem
1593 623 1714 646 vestrum
1740 618 1771 645 ".
1790 626 1800 644 ι

1016 664 1117 692 Deinde
1142 665 1187 691 ubi
1204 665 1340 699 prioribus
1357 663 1419 691 ﬁliis
1444 664 1496 691 alia
1511 664 1573 691 aliis
1589 664 1704 691 crimina
1726 663 1804 698 obje-

1015 709 1067 741 cit,
1095 713 1225 744 tanquam
1241 709 1274 737 iis
1287 710 1332 744 qui
1347 709 1382 736 ob
1398 717 1476 736 suam
1492 710 1613 744 ipsorum
1635 709 1752 743 culpam,
1770 716 1803 736 eo

1015 755 1087 790 quod
1102 763 1175 782 nunc
1204 755 1349 782 dicentium
1367 759 1427 787 est,
1445 755 1557 782 oraculo
1579 754 1684 790 indigni
1699 755 1804 782 evasis-

1015 806 1085 832 sent,
1104 804 1202 836 quarto
1216 809 1310 828 eorum
1327 807 1456 836 tanquam
1473 802 1497 828 ei
1512 801 1557 836 qui
1572 801 1693 836 reliquos
1705 800 1803 828 fratres

1014 848 1219 883 probitatevitae
1232 847 1357 878 anteiret,
1371 847 1429 873 haec
1445 847 1536 873 futura
1560 845 1684 880 prmdicit
1700 855 1706 872 :
1730 855 1738 870 ι
1758 845 1805 872 Ju—

1014 894 1058 925 da,
1072 897 1099 921 te
1112 893 1261 920 laudabunt
1270 892 1365 920 fratres
1377 892 1415 919 tui
1433 901 1439 919 :
1451 899 1548 918 manus
1560 895 1612 918 tua:
1629 891 1655 918 in
1669 895 1746 926 tergo
1762 892 1805 918 in-

1014 939 1157 967 imicorum
1182 943 1314 966 tuorum:
1350 937 1503 965 adorabunt
1521 942 1548 965 te
1573 937 1619 964 ﬁlii
1649 937 1734 972 patris
1751 938 1801 964 tui.

1012 986 1126 1014 Catulus
1136 985 1223 1012 leonis
1235 984 1314 1015 Iuda,
1328 984 1362 1012 de
1378 984 1510 1019 germine,
1526 983 1562 1010 ﬁli
1575 983 1623 1014 mi,
1634 983 1801 1016 ascendisti;

1012 1034 1175 1061 recumbens
1199 1031 1351 1060 dormivisti
1378 1034 1407 1057 ut
1433 1031 1475 1057 leo
1495 1034 1522 1057 et
1544 1034 1573 1056 ut
1590 1030 1706 1057 catulus.
1734 1029 1802 1062 Quis

1012 1079 1141 1106 excitabit.
1158 1079 1248 1114 ipsum
1262 1077 1273 1103 ?
1289 1077 1346 1103 Non
1359 1075 1465 1103 deﬁciet
1478 1075 1605 1110 princeps
1616 1075 1649 1103 de
1658 1074 1738 1107 Juda,
1751 1082 1801 1102 ne-

1012 1132 1064 1160 que
1073 1126 1127 1151 dux
1142 1124 1176 1151 de
1190 1123 1338 1151 femoribus
1362 1123 1432 1157 ejus,
1448 1122 1534 1149 donec
1548 1121 1658 1149 veniant
1672 1129 1732 1156 qua:
1748 1121 1801 1155 ipsi

1012 1170 1132 1204 reposita
1159 1173 1246 1196 sunt:
1273 1172 1299 1196 et
1325 1169 1382 1204 Ipse
1406 1168 1574 1203 exspectatio
1599 1167 1719 1202 gentium
1734 1167 1768 1194 ".
1788 1175 1800 1194 ι

1012 1215 1180 1247 Considera,
1199 1222 1301 1249 quaeso,
1319 1215 1436 1249 primum
1453 1221 1577 1248 quaenam
1595 1220 1627 1240 ea
1644 1219 1704 1239 esse
1729 1211 1802 1238 dicat

1013 1268 1071 1294 qua:
1081 1259 1132 1294 ipsi
1144 1259 1262 1294 reposita
1275 1263 1357 1292 sunt;
1374 1263 1402 1286 et
1410 1259 1470 1285 vide
1479 1265 1543 1285 num
1566 1264 1597 1284 ea
1614 1257 1668 1284 sint
1693 1263 1753 1291 qua:
1767 1255 1801 1283 ad

1011 1306 1148 1332 Abraham
1162 1308 1188 1331 et
1203 1304 1235 1331 ad
1250 1309 1356 1332 veteres
1387 1304 1474 1331 eidem
1504 1303 1607 1331 similes
1639 1306 1742 1337 patres.
1768 1301 1802 1328 de

1012 1351 1155 1379 vocatione
1175 1351 1295 1385 gentium
1321 1350 1393 1377 Deus
1409 1350 1472 1377 olim
1489 1356 1591 1376 canens
1619 1347 1800 1383 responderit.

1013 1397 1151 1431 Scriptum
1172 1396 1256 1431 igitur
1273 1400 1325 1429 est,
1353 1394 1582 1432 quemadmodum
1610 1393 1644 1420 ad
1666 1393 1801 1420 Abraham

1013 1442 1083 1469 Deus
1096 1441 1215 1469 dixerit:
1241 1451 1249 1466 ι
1271 1441 1302 1468 Et
1322 1441 1378 1468 eris
1396 1440 1567 1472 benedictus,
1588 1443 1615 1467 et
1642 1439 1802 1466 benedicam

1012 1488 1237 1516 benedicentibus
1253 1487 1343 1517 tibi,et
1362 1486 1589 1514 maledicentibus
1613 1485 1662 1512 tibi
1686 1485 1802 1512 maledi-

1013 1541 1083 1565 cam,
1097 1537 1123 1560 et
1135 1532 1330 1560 benedicentur
1350 1531 1377 1558 in
1401 1535 1427 1559 te
1440 1537 1536 1558 omnes
1551 1529 1639 1556 tribus
1650 1533 1729 1556 terra:
1744 1528 1800 1562 ³⁰.;»

1013 1577 1045 1604 Et
1060 1585 1178 1605 rursus:
1203 1586 1212 1602 ι
1241 1576 1378 1603 Abraham
1407 1582 1485 1606 vero,
1511 1574 1610 1609 inquit,
1637 1572 1746 1599 futurus
1760 1576 1804 1599 est

1014 1624 1040 1650 in
1057 1628 1163 1659 gentem
1181 1629 1306 1657 magnam
1334 1625 1361 1648 et
1381 1621 1535 1650 multaln,et
1553 1619 1751 1646 benedicentur
1775 1618 1803 1645 in

1013 1670 1072 1704 ipso
1093 1676 1188 1696 omnes
1206 1672 1300 1702 gentes
1317 1671 1397 1693 terrae
1408 1665 1440 1692 ³¹.
1457 1675 1466 1690 ι
1489 1663 1541 1691 Sed
1557 1663 1640 1691 etiam
1658 1663 1709 1697 ipsi
1726 1662 1802 1689 Isaac

1012 1712 1111 1739 similia
1139 1711 1166 1738 in
1196 1711 1267 1737 hunc
1304 1709 1414 1736 modum
1444 1707 1593 1743 respondet
1626 1707 1768 1734 oraculum
1792 1715 1800 1734 ι

1015 1767 1024 1783 ι
1048 1757 1080 1783 Et
1101 1757 1289 1791 multiplicabo
1316 1763 1408 1783 semen
1425 1759 1502 1782 tuum
1519 1755 1590 1782 sicut
1615 1754 1708 1781 stellas
1725 1754 1801 1785 caeli,

1011 1803 1092 1839 367
1105 1808 1131 1829 et
1146 1803 1341 1830 benedicentur
1357 1801 1384 1827 in
1399 1800 1504 1828 semine
1520 1804 1567 1826 tuo
1584 1806 1681 1826 omnes
1704 1803 1802 1834 gentes

1012 1851 1131 1878 terrae”.
1152 1860 1161 1876 ι
1177 1849 1229 1884 Ipsi
1255 1849 1318 1876 item
1339 1847 1424 1874 Jacob
1440 1847 1504 1873 olim
1528 1846 1592 1872 talia
1614 1845 1686 1872 dicta
1709 1849 1773 1872 sunt
1793 1854 1800 1872 :

1015 1907 1024 1923 ι
1041 1897 1096 1932 Ego
1108 1896 1239 1924 Dominus
1256 1895 1325 1922 Deus
1349 1893 1487 1921 Abraham
1509 1892 1596 1928 patris
1621 1892 1673 1923 tui,
1689 1895 1715 1918 et
1731 1890 1802 1918 Deus

1011 1942 1087 1971 Isaac
1101 1951 1109 1970 :
1124 1950 1158 1969 ne
1175 1942 1270 1969 timeas
1280 1941 1312 1972 ³³,
1333 1950 1341 1965 ι
1360 1944 1386 1967 et
1399 1943 1508 1971 caetera,
1534 1947 1543 1963 ‹
1565 1941 1592 1965 et
1606 1937 1802 1965 benedicentur

1012 1990 1039 2016 in
1065 1993 1092 2016 te
1114 1996 1209 2016 omnes
1235 1988 1323 2014 tribus
1350 1985 1472 2013 terrae“.
1493 1994 1502 2010 ι
1528 1983 1561 2010 Et
1581 1984 1649 2011 alias
1671 1983 1741 2010 dixit
1767 1981 1800 2009 ad

1012 2036 1100 2071 ipsum
1121 2034 1192 2062 Deus
1210 2042 1216 2060 :
1235 2043 1244 2059 ι
1260 2033 1316 2068 Ego
1332 2031 1403 2059 Deus
1420 2036 1496 2064 tuus,
1516 2037 1609 2057 cresce
1626 2034 1653 2056 et
1669 2028 1802 2063 multipli-

1012 2089 1085 2111 care.
1102 2084 1196 2115 gentes
1206 2083 1232 2107 et
1247 2077 1473 2113 congregationes
1490 2075 1612 2110 gentium
1627 2074 1802 2109 egredientur

1011 2128 1045 2155 de
1060 2131 1096 2160 te,
1107 2131 1135 2154 et
1151 2134 1229 2161 rcges
1245 2126 1278 2152 de
1294 2124 1394 2152 lumbis
1405 2124 1461 2150 tuis
1469 2121 1642 2157 egredientur
1655 2120 1687 2148 ³⁸.
1708 2129 1716 2145 ι
1732 2120 1801 2146 Cum

1012 2178 1066 2200 tam
1096 2173 1181 2200 multa
1205 2172 1238 2199 de
1265 2170 1408 2198 vocatione
1433 2169 1554 2204 gentium
1581 2166 1691 2194 oracula
1717 2163 1803 2192 Jacob

1014 2224 1094 2247 antea
1111 2219 1287 2253 percepisset.
1306 2220 1333 2244 et
1349 2217 1448 2244 liberos
1472 2221 1562 2253 mares
1583 2212 1728 2239 duodecim
1750 2218 1801 2237 nu-

169 2267 273 2295 παίδων
292 2268 366 2304 αὐτῷ
392 2268 437 2294 τὸν
463 2268 578 2304 ἀριθμὸν
601 2269 807 2303 γεγεννημένων
829 2267 958 2298 δεκαδύο,

1013 2274 1090 2294 mero
1109 2267 1260 2301 genuisset,
1287 2262 1417 2289 omnibus
1438 2261 1493 2288 illis
1519 2263 1646 2286 extremo
1663 2265 1713 2284 suo
1737 2261 1802 2283 tem-

169 2313 238 2347 πρὸς
250 2314 282 2348 τῇ
294 2313 406 2349 τελευτῇ
423 2313 590 2347 συγκαλέσας
603 2313 665 2344 τοὺς
681 2312 795 2344 πάντας,
817 2312 961 2347 περιεσκό-

169 2367 227 2390 πει,
239 2359 269 2391 ἐξ
290 2359 383 2386 ὁποίου
397 2360 450 2395 ἆρα
474 2359 562 2386 αὐτῶν
581 2360 631 2394 τῆς
649 2359 773 2394 διαδοχῆς
790 2359 824 2385 τὰ
848 2358 902 2385 τῶν
913 2359 960 2385 τοῦ

167 2405 237 2431 Θεοῦ
256 2406 433 2442 προρρήσεων
448 2405 494 2432 ἐπὶ
509 2405 585 2437 τέλος
606 2405 673 2440 ἥξει.
690 2403 747 2431 Εἶτ’
767 2404 870 2436 ἐπιθεὶς
889 2406 962 2440 τρισὶ

171 2451 221 2486 μὲν
236 2453 290 2483 τοῖς
310 2451 427 2487 πρώτοις
450 2451 524 2486 αὐτῷ
547 2451 705 2486 γενομένοις
728 2450 821 2477 παισὶν
837 2450 962 2486 ὲλέγχους

168 2495 207 2525 ὧν
220 2498 442 2534 ἐπλημμέλησαν,
455 2498 578 2534 ἐπιφέρει
590 2497 732 2528 διδάσκων,
750 2498 790 2524 ὅτι
806 2497 860 2524 τῶν
871 2497 962 2524 τετολ-

171 2552 209 2579 μη
214 2544 301 2579 μένων
315 2545 406 2576 αὐτοῖς
425 2544 507 2571 ἕνεκα
521 2545 551 2570 οὐ
572 2544 605 2570 δι’
619 2543 707 2570 αὐτῶν
719 2543 960 2579 εκπληρωθήσεται

167 2590 203 2616 τὰ
214 2589 268 2615 τῶν
278 2591 454 2626 προρρήσεων
465 2590 671 2626 ἀποτελέσματα
682 2598 689 2606 ·
705 2590 751 2616 ἐπὶ
765 2589 793 2616 δὲ
803 2590 849 2616 τὸν
867 2590 962 2626 τέταρ-

167 2644 214 2662 τον
227 2635 312 2662 ἐλθὼν
323 2636 369 2662 τὸν
384 2637 493 2668 Ἰούδαν,
508 2636 575 2671 ὁμοῦ
595 2636 640 2663 τὸν
656 2637 780 2672 φήσαντα
800 2635 874 2671 αὐτῷ
895 2645 962 2672 χρη-

170 2682 250 2718 σμὸν,
263 2691 272 2707 ι
294 2682 417 2714 Βασιλεῖς
434 2683 466 2709 ὲκ
476 2683 523 2718 τῆς
530 2682 629 2718 ὀσφύος
638 2683 719 2709 αὐτοῦ
735 2683 928 2715 ἐξελεύσονται,
948 2693 957 2708 ι

168 2728 212 2754 διὰ
232 2729 283 2763 τῆς
303 2729 398 2756 τούτου
422 2729 546 2765 διαδοχῆς
563 2729 638 2761 τέλος
662 2729 793 2764 λήψεσθαι
819 2729 958 2761 θεσπίζει·

167 2775 302 2810 πρόδηλον
315 2776 370 2812 γὰρ
393 2776 430 2808 ὡς
453 2777 484 2803 ὲκ
498 2777 547 2811 τῆς
564 2775 647 2802 Ἰούδα
666 2775 752 2810 φυλῆς
769 2775 800 2802 τὸ
822 2775 959 2811 βασιλικὸν

203 2874 227 2890 ³⁸
246 2873 314 2902 Gen.
332 2883 414 2903 uix.
436 2875 461 2901 Ι.
515 2875 537 2890 "
558 2876 622 2902 ibid.
642 2875 716 2901 8-H).

169 2917 266 2941 xxvtu,
283 2911 325 2937 15.
357 2911 386 2947 ,⁵³
406 2910 471 2938 ibid.
494 2910 532 2937 li.
573 2911 594 2926 ³⁵
615 2911 682 2938 lion.
702 2919 789 2939 μιν.
810 2911 852 2938 Η.

771 2875 881 2903 “Ilion.
903 2883 956 2909 XII,
975 2877 1000 2903 5.

1012 2322 1078 2349 pore
1091 2312 1260 2343 convocatis,
1278 2308 1528 2343 circumspiciebat,
1543 2306 1577 2333 de
1592 2304 1671 2339 cujus
1692 2303 1800 2330 illorum

1012 2360 1205 2395 propagatione
1215 2358 1307 2384 divina
1327 2354 1439 2382 oracula
1455 2353 1534 2380 ﬁnem
1551 2358 1631 2379 suum
1647 2353 1738 2377 essent
1756 2355 1802 2374 ac-

1015 2412 1141 2441 ceptura;
1158 2404 1256 2432 deinde
1272 2410 1333 2430 cum
1351 2402 1439 2428 tribus
1455 2399 1550 2435 primis
1564 2397 1679 2424 crimina
1691 2396 1801 2430 propria

1014 2452 1171 2487 objecisset,
1190 2451 1284 2478 docuit
1299 2443 1674 2487 deincepsquemadmodum
1691 2444 1800 2476 propter

1015 2498 1129 2529 scelera,
1148 2504 1207 2532 quae
1227 2497 1279 2532 ipsi
1303 2495 1363 2523 ausi
1381 2484 1500 2524 fuerant,
1521 2499 1577 2518 non
1594 2490 1621 2517 in
1643 2488 1709 2524 ipsis
1725 2494 1801 2513 com-

1014 2545 1112 2579 plenda
1139 2547 1240 2575 essent,
1261 2550 1321 2578 quae
1347 2550 1375 2569 in
1398 2540 1534 2576 prioribus
1561 2536 1680 2564 oraculis
1704 2537 1800 2561 eventa

1014 2589 1232 2617 continebantur.
1255 2589 1322 2616 Cum
1348 2592 1437 2614 autem
1463 2585 1582 2611 venisset
1607 2581 1640 2608 ad
1659 2584 1799 2615 quartum,

1013 2636 1059 2670 qui
1072 2634 1157 2662 Judas
1173 2633 1235 2668 fuit,
1248 2638 1304 2660 tum
1323 2640 1387 2660 vero
1402 2630 1544 2658 oraculum
1568 2627 1639 2662 quod
1660 2625 1711 2660 ipsi
1734 2624 1799 2651 olim

1013 2689 1175 2717 responsura
1188 2681 1302 2712 fueram
1319 2679 1406 2714 Reges
1413 2677 1447 2705 de
1462 2675 1562 2703 lumbis
1578 2673 1638 2709 ejus
1651 2670 1795 2707 egredien-

1012 2731 1068 2760 tur,
1085 2737 1094 2753 »
1110 2735 1143 2755 ex
1159 2727 1241 2762 hujus
1252 2725 1413 2761 posteritate
1430 2730 1508 2750 suum
1523 2721 1603 2748 ﬁnem
1620 2722 1798 2753 accepturum

1013 2774 1172 2809 planissime
1196 2773 1314 2801 cecinit:
1338 2775 1446 2798 constat
1471 2769 1545 2796 enim
1568 2763 1798 2802 quemadmodum

1055 2876 1074 2891 ³³
1097 2875 1164 2903 Gen.
1183 2883 1266 2907 um,
1296 2873 1336 2901 l8.
1391 2873 1412 2889 ³¹
1433 2873 1500 2900 Ucn.
1521 2878 1601 2898 λιιι,
1620 2869 1645 2896 4.
1685 2867 1708 2884 ³³
1726 2865 1795 2894 Gen.
