2089 3218
285 167 339 196 575

621 168 756 196 EUSEBII
775 168 1015 197 CESARIENSIS
1029 168 1104 196 OPP.
1126 168 1217 197 PARS
1235 167 1267 197 ll.
1278 169 1573 198 —APOLOGETICA.

1861 168 1916 198 576

284 225 320 253 de
335 226 408 253 tribu
423 224 493 253 Iuda
507 209 612 260 regium
627 233 714 261 genus
728 226 875 256 exstiterit.
890 231 917 254 et
930 226 1012 254 simul
1027 225 1068 254 Del

1127 226 1241 261 συνέστη
1259 226 1354 260 γένος·
1374 226 1442 262 ὁμοῦ
1465 227 1512 253 καὶ
1527 225 1578 258 τὰς
1590 226 1637 253 τοῦ
1748 226 1916 262 προρρήσεις

286 278 417 306 responsa
444 270 621 307 gentiumque
645 272 782 306 promissa
811 273 912 307 quibus
940 273 1075 300 instarent

285 317 464 352 temporibus,
477 317 606 344 ostendit.
624 317 713 352 Atque
726 325 760 345 ex
776 325 809 345 eo
827 318 998 353 proditurum
1014 326 1075 346 esse

284 362 378 390 docuit
390 370 463 396 eum,
481 363 529 398 qui
545 368 618 391 esset
634 364 761 391 omnibus
773 365 900 399 gentibus
914 365 1075 400 cunctisque

286 409 411 436 tribubus
426 414 505 436 terra:
520 410 617 436 similis
642 410 693 443 ipsi
716 410 854 436 Abraham
875 411 1074 438 benedictionis

285 460 382 481 auctor
404 454 525 483 futurus.
542 455 605 482 [iam
627 455 711 490 igitur
733 456 860 483 universa
882 456 992 484 fuerunt
1015 465 1074 492 qum

284 500 335 535 ipsi
354 500 424 527 Juda
446 502 565 534 reposita
580 504 669 533 erant,
686 508 718 528 ea
741 496 867 529 videlicet
878 510 938 537 qua;
962 503 995 530 dc
1007 503 1073 538 ipsis

282 547 411 581 gentibus
426 547 490 573 olim
514 554 645 581 responsa
668 546 777 574 fuerant
791 557 798 574 :
812 551 839 575 et
849 548 939 579 'illud,
960 559 968 574 ι
987 549 1073 583 lteges

283 592 318 619 de
333 592 433 620 lumbis
457 592 512 619 tuis
536 592 719 627 egredientur,
741 602 749 618 ι
770 601 855 628 quare
866 594 948 621 etiam
962 595 1073 629 reliquis

285 637 416 665 fratribus
444 639 617 672 antepositus
645 639 747 674 regiam
781 640 886 675 ipsam,
913 641 1073 676 exterisque

284 684 458 712 illustriorem
478 685 579 711 tribum
595 685 710 713 sortitus
733 690 786 712 est.
808 686 947 714 Continuo
958 687 1030 714 enim
1046 689 1072 714 in

283 731 369 758 totius
384 731 478 765 populi
500 731 675 758 ordinatione
692 732 779 765 ipsius
799 731 882 760 Mosis
904 733 1073 768 temporibus

283 775 397 810 reliquis
415 776 542 803 tribubus
560 776 630 803 lianc
645 784 761 810 prmesse
773 777 888 812 imperat
900 776 980 805 Deus.
1000 778 1073 805 Scri-

282 823 358 855 ptum
371 826 413 848 est
431 821 515 853 enim,
532 830 541 846 ‹
559 820 590 847 Ει
603 821 711 849 locutus
724 826 766 849 est
779 821 910 850 Dominus
925 823 959 849 ad
971 823 1072 851 Mosem

281 869 309 892 et
322 866 413 893 Aaron
430 867 526 894 dii-ens
541 876 546 893 :
565 867 668 902 Singuli
684 875 731 902 per
748 871 863 900 turmas,
881 869 969 904 signa,
991 875 1072 905 atque

283 912 380 939 vexilla
400 916 425 939 et
445 912 544 940 domus
563 914 755 948 cognationum
779 922 901 946 suarum.
925 920 1074 943 castrame-

281 962 374 985 tentur
390 958 435 985 lilii
458 957 540 986 Israel
558 959 584 986 in
609 965 756 994 conspectu
784 962 889 989 Domini
911 970 960 997 per
977 971 1073 998 gyrum

281 1004 452 1032 tabernaculi
471 1005 634 1038 testimonii,
650 1012 677 1033 et
702 1012 926 1036 castrametantes
944 1010 1024 1044 primi
1040 1009 1073 1036 ad

282 1051 429 1082 orientem,
446 1051 520 1078 acies
544 1056 696 1079 castrorum
714 1053 828 1080 ﬁliorum
851 1053 932 1085 Juda,
948 1063 1010 1082 cum
1024 1064 1073 1082 co-

281 1096 334 1130 piis
351 1097 409 1123 suis
419 1097 453 1124 ".
472 1106 482 1123 ι
499 1098 538 1124 Ac
555 1097 684 1133 deinceps
703 1099 729 1125 in
746 1099 779 1126 iis
796 1107 856 1134 quae
872 1100 905 1126 ad
921 1100 1073 1127 innovatio-

280 1149 342 1168 nern
368 1143 537 1170 tabernaculi
566 1143 742 1172 referuntur:
759 1154 768 1170 ι
787 1145 859 1172 Dixit
884 1145 1015 1174 Dominus
1039 1148 1072 1174 ad

280 1186 382 1214 llosem
396 1198 402 1215 :
415 1187 546 1223 Princeps
561 1197 630 1216 unus
639 1197 686 1224 per
698 1190 821 1225 singulos
835 1191 894 1218 dies
909 1191 1002 1220 olieret
1013 1200 1073 1219 mu-

279 1241 343 1260 nera
356 1241 405 1260 sua
421 1243 428 1267 ;
443 1237 470 1262 et
487 1234 539 1261 fuit
555 1234 673 1262 oli'erens
692 1236 780 1270 primo
795 1237 839 1264 die
863 1245 963 1265 munus
979 1246 1070 1271 suum,

278 1278 401 1307 Naasson
416 1274 490 1308 'ﬁlius
511 1280 672 1314 Aminadab,
694 1282 994 1318 princepstribusJuda
1005 1285 1038 1312 ".
1059 1294 1069 1311 ι

278 1325 362 1360 368
380 1324 413 1352 Et
431 1325 458 1352 in
476 1326 546 1353 libro
560 1326 624 1354 Iesu
645 1327 717 1355 Nave
741 1336 803 1354 eum
823 1332 896 1356 terra
913 1330 1072 1364 promissio-

278 1370 322 1397 nis
345 1374 419 1397 sorte
445 1370 552 1398 caeteris
577 1371 705 1399 tribubus
732 1372 877 1400 distributa
906 1378 988 1405 esset,
1013 1375 1072 1402 sine

278 1419 353 1443 sorte
360 1415 539 1451 omniumque
553 1418 639 1452 prima
653 1418 741 1446 tribus
754 1417 823 1446 Juda
839 1421 977 1455 propriam
993 1425 1071 1449 terra:

278 1466 383 1496 partem
401 1462 517 1497 accepit.
536 1462 588 1490 Sed
604 1463 685 1490 etiam
702 1468 763 1499 post
779 1470 894 1492 mortem
909 1465 972 1494 Jesu
991 1475 1072 1502 roga-

277 1510 376 1533 Vcrunt
392 1506 440 1533 lilii
455 1506 537 1534 Israel
550 1507 576 1534 iu
588 1507 702 1535 Domino
713 1509 836 1537 dicentes
851 1519 858 1537 ε
871 1520 879 1536 ι
896 1510 963 1544 Quis
975 1519 1071 1539 ascen-

1126 272 1172 298 καὶ
1184 271 1233 303 τὰς
1245 271 1302 298 τῶν
1314 271 1398 299 ἐθνῶν
1407 272 1577 307 ὑποσχέσεις,
1588 271 1649 299 καθ’
1657 272 1766 303 ὁποίους
1776 272 1918 308 ἐνστήσον-

1124 324 1170 343 ται
1185 316 1297 352 χρόνους
1314 317 1487 353 παρίστησιν,
1509 316 1539 349 ἐξ
1551 317 1634 344 αὑτοῦ
1653 325 1683 343 τε
1703 316 1917 352 προελεύσεσθαι

1124 362 1243 390 διδάσκει
1254 363 1300 390 τὸν
1315 363 1445 399 μέλλοντα
1455 363 1540 390 αἴτιον
1551 363 1767 398 καταστήσεσθαι
1780 364 1847 390 πᾶσι
1858 364 1916 395 τοῖς

1126 408 1223 441 ἔθνεσι,
1239 410 1285 436 καὶ
1310 409 1410 441 πάσαις
1428 411 1487 442 ταῖς
1502 409 1597 444 φυλαῖς
1616 410 1665 445 τῆς
1687 410 1740 444 γῆς
1756 410 1806 444 τῆς
1823 418 1916 445 παρα-

1125 455 1241 490 πλησίας
1264 455 1303 490 τῴ
1325 455 1451 491 Ἀϐραὰμ
1474 456 1607 490 εὐλογίας.
1627 456 1720 483 Ταῦτα
1740 454 1785 483 οὖν
1807 457 1917 483 ἅπαντα

1123 499 1158 536 ἦν
1172 500 1205 527 τὰ
1218 501 1386 537 ἀποκείμενα
1404 501 1443 536 τῷ
1461 502 1555 538 Ἰούδα,
1568 502 1667 537 δηλαδὴ
1689 502 1724 528 τὰ
1740 502 1823 529 πάλαι
1846 511 1917 538 προ-

1125 545 1303 572 θεσπιςθέντα
1319 546 1382 582 περὶ
1403 546 1455 573 τῶν
1472 546 1565 578 ἐθνῶν,
1580 547 1627 574 καὶ
1650 547 1690 579 τὸ,
1706 557 1714 572 ι
1738 547 1861 579 Βασιλεῖς
1881 548 1914 574 ἐκ

1124 591 1173 626 τῆς
1186 592 1285 626 (iegatio;
1305 600 1350 618 σου
1365 592 1560 624 ἐξελεύσονταιι
1577 603 1586 618 ι
1602 593 1642 619 διὸ
1665 594 1711 620 xal
1734 593 1788 620 τῶν
1809 593 1912 620 λοιπῶν

1124 636 1245 671 ἀδελφῶν
1267 637 1423 673 προκριθεὶς
1437 638 1578 674 βασιλικῆς
1601 638 1686 673 φυλῆς
1702 640 1748 666 καὶ
1763 639 1912 676 διαπρεπευ

1125 682 1224 717 στέρας
1249 683 1323 717 παρὰ
1347 683 1395 715 τὰς
1412 683 1506 716 λοιπὰς
1529 683 1641 719 ὴξιώθη.
1668 685 1771 711 Αὐτίκα
1790 685 1837 711 ἐπὶ
1860 685 1911 720 τῆς

1123 726 1268 760 διατάξεως
1283 728 1329 755 τοῦ
1340 729 1440 761 παντὸς
1459 729 1523 756 λαοῦ
1542 730 1611 756 κατὰ
1622 730 1684 761 τοὺς
1695 730 1833 762 Μωῦσέως
1846 731 1911 766 χρό-

1124 782 1184 805 νους
1195 774 1318 809 ἡγεῖσθαι
1332 775 1433 810 ταύτην
1443 776 1457 802 ὁ
1468 775 1534 807 Θεὸς
1548 775 1601 802 τῶν
1612 775 1712 803 λοιπῶν
1729 776 1816 810 φυλῶν
1828 785 1913 813 προσ-

1124 820 1224 847 τάττει.
1244 821 1401 856 Γέγραπται
1417 821 1481 857 γάρ’
1502 831 1512 847 ι
1531 823 1585 848 Kal
1596 822 1709 858 ἑλάλησε
1726 823 1826 859 Κύριος
1846 824 1915 859 πρὸς

1124 867 1244 903 Μωῦσῆν
1270 868 1316 894 καὶ
1349 868 1464 904 Ἀαρὼν,
1491 868 1591 903 λέγων·
1618 868 1760 904 ἄνθρωπος
1785 869 1914 904 ἐχόμενος

1126 913 1196 939 κατὰ
1210 913 1338 948 τάγματα
1351 914 1445 944 αὑτοῦ.
1460 914 1530 941 κατὰ
1545 915 1673 950 σημαίας,
1690 915 1749 942 κατ’
1760 915 1851 947 οἴκους
1862 923 1915 942 πα-

1124 958 1208 994 τριῶν
1218 959 1308 985 αὐτῶν
1323 960 1571 995 παρεμϐαλὲτωσαν
1587 961 1610 986 οἱ
1629 961 1680 987 υἱοὶ
1703 961 1811 996 Ἰσραὴλ
1824 960 1915 988 ἔναντι

1125 1003 1239 1039 Κυρίου,
1256 1004 1348 1039 κύκλῳ
1371 1004 1419 1039 τῆς
1444 1005 1545 1040 σκηνῆς
1561 1005 1608 1031 τοῦ
1633 1006 1793 1040 μαρτυρίου,
1820 1006 1868 1032 καὶ
1889 1007 1915 1032 οἱ

1125 1049 1360 1085 παρεμϐάλλοντες
1377 1050 1480 1085 πρῶτοι
1496 1051 1566 1078 κατὰ
1581 1051 1721 1083 ἀνατολὰς,
1736 1051 1829 1087 τάγμα
1844 1060 1915 1087 παρ-

1123 1095 1241 1131 εμϐολῆς
1265 1095 1331 1122 υἱῶν
1356 1096 1457 1126 Ἰούδα,
1487 1097 1534 1123 σὺν
1561 1097 1674 1132 δυνάμει
1698 1098 1796 1124 αὐτῶν.
1825 1107 1834 1123 ι
1858 1098 1914 1124 Kal

1124 1140 1187 1176 ἑξῆς
1202 1142 1248 1167 ἐπὶ
1259 1141 1311 1167 τῶν
1321 1142 1360 1173 εις
1375 1142 1419 1168 τὸν
1433 1143 1609 1178 ἑγκαινισμὸν
1625 1143 1674 1178 τῆς
1697 1143 1798 1178 σκηνῆς
1814 1143 1917 1178 aug;-

1125 1187 1246 1222 ρομένων
1259 1196 1265 1202 ·
1283 1197 1293 1212 ί
1314 1185 1382 1214 Eine
1397 1188 1498 1223 Κύριος
1521 1189 1589 1224 πρὸς
1610 1189 1745 1223 Μωῡσῆν·
1765 1190 1858 1225 ἄρχων
1874 1187 1916 1222 εἷς

1123 1233 1183 1260 καθ’
1206 1235 1311 1270 ἡμέραν
1340 1235 1514 1270 προσοίσουσι
1542 1235 1576 1261 τὰ
1601 1235 1674 1272 δῶρα
1697 1236 1796 1262 αὐτῶν.
1814 1237 1869 1263 Καὶ
1880 1234 1915 1272 ἦν

1122 1280 1308 1316 ὸπροσφέρων
1332 1282 1364 1316 τῇ
1388 1281 1478 1317 ἡμέρα
1493 1283 1525 1317 τῇ
1549 1281 1644 1318 πρώτῃ
1668 1282 1699 1309 τὸ
1711 1282 1797 1318 δῶρον
1818 1283 1914 1315 αὑτοῦ,

1122 1325 1257 1352 Ναασσὼν
1272 1326 1329 1357 υἱὸς
1347 1326 1505 1361 ’Δμιναδὰὸ,
1521 1327 1612 1364 ἄρχων
1623 1328 1672 1362 τῆς
1687 1328 1774 1363 φυλῆς
1790 1328 1884 1356 Ἰούδα.
1902 1339 1912 1355 ι

1122 1369 1176 1396 Καὶ
1190 1371 1218 1396 ὲν
1234 1371 1265 1405 τῇ
1293 1370 1375 1406 βίϐλῳ
1394 1371 1422 1397 δὲ
1443 1371 1490 1397 τοῦ
1514 1371 1600 1406 Ἰησοῦ
1626 1372 1672 1398 τοῦ
1690 1372 1767 1407 Ναυῆ
1791 1373 1840 1408 τῆς
1862 1373 1915 1409 γῆς

1121 1415 1169 1450 τῆς
1183 1415 1350 1450 ἐπαγγελίας
1364 1417 1457 1452 κλήρῳ
1476 1419 1546 1444 κατὰ
1563 1418 1617 1444 τῶν
1634 1418 1733 1445 λοιπῶν
1749 1419 1839 1454 φυλῶν
1852 1419 1915 1448 δια-

1121 1462 1303 1498 νεμηθείσης,
1331 1463 1470 1499 ἀκληρωτὶ
1500 1464 1547 1490 καὶ
1577 1464 1671 1491 πασῶν
1697 1465 1790 1501 πρώτη
1820 1466 1837 1502 ἡ
1864 1465 1914 1494 τοῦ

1127 1508 1210 1535 Ἰούδα
1235 1508 1305 1544 φυλὴ
1324 1509 1354 1535 τὸ
1368 1510 1467 1536 οἰκεῖον
1482 1509 1564 1545 μέρος
1579 1510 1630 1545 τῆς
1643 1510 1695 1545 γῆς
1713 1511 1912 1547 ἀπολαμϐάνει.

277 1552 324 1579 det
340 1555 404 1579 ante.
426 1560 478 1579 nos
495 1558 591 1580 contra
611 1553 807 1588 Cliananzenm,
823 1561 850 1583 et
869 1557 922 1584 erit
935 1557 990 1585 dux
1006 1558 1068 1586 belli

1128 1554 1207 1581 Ἀλλὰ
1227 1556 1273 1581 καὶ
1292 1555 1360 1590 μετὰ
1383 1555 1432 1591 τὴν
1457 1554 1584 1591 τελευτὴν
1606 1556 1693 1591 Ἰησοῦ
1714 1557 1863 1593 ἐπηρώτων
1887 1560 1913 1585 οι

278 1597 305 1624 iu
321 1598 402 1625 eum?
418 1597 452 1624 Et
468 1598 539 1625 dixit
562 1599 703 1631 Dominus,
727 1599 812 1628 ludas
836 1603 984 1630 ascendet:
1006 1611 1069 1631 ecce

277 1644 339 1671 dedi
364 1648 465 1671 terram
491 1645 519 1671 in
536 1653 633 1673 manus
646 1646 706 1680 ejus
718 1647 750 1674 ³⁸.
769 1657 778 1673 ›
797 1647 880 1675 Plane
896 1649 978 1683 igitur
995 1651 1068 1677 omni

277 1689 360 1716 lsrael
378 1697 497 1725 praeesse
514 1690 616 1718 tribum
641 1691 711 1719 Juda
726 1692 797 1720 Deus
818 1693 845 1720 iu
862 1693 904 1721 his
920 1694 1012 1721 verbis
1024 1695 1069 1729 ju-

277 1735 332 1764 bet.
346 1737 483 1769 Quocirca
497 1737 628 1773 deinceps
643 1739 775 1773 scriptum
789 1743 832 1766 est
849 1747 855 1764 :
872 1749 882 1765 ι
898 1739 929 1767 Et
946 1742 1069 1768 ascendit

275 1781 373 1815 Judas,
389 1787 415 1809 et
431 1782 544 1810 tradidit
571 1782 701 1811 Dominus
717 1784 901 1812 Cliananasum
922 1790 949 1813 et
969 1786 1069 1814 Phere-

277 1836 363 1854 zaeum
380 1828 407 1855 in
420 1836 533 1856 manum
547 1829 646 1863 ejus".
664 1840 672 1856 ι
692 1828 725 1856 Et
736 1839 852 1858 rursus:
872 1841 881 1857 ι
900 1831 932 1858 ΕΙ.
951 1832 1065 1863 bellave-

275 1877 341 1901 runt
360 1873 406 1901 lilii
429 1874 499 1902 Juda
514 1875 540 1902 in
561 1875 730 1908 Jerusalem,
755 1881 783 1904 et
802 1878 1067 1912 comprehenderunt

274 1927 347 1953 eam,
363 1924 389 1947 et
405 1921 606 1949 descenderunt
622 1922 667 1949 lilii
680 1923 750 1950 Juda
764 1924 792 1950 in
807 1924 992 1952 Cliananteum
1004 1925 1037 1953 "°.
1055 1936 1064 1951 ι

276 1965 310 1993 Et
335 1973 453 1994 rursus:
478 1977 487 1993 ‹
512 1967 543 1995 Et
561 1969 627 1996 abiit
648 1969 734 1997 Judas
759 1978 821 1997 cum
841 1970 959 2007 Symeon
983 1972 1067 2000 fratre

275 2021 328 2040 suo
339 2013 373 2040 “.
390 2022 399 2039 ι
415 2013 448 2040 Et
462 2014 612 2049 deinceps:
627 2027 636 2041 ι
656 2015 687 2043 Ει
702 2015 753 2043 fuit
766 2016 897 2046 Dominus
908 2025 970 2045 cum
983 2018 1064 2050 Juda,

274 2062 303 2085 et
317 2059 441 2093 possedit
451 2063 570 2087 montem
578 2060 611 2087 δ’.
622 2061 674 2088 »Ει
685 2067 746 2097 post
758 2063 815 2090 haec
833 2071 840 2089 :
856 2073 866 2089 ι
881 2063 914 2090 Et
933 2066 1065 2093 ascende-

275 2107 339 2130 runt
358 2103 404 2130 ﬁlii
424 2103 525 2140 Josepb
547 2106 598 2141 ipsi
623 2115 732 2142 quoque
755 2109 783 2135 in
807 2109 907 2137 B:etbel
931 2115 957 2138 et
980 2110 1065 2139 ludas

274 2156 336 2175 cum
350 2149 418 2184 ipsis
430 2149 462 2177 “.
483 2160 492 2176 ι
506 2150 599 2186 Itaque
615 2160 676 2180 cum
691 2154 717 2181 in
733 2154 804 2182 libro
817 2154 955 2188 Judicum,
972 2157 1064 2185 diver-

274 2195 313 2222 sis
335 2196 506 2229 temporibus
532 2197 652 2233 (tametsi
668 2199 840 2227 diversarum
865 2202 986 2232 tribuum
1003 2211 1064 2231 esse

1121 1601 1174 1627 oiol
1196 1601 1303 1636 Ἰσραὴλ
1323 1602 1351 1627 ἐν
1367 1602 1472 1637 Κυρίῳ,
1493 1601 1617 1636 λέγοντες
1629 1611 1635 1617 ·
1657 1611 1666 1627 ι
1683 1603 1730 1635 Τίς
1748 1603 1915 1639 ἀναϐήσεται

1121 1648 1185 1682 ἡμῖν
1201 1647 1268 1683 πρὸς
1280 1648 1326 1674 τὸν
1343 1647 1505 1681 Χαναναῐον,
1525 1648 1714 1684 ἀφηγούμενος
1732 1650 1778 1676 τοῦ
1793 1650 1915 1686 πολεμῆ-

1121 1701 1164 1718 σαι
1190 1693 1219 1718 ὲν
1252 1692 1346 1728 aint};
1372 1694 1427 1719 Kal
1451 1691 1511 1720 εἷπε
1533 1694 1633 1730 Κύριος
1649 1703 1655 1709 '
1689 1695 1788 1727 Ἰούδας
1813 1696 1915 1732 ἀναδή-

1121 1747 1204 1764 σεται.
1229 1738 1293 1765 Ἰδοὺ
1318 1739 1420 1765 δέδωκα
1442 1740 1491 1774 τὴν
1519 1740 1570 1775 γῆν
1597 1741 1638 1772 εις
1666 1742 1760 1776 χεῖρας
1783 1740 1878 1768 αὑτοῦ.
1901 1751 1912 1767 ι

1119 1783 1217 1818 Σαφῶς
1247 1782 1294 1810 οὖν
1319 1784 1364 1810 τοῦ
1388 1786 1488 1817 παντὸς
1513 1786 1619 1822 Ἰσραὴλ
1638 1787 1764 1821 ἡγεῖσθαι
1789 1787 1838 1823 τὴν
1864 1786 1913 1814 τοῦ

1126 1830 1208 1857 Ἰούδα
1223 1831 1308 1866 φυλὴν
1321 1832 1335 1857 ὁ
1356 1831 1421 1862 Θεὸς
1441 1831 1483 1858 διὰ
1507 1831 1606 1859 τούτων
1632 1834 1813 1868 προστάττει·
1846 1833 1910 1860 ὅθεν

1119 1877 1183 1912 ἑξῆς
1199 1877 1353 1913 γέγραπται
1367 1886 1373 1892 ·
1392 1887 1401 1902 ι
1415 1878 1470 1904 Καὶ
1483 1877 1566 1913 ἀνέϐη
1588 1878 1698 1910 Ἰούδας,
1712 1879 1758 1905 καὶ
1770 1879 1914 1916 παρέδωκε

1118 1923 1220 1958 Κύριος
1230 1923 1274 1949 τὸν
1289 1924 1439 1950 Χαναναῖον
1453 1924 1498 1950 καὶ
1512 1924 1557 1951 τὸν
1570 1924 1714 1960 Φερεζαῖον
1732 1925 1761 1952 ὲν
1774 1926 1847 1961 χειρὶ
1864 1927 1915 1953 αὑ-

1118 1968 1174 1995 τοῦ·
1194 1979 1202 1994 ι
1227 1970 1274 1996 καὶ
1297 1969 1386 1996 πάλιν·
1408 1979 1417 1995 ‹
1443 1970 1497 1996 Kal
1517 1970 1689 2006 ἐπολέμησαν
1707 1972 1732 1998 οἱ
1754 1972 1806 1998 υἱοὶ
1824 1971 1914 2000 Ἰούδα

1117 2015 1146 2041 ὲν
1169 2015 1356 2050 Ἰερουσαλὴμ,
1381 2015 1428 2042 καὶ
1450 2015 1631 2042 κατελάϐοντο
1652 2017 1747 2052 αὐτὴν.
1764 2018 1812 2044 καὶ
1845 2027 1913 2046 κατ-

1117 2061 1218 2096 έϐησαν
1243 2061 1297 2087 υἱοὶ
1320 2061 1416 2093 Ἰούδα,
1438 2061 1591 2097 πολεμῆσαι
1616 2063 1644 2089 ὲν
1667 2062 1706 2098 τῷ
1717 2063 1871 2099 Χαναναίῳ.
1899 2074 1910 2091 ι

1117 2107 1171 2132 Kal
1199 2104 1289 2138 αὖθις·
1309 2115 1318 2131 ι
1337 2107 1391 2133 Kal
1417 2106 1551 2143 ἐπορεύθη
1575 2107 1674 2140 Ἰούδας
1706 2108 1776 2143 μετὰ
1797 2109 1912 2144 Συμεὼν

1115 2154 1162 2181 τοῦ
1186 2153 1299 2189 ἀδελφοῦ
1324 2154 1416 2181 αὑτοῦ.
1448 2165 1457 2180 ι
1484 2155 1538 2182 Kal
1562 2155 1640 2191 ἑξῆςο
1664 2155 1719 2182 Καὶ
1746 2153 1780 2191 ἦν
1808 2156 1913 2191 Κύριος

1117 2201 1186 2235 μετὰ
1201 2201 1294 2232 Ἰούδα,
1313 2201 1360 2227 καὶ
1382 2201 1585 2237 ἐκληρονόμησε
1602 2202 1632 2228 τὸ
1656 2202 1718 2237 ὄρος
1730 2210 1737 2218 ·
1759 2212 1768 2228 ι
1797 2203 1845 2230 καὶ
1863 2212 1914 2239 με-

273 2239 456 2275 τίἁσικιιιιιπ),
466 2241 573 2275 judiccs
589 2244 688 2277 populo
701 2249 860 2278 praeessent,
874 2246 961 2274 tribus
972 2251 1062 2275 tamen

1121 2247 1148 2273 τὰ
1163 2247 1264 2273 ταῦτα·
1285 2257 1294 2272 ι
1309 2248 1363 2274 Καὶ
1379 2248 1513 2283 ἀνέϐησαν
1547 2249 1572 2274 οἱ
1595 2249 1647 2275 υἱοι
1669 2249 1784 2284 Ἰωσὴφ,
1809 2249 1856 2276 καί
1878 2259 1911 2285 γε

271 2283 341 2312 .‘uda
360 2286 388 2312 in
404 2288 562 2315 universum
583 2290 666 2317 totius
682 2291 770 2325 gentis
784 2291 838 2318 dux
854 2295 932 2319 erat:
947 2293 1064 2328 idipsum

273 2339 337 2358 vero
353 2333 524 2367 temporibus
544 2334 627 2362 David
641 2344 890 2372 successurumque
905 2339 965 2372 ejus
980 2341 1065 2366 multa

273 2377 369 2411 magis,
383 2379 483 2414 quippe
500 2387 562 2407 cum
581 2381 710 2415 plane’de
723 2382 795 2408 tribu
813 2382 882 2410 .Inda
902 2384 939 2410 illi
953 2386 1066 2413 exsiste-

273 2427 344 2454 rent,
367 2428 394 2451 et
418 2432 531 2460 regnum
556 2434 642 2461 usque
670 2427 703 2454 ad
731 2427 924 2464 Babylonica":
943 2431 1064 2465 ipsorum

273 2468 379 2495 cladem
401 2470 589 2504 produxerunt,
609 2476 670 2507 post
687 2481 769 2508 quam
790 2474 895 2502 cladem
913 2475 946 2503 iis
966 2477 1012 2511 qui
1029 2477 1063 2504 de

272 2513 317 2540 illa
333 2515 464 2542 servilute
476 2517 503 2544 in
520 2518 635 2552 patriam
651 2523 751 2546 terram
761 2520 864 2548 reversi
878 2526 952 2553 sunt,
967 2529 1062 2550 rursus

271 2559 382 2592 prael'uit
397 2559 558 2595 Zorobabel,
585 2563 715 2591 Salatbiel
740 2564 811 2592 (ilius
831 2565 865 2593 de
887 2567 959 2593 tribu
979 2566 1060 2594 Juda.

271 2603 336 2631 Inde
359 2606 441 2632 etiam
464 2607 607 2643 Scriptura
623 2617 684 2644 qua:
706 2609 934 2645 Paralipomenon
949 2612 1060 2644 dicitur,

271 2650 414 2678 duodecim
433 2653 551 2680 tribuum
573 2654 656 2682 Israel
670 2656 769 2683 seriem
786 2658 894 2691 generis
917 2666 1060 2692 enarrans,

272 2697 306 2722 ab
318 2705 349 2724 ea
366 2706 426 2733 quae
439 2704 481 2726 est
497 2700 583 2734 ipsius
597 2701 666 2728 Juda
683 2702 748 2729 fecit
774 2703 883 2730 initium
900 2713 906 2730 :
924 2713 988 2740 ergo
1001 2705 1061 2740 ipso

271 2741 367 2770 ordine
383 2745 507 2779 sequitur
521 2751 550 2773 ut
569 2747 650 2774 etiam
677 2750 874 2783 posterioribus
891 2753 1061 2786 temporibus

271 2788 405 2818 fateamur
419 2793 540 2820 eamdem
559 2795 658 2821 tribum
671 2796 784 2831 reliquis
796 2798 946 2832 prmfuisse,
963 2808 1061 2835 quam-

1118 2294 1194 2320 αύτοὶ
1217 2294 1245 2319 ὲν
1267 2293 1378 2329 Βαιθὴλ,
1402 2295 1448 2320 καὶ
1474 2294 1573 2326 Ἰούδας
1588 2295 1644 2328 μετς
1668 2295 1766 2321 αὐτῶν.
1785 2304 1794 2320 ι
1814 2296 1870 2323 Kal
1881 2297 1912 2323 ἐν

1117 2341 1149 2374 τῇ
1179 2339 1262 2374 βίὸλῳ
1281 2339 1309 2365 δὲ
1339 2339 1393 2366 τῶν
1417 2340 1525 2375 Κριτῶν
1548 2340 1682 2376 διαφόρων
1706 2341 1776 2368 κατὰ
1798 2341 1911 2378 χρόνους

1117 2385 1321 2420 προϊσταμένων
1337 2385 1384 2412 τοῦ
1405 2385 1479 2417 λαοῦ,
1499 2387 1522 2412 εἰ
1539 2387 1585 2413 καὶ
1600 2388 1632 2414 ὲκ
1650 2387 1785 2423 διαφόρων
1798 2388 1911 2416 ἐδόκουν

1117 2428 1186 2456 εἶναι
1203 2430 1293 2465 φυλῶν
1309 2432 1332 2457 οἱ
1348 2432 1450 2467 κριταὶ,
1462 2431 1535 2466 ὅμως
1550 2432 1579 2458 δὲ
1595 2433 1708 2459 καθόλου
1725 2434 1741 2469 ἡ
1755 2433 1803 2460 τοῦ
1823 2434 1909 2462 Ἰούδα

1118 2477 1188 2512 φυλὴ
1204 2477 1250 2503 τοῦ
1267 2477 1366 2509 παντὸς
1382 2477 1474 2509 ἔθνους
1490 2479 1582 2512 ἠγεῖτο
1593 2487 1600 2494 ·
1617 2479 1706 2515 πολλῷ
1721 2479 1749 2506 δὲ
1767 2480 1847 2506 πλέον
1860 2481 1910 2508 ἐπὶ

1116 2524 1170 2550 τῶν
1186 2524 1290 2559 χρόνων
1305 2523 1352 2550 τοῦ
1370 2524 1461 2556 Δαϐὶδ,
1479 2525 1526 2550 καὶ
1542 2524 1596 2550 τῶν
1612 2524 1706 2552 τούτου
1722 2525 1862 2561 διαδόχων,
1874 2527 1910 2554 ἐκ

1116 2570 1202 2605 φυλῆς
1223 2570 1271 2605 μὲν
1287 2570 1334 2596 τοῦ
1355 2570 1440 2597 Ἰούδα
1465 2571 1624 2605 γεγονότων,
1643 2572 1724 2607 μέχρι
1748 2572 1777 2598 δὲ
1793 2572 1844 2607 τῆς
1866 2573 1909 2606 εις

1115 2616 1263 2643 Βαϐυλῶνα
1277 2616 1464 2651 αἰχμαλωσίας
1477 2617 1526 2652 τὴν
1545 2617 1681 2651 βασιλείαν
1697 2618 1908 2652 διενεγκάντων,

1117 2662 1175 2697 μεθ’
1191 2663 1223 2697 ἣν
1237 2662 1291 2688 τῶν
1307 2663 1339 2688 ὲκ
1355 2663 1404 2697 τῆς
1414 2662 1602 2698 αἰχμαλωσίας
1618 2664 1664 2690 ἐπὶ
1679 2664 1728 2699 τὴν
1740 2664 1844 2692 οἰκείαν
1854 2665 1910 2702 γῆν

1115 2708 1278 2734 ἐπανιόντων
1292 2706 1369 2739 αὖθις
1381 2709 1488 2743 ἡγεῖται
1501 2708 1663 2745 Ζοροϐάϐελ,
1679 2711 1692 2736 ὸ
1707 2709 1755 2736 τοῦ
1770 2710 1909 2748 Σαλαθιήλ

1115 2755 1147 2780 ὲκ
1164 2753 1249 2788 φυλῆς
1272 2754 1365 2782 Ἰούδα.
1385 2756 1400 2780 ὀ
1416 2755 1462 2781 καὶ
1474 2754 1519 2781 τὸν
1530 2753 1597 2781 νεὼν
1615 2756 1734 2791 ἐγείρας.
1750 2755 1847 2783 Ἔνθεν
1857 2757 1909 2785 καὶ

1116 2800 1203 2835 ἡτῶν
1222 2801 1466 2836 Παραλειππμένων
1491 2802 1594 2837 γραφὴ,
1620 2802 1669 2839 τάς
1690 2802 1794 2830 δώδεκα
1818 2804 1908 2839 φυλὰς

306 2847 583 2895 'f._}‘ilx-q‘.‘ii._;2.hs.'
612 2852 645 2895 λλ
657 2851 737 2881 Num.
758 2863 806 2888 \'.|,
829 2856 868 2890 ll,
891 2857 930 2886 ιε.
970 2859 992 2875 ιι
1010 2858 1068 2886 Judl

1127 2867 1152 2892 ι,
1171 2861 1196 2892 l,
1215 2860 1242 2888 2.
1281 2860 1301 2877 ⁸⁸
1321 2860 1376 2888 ibid
1402 2861 1429 2889 Δ,
1466 2861 1489 2878 ⁸⁸
1508 2861 1575 2889 ibid'.
1605 2861 1632 2895 8,
1648 2861 1673 2889 9.
1715 2862 1735 2878 “
1757 2862 1822 2890 ibid.
1858 2863 1906 2891 l7.

272 2883 294 2899 "
315 2883 381 2912 ibid.
402 2884 445 2912 l9.
491 2888 512 2903 “
526 2886 594 2915 Ibid.
612 2887 655 2916 22.
