2089 3218
195 166 248 194 57‘]

622 165 948 196 DEMONSTRA'I‘IONIS
958 164 1188 195 EVANGELICE
1207 167 1271 194 LIB.
1290 167 1358 196 ΠΗ.

1769 177 1823 206 578

195 227 242 254 τοῦ
264 227 373 263 Ἰσραὴλ
395 226 602 261 γενεαλογοῦσα,
619 227 673 254 ἀπὸ
696 227 744 262 τῆς
763 227 811 254 τοῦ
832 227 916 254 Ἰούδα
936 224 964 259 τὲ

1013 227 1022 253 l
1037 224 1080 252 vis
1106 225 1134 252 in
1161 231 1237 261 parte
1254 227 1345 262 aliqua
1359 227 1426 255 varii
1442 228 1598 266 diversique
1615 233 1717 268 popqu
1734 237 1823 270 prtuli-

194 274 335 310 καταρχὴν
359 274 514 309 ἐποιήσατο.
535 274 649 300 Ἔπεται
671 273 703 310 δὴ
725 271 772 301 οὖν
797 273 900 305 τούτοις
919 274 983 300 ἀκο-

193 319 296 351 λούθως
321 319 367 346 καὶ
382 321 411 346 ὲν
426 321 482 351 τοῖς
498 319 567 355 μετὰ
587 320 673 346 ταῦτα
695 319 801 356 χρόνοις
825 319 873 354 τὴν
899 319 982 354 αὐτὴν

194 365 278 401 φυλὴν
307 365 362 392 τῶν
392 364 492 392 λοιπῶν
515 365 653 400 ὁμολογεῖν
679 365 814 401 ἡγεῖσθαι,
831 366 855 392 εἰ
877 366 924 392 καὶ
952 367 981 392 ὲν

194 411 271 446 μέρει
286 410 410 447 διάφοροι
427 412 651 447 προειστήκεισαν
666 411 713 438 τοῦ
727 411 791 438 λαοῦ
801 420 808 426 ·
826 409 864 438 ὧν
877 412 907 438 οὐ
921 411 980 438 καθ’

191 456 257 490 ἡμῖν
273 454 384 482 δυνατὸν
399 455 624 492 ὲξακριϐάζεσοαι
641 456 675 484 τὰ
696 457 771 492 γένη,
793 457 832 493 τῷ
847 457 913 493 μηδὲ
931 457 980 492 φέ-

192 500 288 535 ρεσθαι
310 500 385 527 Θείαν
403 501 493 537 βίϐλον
511 501 541 534 ἐξ
565 503 669 529 ἐκείνου
686 504 732 530 καὶ
757 503 837 538 μέχρι
853 503 906 530 τῶν
931 504 978 530 τοῦ

190 546 316 583 Σωτῆρος
331 548 445 583 χρόνων.
467 548 539 584 Πλὴν
556 550 596 580 εἰς
609 550 734 576 τοσοῦτον
749 549 890 586 διαρκέσαι
901 550 978 585 λόγος

190 593 306 629 φανιρδς
319 594 392 630 αἱρεῖ
403 595 452 630 τὴν
468 595 515 622 τοῦ
534 595 618 622 Ἰούδα
634 595 729 631 φυλὴν,
745 597 785 628 είς
801 597 862 623 ὅσον
877 596 907 624 τὺ
924 598 977 624 πᾶν

189 639 264 672 Εθνος
278 639 418 676 ἐλευθερίᾳ
433 641 479 668 καὶ
491 641 637 677 αὐτονομίᾳ
651 641 789 678 χρώμενον
803 642 856 669 ὑπὸ
868 643 977 674 οἰκείοις

188 686 316 721 ἄρχουσιν
329 686 376 713 καὶ
392 686 552 722 ἡγουμένοις
564 687 743 714 ἐπολιτεύετο.
756 687 841 714 Τοῦτο
849 688 877 715 δὲ
886 689 976 721 αὐτοῖς

187 730 216 764 ἐξ
226 731 314 767 ἀρχῆς
335 731 450 767 ὑπῆρξε,
468 732 515 758 καὶ
534 732 614 767 μέχρι
625 731 678 758 τῶν
693 733 846 766 Αὐγούστου
861 733 973 769 χρόνων,

186 777 248 804 καθ’
264 776 320 809 οὓς,
344 777 431 813 Ἰησοῦ
446 777 493 804 τοῦ
513 778 638 813 Σωτῆρος
652 778 730 813 ἡμῶν
742 779 871 813 φανέντος
886 780 916 806 ἐν
927 780 974 806 ἀν-

186 821 315 857 θρώποις,
331 822 363 849 τὸ
378 823 433 850 πᾶν
449 823 524 855 ἔθνος
543 823 635 850 δοῦλον
658 824 801 859 Ῥωμαίοις
815 825 973 852 καθίσταται

186 869 234 895 καὶ
245 869 306 896 ἀντὶ
319 869 376 896 τῶν
390 870 522 906 πατρόθεν
538 871 628 902 αὐτοῖς
637 871 684 898 καὶ
699 872 768 898 κατὰ
778 872 876 908 νόμους
888 874 972 909 ἡγου-

186 914 274 949 μένων
287 915 394 951 πρῶτος
409 905 530 952 Ἡρώδης
544 916 691 951 ἀλλόφυλος
703 917 790 944 αὐτῶν
807 905 971 953 ἦγεϊταινκαὶ
987 905 1008 932 Β

185 959 312 994 βασιλεὺς
329 960 492 996 Αὔγουστος.
506 962 578 993 Ἕως
600 962 649 997 μὲν
673 961 719 990 οὖν
740 963 800 990 οὐδέ
827 972 870 990 πω
886 964 971 991 διελε-

183 1004 270 1032 λοίπει
286 1006 378 1042 ἄρχων
393 1007 423 1040 ἐξ
443 1007 537 1040 Ἰούδα,
555 1008 615 1034 οὐδὲ
631 1008 781 1044 ἡγούμενος
796 1010 828 1036 ἐκ
844 1010 898 1036 τῶν
916 1019 969 1046 μη-

183 1051 238 1086 ρῶν
254 1051 348 1084 αὑτοῦ,
368 1052 423 1079 τῶν
446 1053 620 1088 προφητειῶν
641 1054 666 1080 oi
691 1055 780 1090 χρόνοι
803 1055 835 1081 ἐκ
850 1056 900 1091 τῆς
915 1056 969 1082 τῶν

182 1097 320 1132 ἀρχόντων
329 1097 376 1124 τοῦ
388 1098 479 1131 ἔθνους
492 1100 667 1135 παραθέσεως
677 1100 868 1136 ἁνεγράφοντο.
877 1101 969 1134 Οὕτως

181 1140 228 1169 οὖν
254 1143 367 1175 Ἡσαΐας
388 1144 423 1170 ὲν⁴
442 1144 565 1180 βασιλείᾳ
596 1145 683 1177 Ὀζίου
712 1147 757 1173 καὶ
774 1147 884 1174 Ἰωαθαν
897 1168 904 1180 ,
921 1149 968 1175 καὶ

184 1187 281 1223 Ἀχαζ,
298 1189 345 1216 καὶ
370 1189 505 1223 Ἐζεκίου,
519 1191 544 1218 οἳ
567 1191 743 1218 ὲϐασίλευσαν
761 1193 811 1228 τῆς
831 1193 966 1226 Ἰουδαίας,

180 1235 362 1270 προφητεύει·
380 1236 480 1272 ὁμοίως
504 1237 532 1264 δὲ
558 1239 605 1264 καὶ
621 1238 711 1274 Ὢσηέ.
732 1239 760 1265 Ὀ
781 1239 808 1266 δὲ
836 1239 924 1275 ’Δμὼς
938 1241 966 1267 ὲν

180 1280 299 1317 ἡμέραις
318 1282 406 1314 ὀξίου
432 1283 565 1318 βασιλέως
585 1284 686 1316 Ἰούδα,
721 1286 767 1312 καὶ
795 1286 824 1312 ἐν
850 1286 966 1322 ἡμέραις

185 1327 325 1363 Ἱεροϐοὰμ
344 1328 402 1355 υιοῦ
423 1329 508 1361 Ἰωὰς,
528 1329 659 1365 βασιλέως
681 1331 798 1367 Ἰσραὴλ,
821 1332 867 1358 καὶ
884 1332 966 1367 Σοφο-

178 1372 238 1404 νίας
267 1374 295 1400 ὲν
321 1373 439 1409 ἡμέραις
462 1375 583 1407 Ἰωσίου,
608 1376 666 1403 υίοῦ
696 1377 804 1413 Ἀμώς,
834 1377 965 1412 βασιλέως

185 1418 278 1446 Ἰούδα.
302 1419 417 1455 Ὁμοίως
440 1419 468 1446 δὲ
492 1421 539 1447 καὶ
564 1422 707 1457 Ἱερεμίας.
735 1422 803 1449 Ἀλλ’
827 1423 871 1450 ὅτε
889 1423 965 1450 ἐκλέ-

177 1463 269 1490 λοιπεν
287 1464 378 1500 ἄρχων
397 1464 428 1497 ἐξ
449 1465 543 1497 Ἰούδα,
559 1467 606 1493 καὶ
624 1467 774 1502 ἡγούμενος
790 1468 822 1494 ὲκ
842 1468 896 1494 τῶν
913 1476 965 1504 μη-

178 1509 234 1544 ρῶν
249 1510 350 1543 αὑτοῦ,
375 1511 424 1547 τῆς
437 1511 481 1538 διὰ
508 1512 555 1539 τοῦ
581 1513 698 1548 Χριστοῦ
722 1514 964 1550 προφητευομένης

177 1556 340 1592 προσδοκίας
363 1557 418 1583 τῶν
442 1557 526 1585 ἐθνῶν
546 1559 608 1586 ὅσον
631 1559 707 1586 οὔπω
731 1560 880 1596 μελλούσης
904 1561 963 1586 ὲπι-
975 1575 998 1605 c

176 1601 295 1637 λάμπειν
310 1602 349 1638 τῷ
366 1603 431 1639 βίῳ,
449 1604 539 1631 οὐκέτι
564 1608 612 1641 μὲν
636 1605 754 1641 βασιλεῖς
775 1607 962 1642 ἐχρημάτισαν

181 1649 282 1682 Ἰούδα,
310 1649 370 1676 οὐδὲ
395 1650 539 1686 ἡγούμενοι
566 1652 685 1688 Ἰσραήλ,
712 1653 820 1680 Τούτων
850 1653 877 1680 δὲ
902 1655 963 1686 ταῖς

173 1696 352 1731 προφητείαις
373 1697 526 1729 ἀκολούθως
549 1698 620 1725 κατὰ
635 1699 697 1730 τοὺς
714 1699 883 1734 ὡρισμένους
899 1701 962 1736 χρό-

173 1751 235 1775 νους
244 1743 458 1776 διαλελοιτοότων,
471 1745 578 1781 πρῶτος
595 1746 643 1780 μὲν
658 1745 821 1780 Αὔγουστος,
836 1747 961 1782 δεύτερος

171 1789 202 1816 δὲ
224 1789 358 1825 Τιϐέριος,
387 1790 456 1825 μετὰ
477 1791 531 1818 τῶν
553 1791 640 1818 ἄλλων
665 1792 712 1818 καὶ
744 1792 791 1819 τοῦ
826 1793 959 1820 Ἰουδαίων

171 1834 264 1866 ἔθνους
282 1835 505 1871 ἀνηγορεύθησαν
523 1836 650 1871 βασιλεῖς,
667 1837 694 1863 οἵ
713 1845 743 1864 τε
759 1838 831 1865 κατὰ
849 1838 960 1871 τούτους

171 1881 223 1915 τῆς
239 1881 370 1913 Ἰουδαίας
386 1881 527 1918 ἐπίτροποι
545 1883 592 1910 καὶ
606 1883 765 1919 τετράρχαι,
782 1885 812 1910 οὑ
826 1884 878 1921 μὴν
891 1886 958 1912 ἀλλὰ

169 1927 219 1953 ναὶ
238 1927 370 1963 Ἡρώδης,
386 1928 424 1961 ὡς
442 1929 509 1965 ἔφην
527 1929 575 1965 ήδη
598 1930 644 1956 mi.
662 1931 802 1966 πρότερον,
824 1931 854 1957 οὺ
875 1940 958 1967 προσ-

168 1973 245 2009 ήκων
268 1973 404 2006 Ἰουδαίοις
419 1975 449 2002 τὸ
469 1975 556 2010 γένος,
571 1975 600 2006 ὃς
623 1975 670 2002 καὶ
692 1975 772 2008 αὐτὸς
789 1977 864 2012 παρὰ
892 1976 958 2004 Ῥω-

172 2018 260 2054 μαίων
284 2020 335 2056 τὴν
347 2020 435 2056 ἀρχὴν
456 2021 506 2057 τὴν
522 2020 592 2047 κατὰ
615 2021 748 2048 Ἰουδαίων
764 2022 954 2058 ἐγχειρίζεται.

167 2065 276 2092 Τούτων
292 2066 358 2102 ἡμῖν
372 2067 627 2102 προτετηρημένων,
643 2067 738 2104 καιρὸς
753 2068 802 2104 ἤδη
816 2069 894 2095 καλεῖ
905 2069 956 2105 τῆς

167 2112 208 2143 et;
217 2111 267 2147 τὴν
281 2112 450 2148 προφητείαν
466 2111 581 2148 θεωρίας
600 2113 766 2147 ἐφάψασθαι,
783 2124 792 2139 ι
810 2114 905 2147 Ἰούδα,
925 2115 955 2142 σὲ

167 2157 319 2185 αίνέσουσιν
333 2159 357 2185 οἱ
368 2158 477 2193 ἀδελφοί
489 2167 537 2185 σου
546 2167 553 2173 ο
571 2168 580 2184 ι
597 2158 700 2186 δώδεκα
714 2159 767 2186 τῶν
779 2159 848 2186 ὅλων
867 2161 954 2197 ὑπάρ-

165 2203 267 2239 χόντων
279 2204 382 2232 παίδων
397 2204 437 2240 τῷ
458 2204 564 2237 Ἰακὼϐ,
585 2205 714 2242 τέταρτος
739 2205 838 2238 Ἰούδας
853 2204 898 2242 ἦν,
915 2207 952 2239 ὡς

1033 275 1172 303 ccrentur,
1183 280 1300 308 quarunt
1316 274 1474 309 singillatim
1491 283 1577 310 genus
1591 278 1670 305 solita
1681 279 1822 316 diligentia

1032 324 1160 346 enarrare
1170 327 1341 355 nequaquam
1355 328 1406 349 nos
1419 329 1577 357 possumus.
1588 329 1731 362 propterea
1746 330 1820 362 quod

1032 364 1122 392 nullus
1148 366 1266 400 amplius
1297 366 1383 393 fertur
1407 367 1518 396 divinus
1541 369 1620 403 liber,
1645 371 1692 406 qui
1715 381 1747 401 ex
1772 374 1821 404 illo

1011 418 1118 445 .usque
1139 411 1173 438 ad
1197 416 1319 447 tempora
1346 412 1498 441 Salvatoris
1522 416 1609 443 nostri
1631 419 1818 448 narrationem

1030 457 1242 485 continuaverit.
1265 458 1457 488 Verumtamen
1474 465 1501 488 et
1515 461 1585 489 fama
1603 466 1630 490 et
1645 465 1715 491 ratio
1731 465 1820 493 dicta-

1030 501 1068 528 bit
1080 502 1195 530 durasse
1208 504 1301 530 tandiu
1316 505 1414 532 tribum
1429 504 1510 538 Iuda,
1537 508 1658 542 quandiu
1672 513 1728 536 tota
1751 519 1818 546 gens

1029 547 1154 576 libertate
1167 552 1195 576 et
1209 549 1267 577 suis
1284 550 1388 585 legibus
1401 555 1491 583 utens,
1505 553 1557 580 sub
1573 553 1731 584 domesticis
1745 557 1819 592 prin-

1028 593 1135 628 cipibus
1156 594 1327 630 ducibusque
1354 597 1438 623 vitam
1460 598 1556 632 egerit.
1583 597 1669 627 Porro
1687 600 1740 628 hoc
1761 602 1818 630 illis

1028 640 1142 675 contigit
1166 641 1200 667 ab
1226 641 1305 668 initio
1325 649 1412 677 usque
1432 643 1466 669 ad
1491 648 1611 679 tempora
1635 645 1761 681 Augusti,
1787 648 1816 676 in

1027 687 1127 721 quibus
1144 695 1205 714 cum
1221 686 1347 715 Salvator
1361 693 1454 716 noster
1468 689 1549 718 Jesus
1562 691 1716 721 hominibus
1732 701 1762 722 se
1773 695 1816 722 vi-

1026 732 1144 761 deudum
1158 734 1313 769 praebuerit,
1322 739 1379 762 tum
1392 743 1457 764 vero
1469 736 1496 763 in
1510 737 1668 765 servitutem
1684 738 1816 768 Romanis

1026 779 1153 807 universa
1166 788 1232 815 gens
1245 782 1329 810 cessit
1343 790 1349 807 ε
1363 782 1446 818 369
1461 787 1488 810 et
1502 791 1551 818 pro
1564 785 1661 819 patriis
1678 793 1710 813 ac
1726 787 1815 822 legiti-

1026 824 1078 852 mis
1090 825 1207 853 dueibus
1225 827 1330 862 primus
1344 827 1465 856 Herodes
1477 835 1607 857 externus
1622 831 1678 859 illis
1694 833 1813 867 praefuit,

1025 874 1052 897 et
1073 879 1119 898 rex
1133 871 1282 907 Augustus.
1296 873 1423 906 Quandiu
1445 874 1529 910 igitur
1546 883 1600 903 non
1621 877 1721 905 defecit
1735 879 1813 913 prin-

1022 924 1086 951 ceps
1100 917 1134 945 de
1149 917 1229 951 Juda,
1239 927 1329 954 neque
1340 920 1395 947 dux
1408 920 1442 948 de
1453 920 1605 951 femoribus
1615 924 1688 958 ejus,
1701 925 1814 960 prophe-

1021 963 1120 990 tiarum
1139 968 1261 1000 tempora
1281 966 1415 1001 appositis
1438 967 1594 1003 principum
1611 971 1702 1004 gentis
1725 972 1811 999 nomi-

1021 1009 1101 1037 nibus
1116 1010 1282 1038 notabantur
1295 1021 1301 1039 :
1317 1012 1357 1039 sic
1370 1013 1443 1040 enim
1458 1013 1542 1042 Isaias
1554 1015 1606 1042 sub
1616 1016 1726 1051 regibus
1735 1016 1811 1051 Ozia,

1018 1051 1146 1085 Joathan.
1167 1055 1270 1088 Achaz,
1288 1060 1315 1084 et
1335 1056 1462 1089 Ezechia,
1486 1060 1532 1094 qui
1557 1059 1584 1087 in
1597 1059 1690 1089 Iudaea
1713 1070 1812 1098 regna-

1019 1104 1094 1131 runt,
1114 1101 1285 1136 prophetiam
1307 1111 1384 1130 suam
1415 1106 1536 1132 contexit
1554 1115 1560 1133 :
1583 1107 1712 1135 similiter
1729 1108 1809 1137 Osee.

1018 1146 1102 1173 Amos
1116 1155 1181 1174 vero
1198 1147 1224 1174 in
1242 1148 1337 1177 diebus
1353 1149 1426 1177 Ozize
1442 1151 1514 1186 regis
1530 1151 1610 1186 Iuda,
1629 1158 1656 1181 et
1672 1154 1699 1182 in
1713 1154 1810 1184 diebus

1017 1191 1081 1219 Jesu
1099 1192 1145 1219 filii
1157 1192 1224 1222 Joas
1252 1195 1324 1229 regis
1339 1196 1423 1224 Israel
1438 1206 1445 1224 :
1458 1202 1484 1224 et
1500 1197 1654 1233 Sophonias
1665 1199 1695 1226 in
1711 1200 1810 1230 dicbus

1016 1237 1098 1266 Josize
1123 1239 1170 1266 lilii
1196 1240 1279 1267 Amos
1301 1242 1373 1276 regis
1399 1241 1469 1269 Juda
1492 1252 1498 1270 :
1517 1244 1643 1272 similiter
1664 1244 1807 1274 Jeretnias.

1018 1283 1071 1312 Sed
1084 1285 1131 1312 ubi
1145 1285 1244 1313 defecit
1261 1287 1387 1322 princeps
1402 1288 1435 1316 de
1449 1288 1519 1316 Iuda
1533 1294 1560 1317 et
1576 1291 1632 1318 dux
1647 1293 1681 1319 de
1702 1292 1810 1320 femori-

1016 1329 1067 1357 bus
1080 1330 1151 1364 ejus,
1163 1337 1224 1358 cum
1237 1333 1404 1366 exspectatio
1417 1334 1547 1368 gentium.
1559 1335 1592 1362 de
1603 1343 1656 1370 qua
1670 1337 1809 1372 propheta

1015 1375 1099 1402 locuti
1127 1375 1247 1408 inerant,
1270 1377 1384 1412 jamjam
1399 1386 1447 1413 per
1467 1378 1609 1407 Christum
1638 1381 1720 1408 vitam
1735 1386 1808 1410 esset

1016 1419 1198 1452 illustratura,
1208 1429 1262 1449 non
1278 1423 1396 1458 amplius
1412 1424 1567 1460 regesJuda
1585 1428 1704 1458 censeri,
1717 1435 1807 1463 neque

1014 1465 1098 1494 duces
1110 1467 1192 1495 Israel
1208 1475 1325 1503 cceperc,
1348 1469 1396 1496 sed
1418 1470 1461 1498 his
1475 1470 1555 1505 ipsis,
1576 1472 1806 1506 quetuadmodum

1015 1514 1164 1548 prophetiae
1189 1508 1423 1550 signilicaverant,
1443 1525 1494 1545 suo
1511 1522 1588 1546 certo
1603 1524 1629 1547 et
1646 1519 1721 1548 finito
1737 1524 1808 1548 tem-

1015 1566 1080 1593 pore
1102 1560 1302 1594 deficientibus,
1319 1563 1425 1597 primus
1449 1564 1560 1598 qtiidem
1587 1565 1739 1599 Augustus,
1766 1574 1806 1594 se-

1015 1607 1122 1634 cundus
1131 1614 1222 1635 autem
1236 1607 1363 1636 Tiberius
1385 1612 1412 1636 et
1421 1609 1536 1637 aliarum
1549 1615 1576 1638 et
1586 1610 1705 1640 Juilaicze
1716 1613 1806 1647 genth

1013 1652 1163 1687 nuncupati
1190 1657 1256 1680 sunt
1276 1661 1363 1688 reges,
1381 1662 1432 1682 nec
1450 1663 1504 1682 non
1525 1650 1576 1683 alii
1587 1657 1738 1684 secundum
1755 1658 1805 1685 hos

1012 1697 1086 1732 ipsos
1101 1697 1202 1726 ludam
1217 1704 1411 1733 procuratores
1430 1705 1512 1733 atque
1527 1703 1683 1733 tetrarchae.
1701 1704 1804 1738 quibus

1011 1743 1206 1771 adnumeretur
1218 1744 1349 1776 Herodes.
1364 1753 1378 1773 a
1397 1745 1553 1774 Judazorum
1574 1755 1685 1782 genere,
1700 1752 1730 1775 ut
1743 1748 1802 1783 jam

1009 1793 1090 1817 antea
1106 1789 1174 1822 dixi,
1189 1790 1306 1823 alienus,
1322 1791 1368 1826 qui
1390 1791 1473 1818 etiam
1499 1792 1556 1826 ipse
1577 1799 1593 1819 a
1607 1792 1738 1821 Romanis
1753 1793 1803 1822 Ju-

1009 1835 1129 1863 daeorum
1150 1837 1334 1872 principatum
1360 1839 1477 1873 accepit.
1500 1838 1568 1866 Cum
1593 1839 1727 1868 hactenus
1742 1840 1801 1869 hac

1008 1882 1255 1916 observaverimus,
1273 1888 1380 1919 tempus
1404 1885 1460 1919 jam
1476 1884 1559 1912 fuerit
1580 1886 1668 1921 ipsius
1682 1888 1802 1923 prophe-

1008 1929 1053 1956 tiae
1074 1930 1334 1964 contemplationem
1352 1931 1497 1965 attingere,
1516 1941 1525 1957 ι
1541 1931 1627 1965 Juda,
1657 1938 1683 1962 te
1709 1934 1802 1962 lauda-

1007 1974 1076 2002 bunt
1101 1976 1199 2004 fratres
1221 1977 1279 2004 tui:
1299 1986 1310 2004 ι
1326 1984 1388 2004 cum
1408 1978 1553 2006 duodecim
1573 1980 1686 2008 omnino
1705 1986 1800 2009 essent

1007 2021 1054 2048 filii
1069 2021 1166 2055 Jacob,
1186 2030 1281 2050 eorum
1303 2027 1419 2058 quartus
1445 2024 1495 2052 fuit
1517 2025 1598 2058 Juda,
1617 2027 1799 2061 quemadmo-

1005 2067 1070 2095 dum
1088 2072 1170 2096 antea
1191 2069 1322 2101 diximus.
1337 2077 1409 2098 unus
1422 2071 1504 2098 etiam
1529 2071 1588 2107 ipse
1615 2064 1649 2101 de
1666 2073 1799 2109 principi-

1004 2113 1056 2142 bus
1072 2115 1192 2141 tribuum
1204 2115 1294 2150 gentis
1307 2115 1445 2145 Hebrairte
1459 2117 1533 2145 :.sed
1548 2118 1621 2154 quod
1637 2127 1692 2147 non
1706 2121 1797 2155 ipsum

1005 2160 1082 2187 illum
1099 2161 1268 2195 respicerent
1282 2169 1325 2193 ea,
1338 2171 1399 2198 qua:
1413 2164 1493 2199 quasi
1518 2165 1552 2192 ad
1578 2165 1667 2200 ipsutn
1683 2174 1698 2193 ιι
1719 2172 1796 2201 patre

1003 2205 1077 2232 dicta
1093 2211 1168 2236 sunt,
1193 2206 1211 2232 ii
1230 2206 1390 2241 planissime
1420 2208 1615 2242 intellexerint,
1639 2210 1687 2246 qui
1713 2213 1796 2240 verba

165 2249 214 2276 καὶ
230 2249 383 2284 φθάσαντες
402 2251 563 2287 εἰρήκαμεν,
588 2250 628 2283 εἷς
645 2253 691 2278 καὶ
706 2252 786 2284 αὐτὸς
804 2253 953 2288 ἀρχίφυλος

1013 2251 1104 2279 livinat
1120 2251 1269 2286 Scriptum
1291 2252 1437 2288 diligenter
1461 2255 1638 2288 attenderint,
1653 2260 1681 2284 et
1693 2257 1720 2284 in
1737 2258 1794 2293 pri-

163 2294 212 2322 τοῦ
231 2295 364 2331 Ἑϐραίων
380 2295 483 2328 ἔθνους.
505 2296 574 2323 Ἀλλ’
588 2297 627 2324 ὅτι
641 2305 673 2332 γε
689 2298 739 2324 οὐκ
754 2298 833 2325 αὑτὸν
850 2298 953 2324 ἐκεῖνον

163 2339 238 2378 ιώρα
250 2341 296 2369 τδν
314 2342 400 2378 ἄνδρα
415 2342 450 2369 τὰ
470 2342 508 2374 ὡς
524 2343 593 2378 πρὸς
613 2343 693 2370 αὐτὸν
709 2343 761 2370 ὑπὸ
780 2343 825 2370 τοῦ
850 2344 953 2380 πατρὸς

163 2387 311 2423 εἰρημένα,
330 2387 416 2422 σαφὲς
437 2387 470 2414 ἂν
494 2386 598 2422 γένοιτο
624 2389 681 2420 τοῖς
703 2389 866 2424 ἐπιστήσασι
892 2390 953 2420 ταῖς

162 2433 251 2467 λέξεσι
262 2433 312 2470 τῆς
329 2433 404 2466 θείας
425 2433 546 2470 Γραφῆς,
569 2434 676 2470 πρῶτον
696 2434 743 2462 τοῦ
770 2434 867 2462 Ἰακὼϐ
883 2435 952 2472 πρὸς

160 2481 225 2513 τοὺς
249 2481 325 2513 υἱοὺς
351 2481 442 2517 φωνῆς
463 2481 612 2517 λεγούσης·
628 2492 637 2508 ι
655 2482 784 2509 Ἔκάλεσε
805 2483 834 2509 δὲ
854 2482 951 2509 Ἰακὼϐ

159 2527 224 2559 ⁴τοὺς
233 2527 308 2560 υἱοὺς
318 2527 411 2559 αὑτοῦ,
421 2529 468 2554 καὶ
480 2526 541 2554 εἷπε
551 2537 557 2543 ·
569 2529 734 2564 Συνάχθητε,
746 2529 793 2556 καὶ
808 2528 950 2564 ὰναγγελῶ

159 2570 235 2608 Mdv,
247 2573 275 2599 τί
290 2574 354 2609 ὑμῖν
366 2574 552 2610 ἀπαντήσεται
565 2575 608 2601 ἐπ’
624 2575 747 2610 ἐσχάτων
759 2575 815 2602 τῶν
824 2576 948 2612 ἡμερῶνδ

159 2617 338 2655 ἀθροίσθητε,
359 2620 407 2647 καὶ
427 2620 572 2653 ἀκούσατε,
601 2622 654 2648 υἱοὶ
686 2620 793 2654 Ἰακὼϐ,
814 2622 949 2649 ἀκούσατε

164 2663 284 2699 Ἰσραὴλ,
301 2663 349 2691 τοῦ
363 2665 466 2701 πατρὸς
482 2665 569 2700 ὑμῶν.
583 2675 592 2691 ι
602 2666 699 2700 Σαφῶς
713 2666 769 2701 γὰρ
785 2666 949 2700 ἐπαγγέλλε-

156 2715 203 2735 ται
214 2709 398 2746 προφητεύειν
413 2711 504 2742 αὐτοῖς
520 2710 554 2737 τὰ
572 2711 703 2746 μέλλοντα
720 2712 811 2744 αὐτοῖς
829 2712 950 2748 ἀπαντή-

157 2754 254 2782 σεσθαι
268 2757 384 2792 μακροῖς
397 2755 511 2792 ὕστερον
524 2757 641 2792 χρόνοις,
652 2759 699 2784 καὶ
710 2758 748 2790 ὡς
759 2757 840 2790 αὐτός
854 2767 946 2793 φησιν,

156 2798 201 2828 l1?
217 2800 333 2837 ἐσχάτου
351 2801 406 2829 τῶν
421 2803 542 2839 ἡμερῶν.
561 2804 616 2830 Καὶ
631 2803 718 2836 ἄλλως
729 2803 758 2830 δὲ
775 2803 809 2830 τὰ
823 2804 862 2836 ὡς
879 2805 948 2841 πρὸς

90 2872 102 2886 ο
156 2845 204 2874 τὴν
225 2846 327 2875 Ἰούδαν
350 2848 484 2885 είρημένα
498 2850 548 2876 οὐκ
569 2849 602 2877 ἂν
624 2849 742 2885 εὐλόγως
761 2850 948 2886 ὲφαρμόσαιεν

157 2891 196 2928 τῷ
212 2893 314 2930 πρώτῳ
329 2894 424 2930 δκείνῳ
440 2895 517 2931 ἀνδρί
527 2905 533 2911 ·
552 2896 582 2923 οὐ
596 2897 650 2931 γὰρ
662 2897 764 2923 ἐκεῖνον
780 2897 825 2925 τὸν
846 2897 945 2924 Ἰούδαν

1003 2296 1056 2326 mis
1071 2304 1102 2324 ea
1118 2305 1179 2331 quae
1193 2298 1220 2324 in
1238 2305 1364 2326 sermone
1374 2298 1459 2326 Jacob
1475 2301 1663 2333 continentur,
1674 2302 1707 2329 ad
1723 2303 1794 2331 ﬁlios

1002 2342 1119 2370 dicentis
1134 2351 1140 2368 ι
1161 2352 1170 2368 ι
1191 2342 1305 2370 Vocavit
1321 2347 1412 2370 autem
1431 2343 1516 2371 Jacob
1540 2344 1610 2372 ﬁlios
1625 2353 1692 2373 suos
1708 2352 1735 2373 et
1749 2346 1792 2373 di-

1003 2389 1052 2421 xit,
1066 2389 1288 2424 Congregamini,
1306 2396 1333 2418 et
1350 2391 1518 2418 annuntiabo
1537 2391 1615 2418 vobis
1629 2392 1694 2426 quid
1708 2400 1792 2420 even-

1001 2439 1093 2462 turum
1118 2435 1154 2464 sit
1168 2436 1247 2464 vobis
1268 2436 1296 2463 in
1320 2435 1417 2464 diebus
1443 2437 1618 2470 novissimis;
1642 2445 1792 2473 congrega-

1002 2482 1068 2509 mini
1085 2486 1113 2509 et
1136 2482 1239 2514 audite,
1263 2483 1310 2510 lilii
1335 2482 1432 2515 Iacob,
1459 2483 1553 2510 audite
1578 2483 1660 2511 Israel
1685 2488 1789 2518 patrem

1000 2533 1131 2556 vestrum.
1151 2537 1160 2554 ι
1178 2527 1262 2556 Plane
1280 2529 1352 2556 enim
1369 2529 1397 2556 in
1420 2529 1464 2556 his
1484 2529 1628 2564 pollicetur
1647 2537 1676 2557 se
1691 2529 1791 2564 praedi-

1000 2579 1109 2603 cturum
1126 2573 1167 2602 eis
1183 2582 1245 2610 qua:
1256 2575 1324 2610 ipsis
1338 2580 1469 2603 eventura
1488 2575 1544 2602 sint
1555 2575 1635 2610 longo
1651 2580 1711 2610 post
1724 2579 1790 2603 tem-

999 2628 1065 2656 pore
1078 2624 1116 2652 et,
1129 2624 1158 2647 ut
1175 2620 1234 2655 ipse
1247 2620 1296 2652 ait,
1307 2621 1335 2648 in
1351 2621 1509 2649 novissimis
1523 2621 1620 2648 diebus
1632 2630 1639 2648 :
1657 2627 1788 2656 praeterea

999 2667 1045 2694 illa
1070 2667 1130 2702 ipsa
1153 2674 1216 2701 quae
1234 2667 1314 2702 quasi
1338 2667 1371 2694 ad
1390 2666 1489 2694 Judam
1517 2667 1590 2694 dicta
1617 2672 1693 2699 sunt,
1712 2668 1790 2696 nullo

999 2712 1080 2740 modo
1107 2713 1135 2740 in
1156 2712 1246 2747 primo
1270 2712 1331 2740 viro
1353 2712 1555 2740 accommodari
1575 2717 1703 2748 possunt.
1727 2712 1787 2740 Non

997 2759 1070 2787 enim
1085 2758 1184 2787 fratres
1197 2759 1241 2786 sui
1262 2757 1362 2786 ludam
1376 2759 1453 2786 illum
1470 2758 1647 2787 laudaverant
1661 2769 1668 2787 :
1685 2763 1786 2787 etenim

998 2811 1048 2838 pro
1062 2804 1162 2838 quibus
1185 2803 1295 2831 tandem
1314 2804 1446 2838 praeclare
1462 2804 1547 2838 gestis
1561 2804 1716 2832 debuerunt
1734 2805 1786 2831 hoc.

998 2849 1106 2877 facere?
1123 2849 1175 2877 Sed
1197 2857 1232 2877 ne
1248 2849 1401 2877 adorarunt
1421 2850 1532 2884 quidem
1549 2851 1625 2877 illum
1641 2850 1689 2877 filii
1701 2851 1786 2885 pall‘il

997 2895 1051 2924 sui.
1067 2895 1148 2931 37o
1163 2894 1254 2931 Longe
1270 2899 1362 2924 autem
1377 2897 1465 2932 magis
1486 2897 1629 2924 oraculum
1657 2895 1786 2924 conveni-
