2089 3218
296 160 348 187 5’49

631 156 765 185 EUSEBﬂ
780 156 1019 184 CAESARIENSIS
1037 156 1113 184 ΟΡΡ.
1140 155 1229 182 PARS
1248 155 1281 183 11.
1293 171 1329 176 -
1348 155 1598 184 APOLOGETICA.

1873 159 1928 187 580

296 222 348 249 ret,
368 216 392 244 si
411 216 464 252 ipsi
489 215 587 251 Ioseph
613 216 716 243 dictum
742 221 831 247 esset,
856 214 1077 250 quandoquidem

1131 213 1228 249 ᾔνεσαν
1246 213 1272 240 οἱ
1297 213 1414 247 ἀδελφοί.
1431 213 1492 240 Ἐπὶ
1513 213 1582 248 ποίῳ
1607 213 1661 249 γὰρ
1678 214 1759 241 αὐτοῦ
1786 216 1926 251 κατορΒώ-

296 264 369 291 hunc
383 264 442 298 ipse
453 262 538 290 ludas
559 269 612 289 una
635 270 696 289 cum
721 262 836 297 reliquis
858 261 991 288 fratribus
1018 260 1084 287 ado-

295 316 374 336 rasse
387 308 557 343 perhibetur,
578 308 688 335 tametsi
704 307 731 335 id
746 308 835 342 ipsum
848 312 910 334 ante
927 307 1008 341 hujus
1020 314 1083 342 pro—

296 353 393 388 phetiae
403 353 486 380 verba
499 362 506 380 :
519 353 634 388 posthac
654 353 726 380 enim
743 360 777 380 ne
792 352 843 387 ipsi
858 352 969 387 quidem
982 350 1081 386 Ioseph

295 399 349 425 tale
371 398 520 432 quidquam
544 398 704 432 contigisse,
728 405 760 424 ac
779 398 864 424 multo
888 397 969 424 etiam
990 395 1082 423 minus

295 443 346 476 ipsi
360 442 438 473 Juda,
452 443 566 470 historia
576 442 722 477 significat.
734 442 766 468 Et
781 442 845 469 illud
860 450 866 466 :
883 451 892 467 ε
911 441 1083 468 Recumbens

295 492 385 515 autem
400 488 552 515 dormivisti
572 492 601 514 ut
617 488 669 519 leo,
684 492 711 515 ct
732 491 761 514 ut
782 488 899 519 catulus,
923 497 931 512 ι
952 487 1081 521 majorem

296 541 362 561 sane
388 534 568 568 postulaverit
591 533 863 570 contemplationem,
885 541 966 568 quam
992 540 1024 560 ea
1046 533 1082 559 sit

295 587 356 614 quae
366 579 462 606 Judam
478 580 616 614 respiciat,
627 579 698 612 Quin
711 579 791 606 etiam
808 579 874 606 illud
884 578 956 613 quod
973 582 1035 613 post
1049 586 1080 604 ea

295 626 398 652 dictum
412 629 454 652 est
472 633 478 651 :
492 634 502 650 ι
521 625 578 652 Non
593 625 699 652 deﬁciet
715 625 841 659 princeps
853 624 886 650 de
899 623 978 654 Juda,
993 631 1082 658 neque

295 672 348 699 dux
364 671 398 698 de
415 671 564 698 femoribus
581 671 651 705 ejus,
671 670 758 697 donec
774 670 884 697 veniant
898 677 958 705 qua:
972 669 1023 704 ipsi
1039 677 1082 696 rc-

295 718 384 753 posita
397 721 473 748 sunt,
488 722 514 744 et
528 717 588 752 ipse
602 716 769 752 eXspeclalio
783 716 915 750 gentium,
933 725 941 740 ι
959 719 1080 749 tempora

269 779 279 786 ν
295 762 362 790 mihi
383 762 539 797 signiﬁcare
555 762 661 789 videtur
673 762 744 796 ejus,
761 762 794 788 de
813 768 867 795 quo
883 761 1026 795 prophetia
1039 760 1080 787 lo-

294 808 398 843 quitur,
415 807 557 834 adventus.
575 807 631 834 lloc
642 807 727 838 enim,
738 806 836 841 inquit,
848 814 902 832 non
917 805 978 836 erit,
994 805 1080 832 donec

294 853 362 880 illud
373 853 497 885 eveniat;
513 860 600 887 neque
614 853 685 880 enim
703 852 780 887 prius
788 851 913 879 desinent
928 851 955 878 in
967 850 1079 878 Iudaica

1139 268 1204 294 ματι
1218 259 1296 285 τοῦτο
1309 258 1439 294 ἐποίησαν
1454 259 1505 291 ἂν;
1525 259 1585 286 οὐδὲ
1605 259 1658 294 μὴν
1676 260 1773 296 ἐκείνῳ
1791 261 1927 297 προσεκύ-

1137 311 1221 338 νησαν
1239 304 1263 329 οἱ
1280 303 1332 329 υιοὶ
1356 303 1404 330 τοῦ
1428 304 1540 339 πατρὸς.
1569 304 1679 331 Μᾶλλον
1695 304 1718 331 δ’
1743 305 1777 332 ἂν
1802 306 1817 332 ό
1847 306 1926 340 λόγος

1136 349 1272 384 ἥρμοσεν,
1290 350 1314 375 εἰ
1336 349 1375 384 τῷ
1396 350 1493 385 Ἰωσὴφ
1510 350 1621 385 εἴρητο·
1646 350 1739 387 ἐπειδὴ
1759 351 1854 379 τοῦτον
1865 352 1927 388 ἅμα

1136 397 1191 426 τοῖς
1207 394 1308 426 λοιποῖς
1323 395 1445 430 ἀδελφοῖς
1460 396 1505 422 καὶ
1520 396 1600 427 αὐτὸς
1621 396 1720 428 Ἰούδας
1734 399 1927 433 προσκυνήσας

1137 442 1260 476 φαίνεται
1271 450 1277 456 ·
1292 441 1363 476 πλὴν
1374 442 1441 468 ἀλλὰ
1453 442 1505 477 πρὸ
1518 442 1572 468 τῶν
1583 442 1669 476 λόγων
1684 443 1733 478 τῆς
1747 444 1925 478 προφητείας.

1136 488 1211 514 Μετὰ
1228 488 1281 522 γὰρ
1293 488 1404 518 τούτους
1421 488 1496 514 οὐδέν
1515 497 1541 514 τι
1565 488 1700 519 τοιοῦτον,
1717 488 1780 515 οὐδὲ
1796 489 1862 525 περὶ
1880 490 1926 516 τὸν

1142 533 1250 568 Ἰωσὴφ,
1262 534 1331 568 ἦπου
1351 542 1383 566 γε
1397 534 1461 568 περὶ
1476 534 1521 560 τὸν
1538 533 1636 560 Ἰούδαν
1651 543 1695 568 γεῖ
1702 535 1761 567 ovo;
1780 537 1796 571 ἡ
1820 536 1926 571 ἱστορία

1136 579 1354 614 παρίστησι.Καὶ
1368 579 1408 610 τὸ,
1419 589 1427 604 ι
1440 579 1595 606 Ἀναπεσὼν
1608 580 1636 606 δὲ
1646 581 1796 616 ἐκοιμήθης
1806 581 1844 612 ὡς
1857 581 1925 607 λέων

1135 624 1182 650 καὶ
1191 624 1228 655 ὼς
1239 623 1367 659 σκύμνος,
1382 634 1390 648 ι
1398 624 1517 659 μείζονος
1528 624 1560 651 ἃν
1567 625 1675 661 agema
1687 626 1756 653 κατὰ
1766 629 1811 653 τὸν
1824 626 1925 653 Ἰούδαν

1135 669 1261 705 θεωρίας.
1280 669 1360 696 Ἀλλὰ
1377 670 1423 696 καὶ
1438 670 1468 696 τὸ
1490 671 1558 705 μετὰ
1574 671 1659 697 ταῦτα
1674 671 1833 707 εἰρημένον·
1847 681 1856 697 ι
1869 672 1926 698 οὐκ

1135 715 1253 750 ἐκλείψει
1278 716 1369 751 ἅρχων
1387 716 1415 749 ἐξ
1442 716 1542 749 Ἰούδα,
1567 717 1626 743 οὐδὲ
1649 717 1800 752 ἡγούμενος
1822 718 1854 743 ἐκ
1869 716 1924 743 τῶν

1136 762 1229 796 μηρῶν
1245 762 1336 793 αὑτοῦ,
1354 762 1405 793 ἓως
1418 761 1450 788 ἂν
1462 762 1526 799 ἔλθῃ
1542 762 1576 789 τὰ
1591 764 1759 798 ἀποκείμενα
1779 763 1863 798 αὐτῷ,
1877 763 1924 789 καὶ

1134 807 1214 838 αὐτὸς
1238 807 1384 841 προσδοκία
1401 807 1499 839 ἐθνῶν,
1516 817 1525 834 ›
1547 809 1610 840 τοὺς
1627 808 1739 844 χρόνους
1757 808 1924 835 αἰνίττεσθαί

1137 861 1180 887 μοι
1191 852 1264 878 δοκεῖ
1274 852 1323 887 τῆς
1339 853 1386 879 τοῦ
1411 855 1648 889 προφητευομένου
1674 855 1834 890 παρουσίας.
1858 854 1924 880 Τόδε

294 905 374 933 gente
398 899 537 934 principes
562 906 594 926 ac
622 899 718 931 duces,
739 907 820 934 quam
848 898 969 933 gentium
992 899 1080 926 veniat

1131 898 1194 934 γὰρ,
1220 900 1311 933 φησὶν,
1331 900 1381 925 οὐκ
1406 899 1493 931 ἔσται,
1512 900 1565 926 ἔστ’
1587 901 1619 927 ἂν
1641 901 1746 935 γένοιτο
1761 901 1836 927 τόδε·
1863 900 1924 927 οὐδὲ

294 945 473 980 exspectatio,
488 950 515 972 ct
529 953 588 980 quae
597 945 715 979 reposita
727 948 791 972 sunt
802 944 825 971 ei
838 944 871 971 de
885 952 939 979 quo
951 945 1080 979 propheta

295 993 425 1027 loquitur.
442 992 504 1019 Haec
529 997 621 1019 autem
646 992 829 1027 interpretans
847 991 1027 1023 Theodotion,
1048 992 1082 1018 ab

295 1040 362 1074 ipsis
374 1039 444 1065 LXX
462 1046 514 1065 non
526 1038 626 1065 diﬁ'ert.
644 1037 742 1072 Aquila
757 1045 821 1064 vero
837 1038 864 1064 in
881 1037 953 1064 hunc
972 1037 1081 1064 modum

294 1086 430 1120 exposuit,
446 1094 455 1110 ‹
472 1093 526 1112 non
549 1084 728 1111 suscitabitur
752 1088 888 1118 sceplrum
908 1084 941 1111 de
963 1082 1042 1115 Juda,
1056 1087 1083 1110 et

294 1130 341 1164 qui
355 1129 491 1165 exquisite
511 1133 659 1164 cognoscat
675 1129 709 1155 de
725 1129 815 1155 medio
834 1129 932 1163 pedum
948 1130 1019 1163 ejus,
1034 1129 1083 1156 do-

294 1184 345 1203 nec
369 1176 462 1203 veniat
486 1181 513 1202 ct
538 1176 589 1210 ipsi
613 1176 788 1210 congregatio
810 1176 982 1210 populorum.
1003 1186 1012 1201 ι
1031 1175 1082 1202 Ubi

294 1230 356 1249 cum
367 1221 484 1252 dicatur,
504 1230 512 1245 ι
530 1229 583 1247 non
599 1220 704 1247 deﬁciet
718 1221 844 1256 princeps
858 1221 891 1248 de
905 1221 984 1252 Juda,
1003 1231 1011 1246 ι
1032 1221 1083 1248 hoc

295 1268 359 1293 item
376 1266 410 1294 de
425 1267 486 1301 ipso
504 1265 550 1292 illo
569 1266 656 1299 primo
669 1265 738 1292 Juda
753 1273 807 1292 non
825 1270 931 1300 oportet
946 1266 1079 1300 accipere,

294 1314 366 1340 sicut
382 1319 433 1339 nec
447 1311 524 1342 illud,
537 1320 546 1336 ‹
560 1309 640 1342 Juda,
655 1316 680 1337 te
694 1310 843 1338 laudabunt
859 1310 956 1338 fratres
970 1311 1020 1339 tui.
1038 1321 1046 1336 ι
1056 1314 1084 1339 et

294 1364 356 1393 qua:
372 1361 535 1392 sequuntur,
557 1356 589 1383 ad
606 1356 732 1383 eumdem
750 1356 826 1383 illum
840 1356 935 1383 referri
951 1360 1080 1391 possunt:

296 1404 390 1431 multis
403 1403 476 1430 enim
497 1402 604 1429 smculis
620 1402 757 1436 principes
771 1409 803 1429 ac
820 1401 904 1430 duces
922 1403 948 1429 in
970 1401 1082 1430 Judaica

294 1454 372 1485 gente
389 1448 564 1480 exstiterunt,
581 1448 628 1483 qui
644 1449 678 1475 de
692 1449 764 1476 illius
779 1449 829 1476 viri
847 1457 945 1484 genere
969 1449 1082 1483 profecti

280 1502 352 1524 ‘non
367 1500 441 1524 sunt.
459 1495 569 1523 Primus
593 1504 712 1531 namque
736 1496 795 1531 ipse
811 1495 900 1523 Moses
917 1496 970 1523 dux
991 1495 1081 1530 populi

295 1543 357 1575 fuit,
374 1544 419 1578 qui
431 1551 485 1570 non
496 1542 530 1569 de
542 1542 623 1574 Juda,
641 1543 688 1569 sed
701 1542 734 1569 de
746 1541 809 1569 Levi
821 1546 902 1569 natus
916 1545 972 1575 est;
984 1542 1082 1569 deinde

295 1588 360 1616 Jesu
378 1589 411 1616 de
433 1589 505 1615 tribu
524 1588 651 1623 Ephrem,
669 1592 730 1623 post
741 1596 822 1623 quem
838 1587 942 1624 praafuit
960 1588 1081 1614 Detbora

295 1635 330 1662 de
349 1634 422 1661 tribu
436 1635 500 1661 item
516 1633 645 1668 Ephrem,
667 1638 695 1661 et
708 1633 793 1660 Barac
810 1634 843 1661 de
856 1634 929 1661 tribu
944 1633 1081 1668 Nephtha-

295 1682 353 1713 lim,
377 1685 438 1717 post
463 1689 532 1716 quos
553 1680 663 1708 Gedeon
679 1681 712 1708 de
727 1682 798 1708 tribu
825 1681 959 1714 Manasse,
983 1680 1082 1708 deinde

296 1727 367 1755 ﬁlius
386 1727 507 1760 Gedeon,
527 1733 555 1755 et
573 1733 633 1763 post
649 1728 722 1755 hunc
737 1727 823 1754 Tbola
841 1727 875 1755 de
886 1728 980 1755 eadem
997 1727 1079 1759 tribu,

294 1779 388 1808 postea
400 1773 507 1801 Esebon
520 1782 552 1801 ex
565 1774 734 1806 Bethlebem,
750 1777 776 1801 et
792 1777 853 1808 post
869 1774 941 1800 hunc
955 1773 1034 1800 Ailon
1048 1773 1082 1800 de

294 1821 366 1847 tribu
383 1820 524 1854 Zabulon;
542 1821 615 1848 hunc
634 1824 745 1848 secutus
769 1825 811 1847 est
828 1819 940 1846 Labdon
957 1819 990 1846 de
1005 1819 1079 1846 tribu

295 1866 420 1901 Ephrem,
447 1866 545 1894 deinde
573 1867 708 1902 Sampson
731 1866 765 1894 de
786 1867 859 1894 tribu
879 1866 961 1900 Dan;
986 1870 1080 1901 postea

293 1918 356 1937 cum
374 1911 432 1938 sine
446 1912 567 1946 principe
581 1915 684 1943 essent,
706 1911 811 1947 praefuit
827 1913 893 1947 ipsis
915 1912 973 1939 Heli
989 1919 1080 1939 sacer-

293 1956 344 1982 dos
359 1956 393 1983 de
409 1957 481 1983 tribu
497 1956 560 1984 Levi
574 1966 580 1984 :
595 1957 622 1984 hi
637 1958 729 1985 cuncti
741 1958 848 1992 judices
862 1957 909 1992 qui
921 1958 1081 1992 judicabant

296 2002 379 2030 Israel
390 2011 444 2030 non
456 2003 489 2030 de
502 2011 599 2038 genere
615 2004 701 2039 ipsius
712 2004 791 2036 Juda,
805 2004 851 2032 sed
867 2012 899 2030 ex
909 2004 1024 2031 diversis
1035 2004 1081 2030 tri-

296 2049 384 2076 bubus
396 2057 429 2076 ex
442 2050 495 2076 alia
510 2051 580 2077 alius
595 2050 716 2082 oriundi,
733 2055 760 2077 et
772 2051 818 2085 qui
833 2054 895 2085 post
911 2050 959 2077 bos
974 2050 1078 2084 primus

292 2094 366 2129 apud
379 2102 427 2122 eos
443 2096 546 2130 regiam
561 2096 720 2131 dignitatem
744 2096 849 2130 accepit
866 2095 942 2128 Saul,
959 2095 992 2122 de
1007 2095 1079 2122 tribu

294 2140 346 2167 fuit
371 2140 522 2175 Bcnjamin.
544 2142 686 2175 Quomodo
713 2143 795 2177 igitur
816 2142 904 2170 illud:
923 2151 932 2167 ι
954 2141 1012 2168 Νοη
1029 2142 1078 2169 de-

296 2184 367 2211 ﬁciet
394 2185 520 2219 princeps
552 2187 586 2214 de
619 2186 706 2219 Juda,
731 2195 820 2221 neque
847 2187 901 2213 dux
927 2186 962 2214 de
995 2186 1079 2214 femo-

1132 944 1186 980 γὰρ
1201 945 1331 980 πρότερον
1348 945 1496 972 παύσονται
1513 946 1560 973 τοῦ
1579 947 1711 973 Ἰουδαίων
1724 946 1816 978 ἔθνους
1826 946 1924 982 ἄρχον-

1132 999 1177 1021 τες
1200 992 1246 1017 καὶ
1275 991 1464 1027 ἡγούμενοι,ἢ
1489 992 1538 1027 τὴν
1559 992 1612 1018 τῶν
1644 992 1728 1019 ἐθνῶν
1758 992 1923 1029 προσδοκίαν

1133 1037 1235 1068 ἐλθεῖν,
1269 1038 1315 1063 καὶ
1350 1037 1385 1064 τὰ
1418 1038 1585 1073 ἀποκείμενα
1615 1039 1655 1074 τῷ
1681 1038 1919 1074 προφητευομένῳ.

1133 1083 1225 1109 Ταῦτα
1239 1083 1266 1109 δὲ
1280 1084 1379 1119 ὁμοίως
1395 1086 1450 1115 τοῖς
1472 1084 1670 1120 Ἐὖδομήκοντα
1685 1085 1731 1111 καὶ
1745 1086 1759 1111 ὁ
1775 1084 1922 1111 Θεοδοτίων

1133 1128 1313 1163 ἡρμήνευσεν.
1332 1129 1360 1154 ’0
1386 1129 1414 1155 δὲ
1435 1129 1549 1161 Ἀκύλας
1569 1129 1662 1156 τοῦτον
1685 1129 1798 1163 ἐξέδωκε
1814 1130 1922 1157 καὶτὸν

1133 1174 1245 1209 τρόπον·
1269 1183 1278 1199 ε
1297 1174 1353 1201 Οὐκ
1373 1175 1554 1210 ἀναστήσεται
1574 1175 1711 1211 σκῆπτρον
1738 1176 1792 1202 ἀπὸ
1823 1176 1919 1208 Ἰούδα,

1134 1220 1179 1245 καὶ
1192 1219 1406 1255 ἀκριϐαζόμενος
1422 1221 1475 1247 ἀπὸ
1492 1220 1592 1255 μεταξὺ
1610 1220 1697 1247 ποδῶν
1709 1221 1803 1252 αὐτοῦ,
1818 1221 1871 1253 ἕως
1887 1221 1921 1247 ἂν

1134 1264 1197 1301 ἔλθῃ
1210 1265 1256 1291 καὶ
1269 1265 1342 1300 αύτῷ
1355 1265 1480 1301 σύστημα
1494 1266 1575 1293 λαῶν.
1587 1276 1595 1291 ι
1608 1267 1692 1293 Ἔνθα
1701 1266 1847 1302 λεγομένω
1861 1267 1920 1297 τοῦ,

1136 1319 1145 1335 ε
1157 1310 1213 1336 Οὐκ
1231 1310 1349 1344 ἐκλείψει
1365 1311 1455 1346 ἄρχων
1467 1311 1497 1343 ἐξ
1514 1310 1609 1342 Ἰούδα,
1625 1322 1633 1337 ι
1652 1312 1732 1338 πάλιν
1746 1312 1777 1338 οὐ
1793 1311 1859 1347 περὶ
1872 1311 1921 1337 τοῦ

1140 1357 1233 1388 Ἰούδα,
1248 1357 1328 1383 αὐτοῦ
1347 1357 1377 1393 δὴ
1394 1358 1497 1384 ἐκείνου
1510 1358 1557 1384 τοῦ
1572 1357 1682 1394 πρώτου
1694 1358 1789 1393 ἀνδρὸς
1811 1358 1922 1384 ἀκούειν

1132 1402 1222 1438 δεήτει
1235 1423 1241 1434 ,
1259 1403 1352 1439 ὥσπερ
1369 1404 1429 1430 οὐδὲ
1445 1404 1491 1435 τὺ,
1513 1413 1522 1429 ι
1548 1404 1643 1435 Ἰούδα,
1663 1404 1691 1430 σὲ
1716 1404 1867 1430 αἰνέσουσιν
1896 1404 1921 1430 οἰ

1134 1448 1307 1483 ἁδελφοίσου,
1326 1459 1334 1474 ι
1352 1450 1398 1476 καὶ
1419 1449 1452 1476 τὰ
1469 1449 1543 1485 ἑξῆς,
1556 1450 1598 1476 ἐπ’
1623 1451 1728 1476 ἐκεῖνον
1747 1450 1920 1485 ἀναφέροιτο.

1134 1494 1273 1526 Πλείστοις
1291 1495 1312 1521 δ’
1325 1493 1371 1521 οὖν
1392 1495 1497 1531 χρόνοις
1512 1496 1640 1531 ἄρχοντες
1652 1496 1698 1522 καὶ
1714 1496 1860 1530 ἡγούμενοι
1872 1495 1920 1521 τοῦ

1141 1540 1274 1566 Ἰουδαίων
1291 1540 1383 1571 ἔθνους
1411 1541 1597 1576 κατέστησαν,
1623 1542 1672 1568 οὐκ
1695 1542 1727 1567 ὲκ
1745 1541 1794 1575 τῆς
1815 1541 1922 1568 ἐκείνου

1132 1586 1178 1612 τοῦ
1194 1585 1435 1621 ἁνδρὸςδιαδοχῆς.
1450 1585 1561 1621 Πρῶτος
1575 1586 1622 1622 μὲν
1639 1586 1693 1622 γὰρ
1707 1586 1826 1621 Μωῦσῆς
1839 1587 1921 1618 αὐτὸς

1132 1632 1252 1667 ἡγήσατο
1270 1631 1316 1657 τοῦ
1343 1631 1418 1663 λαοῦ,
1437 1632 1474 1667 μὴ
1495 1633 1527 1658 ὲκ
1549 1632 1596 1658 τοῦ
1623 1632 1725 1664 Ἰούδα,
1751 1632 1805 1658 ἀλλ’
1820 1633 1853 1658 ὲκ
1871 1632 1920 1659 τοῦ

1131 1677 1197 1704 Λευτ
1214 1677 1341 1712 γεγονώς.
1360 1676 1425 1704 Εἶτα
1444 1677 1546 1713 Ἰησοῦς
1563 1679 1595 1704 ὲκ
1612 1677 1697 1713 φυλῆς
1716 1678 1844 1713 Ἐφραὶμ,
1859 1678 1919 1713 μεθ’

1130 1724 1159 1750 ὃν
1184 1721 1266 1759 ἦρξεν
1287 1724 1376 1751 αὐτῶν
1394 1724 1524 1760 Δεϐὃὼρα
1551 1726 1582 1751 ὲκ
1599 1724 1685 1759 φυλῆς
1718 1725 1854 1760 Ἐφραὶμ,
1872 1726 1920 1752 καὶ

1130 1769 1225 1805 Βαρὰκ
1244 1770 1275 1796 ἐκ
1297 1770 1383 1805 φυλῆς
1406 1770 1578 1805 Νεφθαλείμ·
1605 1770 1662 1806 μεθ’
1691 1770 1738 1802 οὒς
1761 1770 1864 1797 Γεδεὼν
1886 1772 1920 1797 ὲκ

1131 1815 1216 1850 φυλῆς
1246 1815 1395 1851 Μανασσῆ’
1424 1816 1517 1842 ἔπειτα
1540 1817 1554 1842 ὀ
1575 1816 1620 1843 τοῦ
1650 1816 1751 1843 Γεδεὼν
1773 1819 1847 1850 παῖς,
1871 1818 1920 1844 καὶ

1133 1862 1191 1895 μετ’
1209 1861 1288 1887 αὑτὸν
1302 1861 1379 1888 Θωλὰ
1392 1863 1424 1888 ὲκ
1444 1861 1528 1897 φυλῆς
1543 1862 1592 1897 τῆς
1612 1863 1710 1898 αὐτῆς·
1724 1862 1820 1889 ἔπειτα
1843 1863 1920 1890 Ἐσε-

1131 1907 1185 1934 ϐὼν
1203 1908 1234 1934 ἐκ
1250 1907 1388 1943 Βηθλεέμ·
1410 1909 1456 1935 καὶ
1480 1908 1548 1943 μετὰ
1565 1908 1658 1935 τοῦτον
1673 1908 1759 1936 Λίλὼν
1776 1910 1809 1936 ὲκ
1832 1909 1919 1945 φυλῆς

1131 1953 1285 1980 Ζαϐουλὼν·
1305 1953 1398 1980 ἔπειτα
1414 1953 1525 1981 Λαϐεὼν
1555 1955 1585 1980 ἐκ
1601 1954 1688 1989 φυλῆς
1709 1955 1846 1990 Ἐφραίμ·
1870 1956 1919 1982 καὶ

1130 1998 1206 2031 αὖθις
1215 1999 1334 2035 Σαμψὼν
1349 2001 1380 2026 ὲκ
1396 2000 1481 2035 φυλῆς
1493 2000 1560 2026 Δάν·
1574 2000 1668 2027 ἔπειτα.
1682 2002 1814 2036 ἀναρχίας
1827 2002 1918 2029 αὐτῶν

1130 2046 1286 2081 γενομένης,
1312 2047 1404 2080 ἡγεῖτο
1429 2045 1519 2072 αὐτῶν
1538 2046 1612 2072 ’Πλεῖ
1631 2048 1644 2073 ὁ
1670 2048 1759 2082 ἱερεὺς
1781 2049 1813 2074 ὲκ
1830 2048 1918 2083 φυλῆς

1129 2093 1195 2119 Λευῖ
1204 2101 1210 2107 “
1228 2091 1300 2119 οὗτοι
1317 2092 1417 2123 πάντες
1429 2092 1520 2128 κριταὶ
1533 2093 1673 2128 κρίναντες
1686 2094 1730 2120 τὸν
1747 2095 1854 2129 Ἰσραὴλ
1867 2095 1918 2122 οὐκ

1129 2139 1161 2165 ἐκ
1181 2139 1303 2173 διαδοχῆς
1321 2138 1413 2170 Ἰούδα,
1434 2139 1466 2165 ἐκ
1489 2139 1622 2175 διαφόρων
1635 2140 1663 2166 δὲ
1682 2140 1784 2174 φυλῶν,
1806 2141 1918 2168 ἄλλοθεν

1129 2184 1206 2216 ἄλλος
1229 2184 1389 2219 γενόμενος·
1411 2185 1457 2210 καὶ
1481 2186 1494 2211 ὃ
1515 2194 1546 2219 γε
1581 2185 1649 2220 μετὰ
1672 2186 1785 2218 τούτους
1808 2187 1918 2222 πρῶτος

297 2231 373 2257 ribus
401 2230 472 2265 ejus,
499 2241 509 2258 ›
527 2236 556 2258 ut
592 2233 728 2268 quispiam
761 2234 877 2260 fortasse
912 2233 1075 2267 putaverit,

1131 2231 1219 2258 αὐτῶν
1247 2231 1406 2265 βασιλεύσας
1437 2232 1522 2258 Σαοὺλ
1551 2232 1583 2258 ὲκ
1612 2232 1697 2267 φυλῆς
1717 2230 1750 2268 ῆν
1778 2234 1915 2269 Βενιαμίν.

293 2275 372 2310 37],
389 2276 421 2303 ad
438 2278 572 2312 principes
586 2280 619 2305 de
636 2279 708 2306 tribu
735 2278 805 2306 Juda
825 2287 856 2305 ac
876 2279 959 2306 duces
977 2279 1076 2307 refere-

293 2323 347 2353 tur,
360 2321 470 2355 quando
484 2322 609 2349 videnlur
619 2331 652 2350 ex
678 2332 732 2358 quo
749 2328 871 2359 tempore
887 2328 1010 2352 mortuus
1036 2330 1078 2352 est

292 2366 377 2394 Jacob
399 2368 462 2395 totis
476 2369 671 2403 propemodum
701 2370 774 2397 mille
788 2370 878 2402 annis,
904 2378 958 2398 non
978 2379 1010 2398 ex
1024 2379 1077 2398 una

293 2413 365 2440 tribu
387 2413 472 2448 ipsius
492 2413 562 2441 Juda
578 2415 690 2449 profecti
705 2435 712 2448 ,
727 2416 774 2443 sed
787 2424 820 2443 ex
837 2417 888 2443 alia
907 2417 976 2444 alius
992 2425 1078 2451 usque

293 2457 327 2484 ad
338 2461 460 2493 tempora
478 2458 560 2486 David
572 2460 584 2486 7
595 2462 667 2495 quod
683 2462 705 2488 si
727 2466 787 2496 post
799 2466 853 2488 tam
871 2462 972 2490 multos
984 2467 1010 2490 et
1025 2462 1077 2489 Da—

293 2502 349 2534 vid,
365 2507 392 2530 et
408 2504 454 2538 qui
472 2504 522 2539 ipsi
537 2504 619 2532 David
633 2506 660 2533 in
671 2514 756 2542 regno
772 2507 843 2542 apud
858 2507 999 2534 Judaicam
1012 2516 1078 2543 gen-

293 2552 345 2574 tem
359 2555 560 2583 successerunt,
568 2551 680 2578 detribu
695 2551 763 2579 .Iuda
776 2553 832 2580 nati
847 2558 920 2586 sunt,
936 2554 1076 2581 sciendum

293 2597 383 2620 tamen
397 2594 446 2621 tibi
457 2599 508 2627 est.
527 2597 600 2631 quod
619 2598 646 2623 hi
668 2598 719 2633 ipsi
733 2607 767 2625 ne
782 2603 853 2626 totos
868 2600 978 2634 quidem
994 2600 1076 2634 quin-

292 2643 388 2671 gentos
403 2647 489 2668 annos
505 2642 588 2669 totius
603 2644 691 2677 gentis
708 2652 820 2679 regnum
848 2645 971 2671 obtinere
983 2648 1077 2680 potue-

293 2688 367 2714 runt,
383 2685 430 2711 sed
445 2686 528 2713 trium
566 2687 698 2716 duntaxat
723 2690 860 2723 tribuum,
875 2698 907 2717 ac
932 2698 965 2717 ne
981 2690 1076 2717 harum

293 2730 402 2764 quidem
419 2732 566 2759 solidarum
577 2753 585 2765 ,
600 2735 700 2769 quippe
714 2743 776 2762 cum
793 2736 888 2764 iisdem
908 2737 1076 2771 temporibus

294 2775 339 2800 alii
361 2776 468 2809 quidam
486 2778 512 2804 in
529 2785 603 2812 parte.
630 2781 731 2816 gentis_
747 2781 889 2816 ampliore,
910 2787 936 2809 et
958 2783 986 2809 in
1012 2783 1076 2809 lotis

295 2828 390 2847 novem
420 2823 544 2850 tribubus
570 2826 761 2858 regnaverint:
785 2835 847 2854 nam
871 2832 931 2862 post
961 2833 1074 2854 mortem

297 2866 458 2899 Salomonis,
472 2876 532 2894 cum
549 2874 603 2896 tota
619 2879 686 2904 gens
698 2872 729 2898 ab
745 2871 812 2899 Iuda
830 2874 917 2901 divisa
934 2873 1023 2905 fuerit,
1036 2874 1073 2908 ip-

1127 2277 1188 2309 Ιιῶς
1203 2275 1249 2303 οὖν
1270 2278 1310 2308 τὸ,
1328 2286 1338 2302 ί
1355 2278 1411 2304 Οὐκ
1434 2277 1553 2312 ἐκλείψει
1574 2278 1665 2313 ἄρχων
1685 2278 1715 2310 ἐξ
1741 2279 1834 2311 Ἰούδα,
1855 2279 1917 2306 οὐδὲ

1126 2323 1275 2359 ἡγούμενος
1288 2323 1319 2349 ὲκ
1332 2323 1385 2349 τῶν
1402 2323 1496 2358 μηρῶν
1509 2323 1590 2349 αὑτοῦ
1606 2323 1653 2359 (ὡς
1667 2324 1699 2351 ἄν
1714 2325 1915 2360 τιςῖοἰηθείη),»

1127 2370 1173 2396 ἐπὶ
1188 2370 1250 2400 τοὺς
1270 2369 1302 2395 ὲκ
1317 2369 1402 2404 φυλῆς
1425 2368 1508 2397 Ἰούδα
1527 2369 1658 2404 ἄρχοντας
1674 2370 1721 2396 καὶ
1743 2370 1914 2406 ἡγουμένους

1127 2414 1344 2449 ἀνενεχθήσεται,
1365 2415 1408 2441 ὅτε
1427 2414 1566 2448 φαίνονται
1589 2415 1642 2441 ἀπὸ
1667 2415 1722 2442 τῶν
1738 2416 1841 2451 χρόνων
1865 2417 1916 2451 τῆς

1126 2461 1172 2487 τοῦ
1194 2461 1291 2487 Ἰακὼὸ
1308 2461 1436 2496 τελευτῆς
1449 2461 1519 2493 ὅλοις
1534 2460 1622 2487 ἐτεσιν
1641 2462 1725 2496 ἐγγύς
1745 2471 1796 2488 που
1819 2462 1917 2497 χιλίοις

1127 2507 1176 2533 οὐκ
1199 2508 1230 2533 ἐκ
1254 2506 1336 2542 μόνης
1359 2507 1407 2542 τῆς
1430 2507 1515 2533 Ἰούδα
1537 2507 1623 2541 φυλῆς
1649 2507 1839 2543 προαχθέντες,
1857 2508 1917 2534 ἀλλ’

1127 2553 1219 2579 ἄλλοτε
1237 2553 1266 2584 ἐξ
1283 2552 1375 2587 ἄλλης,
1399 2553 1479 2587 μέχρι
1503 2553 1556 2579 τῶν
1580 2553 1663 2580 Δαεὶδ
1690 2554 1808 2588 χρόνων;
1832 2554 1865 2580 Εἰ
1887 2555 1918 2581 δὲ

1129 2598 1196 2633 μετὰ
1208 2599 1267 2629 τοὺς
1283 2598 1424 2629 τοσούτους
1439 2599 1452 2624 ὁ
1465 2598 1545 2624 Aetii-.5
1557 2599 1582 2625 οἵ
1593 2608 1623 2625 τε
1638 2600 1670 2627 ἔκ
1684 2599 1734 2634 τῆς
1752 2600 1847 2626 τούτου
1860 2599 1918 2626 δια.-

1126 2644 1204 2678 δοχῆς
1221 2643 1427 2678 βασιλεύσαντες
1442 2643 1488 2670 τοῦ
1510 2644 1642 2671 Ἰουδαίων
1663 2644 1756 2676 ἔθνους
1774 2645 1807 2670 ὲκ
1827 2644 1918 2679 φυλῆς

1127 2691 1269 2724 γεγόνασιν
1289 2689 1383 2720 Ἰούδα,
1397 2689 1465 2716 ἀλλὰ
1484 2691 1535 2725 χρή
1553 2698 1583 2716 σε
1598 2689 1697 2716 εἰδέναι
1709 2690 1749 2716 ὃτι
1765 2690 1826 2717 οὐδὲ
1845 2690 1918 2722 ὅλοις

1128 2735 1315 2766 πεντακοσίοις
1327 2735 1398 2761 ἔτεσι
1410 2736 1555 2770 διήρκεσαν
1569 2731 1652 2767 οὗτοι,
1664 2735 1694 2761 οὐ
1709 2735 1808 2766 παντὸς
1821 2734 1917 2767 ἔθνους

1128 2780 1343 2815 βασιλεύσαντες,
1364 2779 1432 2806 ἀλλὰ
1456 2779 1542 2814 μόνων
1560 2779 1650 2814 φυλῶν
1671 2780 1763 2814 τριῶν,
1787 2779 1834 2806 καὶ
1854 2779 1918 2806 οὐδὲ

1127 2826 1193 2853 ὅλων
1206 2826 1321 2852 τούτων’
1343 2825 1403 2852 καθ’
1426 2825 1473 2857 οὓς
1495 2825 1583 2861 ἕτεροί
1609 2834 1679 2856 τινες
1701 2825 1846 2860 ἐτύγχανον
1867 2824 1917 2851 τοῦ

1128 2873 1247 2903 ’πλείονος
1263 2872 1364 2904 ἔθνους,
1381 2872 1426 2898 καὶ
1438 2872 1504 2898 ὅλων
1520 2880 1550 2906 γε
1568 2872 1646 2898 ἐννέα
1661 2871 1749 2906 φυλῶν
1770 2872 1818 2906 τὴν
1836 2871 1917 2906 βασι·
