2089 3218
198 147 247 175 581

624 143 950 174 DEMOXSTRATIONIS
969 142 1197 172 EVANGELICE
1214 144 1281 173 LIB.
1300 144 1366 173 Vlll.

1771 148 1825 176 582

197 205 273 233 λείαν
286 205 423 238 διέποντες
432 214 440 221 ·
456 204 526 241 μετὰ
537 204 591 240 γὰρ
602 204 649 240 τὴν
663 204 709 231 τοῦ
726 203 881 239 Σολομῶνος
891 203 976 230 τελευ-

1036 203 1094 231 sius
1105 203 1189 230 David
1205 203 1483 236 successorestrium,
1502 208 1530 231 ut
1544 204 1678 238 dicebam,
1688 204 1823 239 tribuum,

197 253 247 287 τὴν
270 251 452 286 διαιρεθέντος
475 250 522 278 τοῦ
546 250 647 282 παντὸς
667 250 759 282 ἔθνους
770 251 799 284 ἐξ
820 250 914 283 Ἰούδα,
937 250 985 277 τοῦ

197 298 280 326 Δαόὶῗ
295 298 411 332 διάδοχοι
431 297 524 333 τριῶν,
542 298 580 329 ὡς
595 297 674 333 ἔφην,
690 298 744 324 οὐδ’
755 298 822 325 ὅλων
837 298 926 332 φυλῶν
940 298 987 325 ἰπὶ

198 344 248 378 τῆς
267 343 445 379 Ἰερουσαλὴμ
457 343 611 369 ἐϐασίλευον
627 343 706 378 μέχρι
719 343 768 378 τῆς
784 345 823 374 είς
840 343 985 370 Βαϐυλῶνα

198 390 396 425 αίχμαλωσίας.
412 390 478 416 Κατ’
491 390 588 421 αὐτοὺς
602 389 629 415 δὲ
642 390 687 415 ἐπὶ
698 389 801 420 τούτοις
815 390 860 415 ἐπὶ
872 390 922 424 τῆς
932 390 985 415 Σα-

199 435 315 471 μαρείας
331 433 403 460 οὕτω
416 434 584 469 καλουμένης
600 434 712 466 πόλεως,
727 434 780 460 τῶν
799 435 877 461 ἐννέα
896 434 984 468 φυλῶν

198 480 343 516 ἡγούμενοι
359 481 409 507 οὐκ
423 480 451 514 ἐξ
473 481 567 511 Ἰούδα,
583 480 638 507 ἀλλ’
657 480 685 512 ἐξ
707 480 806 516 ἑτέρων
819 480 908 514 φυλῶν
927 481 985 507 ἕτε-

199 534 239 560 ροι
259 525 421 557 διετέλεσαν,
444 522 481 551 ὧν
503 525 610 561 πρῶτος
632 523 666 561 ἦν
683 526 822 560 Ίεροϐοὰμ
842 527 873 552 ὲκ
898 526 984 560 φυλῆς

203 570 331 606 Ἐφραὶμ,
355 572 400 597 καὶ
416 571 441 597 οἱ
462 571 578 606 καθεξῆς
600 572 668 606 μετὰ
686 571 796 598 τοῦτονε
822 572 859 603 ὠς
876 571 934 607 μηδ’
955 573 983 598 ἐν

195 618 251 647 τοϊς
268 617 367 652 μεταξὺ
385 617 489 652 χρόνοις
511 619 566 649 τοῖς
581 617 634 644 ἀπὸ
653 618 734 644 Δαεὶὶδ
747 619 794 644 ἐπὶ
812 618 860 653 τὴν
875 619 914 649 εἰς
931 618 983 644 Βα-

196 662 301 690 ϐυλῶνα
315 664 504 698 αἰχμαλωσίαν
522 664 585 695 τοὺς
598 664 629 690 ὲκ
643 663 728 699 φυλῆς
747 663 832 691 Ἰούδα
846 663 893 690 τοῦ
916 673 982 691 παν-

194 710 239 742 τὸς
255 710 347 741 ἔθνους
366 710 530 745 ἡγήσασθαι.
554 710 586 736 Τί
603 710 643 736 δεῖ
663 710 761 744 λέγειν,
782 711 820 739 ὡς
844 711 911 746 μετὰ
933 710 981 746 τὴν

195 756 250 783 ἀπὸ
266 756 425 786 Βαϐυλῶνος
442 755 569 781 ἐπάνοδον
586 754 663 787 αὖθις
679 756 748 792 ὑπὲρ
767 756 800 782 τὰ
819 757 981 784 πεντακόσια

195 801 241 837 ἐτη
261 801 341 837 μέχρι
356 802 405 837 τῆς
423 801 471 827 τοῦ
489 801 606 836 Χριστοῦ
621 801 753 836 γενέσεως
768 802 919 829 διετέλεσαν
933 811 981 829 πο-

196 848 284 884 λιτεία
299 847 433 883 χρώμενοι
447 848 670 884 ἀριστοκρατικῇ,
687 848 741 874 τῶν
764 849 812 883 μὲν
829 849 897 875 κατὰ
914 850 978 885 χρό-

194 901 256 924 νους
271 893 420 928 ἀρχιερέων
439 893 598 928 ἡγουμένων
610 893 657 919 τοῦ
672 893 773 926 ἔθνους,
790 893 896 926 οὐδενὸς
908 895 937 921 δὲ
948 895 979 921 ὲκ

193 939 242 974 τῆς
265 939 311 965 τοῦ
339 939 423 966 Ἰούδα
448 939 554 975 φυλῆς;
575 939 646 966 ὥστε
671 940 700 973 ἐξ
723 940 850 968 ἁπάντων
879 941 979 968 τούτων

193 985 384 1020 παρίστασθαι,
411 986 447 1021 μὴ
465 986 510 1012 ἐπὶ
527 986 571 1012 τὸν
586 986 694 1022 πρῶτον
713 988 816 1013 ἐκεῖνον
834 987 918 1024 ἄνδρα
934 989 979 1015 τὸν

199 1031 307 1062 Ἰούδαν,
323 1032 389 1067 μηδὲ
406 1032 451 1058 ἐπὶ
466 1032 529 1063 τοὺς
551 1033 687 1067 διαδόχους
704 1033 783 1060 αὑτοῦ
797 1034 979 1069 ἀναφέρεσθαι

191 1076 222 1103 τὸ
239 1076 341 1111 φάσκον
356 1077 461 1111 λόγιοψ
482 1087 491 1103 ‹
514 1078 570 1105 Οὐκ
587 1078 705 1113 ἐκλείψει
720 1080 810 1114 ἄρχων
833 1079 862 1111 ἐξ
885 1080 977 1112 Ἰούδα,

192 1122 251 1149 οὐδὲ
264 1122 414 1158 ἡγούμενος
428 1124 459 1150 ὲκ
474 1124 526 1150 τῶν
543 1124 636 1160 μηρῶν
657 1125 754 1151 αὑτοῦ·
771 1135 780 1150 ι
807 1126 894 1160 μόνως
909 1126 930 1152 δ’
946 1126 978 1153 ἂν

193 1170 306 1205 συσταίη
321 1170 355 1196 τὰ.
371 1171 440 1197 κατὰ
456 1171 502 1197 τδν
516 1171 606 1201 τόπον,
623 1171 646 1197 εἰ
659 1171 728 1198 κατὰ
741 1172 774 1198 τὰ
786 1172 902 1207 πρόσθεν
913 1174 978 1208 ἡμῖν

192 1215 385 1251 ἀποδεδομένα,
399 1216 462 1252 περὶ
475 1217 524 1251 τῆς
537 1216 622 1251 φυλῆς
636 1217 743 1252 ἁπάσης
754 1217 879 1251 λέγεσθαι
893 1218 978 1245 ταῦτα

191 1262 346 1297 νοήσαιμεν.
363 1261 437 1297 Αὕτη
453 1262 516 1296 γοῦν
533 1262 662 1297 ἀρχῆθεν,
685 1262 714 1295 ἐξ
730 1263 819 1290 αὐτῶν
834 1263 889 1290 τῶν
908 1265 978 1291 κατὰ

191 1308 310 1334 Μωῡσέα
323 1308 437 1343 χρόνων,
450 1309 497 1334 τοῦ
512 1308 611 1340 παντὸς
632 1309 724 1340 ἔθνους
744 1310 866 1344 ἡγήσατο
877 1318 884 1325 ·
908 1311 978 1337 κατὰ

190 1354 256 1387 γοῦν
269 1354 319 1389 τὴν
330 1354 432 1389 ταύτης
449 1354 635 1390 ἐπικράτειαν,
653 1355 690 1386 ὡς
710 1355 743 1381 ἂν
764 1355 882 1390 ἀρχῆθεν
902 1356 977 1390 ἡγεῖ-

192 1399 253 1427 σθαι
262 1400 521 1436 προκεχειρισμένης
535 1400 587 1426 ὑπὸ
598 1400 644 1426 τοῦ
657 1401 733 1432 Θεοῦ,
752 1401 866 1428 Ἰουδαία
880 1410 909 1428 τε
923 1403 978 1428 είσ-

191 1447 231 1473 ἐτι
263 1446 310 1473 νῦν
324 1446 378 1472 ἀπὸ
394 1447 443 1482 τῆς
457 1446 543 1481 φυλῆς
553 1446 570 1481 ἢ
586 1454 617 1480 γε
638 1445 713 1481 χώρα
733 1447 918 1482 ἐπικέκληται,
930 1448 977 1474 καὶ

191 1491 221 1517 τὺ
238 1492 292 1517 πᾶν
314 1490 401 1517 αὐτῶν
426 1490 553 1525 σύστημα
579 1490 712 1517 Ἰουδαίων
734 1490 975 1526 προσαγορεύεται.

191 1536 268 1563 Οὕτω
282 1536 370 1563 τοίνυν
387 1537 533 1571 νοήσαιμεν
547 1536 577 1562 τὸ
589 1536 744 1570 λεγόμενον,
761 1537 798 1567 ὼς
810 1538 834 1562 εἰ
848 1536 977 1570 σαφέστε-

191 1591 237 1619 ρον
259 1583 364 1616 ἔλεγεν·
384 1583 440 1609 Οὐκ
457 1582 575 1617 ἐκλείψει
596 1583 642 1609 τοῦ
661 1582 759 1613 παντὸς
782 1582 873 1614 ἔθνους
894 1584 976 1618 ἡγουη

192 1629 259 1664 μένη
272 1630 288 1664 ἡ
299 1628 345 1654 τοῦ
355 1629 438 1655 Ἰούδα
450 1628 530 1664 φυλή.
540 1630 569 1655 '0
579 1628 643 1663 γοῦν
655 1628 811 1664 Σύμμαχος,
825 1638 834 1653 ι
854 1629 884 1654 οὑ
899 1637 976 1664 περι-

189 1674 371 1711 αιρεθήσεται,
398 1675 490 1710 φησιν,
506 1674 611 1706 ἐξουσία
628 1675 681 1701 ἀπὸ
709 1674 802 1706 Ἰούδα,
818 1684 826 1700 ι
852 1674 881 1701 τὸ
900 1674 975 1708 ἐξου-

189 1720 327 1748 σιαστικὺν
339 1721 425 1756 δήπου
443 1721 489 1748 καὶ
501 1720 614 1757 ἀρχικὸν
628 1720 734 1755 ἀξίωμα
748 1721 797 1755 τῆς
812 1720 879 1755 μετὰ
890 1720 975 1747 ταῦτα

189 1768 344 1803 ὑποστάσης
358 1767 404 1794 τοῦ
424 1767 506 1794 Ἰούδα
527 1767 613 1802 φυλῆς
628 1767 772 1802 παριστὰς.
788 1766 895 1802 Ταύτης
911 1767 975 1801 γοῦν

188 1812 248 1839 οὔτε
268 1813 298 1839 τὸ
313 1813 459 1848 σκῆπτρον,
475 1812 513 1844 ὡς
526 1813 541 1838 ὁ
561 1812 675 1844 Ἀκύλας
688 1813 753 1847 φησὶ
777 1812 936 1847 (βασιλικῆς
948 1812 975 1838 δὲ

189 1859 269 1886 τοῦτο
286 1858 418 1894 σύμϐολον
439 1857 472 1894 ἦν
486 1858 593 1894 ἀρχῆς),
609 1858 670 1885 οὔτε
689 1858 737 1893 τὴν
755 1858 887 1891 ἐξουσίαν,
906 1859 975 1885 κατὰ

186 1905 233 1932 τὸν
252 1904 409 1940 Σύμμαχον,
427 1904 682 1940 περιαιρεθήσεσθαι
695 1903 826 1936 θεσπίζει,
845 1914 854 1930 ‹
876 1904 927 1936 ἕως
942 1904 974 1931 ἂν

187 1950 262 1986 ἔλθῃ,
283 1950 376 1986 φησὶν,
395 1947 418 1983 ᾧ
434 1950 586 1982 ἀπόκειται,
603 1959 612 1975 ι
631 1950 678 1976 καὶ
700 1950 782 1975 αὐτὸν
797 1949 905 1976 ἔσεσθαι
920 1950 973 1976 τῶν

186 1996 271 2023 ἐθνῶν
287 1996 460 2031 προσδοκίαν.
485 1995 567 2022 Ποίαν
585 1995 685 2030 ταύτην
709 1995 870 2030 προσδοκίαν
888 1995 904 2030 ἢ
925 1994 973 2029 τὴν

186 2042 269 2069 πάλαι
293 2041 333 2077 τῷ
352 2041 477 2077 Ἀὃραὰμ
493 2042 540 2069 καὶ
561 2043 617 2073 τοῖς
635 2042 693 2076 μετ’
711 2041 790 2068 αὑτὸν
806 2042 973 2078 προπάτορσι

186 2087 457 2123 κεχρηματισμένηνς
471 2086 581 2122 Πρῶτον
597 2086 646 2121 μὲν
660 2084 706 2112 οὗν
723 2086 871 2122 θαυμάζειν
888 2086 971 2119 ἄξιον,

185 2133 269 2165 ὅπως,
285 2133 388 2160 δώδεκα
401 2133 489 2160 οὐσῶν
506 2132 560 2159 τῶν
580 2134 644 2168 παρ’
666 2133 800 2169 Ἑϐραίοις
822 2133 922 2168 φυλῶν,
942 2133 972 2166 ἐξ

185 2179 312 2214 οὐδεμιᾶς
327 2178 409 2213 ἄλλης
423 2178 440 2214 ἢ
455 2178 507 2204 ἀπὸ
524 2178 606 2213 μόνης
621 2178 669 2213 τῆς
686 2178 770 2204 Ἰούδα
785 2179 801 2213 ἡ
817 2177 864 2204 τοῦ
881 2178 972 2209 ἔθνους

1037 257 1070 277 ac
1084 257 1117 277 uc
1132 250 1227 277 barum
1243 250 1354 284 quidem
1378 250 1526 277 solidarum
1542 251 1567 277 in
1579 250 1730 279 Jerusalem
1745 259 1824 288 reges

1037 292 1146 321 fuerunt
1160 302 1247 328 usque
1261 294 1294 321 ad
1305 294 1497 329 Babylonicam
1508 295 1625 323 cladem.
1643 295 1743 325 Iisdem
1757 305 1824 325 vero

1037 340 1204 374 temporibus
1228 340 1254 366 in
1272 339 1381 366 civitate
1404 347 1465 374 qua:
1492 345 1606 367 vocatur
1620 340 1755 374 Samaria,
1771 352 1823 370 no-

1035 392 1094 411 vem
1108 385 1227 412 tribuum
1245 385 1329 412 duces
1342 393 1394 411 non
1416 385 1449 411 de
1460 386 1532 412 tribu
1549 385 1629 418 Juda,
1647 388 1694 414 sed
1710 395 1742 414 ex
1760 389 1822 416 aliis

1035 430 1080 456 alii
1097 431 1262 458 exstiterunt
1281 440 1287 457 :
1304 438 1418 465 quormu
1432 431 1535 466 primus
1559 431 1701 460 Jeroboam
1715 434 1774 464 fuit.
1788 434 1822 461 de

1035 477 1107 503 tribu
1125 476 1254 512 Ephrem,
1270 485 1302 503 ac
1317 477 1445 511 deinceps
1459 478 1504 511 qui
1524 478 1595 505 hunc
1628 479 1714 511 secuti
1744 485 1819 512 sunt.

1034 526 1064 548 ut
1077 530 1111 549 ne
1123 522 1219 550 mediis
1243 522 1353 557 quidem
1371 523 1539 557 temporibus
1551 531 1565 550 a
1583 523 1666 551 David
1685 533 1770 560 usque
1785 526 1819 552 ad

1034 572 1141 602 tempus
1158 576 1211 603 quo
1227 568 1254 594 in
1275 567 1439 602 Babylonem
1455 569 1555 602 captivi
1582 569 1656 596 ducti
1679 576 1754 602 sunt,
1771 571 1818 597 ulli

1033 613 1067 640 de
1082 614 1152 640 tribu
1167 614 1236 641 .luda
1248 614 1384 641 universa:
1395 613 1466 647 genti
1485 614 1651 647 praefuerunt.
1670 615 1756 642 Porro
1767 623 1818 642 au-

1032 663 1086 686 tem
1099 660 1164 694 quid
1181 661 1325 688 dicendum
1345 665 1398 694 est,
1417 663 1643 697 quemadmodum
1672 665 1732 696 post
1748 661 1819 689 redi-

1032 708 1089 732 tum
1104 705 1137 732 de
1161 705 1296 740 Babylone
1319 714 1414 734 rursus
1433 707 1589 742 quingentis
1605 707 1685 735 annis
1700 707 1818 742 amplius

1032 759 1118 785 usque
1133 751 1165 778 ad
1178 751 1280 779 Christi
1305 756 1394 779 ortum
1412 753 1528 780 vixerint
1548 761 1580 780 co
1599 757 1671 780 statu
1697 753 1816 780 civitatis

1032 800 1149 829 utentes,
1166 797 1262 831 inquo
1285 798 1336 824 soli
1361 799 1506 833 optimates
1531 807 1587 825 rem
1607 799 1818 825 administrave-

1031 843 1099 874 rint.
1129 844 1301 877 pontificibus
1317 845 1409 879 utique
1435 845 1483 871 toti
1507 845 1580 879 genti
1606 845 1814 879 imperantibus,

996 885 1016 912 Β
1030 896 1146 923 quorum
1161 889 1252 916 nullus
1268 890 1347 924 plane
1365 891 1398 918 de
1422 891 1492 918 tribu
1523 890 1594 918 Jnda
1607 891 1770 918 oriebatur?
1786 895 1815 917 ut

1027 935 1083 968 jam
1099 942 1132 962 ex
1145 934 1188 962 his
1199 935 1327 963 omnibus
1342 936 1459 971 perspici
1474 937 1570 971 possit,
1585 944 1638 962 non
1652 936 1684 962 ad
1697 936 1815 970 primum

1030 979 1105 1007 illum
1121 979 1231 1012 Judam,
1258 988 1346 1015 neque
1363 981 1397 1008 ad
1411 981 1484 1009 illius
1504 990 1678 1009 successores
1694 981 1816 1009 referen-

1029 1027 1092 1053 dum
1103 1035 1163 1054 esse
1173 1028 1313 1054 oraculum
1327 1027 1402 1061 illud,
1412 1028 1521 1056 dicens:
1535 1038 1543 1053 ε
1556 1035 1610 1054 non
1623 1027 1729 1055 deﬁciet
1738 1027 1815 1062 prin-

1029 1081 1093 1108 ceps
1107 1073 1139 1100 de
1151 1072 1230 1105 Jnda,
1247 1082 1334 1109 neque
1351 1074 1406 1100 dux
1421 1074 1455 1101 de
1479 1074 1628 1102 femoribus
1644 1076 1703 1108 ejus
1714 1093 1721 1105 ,
1737 1083 1747 1099 ι
1767 1073 1815 1101 sed

1029 1126 1059 1145 ea
1074 1126 1134 1153 quae
1145 1118 1177 1144 ad
1189 1119 1356 1146 bunclocum
1369 1119 1516 1153 pertinent,
1525 1126 1579 1146 uno
1592 1119 1814 1146 duntaxatmodo

1029 1169 1155 1192 constare
1168 1173 1258 1199 posse,
1280 1165 1302 1192 si
1319 1165 1468 1192 secundum
1489 1173 1520 1192 ea
1537 1173 1598 1200 qua:
1612 1165 1688 1200 prius
1705 1172 1719 1191 a
1734 1165 1814 1192 nobis

1028 1212 1061 1239 de
1076 1214 1132 1238 tota
1152 1212 1224 1238 tri-bu
1241 1213 1362 1246 exposita
1379 1215 1464 1244 sunt,
1494 1211 1551 1238 haec
1567 1212 1624 1246 ipsa
1641 1211 1814 1247 intelligenda

1028 1265 1089 1285 esse
1103 1258 1262 1285 dixerimus.
1288 1257 1350 1285 Haec
1375 1258 1447 1285 enim
1476 1257 1565 1284 tribus
1589 1257 1624 1284 ab
1647 1257 1725 1284 initio
1739 1261 1766 1284 et
1780 1257 1814 1284 ab

1028 1303 1115 1338 ipsius
1129 1311 1215 1338 usque
1230 1303 1312 1330 Mosis
1326 1303 1495 1338 temporibus
1514 1303 1648 1330 universaa
1658 1303 1747 1337 gentis
1758 1303 1815 1329 dux

1028 1348 1079 1375 fuit
1097 1358 1102 1376 ι
1120 1349 1212 1383 itaque
1231 1349 1381 1376 sccundmn
1401 1348 1482 1382 lmjus
1502 1348 1696 1383 principatum,
1722 1352 1815 1383 utpote

1027 1403 1108 1430 quam
1127 1394 1196 1422 Deus
1212 1395 1318 1422 egeteris
1331 1395 1365 1420 ab
1379 1394 1456 1421 initio
1468 1393 1630 1428 praafecerit,
1647 1397 1673 1421 et
1689 1394 1747 1427 ipsa
1770 1401 1814 1420 re-

1027 1441 1072 1476 gio
1082 1441 1244 1468 etiamnunc
1259 1440 1294 1468 ab
1308 1448 1339 1467 ea
1357 1440 1416 1475 ipsa
1432 1440 1517 1472 tribu,
1533 1438 1633 1466 Judteae
1645 1438 1812 1466 vocabulum

1027 1486 1143 1518 obtinet,
1157 1490 1184 1512 ct
1198 1486 1287 1513 omnis
1302 1486 1409 1512 illarum
1429 1489 1579 1512 conventus
1593 1484 1750 1511 Judzeorum
1764 1492 1813 1519 ap~

1027 1532 1152 1566 pellatur.
1168 1531 1213 1558 Sic
1229 1531 1310 1566 igitur
1336 1531 1519 1566 intelligamus
1538 1530 1610 1565 quod
1633 1530 1735 1557 dictqu
1759 1535 1811 1561 est,

1028 1581 1156 1611 tanquam
1185 1577 1207 1604 si
1234 1576 1406 1604 manifestius
1425 1576 1547 1607 dixisset.
1565 1584 1619 1603 non
1639 1576 1745 1603 desinet
1761 1576 1812 1602 toti

1027 1622 1098 1657 genti
1110 1629 1225 1656 praeesse
1234 1621 1323 1648 tribus
1331 1621 1410 1653 Juda,
1422 1621 1503 1656 3'12
1511 1629 1542 1648 ex
1555 1629 1608 1656 quo
1620 1620 1811 1656 Symmachus,

1029 1677 1038 1693 ι
1056 1667 1115 1694 Non
1143 1667 1291 1698 auferetur,
1316 1667 1413 1701 inquit,
1442 1671 1563 1701 potestas
1585 1666 1618 1693 de
1634 1665 1714 1697 Juda,
1732 1675 1743 1692 ›
1770 1665 1812 1692 sic

1026 1714 1120 1748 utique
1131 1713 1202 1747 juris
1216 1712 1356 1747 cujusdam
1368 1713 1517 1747 amplioris,
1533 1717 1559 1739 et
1576 1712 1745 1747 principatus
1761 1719 1811 1738 at;-

1026 1760 1179 1786 ctoritatem
1200 1759 1260 1794 ejus
1281 1767 1340 1794 quae
1356 1762 1450 1793 postea
1465 1760 1557 1785 futura
1571 1762 1642 1785 esset
1660 1757 1747 1785 tribus
1761 1757 1810 1783 1n-

1025 1805 1069 1836 da.
1091 1805 1169 1832 nobis
1196 1804 1397 1839 intelligendam
1426 1811 1590 1840 proponens.
1621 1803 1708 1837 Hujus
1736 1803 1809 1830 enim

1025 1860 1113 1886 neque
1124 1856 1271 1886 sceptrum,
1289 1850 1424 1886 utAquila
1440 1850 1527 1885 inquit
1541 1850 1618 1886 (regii
1632 1857 1713 1884 porro
1734 1849 1794 1884 prin
1804 1863 1810 1868 -

1025 1899 1131 1933 cipatus
1147 1899 1254 1933 signum
1271 1898 1322 1925 hoc
1338 1898 1416 1933 erat)
1430 1918 1438 1931 ,
1466 1904 1554 1931 neque
1579 1900 1739 1931 potestatem
1755 1915 1762 1927 ,
1780 1899 1810 1921 ut

1026 1945 1215 1981 Symmachus,
1237 1945 1372 1972 sublatum
1391 1945 1423 1972 iri
1439 1944 1613 1976 vaticinatur,
1635 1952 1643 1967 ί
1661 1942 1748 1969 donec
1763 1949 1811 1968 ve-

1024 1992 1093 2023 niat,
1108 1992 1207 2026 inquit,
1219 1992 1262 2018 cui
1278 1991 1426 2026 repositum
1442 1993 1496 2019 est.
1513 1998 1522 2014 ι
1548 1993 1628 2022 atque
1646 1988 1734 2022 ipsum
1752 1986 1810 2013 fore

1024 2037 1253 2072 exspectationem
1265 2037 1394 2071 gentium.
1411 2035 1463 2062 Sed
1478 2042 1559 2070 quam
1576 2033 1685 2060 tandem
1697 2039 1811 2067 exspec-r

1025 2083 1165 2115 tationem,
1180 2082 1233 2109 uisi
1257 2081 1290 2109 de
1306 2089 1359 2116 qua
1373 2081 1438 2108 olim
1460 2085 1486 2107 et
1506 2078 1558 2114 ipsi
1574 2078 1722 2110 Abraham,
1735 2082 1760 2104 et
1774 2077 1810 2104 iis

1023 2127 1071 2162 qui
1086 2127 1221 2154 Abraham
1239 2127 1324 2154 secuti
1342 2130 1405 2154 sunt
1428 2125 1561 2160 patribus,
1579 2124 1687 2150 oracula
1703 2123 1809 2150 reddita

1024 2173 1100 2201 sunt?
1112 2172 1233 2199 Primum
1248 2173 1330 2207 igitur
1343 2172 1568 2206 admirariopera:
1580 2170 1697 2205 pretium
1715 2169 1808 2201 fuerit,

185 2223 268 2250 εἰσέτι
280 2223 328 2250 νῦν
341 2222 534 2258 ἀναγορεύεται
550 2222 733 2258 προσηγορία·
750 2223 780 2249 οὺ
798 2224 830 2249 δι’
847 2223 938 2258 ἕτερον
953 2224 969 2258 ἦ

1027 2218 1088 2254 quid
1104 2219 1151 2251 ita,
1166 2226 1228 2245 cum
1243 2218 1384 2246 duodecim
1398 2217 1571 2245 Hebraeorum
1581 2216 1670 2243 tribus
1681 2220 1808 2247 essent,a

184 2268 229 2296 διὰ
243 2269 274 2295 τὸ
289 2268 339 2303 τῆς
355 2268 521 2303 προφητείας
536 2267 635 2302 λόγιον,
650 2269 682 2303 τῇ
697 2267 744 2294 τοῦ
764 2267 847 2294 Ἰούδα
859 2267 927 2303 φυλῇ
943 2268 972 2294 τὸ

184 2314 297 2351 ἀρχικὸν
324 2313 460 2350 περιάψαν
482 2314 599 2349 ἀξίωμα.
623 2313 702 2340 Ἀλλὰ
726 2313 773 2340 καὶ
794 2314 844 2349 τὴν
860 2314 971 2348 πάτριον

185 2360 274 2387 αὐτῶν
290 2359 382 2395 χώραν
404 2359 532 2386 Ἰουδαίαν
555 2359 598 2385 διὰ
614 2359 662 2394 τὴν
675 2358 758 2394 αὐτὴν
778 2358 972 2386 ἀποκαλεῖσθαι

185 2406 328 2442 συμϐαίνει
343 2406 442 2433 αἰτίαν.
469 2406 545 2432 Ἐπεὶ
563 2405 607 2431 διὰ
631 2405 656 2431 τί
674 2404 711 2440 μὴ
728 2404 781 2431 ἀπὸ
800 2405 846 2430 τοῦ
863 2404 971 2440 πρώτου

183 2453 238 2480 τῶν
250 2451 363 2484 δώδεκα,
381 2451 451 2486 λέγω
469 2452 497 2478 δὲ
513 2451 567 2478 ἀπὸ
586 2451 632 2477 τοῦ
650 2450 771 2486 Ῥουϐὶμ,
786 2450 816 2476 τὸ
834 2450 908 2482 ἔθνος
922 2451 972 2477 αὺ-

184 2498 238 2526 τῶν
260 2498 444 2534 ἑχρημάτισε;
462 2498 558 2524 Καίτοι
579 2497 655 2533 παρὰ
678 2497 717 2532 τῷ
741 2497 805 2532 θείῳ
827 2497 901 2532 νόμῳ
917 2497 971 2524 τῶν

184 2544 364 2580 πρωτοτόκων
376 2543 580 2579 τετιμημένων;
594 2542 644 2569 Διὰ
659 2542 684 2569 τί
699 2543 726 2569 δὲ
743 2543 780 2578 μὴ
795 2542 848 2569 ἀπὸ
861 2542 910 2577 τῆς
923 2542 970 2569 τοῦ

183 2589 260 2623 Λευῖ,
276 2590 344 2625 ὁμοῦ
358 2590 405 2616 καὶ
419 2589 458 2625 τῷ
471 2589 558 2624 χρόνῳ
574 2589 622 2616 καὶ
635 2588 674 2624 τῷ
694 2589 742 2623 τῆς
765 2589 912 2624 ἱερωσύνης
931 2597 971 2614 τι-

185 2635 291 2671 μήματι
304 2635 350 2662 τὸν
364 2635 463 2662 Ἰούδαν
479 2634 678 2670 παρεξάγοντος
690 2643 697 2666 ;
712 2634 744 2660 Τί
755 2634 783 2660 δὲ
795 2634 854 2669 οὐχὶ
871 2633 970 2669 μᾶλλον

182 2679 238 2707 ἀπὸ
251 2680 298 2707 τοῦ
316 2680 413 2716 Ἰωσὴφ
427 2680 593 2716 χρηματίσαι
612 2679 710 2714 συνέϐη
725 2679 755 2705 τὸ
769 2680 821 2706 πᾶν
836 2679 911 2711 ἔθνος
923 2680 970 2706 καὶ

181 2726 233 2760 τὴν
248 2726 349 2762 χώραν,
366 2726 410 2753 διὰ
426 2727 456 2752 τὸ
471 2727 519 2753 καὶ
543 2726 625 2753 πάλαι
642 2726 731 2761 πάσης
750 2726 780 2751 οὐ
796 2726 874 2760 μόνον
888 2725 970 2760 Αἰγύ-

182 2779 262 2803 πτου,
284 2771 352 2798 ἀλλὰ
374 2772 420 2798 καὶ
439 2771 494 2798 τῶν
518 2772 625 2798 οίκείων
644 2770 674 2798 τδ
690 2771 789 2806 κράτος
815 2770 970 2806 ἀνάψασθαι

181 2816 286 2850 τοῦτον,
301 2818 366 2850 τούς
378 2827 406 2845 τε
423 2818 452 2852 ἐξ
468 2818 557 2845 αὐτῶν
573 2818 734 2853 γενομένους
758 2818 873 2852 μακροῖς
897 2817 970 2844 ὓστε-

183 2871 230 2899 ρον
246 2864 353 2898 χρόνοις
366 2864 412 2891 ἐπὶ
427 2864 551 2891 πλεῖστον
565 2865 625 2891 ὅσον
639 2864 706 2891 ὅλων
721 2863 797 2890 ἐννέα
818 2862 906 2898 φυλῶν
922 2863 967 2890 τοῦ
987 2887 998 2899 _.

1023 2266 1096 2292 nulla
1108 2265 1158 2292 alia
1170 2265 1222 2292 nisi
1235 2265 1268 2291 ab
1283 2272 1337 2291 una
1352 2264 1438 2298 ipsius
1453 2263 1534 2294 Juda,
1543 2262 1632 2297 gentis
1644 2262 1725 2289 etiam
1734 2268 1807 2287 nunc

1023 2311 1170 2346 appellatio
1184 2314 1339 2345 usurpetur.
1350 2309 1427 2342 Quod
1443 2316 1493 2343 ego
1501 2308 1610 2342 quidem
1627 2314 1680 2334 non
1693 2305 1806 2333 obaliud

1022 2357 1170 2392 contigisse
1182 2356 1311 2386 arbitror.
1329 2363 1409 2390 quam
1421 2356 1456 2382 ob
1471 2355 1558 2389 ipsius
1575 2354 1723 2389 prophetiae
1744 2360 1806 2379 ora-

1023 2404 1125 2433 culum,
1140 2402 1211 2436 quod
1229 2402 1274 2428 uni
1288 2401 1371 2428 tribui
1382 2400 1452 2427 Iuda
1464 2400 1636 2435 principatus
1645 2398 1805 2433 dignitatem

1022 2449 1155 2476 attribuit.
1172 2447 1243 2481 Quin
1258 2448 1339 2475 etiam
1356 2447 1442 2481 patria
1465 2446 1586 2480 ipsorum
1612 2448 1695 2476 terra,
1712 2443 1806 2470 eadem

1022 2496 1054 2523 de
1067 2502 1150 2522 causa
1161 2493 1260 2521 Judaeae
1269 2493 1474 2528 appellationem
1492 2491 1587 2519 sortita
1603 2494 1655 2517 est.
1671 2489 1726 2516 Cur
1734 2488 1806 2516 enim

1022 2550 1114 2579 quaeso
1129 2549 1192 2569 cum
1205 2540 1349 2568 duodecim
1363 2539 1475 2571 fuerint,
1493 2546 1546 2565 non
1563 2538 1597 2564 ab
1607 2545 1701 2564 eorum
1718 2536 1806 2571 primo

1021 2587 1116 2615 Ruben
1132 2595 1199 2622 gens
1213 2585 1369 2613 eorumdem
1381 2584 1512 2619 appellata
1527 2586 1569 2610 est
1582 2582 1593 2608 ?
1605 2589 1666 2608 cum
1690 2588 1806 2615 praeser-

1022 2635 1070 2661 tim
1085 2637 1152 2660 natu
1163 2632 1273 2659 maximi
1286 2630 1439 2666 potioresin
1451 2630 1509 2664 lege
1516 2629 1609 2656 divina
1623 2625 1807 2655 haberentur?

1021 2679 1076 2708 Cur
1085 2687 1139 2706 non
1151 2679 1214 2705 item
1230 2686 1244 2704 a
1252 2677 1326 2709 Levi,
1339 2677 1420 2712 quiet
1434 2680 1514 2703 aetate
1521 2679 1547 2702 et
1556 2682 1643 2702 sacrae
1656 2673 1806 2700 functionis

1022 2726 1125 2753 honore
1144 2725 1242 2752 Judam
1268 2723 1413 2751 anteibat?
1445 2721 1513 2749 Cum
1537 2728 1601 2748 vero
1630 2721 1681 2755 ipsi
1704 2719 1805 2754 Ioseph

1021 2771 1158 2807 quondam
1174 2778 1228 2798 non
1244 2770 1324 2797 modo
1347 2768 1457 2804 Egypti
1484 2769 1626 2798 universae,
1653 2765 1700 2794 sed
1722 2765 1805 2793 etiam

1022 2825 1132 2845 suorum
1147 2816 1290 2851 imperium
1307 2815 1446 2849 obtigerit,
1461 2821 1577 2848 cumque
1593 2814 1627 2840 ab
1640 2813 1685 2839 illo
1697 2810 1805 2839 oriundi

1021 2863 1114 2891 multis
1125 2866 1186 2897 post
1209 2861 1317 2889 saeculis
1333 2861 1379 2888 diu
1392 2859 1549 2892 admodum,
1570 2859 1634 2887 totis
1643 2859 1702 2894 ejus
1718 2855 1806 2893 grntls
