  <div class='ocr_page' id='page_1' title='image "/cluster/home/n/w/nwhite01/storage/ocr_20150623/22/njp.32101077772497/339.png"; bbox 0 0 2089 3218; ppageno 0'>
   <div class='ocr_carea' id='block_1_1' title="bbox 284 167 338 195">
    <p class='ocr_par' dir='ltr' id='par_1_1' title="bbox 284 167 338 195">
     <span class='ocr_line' id='line_1_1' title="bbox 284 167 338 195; baseline 0 0"><span class='ocrx_word' id='word_1_1' title='bbox 284 167 338 195; x_wconf 79' lang='lat'><strong>583</strong></span> 
     </span>
    </p>
   </div>
   <div class='ocr_carea' id='block_1_2' title="bbox 583 163 1566 194">
    <p class='ocr_par' dir='ltr' id='par_1_2' title="bbox 583 163 1566 194">
     <span class='ocr_line' id='line_1_2' title="bbox 583 163 1566 194; baseline -0.002 0"><span class='ocrx_word' id='word_1_2' title='bbox 583 166 718 194; x_wconf 81' lang='lat' dir='ltr'><strong>EUSEBII</strong></span> <span class='ocrx_word' id='word_1_3' title='bbox 737 165 977 194; x_wconf 66' lang='lat' dir='ltr'><strong>CAESARIENSiS</strong></span> <span class='ocrx_word' id='word_1_4' title='bbox 993 164 1068 194; x_wconf 75' lang='lat' dir='ltr'><strong>OPP.</strong></span> <span class='ocrx_word' id='word_1_5' title='bbox 1088 163 1189 192; x_wconf 68' lang='lat' dir='ltr'><strong>PARS.</strong></span> <span class='ocrx_word' id='word_1_6' title='bbox 1212 163 1243 191; x_wconf 90' lang='lat' dir='ltr'><strong>ll.</strong></span> <span class='ocrx_word' id='word_1_7' title='bbox 1263 178 1298 185; x_wconf 92' lang='lat'><strong>-—</strong></span> <span class='ocrx_word' id='word_1_8' title='bbox 1318 164 1566 194; x_wconf 70' lang='lat' dir='ltr'><strong>M‘OLOGETIC.\.</strong></span> 
     </span>
    </p>
   </div>
   <div class='ocr_carea' id='block_1_3' title="bbox 1865 167 1923 195">
    <p class='ocr_par' dir='ltr' id='par_1_3' title="bbox 1865 167 1923 195">
     <span class='ocr_line' id='line_1_3' title="bbox 1865 167 1923 195; baseline 0 0"><span class='ocrx_word' id='word_1_9' title='bbox 1865 167 1923 195; x_wconf 60' lang='lat'><strong>588</strong></span> 
     </span>
    </p>
   </div>
   <div class='ocr_carea' id='block_1_4' title="bbox 285 214 1081 260">
    <p class='ocr_par' dir='ltr' id='par_1_4' title="bbox 285 214 1079 258">
     <span class='ocr_line' id='line_1_4' title="bbox 285 214 1079 258; baseline -0.004 -6"><span class='ocrx_word' id='word_1_10' title='bbox 285 214 387 252; x_wconf 37' lang='lat' dir='ltr'><strong>novem‘</strong></span> <span class='ocrx_word' id='word_1_11' title='bbox 395 222 524 250; x_wconf 86' lang='lat' dir='ltr'><strong>tribubus</strong></span> <span class='ocrx_word' id='word_1_12' title='bbox 542 222 702 258; x_wconf 62' lang='lat' dir='ltr'><strong>[meruerint</strong></span> <span class='ocrx_word' id='word_1_13' title='bbox 712 242 719 253; x_wconf 88' lang='lat'><strong>.</strong></span> <span class='ocrx_word' id='word_1_14' title='bbox 732 230 782 251; x_wconf 85' lang='lat' dir='ltr'><strong>cur</strong></span> <span class='ocrx_word' id='word_1_15' title='bbox 796 231 852 251; x_wconf 91' lang='lat' dir='ltr'><strong>non</strong></span> <span class='ocrx_word' id='word_1_16' title='bbox 869 223 904 250; x_wconf 87' lang='lat' dir='ltr'><strong>ab</strong></span> <span class='ocrx_word' id='word_1_17' title='bbox 916 229 949 250; x_wconf 85' lang='lat' dir='ltr'><strong>eo</strong></span> <span class='ocrx_word' id='word_1_18' title='bbox 966 221 1079 258; x_wconf 80' lang='lat' dir='ltr'><strong>potissi-</strong></span> 
     </span>
    </p>
   </div>
   <div class='ocr_carea' id='block_1_5' title="bbox 1133 214 1924 260">
    <p class='ocr_par' dir='ltr' id='par_1_5' title="bbox 1133 220 1924 260">
     <span class='ocr_line' id='line_1_5' title="bbox 1133 220 1924 260; baseline 0.006 -13"><span class='ocrx_word' id='word_1_19' title='bbox 1133 220 1223 253; x_wconf 76' lang='grc' dir='ltr'>ἔθνους</span> <span class='ocrx_word' id='word_1_20' title='bbox 1238 221 1402 256; x_wconf 76' lang='grc' dir='ltr'>ἡγήσασθαι,</span> <span class='ocrx_word' id='word_1_21' title='bbox 1426 221 1461 248; x_wconf 84' lang='grc' dir='ltr'><strong>δι’</strong></span> <span class='ocrx_word' id='word_1_22' title='bbox 1474 222 1521 254; x_wconf 79' lang='grc' dir='ltr'>οὓς</span> <span class='ocrx_word' id='word_1_23' title='bbox 1544 223 1591 250; x_wconf 79' lang='grc' dir='ltr'>καὶ</span> <span class='ocrx_word' id='word_1_24' title='bbox 1610 222 1710 258; x_wconf 79' lang='grc' dir='ltr'>μᾶλλον</span> <span class='ocrx_word' id='word_1_25' title='bbox 1727 222 1801 255; x_wconf 74' lang='grc' dir='ltr'>είκδς</span> <span class='ocrx_word' id='word_1_26' title='bbox 1823 221 1859 259; x_wconf 79' lang='grc' dir='ltr'>ἦν</span> <span class='ocrx_word' id='word_1_27' title='bbox 1873 225 1924 260; x_wconf 75' lang='grc' dir='ltr'>τὴν</span> 
     </span>
    </p>
   </div>
   <div class='ocr_carea' id='block_1_6' title="bbox 285 268 1080 303">
    <p class='ocr_par' dir='ltr' id='par_1_6' title="bbox 285 268 1080 303">
     <span class='ocr_line' id='line_1_6' title="bbox 285 268 1080 303; baseline -0.004 -7"><span class='ocrx_word' id='word_1_28' title='bbox 285 276 360 296; x_wconf 83' lang='lat' dir='ltr'><strong>mum</strong></span> <span class='ocrx_word' id='word_1_29' title='bbox 378 272 434 295; x_wconf 89' lang='lat' dir='ltr'><strong>tota</strong></span> <span class='ocrx_word' id='word_1_30' title='bbox 450 276 527 303; x_wconf 79' lang='lat' dir='ltr'><strong>gens,</strong></span> <span class='ocrx_word' id='word_1_31' title='bbox 545 268 659 302; x_wconf 83' lang='lat' dir='ltr'><strong>ipsaque</strong></span> <span class='ocrx_word' id='word_1_32' title='bbox 669 269 745 303; x_wconf 80' lang='lat' dir='ltr'><strong>regio</strong></span> <span class='ocrx_word' id='word_1_33' title='bbox 754 276 854 296; x_wconf 85' lang='lat' dir='ltr'><strong>nomen</strong></span> <span class='ocrx_word' id='word_1_34' title='bbox 867 268 985 303; x_wconf 87' lang='lat' dir='ltr'><strong>accepit,</strong></span> <span class='ocrx_word' id='word_1_35' title='bbox 994 275 1080 302; x_wconf 86' lang='lat' dir='ltr'><strong>quan-</strong></span> 
     </span>
    </p>
   </div>
   <div class='ocr_carea' id='block_1_7' title="bbox 286 314 1079 351">
    <p class='ocr_par' dir='ltr' id='par_1_7' title="bbox 286 314 1079 351">
     <span class='ocr_line' id='line_1_7' title="bbox 286 314 1079 351; baseline -0.001 -9"><span class='ocrx_word' id='word_1_36' title='bbox 286 315 433 351; x_wconf 81' lang='lat' dir='ltr'><strong>doquidem</strong></span> <span class='ocrx_word' id='word_1_37' title='bbox 457 314 493 341; x_wconf 89' lang='lat' dir='ltr'><strong>ob</strong></span> <span class='ocrx_word' id='word_1_38' title='bbox 513 322 560 342; x_wconf 86' lang='lat' dir='ltr'><strong>eos</strong></span> <span class='ocrx_word' id='word_1_39' title='bbox 586 314 677 349; x_wconf 84' lang='lat' dir='ltr'><strong>ipsos,</strong></span> <span class='ocrx_word' id='word_1_40' title='bbox 691 323 761 349; x_wconf 89' lang='lat' dir='ltr'><strong>quos</strong></span> <span class='ocrx_word' id='word_1_41' title='bbox 779 315 813 342; x_wconf 84' lang='lat' dir='ltr'><strong>ab</strong></span> <span class='ocrx_word' id='word_1_42' title='bbox 825 314 928 350; x_wconf 80' lang='lat' dir='ltr'><strong>Jnscph</strong></span> <span class='ocrx_word' id='word_1_43' title='bbox 945 314 1079 341; x_wconf 85' lang='lat' dir='ltr'><strong>oriundos</strong></span> 
     </span>
    </p>
   </div>
   <div class='ocr_carea' id='block_1_8' title="bbox 285 359 1079 395">
    <p class='ocr_par' dir='ltr' id='par_1_8' title="bbox 285 359 1079 395">
     <span class='ocr_line' id='line_1_8' title="bbox 285 359 1079 395; baseline -0.001 -7"><span class='ocrx_word' id='word_1_44' title='bbox 285 360 501 394; x_wconf 84' lang='lat' dir='ltr'><strong>diximus,longe</strong></span> <span class='ocrx_word' id='word_1_45' title='bbox 514 359 658 387; x_wconf 74' lang='lat' dir='ltr'><strong>honestius</strong></span> <span class='ocrx_word' id='word_1_46' title='bbox 673 361 896 395; x_wconf 87' lang='lat' dir='ltr'><strong>probabiliusque</strong></span> <span class='ocrx_word' id='word_1_47' title='bbox 911 364 981 392; x_wconf 86' lang='lat' dir='ltr'><strong>erat,</strong></span> <span class='ocrx_word' id='word_1_48' title='bbox 994 366 1079 388; x_wconf 86' lang='lat' dir='ltr'><strong>totam</strong></span> 
     </span>
    </p>
   </div>
   <div class='ocr_carea' id='block_1_9' title="bbox 284 407 1076 442">
    <p class='ocr_par' dir='ltr' id='par_1_9' title="bbox 284 407 1076 442">
     <span class='ocr_line' id='line_1_9' title="bbox 284 407 1076 442; baseline 0.003 -10"><span class='ocrx_word' id='word_1_49' title='bbox 284 411 393 442; x_wconf 75' lang='lat' dir='ltr'><strong>gentem</strong></span> <span class='ocrx_word' id='word_1_50' title='bbox 424 411 564 441; x_wconf 86' lang='lat' dir='ltr'><strong>totamque</strong></span> <span class='ocrx_word' id='word_1_51' title='bbox 592 407 730 440; x_wconf 82' lang='lat' dir='ltr'><strong>regionem</strong></span> <span class='ocrx_word' id='word_1_52' title='bbox 747 415 761 433; x_wconf 89' lang='lat' dir='ltr'><strong>a</strong></span> <span class='ocrx_word' id='word_1_53' title='bbox 778 408 867 441; x_wconf 82' lang='lat' dir='ltr'><strong>primo</strong></span> <span class='ocrx_word' id='word_1_54' title='bbox 890 408 937 434; x_wconf 87' lang='lat' dir='ltr'><strong>illo</strong></span> <span class='ocrx_word' id='word_1_55' title='bbox 954 408 1076 442; x_wconf 90' lang='lat' dir='ltr'><strong>ipsorum</strong></span> 
     </span>
    </p>
   </div>
   <div class='ocr_carea' id='block_1_10' title="bbox 285 453 1080 488">
    <p class='ocr_par' dir='ltr' id='par_1_10' title="bbox 285 453 1080 488">
     <span class='ocr_line' id='line_1_10' title="bbox 285 453 1080 488; baseline 0.004 -10"><span class='ocrx_word' id='word_1_56' title='bbox 285 456 398 487; x_wconf 89' lang='lat' dir='ltr'><strong>parente</strong></span> <span class='ocrx_word' id='word_1_57' title='bbox 427 453 620 480; x_wconf 84' lang='lat' dir='ltr'><strong>denominari?</strong></span> <span class='ocrx_word' id='word_1_58' title='bbox 645 453 766 488; x_wconf 86' lang='lat' dir='ltr'><strong>Denique</strong></span> <span class='ocrx_word' id='word_1_59' title='bbox 783 458 882 488; x_wconf 62' lang='lat' dir='ltr'><strong>praeter</strong></span> <span class='ocrx_word' id='word_1_60' title='bbox 906 453 955 481; x_wconf 91' lang='lat' dir='ltr'><strong>hos</strong></span> <span class='ocrx_word' id='word_1_61' title='bbox 984 461 1080 481; x_wconf 90' lang='lat' dir='ltr'><strong>omnes</strong></span> 
     </span>
    </p>
   </div>
   <div class='ocr_carea' id='block_1_11' title="bbox 285 498 1080 534">
    <p class='ocr_par' dir='ltr' id='par_1_11' title="bbox 285 498 1080 534">
     <span class='ocr_line' id='line_1_11' title="bbox 285 498 1080 534; baseline 0.003 -10"><span class='ocrx_word' id='word_1_62' title='bbox 285 500 349 534; x_wconf 86' lang='lat' dir='ltr'><strong>quis</strong></span> <span class='ocrx_word' id='word_1_63' title='bbox 375 506 431 526; x_wconf 93' lang='lat' dir='ltr'><strong>non</strong></span> <span class='ocrx_word' id='word_1_64' title='bbox 447 498 590 529; x_wconf 75' lang='lat' dir='ltr'><strong>concedat,</strong></span> <span class='ocrx_word' id='word_1_65' title='bbox 608 499 705 526; x_wconf 87' lang='lat' dir='ltr'><strong>merito</strong></span> <span class='ocrx_word' id='word_1_66' title='bbox 721 499 782 526; x_wconf 88' lang='lat' dir='ltr'><strong>illos</strong></span> <span class='ocrx_word' id='word_1_67' title='bbox 807 507 821 526; x_wconf 86' lang='lat' dir='ltr'><strong>a</strong></span> <span class='ocrx_word' id='word_1_68' title='bbox 837 499 979 533; x_wconf 73' lang='lat' dir='ltr'><strong>Beniamin</strong></span> <span class='ocrx_word' id='word_1_69' title='bbox 996 499 1080 526; x_wconf 82' lang='lat' dir='ltr'><strong>fuisse</strong></span> 
     </span>
    </p>
   </div>
   <div class='ocr_carea' id='block_1_12' title="bbox 286 545 1081 580">
    <p class='ocr_par' dir='ltr' id='par_1_12' title="bbox 286 545 1081 580">
     <span class='ocr_line' id='line_1_12' title="bbox 286 545 1081 580; baseline 0.003 -9"><span class='ocrx_word' id='word_1_70' title='bbox 286 545 514 576; x_wconf 81' lang='lat' dir='ltr'><strong>denominandos.</strong></span> <span class='ocrx_word' id='word_1_71' title='bbox 531 545 611 578; x_wconf 85' lang='lat' dir='ltr'><strong>cujus</strong></span> <span class='ocrx_word' id='word_1_72' title='bbox 626 545 779 580; x_wconf 86' lang='lat' dir='ltr'><strong>posteritati</strong></span> <span class='ocrx_word' id='word_1_73' title='bbox 795 553 827 573; x_wconf 91' lang='lat' dir='ltr'><strong>ac</strong></span> <span class='ocrx_word' id='word_1_74' title='bbox 842 546 942 577; x_wconf 83' lang='lat' dir='ltr'><strong>tribui,</strong></span> <span class='ocrx_word' id='word_1_75' title='bbox 959 546 1081 573; x_wconf 84' lang='lat' dir='ltr'><strong>celeber-</strong></span> 
     </span>
    </p>
   </div>
   <div class='ocr_carea' id='block_1_13' title="bbox 287 591 1079 627">
    <p class='ocr_par' dir='ltr' id='par_1_13' title="bbox 287 591 1079 627">
     <span class='ocr_line' id='line_1_13' title="bbox 287 591 1079 627; baseline 0.004 -11"><span class='ocrx_word' id='word_1_76' title='bbox 287 591 354 616; x_wconf 89' lang='lat' dir='ltr'><strong>rima</strong></span> <span class='ocrx_word' id='word_1_77' title='bbox 370 591 490 625; x_wconf 89' lang='lat' dir='ltr'><strong>ipsorum</strong></span> <span class='ocrx_word' id='word_1_78' title='bbox 505 591 602 618; x_wconf 83' lang='lat' dir='ltr'><strong>civitas</strong></span> <span class='ocrx_word' id='word_1_79' title='bbox 614 611 621 623; x_wconf 89' lang='lat'><strong>,</strong></span> <span class='ocrx_word' id='word_1_80' title='bbox 639 599 700 626; x_wconf 71' lang='lat' dir='ltr'><strong>qua:</strong></span> <span class='ocrx_word' id='word_1_81' title='bbox 729 599 823 626; x_wconf 83' lang='lat' dir='ltr'><strong>regum</strong></span> <span class='ocrx_word' id='word_1_82' title='bbox 849 592 920 626; x_wconf 87' lang='lat' dir='ltr'><strong>apud</strong></span> <span class='ocrx_word' id='word_1_83' title='bbox 939 591 1015 627; x_wconf 86' lang='lat' dir='ltr'><strong>ipsos</strong></span> <span class='ocrx_word' id='word_1_84' title='bbox 1031 592 1079 619; x_wconf 86' lang='lat' dir='ltr'><strong>do-</strong></span> 
     </span>
    </p>
   </div>
   <div class='ocr_carea' id='block_1_14' title="bbox 286 636 1079 671">
    <p class='ocr_par' dir='ltr' id='par_1_14' title="bbox 286 636 1079 671">
     <span class='ocr_line' id='line_1_14' title="bbox 286 636 1079 671; baseline 0.001 -8"><span class='ocrx_word' id='word_1_85' title='bbox 286 637 418 663; x_wconf 74' lang='lat' dir='ltr'><strong>micilium</strong></span> <span class='ocrx_word' id='word_1_86' title='bbox 444 636 512 669; x_wconf 84' lang='lat' dir='ltr'><strong>fuit,</strong></span> <span class='ocrx_word' id='word_1_87' title='bbox 533 640 560 664; x_wconf 87' lang='lat' dir='ltr'><strong>et</strong></span> <span class='ocrx_word' id='word_1_88' title='bbox 585 637 656 671; x_wconf 85' lang='lat' dir='ltr'><strong>quod</strong></span> <span class='ocrx_word' id='word_1_89' title='bbox 687 638 714 664; x_wconf 93' lang='lat' dir='ltr'><strong>in</strong></span> <span class='ocrx_word' id='word_1_90' title='bbox 742 646 774 664; x_wconf 84' lang='lat' dir='ltr'><strong>ea</strong></span> <span class='ocrx_word' id='word_1_91' title='bbox 797 638 1004 665; x_wconf 81' lang='lat' dir='ltr'><strong>sanctissimum</strong></span> <span class='ocrx_word' id='word_1_92' title='bbox 1033 638 1079 665; x_wconf 93' lang='lat' dir='ltr'><strong>Dei</strong></span> 
     </span>
    </p>
   </div>
   <div class='ocr_carea' id='block_1_15' title="bbox 286 683 1080 717">
    <p class='ocr_par' dir='ltr' id='par_1_15' title="bbox 286 683 1080 717">
     <span class='ocr_line' id='line_1_15' title="bbox 286 683 1080 717; baseline 0.001 -8"><span class='ocrx_word' id='word_1_93' title='bbox 286 683 417 717; x_wconf 85' lang='lat' dir='ltr'><strong>templum</strong></span> <span class='ocrx_word' id='word_1_94' title='bbox 432 687 555 710; x_wconf 86' lang='lat' dir='ltr'><strong>erectum</strong></span> <span class='ocrx_word' id='word_1_95' title='bbox 572 687 624 714; x_wconf 65' lang='lat' dir='ltr'><strong>est,</strong></span> <span class='ocrx_word' id='word_1_96' title='bbox 643 684 669 710; x_wconf 93' lang='lat' dir='ltr'><strong>in</strong></span> <span class='ocrx_word' id='word_1_97' title='bbox 687 689 790 711; x_wconf 79' lang='lat' dir='ltr'><strong>Sortem</strong></span> <span class='ocrx_word' id='word_1_98' title='bbox 817 684 979 711; x_wconf 86' lang='lat' dir='ltr'><strong>concessit?</strong></span> <span class='ocrx_word' id='word_1_99' title='bbox 1003 684 1080 711; x_wconf 82' lang='lat' dir='ltr'><strong>Atta-</strong></span> 
     </span>
    </p>
   </div>
   <div class='ocr_carea' id='block_1_16' title="bbox 286 729 1078 765">
    <p class='ocr_par' dir='ltr' id='par_1_16' title="bbox 286 729 1078 765">
     <span class='ocr_line' id='line_1_16' title="bbox 286 729 1078 765; baseline 0.004 -10"><span class='ocrx_word' id='word_1_100' title='bbox 286 737 348 755; x_wconf 84' lang='lat' dir='ltr'><strong>men</strong></span> <span class='ocrx_word' id='word_1_101' title='bbox 366 736 454 757; x_wconf 73' lang='lat' dir='ltr'><strong>neque</strong></span> <span class='ocrx_word' id='word_1_102' title='bbox 473 730 506 756; x_wconf 87' lang='lat' dir='ltr'><strong>ab</strong></span> <span class='ocrx_word' id='word_1_103' title='bbox 523 729 620 755; x_wconf 85' lang='lat' dir='ltr'><strong>harum</strong></span> <span class='ocrx_word' id='word_1_104' title='bbox 639 730 742 763; x_wconf 70' lang='lat' dir='ltr'><strong>aliqua,</strong></span> <span class='ocrx_word' id='word_1_105' title='bbox 768 738 857 765; x_wconf 86' lang='lat' dir='ltr'><strong>neque</strong></span> <span class='ocrx_word' id='word_1_106' title='bbox 869 738 884 757; x_wconf 88' lang='lat' dir='ltr'><strong>a</strong></span> <span class='ocrx_word' id='word_1_107' title='bbox 897 731 1078 765; x_wconf 87' lang='lat' dir='ltr'><strong>reliquarum,</strong></span> 
     </span>
    </p>
   </div>
   <div class='ocr_carea' id='block_1_17' title="bbox 286 775 1082 813">
    <p class='ocr_par' dir='ltr' id='par_1_17' title="bbox 286 775 1082 813">
     <span class='ocr_line' id='line_1_17' title="bbox 286 775 1082 813; baseline 0.004 -12"><span class='ocrx_word' id='word_1_108' title='bbox 286 779 332 802; x_wconf 71' lang='lat' dir='ltr'><strong>sel</strong></span> <span class='ocrx_word' id='word_1_109' title='bbox 347 780 380 802; x_wconf 68' lang='lat' dir='ltr'><strong>at)</strong></span> <span class='ocrx_word' id='word_1_110' title='bbox 399 783 454 803; x_wconf 88' lang='lat' dir='ltr'><strong>una</strong></span> <span class='ocrx_word' id='word_1_111' title='bbox 472 775 559 810; x_wconf 87' lang='lat' dir='ltr'><strong>ipsius</strong></span> <span class='ocrx_word' id='word_1_112' title='bbox 573 775 643 803; x_wconf 83' lang='lat' dir='ltr'><strong>.Iuda</strong></span> <span class='ocrx_word' id='word_1_113' title='bbox 662 777 734 804; x_wconf 85' lang='lat' dir='ltr'><strong>tribu</strong></span> <span class='ocrx_word' id='word_1_114' title='bbox 746 778 830 805; x_wconf 81' lang='lat' dir='ltr'><strong>totius</strong></span> <span class='ocrx_word' id='word_1_115' title='bbox 845 778 934 812; x_wconf 82' lang='lat' dir='ltr'><strong>gentis</strong></span> <span class='ocrx_word' id='word_1_116' title='bbox 947 785 978 805; x_wconf 81' lang='lat' dir='ltr'><strong>ac</strong></span> <span class='ocrx_word' id='word_1_117' title='bbox 995 779 1082 813; x_wconf 81' lang='lat' dir='ltr'><strong>regio-</strong></span> 
     </span>
    </p>
   </div>
   <div class='ocr_carea' id='block_1_18' title="bbox 287 822 1079 859">
    <p class='ocr_par' dir='ltr' id='par_1_18' title="bbox 287 822 1079 859">
     <span class='ocr_line' id='line_1_18' title="bbox 287 822 1079 859; baseline 0.005 -12"><span class='ocrx_word' id='word_1_118' title='bbox 287 822 330 848; x_wconf 87' lang='lat' dir='ltr'><strong>nis</strong></span> <span class='ocrx_word' id='word_1_119' title='bbox 345 822 491 856; x_wconf 89' lang='lat' dir='ltr'><strong>appellatio</strong></span> <span class='ocrx_word' id='word_1_120' title='bbox 505 822 586 849; x_wconf 90' lang='lat' dir='ltr'><strong>ducta</strong></span> <span class='ocrx_word' id='word_1_121' title='bbox 596 828 647 855; x_wconf 86' lang='lat' dir='ltr'><strong>est,</strong></span> <span class='ocrx_word' id='word_1_122' title='bbox 660 823 732 850; x_wconf 87' lang='lat' dir='ltr'><strong>sicut</strong></span> <span class='ocrx_word' id='word_1_123' title='bbox 745 823 888 858; x_wconf 82' lang='lat' dir='ltr'><strong>prophetia</strong></span> <span class='ocrx_word' id='word_1_124' title='bbox 907 824 1079 859; x_wconf 64' lang='lat' dir='ltr'><strong>prtedixerat.</strong></span> 
     </span>
    </p>
   </div>
   <div class='ocr_carea' id='block_1_19' title="bbox 288 867 1078 905">
    <p class='ocr_par' dir='ltr' id='par_1_19' title="bbox 288 867 1078 905">
     <span class='ocr_line' id='line_1_19' title="bbox 288 867 1078 905; baseline 0.004 -11"><span class='ocrx_word' id='word_1_125' title='bbox 288 867 334 895; x_wconf 89' lang='lat' dir='ltr'><strong>Sic</strong></span> <span class='ocrx_word' id='word_1_126' title='bbox 349 876 416 895; x_wconf 84' lang='lat' dir='ltr'><strong>sane</strong></span> <span class='ocrx_word' id='word_1_127' title='bbox 435 869 502 895; x_wconf 88' lang='lat' dir='ltr'><strong>illud</strong></span> <span class='ocrx_word' id='word_1_128' title='bbox 518 879 524 895; x_wconf 91' lang='lat'><strong>:</strong></span> <span class='ocrx_word' id='word_1_129' title='bbox 543 877 552 894; x_wconf 79' lang='grc' dir='ltr'><strong>ι</strong></span> <span class='ocrx_word' id='word_1_130' title='bbox 572 868 631 896; x_wconf 85' lang='lat' dir='ltr'><strong>Non</strong></span> <span class='ocrx_word' id='word_1_131' title='bbox 651 869 760 897; x_wconf 78' lang='lat' dir='ltr'><strong>deﬁciet</strong></span> <span class='ocrx_word' id='word_1_132' title='bbox 777 871 905 905; x_wconf 81' lang='lat' dir='ltr'><strong>princeps</strong></span> <span class='ocrx_word' id='word_1_133' title='bbox 921 870 955 897; x_wconf 83' lang='lat' dir='ltr'><strong>de</strong></span> <span class='ocrx_word' id='word_1_134' title='bbox 972 870 1052 903; x_wconf 71' lang='lat' dir='ltr'><strong>Iuda,</strong></span> <span class='ocrx_word' id='word_1_135' title='bbox 1069 881 1078 897; x_wconf 75' lang='grc' dir='ltr'><strong>ι</strong></span> 
     </span>
    </p>
   </div>
   <div class='ocr_carea' id='block_1_20' title="bbox 1131 266 1924 304">
    <p class='ocr_par' dir='ltr' id='par_1_20' title="bbox 1131 266 1924 304">
     <span class='ocr_line' id='line_1_20' title="bbox 1131 266 1924 304; baseline 0.006 -12"><span class='ocrx_word' id='word_1_136' title='bbox 1131 266 1178 293; x_wconf 80' lang='grc' dir='ltr'>τοῦ</span> <span class='ocrx_word' id='word_1_137' title='bbox 1199 267 1371 302; x_wconf 77' lang='grc' dir='ltr'><strong>προπάτορος</strong></span> <span class='ocrx_word' id='word_1_138' title='bbox 1396 267 1553 303; x_wconf 78' lang='grc' dir='ltr'><strong>ἐπωνυμίαν</strong></span> <span class='ocrx_word' id='word_1_139' title='bbox 1577 268 1607 294; x_wconf 81' lang='grc' dir='ltr'>τὸ</span> <span class='ocrx_word' id='word_1_140' title='bbox 1633 269 1688 295; x_wconf 67' lang='grc' dir='ltr'>πᾶν</span> <span class='ocrx_word' id='word_1_141' title='bbox 1710 268 1785 300; x_wconf 79' lang='grc' dir='ltr'>ἔθνος</span> <span class='ocrx_word' id='word_1_142' title='bbox 1809 270 1856 296; x_wconf 83' lang='grc' dir='ltr'>καὶ</span> <span class='ocrx_word' id='word_1_143' title='bbox 1874 271 1924 304; x_wconf 80' lang='grc' dir='ltr'>τὴν</span> 
     </span>
    </p>
   </div>
   <div class='ocr_carea' id='block_1_21' title="bbox 1132 312 1924 351">
    <p class='ocr_par' dir='ltr' id='par_1_21' title="bbox 1132 312 1924 351">
     <span class='ocr_line' id='line_1_21' title="bbox 1132 312 1924 351; baseline 0.008 -14"><span class='ocrx_word' id='word_1_144' title='bbox 1132 312 1223 348; x_wconf 78' lang='grc' dir='ltr'>χώραν</span> <span class='ocrx_word' id='word_1_145' title='bbox 1250 313 1473 348; x_wconf 66' lang='grc' dir='ltr'>ἐπιγράψασθαις</span> <span class='ocrx_word' id='word_1_146' title='bbox 1501 315 1548 346; x_wconf 84' lang='grc' dir='ltr'>Τίς</span> <span class='ocrx_word' id='word_1_147' title='bbox 1568 315 1589 340; x_wconf 81' lang='grc' dir='ltr'><strong>δ’</strong></span> <span class='ocrx_word' id='word_1_148' title='bbox 1618 315 1668 341; x_wconf 77' lang='grc' dir='ltr'>οὐκ</span> <span class='ocrx_word' id='word_1_149' title='bbox 1697 315 1728 341; x_wconf 81' lang='grc' dir='ltr'>ἂν</span> <span class='ocrx_word' id='word_1_150' title='bbox 1757 315 1924 351; x_wconf 69' lang='grc' dir='ltr'>ὁμολογήσαι</span> 
     </span>
    </p>
   </div>
   <div class='ocr_carea' id='block_1_22' title="bbox 1132 358 1924 396">
    <p class='ocr_par' dir='ltr' id='par_1_22' title="bbox 1132 358 1924 396">
     <span class='ocr_line' id='line_1_22' title="bbox 1132 358 1924 396; baseline 0.005 -13"><span class='ocrx_word' id='word_1_151' title='bbox 1132 358 1205 392; x_wconf 74' lang='grc' dir='ltr'>παρὰ</span> <span class='ocrx_word' id='word_1_152' title='bbox 1227 358 1337 390; x_wconf 79' lang='grc' dir='ltr'><strong>τούτους</strong></span> <span class='ocrx_word' id='word_1_153' title='bbox 1355 359 1477 390; x_wconf 76' lang='grc' dir='ltr'>ἅπαντας</span> <span class='ocrx_word' id='word_1_154' title='bbox 1494 360 1611 394; x_wconf 71' lang='grc' dir='ltr'>εὐλόγως</span> <span class='ocrx_word' id='word_1_155' title='bbox 1630 359 1662 386; x_wconf 84' lang='grc' dir='ltr'>ἂν</span> <span class='ocrx_word' id='word_1_156' title='bbox 1678 361 1709 387; x_wconf 81' lang='grc' dir='ltr'><strong>ἐκ</strong></span> <span class='ocrx_word' id='word_1_157' title='bbox 1730 360 1776 387; x_wconf 72' lang='grc' dir='ltr'>τοῑ</span> <span class='ocrx_word' id='word_1_158' title='bbox 1793 361 1924 396; x_wconf 60' lang='grc' dir='ltr'>Βενιαμὶν</span> 
     </span>
    </p>
   </div>
   <div class='ocr_carea' id='block_1_23' title="bbox 1130 402 1923 441">
    <p class='ocr_par' dir='ltr' id='par_1_23' title="bbox 1130 402 1923 441">
     <span class='ocr_line' id='line_1_23' title="bbox 1130 402 1923 441; baseline 0.008 -14"><span class='ocrx_word' id='word_1_159' title='bbox 1130 402 1179 437; x_wconf 81' lang='grc' dir='ltr'>τὴν</span> <span class='ocrx_word' id='word_1_160' title='bbox 1196 402 1354 438; x_wconf 77' lang='grc' dir='ltr'><strong>ἐπωνυμίαν</strong></span> <span class='ocrx_word' id='word_1_161' title='bbox 1370 404 1468 435; x_wconf 69' lang='grc' dir='ltr'>αὐτοὺς</span> <span class='ocrx_word' id='word_1_162' title='bbox 1491 404 1592 436; x_wconf 66' lang='grc' dir='ltr'>λαϐεῖν,</span> <span class='ocrx_word' id='word_1_163' title='bbox 1609 405 1756 441; x_wconf 75' lang='grc' dir='ltr'>ἐπειδήπερ</span> <span class='ocrx_word' id='word_1_164' title='bbox 1770 407 1802 440; x_wconf 83' lang='grc' dir='ltr'><strong>τῇ</strong></span> <span class='ocrx_word' id='word_1_165' title='bbox 1827 406 1923 433; x_wconf 76' lang='grc' dir='ltr'>τούτου</span> 
     </span>
    </p>
   </div>
   <div class='ocr_carea' id='block_1_24' title="bbox 1131 448 1924 487">
    <p class='ocr_par' dir='ltr' id='par_1_24' title="bbox 1131 448 1924 487">
     <span class='ocr_line' id='line_1_24' title="bbox 1131 448 1924 487; baseline 0.006 -13"><span class='ocrx_word' id='word_1_166' title='bbox 1131 448 1200 484; x_wconf 83' lang='grc' dir='ltr'>φυλῇ</span> <span class='ocrx_word' id='word_1_167' title='bbox 1216 450 1232 484; x_wconf 80' lang='grc' dir='ltr'>ὴ</span> <span class='ocrx_word' id='word_1_168' title='bbox 1248 450 1409 485; x_wconf 76' lang='grc' dir='ltr'>περιϐόητος</span> <span class='ocrx_word' id='word_1_169' title='bbox 1422 451 1511 477; x_wconf 67' lang='grc' dir='ltr'>αὐτῶν</span> <span class='ocrx_word' id='word_1_170' title='bbox 1527 451 1650 487; x_wconf 80' lang='grc' dir='ltr'>βασιλικὴ</span> <span class='ocrx_word' id='word_1_171' title='bbox 1673 452 1850 487; x_wconf 73' lang='grc' dir='ltr'>μητρόπολις.</span> <span class='ocrx_word' id='word_1_172' title='bbox 1863 453 1878 479; x_wconf 82' lang='grc' dir='ltr'><strong>ὅ</strong></span> <span class='ocrx_word' id='word_1_173' title='bbox 1892 461 1924 479; x_wconf 83' lang='grc' dir='ltr'>τε</span> 
     </span>
    </p>
   </div>
   <div class='ocr_carea' id='block_1_25' title="bbox 1131 492 1922 534">
    <p class='ocr_par' dir='ltr' id='par_1_25' title="bbox 1131 492 1922 534">
     <span class='ocr_line' id='line_1_25' title="bbox 1131 492 1922 534; baseline 0.009 -16"><span class='ocrx_word' id='word_1_174' title='bbox 1131 492 1177 518; x_wconf 73' lang='grc' dir='ltr'><strong>ἐτι1⁵</strong></span> <span class='ocrx_word' id='word_1_175' title='bbox 1201 494 1302 530; x_wconf 77' lang='grc' dir='ltr'>ταύτης</span> <span class='ocrx_word' id='word_1_176' title='bbox 1324 494 1473 528; x_wconf 75' lang='grc' dir='ltr'>ἁγιώτατος</span> <span class='ocrx_word' id='word_1_177' title='bbox 1499 496 1546 522; x_wconf 82' lang='grc' dir='ltr'>τοῦ</span> <span class='ocrx_word' id='word_1_178' title='bbox 1569 496 1636 523; x_wconf 72' lang='grc' dir='ltr'>Θεοῦ</span> <span class='ocrx_word' id='word_1_179' title='bbox 1654 497 1722 529; x_wconf 85' lang='grc' dir='ltr'>νεὼς</span> <span class='ocrx_word' id='word_1_180' title='bbox 1742 498 1922 534; x_wconf 75' lang='grc' dir='ltr'>κεκλήρωτος</span> 
     </span>
    </p>
   </div>
   <div class='ocr_carea' id='block_1_26' title="bbox 1137 539 1922 580">
    <p class='ocr_par' dir='ltr' id='par_1_26' title="bbox 1137 539 1922 580">
     <span class='ocr_line' id='line_1_26' title="bbox 1137 539 1922 580; baseline 0.008 -15"><span class='ocrx_word' id='word_1_181' title='bbox 1137 539 1205 566; x_wconf 79' lang='grc' dir='ltr'>Ἀλλ’</span> <span class='ocrx_word' id='word_1_182' title='bbox 1220 540 1294 576; x_wconf 77' lang='grc' dir='ltr'>ὅμως</span> <span class='ocrx_word' id='word_1_183' title='bbox 1310 541 1363 567; x_wconf 74' lang='grc' dir='ltr'>οὐδ’</span> <span class='ocrx_word' id='word_1_184' title='bbox 1385 542 1418 567; x_wconf 81' lang='grc' dir='ltr'><strong>ἐκ</strong></span> <span class='ocrx_word' id='word_1_185' title='bbox 1435 542 1548 572; x_wconf 82' lang='grc' dir='ltr'>τούτων.</span> <span class='ocrx_word' id='word_1_186' title='bbox 1565 543 1619 569; x_wconf 77' lang='grc' dir='ltr'>οὐδ’</span> <span class='ocrx_word' id='word_1_187' title='bbox 1635 543 1664 576; x_wconf 78' lang='grc' dir='ltr'>ἐξ</span> <span class='ocrx_word' id='word_1_188' title='bbox 1686 544 1783 579; x_wconf 73' lang='grc' dir='ltr'>ἐτέρας</span> <span class='ocrx_word' id='word_1_189' title='bbox 1801 545 1818 580; x_wconf 83' lang='grc' dir='ltr'>ἢ</span> <span class='ocrx_word' id='word_1_190' title='bbox 1839 545 1922 580; x_wconf 61' lang='grc' dir='ltr'>μόνης</span> 
     </span>
    </p>
   </div>
   <div class='ocr_carea' id='block_1_27' title="bbox 1131 585 1922 624">
    <p class='ocr_par' dir='ltr' id='par_1_27' title="bbox 1131 585 1922 624">
     <span class='ocr_line' id='line_1_27' title="bbox 1131 585 1922 624; baseline 0.009 -14"><span class='ocrx_word' id='word_1_191' title='bbox 1131 585 1163 610; x_wconf 84' lang='grc' dir='ltr'><strong>ἐκ</strong></span> <span class='ocrx_word' id='word_1_192' title='bbox 1179 585 1228 620; x_wconf 78' lang='grc' dir='ltr'>τῆς</span> <span class='ocrx_word' id='word_1_193' title='bbox 1252 586 1337 612; x_wconf 78' lang='grc' dir='ltr'>Ἰούδα</span> <span class='ocrx_word' id='word_1_194' title='bbox 1358 587 1444 622; x_wconf 80' lang='grc' dir='ltr'>φυλῆς</span> <span class='ocrx_word' id='word_1_195' title='bbox 1467 588 1483 622; x_wconf 84' lang='grc' dir='ltr'>ἡ</span> <span class='ocrx_word' id='word_1_196' title='bbox 1505 589 1553 622; x_wconf 76' lang='grc' dir='ltr'>τῆς</span> <span class='ocrx_word' id='word_1_197' title='bbox 1573 588 1664 624; x_wconf 81' lang='grc' dir='ltr'>χώρας</span> <span class='ocrx_word' id='word_1_198' title='bbox 1685 590 1732 616; x_wconf 81' lang='grc' dir='ltr'>καὶ</span> <span class='ocrx_word' id='word_1_199' title='bbox 1753 589 1799 616; x_wconf 79' lang='grc' dir='ltr'>τοῦ</span> <span class='ocrx_word' id='word_1_200' title='bbox 1823 591 1922 622; x_wconf 61' lang='grc' dir='ltr'>παντο..</span> 
     </span>
    </p>
   </div>
   <div class='ocr_carea' id='block_1_28' title="bbox 1131 631 1922 671">
    <p class='ocr_par' dir='ltr' id='par_1_28' title="bbox 1131 631 1922 671">
     <span class='ocr_line' id='line_1_28' title="bbox 1131 631 1922 671; baseline 0.008 -14"><span class='ocrx_word' id='word_1_201' title='bbox 1131 631 1223 663; x_wconf 78' lang='grc' dir='ltr'>ἔθνους</span> <span class='ocrx_word' id='word_1_202' title='bbox 1246 633 1415 669; x_wconf 76' lang='grc' dir='ltr'><strong>προσηγορία</strong></span> <span class='ocrx_word' id='word_1_203' title='bbox 1437 633 1567 669; x_wconf 56' lang='grc' dir='ltr'>ὄιέπρεψε</span> <span class='ocrx_word' id='word_1_204' title='bbox 1583 636 1615 670; x_wconf 85' lang='grc' dir='ltr'>τῇ</span> <span class='ocrx_word' id='word_1_205' title='bbox 1639 635 1791 671; x_wconf 63' lang='grc' dir='ltr'>προφητείᾳ.</span> <span class='ocrx_word' id='word_1_206' title='bbox 1808 636 1922 663; x_wconf 82' lang='grc' dir='ltr'>ἀκολού-</span> 
     </span>
    </p>
   </div>
   <div class='ocr_carea' id='block_1_29' title="bbox 1132 677 1920 717">
    <p class='ocr_par' dir='ltr' id='par_1_29' title="bbox 1132 677 1920 717">
     <span class='ocr_line' id='line_1_29' title="bbox 1132 677 1920 717; baseline 0.005 -13"><span class='ocrx_word' id='word_1_207' title='bbox 1132 677 1194 709; x_wconf 91' lang='grc' dir='ltr'>θως.</span> <span class='ocrx_word' id='word_1_208' title='bbox 1207 678 1284 705; x_wconf 73' lang='grc' dir='ltr'>Οὕτω</span> <span class='ocrx_word' id='word_1_209' title='bbox 1294 680 1324 713; x_wconf 84' lang='grc' dir='ltr'>γέ</span> <span class='ocrx_word' id='word_1_210' title='bbox 1338 688 1377 705; x_wconf 81' lang='grc' dir='ltr'><strong>τοι</strong></span> <span class='ocrx_word' id='word_1_211' title='bbox 1390 680 1430 711; x_wconf 80' lang='grc' dir='ltr'>τὸ,</span> <span class='ocrx_word' id='word_1_212' title='bbox 1447 689 1455 705; x_wconf 82' lang='grc' dir='ltr'><strong>ι</strong></span> <span class='ocrx_word' id='word_1_213' title='bbox 1468 681 1524 707; x_wconf 76' lang='grc' dir='ltr'><strong>Οὐκ</strong></span> <span class='ocrx_word' id='word_1_214' title='bbox 1536 680 1654 716; x_wconf 63' lang='grc' dir='ltr'>ἐκλείψει</span> <span class='ocrx_word' id='word_1_215' title='bbox 1665 682 1756 717; x_wconf 76' lang='grc' dir='ltr'>ἄρχων</span> <span class='ocrx_word' id='word_1_216' title='bbox 1767 682 1796 715; x_wconf 83' lang='grc' dir='ltr'>ἐξ</span> <span class='ocrx_word' id='word_1_217' title='bbox 1810 683 1920 714; x_wconf 63' lang='grc' dir='ltr'>Ἰούδαμ</span> 
     </span>
    </p>
   </div>
   <div class='ocr_carea' id='block_1_30' title="bbox 1131 725 1924 762">
    <p class='ocr_par' dir='ltr' id='par_1_30' title="bbox 1131 725 1924 762">
     <span class='ocr_line' id='line_1_30' title="bbox 1131 725 1924 762; baseline 0.008 -12"><span class='ocrx_word' id='word_1_218' title='bbox 1131 725 1177 751; x_wconf 80' lang='grc' dir='ltr'><strong>ἐπὶ</strong></span> <span class='ocrx_word' id='word_1_219' title='bbox 1194 725 1242 760; x_wconf 75' lang='grc' dir='ltr'>τὴν</span> <span class='ocrx_word' id='word_1_220' title='bbox 1263 726 1348 760; x_wconf 71' lang='grc' dir='ltr'>φυλὴν</span> <span class='ocrx_word' id='word_1_221' title='bbox 1367 727 1430 761; x_wconf 74' lang='grc' dir='ltr'><strong>ἡμῖν</strong></span> <span class='ocrx_word' id='word_1_222' title='bbox 1446 727 1631 762; x_wconf 80' lang='grc' dir='ltr'>ἀνενήνεκται,</span> <span class='ocrx_word' id='word_1_223' title='bbox 1655 729 1702 754; x_wconf 84' lang='grc' dir='ltr'>καὶ</span> <span class='ocrx_word' id='word_1_224' title='bbox 1727 729 1814 760; x_wconf 78' lang='grc' dir='ltr'>μόνως</span> <span class='ocrx_word' id='word_1_225' title='bbox 1835 729 1924 762; x_wconf 72' lang='grc' dir='ltr'>οὕτως</span> 
     </span>
    </p>
   </div>
   <div class='ocr_carea' id='block_1_31' title="bbox 1131 771 1922 819">
    <p class='ocr_par' dir='ltr' id='par_1_31' title="bbox 1131 771 1922 819">
     <span class='ocr_line' id='line_1_31' title="bbox 1131 771 1922 819; baseline 0.008 -23"><span class='ocrx_word' id='word_1_226' title='bbox 1131 771 1238 806; x_wconf 87' lang='grc' dir='ltr'>ἀληθῶς</span> <span class='ocrx_word' id='word_1_227' title='bbox 1251 773 1266 807; x_wconf 88' lang='grc' dir='ltr'><strong>ἠ</strong></span> <span class='ocrx_word' id='word_1_228' title='bbox 1281 772 1432 808; x_wconf 70' lang='grc' dir='ltr'>πρόρρησις</span> <span class='ocrx_word' id='word_1_229' title='bbox 1442 772 1611 800; x_wconf 72' lang='grc' dir='ltr'>ἀποδέδοται.</span> <span class='ocrx_word' id='word_1_230' title='bbox 1620 774 1686 800; x_wconf 78' lang='grc' dir='ltr'><strong>Ἀπὸ</strong></span> <span class='ocrx_word' id='word_1_231' title='bbox 1700 774 1765 809; x_wconf 72' lang='grc' dir='ltr'>γοῦν</span> <span class='ocrx_word' id='word_1_232' title='bbox 1779 775 1832 819; x_wconf 50' lang='grc' dir='ltr'>τῆν</span> <span class='ocrx_word' id='word_1_233' title='bbox 1844 776 1922 803; x_wconf 56' lang='lat' dir='ltr'><strong>Muri»</strong></span> 
     </span>
    </p>
   </div>
   <div class='ocr_carea' id='block_1_32' title="bbox 1133 817 1923 856">
    <p class='ocr_par' dir='ltr' id='par_1_32' title="bbox 1133 817 1923 856">
     <span class='ocr_line' id='line_1_32' title="bbox 1133 817 1923 856; baseline 0.008 -13"><span class='ocrx_word' id='word_1_234' title='bbox 1133 817 1201 848; x_wconf 78' lang='grc' dir='ltr'><strong>σέως</strong></span> <span class='ocrx_word' id='word_1_235' title='bbox 1214 818 1316 853; x_wconf 81' lang='grc' dir='ltr'>χρόνων</span> <span class='ocrx_word' id='word_1_236' title='bbox 1334 818 1451 853; x_wconf 75' lang='grc' dir='ltr'>καθεξῆς</span> <span class='ocrx_word' id='word_1_237' title='bbox 1467 820 1496 846; x_wconf 78' lang='grc' dir='ltr'>οὺ</span> <span class='ocrx_word' id='word_1_238' title='bbox 1511 819 1630 846; x_wconf 80' lang='grc' dir='ltr'>διέλιπον</span> <span class='ocrx_word' id='word_1_239' title='bbox 1646 822 1754 856; x_wconf 85' lang='grc' dir='ltr'>μερικοὶ</span> <span class='ocrx_word' id='word_1_240' title='bbox 1769 817 1819 856; x_wconf 74' lang='grc' dir='ltr'>μὲν</span> <span class='ocrx_word' id='word_1_241' title='bbox 1832 822 1923 849; x_wconf 78' lang='grc' dir='ltr'>αὐτῶν</span> 
     </span>
    </p>
   </div>
   <div class='ocr_carea' id='block_1_33' title="bbox 1132 863 1921 904">
    <p class='ocr_par' dir='ltr' id='par_1_33' title="bbox 1132 863 1921 904">
     <span class='ocr_line' id='line_1_33' title="bbox 1132 863 1921 904; baseline 0.009 -15"><span class='ocrx_word' id='word_1_242' title='bbox 1132 863 1270 899; x_wconf 80' lang='grc' dir='ltr'>ἄρχοντες,</span> <span class='ocrx_word' id='word_1_243' title='bbox 1282 865 1313 891; x_wconf 84' lang='grc' dir='ltr'><strong>ἐκ</strong></span> <span class='ocrx_word' id='word_1_244' title='bbox 1334 865 1479 901; x_wconf 66' lang='grc' dir='ltr'>διαφόρων,</span> <span class='ocrx_word' id='word_1_245' title='bbox 1491 867 1528 898; x_wconf 79' lang='grc' dir='ltr'>ὡς</span> <span class='ocrx_word' id='word_1_246' title='bbox 1544 867 1622 902; x_wconf 75' lang='grc' dir='ltr'>ἔφην,</span> <span class='ocrx_word' id='word_1_247' title='bbox 1639 868 1730 902; x_wconf 77' lang='grc' dir='ltr'>φυλῶν</span> <span class='ocrx_word' id='word_1_248' title='bbox 1741 869 1921 904; x_wconf 78' lang='grc' dir='ltr'><strong>ἡγησάμενοι¹</strong></span> 
     </span>
    </p>
   </div>
   <div class='ocr_carea' id='block_1_34' title="bbox 287 910 1081 950">
    <p class='ocr_par' dir='ltr' id='par_1_34' title="bbox 287 914 1077 949">
     <span class='ocr_line' id='line_1_34' title="bbox 287 914 1077 949; baseline 0.005 -9"><span class='ocrx_word' id='word_1_249' title='bbox 287 914 320 941; x_wconf 86' lang='lat' dir='ltr'><strong>ad</strong></span> <span class='ocrx_word' id='word_1_250' title='bbox 337 914 424 949; x_wconf 86' lang='lat' dir='ltr'><strong>ipsam</strong></span> <span class='ocrx_word' id='word_1_251' title='bbox 447 915 549 942; x_wconf 87' lang='lat' dir='ltr'><strong>tribum</strong></span> <span class='ocrx_word' id='word_1_252' title='bbox 562 923 578 942; x_wconf 86' lang='lat' dir='ltr'><strong>a</strong></span> <span class='ocrx_word' id='word_1_253' title='bbox 593 916 672 943; x_wconf 89' lang='lat' dir='ltr'><strong>nobis</strong></span> <span class='ocrx_word' id='word_1_254' title='bbox 696 915 812 942; x_wconf 86' lang='lat' dir='ltr'><strong>relatum</strong></span> <span class='ocrx_word' id='word_1_255' title='bbox 836 920 889 947; x_wconf 88' lang='lat' dir='ltr'><strong>est,</strong></span> <span class='ocrx_word' id='word_1_256' title='bbox 914 921 939 944; x_wconf 91' lang='lat' dir='ltr'><strong>et</strong></span> <span class='ocrx_word' id='word_1_257' title='bbox 958 917 1007 944; x_wconf 88' lang='lat' dir='ltr'><strong>hoc</strong></span> <span class='ocrx_word' id='word_1_258' title='bbox 1023 925 1077 944; x_wconf 87' lang='lat' dir='ltr'><strong>uno</strong></span> 
     </span>
    </p>
   </div>
   <div class='ocr_carea' id='block_1_35' title="bbox 1133 910 1922 950">
    <p class='ocr_par' dir='ltr' id='par_1_35' title="bbox 1133 910 1922 950">
     <span class='ocr_line' id='line_1_35' title="bbox 1133 910 1922 950; baseline 0.009 -14"><span class='ocrx_word' id='word_1_259' title='bbox 1133 910 1245 936; x_wconf 72' lang='grc' dir='ltr'>καθόλου</span> <span class='ocrx_word' id='word_1_260' title='bbox 1258 911 1285 937; x_wconf 79' lang='grc' dir='ltr'>δὲ</span> <span class='ocrx_word' id='word_1_261' title='bbox 1299 912 1315 946; x_wconf 86' lang='grc' dir='ltr'>ἡ</span> <span class='ocrx_word' id='word_1_262' title='bbox 1333 911 1377 938; x_wconf 78' lang='grc' dir='ltr'>τοῦ</span> <span class='ocrx_word' id='word_1_263' title='bbox 1402 913 1486 940; x_wconf 76' lang='grc' dir='ltr'>Ἰούδα</span> <span class='ocrx_word' id='word_1_264' title='bbox 1502 914 1571 948; x_wconf 78' lang='grc' dir='ltr'>φυλὴ</span> <span class='ocrx_word' id='word_1_265' title='bbox 1587 914 1686 946; x_wconf 66' lang='grc' dir='ltr'>παντὸς</span> <span class='ocrx_word' id='word_1_266' title='bbox 1701 915 1862 950; x_wconf 83' lang='grc' dir='ltr'>προεστῶσα</span> <span class='ocrx_word' id='word_1_267' title='bbox 1874 913 1922 943; x_wconf 64' lang='grc' dir='ltr'>τοῦ</span> 
     </span>
    </p>
   </div>
   <div class='ocr_carea' id='block_1_36' title="bbox 288 959 1079 991">
    <p class='ocr_par' dir='ltr' id='par_1_36' title="bbox 288 959 1079 991">
     <span class='ocr_line' id='line_1_36' title="bbox 288 959 1079 991; baseline 0.004 -5"><span class='ocrx_word' id='word_1_268' title='bbox 288 959 423 986; x_wconf 63' lang='lat' dir='ltr'><strong>duntaxat</strong></span> <span class='ocrx_word' id='word_1_269' title='bbox 442 961 522 987; x_wconf 89' lang='lat' dir='ltr'><strong>modo</strong></span> <span class='ocrx_word' id='word_1_270' title='bbox 539 961 642 988; x_wconf 89' lang='lat' dir='ltr'><strong>oraculi</strong></span> <span class='ocrx_word' id='word_1_271' title='bbox 661 961 762 989; x_wconf 81' lang='lat' dir='ltr'><strong>veritas</strong></span> <span class='ocrx_word' id='word_1_272' title='bbox 783 961 871 988; x_wconf 90' lang='lat' dir='ltr'><strong>locum</strong></span> <span class='ocrx_word' id='word_1_273' title='bbox 890 962 981 991; x_wconf 81' lang='lat' dir='ltr'><strong>habet.</strong></span> <span class='ocrx_word' id='word_1_274' title='bbox 995 962 1079 990; x_wconf 84' lang='lat' dir='ltr'><strong>Nam-</strong></span> 
     </span>
    </p>
   </div>
   <div class='ocr_carea' id='block_1_37' title="bbox 288 1006 1082 1043">
    <p class='ocr_par' dir='ltr' id='par_1_37' title="bbox 288 1006 1082 1043">
     <span class='ocr_line' id='line_1_37' title="bbox 288 1006 1082 1043; baseline 0.005 -11"><span class='ocrx_word' id='word_1_275' title='bbox 288 1013 342 1041; x_wconf 85' lang='lat' dir='ltr'><strong>que</strong></span> <span class='ocrx_word' id='word_1_276' title='bbox 353 1014 368 1032; x_wconf 87' lang='lat' dir='ltr'><strong>a</strong></span> <span class='ocrx_word' id='word_1_277' title='bbox 380 1006 464 1034; x_wconf 84' lang='lat' dir='ltr'><strong>Musis</strong></span> <span class='ocrx_word' id='word_1_278' title='bbox 478 1015 565 1042; x_wconf 87' lang='lat' dir='ltr'><strong>usque</strong></span> <span class='ocrx_word' id='word_1_279' title='bbox 583 1007 765 1042; x_wconf 87' lang='lat' dir='ltr'><strong>temporibus,</strong></span> <span class='ocrx_word' id='word_1_280' title='bbox 783 1008 914 1043; x_wconf 86' lang='lat' dir='ltr'><strong>deinceps</strong></span> <span class='ocrx_word' id='word_1_281' title='bbox 930 1017 984 1036; x_wconf 87' lang='lat' dir='ltr'><strong>non</strong></span> <span class='ocrx_word' id='word_1_282' title='bbox 1005 1009 1082 1037; x_wconf 82' lang='lat' dir='ltr'><strong>defe-</strong></span> 
     </span>
    </p>
   </div>
   <div class='ocr_carea' id='block_1_38' title="bbox 288 1053 1080 1089">
    <p class='ocr_par' dir='ltr' id='par_1_38' title="bbox 288 1053 1080 1089">
     <span class='ocr_line' id='line_1_38' title="bbox 288 1053 1080 1089; baseline 0.001 -9"><span class='ocrx_word' id='word_1_283' title='bbox 288 1056 385 1080; x_wconf 88' lang='lat' dir='ltr'><strong>ceruut</strong></span> <span class='ocrx_word' id='word_1_284' title='bbox 404 1054 583 1087; x_wconf 78' lang='lat' dir='ltr'><strong>particulares</strong></span> <span class='ocrx_word' id='word_1_285' title='bbox 599 1053 708 1087; x_wconf 89' lang='lat' dir='ltr'><strong>quidem</strong></span> <span class='ocrx_word' id='word_1_286' title='bbox 731 1054 853 1088; x_wconf 87' lang='lat' dir='ltr'><strong>ipsorum</strong></span> <span class='ocrx_word' id='word_1_287' title='bbox 879 1054 1018 1089; x_wconf 83' lang='lat' dir='ltr'><strong>principes</strong></span> <span class='ocrx_word' id='word_1_288' title='bbox 1033 1055 1080 1089; x_wconf 83' lang='lat' dir='ltr'><strong>qui</strong></span> 
     </span>
    </p>
   </div>
   <div class='ocr_carea' id='block_1_39' title="bbox 287 1097 1082 1134">
    <p class='ocr_par' dir='ltr' id='par_1_39' title="bbox 287 1097 1082 1134">
     <span class='ocr_line' id='line_1_39' title="bbox 287 1097 1082 1134; baseline 0.003 -9"><span class='ocrx_word' id='word_1_289' title='bbox 287 1105 321 1125; x_wconf 74' lang='lat' dir='ltr'><strong>ex</strong></span> <span class='ocrx_word' id='word_1_290' title='bbox 347 1097 476 1128; x_wconf 78' lang='lat' dir='ltr'><strong>diversis,</strong></span> <span class='ocrx_word' id='word_1_291' title='bbox 494 1102 523 1124; x_wconf 90' lang='lat' dir='ltr'><strong>ut</strong></span> <span class='ocrx_word' id='word_1_292' title='bbox 539 1097 642 1124; x_wconf 88' lang='lat' dir='ltr'><strong>dictum</strong></span> <span class='ocrx_word' id='word_1_293' title='bbox 657 1103 710 1130; x_wconf 88' lang='lat' dir='ltr'><strong>est,</strong></span> <span class='ocrx_word' id='word_1_294' title='bbox 729 1099 866 1130; x_wconf 89' lang='lat' dir='ltr'><strong>tribubus,</strong></span> <span class='ocrx_word' id='word_1_295' title='bbox 880 1100 954 1134; x_wconf 83' lang='lat' dir='ltr'><strong>genti</strong></span> <span class='ocrx_word' id='word_1_296' title='bbox 968 1101 1082 1134; x_wconf 50' lang='lat' dir='ltr'><strong>praefui.~</strong></span> 
     </span>
    </p>
   </div>
   <div class='ocr_carea' id='block_1_40' title="bbox 288 1144 1081 1182">
    <p class='ocr_par' dir='ltr' id='par_1_40' title="bbox 288 1144 1081 1182">
     <span class='ocr_line' id='line_1_40' title="bbox 288 1144 1081 1182; baseline 0.004 -11"><span class='ocrx_word' id='word_1_297' title='bbox 288 1144 353 1176; x_wconf 81' lang='lat' dir='ltr'><strong>rint,</strong></span> <span class='ocrx_word' id='word_1_298' title='bbox 370 1144 451 1180; x_wconf 83' lang='lat'><strong>373</strong></span> <span class='ocrx_word' id='word_1_299' title='bbox 471 1145 497 1171; x_wconf 94' lang='lat' dir='ltr'><strong>in</strong></span> <span class='ocrx_word' id='word_1_300' title='bbox 513 1145 673 1172; x_wconf 86' lang='lat' dir='ltr'><strong>universum</strong></span> <span class='ocrx_word' id='word_1_301' title='bbox 701 1149 789 1172; x_wconf 83' lang='lat' dir='ltr'><strong>autem</strong></span> <span class='ocrx_word' id='word_1_302' title='bbox 809 1145 974 1174; x_wconf 77' lang='lat' dir='ltr'><strong>tribusJuda</strong></span> <span class='ocrx_word' id='word_1_303' title='bbox 988 1167 996 1179; x_wconf 94' lang='lat'><strong>,</strong></span> <span class='ocrx_word' id='word_1_304' title='bbox 1021 1155 1081 1182; x_wconf 73' lang='lat' dir='ltr'><strong>qua!</strong></span> 
     </span>
    </p>
   </div>
   <div class='ocr_carea' id='block_1_41' title="bbox 288 1192 1080 1228">
    <p class='ocr_par' dir='ltr' id='par_1_41' title="bbox 288 1192 1080 1228">
     <span class='ocr_line' id='line_1_41' title="bbox 288 1192 1080 1228; baseline 0.003 -10"><span class='ocrx_word' id='word_1_305' title='bbox 288 1192 372 1219; x_wconf 87' lang='lat' dir='ltr'><strong>totius</strong></span> <span class='ocrx_word' id='word_1_306' title='bbox 383 1192 473 1227; x_wconf 87' lang='lat' dir='ltr'><strong>gentis</strong></span> <span class='ocrx_word' id='word_1_307' title='bbox 498 1192 683 1227; x_wconf 81' lang='lat' dir='ltr'><strong>principatum</strong></span> <span class='ocrx_word' id='word_1_308' title='bbox 696 1193 827 1220; x_wconf 81' lang='lat' dir='ltr'><strong>tenuerit.</strong></span> <span class='ocrx_word' id='word_1_309' title='bbox 843 1193 973 1228; x_wconf 75' lang='lat' dir='ltr'><strong>Exemplo</strong></span> <span class='ocrx_word' id='word_1_310' title='bbox 989 1198 1080 1221; x_wconf 87' lang='lat' dir='ltr'><strong>autem</strong></span> 
     </span>
    </p>
   </div>
   <div class='ocr_carea' id='block_1_42' title="bbox 288 1238 1081 1275">
    <p class='ocr_par' dir='ltr' id='par_1_42' title="bbox 288 1238 1081 1275">
     <span class='ocr_line' id='line_1_42' title="bbox 288 1238 1081 1275; baseline 0.004 -10"><span class='ocrx_word' id='word_1_311' title='bbox 288 1238 316 1265; x_wconf 84' lang='lat' dir='ltr'><strong>id</strong></span> <span class='ocrx_word' id='word_1_312' title='bbox 329 1238 402 1274; x_wconf 88' lang='lat' dir='ltr'><strong>quod</strong></span> <span class='ocrx_word' id='word_1_313' title='bbox 429 1242 496 1265; x_wconf 89' lang='lat' dir='ltr'><strong>tunc</strong></span> <span class='ocrx_word' id='word_1_314' title='bbox 511 1239 614 1266; x_wconf 89' lang='lat' dir='ltr'><strong>dictum</strong></span> <span class='ocrx_word' id='word_1_315' title='bbox 636 1243 688 1268; x_wconf 82' lang='lat' dir='ltr'><strong>est.</strong></span> <span class='ocrx_word' id='word_1_316' title='bbox 702 1240 749 1266; x_wconf 87' lang='lat' dir='ltr'><strong>tibi</strong></span> <span class='ocrx_word' id='word_1_317' title='bbox 766 1240 890 1274; x_wconf 84' lang='lat' dir='ltr'><strong>apertius</strong></span> <span class='ocrx_word' id='word_1_318' title='bbox 905 1241 1031 1275; x_wconf 75' lang='lat' dir='ltr'><strong>liquebit.</strong></span> <span class='ocrx_word' id='word_1_319' title='bbox 1046 1240 1081 1268; x_wconf 79' lang='lat' dir='ltr'><strong>Ut</strong></span> 
     </span>
    </p>
   </div>
   <div class='ocr_carea' id='block_1_43' title="bbox 289 1283 1082 1321">
    <p class='ocr_par' dir='ltr' id='par_1_43' title="bbox 289 1283 1082 1321">
     <span class='ocr_line' id='line_1_43' title="bbox 289 1283 1082 1321; baseline 0.001 -9"><span class='ocrx_word' id='word_1_320' title='bbox 289 1285 362 1312; x_wconf 85' lang='lat' dir='ltr'><strong>enim</strong></span> <span class='ocrx_word' id='word_1_321' title='bbox 383 1284 411 1311; x_wconf 94' lang='lat' dir='ltr'><strong>in</strong></span> <span class='ocrx_word' id='word_1_322' title='bbox 429 1283 553 1312; x_wconf 76' lang='lat' dir='ltr'><strong>Romano</strong></span> <span class='ocrx_word' id='word_1_323' title='bbox 574 1286 688 1320; x_wconf 90' lang='lat' dir='ltr'><strong>imperio</strong></span> <span class='ocrx_word' id='word_1_324' title='bbox 701 1286 870 1320; x_wconf 77' lang='lat' dir='ltr'><strong>singularum</strong></span> <span class='ocrx_word' id='word_1_325' title='bbox 885 1287 1005 1320; x_wconf 80' lang='lat' dir='ltr'><strong>gentium</strong></span> <span class='ocrx_word' id='word_1_326' title='bbox 1018 1294 1082 1321; x_wconf 75' lang='lat' dir='ltr'><strong>pro-</strong></span> 
     </span>
    </p>
   </div>
   <div class='ocr_carea' id='block_1_44' title="bbox 289 1331 1080 1366">
    <p class='ocr_par' dir='ltr' id='par_1_44' title="bbox 289 1331 1080 1366">
     <span class='ocr_line' id='line_1_44' title="bbox 289 1331 1080 1366; baseline 0.001 -9"><span class='ocrx_word' id='word_1_327' title='bbox 289 1335 443 1361; x_wconf 79' lang='lat' dir='ltr'><strong>curatores,</strong></span> <span class='ocrx_word' id='word_1_328' title='bbox 469 1334 497 1357; x_wconf 88' lang='lat' dir='ltr'><strong>et</strong></span> <span class='ocrx_word' id='word_1_329' title='bbox 520 1331 650 1365; x_wconf 64' lang='lat' dir='ltr'><strong>prazsides</strong></span> <span class='ocrx_word' id='word_1_330' title='bbox 666 1336 852 1366; x_wconf 63' lang='lat' dir='ltr'><strong>prartoresque</strong></span> <span class='ocrx_word' id='word_1_331' title='bbox 876 1336 903 1359; x_wconf 90' lang='lat' dir='ltr'><strong>et</strong></span> <span class='ocrx_word' id='word_1_332' title='bbox 926 1336 1080 1359; x_wconf 86' lang='lat' dir='ltr'><strong>castrorum</strong></span> 
     </span>
    </p>
   </div>
   <div class='ocr_carea' id='block_1_45' title="bbox 289 1376 1079 1414">
    <p class='ocr_par' dir='ltr' id='par_1_45' title="bbox 289 1376 1079 1414">
     <span class='ocr_line' id='line_1_45' title="bbox 289 1376 1079 1414; baseline 0.005 -12"><span class='ocrx_word' id='word_1_333' title='bbox 289 1376 422 1412; x_wconf 68' lang='lat' dir='ltr'><strong>praefecti,</strong></span> <span class='ocrx_word' id='word_1_334' title='bbox 445 1380 472 1403; x_wconf 84' lang='lat' dir='ltr'><strong>et</strong></span> <span class='ocrx_word' id='word_1_335' title='bbox 491 1377 538 1412; x_wconf 94' lang='lat' dir='ltr'><strong>qui</strong></span> <span class='ocrx_word' id='word_1_336' title='bbox 563 1384 659 1404; x_wconf 88' lang='lat' dir='ltr'><strong>omnes</strong></span> <span class='ocrx_word' id='word_1_337' title='bbox 675 1378 809 1412; x_wconf 77' lang='lat' dir='ltr'><strong>dignitate</strong></span> <span class='ocrx_word' id='word_1_338' title='bbox 833 1382 974 1412; x_wconf 89' lang='lat' dir='ltr'><strong>anteeunt,</strong></span> <span class='ocrx_word' id='word_1_339' title='bbox 991 1387 1079 1414; x_wconf 81' lang='lat' dir='ltr'><strong>reges,</strong></span> 
     </span>
    </p>
   </div>
   <div class='ocr_carea' id='block_1_46' title="bbox 290 1422 1082 1458">
    <p class='ocr_par' dir='ltr' id='par_1_46' title="bbox 290 1422 1082 1458">
     <span class='ocr_line' id='line_1_46' title="bbox 290 1422 1082 1458; baseline 0.004 -10"><span class='ocrx_word' id='word_1_340' title='bbox 290 1429 345 1448; x_wconf 92' lang='lat' dir='ltr'><strong>non</strong></span> <span class='ocrx_word' id='word_1_341' title='bbox 359 1422 471 1448; x_wconf 90' lang='lat' dir='ltr'><strong>omnino</strong></span> <span class='ocrx_word' id='word_1_342' title='bbox 486 1429 581 1449; x_wconf 88' lang='lat' dir='ltr'><strong>onmes</strong></span> <span class='ocrx_word' id='word_1_343' title='bbox 595 1422 628 1449; x_wconf 88' lang='lat' dir='ltr'><strong>de</strong></span> <span class='ocrx_word' id='word_1_344' title='bbox 643 1422 701 1456; x_wconf 84' lang='lat' dir='ltr'><strong>ipsa</strong></span> <span class='ocrx_word' id='word_1_345' title='bbox 715 1422 836 1449; x_wconf 78' lang='lat' dir='ltr'><strong>Romana</strong></span> <span class='ocrx_word' id='word_1_346' title='bbox 854 1423 920 1451; x_wconf 86' lang='lat' dir='ltr'><strong>urbe</strong></span> <span class='ocrx_word' id='word_1_347' title='bbox 935 1424 1082 1458; x_wconf 82' lang='lat' dir='ltr'><strong>capiuntur</strong></span> 
     </span>
    </p>
   </div>
   <div class='ocr_carea' id='block_1_47' title="bbox 290 1467 1081 1504">
    <p class='ocr_par' dir='ltr' id='par_1_47' title="bbox 290 1467 1081 1504">
     <span class='ocr_line' id='line_1_47' title="bbox 290 1467 1081 1504; baseline 0.004 -9"><span class='ocrx_word' id='word_1_348' title='bbox 290 1476 378 1503; x_wconf 88' lang='lat' dir='ltr'><strong>neque</strong></span> <span class='ocrx_word' id='word_1_349' title='bbox 390 1468 423 1495; x_wconf 88' lang='lat' dir='ltr'><strong>de</strong></span> <span class='ocrx_word' id='word_1_350' title='bbox 437 1467 512 1495; x_wconf 78' lang='lat' dir='ltr'><strong>Remi</strong></span> <span class='ocrx_word' id='word_1_351' title='bbox 529 1468 586 1495; x_wconf 81' lang='lat' dir='ltr'><strong>sive</strong></span> <span class='ocrx_word' id='word_1_352' title='bbox 598 1467 706 1495; x_wconf 68' lang='lat' dir='ltr'><strong>Romuli</strong></span> <span class='ocrx_word' id='word_1_353' title='bbox 721 1477 830 1504; x_wconf 80' lang='lat' dir='ltr'><strong>genere,</strong></span> <span class='ocrx_word' id='word_1_354' title='bbox 845 1470 892 1497; x_wconf 87' lang='lat' dir='ltr'><strong>sed</strong></span> <span class='ocrx_word' id='word_1_355' title='bbox 906 1478 939 1497; x_wconf 82' lang='lat' dir='ltr'><strong>ex</strong></span> <span class='ocrx_word' id='word_1_356' title='bbox 955 1471 1081 1499; x_wconf 91' lang='lat' dir='ltr'><strong>innume-</strong></span> 
     </span>
    </p>
   </div>
   <div class='ocr_carea' id='block_1_48' title="bbox 290 1514 1081 1548">
    <p class='ocr_par' dir='ltr' id='par_1_48' title="bbox 290 1514 1081 1548">
     <span class='ocr_line' id='line_1_48' title="bbox 290 1514 1081 1548; baseline 0.004 -7"><span class='ocrx_word' id='word_1_357' title='bbox 290 1514 435 1547; x_wconf 79' lang='lat' dir='ltr'><strong>rabilibus,</strong></span> <span class='ocrx_word' id='word_1_358' title='bbox 451 1515 522 1542; x_wconf 87' lang='lat' dir='ltr'><strong>alius</strong></span> <span class='ocrx_word' id='word_1_359' title='bbox 545 1515 666 1547; x_wconf 83' lang='lat' dir='ltr'><strong>aliunde,</strong></span> <span class='ocrx_word' id='word_1_360' title='bbox 687 1516 857 1548; x_wconf 85' lang='lat' dir='ltr'><strong>nationibus,</strong></span> <span class='ocrx_word' id='word_1_361' title='bbox 874 1524 970 1544; x_wconf 89' lang='lat' dir='ltr'><strong>omnes</strong></span> <span class='ocrx_word' id='word_1_362' title='bbox 991 1521 1081 1545; x_wconf 86' lang='lat' dir='ltr'><strong>tamen</strong></span> 
     </span>
    </p>
   </div>
   <div class='ocr_carea' id='block_1_49' title="bbox 291 1562 1079 1599">
    <p class='ocr_par' dir='ltr' id='par_1_49' title="bbox 291 1562 1079 1599">
     <span class='ocr_line' id='line_1_49' title="bbox 291 1562 1079 1599; baseline 0.004 -11"><span class='ocrx_word' id='word_1_363' title='bbox 291 1565 319 1588; x_wconf 82' lang='lat' dir='ltr'><strong>et</strong></span> <span class='ocrx_word' id='word_1_364' title='bbox 335 1568 412 1596; x_wconf 80' lang='lat' dir='ltr'><strong>reges</strong></span> <span class='ocrx_word' id='word_1_365' title='bbox 432 1565 458 1588; x_wconf 89' lang='lat' dir='ltr'><strong>et</strong></span> <span class='ocrx_word' id='word_1_366' title='bbox 474 1562 520 1596; x_wconf 88' lang='lat' dir='ltr'><strong>qui</strong></span> <span class='ocrx_word' id='word_1_367' title='bbox 543 1566 605 1596; x_wconf 90' lang='lat' dir='ltr'><strong>post</strong></span> <span class='ocrx_word' id='word_1_368' title='bbox 624 1562 698 1596; x_wconf 92' lang='lat' dir='ltr'><strong>ipsos</strong></span> <span class='ocrx_word' id='word_1_369' title='bbox 720 1562 842 1589; x_wconf 87' lang='lat' dir='ltr'><strong>secundo</strong></span> <span class='ocrx_word' id='word_1_370' title='bbox 855 1564 915 1590; x_wconf 86' lang='lat' dir='ltr'><strong>loco</strong></span> <span class='ocrx_word' id='word_1_371' title='bbox 929 1563 1079 1599; x_wconf 84' lang='lat' dir='ltr'><strong>principes,</strong></span> 
     </span>
    </p>
   </div>
   <div class='ocr_carea' id='block_1_50' title="bbox 1131 957 1923 997">
    <p class='ocr_par' dir='ltr' id='par_1_50' title="bbox 1131 957 1923 997">
     <span class='ocr_line' id='line_1_50' title="bbox 1131 957 1923 997; baseline 0.008 -14"><span class='ocrx_word' id='word_1_372' title='bbox 1131 957 1222 989; x_wconf 72' lang='grc' dir='ltr'>ἔθνους</span> <span class='ocrx_word' id='word_1_373' title='bbox 1250 959 1456 995; x_wconf 75' lang='grc' dir='ltr'>Ιιαραδείγματι</span> <span class='ocrx_word' id='word_1_374' title='bbox 1472 960 1500 986; x_wconf 80' lang='grc' dir='ltr'><strong>δὲ</strong></span> <span class='ocrx_word' id='word_1_375' title='bbox 1516 960 1649 996; x_wconf 80' lang='grc' dir='ltr'>καταδέξῃ</span> <span class='ocrx_word' id='word_1_376' title='bbox 1661 961 1692 987; x_wconf 88' lang='grc' dir='ltr'>τὸ</span> <span class='ocrx_word' id='word_1_377' title='bbox 1702 962 1856 997; x_wconf 71' lang='grc' dir='ltr'>είρημένον.</span> <span class='ocrx_word' id='word_1_378' title='bbox 1878 963 1923 994; x_wconf 88' lang='grc' dir='ltr'>Ὠς</span> 
     </span>
    </p>
   </div>
   <div class='ocr_carea' id='block_1_51' title="bbox 1133 1003 1922 1041">
    <p class='ocr_par' dir='ltr' id='par_1_51' title="bbox 1133 1003 1922 1041">
     <span class='ocr_line' id='line_1_51' title="bbox 1133 1003 1922 1041; baseline 0.008 -12"><span class='ocrx_word' id='word_1_379' title='bbox 1133 1003 1188 1038; x_wconf 82' lang='grc' dir='ltr'>γὰρ</span> <span class='ocrx_word' id='word_1_380' title='bbox 1207 1004 1252 1030; x_wconf 74' lang='grc' dir='ltr'><strong>ἐπὶ</strong></span> <span class='ocrx_word' id='word_1_381' title='bbox 1260 1004 1308 1038; x_wconf 75' lang='grc' dir='ltr'>τῆς</span> <span class='ocrx_word' id='word_1_382' title='bbox 1329 1005 1472 1040; x_wconf 84' lang='grc' dir='ltr'>Ῥωμαίων</span> <span class='ocrx_word' id='word_1_383' title='bbox 1488 1006 1575 1041; x_wconf 79' lang='grc' dir='ltr'>ἀρχῆς</span> <span class='ocrx_word' id='word_1_384' title='bbox 1591 1008 1614 1033; x_wconf 86' lang='grc' dir='ltr'><strong>οί</strong></span> <span class='ocrx_word' id='word_1_385' title='bbox 1630 1007 1678 1041; x_wconf 85' lang='grc' dir='ltr'><strong>μὲν</strong></span> <span class='ocrx_word' id='word_1_386' title='bbox 1694 1007 1753 1034; x_wconf 79' lang='grc' dir='ltr'>κατ’</span> <span class='ocrx_word' id='word_1_387' title='bbox 1771 1007 1846 1039; x_wconf 76' lang='grc' dir='ltr'>ἔθνος</span> <span class='ocrx_word' id='word_1_388' title='bbox 1860 1008 1922 1035; x_wconf 78' lang='grc' dir='ltr'>ἐπε-</span> 
     </span>
    </p>
   </div>
   <div class='ocr_carea' id='block_1_52' title="bbox 1130 1049 1923 1090">
    <p class='ocr_par' dir='ltr' id='par_1_52' title="bbox 1130 1049 1923 1090">
     <span class='ocr_line' id='line_1_52' title="bbox 1130 1049 1923 1090; baseline 0.009 -15"><span class='ocrx_word' id='word_1_389' title='bbox 1130 1049 1225 1085; x_wconf 85' lang='grc' dir='ltr'>τροποί</span> <span class='ocrx_word' id='word_1_390' title='bbox 1246 1059 1274 1076; x_wconf 79' lang='grc' dir='ltr'>τε</span> <span class='ocrx_word' id='word_1_391' title='bbox 1292 1051 1338 1077; x_wconf 73' lang='grc' dir='ltr'>καὶ</span> <span class='ocrx_word' id='word_1_392' title='bbox 1359 1052 1520 1086; x_wconf 75' lang='grc' dir='ltr'>ἡγούμενοι,</span> <span class='ocrx_word' id='word_1_393' title='bbox 1536 1053 1650 1088; x_wconf 74' lang='grc' dir='ltr'>ἑπιρχοί</span> <span class='ocrx_word' id='word_1_394' title='bbox 1664 1063 1693 1080; x_wconf 80' lang='grc' dir='ltr'><strong>τε</strong></span> <span class='ocrx_word' id='word_1_395' title='bbox 1708 1055 1755 1080; x_wconf 77' lang='grc' dir='ltr'><strong>καὶ</strong></span> <span class='ocrx_word' id='word_1_396' title='bbox 1772 1063 1923 1090; x_wconf 76' lang='grc' dir='ltr'>στρατοπε-</span> 
     </span>
    </p>
   </div>
   <div class='ocr_carea' id='block_1_53' title="bbox 1130 1095 1922 1134">
    <p class='ocr_par' dir='ltr' id='par_1_53' title="bbox 1130 1095 1922 1134">
     <span class='ocr_line' id='line_1_53' title="bbox 1130 1095 1922 1134; baseline 0.009 -13"><span class='ocrx_word' id='word_1_397' title='bbox 1130 1095 1244 1131; x_wconf 76' lang='grc' dir='ltr'>δάρχαι.</span> <span class='ocrx_word' id='word_1_398' title='bbox 1261 1096 1288 1122; x_wconf 78' lang='grc' dir='ltr'>οἵ</span> <span class='ocrx_word' id='word_1_399' title='bbox 1309 1105 1339 1123; x_wconf 80' lang='grc' dir='ltr'><strong>τε</strong></span> <span class='ocrx_word' id='word_1_400' title='bbox 1358 1098 1463 1124; x_wconf 78' lang='grc' dir='ltr'>πάντων</span> <span class='ocrx_word' id='word_1_401' title='bbox 1485 1099 1614 1126; x_wconf 77' lang='grc' dir='ltr'><strong>ἀνωτάτω</strong></span> <span class='ocrx_word' id='word_1_402' title='bbox 1628 1099 1763 1134; x_wconf 76' lang='grc' dir='ltr'><strong>βασιλεῖς,</strong></span> <span class='ocrx_word' id='word_1_403' title='bbox 1777 1101 1807 1127; x_wconf 76' lang='grc' dir='ltr'>οὐ</span> <span class='ocrx_word' id='word_1_404' title='bbox 1821 1101 1922 1133; x_wconf 83' lang='grc' dir='ltr'>πάντες</span> 
     </span>
    </p>
   </div>
   <div class='ocr_carea' id='block_1_54' title="bbox 1131 1143 1922 1180">
    <p class='ocr_par' dir='ltr' id='par_1_54' title="bbox 1131 1143 1922 1180">
     <span class='ocr_line' id='line_1_54' title="bbox 1131 1143 1922 1180; baseline 0.009 -12"><span class='ocrx_word' id='word_1_405' title='bbox 1131 1143 1162 1169; x_wconf 80' lang='grc' dir='ltr'><strong>ἐκ</strong></span> <span class='ocrx_word' id='word_1_406' title='bbox 1179 1143 1232 1169; x_wconf 81' lang='grc' dir='ltr'>τῶν</span> <span class='ocrx_word' id='word_1_407' title='bbox 1259 1143 1401 1179; x_wconf 83' lang='grc' dir='ltr'>Ῥωμαίων</span> <span class='ocrx_word' id='word_1_408' title='bbox 1424 1145 1560 1180; x_wconf 77' lang='grc' dir='ltr'>ὁρμῶνται</span> <span class='ocrx_word' id='word_1_409' title='bbox 1583 1147 1704 1179; x_wconf 78' lang='grc' dir='ltr'>πόλεως,</span> <span class='ocrx_word' id='word_1_410' title='bbox 1724 1147 1782 1174; x_wconf 83' lang='grc' dir='ltr'>οὐδε</span> <span class='ocrx_word' id='word_1_411' title='bbox 1806 1148 1860 1175; x_wconf 75' lang='grc' dir='ltr'>ἀπὸ</span> <span class='ocrx_word' id='word_1_412' title='bbox 1874 1148 1922 1176; x_wconf 73' lang='grc' dir='ltr'><strong>ιωῦ</strong></span> 
     </span>
    </p>
   </div>
   <div class='ocr_carea' id='block_1_55' title="bbox 1138 1188 1922 1229">
    <p class='ocr_par' dir='ltr' id='par_1_55' title="bbox 1138 1188 1922 1229">
     <span class='ocr_line' id='line_1_55' title="bbox 1138 1188 1922 1229; baseline 0.008 -15"><span class='ocrx_word' id='word_1_413' title='bbox 1138 1188 1242 1224; x_wconf 85' lang='grc' dir='ltr'>Ῥώμου</span> <span class='ocrx_word' id='word_1_414' title='bbox 1260 1191 1306 1216; x_wconf 76' lang='grc' dir='ltr'>καὶ</span> <span class='ocrx_word' id='word_1_415' title='bbox 1325 1191 1464 1225; x_wconf 78' lang='grc' dir='ltr'>Ῥωμύλου</span> <span class='ocrx_word' id='word_1_416' title='bbox 1479 1193 1592 1228; x_wconf 70' lang='grc' dir='ltr'>σπορᾶς,</span> <span class='ocrx_word' id='word_1_417' title='bbox 1602 1193 1657 1219; x_wconf 79' lang='grc' dir='ltr'>ἀλλ’</span> <span class='ocrx_word' id='word_1_418' title='bbox 1671 1194 1703 1220; x_wconf 72' lang='grc' dir='ltr'><strong>ἐκ</strong></span> <span class='ocrx_word' id='word_1_419' title='bbox 1712 1195 1827 1229; x_wconf 79' lang='grc' dir='ltr'>μυρίων,</span> <span class='ocrx_word' id='word_1_420' title='bbox 1842 1193 1922 1226; x_wconf 70' lang='grc' dir='ltr'>ἄλλος</span> 
     </span>
    </p>
   </div>
   <div class='ocr_carea' id='block_1_56' title="bbox 1132 1234 1922 1275">
    <p class='ocr_par' dir='ltr' id='par_1_56' title="bbox 1132 1234 1922 1275">
     <span class='ocr_line' id='line_1_56' title="bbox 1132 1234 1922 1275; baseline 0.01 -15"><span class='ocrx_word' id='word_1_421' title='bbox 1132 1234 1255 1268; x_wconf 84' lang='grc' dir='ltr'>ἄλλοθεν,</span> <span class='ocrx_word' id='word_1_422' title='bbox 1273 1235 1367 1268; x_wconf 81' lang='grc' dir='ltr'>ἐθνῶν,</span> <span class='ocrx_word' id='word_1_423' title='bbox 1384 1238 1458 1272; x_wconf 78' lang='grc' dir='ltr'>ὅμως</span> <span class='ocrx_word' id='word_1_424' title='bbox 1471 1238 1498 1264; x_wconf 76' lang='grc' dir='ltr'>δὲ</span> <span class='ocrx_word' id='word_1_425' title='bbox 1515 1240 1538 1265; x_wconf 85' lang='grc' dir='ltr'>οἱ</span> <span class='ocrx_word' id='word_1_426' title='bbox 1557 1240 1656 1271; x_wconf 74' lang='grc' dir='ltr'>πάντες</span> <span class='ocrx_word' id='word_1_427' title='bbox 1672 1240 1790 1275; x_wconf 77' lang='grc' dir='ltr'><strong>βασιλεῖς</strong></span> <span class='ocrx_word' id='word_1_428' title='bbox 1809 1249 1855 1274; x_wconf 82' lang='grc' dir='ltr'>τε,</span> <span class='ocrx_word' id='word_1_429' title='bbox 1874 1241 1922 1268; x_wconf 78' lang='grc' dir='ltr'>καὶ</span> 
     </span>
    </p>
   </div>
   <div class='ocr_carea' id='block_1_57' title="bbox 1132 1280 1922 1321">
    <p class='ocr_par' dir='ltr' id='par_1_57' title="bbox 1132 1280 1922 1321">
     <span class='ocr_line' id='line_1_57' title="bbox 1132 1280 1922 1321; baseline 0.009 -16"><span class='ocrx_word' id='word_1_430' title='bbox 1132 1281 1155 1306; x_wconf 70' lang='lat' dir='ltr'><strong>ot</strong></span> <span class='ocrx_word' id='word_1_431' title='bbox 1172 1280 1230 1314; x_wconf 79' lang='grc' dir='ltr'>μετ’</span> <span class='ocrx_word' id='word_1_432' title='bbox 1244 1281 1341 1311; x_wconf 71' lang='grc' dir='ltr'>αὐτοὺς</span> <span class='ocrx_word' id='word_1_433' title='bbox 1349 1281 1478 1318; x_wconf 78' lang='grc' dir='ltr'>ἄρχοντες</span> <span class='ocrx_word' id='word_1_434' title='bbox 1492 1283 1539 1309; x_wconf 83' lang='grc' dir='ltr'>καὶ</span> <span class='ocrx_word' id='word_1_435' title='bbox 1548 1283 1693 1319; x_wconf 81' lang='grc' dir='ltr'>ἡγούμενοι</span> <span class='ocrx_word' id='word_1_436' title='bbox 1704 1285 1757 1312; x_wconf 85' lang='grc' dir='ltr'>τῶν</span> <span class='ocrx_word' id='word_1_437' title='bbox 1776 1285 1922 1321; x_wconf 78' lang='grc' dir='ltr'>Ῥωμαίων</span> 
     </span>
    </p>
   </div>
   <div class='ocr_carea' id='block_1_58' title="bbox 1131 1325 1922 1367">
    <p class='ocr_par' dir='ltr' id='par_1_58' title="bbox 1131 1325 1922 1367">
     <span class='ocr_line' id='line_1_58' title="bbox 1131 1325 1922 1367; baseline 0.009 -16"><span class='ocrx_word' id='word_1_438' title='bbox 1131 1325 1329 1361; x_wconf 74' lang='grc' dir='ltr'><strong>ἐπιγράφονται</strong></span> <span class='ocrx_word' id='word_1_439' title='bbox 1345 1329 1545 1363; x_wconf 73' lang='grc' dir='ltr'>προσηγορίαν,</span> <span class='ocrx_word' id='word_1_440' title='bbox 1570 1329 1713 1365; x_wconf 83' lang='grc' dir='ltr'>Ῥωμαίων</span> <span class='ocrx_word' id='word_1_441' title='bbox 1729 1339 1760 1358; x_wconf 87' lang='grc' dir='ltr'><strong>τε</strong></span> <span class='ocrx_word' id='word_1_442' title='bbox 1775 1331 1806 1357; x_wconf 76' lang='grc' dir='ltr'>τὸ</span> <span class='ocrx_word' id='word_1_443' title='bbox 1820 1332 1922 1367; x_wconf 84' lang='grc' dir='ltr'>κράτος</span> 
     </span>
    </p>
   </div>
   <div class='ocr_carea' id='block_1_59' title="bbox 1132 1372 1922 1413">
    <p class='ocr_par' dir='ltr' id='par_1_59' title="bbox 1132 1372 1922 1413">
     <span class='ocr_line' id='line_1_59' title="bbox 1132 1372 1922 1413; baseline 0.008 -15"><span class='ocrx_word' id='word_1_444' title='bbox 1132 1372 1333 1407; x_wconf 80' lang='grc' dir='ltr'>ἐπωνόμασται,</span> <span class='ocrx_word' id='word_1_445' title='bbox 1351 1374 1398 1400; x_wconf 76' lang='grc' dir='ltr'>καὶ</span> <span class='ocrx_word' id='word_1_446' title='bbox 1413 1374 1514 1410; x_wconf 81' lang='grc' dir='ltr'>ταύτης</span> <span class='ocrx_word' id='word_1_447' title='bbox 1529 1375 1644 1411; x_wconf 77' lang='grc' dir='ltr'>ἐξῆπται</span> <span class='ocrx_word' id='word_1_448' title='bbox 1655 1377 1706 1412; x_wconf 80' lang='grc' dir='ltr'>τῆς</span> <span class='ocrx_word' id='word_1_449' title='bbox 1727 1378 1887 1413; x_wconf 82' lang='grc' dir='ltr'>ἐπωνυμίας</span> <span class='ocrx_word' id='word_1_450' title='bbox 1904 1379 1922 1413; x_wconf 80' lang='grc' dir='ltr'><strong>ἡ</strong></span> 
     </span>
    </p>
   </div>
   <div class='ocr_carea' id='block_1_60' title="bbox 1132 1418 1922 1459">
    <p class='ocr_par' dir='ltr' id='par_1_60' title="bbox 1132 1418 1922 1459">
     <span class='ocr_line' id='line_1_60' title="bbox 1132 1418 1922 1459; baseline 0.009 -15"><span class='ocrx_word' id='word_1_451' title='bbox 1132 1418 1191 1444; x_wconf 73' lang='grc' dir='ltr'>καθ’</span> <span class='ocrx_word' id='word_1_452' title='bbox 1211 1419 1351 1455; x_wconf 79' lang='grc' dir='ltr'>Ἐϐραίους</span> <span class='ocrx_word' id='word_1_453' title='bbox 1365 1421 1415 1457; x_wconf 80' lang='grc' dir='ltr'><strong>χρὴ</strong></span> <span class='ocrx_word' id='word_1_454' title='bbox 1429 1422 1498 1447; x_wconf 79' lang='grc' dir='ltr'>νοεῖν</span> <span class='ocrx_word' id='word_1_455' title='bbox 1517 1422 1684 1457; x_wconf 75' lang='grc' dir='ltr'>πραγμάτων</span> <span class='ocrx_word' id='word_1_456' title='bbox 1697 1431 1704 1439; x_wconf 90' lang='grc'><strong>·</strong></span> <span class='ocrx_word' id='word_1_457' title='bbox 1723 1424 1788 1458; x_wconf 72' lang='grc' dir='ltr'>μιᾶς</span> <span class='ocrx_word' id='word_1_458' title='bbox 1806 1424 1854 1459; x_wconf 88' lang='grc' dir='ltr'>μὲν</span> <span class='ocrx_word' id='word_1_459' title='bbox 1871 1433 1922 1451; x_wconf 89' lang='grc' dir='ltr'>κα-</span> 
     </span>
    </p>
   </div>
   <div class='ocr_carea' id='block_1_61' title="bbox 1133 1461 1922 1502">
    <p class='ocr_par' dir='ltr' id='par_1_61' title="bbox 1133 1461 1922 1502">
     <span class='ocr_line' id='line_1_61' title="bbox 1133 1461 1922 1502; baseline 0.011 -15"><span class='ocrx_word' id='word_1_460' title='bbox 1133 1461 1210 1488; x_wconf 80' lang='grc' dir='ltr'>θόλου</span> <span class='ocrx_word' id='word_1_461' title='bbox 1228 1463 1276 1498; x_wconf 82' lang='grc' dir='ltr'>τῆς</span> <span class='ocrx_word' id='word_1_462' title='bbox 1295 1463 1341 1490; x_wconf 76' lang='grc' dir='ltr'>τοῦ</span> <span class='ocrx_word' id='word_1_463' title='bbox 1362 1465 1445 1491; x_wconf 76' lang='grc' dir='ltr'>Ἰούδα</span> <span class='ocrx_word' id='word_1_464' title='bbox 1465 1465 1551 1501; x_wconf 71' lang='grc' dir='ltr'>φυλῆς</span> <span class='ocrx_word' id='word_1_465' title='bbox 1565 1467 1635 1493; x_wconf 71' lang='grc' dir='ltr'>κατὰ</span> <span class='ocrx_word' id='word_1_466' title='bbox 1652 1467 1697 1494; x_wconf 78' lang='grc' dir='ltr'>τοῦ</span> <span class='ocrx_word' id='word_1_467' title='bbox 1714 1469 1814 1500; x_wconf 81' lang='grc' dir='ltr'>παντὸς</span> <span class='ocrx_word' id='word_1_468' title='bbox 1827 1469 1922 1502; x_wconf 72' lang='grc' dir='ltr'>ἔθνους</span> 
     </span>
    </p>
   </div>
   <div class='ocr_carea' id='block_1_62' title="bbox 1133 1508 1922 1550">
    <p class='ocr_par' dir='ltr' id='par_1_62' title="bbox 1133 1508 1922 1550">
     <span class='ocr_line' id='line_1_62' title="bbox 1133 1508 1922 1550; baseline 0.011 -17"><span class='ocrx_word' id='word_1_469' title='bbox 1133 1508 1402 1546; x_wconf 74' lang='grc' dir='ltr'>ἐπιπεφημισμένης,</span> <span class='ocrx_word' id='word_1_470' title='bbox 1419 1511 1472 1538; x_wconf 68' lang='grc' dir='ltr'>τᾶν</span> <span class='ocrx_word' id='word_1_471' title='bbox 1485 1512 1514 1538; x_wconf 81' lang='grc' dir='ltr'>δὲ</span> <span class='ocrx_word' id='word_1_472' title='bbox 1530 1513 1599 1539; x_wconf 81' lang='grc' dir='ltr'>κατὰ</span> <span class='ocrx_word' id='word_1_473' title='bbox 1621 1514 1704 1549; x_wconf 81' lang='grc' dir='ltr'>μέρος</span> <span class='ocrx_word' id='word_1_474' title='bbox 1715 1515 1874 1550; x_wconf 72' lang='grc' dir='ltr'>ἡγουμένων</span> <span class='ocrx_word' id='word_1_475' title='bbox 1890 1524 1922 1542; x_wconf 85' lang='grc' dir='ltr'>τε</span> 
     </span>
    </p>
   </div>
   <div class='ocr_carea' id='block_1_63' title="bbox 1134 1554 1923 1594">
    <p class='ocr_par' dir='ltr' id='par_1_63' title="bbox 1134 1554 1923 1594">
     <span class='ocr_line' id='line_1_63' title="bbox 1134 1554 1923 1594; baseline 0.01 -15"><span class='ocrx_word' id='word_1_476' title='bbox 1134 1554 1180 1580; x_wconf 75' lang='grc' dir='ltr'>καὶ</span> <span class='ocrx_word' id='word_1_477' title='bbox 1195 1554 1326 1588; x_wconf 78' lang='grc' dir='ltr'>βασιλέων</span> <span class='ocrx_word' id='word_1_478' title='bbox 1342 1555 1374 1581; x_wconf 84' lang='grc' dir='ltr'><strong>ἐκ</strong></span> <span class='ocrx_word' id='word_1_479' title='bbox 1390 1555 1523 1592; x_wconf 70' lang='grc' dir='ltr'>διαερόρων</span> <span class='ocrx_word' id='word_1_480' title='bbox 1538 1557 1745 1593; x_wconf 78' lang='grc' dir='ltr'>καθισταμένων</span> <span class='ocrx_word' id='word_1_481' title='bbox 1761 1559 1923 1594; x_wconf 50' lang='lat' dir='ltr'><strong>(politum:-</strong></span> 
     </span>
    </p>
   </div>
   <div class='ocr_carea' id='block_1_64' title="bbox 292 1599 1081 1644">
    <p class='ocr_par' dir='ltr' id='par_1_64' title="bbox 292 1606 1081 1644">
     <span class='ocr_line' id='line_1_64' title="bbox 292 1606 1081 1644; baseline 0.004 -10"><span class='ocrx_word' id='word_1_482' title='bbox 292 1606 476 1642; x_wconf 75' lang='lat' dir='ltr'><strong>praesidesque</strong></span> <span class='ocrx_word' id='word_1_483' title='bbox 502 1607 637 1634; x_wconf 79' lang='lat' dir='ltr'><strong>habentur</strong></span> <span class='ocrx_word' id='word_1_484' title='bbox 654 1627 661 1639; x_wconf 87' lang='lat'><strong>,</strong></span> <span class='ocrx_word' id='word_1_485' title='bbox 688 1606 876 1635; x_wconf 80' lang='lat' dir='ltr'><strong>Romanorum</strong></span> <span class='ocrx_word' id='word_1_486' title='bbox 901 1609 1081 1644; x_wconf 78' lang='lat' dir='ltr'><strong>appellatione</strong></span> 
     </span>
    </p>
   </div>
   <div class='ocr_carea' id='block_1_65' title="bbox 1133 1599 1923 1644">
    <p class='ocr_par' dir='ltr' id='par_1_65' title="bbox 1134 1600 1923 1642">
     <span class='ocr_line' id='line_1_65' title="bbox 1134 1600 1923 1642; baseline 0.009 -16"><span class='ocrx_word' id='word_1_487' title='bbox 1134 1600 1209 1627; x_wconf 71' lang='grc' dir='ltr'>θόλου</span> <span class='ocrx_word' id='word_1_488' title='bbox 1229 1601 1258 1627; x_wconf 83' lang='grc' dir='ltr'><strong>δὲ</strong></span> <span class='ocrx_word' id='word_1_489' title='bbox 1271 1602 1303 1636; x_wconf 85' lang='grc' dir='ltr'><strong>τῇ</strong></span> <span class='ocrx_word' id='word_1_490' title='bbox 1320 1601 1367 1628; x_wconf 78' lang='grc' dir='ltr'>τοῦ</span> <span class='ocrx_word' id='word_1_491' title='bbox 1390 1601 1474 1628; x_wconf 80' lang='grc' dir='ltr'>Ἰούδα</span> <span class='ocrx_word' id='word_1_492' title='bbox 1491 1603 1652 1638; x_wconf 72' lang='grc' dir='ltr'>τιμωμένων</span> <span class='ocrx_word' id='word_1_493' title='bbox 1669 1606 1849 1642; x_wconf 79' lang='grc' dir='ltr'>προσηγορίᾳ.</span> <span class='ocrx_word' id='word_1_494' title='bbox 1870 1607 1923 1633; x_wconf 86' lang='grc' dir='ltr'><strong>Λε-</strong></span> 
     </span>
    </p>
   </div>
   <div class='ocr_carea' id='block_1_66' title="bbox 291 1654 1079 1692">
    <p class='ocr_par' dir='ltr' id='par_1_66' title="bbox 291 1654 1079 1692">
     <span class='ocr_line' id='line_1_66' title="bbox 291 1654 1079 1692; baseline 0.005 -12"><span class='ocrx_word' id='word_1_495' title='bbox 291 1658 432 1687; x_wconf 89' lang='lat' dir='ltr'><strong>notanlur,</strong></span> <span class='ocrx_word' id='word_1_496' title='bbox 449 1659 475 1682; x_wconf 91' lang='lat' dir='ltr'><strong>et</strong></span> <span class='ocrx_word' id='word_1_497' title='bbox 493 1654 678 1682; x_wconf 82' lang='lat' dir='ltr'><strong>Romanorum</strong></span> <span class='ocrx_word' id='word_1_498' title='bbox 696 1655 890 1683; x_wconf 79' lang='lat' dir='ltr'><strong>denominatur</strong></span> <span class='ocrx_word' id='word_1_499' title='bbox 922 1656 1079 1692; x_wconf 89' lang='lat' dir='ltr'><strong>imperium,</strong></span> 
     </span>
    </p>
   </div>
   <div class='ocr_carea' id='block_1_67' title="bbox 290 1701 1082 1730">
    <p class='ocr_par' dir='ltr' id='par_1_67' title="bbox 290 1701 1082 1730">
     <span class='ocr_line' id='line_1_67' title="bbox 290 1701 1082 1730; baseline 0.001 -2"><span class='ocrx_word' id='word_1_500' title='bbox 290 1705 318 1728; x_wconf 83' lang='lat' dir='ltr'><strong>et</strong></span> <span class='ocrx_word' id='word_1_501' title='bbox 337 1708 396 1727; x_wconf 80' lang='lat' dir='ltr'><strong>eain</strong></span> <span class='ocrx_word' id='word_1_502' title='bbox 422 1701 671 1729; x_wconf 83' lang='lat' dir='ltr'><strong>denominationem</strong></span> <span class='ocrx_word' id='word_1_503' title='bbox 694 1701 721 1728; x_wconf 89' lang='lat' dir='ltr'><strong>in</strong></span> <span class='ocrx_word' id='word_1_504' title='bbox 735 1703 893 1729; x_wconf 88' lang='lat' dir='ltr'><strong>universum</strong></span> <span class='ocrx_word' id='word_1_505' title='bbox 909 1709 1005 1730; x_wconf 86' lang='lat' dir='ltr'><strong>omnes</strong></span> <span class='ocrx_word' id='word_1_506' title='bbox 1024 1710 1082 1729; x_wconf 87' lang='lat' dir='ltr'><strong>ma-</strong></span> 
     </span>
    </p>
   </div>
   <div class='ocr_carea' id='block_1_68' title="bbox 290 1747 1080 1783">
    <p class='ocr_par' dir='ltr' id='par_1_68' title="bbox 290 1747 1080 1783">
     <span class='ocr_line' id='line_1_68' title="bbox 290 1747 1080 1783; baseline 0.004 -11"><span class='ocrx_word' id='word_1_507' title='bbox 290 1747 422 1782; x_wconf 84' lang='lat' dir='ltr'><strong>gistratus</strong></span> <span class='ocrx_word' id='word_1_508' title='bbox 435 1748 572 1783; x_wconf 81' lang='lat' dir='ltr'><strong>attingunt</strong></span> <span class='ocrx_word' id='word_1_509' title='bbox 589 1757 596 1781; x_wconf 88' lang='lat'><strong>;</strong></span> <span class='ocrx_word' id='word_1_510' title='bbox 611 1748 651 1775; x_wconf 87' lang='lat' dir='ltr'><strong>sie</strong></span> <span class='ocrx_word' id='word_1_511' title='bbox 662 1752 743 1775; x_wconf 79' lang='lat' dir='ltr'><strong>etiam</strong></span> <span class='ocrx_word' id='word_1_512' title='bbox 758 1749 785 1775; x_wconf 93' lang='lat' dir='ltr'><strong>in</strong></span> <span class='ocrx_word' id='word_1_513' title='bbox 802 1748 884 1775; x_wconf 90' lang='lat' dir='ltr'><strong>rebus</strong></span> <span class='ocrx_word' id='word_1_514' title='bbox 905 1747 1080 1775; x_wconf 66' lang='lat' dir='ltr'><strong>Hebraeorum</strong></span> 
     </span>
    </p>
   </div>
   <div class='ocr_carea' id='block_1_69' title="bbox 290 1793 1081 1830">
    <p class='ocr_par' dir='ltr' id='par_1_69' title="bbox 290 1793 1081 1830">
     <span class='ocr_line' id='line_1_69' title="bbox 290 1793 1081 1830; baseline 0.001 -10"><span class='ocrx_word' id='word_1_515' title='bbox 290 1793 460 1821; x_wconf 87' lang='lat' dir='ltr'><strong>constituere</strong></span> <span class='ocrx_word' id='word_1_516' title='bbox 483 1794 689 1830; x_wconf 86' lang='lat' dir='ltr'><strong>intelligereque</strong></span> <span class='ocrx_word' id='word_1_517' title='bbox 720 1799 849 1830; x_wconf 88' lang='lat' dir='ltr'><strong>oportet,</strong></span> <span class='ocrx_word' id='word_1_518' title='bbox 872 1798 1003 1830; x_wconf 86' lang='lat' dir='ltr'><strong>tanquam</strong></span> <span class='ocrx_word' id='word_1_519' title='bbox 1026 1803 1081 1821; x_wconf 91' lang='lat' dir='ltr'><strong>una</strong></span> 
     </span>
    </p>
   </div>
   <div class='ocr_carea' id='block_1_70' title="bbox 290 1839 1082 1877">
    <p class='ocr_par' dir='ltr' id='par_1_70' title="bbox 290 1839 1082 1877">
     <span class='ocr_line' id='line_1_70' title="bbox 290 1839 1082 1877; baseline 0.003 -11"><span class='ocrx_word' id='word_1_520' title='bbox 290 1839 399 1875; x_wconf 86' lang='lat' dir='ltr'><strong>quidem</strong></span> <span class='ocrx_word' id='word_1_521' title='bbox 416 1841 443 1867; x_wconf 94' lang='lat' dir='ltr'><strong>in</strong></span> <span class='ocrx_word' id='word_1_522' title='bbox 459 1841 618 1868; x_wconf 85' lang='lat' dir='ltr'><strong>universum</strong></span> <span class='ocrx_word' id='word_1_523' title='bbox 634 1842 722 1869; x_wconf 88' lang='lat' dir='ltr'><strong>tribus</strong></span> <span class='ocrx_word' id='word_1_524' title='bbox 733 1841 814 1874; x_wconf 83' lang='lat' dir='ltr'><strong>Juda,</strong></span> <span class='ocrx_word' id='word_1_525' title='bbox 828 1845 912 1869; x_wconf 89' lang='lat' dir='ltr'><strong>totam</strong></span> <span class='ocrx_word' id='word_1_526' title='bbox 930 1846 1038 1877; x_wconf 84' lang='lat' dir='ltr'><strong>gentem</strong></span> <span class='ocrx_word' id='word_1_527' title='bbox 1048 1841 1082 1868; x_wconf 88' lang='lat' dir='ltr'><strong>de</strong></span> 
     </span>
    </p>
   </div>
   <div class='ocr_carea' id='block_1_71' title="bbox 291 1887 1083 1923">
    <p class='ocr_par' dir='ltr' id='par_1_71' title="bbox 291 1887 1083 1923">
     <span class='ocr_line' id='line_1_71' title="bbox 291 1887 1083 1923; baseline 0.004 -11"><span class='ocrx_word' id='word_1_528' title='bbox 291 1893 342 1913; x_wconf 89' lang='lat' dir='ltr'><strong>suo</strong></span> <span class='ocrx_word' id='word_1_529' title='bbox 356 1887 467 1914; x_wconf 89' lang='lat' dir='ltr'><strong>nomine</strong></span> <span class='ocrx_word' id='word_1_530' title='bbox 481 1887 616 1915; x_wconf 87' lang='lat' dir='ltr'><strong>illustrem</strong></span> <span class='ocrx_word' id='word_1_531' title='bbox 634 1888 802 1921; x_wconf 81' lang='lat' dir='ltr'><strong>reddiderit,</strong></span> <span class='ocrx_word' id='word_1_532' title='bbox 818 1889 1001 1923; x_wconf 86' lang='lat' dir='ltr'><strong>particularcs</strong></span> <span class='ocrx_word' id='word_1_533' title='bbox 1017 1895 1083 1915; x_wconf 85' lang='lat' dir='ltr'><strong>vero</strong></span> 
     </span>
    </p>
   </div>
   <div class='ocr_carea' id='block_1_72' title="bbox 291 1932 1083 1970">
    <p class='ocr_par' dir='ltr' id='par_1_72' title="bbox 291 1932 1083 1970">
     <span class='ocr_line' id='line_1_72' title="bbox 291 1932 1083 1970; baseline 0.006 -12"><span class='ocrx_word' id='word_1_534' title='bbox 291 1932 376 1959; x_wconf 90' lang='lat' dir='ltr'><strong>duces</strong></span> <span class='ocrx_word' id='word_1_535' title='bbox 391 1940 422 1960; x_wconf 87' lang='lat' dir='ltr'><strong>ac</strong></span> <span class='ocrx_word' id='word_1_536' title='bbox 435 1941 512 1968; x_wconf 81' lang='lat' dir='ltr'><strong>reges</strong></span> <span class='ocrx_word' id='word_1_537' title='bbox 530 1942 562 1961; x_wconf 80' lang='lat' dir='ltr'><strong>ex</strong></span> <span class='ocrx_word' id='word_1_538' title='bbox 579 1934 696 1961; x_wconf 78' lang='lat' dir='ltr'><strong>diversis</strong></span> <span class='ocrx_word' id='word_1_539' title='bbox 716 1935 1020 1967; x_wconf 77' lang='lat' dir='ltr'><strong>exstiterinttribubus,</strong></span> <span class='ocrx_word' id='word_1_540' title='bbox 1036 1935 1083 1970; x_wconf 89' lang='lat' dir='ltr'><strong>qui</strong></span> 
     </span>
    </p>
   </div>
   <div class='ocr_carea' id='block_1_73' title="bbox 292 1978 1082 2014">
    <p class='ocr_par' dir='ltr' id='par_1_73' title="bbox 292 1978 1082 2014">
     <span class='ocr_line' id='line_1_73' title="bbox 292 1978 1082 2014; baseline 0.005 -11"><span class='ocrx_word' id='word_1_541' title='bbox 292 1981 383 2004; x_wconf 86' lang='lat' dir='ltr'><strong>tamen</strong></span> <span class='ocrx_word' id='word_1_542' title='bbox 397 1979 535 2005; x_wconf 89' lang='lat' dir='ltr'><strong>communi</strong></span> <span class='ocrx_word' id='word_1_543' title='bbox 552 1979 597 2006; x_wconf 83' lang='lat' dir='ltr'><strong>illa</strong></span> <span class='ocrx_word' id='word_1_544' title='bbox 610 1978 686 2006; x_wconf 67' lang='lat' dir='ltr'><strong>Iudae</strong></span> <span class='ocrx_word' id='word_1_545' title='bbox 698 1980 879 2014; x_wconf 80' lang='lat' dir='ltr'><strong>appellatione</strong></span> <span class='ocrx_word' id='word_1_546' title='bbox 890 1981 1021 2008; x_wconf 85' lang='lat' dir='ltr'><strong>honorem</strong></span> <span class='ocrx_word' id='word_1_547' title='bbox 1035 1987 1082 2007; x_wconf 89' lang='lat' dir='ltr'><strong>ac-</strong></span> 
     </span>
    </p>
   </div>
   <div class='ocr_carea' id='block_1_74' title="bbox 293 2023 1077 2061">
    <p class='ocr_par' dir='ltr' id='par_1_74' title="bbox 293 2023 1077 2061">
     <span class='ocr_line' id='line_1_74' title="bbox 293 2023 1077 2061; baseline 0.006 -12"><span class='ocrx_word' id='word_1_548' title='bbox 293 2023 426 2058; x_wconf 80' lang='lat' dir='ltr'><strong>ceperint.</strong></span> <span class='ocrx_word' id='word_1_549' title='bbox 442 2023 501 2051; x_wconf 85' lang='lat' dir='ltr'><strong>Non</strong></span> <span class='ocrx_word' id='word_1_550' title='bbox 517 2025 571 2051; x_wconf 87' lang='lat' dir='ltr'><strong>alio</strong></span> <span class='ocrx_word' id='word_1_551' title='bbox 585 2033 650 2060; x_wconf 83' lang='lat' dir='ltr'><strong>ergo</strong></span> <span class='ocrx_word' id='word_1_552' title='bbox 669 2033 751 2061; x_wconf 87' lang='lat' dir='ltr'><strong>quam</strong></span> <span class='ocrx_word' id='word_1_553' title='bbox 770 2027 804 2053; x_wconf 91' lang='lat' dir='ltr'><strong>ad</strong></span> <span class='ocrx_word' id='word_1_554' title='bbox 816 2031 901 2054; x_wconf 89' lang='lat' dir='ltr'><strong>totam</strong></span> <span class='ocrx_word' id='word_1_555' title='bbox 922 2027 1024 2054; x_wconf 91' lang='lat' dir='ltr'><strong>tribum</strong></span> <span class='ocrx_word' id='word_1_556' title='bbox 1039 2034 1077 2054; x_wconf 89' lang='lat' dir='ltr'><strong>re-</strong></span> 
     </span>
    </p>
   </div>
   <div class='ocr_carea' id='block_1_75' title="bbox 293 2070 1082 2107">
    <p class='ocr_par' dir='ltr' id='par_1_75' title="bbox 293 2070 1082 2107">
     <span class='ocr_line' id='line_1_75' title="bbox 293 2070 1082 2107; baseline 0.004 -10"><span class='ocrx_word' id='word_1_557' title='bbox 293 2070 485 2103; x_wconf 71' lang='lat' dir='ltr'><strong>feratur-illud,</strong></span> <span class='ocrx_word' id='word_1_558' title='bbox 497 2071 571 2106; x_wconf 90' lang='lat' dir='ltr'><strong>quod</strong></span> <span class='ocrx_word' id='word_1_559' title='bbox 585 2079 598 2097; x_wconf 89' lang='lat' dir='ltr'><strong>a</strong></span> <span class='ocrx_word' id='word_1_560' title='bbox 617 2072 747 2107; x_wconf 87' lang='lat' dir='ltr'><strong>propheta</strong></span> <span class='ocrx_word' id='word_1_561' title='bbox 760 2072 863 2099; x_wconf 88' lang='lat' dir='ltr'><strong>dicttun</strong></span> <span class='ocrx_word' id='word_1_562' title='bbox 885 2077 926 2101; x_wconf 85' lang='lat' dir='ltr'><strong>est</strong></span> <span class='ocrx_word' id='word_1_563' title='bbox 946 2083 953 2101; x_wconf 88' lang='lat'>:</span> <span class='ocrx_word' id='word_1_564' title='bbox 974 2083 983 2099; x_wconf 78' lang='grc' dir='ltr'><strong>ι</strong></span> <span class='ocrx_word' id='word_1_565' title='bbox 1000 2073 1082 2107; x_wconf 80' lang='lat' dir='ltr'><strong>Juda,</strong></span> 
     </span>
    </p>
   </div>
   <div class='ocr_carea' id='block_1_76' title="bbox 292 2117 1083 2147">
    <p class='ocr_par' dir='ltr' id='par_1_76' title="bbox 292 2117 1083 2147">
     <span class='ocr_line' id='line_1_76' title="bbox 292 2117 1083 2147; baseline 0.005 -4"><span class='ocrx_word' id='word_1_566' title='bbox 292 2120 320 2144; x_wconf 85' lang='lat' dir='ltr'><strong>te</strong></span> <span class='ocrx_word' id='word_1_567' title='bbox 336 2117 486 2144; x_wconf 85' lang='lat' dir='ltr'><strong>laudabunt</strong></span> <span class='ocrx_word' id='word_1_568' title='bbox 506 2117 606 2145; x_wconf 79' lang='lat' dir='ltr'><strong>fratres</strong></span> <span class='ocrx_word' id='word_1_569' title='bbox 621 2119 670 2145; x_wconf 94' lang='lat' dir='ltr'><strong>tui.</strong></span> <span class='ocrx_word' id='word_1_570' title='bbox 689 2128 698 2144; x_wconf 82' lang='grc' dir='ltr'><strong>ι</strong></span> <span class='ocrx_word' id='word_1_571' title='bbox 715 2118 916 2146; x_wconf 76' lang='lat' dir='ltr'><strong>Noveratenim</strong></span> <span class='ocrx_word' id='word_1_572' title='bbox 930 2119 1005 2146; x_wconf 85' lang='lat' dir='ltr'><strong>illam</strong></span> <span class='ocrx_word' id='word_1_573' title='bbox 1020 2123 1083 2147; x_wconf 92' lang='lat' dir='ltr'><strong>tan-</strong></span> 
     </span>
    </p>
   </div>
   <div class='ocr_carea' id='block_1_77' title="bbox 294 2164 1085 2198">
    <p class='ocr_par' dir='ltr' id='par_1_77' title="bbox 294 2164 1085 2198">
     <span class='ocr_line' id='line_1_77' title="bbox 294 2164 1085 2198; baseline 0.005 -10"><span class='ocrx_word' id='word_1_574' title='bbox 294 2170 376 2197; x_wconf 85' lang='lat' dir='ltr'><strong>quam</strong></span> <span class='ocrx_word' id='word_1_575' title='bbox 394 2164 582 2198; x_wconf 60' lang='lat' dir='ltr'><strong>prmrogatira‘,</strong></span> <span class='ocrx_word' id='word_1_576' title='bbox 596 2172 696 2192; x_wconf 91' lang='lat' dir='ltr'><strong>munus</strong></span> <span class='ocrx_word' id='word_1_577' title='bbox 708 2169 895 2198; x_wconf 85' lang='lat' dir='ltr'><strong>consecutam,</strong></span> <span class='ocrx_word' id='word_1_578' title='bbox 911 2165 1014 2193; x_wconf 89' lang='lat' dir='ltr'><strong>honore</strong></span> <span class='ocrx_word' id='word_1_579' title='bbox 1032 2174 1085 2193; x_wconf 71' lang='lat' dir='ltr'><strong>ca:-</strong></span> 
     </span>
    </p>
   </div>
   <div class='ocr_carea' id='block_1_78' title="bbox 293 2209 1084 2246">
    <p class='ocr_par' dir='ltr' id='par_1_78' title="bbox 293 2209 1084 2246">
     <span class='ocr_line' id='line_1_78' title="bbox 293 2209 1084 2246; baseline 0.005 -11"><span class='ocrx_word' id='word_1_580' title='bbox 293 2209 362 2236; x_wconf 77' lang='lat' dir='ltr'><strong>teri§</strong></span> <span class='ocrx_word' id='word_1_581' title='bbox 375 2209 501 2236; x_wconf 88' lang='lat' dir='ltr'><strong>tribubus</strong></span> <span class='ocrx_word' id='word_1_582' title='bbox 515 2218 577 2237; x_wconf 85' lang='lat' dir='ltr'><strong>esse</strong></span> <span class='ocrx_word' id='word_1_583' title='bbox 592 2211 822 2245; x_wconf 77' lang='lat' dir='ltr'><strong>anteponendam,</strong></span> <span class='ocrx_word' id='word_1_584' title='bbox 834 2215 861 2238; x_wconf 88' lang='lat' dir='ltr'><strong>et</strong></span> <span class='ocrx_word' id='word_1_585' title='bbox 872 2212 999 2246; x_wconf 86' lang='lat' dir='ltr'><strong>quoniam</strong></span> <span class='ocrx_word' id='word_1_586' title='bbox 1011 2213 1084 2246; x_wconf 89' lang='lat' dir='ltr'><strong>prin-</strong></span> 
     </span>
    </p>
   </div>
   <div class='ocr_carea' id='block_1_79' title="bbox 1134 1646 1923 1688">
    <p class='ocr_par' dir='ltr' id='par_1_79' title="bbox 1134 1646 1923 1688">
     <span class='ocr_line' id='line_1_79' title="bbox 1134 1646 1923 1688; baseline 0.01 -16"><span class='ocrx_word' id='word_1_587' title='bbox 1134 1646 1224 1680; x_wconf 78' lang='grc' dir='ltr'>γέσθω</span> <span class='ocrx_word' id='word_1_588' title='bbox 1237 1647 1326 1673; x_wconf 86' lang='grc' dir='ltr'>τοίνυν</span> <span class='ocrx_word' id='word_1_589' title='bbox 1342 1648 1379 1678; x_wconf 84' lang='grc' dir='ltr'>ὡς</span> <span class='ocrx_word' id='word_1_590' title='bbox 1397 1648 1463 1682; x_wconf 78' lang='grc' dir='ltr'>πρὸς</span> <span class='ocrx_word' id='word_1_591' title='bbox 1480 1649 1528 1684; x_wconf 81' lang='grc' dir='ltr'>τὴν</span> <span class='ocrx_word' id='word_1_592' title='bbox 1539 1649 1603 1684; x_wconf 77' lang='grc' dir='ltr'>ὃλην</span> <span class='ocrx_word' id='word_1_593' title='bbox 1619 1650 1704 1687; x_wconf 79' lang='grc' dir='ltr'>φυλὴν</span> <span class='ocrx_word' id='word_1_594' title='bbox 1720 1651 1773 1678; x_wconf 77' lang='grc' dir='ltr'><strong>ὑπὸ</strong></span> <span class='ocrx_word' id='word_1_595' title='bbox 1791 1651 1837 1678; x_wconf 80' lang='grc' dir='ltr'><strong>τοῦ</strong></span> <span class='ocrx_word' id='word_1_596' title='bbox 1854 1660 1923 1688; x_wconf 82' lang='grc' dir='ltr'>προ-</span> 
     </span>
    </p>
   </div>
   <div class='ocr_carea' id='block_1_80' title="bbox 1134 1693 1919 1732">
    <p class='ocr_par' dir='ltr' id='par_1_80' title="bbox 1134 1693 1919 1732">
     <span class='ocr_line' id='line_1_80' title="bbox 1134 1693 1919 1732; baseline 0.011 -15"><span class='ocrx_word' id='word_1_597' title='bbox 1134 1693 1218 1728; x_wconf 74' lang='grc' dir='ltr'>φήτου</span> <span class='ocrx_word' id='word_1_598' title='bbox 1239 1694 1285 1721; x_wconf 79' lang='grc' dir='ltr'><strong>τὸ.</strong></span> <span class='ocrx_word' id='word_1_599' title='bbox 1305 1703 1313 1718; x_wconf 81' lang='grc' dir='ltr'><strong>ι</strong></span> <span class='ocrx_word' id='word_1_600' title='bbox 1340 1693 1433 1725; x_wconf 78' lang='grc' dir='ltr'>Ἰούδα,</span> <span class='ocrx_word' id='word_1_601' title='bbox 1452 1694 1481 1720; x_wconf 81' lang='grc' dir='ltr'>σὲ</span> <span class='ocrx_word' id='word_1_602' title='bbox 1495 1695 1650 1722; x_wconf 85' lang='grc' dir='ltr'>αίνέσουσιν</span> <span class='ocrx_word' id='word_1_603' title='bbox 1664 1698 1687 1723; x_wconf 76' lang='grc' dir='ltr'>οἱ</span> <span class='ocrx_word' id='word_1_604' title='bbox 1702 1697 1810 1732; x_wconf 77' lang='grc' dir='ltr'>ἀδελφοί</span> <span class='ocrx_word' id='word_1_605' title='bbox 1829 1707 1887 1726; x_wconf 84' lang='grc' dir='ltr'>σου.</span> <span class='ocrx_word' id='word_1_606' title='bbox 1909 1709 1919 1725; x_wconf 78' lang='grc' dir='ltr'><strong>ι</strong></span> 
     </span>
    </p>
   </div>
   <div class='ocr_carea' id='block_1_81' title="bbox 1134 1736 1923 1780">
    <p class='ocr_par' dir='ltr' id='par_1_81' title="bbox 1134 1736 1923 1780">
     <span class='ocr_line' id='line_1_81' title="bbox 1134 1736 1923 1780; baseline 0.01 -16"><span class='ocrx_word' id='word_1_607' title='bbox 1134 1736 1194 1764; x_wconf 83' lang='grc' dir='ltr'>Οἷδε</span> <span class='ocrx_word' id='word_1_608' title='bbox 1207 1739 1260 1774; x_wconf 82' lang='grc' dir='ltr'>γὰρ</span> <span class='ocrx_word' id='word_1_609' title='bbox 1277 1739 1372 1775; x_wconf 77' lang='grc' dir='ltr'>αὐτὴν,</span> <span class='ocrx_word' id='word_1_610' title='bbox 1388 1739 1435 1766; x_wconf 79' lang='grc' dir='ltr'>ἅτε</span> <span class='ocrx_word' id='word_1_611' title='bbox 1463 1741 1611 1776; x_wconf 85' lang='grc' dir='ltr'>προνομίας</span> <span class='ocrx_word' id='word_1_612' title='bbox 1623 1742 1787 1779; x_wconf 75' lang='grc' dir='ltr'>ἠξιωμένην,</span> <span class='ocrx_word' id='word_1_613' title='bbox 1802 1744 1856 1780; x_wconf 83' lang='grc' dir='ltr'><strong>πρὸ</strong></span> <span class='ocrx_word' id='word_1_614' title='bbox 1866 1745 1923 1772; x_wconf 81' lang='grc' dir='ltr'><strong>τῶν</strong></span> 
     </span>
    </p>
   </div>
   <div class='ocr_carea' id='block_1_82' title="bbox 1132 1785 1924 1826">
    <p class='ocr_par' dir='ltr' id='par_1_82' title="bbox 1132 1785 1924 1826">
     <span class='ocr_line' id='line_1_82' title="bbox 1132 1785 1924 1826; baseline 0.01 -15"><span class='ocrx_word' id='word_1_615' title='bbox 1132 1785 1233 1812; x_wconf 82' lang='grc' dir='ltr'>λοιπῶν</span> <span class='ocrx_word' id='word_1_616' title='bbox 1247 1785 1335 1820; x_wconf 72' lang='grc' dir='ltr'>φυλῶν</span> <span class='ocrx_word' id='word_1_617' title='bbox 1351 1787 1512 1822; x_wconf 76' lang='grc' dir='ltr'>τετιμῆσθαι</span> <span class='ocrx_word' id='word_1_618' title='bbox 1526 1796 1532 1802; x_wconf 89' lang='grc'><strong>·</strong></span> <span class='ocrx_word' id='word_1_619' title='bbox 1550 1788 1596 1814; x_wconf 77' lang='grc' dir='ltr'>καὶ</span> <span class='ocrx_word' id='word_1_620' title='bbox 1612 1789 1672 1816; x_wconf 77' lang='grc' dir='ltr'>ἐπεὶ</span> <span class='ocrx_word' id='word_1_621' title='bbox 1688 1790 1802 1826; x_wconf 78' lang='grc' dir='ltr'>ἐξῆρχεν</span> <span class='ocrx_word' id='word_1_622' title='bbox 1820 1792 1850 1817; x_wconf 86' lang='grc' dir='ltr'><strong>ἐν</strong></span> <span class='ocrx_word' id='word_1_623' title='bbox 1867 1800 1924 1818; x_wconf 82' lang='grc' dir='ltr'>πυ-</span> 
     </span>
    </p>
   </div>
   <div class='ocr_carea' id='block_1_83' title="bbox 1133 1832 1923 1871">
    <p class='ocr_par' dir='ltr' id='par_1_83' title="bbox 1133 1832 1923 1871">
     <span class='ocr_line' id='line_1_83' title="bbox 1133 1832 1923 1871; baseline 0.008 -13"><span class='ocrx_word' id='word_1_624' title='bbox 1133 1832 1241 1867; x_wconf 84' lang='grc' dir='ltr'>λέμοις,</span> <span class='ocrx_word' id='word_1_625' title='bbox 1260 1833 1306 1859; x_wconf 68' lang='grc' dir='ltr'>καὶ</span> <span class='ocrx_word' id='word_1_626' title='bbox 1329 1834 1397 1869; x_wconf 79' lang='grc' dir='ltr'>μόνη</span> <span class='ocrx_word' id='word_1_627' title='bbox 1415 1834 1461 1860; x_wconf 79' lang='grc' dir='ltr'>τοῦ</span> <span class='ocrx_word' id='word_1_628' title='bbox 1482 1834 1581 1866; x_wconf 83' lang='grc' dir='ltr'>παντὸς</span> <span class='ocrx_word' id='word_1_629' title='bbox 1596 1834 1686 1866; x_wconf 76' lang='grc' dir='ltr'>ἔθνους</span> <span class='ocrx_word' id='word_1_630' title='bbox 1703 1837 1794 1871; x_wconf 79' lang='grc' dir='ltr'>ἠγεῖτο</span> <span class='ocrx_word' id='word_1_631' title='bbox 1812 1838 1841 1863; x_wconf 83' lang='grc' dir='ltr'><strong>ἐν</strong></span> <span class='ocrx_word' id='word_1_632' title='bbox 1861 1839 1923 1869; x_wconf 80' lang='grc' dir='ltr'>ταῖς</span> 
     </span>
    </p>
   </div>
   <div class='ocr_carea' id='block_1_84' title="bbox 1133 1878 1922 1918">
    <p class='ocr_par' dir='ltr' id='par_1_84' title="bbox 1133 1878 1922 1918">
     <span class='ocr_line' id='line_1_84' title="bbox 1133 1878 1922 1918; baseline 0.008 -13"><span class='ocrx_word' id='word_1_633' title='bbox 1133 1878 1201 1914; x_wconf 79' lang='grc' dir='ltr'>πρὸς</span> <span class='ocrx_word' id='word_1_634' title='bbox 1215 1880 1277 1911; x_wconf 74' lang='grc' dir='ltr'>τοὺς</span> <span class='ocrx_word' id='word_1_635' title='bbox 1288 1879 1401 1915; x_wconf 74' lang='grc' dir='ltr'>ἐχθροὺς</span> <span class='ocrx_word' id='word_1_636' title='bbox 1416 1881 1600 1916; x_wconf 77' lang='grc' dir='ltr'>παρατάξεσιν</span> <span class='ocrx_word' id='word_1_637' title='bbox 1611 1902 1618 1913; x_wconf 86' lang='grc'><strong>,</strong></span> <span class='ocrx_word' id='word_1_638' title='bbox 1639 1882 1751 1914; x_wconf 80' lang='grc' dir='ltr'>εἰκότως</span> <span class='ocrx_word' id='word_1_639' title='bbox 1766 1883 1922 1918; x_wconf 58' lang='grc' dir='ltr'>ὲπιλέγεται</span> 
     </span>
    </p>
   </div>
   <div class='ocr_carea' id='block_1_85' title="bbox 1134 1925 1923 1965">
    <p class='ocr_par' dir='ltr' id='par_1_85' title="bbox 1134 1925 1923 1965">
     <span class='ocr_line' id='line_1_85' title="bbox 1134 1925 1923 1965; baseline 0.006 -14"><span class='ocrx_word' id='word_1_640' title='bbox 1134 1925 1201 1961; x_wconf 71' lang='grc' dir='ltr'>πρὸς</span> <span class='ocrx_word' id='word_1_641' title='bbox 1213 1926 1296 1961; x_wconf 82' lang='grc' dir='ltr'>αὐτήν</span> <span class='ocrx_word' id='word_1_642' title='bbox 1307 1935 1314 1941; x_wconf 93' lang='grc'><strong>·</strong></span> <span class='ocrx_word' id='word_1_643' title='bbox 1339 1935 1348 1951; x_wconf 86' lang='grc' dir='ltr'><strong>ι</strong></span> <span class='ocrx_word' id='word_1_644' title='bbox 1365 1927 1397 1952; x_wconf 74' lang='lat' dir='ltr'><strong>At</strong></span> <span class='ocrx_word' id='word_1_645' title='bbox 1414 1927 1503 1963; x_wconf 79' lang='grc' dir='ltr'>χεῖρές</span> <span class='ocrx_word' id='word_1_646' title='bbox 1525 1936 1571 1953; x_wconf 86' lang='grc' dir='ltr'><strong>σου</strong></span> <span class='ocrx_word' id='word_1_647' title='bbox 1589 1929 1636 1954; x_wconf 83' lang='grc' dir='ltr'>ἐπὶ</span> <span class='ocrx_word' id='word_1_648' title='bbox 1649 1927 1735 1955; x_wconf 87' lang='grc' dir='ltr'>νώτου</span> <span class='ocrx_word' id='word_1_649' title='bbox 1748 1929 1802 1955; x_wconf 85' lang='grc' dir='ltr'>τῶν</span> <span class='ocrx_word' id='word_1_650' title='bbox 1816 1929 1923 1965; x_wconf 79' lang='grc' dir='ltr'>ἐχθρῶν</span> 
     </span>
    </p>
   </div>
   <div class='ocr_carea' id='block_1_86' title="bbox 1135 1970 1922 2009">
    <p class='ocr_par' dir='ltr' id='par_1_86' title="bbox 1135 1970 1922 2009">
     <span class='ocr_line' id='line_1_86' title="bbox 1135 1970 1922 2009; baseline 0.006 -12"><span class='ocrx_word' id='word_1_651' title='bbox 1135 1980 1191 1998; x_wconf 84' lang='grc' dir='ltr'>σου.</span> <span class='ocrx_word' id='word_1_652' title='bbox 1212 1982 1220 1996; x_wconf 82' lang='grc' dir='ltr'><strong>ι</strong></span> <span class='ocrx_word' id='word_1_653' title='bbox 1240 1970 1307 1998; x_wconf 83' lang='grc' dir='ltr'>Εἶτα</span> <span class='ocrx_word' id='word_1_654' title='bbox 1324 1972 1368 1999; x_wconf 72' lang='grc' dir='ltr'><strong>διὰ</strong></span> <span class='ocrx_word' id='word_1_655' title='bbox 1386 1974 1416 1999; x_wconf 84' lang='grc' dir='ltr'><strong>τὺ</strong></span> <span class='ocrx_word' id='word_1_656' title='bbox 1435 1974 1547 2009; x_wconf 70' lang='grc' dir='ltr'>ἀρχικὸν</span> <span class='ocrx_word' id='word_1_657' title='bbox 1565 1976 1612 2001; x_wconf 71' lang='grc' dir='ltr'>καὶ</span> <span class='ocrx_word' id='word_1_658' title='bbox 1633 1974 1772 2009; x_wconf 83' lang='grc' dir='ltr'>βασιλικὸν</span> <span class='ocrx_word' id='word_1_659' title='bbox 1795 1975 1922 2009; x_wconf 78' lang='grc' dir='ltr'>ἀξίωμα,</span> 
     </span>
    </p>
   </div>
   <div class='ocr_carea' id='block_1_87' title="bbox 1137 2016 1924 2057">
    <p class='ocr_par' dir='ltr' id='par_1_87' title="bbox 1137 2016 1924 2057">
     <span class='ocr_line' id='line_1_87' title="bbox 1137 2016 1924 2057; baseline 0.008 -14"><span class='ocrx_word' id='word_1_660' title='bbox 1137 2028 1146 2043; x_wconf 78' lang='grc' dir='ltr'><strong>ι</strong></span> <span class='ocrx_word' id='word_1_661' title='bbox 1162 2018 1280 2053; x_wconf 81' lang='grc' dir='ltr'>σκύμνος</span> <span class='ocrx_word' id='word_1_662' title='bbox 1294 2019 1398 2050; x_wconf 76' lang='grc' dir='ltr'>λέοντος</span> <span class='ocrx_word' id='word_1_663' title='bbox 1409 2029 1418 2044; x_wconf 85' lang='grc'><strong>›</strong></span> <span class='ocrx_word' id='word_1_664' title='bbox 1431 2016 1500 2046; x_wconf 85' lang='grc' dir='ltr'>εἶναι</span> <span class='ocrx_word' id='word_1_665' title='bbox 1514 2020 1630 2054; x_wconf 83' lang='grc' dir='ltr'>λέγεται.</span> <span class='ocrx_word' id='word_1_666' title='bbox 1647 2021 1847 2057; x_wconf 80' lang='grc' dir='ltr'>Σεμνυνὸμενος</span> <span class='ocrx_word' id='word_1_667' title='bbox 1865 2022 1894 2050; x_wconf 57' lang='grc' dir='ltr'><strong>ἢ</strong></span> <span class='ocrx_word' id='word_1_668' title='bbox 1909 2024 1924 2049; x_wconf 83' lang='grc' dir='ltr'><strong><em>ὁ</em></strong></span> 
     </span>
    </p>
   </div>
   <div class='ocr_carea' id='block_1_88' title="bbox 1134 2066 1925 2104">
    <p class='ocr_par' dir='ltr' id='par_1_88' title="bbox 1134 2066 1925 2104">
     <span class='ocr_line' id='line_1_88' title="bbox 1134 2066 1925 2104; baseline 0.005 -12"><span class='ocrx_word' id='word_1_669' title='bbox 1134 2067 1284 2102; x_wconf 77' lang='grc' dir='ltr'>προπάτωρ</span> <span class='ocrx_word' id='word_1_670' title='bbox 1298 2066 1365 2101; x_wconf 77' lang='grc' dir='ltr'>ὁμοῦ</span> <span class='ocrx_word' id='word_1_671' title='bbox 1378 2068 1424 2093; x_wconf 72' lang='grc' dir='ltr'>καὶ</span> <span class='ocrx_word' id='word_1_672' title='bbox 1433 2068 1574 2103; x_wconf 77' lang='grc' dir='ltr'>προφήτης</span> <span class='ocrx_word' id='word_1_673' title='bbox 1584 2069 1630 2094; x_wconf 75' lang='grc' dir='ltr'>ἐπὶ</span> <span class='ocrx_word' id='word_1_674' title='bbox 1636 2068 1674 2104; x_wconf 81' lang='grc' dir='ltr'>τῷ</span> <span class='ocrx_word' id='word_1_675' title='bbox 1684 2069 1734 2104; x_wconf 84' lang='grc' dir='ltr'>τῆς</span> <span class='ocrx_word' id='word_1_676' title='bbox 1745 2069 1831 2104; x_wconf 84' lang='grc' dir='ltr'>φυλῆς</span> <span class='ocrx_word' id='word_1_677' title='bbox 1841 2070 1925 2102; x_wconf 81' lang='grc' dir='ltr'><strong>ἀξιώ-</strong></span> 
     </span>
    </p>
   </div>
   <div class='ocr_carea' id='block_1_89' title="bbox 1136 2113 1923 2151">
    <p class='ocr_par' dir='ltr' id='par_1_89' title="bbox 1136 2113 1923 2151">
     <span class='ocr_line' id='line_1_89' title="bbox 1136 2113 1923 2151; baseline 0.005 -12"><span class='ocrx_word' id='word_1_678' title='bbox 1136 2121 1216 2147; x_wconf 81' lang='grc' dir='ltr'>ματι,</span> <span class='ocrx_word' id='word_1_679' title='bbox 1234 2113 1395 2149; x_wconf 80' lang='grc' dir='ltr'>προστίθησι</span> <span class='ocrx_word' id='word_1_680' title='bbox 1411 2113 1514 2147; x_wconf 83' lang='grc' dir='ltr'>λέγων·</span> <span class='ocrx_word' id='word_1_681' title='bbox 1535 2123 1544 2139; x_wconf 79' lang='grc' dir='ltr'><strong>ι</strong></span> <span class='ocrx_word' id='word_1_682' title='bbox 1568 2115 1616 2141; x_wconf 79' lang='grc' dir='ltr'>Ἐκ</span> <span class='ocrx_word' id='word_1_683' title='bbox 1636 2114 1769 2149; x_wconf 78' lang='grc' dir='ltr'>βλαστοῦ,</span> <span class='ocrx_word' id='word_1_684' title='bbox 1789 2115 1830 2142; x_wconf 78' lang='grc' dir='ltr'><strong>υἰέ</strong></span> <span class='ocrx_word' id='word_1_685' title='bbox 1852 2124 1923 2151; x_wconf 85' lang='grc' dir='ltr'>μου,</span> 
     </span>
    </p>
   </div>
   <div class='ocr_carea' id='block_1_90' title="bbox 1134 2159 1924 2196">
    <p class='ocr_par' dir='ltr' id='par_1_90' title="bbox 1134 2159 1924 2196">
     <span class='ocr_line' id='line_1_90' title="bbox 1134 2159 1924 2196; baseline 0.005 -11"><span class='ocrx_word' id='word_1_686' title='bbox 1134 2160 1244 2194; x_wconf 81' lang='grc' dir='ltr'>ἀνέὗης.</span> <span class='ocrx_word' id='word_1_687' title='bbox 1264 2170 1273 2185; x_wconf 73' lang='grc' dir='ltr'><strong>ι</strong></span> <span class='ocrx_word' id='word_1_688' title='bbox 1291 2160 1326 2186; x_wconf 81' lang='grc' dir='ltr'><strong>Τὸ</strong></span> <span class='ocrx_word' id='word_1_689' title='bbox 1340 2160 1386 2192; x_wconf 81' lang='grc' dir='ltr'><strong>δὲ,</strong></span> <span class='ocrx_word' id='word_1_690' title='bbox 1413 2169 1422 2185; x_wconf 80' lang='grc' dir='ltr'><strong>ι</strong></span> <span class='ocrx_word' id='word_1_691' title='bbox 1447 2159 1598 2187; x_wconf 78' lang='grc' dir='ltr'>Ἀναπεσὼν</span> <span class='ocrx_word' id='word_1_692' title='bbox 1618 2161 1767 2196; x_wconf 77' lang='grc' dir='ltr'>ἐκοιμήθης</span> <span class='ocrx_word' id='word_1_693' title='bbox 1784 2161 1822 2193; x_wconf 82' lang='grc' dir='ltr'>ὡς</span> <span class='ocrx_word' id='word_1_694' title='bbox 1842 2161 1924 2194; x_wconf 70' lang='grc' dir='ltr'>λέων,</span> 
     </span>
    </p>
   </div>
   <div class='ocr_carea' id='block_1_91' title="bbox 1135 2205 1926 2243">
    <p class='ocr_par' dir='ltr' id='par_1_91' title="bbox 1135 2205 1926 2243">
     <span class='ocr_line' id='line_1_91' title="bbox 1135 2205 1926 2243; baseline 0.001 -11"><span class='ocrx_word' id='word_1_695' title='bbox 1135 2206 1181 2232; x_wconf 75' lang='grc' dir='ltr'><strong>καὶ</strong></span> <span class='ocrx_word' id='word_1_696' title='bbox 1198 2206 1236 2237; x_wconf 80' lang='grc' dir='ltr'>ὡς</span> <span class='ocrx_word' id='word_1_697' title='bbox 1258 2205 1376 2240; x_wconf 77' lang='grc' dir='ltr'>σκύμνος</span> <span class='ocrx_word' id='word_1_698' title='bbox 1394 2205 1514 2238; x_wconf 86' lang='grc' dir='ltr'>λέοντος,</span> <span class='ocrx_word' id='word_1_699' title='bbox 1527 2215 1536 2231; x_wconf 73' lang='grc' dir='ltr'><strong>ι</strong></span> <span class='ocrx_word' id='word_1_700' title='bbox 1555 2205 1585 2232; x_wconf 83' lang='grc' dir='ltr'><strong>τὺ</strong></span> <span class='ocrx_word' id='word_1_701' title='bbox 1599 2206 1701 2241; x_wconf 83' lang='grc' dir='ltr'>γαῦρον</span> <span class='ocrx_word' id='word_1_702' title='bbox 1712 2205 1779 2241; x_wconf 77' lang='grc' dir='ltr'>ὁμοῦ</span> <span class='ocrx_word' id='word_1_703' title='bbox 1795 2206 1842 2233; x_wconf 77' lang='grc' dir='ltr'>καὶ</span> <span class='ocrx_word' id='word_1_704' title='bbox 1857 2206 1926 2243; x_wconf 84' lang='grc' dir='ltr'>θαρ-</span> 
     </span>
    </p>
   </div>
   <div class='ocr_carea' id='block_1_92' title="bbox 294 2251 1081 2302">
    <p class='ocr_par' dir='ltr' id='par_1_92' title="bbox 294 2255 1081 2292">
     <span class='ocr_line' id='line_1_92' title="bbox 294 2255 1081 2292; baseline 0.004 -10"><span class='ocrx_word' id='word_1_705' title='bbox 294 2262 360 2290; x_wconf 84' lang='lat' dir='ltr'><strong>ceps</strong></span> <span class='ocrx_word' id='word_1_706' title='bbox 375 2255 426 2282; x_wconf 79' lang='lat' dir='ltr'><strong>fuit</strong></span> <span class='ocrx_word' id='word_1_707' title='bbox 440 2255 467 2282; x_wconf 91' lang='lat' dir='ltr'><strong>in</strong></span> <span class='ocrx_word' id='word_1_708' title='bbox 484 2256 571 2289; x_wconf 83' lang='lat' dir='ltr'><strong>bellis,</strong></span> <span class='ocrx_word' id='word_1_709' title='bbox 587 2260 613 2282; x_wconf 90' lang='lat' dir='ltr'><strong>et</strong></span> <span class='ocrx_word' id='word_1_710' title='bbox 627 2257 685 2283; x_wconf 87' lang='lat' dir='ltr'><strong>sola</strong></span> <span class='ocrx_word' id='word_1_711' title='bbox 696 2258 724 2283; x_wconf 96' lang='lat' dir='ltr'><strong>in</strong></span> <span class='ocrx_word' id='word_1_712' title='bbox 737 2257 914 2292; x_wconf 84' lang='lat' dir='ltr'><strong>apparatibus</strong></span> <span class='ocrx_word' id='word_1_713' title='bbox 928 2258 1081 2292; x_wconf 61' lang='lat' dir='ltr'><strong>praeliorum</strong></span> 
     </span>
    </p>
   </div>
   <div class='ocr_carea' id='block_1_93' title="bbox 1133 2251 1924 2302">
    <p class='ocr_par' dir='ltr' id='par_1_93' title="bbox 1137 2251 1924 2289">
     <span class='ocr_line' id='line_1_93' title="bbox 1137 2251 1924 2289; baseline 0.003 -11"><span class='ocrx_word' id='word_1_714' title='bbox 1137 2252 1230 2278; x_wconf 84' lang='grc' dir='ltr'>σαλέον</span> <span class='ocrx_word' id='word_1_715' title='bbox 1240 2271 1247 2282; x_wconf 85' lang='grc'><strong>,</strong></span> <span class='ocrx_word' id='word_1_716' title='bbox 1262 2252 1308 2278; x_wconf 73' lang='grc' dir='ltr'>καὶ</span> <span class='ocrx_word' id='word_1_717' title='bbox 1327 2251 1358 2278; x_wconf 84' lang='grc' dir='ltr'>τὸ</span> <span class='ocrx_word' id='word_1_718' title='bbox 1373 2252 1427 2278; x_wconf 83' lang='grc' dir='ltr'>τῶν</span> <span class='ocrx_word' id='word_1_719' title='bbox 1445 2252 1543 2284; x_wconf 79' lang='grc' dir='ltr'>ἔξωθεν</span> <span class='ocrx_word' id='word_1_720' title='bbox 1559 2253 1690 2280; x_wconf 79' lang='grc' dir='ltr'>ἐπιόντων</span> <span class='ocrx_word' id='word_1_721' title='bbox 1702 2252 1924 2289; x_wconf 78' lang='grc' dir='ltr'>ἀκατάπληκτον.</span> 
     </span>
    </p>
   </div>
   <div class='ocr_carea' id='block_1_94' title="bbox 294 2300 1084 2338">
    <p class='ocr_par' dir='ltr' id='par_1_94' title="bbox 294 2300 1084 2338">
     <span class='ocr_line' id='line_1_94' title="bbox 294 2300 1084 2338; baseline 0.004 -11"><span class='ocrx_word' id='word_1_722' title='bbox 294 2300 428 2328; x_wconf 75' lang='lat' dir='ltr'><strong>adversus</strong></span> <span class='ocrx_word' id='word_1_723' title='bbox 453 2301 546 2329; x_wconf 87' lang='lat' dir='ltr'><strong>hostes</strong></span> <span class='ocrx_word' id='word_1_724' title='bbox 566 2303 638 2337; x_wconf 83' lang='lat' dir='ltr'><strong>genti</strong></span> <span class='ocrx_word' id='word_1_725' title='bbox 656 2310 712 2329; x_wconf 62' lang='lat' dir='ltr'><strong>sua:</strong></span> <span class='ocrx_word' id='word_1_726' title='bbox 733 2303 868 2330; x_wconf 71' lang='lat' dir='ltr'><strong>universae</strong></span> <span class='ocrx_word' id='word_1_727' title='bbox 889 2303 1006 2338; x_wconf 67' lang='lat' dir='ltr'><strong>pracruit,</strong></span> <span class='ocrx_word' id='word_1_728' title='bbox 1026 2312 1084 2331; x_wconf 86' lang='lat' dir='ltr'><strong>me-</strong></span> 
     </span>
    </p>
   </div>
   <div class='ocr_carea' id='block_1_95' title="bbox 293 2346 1082 2384">
    <p class='ocr_par' dir='ltr' id='par_1_95' title="bbox 293 2346 1082 2384">
     <span class='ocr_line' id='line_1_95' title="bbox 293 2346 1082 2384; baseline 0.003 -9"><span class='ocrx_word' id='word_1_729' title='bbox 293 2347 348 2375; x_wconf 86' lang='lat' dir='ltr'><strong>rito</strong></span> <span class='ocrx_word' id='word_1_730' title='bbox 379 2346 508 2382; x_wconf 84' lang='lat' dir='ltr'><strong>deinceps</strong></span> <span class='ocrx_word' id='word_1_731' title='bbox 530 2347 563 2374; x_wconf 90' lang='lat' dir='ltr'><strong>ad</strong></span> <span class='ocrx_word' id='word_1_732' title='bbox 580 2348 703 2375; x_wconf 86' lang='lat' dir='ltr'><strong>eamdem</strong></span> <span class='ocrx_word' id='word_1_733' title='bbox 729 2349 795 2376; x_wconf 86' lang='lat' dir='ltr'><strong>Illud</strong></span> <span class='ocrx_word' id='word_1_734' title='bbox 823 2357 932 2384; x_wconf 89' lang='lat' dir='ltr'><strong>quoque</strong></span> <span class='ocrx_word' id='word_1_735' title='bbox 958 2349 1082 2377; x_wconf 89' lang='lat' dir='ltr'><strong>dicitur:</strong></span> 
     </span>
    </p>
   </div>
   <div class='ocr_carea' id='block_1_96' title="bbox 297 2391 1084 2429">
    <p class='ocr_par' dir='ltr' id='par_1_96' title="bbox 297 2391 1084 2429">
     <span class='ocr_line' id='line_1_96' title="bbox 297 2391 1084 2429; baseline 0.008 -10"><span class='ocrx_word' id='word_1_736' title='bbox 297 2401 307 2418; x_wconf 78' lang='grc' dir='ltr'><strong>ι</strong></span> <span class='ocrx_word' id='word_1_737' title='bbox 324 2391 421 2420; x_wconf 78' lang='lat' dir='ltr'><strong>Manus</strong></span> <span class='ocrx_word' id='word_1_738' title='bbox 437 2398 489 2420; x_wconf 50' lang='lat' dir='ltr'><strong>tua),</strong></span> <span class='ocrx_word' id='word_1_739' title='bbox 500 2394 527 2420; x_wconf 91' lang='lat' dir='ltr'><strong>in</strong></span> <span class='ocrx_word' id='word_1_740' title='bbox 541 2397 617 2429; x_wconf 81' lang='lat' dir='ltr'><strong>tergo</strong></span> <span class='ocrx_word' id='word_1_741' title='bbox 633 2394 804 2422; x_wconf 89' lang='lat' dir='ltr'><strong>inimicorum</strong></span> <span class='ocrx_word' id='word_1_742' title='bbox 817 2399 936 2424; x_wconf 90' lang='lat' dir='ltr'><strong>tuorum.</strong></span> <span class='ocrx_word' id='word_1_743' title='bbox 959 2406 968 2422; x_wconf 76' lang='grc' dir='ltr'><strong>ι</strong></span> <span class='ocrx_word' id='word_1_744' title='bbox 983 2396 1084 2425; x_wconf 87' lang='lat' dir='ltr'><strong>Deinde</strong></span> 
     </span>
    </p>
   </div>
   <div class='ocr_carea' id='block_1_97' title="bbox 295 2440 1082 2477">
    <p class='ocr_par' dir='ltr' id='par_1_97' title="bbox 295 2440 1082 2477">
     <span class='ocr_line' id='line_1_97' title="bbox 295 2440 1082 2477; baseline 0.006 -11"><span class='ocrx_word' id='word_1_745' title='bbox 295 2445 406 2475; x_wconf 85' lang='lat' dir='ltr'><strong>propter</strong></span> <span class='ocrx_word' id='word_1_746' title='bbox 414 2440 607 2475; x_wconf 89' lang='lat' dir='ltr'><strong>principatum,</strong></span> <span class='ocrx_word' id='word_1_747' title='bbox 622 2445 786 2476; x_wconf 88' lang='lat' dir='ltr'><strong>propterque</strong></span> <span class='ocrx_word' id='word_1_748' title='bbox 798 2442 898 2476; x_wconf 77' lang='lat' dir='ltr'><strong>regiam</strong></span> <span class='ocrx_word' id='word_1_749' title='bbox 911 2443 1082 2477; x_wconf 81' lang='lat' dir='ltr'><strong>dignitatem,</strong></span> 
     </span>
    </p>
   </div>
   <div class='ocr_carea' id='block_1_98' title="bbox 298 2487 1084 2525">
    <p class='ocr_par' dir='ltr' id='par_1_98' title="bbox 298 2487 1084 2525">
     <span class='ocr_line' id='line_1_98' title="bbox 298 2487 1084 2525; baseline 0.005 -12"><span class='ocrx_word' id='word_1_750' title='bbox 298 2495 309 2512; x_wconf 74' lang='grc' dir='ltr'><strong>ι</strong></span> <span class='ocrx_word' id='word_1_751' title='bbox 329 2487 438 2514; x_wconf 88' lang='lat' dir='ltr'><strong>catulus</strong></span> <span class='ocrx_word' id='word_1_752' title='bbox 462 2487 549 2515; x_wconf 88' lang='lat' dir='ltr'><strong>leonis</strong></span> <span class='ocrx_word' id='word_1_753' title='bbox 571 2498 580 2514; x_wconf 83' lang='lat' dir='ltr'><strong>I</strong></span> <span class='ocrx_word' id='word_1_754' title='bbox 597 2496 659 2515; x_wconf 86' lang='lat' dir='ltr'><strong>esse</strong></span> <span class='ocrx_word' id='word_1_755' title='bbox 682 2488 794 2516; x_wconf 89' lang='lat' dir='ltr'><strong>dicitur.</strong></span> <span class='ocrx_word' id='word_1_756' title='bbox 811 2488 911 2516; x_wconf 68' lang='lat' dir='ltr'><strong>Gloriae</strong></span> <span class='ocrx_word' id='word_1_757' title='bbox 935 2489 1018 2525; x_wconf 78' lang='lat' dir='ltr'><strong>igitur</strong></span> <span class='ocrx_word' id='word_1_758' title='bbox 1032 2491 1084 2518; x_wconf 86' lang='lat' dir='ltr'><strong>sibi</strong></span> 
     </span>
    </p>
   </div>
   <div class='ocr_carea' id='block_1_99' title="bbox 295 2533 1086 2572">
    <p class='ocr_par' dir='ltr' id='par_1_99' title="bbox 295 2533 1086 2572">
     <span class='ocr_line' id='line_1_99' title="bbox 295 2533 1086 2572; baseline 0.005 -13"><span class='ocrx_word' id='word_1_759' title='bbox 295 2533 420 2560; x_wconf 88' lang='lat' dir='ltr'><strong>tribuens</strong></span> <span class='ocrx_word' id='word_1_760' title='bbox 435 2534 478 2561; x_wconf 90' lang='lat' dir='ltr'><strong>hic</strong></span> <span class='ocrx_word' id='word_1_761' title='bbox 496 2538 551 2561; x_wconf 88' lang='lat' dir='ltr'><strong>tum</strong></span> <span class='ocrx_word' id='word_1_762' title='bbox 572 2535 680 2570; x_wconf 84' lang='lat' dir='ltr'><strong>generis</strong></span> <span class='ocrx_word' id='word_1_763' title='bbox 695 2535 829 2570; x_wconf 85' lang='lat' dir='ltr'><strong>princeps,</strong></span> <span class='ocrx_word' id='word_1_764' title='bbox 848 2539 905 2562; x_wconf 93' lang='lat' dir='ltr'><strong>tum</strong></span> <span class='ocrx_word' id='word_1_765' title='bbox 924 2538 1005 2563; x_wconf 84' lang='lat' dir='ltr'><strong>etiam</strong></span> <span class='ocrx_word' id='word_1_766' title='bbox 1022 2545 1086 2572; x_wconf 92' lang='lat' dir='ltr'><strong>pro-</strong></span> 
     </span>
    </p>
   </div>
   <div class='ocr_carea' id='block_1_100' title="bbox 295 2578 1085 2618">
    <p class='ocr_par' dir='ltr' id='par_1_100' title="bbox 295 2578 1085 2618">
     <span class='ocr_line' id='line_1_100' title="bbox 295 2578 1085 2618; baseline 0.006 -12"><span class='ocrx_word' id='word_1_767' title='bbox 295 2578 376 2615; x_wconf 86' lang='lat' dir='ltr'><strong>pheta</strong></span> <span class='ocrx_word' id='word_1_768' title='bbox 392 2580 506 2615; x_wconf 89' lang='lat' dir='ltr'><strong>hujusce</strong></span> <span class='ocrx_word' id='word_1_769' title='bbox 521 2581 609 2608; x_wconf 91' lang='lat' dir='ltr'><strong>tribus</strong></span> <span class='ocrx_word' id='word_1_770' title='bbox 622 2581 791 2617; x_wconf 81' lang='lat' dir='ltr'><strong>dignitatem,</strong></span> <span class='ocrx_word' id='word_1_771' title='bbox 810 2582 934 2618; x_wconf 69' lang='lat' dir='ltr'><strong>adiungit</strong></span> <span class='ocrx_word' id='word_1_772' title='bbox 947 2585 1019 2617; x_wconf 87' lang='lat' dir='ltr'><strong>quod</strong></span> <span class='ocrx_word' id='word_1_773' title='bbox 1035 2591 1085 2611; x_wconf 88' lang='lat' dir='ltr'><strong>se—</strong></span> 
     </span>
    </p>
   </div>
   <div class='ocr_carea' id='block_1_101' title="bbox 296 2626 1085 2662">
    <p class='ocr_par' dir='ltr' id='par_1_101' title="bbox 296 2626 1085 2662">
     <span class='ocr_line' id='line_1_101' title="bbox 296 2626 1085 2662; baseline 0.006 -11"><span class='ocrx_word' id='word_1_774' title='bbox 296 2626 390 2660; x_wconf 83' lang='lat' dir='ltr'><strong>quitur</strong></span> <span class='ocrx_word' id='word_1_775' title='bbox 407 2635 429 2653; x_wconf 76' lang='grc' dir='ltr'><strong>ιι</strong></span> <span class='ocrx_word' id='word_1_776' title='bbox 449 2626 486 2654; x_wconf 89' lang='lat' dir='ltr'><strong>De</strong></span> <span class='ocrx_word' id='word_1_777' title='bbox 501 2627 634 2662; x_wconf 79' lang='lat' dir='ltr'><strong>germine,</strong></span> <span class='ocrx_word' id='word_1_778' title='bbox 654 2628 689 2655; x_wconf 86' lang='lat' dir='ltr'><strong>tili</strong></span> <span class='ocrx_word' id='word_1_779' title='bbox 703 2628 752 2661; x_wconf 89' lang='lat' dir='ltr'><strong>mi,</strong></span> <span class='ocrx_word' id='word_1_780' title='bbox 767 2629 926 2656; x_wconf 85' lang='lat' dir='ltr'><strong>ascendisti.</strong></span> <span class='ocrx_word' id='word_1_781' title='bbox 946 2628 1026 2656; x_wconf 71' lang='lat' dir='ltr'><strong>illlud</strong></span> <span class='ocrx_word' id='word_1_782' title='bbox 1039 2636 1085 2656; x_wconf 90' lang='lat' dir='ltr'><strong>au-</strong></span> 
     </span>
    </p>
   </div>
   <div class='ocr_carea' id='block_1_102' title="bbox 298 2672 1084 2708">
    <p class='ocr_par' dir='ltr' id='par_1_102' title="bbox 298 2672 1084 2708">
     <span class='ocr_line' id='line_1_102' title="bbox 298 2672 1084 2708; baseline 0.006 -11"><span class='ocrx_word' id='word_1_783' title='bbox 298 2675 352 2698; x_wconf 88' lang='lat' dir='ltr'><strong>tem</strong></span> <span class='ocrx_word' id='word_1_784' title='bbox 370 2680 378 2699; x_wconf 84' lang='lat'><strong>:</strong></span> <span class='ocrx_word' id='word_1_785' title='bbox 396 2680 406 2697; x_wconf 79' lang='grc' dir='ltr'><strong>ι</strong></span> <span class='ocrx_word' id='word_1_786' title='bbox 428 2672 590 2700; x_wconf 87' lang='lat' dir='ltr'><strong>recumbens</strong></span> <span class='ocrx_word' id='word_1_787' title='bbox 607 2672 759 2701; x_wconf 87' lang='lat' dir='ltr'><strong>dormivisti</strong></span> <span class='ocrx_word' id='word_1_788' title='bbox 775 2679 803 2701; x_wconf 93' lang='lat' dir='ltr'><strong>ut</strong></span> <span class='ocrx_word' id='word_1_789' title='bbox 821 2675 873 2708; x_wconf 79' lang='lat' dir='ltr'><strong>leo,</strong></span> <span class='ocrx_word' id='word_1_790' title='bbox 891 2679 918 2701; x_wconf 90' lang='lat' dir='ltr'><strong>et</strong></span> <span class='ocrx_word' id='word_1_791' title='bbox 933 2678 964 2702; x_wconf 90' lang='lat' dir='ltr'><strong>ut</strong></span> <span class='ocrx_word' id='word_1_792' title='bbox 978 2675 1084 2702; x_wconf 90' lang='lat' dir='ltr'><strong>catulus</strong></span> 
     </span>
    </p>
   </div>
   <div class='ocr_carea' id='block_1_103' title="bbox 297 2716 1080 2756">
    <p class='ocr_par' dir='ltr' id='par_1_103' title="bbox 297 2716 1080 2756">
     <span class='ocr_line' id='line_1_103' title="bbox 297 2716 1080 2756; baseline 0.008 -13"><span class='ocrx_word' id='word_1_793' title='bbox 297 2716 399 2750; x_wconf 80' lang='lat' dir='ltr'><strong>leonis,</strong></span> <span class='ocrx_word' id='word_1_794' title='bbox 419 2727 428 2743; x_wconf 76' lang='grc' dir='ltr'><strong>ι</strong></span> <span class='ocrx_word' id='word_1_795' title='bbox 449 2718 571 2753; x_wconf 85' lang='lat' dir='ltr'><strong>ejusdem</strong></span> <span class='ocrx_word' id='word_1_796' title='bbox 590 2719 678 2747; x_wconf 84' lang='lat' dir='ltr'><strong>tribus</strong></span> <span class='ocrx_word' id='word_1_797' title='bbox 699 2720 872 2755; x_wconf 84' lang='lat' dir='ltr'><strong>magniﬁcum</strong></span> <span class='ocrx_word' id='word_1_798' title='bbox 897 2721 981 2748; x_wconf 88' lang='lat' dir='ltr'><strong>animi</strong></span> <span class='ocrx_word' id='word_1_799' title='bbox 1006 2722 1080 2756; x_wconf 74' lang='lat' dir='ltr'><strong>inge-</strong></span> 
     </span>
    </p>
   </div>
   <div class='ocr_carea' id='block_1_104' title="bbox 299 2763 1085 2802">
    <p class='ocr_par' dir='ltr' id='par_1_104' title="bbox 299 2763 1085 2802">
     <span class='ocr_line' id='line_1_104' title="bbox 299 2763 1085 2802; baseline 0.005 -12"><span class='ocrx_word' id='word_1_800' title='bbox 299 2763 374 2791; x_wconf 84' lang='lat' dir='ltr'><strong>nium</strong></span> <span class='ocrx_word' id='word_1_801' title='bbox 383 2769 410 2792; x_wconf 89' lang='lat' dir='ltr'><strong>et</strong></span> <span class='ocrx_word' id='word_1_802' title='bbox 417 2765 565 2798; x_wconf 83' lang='lat' dir='ltr'><strong>conﬁdens,</strong></span> <span class='ocrx_word' id='word_1_803' title='bbox 575 2766 702 2799; x_wconf 87' lang='lat' dir='ltr'><strong>ostendit,</strong></span> <span class='ocrx_word' id='word_1_804' title='bbox 711 2767 838 2802; x_wconf 88' lang='lat' dir='ltr'><strong>quodque</strong></span> <span class='ocrx_word' id='word_1_805' title='bbox 845 2767 927 2795; x_wconf 84' lang='lat' dir='ltr'><strong>nullis</strong></span> <span class='ocrx_word' id='word_1_806' title='bbox 949 2769 1085 2795; x_wconf 75' lang='lat' dir='ltr'><strong>extrinse-</strong></span> 
     </span>
    </p>
   </div>
   <div class='ocr_carea' id='block_1_105' title="bbox 299 2810 1084 2848">
    <p class='ocr_par' dir='ltr' id='par_1_105' title="bbox 299 2810 1084 2848">
     <span class='ocr_line' id='line_1_105' title="bbox 299 2810 1084 2848; baseline 0.004 -11"><span class='ocrx_word' id='word_1_807' title='bbox 299 2817 347 2837; x_wconf 82' lang='lat' dir='ltr'><strong>cus</strong></span> <span class='ocrx_word' id='word_1_808' title='bbox 374 2810 563 2846; x_wconf 76' lang='lat' dir='ltr'><strong>ingruéntibus</strong></span> <span class='ocrx_word' id='word_1_809' title='bbox 589 2813 671 2840; x_wconf 82' lang='lat' dir='ltr'><strong>rebus</strong></span> <span class='ocrx_word' id='word_1_810' title='bbox 688 2814 873 2846; x_wconf 87' lang='lat' dir='ltr'><strong>concutiatur,</strong></span> <span class='ocrx_word' id='word_1_811' title='bbox 890 2817 916 2841; x_wconf 84' lang='lat' dir='ltr'><strong>et</strong></span> <span class='ocrx_word' id='word_1_812' title='bbox 938 2815 1009 2848; x_wconf 88' lang='lat' dir='ltr'><strong>quod</strong></span> <span class='ocrx_word' id='word_1_813' title='bbox 1027 2819 1084 2840; x_wconf 86' lang='lat' dir='ltr'><strong>tum</strong></span> 
     </span>
    </p>
   </div>
   <div class='ocr_carea' id='block_1_106' title="bbox 298 2858 1083 2894">
    <p class='ocr_par' dir='ltr' id='par_1_106' title="bbox 298 2858 1083 2894">
     <span class='ocr_line' id='line_1_106' title="bbox 298 2858 1083 2894; baseline 0.003 -10"><span class='ocrx_word' id='word_1_814' title='bbox 298 2858 463 2893; x_wconf 86' lang='lat' dir='ltr'><strong>intrepidum</strong></span> <span class='ocrx_word' id='word_1_815' title='bbox 476 2866 505 2886; x_wconf 86' lang='lat' dir='ltr'><strong>se</strong></span> <span class='ocrx_word' id='word_1_816' title='bbox 522 2859 650 2894; x_wconf 63' lang='lat' dir='ltr'><strong>prebeat,</strong></span> <span class='ocrx_word' id='word_1_817' title='bbox 669 2863 724 2886; x_wconf 93' lang='lat' dir='ltr'><strong>tum</strong></span> <span class='ocrx_word' id='word_1_818' title='bbox 739 2860 905 2894; x_wconf 88' lang='lat' dir='ltr'><strong>contemptui</strong></span> <span class='ocrx_word' id='word_1_819' title='bbox 918 2860 1016 2887; x_wconf 86' lang='lat' dir='ltr'><strong>habeat</strong></span> <span class='ocrx_word' id='word_1_820' title='bbox 1031 2860 1083 2886; x_wconf 93' lang='lat' dir='ltr'><strong>ini-</strong></span> 
     </span>
    </p>
   </div>
   <div class='ocr_carea' id='block_1_107' title="bbox 298 2904 1084 2942">
    <p class='ocr_par' dir='ltr' id='par_1_107' title="bbox 298 2904 1084 2942">
     <span class='ocr_line' id='line_1_107' title="bbox 298 2904 1084 2942; baseline 0.001 -10"><span class='ocrx_word' id='word_1_821' title='bbox 298 2905 393 2932; x_wconf 66' lang='lat' dir='ltr'><strong>micos.</strong></span> <span class='ocrx_word' id='word_1_822' title='bbox 417 2904 494 2932; x_wconf 92' lang='lat' dir='ltr'><strong>lllum</strong></span> <span class='ocrx_word' id='word_1_823' title='bbox 512 2912 576 2932; x_wconf 74' lang='lat' dir='ltr'><strong>vero</strong></span> <span class='ocrx_word' id='word_1_824' title='bbox 597 2904 648 2932; x_wconf 82' lang='lat' dir='ltr'><strong>hoc</strong></span> <span class='ocrx_word' id='word_1_825' title='bbox 669 2905 749 2933; x_wconf 82' lang='lat' dir='ltr'><strong>modo</strong></span> <span class='ocrx_word' id='word_1_826' title='bbox 765 2913 794 2934; x_wconf 81' lang='lat' dir='ltr'><strong>so</strong></span> <span class='ocrx_word' id='word_1_827' title='bbox 816 2906 970 2940; x_wconf 80' lang='lat' dir='ltr'><strong>habentem,</strong></span> <span class='ocrx_word' id='word_1_828' title='bbox 987 2914 1017 2933; x_wconf 86' lang='lat' dir='ltr'><strong>ac</strong></span> <span class='ocrx_word' id='word_1_829' title='bbox 1036 2914 1084 2942; x_wconf 84' lang='lat' dir='ltr'><strong>po-</strong></span> 
     </span>
    </p>
   </div>
   <div class='ocr_carea' id='block_1_108' title="bbox 1135 2298 1926 2335">
    <p class='ocr_par' dir='ltr' id='par_1_108' title="bbox 1135 2298 1926 2335">
     <span class='ocr_line' id='line_1_108' title="bbox 1135 2298 1926 2335; baseline 0 -9"><span class='ocrx_word' id='word_1_830' title='bbox 1135 2299 1165 2326; x_wconf 87' lang='grc' dir='ltr'>τό</span> <span class='ocrx_word' id='word_1_831' title='bbox 1185 2308 1211 2325; x_wconf 77' lang='grc' dir='ltr'><strong>τε</strong></span> <span class='ocrx_word' id='word_1_832' title='bbox 1228 2298 1328 2334; x_wconf 65' lang='grc' dir='ltr'>ἄφοδον</span> <span class='ocrx_word' id='word_1_833' title='bbox 1351 2299 1398 2325; x_wconf 74' lang='grc' dir='ltr'>καὶ</span> <span class='ocrx_word' id='word_1_834' title='bbox 1412 2298 1465 2324; x_wconf 85' lang='grc' dir='ltr'><strong>τῶν</strong></span> <span class='ocrx_word' id='word_1_835' title='bbox 1481 2298 1584 2334; x_wconf 76' lang='grc' dir='ltr'>ἐχθρῶν</span> <span class='ocrx_word' id='word_1_836' title='bbox 1599 2299 1831 2334; x_wconf 71' lang='grc' dir='ltr'>καταφρονητικὸν</span> <span class='ocrx_word' id='word_1_837' title='bbox 1853 2307 1926 2335; x_wconf 73' lang='grc' dir='ltr'>πιρ-</span> 
     </span>
    </p>
   </div>
   <div class='ocr_carea' id='block_1_109' title="bbox 1136 2344 1926 2381">
    <p class='ocr_par' dir='ltr' id='par_1_109' title="bbox 1136 2344 1926 2381">
     <span class='ocr_line' id='line_1_109' title="bbox 1136 2344 1926 2381; baseline 0 -9"><span class='ocrx_word' id='word_1_838' title='bbox 1136 2346 1233 2381; x_wconf 84' lang='grc' dir='ltr'>ίστησι.</span> <span class='ocrx_word' id='word_1_839' title='bbox 1257 2345 1381 2372; x_wconf 80' lang='grc' dir='ltr'>Τοιοῦτον</span> <span class='ocrx_word' id='word_1_840' title='bbox 1401 2345 1429 2372; x_wconf 75' lang='grc' dir='ltr'><strong>δὲ</strong></span> <span class='ocrx_word' id='word_1_841' title='bbox 1445 2345 1524 2371; x_wconf 83' lang='grc' dir='ltr'>αὑτὸν</span> <span class='ocrx_word' id='word_1_842' title='bbox 1537 2345 1617 2377; x_wconf 75' lang='grc' dir='ltr'>ὄντα,</span> <span class='ocrx_word' id='word_1_843' title='bbox 1635 2345 1733 2380; x_wconf 77' lang='grc' dir='ltr'>μᾶλλον</span> <span class='ocrx_word' id='word_1_844' title='bbox 1748 2345 1777 2371; x_wconf 84' lang='grc' dir='ltr'><strong>δὲ</strong></span> <span class='ocrx_word' id='word_1_845' title='bbox 1794 2344 1926 2381; x_wconf 72' lang='grc' dir='ltr'>τοιῗαύτην</span> 
     </span>
    </p>
   </div>
   <div class='ocr_carea' id='block_1_110' title="bbox 1134 2391 1926 2428">
    <p class='ocr_par' dir='ltr' id='par_1_110' title="bbox 1134 2391 1926 2428">
     <span class='ocr_line' id='line_1_110' title="bbox 1134 2391 1926 2428; baseline -0.001 -9"><span class='ocrx_word' id='word_1_846' title='bbox 1134 2391 1216 2420; x_wconf 82' lang='grc' dir='ltr'>οὖσαν</span> <span class='ocrx_word' id='word_1_847' title='bbox 1229 2392 1277 2427; x_wconf 80' lang='grc' dir='ltr'>τὴν</span> <span class='ocrx_word' id='word_1_848' title='bbox 1291 2392 1387 2428; x_wconf 78' lang='grc' dir='ltr'>φυλὴν,</span> <span class='ocrx_word' id='word_1_849' title='bbox 1403 2401 1412 2417; x_wconf 83' lang='grc' dir='ltr'><strong>ι</strong></span> <span class='ocrx_word' id='word_1_850' title='bbox 1426 2392 1490 2425; x_wconf 83' lang='grc' dir='ltr'>Τίς,</span> <span class='ocrx_word' id='word_1_851' title='bbox 1507 2392 1598 2427; x_wconf 73' lang='grc' dir='ltr'>φησὶν,</span> <span class='ocrx_word' id='word_1_852' title='bbox 1618 2392 1785 2427; x_wconf 73' lang='grc' dir='ltr'>ἀναστήσεις</span> <span class='ocrx_word' id='word_1_853' title='bbox 1807 2401 1817 2417; x_wconf 77' lang='grc' dir='ltr'><strong>ι</strong></span> <span class='ocrx_word' id='word_1_854' title='bbox 1837 2391 1926 2426; x_wconf 76' lang='grc' dir='ltr'>μέγαν</span> 
     </span>
    </p>
   </div>
   <div class='ocr_carea' id='block_1_111' title="bbox 1135 2437 1926 2474">
    <p class='ocr_par' dir='ltr' id='par_1_111' title="bbox 1135 2437 1926 2474">
     <span class='ocr_line' id='line_1_111' title="bbox 1135 2437 1926 2474; baseline -0.001 -9"><span class='ocrx_word' id='word_1_855' title='bbox 1135 2439 1195 2465; x_wconf 76' lang='grc' dir='ltr'>τινὰ</span> <span class='ocrx_word' id='word_1_856' title='bbox 1218 2439 1266 2465; x_wconf 70' lang='grc' dir='ltr'>καὶ</span> <span class='ocrx_word' id='word_1_857' title='bbox 1283 2438 1455 2474; x_wconf 84' lang='grc' dir='ltr'>θαυμαστὸν,</span> <span class='ocrx_word' id='word_1_858' title='bbox 1482 2437 1594 2465; x_wconf 82' lang='grc' dir='ltr'>σπάνιόν</span> <span class='ocrx_word' id='word_1_859' title='bbox 1615 2446 1645 2463; x_wconf 82' lang='grc' dir='ltr'><strong>τε</strong></span> <span class='ocrx_word' id='word_1_860' title='bbox 1670 2438 1717 2463; x_wconf 79' lang='grc' dir='ltr'>καὶ</span> <span class='ocrx_word' id='word_1_861' title='bbox 1737 2437 1926 2472; x_wconf 77' lang='grc' dir='ltr'>δυσθεώρητον</span> 
     </span>
    </p>
   </div>
   <div class='ocr_carea' id='block_1_112' title="bbox 1135 2483 1929 2520">
    <p class='ocr_par' dir='ltr' id='par_1_112' title="bbox 1135 2483 1929 2520">
     <span class='ocr_line' id='line_1_112' title="bbox 1135 2483 1929 2520; baseline -0.005 -8"><span class='ocrx_word' id='word_1_862' title='bbox 1135 2485 1242 2512; x_wconf 74' lang='grc' dir='ltr'>ἔσεσθαι</span> <span class='ocrx_word' id='word_1_863' title='bbox 1256 2485 1301 2512; x_wconf 83' lang='grc' dir='ltr'>τὸν</span> <span class='ocrx_word' id='word_1_864' title='bbox 1316 2485 1445 2520; x_wconf 85' lang='grc' dir='ltr'>μέλλοντα</span> <span class='ocrx_word' id='word_1_865' title='bbox 1460 2484 1623 2519; x_wconf 82' lang='grc' dir='ltr'>ἀναστήσειν</span> <span class='ocrx_word' id='word_1_866' title='bbox 1633 2483 1679 2510; x_wconf 87' lang='grc' dir='ltr'>τοῦ</span> <span class='ocrx_word' id='word_1_867' title='bbox 1694 2483 1799 2519; x_wconf 80' lang='grc' dir='ltr'>θρόνου,</span> <span class='ocrx_word' id='word_1_868' title='bbox 1818 2483 1866 2509; x_wconf 75' lang='grc' dir='ltr'><strong>καὶ</strong></span> <span class='ocrx_word' id='word_1_869' title='bbox 1882 2490 1929 2516; x_wconf 58' lang='grc' dir='ltr'>με.</span> 
     </span>
    </p>
   </div>
   <div class='ocr_carea' id='block_1_113' title="bbox 1135 2527 1926 2568">
    <p class='ocr_par' dir='ltr' id='par_1_113' title="bbox 1135 2527 1926 2568">
     <span class='ocr_line' id='line_1_113' title="bbox 1135 2527 1926 2568; baseline -0.006 -9"><span class='ocrx_word' id='word_1_870' title='bbox 1135 2533 1279 2568; x_wconf 77' lang='grc' dir='ltr'>ταστήσειν</span> <span class='ocrx_word' id='word_1_871' title='bbox 1302 2531 1348 2558; x_wconf 81' lang='grc' dir='ltr'>τοῦ</span> <span class='ocrx_word' id='word_1_872' title='bbox 1371 2530 1484 2566; x_wconf 77' lang='grc' dir='ltr'>ἀρχικοῦ</span> <span class='ocrx_word' id='word_1_873' title='bbox 1511 2530 1664 2566; x_wconf 78' lang='grc' dir='ltr'>ἀξιώματος</span> <span class='ocrx_word' id='word_1_874' title='bbox 1683 2529 1733 2565; x_wconf 84' lang='grc' dir='ltr'>τὴν</span> <span class='ocrx_word' id='word_1_875' title='bbox 1757 2527 1926 2564; x_wconf 80' lang='grc' dir='ltr'>δηλωθεῖσαν</span> 
     </span>
    </p>
   </div>
   <div class='ocr_carea' id='block_1_114' title="bbox 1135 2574 1927 2615">
    <p class='ocr_par' dir='ltr' id='par_1_114' title="bbox 1135 2574 1927 2615">
     <span class='ocr_line' id='line_1_114' title="bbox 1135 2574 1927 2615; baseline -0.005 -8"><span class='ocrx_word' id='word_1_876' title='bbox 1135 2580 1223 2615; x_wconf 75' lang='grc' dir='ltr'>φυλὴν</span> <span class='ocrx_word' id='word_1_877' title='bbox 1239 2579 1421 2614; x_wconf 73' lang='grc' dir='ltr'>αἰνιξάμενος.</span> <span class='ocrx_word' id='word_1_878' title='bbox 1443 2578 1491 2609; x_wconf 87' lang='grc' dir='ltr'>Τίς</span> <span class='ocrx_word' id='word_1_879' title='bbox 1507 2577 1535 2604; x_wconf 84' lang='grc' dir='ltr'><strong>δὲ</strong></span> <span class='ocrx_word' id='word_1_880' title='bbox 1549 2577 1603 2613; x_wconf 77' lang='grc' dir='ltr'>ἄρα</span> <span class='ocrx_word' id='word_1_881' title='bbox 1615 2574 1692 2608; x_wconf 82' lang='grc' dir='ltr'>οὗτος</span> <span class='ocrx_word' id='word_1_882' title='bbox 1702 2575 1753 2612; x_wconf 79' lang='grc' dir='ltr'>ἦν,</span> <span class='ocrx_word' id='word_1_883' title='bbox 1770 2576 1834 2611; x_wconf 77' lang='grc' dir='ltr'><strong>ἑξῆς</strong></span> <span class='ocrx_word' id='word_1_884' title='bbox 1850 2576 1927 2611; x_wconf 72' lang='grc' dir='ltr'>ἡμᾶς</span> 
     </span>
    </p>
   </div>
   <div class='ocr_carea' id='block_1_115' title="bbox 1135 2622 1928 2662">
    <p class='ocr_par' dir='ltr' id='par_1_115' title="bbox 1135 2622 1928 2662">
     <span class='ocr_line' id='line_1_115' title="bbox 1135 2622 1928 2662; baseline -0.006 -9"><span class='ocrx_word' id='word_1_885' title='bbox 1135 2627 1280 2662; x_wconf 73' lang='grc' dir='ltr'>ἐφίστησι,</span> <span class='ocrx_word' id='word_1_886' title='bbox 1297 2624 1390 2652; x_wconf 76' lang='grc' dir='ltr'>τοῦτον</span> <span class='ocrx_word' id='word_1_887' title='bbox 1405 2622 1474 2651; x_wconf 83' lang='grc' dir='ltr'>εἶναι</span> <span class='ocrx_word' id='word_1_888' title='bbox 1485 2624 1619 2651; x_wconf 83' lang='grc' dir='ltr'>διδάσκων</span> <span class='ocrx_word' id='word_1_889' title='bbox 1635 2623 1681 2649; x_wconf 82' lang='grc' dir='ltr'>τὸν</span> <span class='ocrx_word' id='word_1_890' title='bbox 1699 2622 1830 2658; x_wconf 82' lang='grc' dir='ltr'>μέλλοντα</span> <span class='ocrx_word' id='word_1_891' title='bbox 1841 2629 1928 2657; x_wconf 83' lang='grc' dir='ltr'>προσ-</span> 
     </span>
    </p>
   </div>
   <div class='ocr_carea' id='block_1_116' title="bbox 1134 2669 1925 2705">
    <p class='ocr_par' dir='ltr' id='par_1_116' title="bbox 1134 2669 1925 2705">
     <span class='ocr_line' id='line_1_116' title="bbox 1134 2669 1925 2705; baseline -0.008 -5"><span class='ocrx_word' id='word_1_892' title='bbox 1134 2673 1226 2700; x_wconf 86' lang='grc' dir='ltr'>δοκίαν</span> <span class='ocrx_word' id='word_1_893' title='bbox 1248 2671 1355 2699; x_wconf 73' lang='grc' dir='ltr'>ἔσεσθαι</span> <span class='ocrx_word' id='word_1_894' title='bbox 1376 2671 1429 2698; x_wconf 85' lang='grc' dir='ltr'>τῶν</span> <span class='ocrx_word' id='word_1_895' title='bbox 1449 2670 1549 2702; x_wconf 82' lang='grc' dir='ltr'>ἐθνῶν,</span> <span class='ocrx_word' id='word_1_896' title='bbox 1563 2670 1592 2702; x_wconf 84' lang='grc' dir='ltr'>ὃς</span> <span class='ocrx_word' id='word_1_897' title='bbox 1607 2669 1638 2696; x_wconf 75' lang='grc' dir='ltr'>οὗ</span> <span class='ocrx_word' id='word_1_898' title='bbox 1657 2669 1790 2705; x_wconf 81' lang='grc' dir='ltr'>πρότερον</span> <span class='ocrx_word' id='word_1_899' title='bbox 1805 2670 1925 2704; x_wconf 73' lang='grc' dir='ltr'>φανήσε-</span> 
     </span>
    </p>
   </div>
   <div class='ocr_carea' id='block_1_117' title="bbox 1136 2711 1927 2754">
    <p class='ocr_par' dir='ltr' id='par_1_117' title="bbox 1136 2711 1927 2754">
     <span class='ocr_line' id='line_1_117' title="bbox 1136 2711 1927 2754; baseline -0.01 -7"><span class='ocrx_word' id='word_1_900' title='bbox 1136 2721 1198 2746; x_wconf 79' lang='grc' dir='ltr'>σθαι</span> <span class='ocrx_word' id='word_1_901' title='bbox 1218 2720 1247 2746; x_wconf 82' lang='grc' dir='ltr'><strong>ἐν</strong></span> <span class='ocrx_word' id='word_1_902' title='bbox 1271 2717 1438 2754; x_wconf 78' lang='grc' dir='ltr'>ἀνθρώποις,</span> <span class='ocrx_word' id='word_1_903' title='bbox 1455 2717 1471 2753; x_wconf 80' lang='grc' dir='ltr'>ἦ</span> <span class='ocrx_word' id='word_1_904' title='bbox 1487 2716 1623 2743; x_wconf 82' lang='grc' dir='ltr'>ἐκλείπειν</span> <span class='ocrx_word' id='word_1_905' title='bbox 1637 2715 1766 2752; x_wconf 72' lang='grc' dir='ltr'>ἄρχοντα,</span> <span class='ocrx_word' id='word_1_906' title='bbox 1781 2714 1830 2741; x_wconf 75' lang='grc' dir='ltr'>καὶ</span> <span class='ocrx_word' id='word_1_907' title='bbox 1843 2711 1927 2748; x_wconf 79' lang='grc' dir='ltr'>ἡγού-</span> 
     </span>
    </p>
   </div>
   <div class='ocr_carea' id='block_1_118' title="bbox 1137 2758 1926 2802">
    <p class='ocr_par' dir='ltr' id='par_1_118' title="bbox 1137 2758 1926 2802">
     <span class='ocr_line' id='line_1_118' title="bbox 1137 2758 1926 2802; baseline -0.009 -9"><span class='ocrx_word' id='word_1_908' title='bbox 1137 2775 1216 2802; x_wconf 86' lang='grc' dir='ltr'>μενον</span> <span class='ocrx_word' id='word_1_909' title='bbox 1244 2763 1512 2801; x_wconf 75' lang='grc' dir='ltr'>μετασταθήσεσθαι,</span> <span class='ocrx_word' id='word_1_910' title='bbox 1538 2763 1586 2790; x_wconf 75' lang='grc' dir='ltr'><strong>καὶ</strong></span> <span class='ocrx_word' id='word_1_911' title='bbox 1613 2760 1853 2796; x_wconf 82' lang='grc' dir='ltr'>ἀπαναστήσεσθαι</span> <span class='ocrx_word' id='word_1_912' title='bbox 1875 2758 1926 2793; x_wconf 78' lang='grc' dir='ltr'>τῆς</span> 
     </span>
    </p>
   </div>
   <div class='ocr_carea' id='block_1_119' title="bbox 1135 2803 1926 2850">
    <p class='ocr_par' dir='ltr' id='par_1_119' title="bbox 1135 2803 1926 2850">
     <span class='ocr_line' id='line_1_119' title="bbox 1135 2803 1926 2850; baseline -0.011 -10"><span class='ocrx_word' id='word_1_913' title='bbox 1135 2813 1222 2850; x_wconf 80' lang='grc' dir='ltr'>ἀρχῆς</span> <span class='ocrx_word' id='word_1_914' title='bbox 1245 2812 1294 2848; x_wconf 84' lang='grc' dir='ltr'>τὴν</span> <span class='ocrx_word' id='word_1_915' title='bbox 1317 2812 1363 2838; x_wconf 86' lang='grc' dir='ltr'>τοῦ</span> <span class='ocrx_word' id='word_1_916' title='bbox 1391 2810 1476 2838; x_wconf 84' lang='grc' dir='ltr'>Ἰούδα</span> <span class='ocrx_word' id='word_1_917' title='bbox 1498 2809 1583 2845; x_wconf 76' lang='grc' dir='ltr'>φυλὴν</span> <span class='ocrx_word' id='word_1_918' title='bbox 1600 2807 1810 2845; x_wconf 83' lang='grc' dir='ltr'>προφητεύεται.</span> <span class='ocrx_word' id='word_1_919' title='bbox 1830 2805 1880 2837; x_wconf 84' lang='grc' dir='ltr'><strong>Τις</strong></span> <span class='ocrx_word' id='word_1_920' title='bbox 1897 2803 1926 2831; x_wconf 66' lang='grc' dir='ltr'><strong>δὶ</strong></span> 
     </span>
    </p>
   </div>
   <div class='ocr_carea' id='block_1_120' title="bbox 1135 2850 1927 2893">
    <p class='ocr_par' dir='ltr' id='par_1_120' title="bbox 1135 2850 1927 2893">
     <span class='ocr_line' id='line_1_120' title="bbox 1135 2850 1927 2893; baseline -0.01 -8"><span class='ocrx_word' id='word_1_921' title='bbox 1135 2857 1212 2890; x_wconf 71' lang='grc' dir='ltr'>οὗτος</span> <span class='ocrx_word' id='word_1_922' title='bbox 1236 2856 1270 2893; x_wconf 70' lang='grc' dir='ltr'>ἦν</span> <span class='ocrx_word' id='word_1_923' title='bbox 1292 2857 1308 2892; x_wconf 82' lang='grc' dir='ltr'>ἢ</span> <span class='ocrx_word' id='word_1_924' title='bbox 1335 2858 1348 2883; x_wconf 83' lang='grc' dir='ltr'>ὁ</span> <span class='ocrx_word' id='word_1_925' title='bbox 1375 2857 1470 2893; x_wconf 69' lang='grc' dir='ltr'>Σωτὴρ</span> <span class='ocrx_word' id='word_1_926' title='bbox 1491 2856 1537 2883; x_wconf 78' lang='grc' dir='ltr'><strong>καὶ</strong></span> <span class='ocrx_word' id='word_1_927' title='bbox 1565 2854 1666 2890; x_wconf 81' lang='grc' dir='ltr'>Κύριος</span> <span class='ocrx_word' id='word_1_928' title='bbox 1688 2852 1767 2888; x_wconf 74' lang='grc' dir='ltr'>ἡμῶν</span> <span class='ocrx_word' id='word_1_929' title='bbox 1790 2850 1894 2887; x_wconf 76' lang='grc' dir='ltr'>Ἰησοῦς</span> <span class='ocrx_word' id='word_1_930' title='bbox 1911 2851 1927 2877; x_wconf 82' lang='grc'>6</span> 
     </span>
    </p>
   </div>
   <div class='ocr_carea' id='block_1_121' title="bbox 1135 2895 1926 2941">
    <p class='ocr_par' dir='ltr' id='par_1_121' title="bbox 1135 2895 1926 2941">
     <span class='ocr_line' id='line_1_121' title="bbox 1135 2895 1926 2941; baseline -0.011 -8"><span class='ocrx_word' id='word_1_931' title='bbox 1135 2904 1268 2941; x_wconf 73' lang='grc' dir='ltr'>Χριστόςς</span> <span class='ocrx_word' id='word_1_932' title='bbox 1290 2900 1320 2930; x_wconf 65' lang='grc' dir='ltr'><strong>οὗ</strong></span> <span class='ocrx_word' id='word_1_933' title='bbox 1340 2904 1385 2930; x_wconf 75' lang='grc' dir='ltr'>ἐπὶ</span> <span class='ocrx_word' id='word_1_934' title='bbox 1405 2903 1455 2938; x_wconf 68' lang='grc' dir='ltr'>τῆς</span> <span class='ocrx_word' id='word_1_935' title='bbox 1473 2903 1605 2937; x_wconf 71' lang='grc' dir='ltr'>γενέσεως</span> <span class='ocrx_word' id='word_1_936' title='bbox 1616 2921 1622 2933; x_wconf 91' lang='grc'><strong>,</strong></span> <span class='ocrx_word' id='word_1_937' title='bbox 1639 2899 1793 2932; x_wconf 70' lang='grc' dir='ltr'>ἀκολούθως</span> <span class='ocrx_word' id='word_1_938' title='bbox 1808 2899 1841 2933; x_wconf 69' lang='grc' dir='ltr'><strong>τῇ</strong></span> <span class='ocrx_word' id='word_1_939' title='bbox 1857 2895 1926 2932; x_wconf 50' lang='lat' dir='ltr'><strong>Kh-</strong></span> 
     </span>
    </p>
   </div>
  </div>
