  <div class='ocr_page' id='page_1' title='image "/cluster/home/n/w/nwhite01/storage/ocr_20150623/22/njp.32101077772497/340.png"; bbox 0 0 2089 3218; ppageno 0'>
   <div class='ocr_carea' id='block_1_1' title="bbox 179 184 232 212">
    <p class='ocr_par' dir='ltr' id='par_1_1' title="bbox 179 184 232 212">
     <span class='ocr_line' id='line_1_1' title="bbox 179 184 232 212; baseline 0 0"><span class='ocrx_word' id='word_1_1' title='bbox 179 184 232 212; x_wconf 75' lang='grc'><strong>585</strong></span> 
     </span>
    </p>
   </div>
   <div class='ocr_carea' id='block_1_2' title="bbox 620 182 1366 213">
    <p class='ocr_par' dir='ltr' id='par_1_2' title="bbox 620 182 1366 213">
     <span class='ocr_line' id='line_1_2' title="bbox 620 182 1366 213; baseline 0.001 -2"><span class='ocrx_word' id='word_1_2' title='bbox 620 183 945 212; x_wconf 70' lang='lat' dir='ltr'><strong>DEHONSTRATlONIS</strong></span> <span class='ocrx_word' id='word_1_3' title='bbox 963 182 1194 213; x_wconf 66' lang='lat' dir='ltr'><strong>EVANGELICE</strong></span> <span class='ocrx_word' id='word_1_4' title='bbox 1213 184 1276 213; x_wconf 80' lang='lat' dir='ltr'><strong>LIB.</strong></span> <span class='ocrx_word' id='word_1_5' title='bbox 1299 183 1366 212; x_wconf 81' lang='lat' dir='ltr'><strong>Vlll.</strong></span> 
     </span>
    </p>
   </div>
   <div class='ocr_carea' id='block_1_3' title="bbox 1736 185 1788 212">
    <p class='ocr_par' dir='ltr' id='par_1_3' title="bbox 1736 185 1788 212">
     <span class='ocr_line' id='line_1_3' title="bbox 1736 185 1788 212; baseline 0 0"><span class='ocrx_word' id='word_1_6' title='bbox 1736 185 1788 212; x_wconf 76' lang='lat'><strong>556</strong></span> 
     </span>
    </p>
   </div>
   <div class='ocr_carea' id='block_1_4' title="bbox 177 234 1002 278">
    <p class='ocr_par' dir='ltr' id='par_1_4' title="bbox 177 239 997 277">
     <span class='ocr_line' id='line_1_4' title="bbox 177 239 997 277; baseline 0.004 -11"><span class='ocrx_word' id='word_1_7' title='bbox 177 240 292 277; x_wconf 78' lang='grc' dir='ltr'>κειμένῃ</span> <span class='ocrx_word' id='word_1_8' title='bbox 304 239 594 277; x_wconf 75' lang='grc' dir='ltr'>προρρήσει,ἔξέλιπον</span> <span class='ocrx_word' id='word_1_9' title='bbox 609 241 658 277; x_wconf 72' lang='grc' dir='ltr'>μὲν</span> <span class='ocrx_word' id='word_1_10' title='bbox 668 241 798 277; x_wconf 75' lang='grc' dir='ltr'>ἄρχοντες</span> <span class='ocrx_word' id='word_1_11' title='bbox 811 242 859 269; x_wconf 79' lang='grc' dir='ltr'>καὶ</span> <span class='ocrx_word' id='word_1_12' title='bbox 875 241 957 277; x_wconf 70' lang='grc' dir='ltr'>ἡγού-</span> <span class='ocrx_word' id='word_1_13' title='bbox 973 244 997 272; x_wconf 75' lang='grc' dir='ltr'><strong>Α</strong></span> 
     </span>
    </p>
   </div>
   <div class='ocr_carea' id='block_1_5' title="bbox 962 234 1787 278">
    <p class='ocr_par' dir='ltr' id='par_1_5' title="bbox 973 234 1787 278">
     <span class='ocr_line' id='line_1_5' title="bbox 973 234 1787 278; baseline -0.002 -7"><span class='ocrx_word' id='word_1_14' title='bbox 973 244 997 272; x_wconf 84' lang='lat' dir='ltr'><strong>A</strong></span> <span class='ocrx_word' id='word_1_15' title='bbox 1010 243 1066 271; x_wconf 83' lang='lat' dir='ltr'><strong>tius</strong></span> <span class='ocrx_word' id='word_1_16' title='bbox 1078 243 1165 278; x_wconf 86' lang='lat' dir='ltr'><strong>ipsam</strong></span> <span class='ocrx_word' id='word_1_17' title='bbox 1180 242 1281 269; x_wconf 86' lang='lat' dir='ltr'><strong>tribum</strong></span> <span class='ocrx_word' id='word_1_18' title='bbox 1295 249 1356 277; x_wconf 69' lang='lat' dir='ltr'><strong>quae</strong></span> <span class='ocrx_word' id='word_1_19' title='bbox 1366 240 1521 276; x_wconf 88' lang='lat' dir='ltr'><strong>hujusmodi</strong></span> <span class='ocrx_word' id='word_1_20' title='bbox 1538 234 1584 274; x_wconf 78' lang='lat' dir='ltr'><strong>sit,</strong></span> <span class='ocrx_word' id='word_1_21' title='bbox 1599 241 1672 276; x_wconf 83' lang='lat' dir='ltr'><strong>quis,</strong></span> <span class='ocrx_word' id='word_1_22' title='bbox 1690 240 1787 276; x_wconf 85' lang='lat' dir='ltr'><strong>inquit,</strong></span> 
     </span>
    </p>
   </div>
   <div class='ocr_carea' id='block_1_6' title="bbox 180 286 960 320">
    <p class='ocr_par' dir='ltr' id='par_1_6' title="bbox 180 286 960 320">
     <span class='ocr_line' id='line_1_6' title="bbox 180 286 960 320; baseline 0.003 -8"><span class='ocrx_word' id='word_1_23' title='bbox 180 293 254 320; x_wconf 84' lang='grc' dir='ltr'>μενοι</span> <span class='ocrx_word' id='word_1_24' title='bbox 267 286 296 319; x_wconf 72' lang='grc' dir='ltr'><strong>ἐξ</strong></span> <span class='ocrx_word' id='word_1_25' title='bbox 312 286 401 313; x_wconf 82' lang='grc' dir='ltr'>αὐτῶν</span> <span class='ocrx_word' id='word_1_26' title='bbox 423 287 554 313; x_wconf 82' lang='grc' dir='ltr'>Ἰουδαίων</span> <span class='ocrx_word' id='word_1_27' title='bbox 568 287 614 313; x_wconf 75' lang='grc' dir='ltr'><strong>ἐπὶ</strong></span> <span class='ocrx_word' id='word_1_28' title='bbox 637 287 667 313; x_wconf 83' lang='grc' dir='ltr'>τὸ</span> <span class='ocrx_word' id='word_1_29' title='bbox 689 287 762 319; x_wconf 77' lang='grc' dir='ltr'>ἔθνος</span> <span class='ocrx_word' id='word_1_30' title='bbox 791 287 880 314; x_wconf 83' lang='grc' dir='ltr'>αὐτῶν</span> <span class='ocrx_word' id='word_1_31' title='bbox 895 287 960 314; x_wconf 85' lang='grc' dir='ltr'>καθ-</span> 
     </span>
    </p>
   </div>
   <div class='ocr_carea' id='block_1_7' title="bbox 179 329 958 367">
    <p class='ocr_par' dir='ltr' id='par_1_7' title="bbox 179 329 958 367">
     <span class='ocr_line' id='line_1_7' title="bbox 179 329 958 367; baseline 0.003 -11"><span class='ocrx_word' id='word_1_32' title='bbox 179 329 334 364; x_wconf 78' lang='grc' dir='ltr'>ιστάμενοι,</span> <span class='ocrx_word' id='word_1_33' title='bbox 348 330 404 366; x_wconf 80' lang='grc' dir='ltr'><strong>ἡδὲ</strong></span> <span class='ocrx_word' id='word_1_34' title='bbox 418 330 464 357; x_wconf 89' lang='grc' dir='ltr'><strong>τοῦ</strong></span> <span class='ocrx_word' id='word_1_35' title='bbox 489 331 573 357; x_wconf 83' lang='grc' dir='ltr'><strong>Ἰούδα</strong></span> <span class='ocrx_word' id='word_1_36' title='bbox 596 331 665 367; x_wconf 88' lang='grc' dir='ltr'>φυλὴ</span> <span class='ocrx_word' id='word_1_37' title='bbox 687 331 761 364; x_wconf 80' lang='grc' dir='ltr'>αὐτῷ</span> <span class='ocrx_word' id='word_1_38' title='bbox 777 332 846 358; x_wconf 79' lang='grc' dir='ltr'>ἔθνει</span> <span class='ocrx_word' id='word_1_39' title='bbox 868 332 958 364; x_wconf 77' lang='grc' dir='ltr'>παντὶ,</span> 
     </span>
    </p>
   </div>
   <div class='ocr_carea' id='block_1_8' title="bbox 179 375 959 413">
    <p class='ocr_par' dir='ltr' id='par_1_8' title="bbox 179 375 959 413">
     <span class='ocr_line' id='line_1_8' title="bbox 179 375 959 413; baseline 0.004 -11"><span class='ocrx_word' id='word_1_40' title='bbox 179 375 226 402; x_wconf 87' lang='grc' dir='ltr'><strong>τοῦ</strong></span> <span class='ocrx_word' id='word_1_41' title='bbox 243 376 272 409; x_wconf 65' lang='grc' dir='ltr'><strong>ἑξ</strong></span> <span class='ocrx_word' id='word_1_42' title='bbox 285 376 382 409; x_wconf 72' lang='grc' dir='ltr'>αἰῶνος</span> <span class='ocrx_word' id='word_1_43' title='bbox 396 376 508 412; x_wconf 82' lang='grc' dir='ltr'><strong>ἀρχικοῦ</strong></span> <span class='ocrx_word' id='word_1_44' title='bbox 523 377 571 403; x_wconf 83' lang='grc' dir='ltr'>καὶ</span> <span class='ocrx_word' id='word_1_45' title='bbox 587 377 724 412; x_wconf 80' lang='grc' dir='ltr'>βασιλικοῦ</span> <span class='ocrx_word' id='word_1_46' title='bbox 743 377 896 413; x_wconf 79' lang='grc' dir='ltr'>ἀξιώματος</span> <span class='ocrx_word' id='word_1_47' title='bbox 910 387 959 405; x_wconf 86' lang='grc' dir='ltr'>κα-</span> 
     </span>
    </p>
   </div>
   <div class='ocr_carea' id='block_1_9' title="bbox 180 421 960 458">
    <p class='ocr_par' dir='ltr' id='par_1_9' title="bbox 180 421 960 458">
     <span class='ocr_line' id='line_1_9' title="bbox 180 421 960 458; baseline 0.003 -10"><span class='ocrx_word' id='word_1_48' title='bbox 180 421 344 458; x_wconf 85' lang='grc' dir='ltr'>θαιρεθεῖσα,</span> <span class='ocrx_word' id='word_1_49' title='bbox 358 424 414 455; x_wconf 79' lang='grc' dir='ltr'>τοῖς</span> <span class='ocrx_word' id='word_1_50' title='bbox 432 422 471 449; x_wconf 78' lang='grc' dir='ltr'><strong>ἔτι</strong></span> <span class='ocrx_word' id='word_1_51' title='bbox 486 423 532 450; x_wconf 71' lang='grc' dir='ltr'>καὶ</span> <span class='ocrx_word' id='word_1_52' title='bbox 543 423 590 449; x_wconf 90' lang='grc' dir='ltr'><strong>νῦν</strong></span> <span class='ocrx_word' id='word_1_53' title='bbox 603 424 746 457; x_wconf 78' lang='grc' dir='ltr'><strong>κρατοῦσιν</strong></span> <span class='ocrx_word' id='word_1_54' title='bbox 756 424 785 457; x_wconf 76' lang='grc' dir='ltr'>ἐξ</span> <span class='ocrx_word' id='word_1_55' title='bbox 796 425 898 450; x_wconf 77' lang='grc' dir='ltr'>ἐκείνου</span> <span class='ocrx_word' id='word_1_56' title='bbox 914 425 960 451; x_wconf 72' lang='grc' dir='ltr'><strong>καὶ</strong></span> 
     </span>
    </p>
   </div>
   <div class='ocr_carea' id='block_1_10' title="bbox 179 468 961 505">
    <p class='ocr_par' dir='ltr' id='par_1_10' title="bbox 179 468 961 505">
     <span class='ocr_line' id='line_1_10' title="bbox 179 468 961 505; baseline 0.004 -11"><span class='ocrx_word' id='word_1_57' title='bbox 179 468 219 500; x_wconf 78' lang='grc' dir='ltr'><strong>είς</strong></span> <span class='ocrx_word' id='word_1_58' title='bbox 233 468 311 504; x_wconf 77' lang='grc' dir='ltr'>δεῦρο</span> <span class='ocrx_word' id='word_1_59' title='bbox 327 468 444 495; x_wconf 75' lang='grc' dir='ltr'><strong>δουλεύει</strong></span> <span class='ocrx_word' id='word_1_60' title='bbox 462 469 606 505; x_wconf 79' lang='grc' dir='ltr'>Ῥωμαίοις</span> <span class='ocrx_word' id='word_1_61' title='bbox 617 490 624 501; x_wconf 92' lang='grc'><strong>,</strong></span> <span class='ocrx_word' id='word_1_62' title='bbox 647 470 714 505; x_wconf 78' lang='grc' dir='ltr'>μετὰ</span> <span class='ocrx_word' id='word_1_63' title='bbox 728 469 782 496; x_wconf 86' lang='grc' dir='ltr'><strong>τῶν</strong></span> <span class='ocrx_word' id='word_1_64' title='bbox 798 470 899 497; x_wconf 82' lang='grc' dir='ltr'><strong>λοιπῶν</strong></span> <span class='ocrx_word' id='word_1_65' title='bbox 915 471 961 497; x_wconf 77' lang='grc' dir='ltr'>καὶ</span> 
     </span>
    </p>
   </div>
   <div class='ocr_carea' id='block_1_11' title="bbox 178 513 961 552">
    <p class='ocr_par' dir='ltr' id='par_1_11' title="bbox 178 513 961 552">
     <span class='ocr_line' id='line_1_11' title="bbox 178 513 961 552; baseline 0.004 -12"><span class='ocrx_word' id='word_1_66' title='bbox 178 513 208 540; x_wconf 82' lang='grc' dir='ltr'><strong>τὸ</strong></span> <span class='ocrx_word' id='word_1_67' title='bbox 230 513 362 541; x_wconf 78' lang='grc' dir='ltr'><strong>Ἰουδαίων</strong></span> <span class='ocrx_word' id='word_1_68' title='bbox 377 514 453 546; x_wconf 78' lang='grc' dir='ltr'>ἔθνος</span> <span class='ocrx_word' id='word_1_69' title='bbox 467 517 687 551; x_wconf 86' lang='grc' dir='ltr'>χειρωσαμένοις.</span> <span class='ocrx_word' id='word_1_70' title='bbox 701 517 768 552; x_wconf 83' lang='grc' dir='ltr'>Παρ’</span> <span class='ocrx_word' id='word_1_71' title='bbox 781 513 818 543; x_wconf 86' lang='grc' dir='ltr'>ὧν</span> <span class='ocrx_word' id='word_1_72' title='bbox 840 516 961 552; x_wconf 78' lang='grc' dir='ltr'><strong>Ἡρώδης</strong></span> 
     </span>
    </p>
   </div>
   <div class='ocr_carea' id='block_1_12' title="bbox 179 560 960 598">
    <p class='ocr_par' dir='ltr' id='par_1_12' title="bbox 179 560 960 598">
     <span class='ocr_line' id='line_1_12' title="bbox 179 560 960 598; baseline 0.003 -11"><span class='ocrx_word' id='word_1_73' title='bbox 179 560 305 595; x_wconf 87' lang='grc' dir='ltr'>πρῶτος,</span> <span class='ocrx_word' id='word_1_74' title='bbox 332 561 361 594; x_wconf 80' lang='grc' dir='ltr'><strong>ὲξ</strong></span> <span class='ocrx_word' id='word_1_75' title='bbox 383 561 530 595; x_wconf 78' lang='grc' dir='ltr'>ἀλλοφύλου</span> <span class='ocrx_word' id='word_1_76' title='bbox 549 563 644 596; x_wconf 81' lang='grc' dir='ltr'><strong>γένους</strong></span> <span class='ocrx_word' id='word_1_77' title='bbox 675 563 804 598; x_wconf 77' lang='grc' dir='ltr'><strong>ὑπάρχων</strong></span> <span class='ocrx_word' id='word_1_78' title='bbox 824 563 896 594; x_wconf 81' lang='grc' dir='ltr'>ἰδίως</span> <span class='ocrx_word' id='word_1_79' title='bbox 913 563 960 589; x_wconf 88' lang='grc' dir='ltr'><strong>τοῦ</strong></span> 
     </span>
    </p>
   </div>
   <div class='ocr_carea' id='block_1_13' title="bbox 180 606 961 644">
    <p class='ocr_par' dir='ltr' id='par_1_13' title="bbox 180 606 961 644">
     <span class='ocr_line' id='line_1_13' title="bbox 180 606 961 644; baseline 0.003 -11"><span class='ocrx_word' id='word_1_80' title='bbox 180 606 270 639; x_wconf 79' lang='grc' dir='ltr'>ἔθνους</span> <span class='ocrx_word' id='word_1_81' title='bbox 287 607 385 639; x_wconf 78' lang='grc' dir='ltr'>αὐτῶν,</span> <span class='ocrx_word' id='word_1_82' title='bbox 403 607 454 634; x_wconf 81' lang='grc' dir='ltr'><strong>ὑπό</strong></span> <span class='ocrx_word' id='word_1_83' title='bbox 473 616 503 634; x_wconf 88' lang='grc' dir='ltr'><strong>τε</strong></span> <span class='ocrx_word' id='word_1_84' title='bbox 519 608 671 642; x_wconf 76' lang='grc' dir='ltr'><strong>Αὐγούστου</strong></span> <span class='ocrx_word' id='word_1_85' title='bbox 687 609 732 635; x_wconf 82' lang='grc' dir='ltr'>καὶ</span> <span class='ocrx_word' id='word_1_86' title='bbox 749 610 799 644; x_wconf 85' lang='grc' dir='ltr'><strong>τῆς</strong></span> <span class='ocrx_word' id='word_1_87' title='bbox 822 608 961 643; x_wconf 78' lang='grc' dir='ltr'>Ῥωμαίων</span> 
     </span>
    </p>
   </div>
   <div class='ocr_carea' id='block_1_14' title="bbox 181 650 961 690">
    <p class='ocr_par' dir='ltr' id='par_1_14' title="bbox 181 650 961 690">
     <span class='ocr_line' id='line_1_14' title="bbox 181 650 961 690; baseline 0.001 -10"><span class='ocrx_word' id='word_1_88' title='bbox 181 653 329 689; x_wconf 81' lang='grc' dir='ltr'>συγκλήτου</span> <span class='ocrx_word' id='word_1_89' title='bbox 347 653 443 690; x_wconf 84' lang='grc' dir='ltr'>βουλῆς</span> <span class='ocrx_word' id='word_1_90' title='bbox 464 650 590 689; x_wconf 75' lang='grc' dir='ltr'>βασιλεὺς</span> <span class='ocrx_word' id='word_1_91' title='bbox 611 654 803 681; x_wconf 77' lang='grc' dir='ltr'>ἀναδέδεικται.</span> <span class='ocrx_word' id='word_1_92' title='bbox 825 652 878 681; x_wconf 89' lang='grc' dir='ltr'>Ἦν</span> <span class='ocrx_word' id='word_1_93' title='bbox 897 655 961 689; x_wconf 83' lang='grc' dir='ltr'>γοῦν</span> 
     </span>
    </p>
   </div>
   <div class='ocr_carea' id='block_1_15' title="bbox 179 699 962 736">
    <p class='ocr_par' dir='ltr' id='par_1_15' title="bbox 179 699 962 736">
     <span class='ocr_line' id='line_1_15' title="bbox 179 699 962 736; baseline 0 -10"><span class='ocrx_word' id='word_1_94' title='bbox 179 699 194 726; x_wconf 78' lang='grc' dir='ltr'><strong>ὁ</strong></span> <span class='ocrx_word' id='word_1_95' title='bbox 219 699 341 735; x_wconf 75' lang='grc' dir='ltr'>Ἡρώδης</span> <span class='ocrx_word' id='word_1_96' title='bbox 371 700 548 735; x_wconf 78' lang='grc' dir='ltr'><strong>Ἀντιπάτρου</strong></span> <span class='ocrx_word' id='word_1_97' title='bbox 573 701 647 731; x_wconf 83' lang='grc' dir='ltr'>παῖς.</span> <span class='ocrx_word' id='word_1_98' title='bbox 681 700 709 726; x_wconf 93' lang='lat'><strong>&#39;0</strong></span> <span class='ocrx_word' id='word_1_99' title='bbox 731 700 759 726; x_wconf 84' lang='grc' dir='ltr'>δὲ</span> <span class='ocrx_word' id='word_1_100' title='bbox 787 699 962 736; x_wconf 78' lang='grc' dir='ltr'>Ἀντίπατρος</span> 
     </span>
    </p>
   </div>
   <div class='ocr_carea' id='block_1_16' title="bbox 186 745 960 782">
    <p class='ocr_par' dir='ltr' id='par_1_16' title="bbox 186 745 960 782">
     <span class='ocr_line' id='line_1_16' title="bbox 186 745 960 782; baseline 0 -10"><span class='ocrx_word' id='word_1_101' title='bbox 186 745 402 780; x_wconf 71' lang='grc' dir='ltr'><strong>’Δσκαλωνίτ-ης⁷</strong></span> <span class='ocrx_word' id='word_1_102' title='bbox 435 746 466 772; x_wconf 82' lang='grc' dir='ltr'><strong>ἔκ</strong></span> <span class='ocrx_word' id='word_1_103' title='bbox 489 754 562 778; x_wconf 84' lang='grc' dir='ltr'>τινος</span> <span class='ocrx_word' id='word_1_104' title='bbox 583 746 637 772; x_wconf 86' lang='grc' dir='ltr'>τῶν</span> <span class='ocrx_word' id='word_1_105' title='bbox 664 747 728 782; x_wconf 76' lang='grc' dir='ltr'>περὶ</span> <span class='ocrx_word' id='word_1_106' title='bbox 750 745 795 772; x_wconf 80' lang='grc' dir='ltr'>τὸν</span> <span class='ocrx_word' id='word_1_107' title='bbox 821 745 888 772; x_wconf 88' lang='grc' dir='ltr'>νεὼν</span> <span class='ocrx_word' id='word_1_108' title='bbox 914 745 960 772; x_wconf 90' lang='grc' dir='ltr'><strong>τοῦ</strong></span> 
     </span>
    </p>
   </div>
   <div class='ocr_carea' id='block_1_17' title="bbox 185 791 961 827">
    <p class='ocr_par' dir='ltr' id='par_1_17' title="bbox 185 791 961 827">
     <span class='ocr_line' id='line_1_17' title="bbox 185 791 961 827; baseline -0.001 -9"><span class='ocrx_word' id='word_1_109' title='bbox 185 791 348 824; x_wconf 79' lang='grc' dir='ltr'>Ἀπόλλωνος</span> <span class='ocrx_word' id='word_1_110' title='bbox 365 792 521 827; x_wconf 75' lang='grc' dir='ltr'>ἱεροδούλων</span> <span class='ocrx_word' id='word_1_111' title='bbox 539 792 722 827; x_wconf 79' lang='grc' dir='ltr'><strong>καλουμένων,</strong></span> <span class='ocrx_word' id='word_1_112' title='bbox 734 791 762 823; x_wconf 77' lang='grc' dir='ltr'>ὃς</span> <span class='ocrx_word' id='word_1_113' title='bbox 777 792 809 827; x_wconf 85' lang='grc' dir='ltr'>δὴ</span> <span class='ocrx_word' id='word_1_114' title='bbox 820 791 961 826; x_wconf 84' lang='grc' dir='ltr'>Κυπρίνην</span> 
     </span>
    </p>
   </div>
   <div class='ocr_carea' id='block_1_18' title="bbox 181 836 961 873">
    <p class='ocr_par' dir='ltr' id='par_1_18' title="bbox 181 836 961 873">
     <span class='ocr_line' id='line_1_18' title="bbox 181 836 961 873; baseline -0.004 -9"><span class='ocrx_word' id='word_1_115' title='bbox 181 838 307 873; x_wconf 77' lang='grc' dir='ltr'>ὀνόματι,</span> <span class='ocrx_word' id='word_1_116' title='bbox 326 838 356 864; x_wconf 79' lang='grc' dir='ltr'><strong>τὺ</strong></span> <span class='ocrx_word' id='word_1_117' title='bbox 376 838 455 872; x_wconf 86' lang='grc' dir='ltr'>γένος</span> <span class='ocrx_word' id='word_1_118' title='bbox 473 837 529 864; x_wconf 87' lang='grc' dir='ltr'>τῶν</span> <span class='ocrx_word' id='word_1_119' title='bbox 542 837 570 871; x_wconf 80' lang='grc' dir='ltr'><strong>ὲξ</strong></span> <span class='ocrx_word' id='word_1_120' title='bbox 591 837 734 872; x_wconf 76' lang='grc' dir='ltr'>Ἀραϐίας,</span> <span class='ocrx_word' id='word_1_121' title='bbox 759 838 874 870; x_wconf 87' lang='grc' dir='ltr'>γυναῖκα</span> <span class='ocrx_word' id='word_1_122' title='bbox 895 836 961 871; x_wconf 82' lang='grc' dir='ltr'>πρὸς</span> 
     </span>
    </p>
   </div>
   <div class='ocr_carea' id='block_1_19' title="bbox 180 878 961 918">
    <p class='ocr_par' dir='ltr' id='par_1_19' title="bbox 180 878 961 918">
     <span class='ocr_line' id='line_1_19' title="bbox 180 878 961 918; baseline -0.003 -8"><span class='ocrx_word' id='word_1_123' title='bbox 180 883 267 918; x_wconf 83' lang='grc' dir='ltr'>γάμον</span> <span class='ocrx_word' id='word_1_124' title='bbox 283 882 470 917; x_wconf 81' lang='grc' dir='ltr'><strong>ἀγαγόμενος,</strong></span> <span class='ocrx_word' id='word_1_125' title='bbox 487 883 532 909; x_wconf 77' lang='grc' dir='ltr'>τὸν</span> <span class='ocrx_word' id='word_1_126' title='bbox 552 882 672 918; x_wconf 80' lang='grc' dir='ltr'><strong>Ἡρώδην</strong></span> <span class='ocrx_word' id='word_1_127' title='bbox 690 884 816 910; x_wconf 80' lang='grc' dir='ltr'>ποιεῖται.</span> <span class='ocrx_word' id='word_1_128' title='bbox 832 878 915 913; x_wconf 73' lang='grc' dir='ltr'>οὗτος</span> <span class='ocrx_word' id='word_1_129' title='bbox 930 882 961 918; x_wconf 86' lang='grc' dir='ltr'>δὴ</span> 
     </span>
    </p>
   </div>
   <div class='ocr_carea' id='block_1_20' title="bbox 179 926 962 964">
    <p class='ocr_par' dir='ltr' id='par_1_20' title="bbox 179 926 962 964">
     <span class='ocr_line' id='line_1_20' title="bbox 179 926 962 964; baseline -0.001 -8"><span class='ocrx_word' id='word_1_130' title='bbox 179 926 226 956; x_wconf 84' lang='grc' dir='ltr'>οὖν</span> <span class='ocrx_word' id='word_1_131' title='bbox 246 928 353 964; x_wconf 83' lang='grc' dir='ltr'>πρῶτος</span> <span class='ocrx_word' id='word_1_132' title='bbox 373 929 405 955; x_wconf 83' lang='grc' dir='ltr'>ὲκ</span> <span class='ocrx_word' id='word_1_133' title='bbox 428 928 546 955; x_wconf 82' lang='grc' dir='ltr'>τοιούτου</span> <span class='ocrx_word' id='word_1_134' title='bbox 566 928 660 963; x_wconf 84' lang='grc' dir='ltr'>γένους</span> <span class='ocrx_word' id='word_1_135' title='bbox 679 928 852 964; x_wconf 82' lang='grc' dir='ltr'><strong>ὁρμώμενος,</strong></span> <span class='ocrx_word' id='word_1_136' title='bbox 869 927 914 954; x_wconf 75' lang='grc' dir='ltr'>τὸν</span> <span class='ocrx_word' id='word_1_137' title='bbox 930 927 962 955; x_wconf 79' lang='grc' dir='ltr'>ἐκ</span> 
     </span>
    </p>
   </div>
   <div class='ocr_carea' id='block_1_21' title="bbox 179 973 963 1010">
    <p class='ocr_par' dir='ltr' id='par_1_21' title="bbox 179 973 963 1010">
     <span class='ocr_line' id='line_1_21' title="bbox 179 973 963 1010; baseline 0 -10"><span class='ocrx_word' id='word_1_138' title='bbox 179 973 301 1009; x_wconf 81' lang='grc' dir='ltr'><strong>διαδοχῆς</strong></span> <span class='ocrx_word' id='word_1_139' title='bbox 311 973 366 1001; x_wconf 84' lang='grc' dir='ltr'><strong>τῶν</strong></span> <span class='ocrx_word' id='word_1_140' title='bbox 381 974 529 1010; x_wconf 80' lang='grc' dir='ltr'>ἀρχιερέων</span> <span class='ocrx_word' id='word_1_141' title='bbox 549 974 662 1000; x_wconf 76' lang='grc' dir='ltr'>ὕστατον</span> <span class='ocrx_word' id='word_1_142' title='bbox 675 975 846 1010; x_wconf 83' lang='grc' dir='ltr'>ἡγησάμενον</span> <span class='ocrx_word' id='word_1_143' title='bbox 864 973 963 1009; x_wconf 83' lang='grc' dir='ltr'>’Υρκα-</span> 
     </span>
    </p>
   </div>
   <div class='ocr_carea' id='block_1_22' title="bbox 179 1019 962 1055">
    <p class='ocr_par' dir='ltr' id='par_1_22' title="bbox 179 1019 962 1055">
     <span class='ocr_line' id='line_1_22' title="bbox 179 1019 962 1055; baseline -0.001 -8"><span class='ocrx_word' id='word_1_144' title='bbox 179 1019 243 1053; x_wconf 86' lang='grc' dir='ltr'>νδν,</span> <span class='ocrx_word' id='word_1_145' title='bbox 269 1020 311 1055; x_wconf 67' lang='grc' dir='ltr'><strong>ἐφ’</strong></span> <span class='ocrx_word' id='word_1_146' title='bbox 332 1019 361 1046; x_wconf 80' lang='grc' dir='ltr'>ὃν</span> <span class='ocrx_word' id='word_1_147' title='bbox 382 1019 416 1046; x_wconf 81' lang='grc' dir='ltr'>τὰ</span> <span class='ocrx_word' id='word_1_148' title='bbox 440 1020 490 1055; x_wconf 87' lang='grc' dir='ltr'><strong>τῆς</strong></span> <span class='ocrx_word' id='word_1_149' title='bbox 510 1020 612 1051; x_wconf 75' lang='grc' dir='ltr'>οἰκείας</span> <span class='ocrx_word' id='word_1_150' title='bbox 633 1020 720 1055; x_wconf 78' lang='grc' dir='ltr'>ἀρχῆς</span> <span class='ocrx_word' id='word_1_151' title='bbox 750 1019 796 1046; x_wconf 89' lang='grc' dir='ltr'><strong>τοῦ</strong></span> <span class='ocrx_word' id='word_1_152' title='bbox 831 1019 962 1046; x_wconf 77' lang='grc' dir='ltr'>Ἰουδαίων</span> 
     </span>
    </p>
   </div>
   <div class='ocr_carea' id='block_1_23' title="bbox 180 1064 961 1101">
    <p class='ocr_par' dir='ltr' id='par_1_23' title="bbox 180 1064 961 1101">
     <span class='ocr_line' id='line_1_23' title="bbox 180 1064 961 1101; baseline -0.001 -8"><span class='ocrx_word' id='word_1_153' title='bbox 180 1067 272 1097; x_wconf 86' lang='grc' dir='ltr'>ἔθνους</span> <span class='ocrx_word' id='word_1_154' title='bbox 285 1065 442 1101; x_wconf 78' lang='grc' dir='ltr'>κατέληξεν,</span> <span class='ocrx_word' id='word_1_155' title='bbox 456 1066 576 1093; x_wconf 75' lang='grc' dir='ltr'>ἐκποδὼν</span> <span class='ocrx_word' id='word_1_156' title='bbox 589 1065 745 1101; x_wconf 80' lang='grc' dir='ltr'>μεθίστησιν</span> <span class='ocrx_word' id='word_1_157' title='bbox 758 1064 867 1097; x_wconf 82' lang='grc' dir='ltr'>ἀνελὼν,</span> <span class='ocrx_word' id='word_1_158' title='bbox 886 1065 961 1101; x_wconf 83' lang='grc' dir='ltr'>πρῶ-</span> 
     </span>
    </p>
   </div>
   <div class='ocr_carea' id='block_1_24' title="bbox 179 1111 962 1147">
    <p class='ocr_par' dir='ltr' id='par_1_24' title="bbox 179 1111 962 1147">
     <span class='ocr_line' id='line_1_24' title="bbox 179 1111 962 1147; baseline -0.001 -7"><span class='ocrx_word' id='word_1_159' title='bbox 179 1112 225 1145; x_wconf 83' lang='grc' dir='ltr'><strong>τός</strong></span> <span class='ocrx_word' id='word_1_160' title='bbox 238 1121 268 1140; x_wconf 83' lang='grc' dir='ltr'><strong>τε</strong></span> <span class='ocrx_word' id='word_1_161' title='bbox 278 1112 370 1144; x_wconf 75' lang='grc' dir='ltr'>αὐτὸς,</span> <span class='ocrx_word' id='word_1_162' title='bbox 383 1113 420 1144; x_wconf 86' lang='grc' dir='ltr'>ὼς</span> <span class='ocrx_word' id='word_1_163' title='bbox 433 1112 510 1147; x_wconf 73' lang='grc' dir='ltr'>ἔφην,</span> <span class='ocrx_word' id='word_1_164' title='bbox 523 1112 552 1144; x_wconf 79' lang='grc' dir='ltr'><strong>ἐξ</strong></span> <span class='ocrx_word' id='word_1_165' title='bbox 562 1112 709 1147; x_wconf 68' lang='grc' dir='ltr'>ἀλλοφύλου</span> <span class='ocrx_word' id='word_1_166' title='bbox 721 1112 814 1146; x_wconf 78' lang='grc' dir='ltr'>γένους</span> <span class='ocrx_word' id='word_1_167' title='bbox 830 1111 962 1139; x_wconf 75' lang='grc' dir='ltr'>Ἰουδαίων</span> 
     </span>
    </p>
   </div>
   <div class='ocr_carea' id='block_1_25' title="bbox 181 1158 961 1195">
    <p class='ocr_par' dir='ltr' id='par_1_25' title="bbox 181 1158 961 1195">
     <span class='ocr_line' id='line_1_25' title="bbox 181 1158 961 1195; baseline -0.004 -9"><span class='ocrx_word' id='word_1_168' title='bbox 181 1159 375 1195; x_wconf 80' lang='grc' dir='ltr'>ἀναγορεύεται</span> <span class='ocrx_word' id='word_1_169' title='bbox 393 1158 519 1194; x_wconf 81' lang='grc' dir='ltr'>βασιλεύς</span> <span class='ocrx_word' id='word_1_170' title='bbox 536 1167 542 1174; x_wconf 94' lang='grc'><strong>·</strong></span> <span class='ocrx_word' id='word_1_171' title='bbox 567 1159 627 1186; x_wconf 77' lang='grc' dir='ltr'>καθ’</span> <span class='ocrx_word' id='word_1_172' title='bbox 640 1159 669 1185; x_wconf 80' lang='grc' dir='ltr'>ὂν</span> <span class='ocrx_word' id='word_1_173' title='bbox 681 1158 854 1194; x_wconf 79' lang='grc' dir='ltr'>γεννηθέντος</span> <span class='ocrx_word' id='word_1_174' title='bbox 876 1158 961 1192; x_wconf 88' lang='grc' dir='ltr'><strong>Ἰησοῦ</strong></span> 
     </span>
    </p>
   </div>
   <div class='ocr_carea' id='block_1_26' title="bbox 179 1204 963 1243">
    <p class='ocr_par' dir='ltr' id='par_1_26' title="bbox 179 1204 963 1243">
     <span class='ocr_line' id='line_1_26' title="bbox 179 1204 963 1243; baseline -0.003 -11"><span class='ocrx_word' id='word_1_175' title='bbox 179 1205 226 1233; x_wconf 85' lang='grc' dir='ltr'><strong>τοῦ</strong></span> <span class='ocrx_word' id='word_1_176' title='bbox 250 1205 385 1242; x_wconf 81' lang='grc' dir='ltr'><strong>Χριστοῦ,</strong></span> <span class='ocrx_word' id='word_1_177' title='bbox 409 1206 547 1243; x_wconf 79' lang='grc' dir='ltr'>καθῄρητο</span> <span class='ocrx_word' id='word_1_178' title='bbox 570 1206 620 1242; x_wconf 82' lang='grc' dir='ltr'>μὲν</span> <span class='ocrx_word' id='word_1_179' title='bbox 642 1205 709 1241; x_wconf 83' lang='grc' dir='ltr'>ὁμοῦ</span> <span class='ocrx_word' id='word_1_180' title='bbox 735 1205 848 1240; x_wconf 75' lang='grc' dir='ltr'>καὶτῆς</span> <span class='ocrx_word' id='word_1_181' title='bbox 879 1204 963 1230; x_wconf 83' lang='grc' dir='ltr'>Ἰούδα</span> 
     </span>
    </p>
   </div>
   <div class='ocr_carea' id='block_1_27' title="bbox 181 1250 962 1288">
    <p class='ocr_par' dir='ltr' id='par_1_27' title="bbox 181 1250 962 1288">
     <span class='ocr_line' id='line_1_27' title="bbox 181 1250 962 1288; baseline -0.001 -11"><span class='ocrx_word' id='word_1_182' title='bbox 181 1251 267 1287; x_wconf 80' lang='grc' dir='ltr'>φυλῆς</span> <span class='ocrx_word' id='word_1_183' title='bbox 281 1252 311 1278; x_wconf 86' lang='grc' dir='ltr'><strong>τδ</strong></span> <span class='ocrx_word' id='word_1_184' title='bbox 326 1251 450 1287; x_wconf 76' lang='grc' dir='ltr'>ἀξίωμα,</span> <span class='ocrx_word' id='word_1_185' title='bbox 470 1252 608 1288; x_wconf 80' lang='grc' dir='ltr'>καθῄρητο</span> <span class='ocrx_word' id='word_1_186' title='bbox 619 1252 646 1278; x_wconf 81' lang='grc' dir='ltr'>δὲ</span> <span class='ocrx_word' id='word_1_187' title='bbox 658 1251 705 1278; x_wconf 68' lang='grc' dir='ltr'><strong>κα)¹</strong></span> <span class='ocrx_word' id='word_1_188' title='bbox 722 1252 738 1285; x_wconf 90' lang='grc' dir='ltr'>ὴ</span> <span class='ocrx_word' id='word_1_189' title='bbox 756 1251 809 1277; x_wconf 78' lang='grc' dir='ltr'>τῶν</span> <span class='ocrx_word' id='word_1_190' title='bbox 831 1250 962 1276; x_wconf 83' lang='grc' dir='ltr'>Ἰουδαίων</span> 
     </span>
    </p>
   </div>
   <div class='ocr_carea' id='block_1_28' title="bbox 181 1296 963 1334">
    <p class='ocr_par' dir='ltr' id='par_1_28' title="bbox 181 1296 963 1334">
     <span class='ocr_line' id='line_1_28' title="bbox 181 1296 963 1334; baseline -0.004 -10"><span class='ocrx_word' id='word_1_191' title='bbox 181 1298 250 1334; x_wconf 82' lang='grc' dir='ltr'>ἀρχή</span> <span class='ocrx_word' id='word_1_192' title='bbox 267 1306 297 1324; x_wconf 85' lang='grc' dir='ltr'><strong>τε</strong></span> <span class='ocrx_word' id='word_1_193' title='bbox 313 1298 360 1325; x_wconf 79' lang='grc' dir='ltr'>καὶ</span> <span class='ocrx_word' id='word_1_194' title='bbox 378 1298 498 1332; x_wconf 75' lang='grc' dir='ltr'>βασιλεία</span> <span class='ocrx_word' id='word_1_195' title='bbox 510 1319 517 1330; x_wconf 92' lang='grc'><strong>,</strong></span> <span class='ocrx_word' id='word_1_196' title='bbox 533 1297 694 1333; x_wconf 80' lang='grc' dir='ltr'>πεπλήρωτο</span> <span class='ocrx_word' id='word_1_197' title='bbox 711 1297 739 1322; x_wconf 77' lang='grc' dir='ltr'>δὲ</span> <span class='ocrx_word' id='word_1_198' title='bbox 763 1296 809 1323; x_wconf 76' lang='grc' dir='ltr'><strong>καὶ</strong></span> <span class='ocrx_word' id='word_1_199' title='bbox 831 1297 847 1331; x_wconf 88' lang='grc' dir='ltr'><strong>ή</strong></span> <span class='ocrx_word' id='word_1_200' title='bbox 865 1304 963 1331; x_wconf 82' lang='grc' dir='ltr'>προτε-</span> 
     </span>
    </p>
   </div>
   <div class='ocr_carea' id='block_1_29' title="bbox 181 1340 961 1380">
    <p class='ocr_par' dir='ltr' id='par_1_29' title="bbox 181 1340 961 1380">
     <span class='ocr_line' id='line_1_29' title="bbox 181 1340 961 1380; baseline -0.005 -9"><span class='ocrx_word' id='word_1_201' title='bbox 181 1344 302 1379; x_wconf 77' lang='grc' dir='ltr'>τιγμένη</span> <span class='ocrx_word' id='word_1_202' title='bbox 310 1344 462 1380; x_wconf 49' lang='lat' dir='ltr'><strong>umentem</strong></span> <span class='ocrx_word' id='word_1_203' title='bbox 475 1353 481 1359; x_wconf 79' lang='lat'><strong>&#39;</strong></span> <span class='ocrx_word' id='word_1_204' title='bbox 496 1354 504 1368; x_wconf 77' lang='grc' dir='ltr'>ι</span> <span class='ocrx_word' id='word_1_205' title='bbox 519 1344 575 1370; x_wconf 69' lang='lat' dir='ltr'><strong>(lim</strong></span> <span class='ocrx_word' id='word_1_206' title='bbox 587 1342 703 1377; x_wconf 75' lang='grc' dir='ltr'>ἐκλείψει</span> <span class='ocrx_word' id='word_1_207' title='bbox 719 1341 810 1377; x_wconf 81' lang='grc' dir='ltr'>ἄρχων</span> <span class='ocrx_word' id='word_1_208' title='bbox 820 1340 850 1374; x_wconf 76' lang='grc' dir='ltr'><strong>ἐξ</strong></span> <span class='ocrx_word' id='word_1_209' title='bbox 867 1341 961 1371; x_wconf 83' lang='grc' dir='ltr'>Ἰούδα,</span> 
     </span>
    </p>
   </div>
   <div class='ocr_carea' id='block_1_30' title="bbox 181 1386 963 1426">
    <p class='ocr_par' dir='ltr' id='par_1_30' title="bbox 181 1386 963 1426">
     <span class='ocr_line' id='line_1_30' title="bbox 181 1386 963 1426; baseline -0.008 -9"><span class='ocrx_word' id='word_1_210' title='bbox 181 1390 241 1418; x_wconf 75' lang='grc' dir='ltr'>οὐδὲ</span> <span class='ocrx_word' id='word_1_211' title='bbox 253 1390 402 1426; x_wconf 85' lang='grc' dir='ltr'>ἡγούμενος</span> <span class='ocrx_word' id='word_1_212' title='bbox 414 1390 506 1417; x_wconf 75' lang='grc' dir='ltr'>ἐκτῶν</span> <span class='ocrx_word' id='word_1_213' title='bbox 519 1388 612 1424; x_wconf 81' lang='grc' dir='ltr'>μηρῶν</span> <span class='ocrx_word' id='word_1_214' title='bbox 625 1387 718 1419; x_wconf 85' lang='grc' dir='ltr'>αὐτοῦ,</span> <span class='ocrx_word' id='word_1_215' title='bbox 734 1397 743 1413; x_wconf 74' lang='grc' dir='ltr'>ι</span> <span class='ocrx_word' id='word_1_216' title='bbox 756 1387 874 1422; x_wconf 80' lang='grc' dir='ltr'>φήσασα,</span> <span class='ocrx_word' id='word_1_217' title='bbox 890 1396 899 1412; x_wconf 75' lang='grc' dir='ltr'>ι</span> <span class='ocrx_word' id='word_1_218' title='bbox 912 1386 963 1418; x_wconf 76' lang='grc' dir='ltr'>ἕως</span> 
     </span>
    </p>
   </div>
   <div class='ocr_carea' id='block_1_31' title="bbox 182 1434 963 1473">
    <p class='ocr_par' dir='ltr' id='par_1_31' title="bbox 182 1434 963 1473">
     <span class='ocr_line' id='line_1_31' title="bbox 182 1434 963 1473; baseline -0.006 -10"><span class='ocrx_word' id='word_1_219' title='bbox 182 1436 215 1464; x_wconf 77' lang='grc' dir='ltr'>ἂν</span> <span class='ocrx_word' id='word_1_220' title='bbox 231 1436 294 1473; x_wconf 81' lang='grc' dir='ltr'>ἔλθῃ</span> <span class='ocrx_word' id='word_1_221' title='bbox 309 1437 343 1463; x_wconf 76' lang='grc' dir='ltr'><strong>τὰ</strong></span> <span class='ocrx_word' id='word_1_222' title='bbox 356 1436 524 1471; x_wconf 80' lang='grc' dir='ltr'>ἀποκείμενα</span> <span class='ocrx_word' id='word_1_223' title='bbox 540 1435 612 1469; x_wconf 77' lang='grc' dir='ltr'>αὑτῴ</span> <span class='ocrx_word' id='word_1_224' title='bbox 623 1443 629 1450; x_wconf 81' lang='lat'>&#39;</span> <span class='ocrx_word' id='word_1_225' title='bbox 644 1445 653 1460; x_wconf 78' lang='grc' dir='ltr'>ι</span> <span class='ocrx_word' id='word_1_226' title='bbox 664 1435 755 1461; x_wconf 63' lang='grc' dir='ltr'>ἴον-καί</span> <span class='ocrx_word' id='word_1_227' title='bbox 773 1442 837 1469; x_wconf 75' lang='grc' dir='ltr'>φησι</span> <span class='ocrx_word' id='word_1_228' title='bbox 852 1434 963 1468; x_wconf 81' lang='grc' dir='ltr'>γενήσε-</span> 
     </span>
    </p>
   </div>
   <div class='ocr_carea' id='block_1_32' title="bbox 183 1479 962 1514">
    <p class='ocr_par' dir='ltr' id='par_1_32' title="bbox 183 1479 962 1514">
     <span class='ocr_line' id='line_1_32' title="bbox 183 1479 962 1514; baseline -0.005 -5"><span class='ocrx_word' id='word_1_229' title='bbox 183 1482 244 1509; x_wconf 82' lang='grc' dir='ltr'>σθαι</span> <span class='ocrx_word' id='word_1_230' title='bbox 257 1482 288 1508; x_wconf 79' lang='grc' dir='ltr'><strong>οὐ</strong></span> <span class='ocrx_word' id='word_1_231' title='bbox 301 1481 347 1509; x_wconf 86' lang='grc' dir='ltr'><strong>τοῦ</strong></span> <span class='ocrx_word' id='word_1_232' title='bbox 366 1482 498 1508; x_wconf 82' lang='grc' dir='ltr'>Ἰουδαίων</span> <span class='ocrx_word' id='word_1_233' title='bbox 513 1481 603 1512; x_wconf 78' lang='grc' dir='ltr'>ἔθνους</span> <span class='ocrx_word' id='word_1_234' title='bbox 613 1500 620 1511; x_wconf 91' lang='grc'><strong>,</strong></span> <span class='ocrx_word' id='word_1_235' title='bbox 638 1480 703 1506; x_wconf 81' lang='grc' dir='ltr'>ἀλλὰ</span> <span class='ocrx_word' id='word_1_236' title='bbox 716 1479 770 1506; x_wconf 84' lang='grc' dir='ltr'>τῶν</span> <span class='ocrx_word' id='word_1_237' title='bbox 783 1479 865 1506; x_wconf 72' lang='grc' dir='ltr'>ἐθνῶν</span> <span class='ocrx_word' id='word_1_238' title='bbox 878 1487 962 1514; x_wconf 87' lang='grc' dir='ltr'>προσ-</span> 
     </span>
    </p>
   </div>
   <div class='ocr_carea' id='block_1_33' title="bbox 182 1522 963 1562">
    <p class='ocr_par' dir='ltr' id='par_1_33' title="bbox 182 1522 963 1562">
     <span class='ocr_line' id='line_1_33' title="bbox 182 1522 963 1562; baseline -0.006 -8"><span class='ocrx_word' id='word_1_239' title='bbox 182 1527 283 1554; x_wconf 88' lang='grc' dir='ltr'>δοκίαν.</span> <span class='ocrx_word' id='word_1_240' title='bbox 319 1527 426 1562; x_wconf 82' lang='grc' dir='ltr'>Ἐπειδὴ</span> <span class='ocrx_word' id='word_1_241' title='bbox 454 1526 542 1553; x_wconf 84' lang='grc' dir='ltr'>τοίνυν</span> <span class='ocrx_word' id='word_1_242' title='bbox 570 1525 696 1552; x_wconf 77' lang='grc' dir='ltr'>ἀπέκειτο</span> <span class='ocrx_word' id='word_1_243' title='bbox 721 1525 737 1560; x_wconf 90' lang='grc' dir='ltr'><strong>ή</strong></span> <span class='ocrx_word' id='word_1_244' title='bbox 763 1524 900 1560; x_wconf 78' lang='grc' dir='ltr'>πρόπαλαι</span> <span class='ocrx_word' id='word_1_245' title='bbox 924 1522 963 1558; x_wconf 84' lang='grc' dir='ltr'><strong>τῷ</strong></span> 
     </span>
    </p>
   </div>
   <div class='ocr_carea' id='block_1_34' title="bbox 189 1568 962 1608">
    <p class='ocr_par' dir='ltr' id='par_1_34' title="bbox 189 1568 962 1608">
     <span class='ocr_line' id='line_1_34' title="bbox 189 1568 962 1608; baseline -0.005 -10"><span class='ocrx_word' id='word_1_246' title='bbox 189 1571 313 1608; x_wconf 75' lang='grc' dir='ltr'>Ἀϐραὰμ</span> <span class='ocrx_word' id='word_1_247' title='bbox 323 1570 537 1607; x_wconf 80' lang='grc' dir='ltr'>χρηματισθείσα</span> <span class='ocrx_word' id='word_1_248' title='bbox 547 1570 600 1596; x_wconf 81' lang='grc' dir='ltr'>τῶν</span> <span class='ocrx_word' id='word_1_249' title='bbox 616 1571 648 1596; x_wconf 81' lang='grc' dir='ltr'>ὲκ</span> <span class='ocrx_word' id='word_1_250' title='bbox 658 1569 704 1596; x_wconf 83' lang='grc' dir='ltr'><strong>τοῦ</strong></span> <span class='ocrx_word' id='word_1_251' title='bbox 726 1569 856 1596; x_wconf 85' lang='grc' dir='ltr'>Ἰουδαίων</span> <span class='ocrx_word' id='word_1_252' title='bbox 871 1568 962 1599; x_wconf 82' lang='grc' dir='ltr'>ἔθνους</span> 
     </span>
    </p>
   </div>
   <div class='ocr_carea' id='block_1_35' title="bbox 183 1615 960 1654">
    <p class='ocr_par' dir='ltr' id='par_1_35' title="bbox 183 1615 960 1654">
     <span class='ocr_line' id='line_1_35' title="bbox 183 1615 960 1654; baseline -0.006 -9"><span class='ocrx_word' id='word_1_253' title='bbox 183 1618 319 1654; x_wconf 79' lang='grc' dir='ltr'>ἀρχόντων</span> <span class='ocrx_word' id='word_1_254' title='bbox 343 1626 372 1644; x_wconf 87' lang='grc' dir='ltr'><strong>τε</strong></span> <span class='ocrx_word' id='word_1_255' title='bbox 395 1618 441 1643; x_wconf 73' lang='grc' dir='ltr'>καὶ</span> <span class='ocrx_word' id='word_1_256' title='bbox 461 1615 619 1651; x_wconf 82' lang='grc' dir='ltr'>ἡγουμένων</span> <span class='ocrx_word' id='word_1_257' title='bbox 646 1615 808 1650; x_wconf 83' lang='grc' dir='ltr'>μετάστασις</span> <span class='ocrx_word' id='word_1_258' title='bbox 830 1615 879 1650; x_wconf 84' lang='grc' dir='ltr'><strong>τῆς</strong></span> <span class='ocrx_word' id='word_1_259' title='bbox 902 1615 960 1642; x_wconf 84' lang='grc' dir='ltr'>κατ’</span> 
     </span>
    </p>
   </div>
   <div class='ocr_carea' id='block_1_36' title="bbox 183 1659 965 1697">
    <p class='ocr_par' dir='ltr' id='par_1_36' title="bbox 183 1659 965 1697">
     <span class='ocr_line' id='line_1_36' title="bbox 183 1659 965 1697; baseline -0.005 -7"><span class='ocrx_word' id='word_1_260' title='bbox 183 1663 280 1695; x_wconf 81' lang='grc' dir='ltr'>αὐτοὺς</span> <span class='ocrx_word' id='word_1_261' title='bbox 295 1662 381 1697; x_wconf 86' lang='grc' dir='ltr'>ἀρχῆς</span> <span class='ocrx_word' id='word_1_262' title='bbox 398 1662 444 1688; x_wconf 71' lang='grc' dir='ltr'><strong>ἐπὶ</strong></span> <span class='ocrx_word' id='word_1_263' title='bbox 462 1661 621 1696; x_wconf 77' lang='grc' dir='ltr'>Ῥωμαίους,</span> <span class='ocrx_word' id='word_1_264' title='bbox 632 1661 679 1687; x_wconf 63' lang='grc' dir='ltr'><strong>καὶ⁸</strong></span> <span class='ocrx_word' id='word_1_265' title='bbox 692 1660 738 1687; x_wconf 65' lang='grc' dir='ltr'>τὴν</span> <span class='ocrx_word' id='word_1_266' title='bbox 750 1660 778 1693; x_wconf 78' lang='grc' dir='ltr'><strong>ἐξ</strong></span> <span class='ocrx_word' id='word_1_267' title='bbox 793 1660 876 1687; x_wconf 75' lang='grc' dir='ltr'>ἐθνῶν</span> <span class='ocrx_word' id='word_1_268' title='bbox 890 1659 965 1694; x_wconf 84' lang='grc' dir='ltr'>δεδη-</span> 
     </span>
    </p>
   </div>
   <div class='ocr_carea' id='block_1_37' title="bbox 149 1706 963 1744">
    <p class='ocr_par' dir='ltr' id='par_1_37' title="bbox 149 1706 963 1744">
     <span class='ocr_line' id='line_1_37' title="bbox 149 1706 963 1744; baseline -0.006 -8"><span class='ocrx_word' id='word_1_269' title='bbox 149 1728 152 1730; x_wconf 91' lang='grc'><strong>-</strong></span> <span class='ocrx_word' id='word_1_270' title='bbox 182 1709 303 1744; x_wconf 80' lang='grc' dir='ltr'>λωμένον</span> <span class='ocrx_word' id='word_1_271' title='bbox 328 1707 450 1744; x_wconf 82' lang='grc' dir='ltr'>Ἡρώδην</span> <span class='ocrx_word' id='word_1_272' title='bbox 460 1728 467 1739; x_wconf 88' lang='grc'><strong>,</strong></span> <span class='ocrx_word' id='word_1_273' title='bbox 482 1707 591 1738; x_wconf 81' lang='grc' dir='ltr'>εἰκότως</span> <span class='ocrx_word' id='word_1_274' title='bbox 602 1709 615 1733; x_wconf 85' lang='grc' dir='ltr'>ὁ</span> <span class='ocrx_word' id='word_1_275' title='bbox 632 1707 679 1742; x_wconf 78' lang='grc' dir='ltr'>μὲν</span> <span class='ocrx_word' id='word_1_276' title='bbox 690 1706 883 1741; x_wconf 81' lang='grc' dir='ltr'>εὺαγγελιστὴς</span> <span class='ocrx_word' id='word_1_277' title='bbox 895 1706 963 1732; x_wconf 86' lang='grc' dir='ltr'>Λου-</span> 
     </span>
    </p>
   </div>
   <div class='ocr_carea' id='block_1_38' title="bbox 183 1751 965 1788">
    <p class='ocr_par' dir='ltr' id='par_1_38' title="bbox 183 1751 965 1788">
     <span class='ocr_line' id='line_1_38' title="bbox 183 1751 965 1788; baseline -0.005 -7"><span class='ocrx_word' id='word_1_278' title='bbox 183 1755 248 1786; x_wconf 79' lang='grc' dir='ltr'>κᾶς,</span> <span class='ocrx_word' id='word_1_279' title='bbox 273 1753 518 1788; x_wconf 82' lang='grc' dir='ltr'>ὲπισημαινόμενος</span> <span class='ocrx_word' id='word_1_280' title='bbox 541 1752 602 1783; x_wconf 74' lang='grc' dir='ltr'>τοὺς</span> <span class='ocrx_word' id='word_1_281' title='bbox 621 1752 730 1787; x_wconf 85' lang='grc' dir='ltr'>χρόνους</span> <span class='ocrx_word' id='word_1_282' title='bbox 748 1751 797 1786; x_wconf 89' lang='grc' dir='ltr'><strong>τῆς</strong></span> <span class='ocrx_word' id='word_1_283' title='bbox 819 1751 965 1786; x_wconf 80' lang='grc' dir='ltr'>ἐκλείψεως</span> 
     </span>
    </p>
   </div>
   <div class='ocr_carea' id='block_1_39' title="bbox 183 1795 964 1833">
    <p class='ocr_par' dir='ltr' id='par_1_39' title="bbox 183 1795 964 1833">
     <span class='ocr_line' id='line_1_39' title="bbox 183 1795 964 1833; baseline -0.004 -7"><span class='ocrx_word' id='word_1_284' title='bbox 183 1799 237 1826; x_wconf 85' lang='grc' dir='ltr'>τῶν</span> <span class='ocrx_word' id='word_1_285' title='bbox 257 1798 389 1826; x_wconf 85' lang='grc' dir='ltr'>Ἰουδαίων</span> <span class='ocrx_word' id='word_1_286' title='bbox 404 1797 550 1833; x_wconf 83' lang='grc' dir='ltr'>ἀρχόντων,</span> <span class='ocrx_word' id='word_1_287' title='bbox 564 1797 612 1831; x_wconf 82' lang='grc' dir='ltr'>τὴν</span> <span class='ocrx_word' id='word_1_288' title='bbox 631 1797 770 1833; x_wconf 79' lang='grc' dir='ltr'>καταρχὴν</span> <span class='ocrx_word' id='word_1_289' title='bbox 783 1797 833 1832; x_wconf 87' lang='grc' dir='ltr'><strong>τῆς</strong></span> <span class='ocrx_word' id='word_1_290' title='bbox 847 1795 964 1832; x_wconf 80' lang='grc' dir='ltr'>Χριστοῦ</span> 
     </span>
    </p>
   </div>
   <div class='ocr_carea' id='block_1_40' title="bbox 183 1842 965 1880">
    <p class='ocr_par' dir='ltr' id='par_1_40' title="bbox 183 1842 965 1880">
     <span class='ocr_line' id='line_1_40' title="bbox 183 1842 965 1880; baseline -0.004 -9"><span class='ocrx_word' id='word_1_291' title='bbox 183 1843 353 1876; x_wconf 79' lang='grc' dir='ltr'>διδασκαλίας</span> <span class='ocrx_word' id='word_1_292' title='bbox 375 1845 474 1880; x_wconf 77' lang='grc' dir='ltr'>ἱστορεῖ</span> <span class='ocrx_word' id='word_1_293' title='bbox 486 1843 624 1878; x_wconf 89' lang='grc' dir='ltr'>γεγονέναι</span> <span class='ocrx_word' id='word_1_294' title='bbox 638 1844 666 1869; x_wconf 78' lang='grc' dir='ltr'>ὲν</span> <span class='ocrx_word' id='word_1_295' title='bbox 685 1843 739 1869; x_wconf 75' lang='grc' dir='ltr'>ἔτει</span> <span class='ocrx_word' id='word_1_296' title='bbox 757 1842 965 1869; x_wconf 67' lang='grc' dir='ltr'>πεντεκαιδεκά-</span> 
     </span>
    </p>
   </div>
   <div class='ocr_carea' id='block_1_41' title="bbox 183 1887 964 1925">
    <p class='ocr_par' dir='ltr' id='par_1_41' title="bbox 183 1887 964 1925">
     <span class='ocr_line' id='line_1_41' title="bbox 183 1887 964 1925; baseline -0.004 -9"><span class='ocrx_word' id='word_1_297' title='bbox 183 1898 222 1925; x_wconf 82' lang='grc' dir='ltr'>τῳ</span> <span class='ocrx_word' id='word_1_298' title='bbox 235 1889 285 1924; x_wconf 85' lang='grc' dir='ltr'><strong>τῆς</strong></span> <span class='ocrx_word' id='word_1_299' title='bbox 300 1889 446 1925; x_wconf 83' lang='grc' dir='ltr'>ἡγεμονίας</span> <span class='ocrx_word' id='word_1_300' title='bbox 466 1889 590 1925; x_wconf 75' lang='grc' dir='ltr'>Τιϐερίου</span> <span class='ocrx_word' id='word_1_301' title='bbox 613 1889 750 1924; x_wconf 82' lang='grc' dir='ltr'>Καίσαρος</span> <span class='ocrx_word' id='word_1_302' title='bbox 760 1908 767 1919; x_wconf 92' lang='grc'><strong>,</strong></span> <span class='ocrx_word' id='word_1_303' title='bbox 785 1887 964 1923; x_wconf 72' lang='grc' dir='ltr'>ἡγεμονεύον-</span> 
     </span>
    </p>
   </div>
   <div class='ocr_carea' id='block_1_42' title="bbox 183 1932 965 1969">
    <p class='ocr_par' dir='ltr' id='par_1_42' title="bbox 183 1932 965 1969">
     <span class='ocr_line' id='line_1_42' title="bbox 183 1932 965 1969; baseline -0.004 -8"><span class='ocrx_word' id='word_1_304' title='bbox 183 1943 229 1967; x_wconf 85' lang='grc' dir='ltr'><strong>τος</strong></span> <span class='ocrx_word' id='word_1_305' title='bbox 245 1935 357 1961; x_wconf 76' lang='grc' dir='ltr'>Ποντίου</span> <span class='ocrx_word' id='word_1_306' title='bbox 374 1934 489 1961; x_wconf 85' lang='grc' dir='ltr'>Πιλάτου</span> <span class='ocrx_word' id='word_1_307' title='bbox 508 1935 558 1969; x_wconf 83' lang='grc' dir='ltr'><strong>τῆς</strong></span> <span class='ocrx_word' id='word_1_308' title='bbox 586 1933 713 1965; x_wconf 82' lang='grc' dir='ltr'>Ἰουδαίας</span> <span class='ocrx_word' id='word_1_309' title='bbox 726 1942 732 1948; x_wconf 88' lang='grc'><strong>·</strong></span> <span class='ocrx_word' id='word_1_310' title='bbox 759 1934 805 1960; x_wconf 79' lang='grc' dir='ltr'>καὶ</span> <span class='ocrx_word' id='word_1_311' title='bbox 827 1932 965 1964; x_wconf 83' lang='grc' dir='ltr'>Ματθαῖος</span> 
     </span>
    </p>
   </div>
   <div class='ocr_carea' id='block_1_43' title="bbox 183 1978 967 2015">
    <p class='ocr_par' dir='ltr' id='par_1_43' title="bbox 183 1978 967 2015">
     <span class='ocr_line' id='line_1_43' title="bbox 183 1978 967 2015; baseline -0.001 -9"><span class='ocrx_word' id='word_1_312' title='bbox 183 1979 212 2006; x_wconf 79' lang='grc' dir='ltr'>δὲ</span> <span class='ocrx_word' id='word_1_313' title='bbox 231 1979 309 2006; x_wconf 85' lang='grc' dir='ltr'>τοῦτο</span> <span class='ocrx_word' id='word_1_314' title='bbox 335 1980 400 2006; x_wconf 74' lang='grc' dir='ltr'>αὐτὸ</span> <span class='ocrx_word' id='word_1_315' title='bbox 421 1980 602 2015; x_wconf 81' lang='grc' dir='ltr'>αἰνιττόμενος</span> <span class='ocrx_word' id='word_1_316' title='bbox 631 1980 766 2015; x_wconf 77' lang='grc' dir='ltr'>σημαίνει.</span> <span class='ocrx_word' id='word_1_317' title='bbox 790 1978 967 2014; x_wconf 70' lang='grc' dir='ltr'>’Υπογράψας</span> 
     </span>
    </p>
   </div>
   <div class='ocr_carea' id='block_1_44' title="bbox 183 2024 964 2061">
    <p class='ocr_par' dir='ltr' id='par_1_44' title="bbox 183 2024 964 2061">
     <span class='ocr_line' id='line_1_44' title="bbox 183 2024 964 2061; baseline -0.001 -10"><span class='ocrx_word' id='word_1_318' title='bbox 183 2025 249 2059; x_wconf 80' lang='grc' dir='ltr'>γοῦν</span> <span class='ocrx_word' id='word_1_319' title='bbox 265 2024 314 2061; x_wconf 80' lang='grc' dir='ltr'>τὴν</span> <span class='ocrx_word' id='word_1_320' title='bbox 335 2025 382 2052; x_wconf 83' lang='grc' dir='ltr'><strong>τοῦ</strong></span> <span class='ocrx_word' id='word_1_321' title='bbox 406 2026 508 2061; x_wconf 78' lang='grc' dir='ltr'>Κυρίου</span> <span class='ocrx_word' id='word_1_322' title='bbox 537 2026 582 2052; x_wconf 81' lang='grc' dir='ltr'>καὶ</span> <span class='ocrx_word' id='word_1_323' title='bbox 609 2026 733 2061; x_wconf 81' lang='grc' dir='ltr'>Σωτῆρος</span> <span class='ocrx_word' id='word_1_324' title='bbox 749 2024 826 2060; x_wconf 80' lang='grc' dir='ltr'>ἡμῶν</span> <span class='ocrx_word' id='word_1_325' title='bbox 845 2025 964 2058; x_wconf 89' lang='grc' dir='ltr'>γένεσιν,</span> 
     </span>
    </p>
   </div>
   <div class='ocr_carea' id='block_1_45' title="bbox 185 2069 966 2106">
    <p class='ocr_par' dir='ltr' id='par_1_45' title="bbox 185 2069 966 2106">
     <span class='ocr_line' id='line_1_45' title="bbox 185 2069 966 2106; baseline -0.001 -10"><span class='ocrx_word' id='word_1_326' title='bbox 185 2069 305 2104; x_wconf 64' lang='grc' dir='ltr'>ὲπελέγει</span> <span class='ocrx_word' id='word_1_327' title='bbox 320 2079 327 2086; x_wconf 88' lang='grc'><strong>·</strong></span> <span class='ocrx_word' id='word_1_328' title='bbox 353 2080 362 2096; x_wconf 81' lang='grc' dir='ltr'>ι</span> <span class='ocrx_word' id='word_1_329' title='bbox 381 2070 434 2096; x_wconf 88' lang='grc' dir='ltr'><strong>Τοῦ</strong></span> <span class='ocrx_word' id='word_1_330' title='bbox 454 2070 483 2097; x_wconf 77' lang='grc' dir='ltr'>δὲ</span> <span class='ocrx_word' id='word_1_331' title='bbox 503 2070 589 2106; x_wconf 85' lang='grc' dir='ltr'>Ἰησοῦ</span> <span class='ocrx_word' id='word_1_332' title='bbox 608 2070 781 2106; x_wconf 79' lang='grc' dir='ltr'>γεννηθέντος</span> <span class='ocrx_word' id='word_1_333' title='bbox 802 2070 830 2096; x_wconf 74' lang='grc' dir='ltr'>ἐν</span> <span class='ocrx_word' id='word_1_334' title='bbox 844 2069 966 2104; x_wconf 77' lang='grc' dir='ltr'>Βηθλεὲμ</span> 
     </span>
    </p>
   </div>
   <div class='ocr_carea' id='block_1_46' title="bbox 184 2106 964 2151">
    <p class='ocr_par' dir='ltr' id='par_1_46' title="bbox 184 2106 964 2151">
     <span class='ocr_line' id='line_1_46' title="bbox 184 2106 964 2151; baseline -0.001 -9"><span class='ocrx_word' id='word_1_335' title='bbox 184 2114 234 2150; x_wconf 73' lang='grc' dir='ltr'><strong>τῆς</strong></span> <span class='ocrx_word' id='word_1_336' title='bbox 253 2115 379 2147; x_wconf 86' lang='grc' dir='ltr'>Ἰουδαίας</span> <span class='ocrx_word' id='word_1_337' title='bbox 395 2116 423 2142; x_wconf 77' lang='grc' dir='ltr'><strong>ὲν</strong></span> <span class='ocrx_word' id='word_1_338' title='bbox 436 2106 551 2151; x_wconf 80' lang='grc' dir='ltr'>ἡμέραις</span> <span class='ocrx_word' id='word_1_339' title='bbox 570 2115 687 2151; x_wconf 82' lang='grc' dir='ltr'>Ἡρώδου</span> <span class='ocrx_word' id='word_1_340' title='bbox 698 2115 744 2142; x_wconf 87' lang='grc' dir='ltr'><strong>τοῦ</strong></span> <span class='ocrx_word' id='word_1_341' title='bbox 758 2115 896 2150; x_wconf 83' lang='grc' dir='ltr'>βασιλέως,</span> <span class='ocrx_word' id='word_1_342' title='bbox 911 2115 964 2141; x_wconf 73' lang='grc' dir='ltr'>ἰδοὺ</span> 
     </span>
    </p>
   </div>
   <div class='ocr_carea' id='block_1_47' title="bbox 187 2159 965 2196">
    <p class='ocr_par' dir='ltr' id='par_1_47' title="bbox 187 2159 965 2196">
     <span class='ocr_line' id='line_1_47' title="bbox 187 2159 965 2196; baseline -0.003 -9"><span class='ocrx_word' id='word_1_343' title='bbox 187 2160 267 2195; x_wconf 83' lang='grc' dir='ltr'>μάγοι</span> <span class='ocrx_word' id='word_1_344' title='bbox 275 2160 329 2187; x_wconf 73' lang='grc' dir='ltr'>ἀπὺ</span> <span class='ocrx_word' id='word_1_345' title='bbox 337 2160 470 2187; x_wconf 81' lang='grc' dir='ltr'>ἀνατολῶν</span> <span class='ocrx_word' id='word_1_346' title='bbox 479 2161 657 2196; x_wconf 80' lang='grc' dir='ltr'>παρεγένοντο</span> <span class='ocrx_word' id='word_1_347' title='bbox 673 2161 712 2192; x_wconf 84' lang='grc' dir='ltr'><strong>εἰς</strong></span> <span class='ocrx_word' id='word_1_348' title='bbox 725 2159 855 2196; x_wconf 80' lang='grc' dir='ltr'>Ἰεροσόλυ</span> <span class='ocrx_word' id='word_1_349' title='bbox 859 2167 907 2195; x_wconf 88' lang='grc' dir='ltr'><strong>μα,</strong></span> <span class='ocrx_word' id='word_1_350' title='bbox 922 2159 965 2185; x_wconf 87' lang='grc' dir='ltr'>λέ-</span> 
     </span>
    </p>
   </div>
   <div class='ocr_carea' id='block_1_48' title="bbox 188 2205 961 2242">
    <p class='ocr_par' dir='ltr' id='par_1_48' title="bbox 188 2205 961 2242">
     <span class='ocr_line' id='line_1_48' title="bbox 188 2205 961 2242; baseline -0.003 -9"><span class='ocrx_word' id='word_1_351' title='bbox 188 2213 288 2240; x_wconf 75' lang='grc' dir='ltr'>γοντεςο</span> <span class='ocrx_word' id='word_1_352' title='bbox 299 2206 354 2233; x_wconf 85' lang='grc' dir='ltr'>Ποῦ</span> <span class='ocrx_word' id='word_1_353' title='bbox 363 2206 434 2232; x_wconf 81' lang='grc' dir='ltr'>ἔστιν</span> <span class='ocrx_word' id='word_1_354' title='bbox 444 2207 458 2233; x_wconf 87' lang='grc' dir='ltr'>ὁ</span> <span class='ocrx_word' id='word_1_355' title='bbox 466 2207 570 2242; x_wconf 77' lang='grc' dir='ltr'>τεχθεὶς</span> <span class='ocrx_word' id='word_1_356' title='bbox 583 2206 707 2241; x_wconf 83' lang='grc' dir='ltr'>βασιλεὺς</span> <span class='ocrx_word' id='word_1_357' title='bbox 716 2206 771 2232; x_wconf 84' lang='grc' dir='ltr'>τῶν</span> <span class='ocrx_word' id='word_1_358' title='bbox 785 2205 919 2232; x_wconf 86' lang='grc' dir='ltr'>Ἰουδαίων</span> <span class='ocrx_word' id='word_1_359' title='bbox 929 2214 936 2238; x_wconf 89' lang='grc'>;</span> <span class='ocrx_word' id='word_1_360' title='bbox 952 2215 961 2231; x_wconf 74' lang='grc' dir='ltr'>ι</span> 
     </span>
    </p>
   </div>
   <div class='ocr_carea' id='block_1_49' title="bbox 185 2248 1002 2291">
    <p class='ocr_par' dir='ltr' id='par_1_49' title="bbox 185 2248 1002 2291">
     <span class='ocr_line' id='line_1_49' title="bbox 185 2248 1002 2291; baseline -0.002 -13"><span class='ocrx_word' id='word_1_361' title='bbox 185 2251 218 2278; x_wconf 85' lang='grc' dir='ltr'><strong>δι’</strong></span> <span class='ocrx_word' id='word_1_362' title='bbox 236 2248 274 2278; x_wconf 83' lang='grc' dir='ltr'>ὧν</span> <span class='ocrx_word' id='word_1_363' title='bbox 297 2251 389 2287; x_wconf 85' lang='grc' dir='ltr'>σαφῶς</span> <span class='ocrx_word' id='word_1_364' title='bbox 414 2252 577 2288; x_wconf 83' lang='grc' dir='ltr'>παρίστησι,</span> <span class='ocrx_word' id='word_1_365' title='bbox 603 2252 649 2278; x_wconf 66' lang='grc' dir='ltr'><strong>καὶ¹</strong></span> <span class='ocrx_word' id='word_1_366' title='bbox 679 2251 726 2278; x_wconf 84' lang='grc' dir='ltr'><strong>τοῦ</strong></span> <span class='ocrx_word' id='word_1_367' title='bbox 747 2251 893 2285; x_wconf 80' lang='grc' dir='ltr'>ἀλλοφύλου</span> <span class='ocrx_word' id='word_1_368' title='bbox 914 2250 964 2286; x_wconf 85' lang='grc' dir='ltr'>τὴν</span> <span class='ocrx_word' id='word_1_369' title='bbox 979 2262 1002 2291; x_wconf 79' lang='lat' dir='ltr'><strong>D</strong></span> 
     </span>
    </p>
   </div>
   <div class='ocr_carea' id='block_1_50' title="bbox 186 2296 964 2333">
    <p class='ocr_par' dir='ltr' id='par_1_50' title="bbox 186 2296 964 2333">
     <span class='ocr_line' id='line_1_50' title="bbox 186 2296 964 2333; baseline 0 -11"><span class='ocrx_word' id='word_1_370' title='bbox 186 2297 244 2323; x_wconf 78' lang='grc' dir='ltr'>κατ’</span> <span class='ocrx_word' id='word_1_371' title='bbox 258 2297 346 2324; x_wconf 82' lang='grc' dir='ltr'>αὐτῶν</span> <span class='ocrx_word' id='word_1_372' title='bbox 369 2298 464 2333; x_wconf 84' lang='grc' dir='ltr'>ἀρχὴν,</span> <span class='ocrx_word' id='word_1_373' title='bbox 482 2299 529 2324; x_wconf 79' lang='grc' dir='ltr'>καὶ</span> <span class='ocrx_word' id='word_1_374' title='bbox 544 2297 597 2323; x_wconf 83' lang='grc' dir='ltr'>τῶν</span> <span class='ocrx_word' id='word_1_375' title='bbox 612 2297 641 2329; x_wconf 72' lang='grc' dir='ltr'><strong>ἐξ</strong></span> <span class='ocrx_word' id='word_1_376' title='bbox 658 2297 787 2332; x_wconf 68' lang='grc' dir='ltr'>ἀνατολῆς</span> <span class='ocrx_word' id='word_1_377' title='bbox 811 2296 964 2330; x_wconf 73' lang='grc' dir='ltr'>ἀλλοφύλων</span> 
     </span>
    </p>
   </div>
   <div class='ocr_carea' id='block_1_51' title="bbox 187 2340 965 2379">
    <p class='ocr_par' dir='ltr' id='par_1_51' title="bbox 187 2340 965 2379">
     <span class='ocr_line' id='line_1_51' title="bbox 187 2340 965 2379; baseline -0.001 -10"><span class='ocrx_word' id='word_1_378' title='bbox 187 2341 270 2370; x_wconf 83' lang='grc' dir='ltr'>ὲθνῶν</span> <span class='ocrx_word' id='word_1_379' title='bbox 297 2343 347 2379; x_wconf 83' lang='grc' dir='ltr'>τὴν</span> <span class='ocrx_word' id='word_1_380' title='bbox 372 2343 424 2370; x_wconf 80' lang='grc' dir='ltr'><strong>ὑπὸ</strong></span> <span class='ocrx_word' id='word_1_381' title='bbox 448 2342 494 2370; x_wconf 87' lang='grc' dir='ltr'><strong>τοῦ</strong></span> <span class='ocrx_word' id='word_1_382' title='bbox 511 2343 576 2369; x_wconf 89' lang='grc' dir='ltr'>Θεοῦ</span> <span class='ocrx_word' id='word_1_383' title='bbox 606 2343 708 2378; x_wconf 82' lang='grc' dir='ltr'>κλῆσιν.</span> <span class='ocrx_word' id='word_1_384' title='bbox 737 2341 818 2377; x_wconf 86' lang='grc' dir='ltr'>Ὁμοῦ</span> <span class='ocrx_word' id='word_1_385' title='bbox 852 2350 882 2368; x_wconf 84' lang='grc' dir='ltr'><strong>τε</strong></span> <span class='ocrx_word' id='word_1_386' title='bbox 911 2340 965 2377; x_wconf 79' lang='grc' dir='ltr'>γὰρ</span> 
     </span>
    </p>
   </div>
   <div class='ocr_carea' id='block_1_52' title="bbox 193 2386 963 2423">
    <p class='ocr_par' dir='ltr' id='par_1_52' title="bbox 193 2386 963 2423">
     <span class='ocr_line' id='line_1_52' title="bbox 193 2386 963 2423; baseline -0.003 -9"><span class='ocrx_word' id='word_1_387' title='bbox 193 2387 324 2415; x_wconf 86' lang='grc' dir='ltr'>Ἰουδαίων</span> <span class='ocrx_word' id='word_1_388' title='bbox 340 2387 481 2423; x_wconf 66' lang='grc' dir='ltr'>ἀλλόφυλοι</span> <span class='ocrx_word' id='word_1_389' title='bbox 502 2388 644 2423; x_wconf 72' lang='grc' dir='ltr'>ἐκράτουν,</span> <span class='ocrx_word' id='word_1_390' title='bbox 662 2388 709 2414; x_wconf 77' lang='grc' dir='ltr'>καὶ</span> <span class='ocrx_word' id='word_1_391' title='bbox 729 2387 774 2413; x_wconf 78' lang='grc' dir='ltr'><strong>τὸν</strong></span> <span class='ocrx_word' id='word_1_392' title='bbox 793 2386 875 2413; x_wconf 85' lang='grc' dir='ltr'>πάλαι</span> <span class='ocrx_word' id='word_1_393' title='bbox 897 2394 963 2421; x_wconf 89' lang='grc' dir='ltr'>προ-</span> 
     </span>
    </p>
   </div>
   <div class='ocr_carea' id='block_1_53' title="bbox 186 2431 964 2469">
    <p class='ocr_par' dir='ltr' id='par_1_53' title="bbox 186 2431 964 2469">
     <span class='ocr_line' id='line_1_53' title="bbox 186 2431 964 2469; baseline -0.004 -9"><span class='ocrx_word' id='word_1_394' title='bbox 186 2433 366 2469; x_wconf 79' lang='grc' dir='ltr'>φητευόμενον</span> <span class='ocrx_word' id='word_1_395' title='bbox 387 2433 502 2469; x_wconf 79' lang='grc' dir='ltr'>Χριστὸν</span> <span class='ocrx_word' id='word_1_396' title='bbox 520 2432 567 2459; x_wconf 84' lang='grc' dir='ltr'><strong>τοῦ</strong></span> <span class='ocrx_word' id='word_1_397' title='bbox 587 2432 653 2459; x_wconf 83' lang='grc' dir='ltr'>Θεοῦ</span> <span class='ocrx_word' id='word_1_398' title='bbox 676 2432 839 2466; x_wconf 76' lang='grc' dir='ltr'>ἐγίγνωσκόν</span> <span class='ocrx_word' id='word_1_399' title='bbox 863 2440 892 2458; x_wconf 88' lang='grc' dir='ltr'><strong>τε</strong></span> <span class='ocrx_word' id='word_1_400' title='bbox 917 2431 964 2457; x_wconf 84' lang='grc' dir='ltr'><strong>καὶ</strong></span> 
     </span>
    </p>
   </div>
   <div class='ocr_carea' id='block_1_54' title="bbox 186 2477 962 2514">
    <p class='ocr_par' dir='ltr' id='par_1_54' title="bbox 186 2477 962 2514">
     <span class='ocr_line' id='line_1_54' title="bbox 186 2477 962 2514; baseline -0.004 -9"><span class='ocrx_word' id='word_1_401' title='bbox 186 2479 366 2514; x_wconf 78' lang='grc' dir='ltr'>προσεκύνουν</span> <span class='ocrx_word' id='word_1_402' title='bbox 392 2478 542 2513; x_wconf 69' lang='grc' dir='ltr'>ἀλλόφυλοι,</span> <span class='ocrx_word' id='word_1_403' title='bbox 572 2478 602 2511; x_wconf 72' lang='grc' dir='ltr'><strong>ἐξ</strong></span> <span class='ocrx_word' id='word_1_404' title='bbox 631 2477 765 2504; x_wconf 83' lang='grc' dir='ltr'>ἀνατολῶν</span> <span class='ocrx_word' id='word_1_405' title='bbox 794 2477 962 2507; x_wconf 76' lang='grc' dir='ltr'>ἐπιστάντες.</span> 
     </span>
    </p>
   </div>
   <div class='ocr_carea' id='block_1_55' title="bbox 186 2521 963 2560">
    <p class='ocr_par' dir='ltr' id='par_1_55' title="bbox 186 2521 963 2560">
     <span class='ocr_line' id='line_1_55' title="bbox 186 2521 963 2560; baseline -0.005 -9"><span class='ocrx_word' id='word_1_406' title='bbox 186 2524 290 2551; x_wconf 80' lang='grc' dir='ltr'>Οὐκοῦν</span> <span class='ocrx_word' id='word_1_407' title='bbox 307 2524 400 2560; x_wconf 81' lang='grc' dir='ltr'>σαφῶς</span> <span class='ocrx_word' id='word_1_408' title='bbox 416 2524 460 2551; x_wconf 77' lang='grc' dir='ltr'>διὰ</span> <span class='ocrx_word' id='word_1_409' title='bbox 473 2524 573 2551; x_wconf 78' lang='grc' dir='ltr'>τούτων</span> <span class='ocrx_word' id='word_1_410' title='bbox 594 2523 669 2555; x_wconf 81' lang='grc' dir='ltr'>τέλος</span> <span class='ocrx_word' id='word_1_411' title='bbox 687 2522 786 2558; x_wconf 74' lang='grc' dir='ltr'>ἔχουσα</span> <span class='ocrx_word' id='word_1_412' title='bbox 801 2522 847 2548; x_wconf 84' lang='grc' dir='ltr'><strong>τοῦ</strong></span> <span class='ocrx_word' id='word_1_413' title='bbox 867 2521 963 2548; x_wconf 77' lang='grc' dir='ltr'>Ἰακὼϐ</span> 
     </span>
    </p>
   </div>
   <div class='ocr_carea' id='block_1_56' title="bbox 186 2567 965 2606">
    <p class='ocr_par' dir='ltr' id='par_1_56' title="bbox 186 2567 965 2606">
     <span class='ocr_line' id='line_1_56' title="bbox 186 2567 965 2606; baseline -0.006 -9"><span class='ocrx_word' id='word_1_414' title='bbox 186 2570 204 2605; x_wconf 80' lang='grc' dir='ltr'><strong>ἡ</strong></span> <span class='ocrx_word' id='word_1_415' title='bbox 217 2570 369 2606; x_wconf 80' lang='grc' dir='ltr'>προφητεία</span> <span class='ocrx_word' id='word_1_416' title='bbox 388 2570 533 2601; x_wconf 88' lang='grc' dir='ltr'>δείκνυται,</span> <span class='ocrx_word' id='word_1_417' title='bbox 547 2570 590 2596; x_wconf 76' lang='grc' dir='ltr'><strong>ἐπ’</strong></span> <span class='ocrx_word' id='word_1_418' title='bbox 605 2569 718 2604; x_wconf 78' lang='grc' dir='ltr'>ἐσχάτου</span> <span class='ocrx_word' id='word_1_419' title='bbox 738 2568 788 2603; x_wconf 82' lang='grc' dir='ltr'><strong>τῆς</strong></span> <span class='ocrx_word' id='word_1_420' title='bbox 812 2567 965 2598; x_wconf 85' lang='grc' dir='ltr'>συστάσεως</span> 
     </span>
    </p>
   </div>
   <div class='ocr_carea' id='block_1_57' title="bbox 186 2612 965 2648">
    <p class='ocr_par' dir='ltr' id='par_1_57' title="bbox 186 2612 965 2648">
     <span class='ocr_line' id='line_1_57' title="bbox 186 2612 965 2648; baseline -0.008 -5"><span class='ocrx_word' id='word_1_421' title='bbox 186 2615 232 2642; x_wconf 87' lang='grc' dir='ltr'><strong>τοῦ</strong></span> <span class='ocrx_word' id='word_1_422' title='bbox 249 2615 384 2643; x_wconf 88' lang='grc' dir='ltr'>Ἰουδαίων</span> <span class='ocrx_word' id='word_1_423' title='bbox 397 2616 488 2647; x_wconf 86' lang='grc' dir='ltr'>ἔθνους</span> <span class='ocrx_word' id='word_1_424' title='bbox 501 2614 717 2645; x_wconf 70' lang='grc' dir='ltr'>ἀποτελεσθεῖσα,</span> <span class='ocrx_word' id='word_1_425' title='bbox 734 2612 873 2648; x_wconf 84' lang='grc' dir='ltr'>ὡσπεροῦν</span> <span class='ocrx_word' id='word_1_426' title='bbox 885 2612 965 2643; x_wconf 79' lang='grc' dir='ltr'>αὐτὸς</span> 
     </span>
    </p>
   </div>
   <div class='ocr_carea' id='block_1_58' title="bbox 185 2659 965 2695">
    <p class='ocr_par' dir='ltr' id='par_1_58' title="bbox 185 2659 965 2695">
     <span class='ocr_line' id='line_1_58' title="bbox 185 2659 965 2695; baseline -0.003 -7"><span class='ocrx_word' id='word_1_427' title='bbox 185 2662 242 2693; x_wconf 84' lang='grc' dir='ltr'>τοῖς</span> <span class='ocrx_word' id='word_1_428' title='bbox 248 2661 345 2688; x_wconf 72' lang='grc' dir='ltr'>ἑαυτοῦ</span> <span class='ocrx_word' id='word_1_429' title='bbox 353 2662 444 2688; x_wconf 77' lang='grc' dir='ltr'>παισὶν</span> <span class='ocrx_word' id='word_1_430' title='bbox 456 2662 609 2693; x_wconf 81' lang='grc' dir='ltr'>ἐθέσπισεν,</span> <span class='ocrx_word' id='word_1_431' title='bbox 620 2660 716 2688; x_wconf 79' lang='grc' dir='ltr'>εἰπὼν·</span> <span class='ocrx_word' id='word_1_432' title='bbox 735 2670 743 2686; x_wconf 80' lang='grc' dir='ltr'>ι</span> <span class='ocrx_word' id='word_1_433' title='bbox 757 2660 908 2695; x_wconf 86' lang='grc' dir='ltr'>Συνάχθητε</span> <span class='ocrx_word' id='word_1_434' title='bbox 921 2659 965 2686; x_wconf 85' lang='grc' dir='ltr'>ἵνα</span> 
     </span>
    </p>
   </div>
   <div class='ocr_carea' id='block_1_59' title="bbox 186 2697 964 2745">
    <p class='ocr_par' dir='ltr' id='par_1_59' title="bbox 186 2697 964 2745">
     <span class='ocr_line' id='line_1_59' title="bbox 186 2697 964 2745; baseline -0.001 -12"><span class='ocrx_word' id='word_1_435' title='bbox 186 2706 433 2745; x_wconf 54' lang='grc' dir='ltr'>ἀπαγγείλωυμῖν</span> <span class='ocrx_word' id='word_1_436' title='bbox 458 2707 485 2733; x_wconf 89' lang='grc' dir='ltr'><strong>τί</strong></span> <span class='ocrx_word' id='word_1_437' title='bbox 514 2706 680 2742; x_wconf 76' lang='grc' dir='ltr'>συμϐήσεται</span> <span class='ocrx_word' id='word_1_438' title='bbox 703 2707 766 2741; x_wconf 78' lang='grc' dir='ltr'>ὑμῖν</span> <span class='ocrx_word' id='word_1_439' title='bbox 787 2697 830 2733; x_wconf 79' lang='grc' dir='ltr'><strong>ἐπ’</strong></span> <span class='ocrx_word' id='word_1_440' title='bbox 851 2706 964 2740; x_wconf 73' lang='grc' dir='ltr'>ἐσχάτου</span> 
     </span>
    </p>
   </div>
   <div class='ocr_carea' id='block_1_60' title="bbox 186 2751 965 2789">
    <p class='ocr_par' dir='ltr' id='par_1_60' title="bbox 186 2751 965 2789">
     <span class='ocr_line' id='line_1_60' title="bbox 186 2751 965 2789; baseline -0.003 -10"><span class='ocrx_word' id='word_1_441' title='bbox 186 2751 240 2779; x_wconf 85' lang='grc' dir='ltr'><strong>τῶν</strong></span> <span class='ocrx_word' id='word_1_442' title='bbox 253 2752 380 2789; x_wconf 62' lang='grc' dir='ltr'>ἡμερῶνδ</span> <span class='ocrx_word' id='word_1_443' title='bbox 393 2762 402 2778; x_wconf 74' lang='grc' dir='ltr'>ι</span> <span class='ocrx_word' id='word_1_444' title='bbox 429 2753 545 2788; x_wconf 75' lang='grc' dir='ltr'>ἐσχάτας</span> <span class='ocrx_word' id='word_1_445' title='bbox 568 2752 672 2788; x_wconf 81' lang='grc' dir='ltr'>ἡμέρας</span> <span class='ocrx_word' id='word_1_446' title='bbox 693 2752 821 2779; x_wconf 84' lang='grc' dir='ltr'>νοούντων</span> <span class='ocrx_word' id='word_1_447' title='bbox 841 2752 917 2788; x_wconf 72' lang='grc' dir='ltr'><strong>ἡμῶν</strong></span> <span class='ocrx_word' id='word_1_448' title='bbox 931 2751 965 2778; x_wconf 78' lang='grc' dir='ltr'><strong>τὰ</strong></span> 
     </span>
    </p>
   </div>
   <div class='ocr_carea' id='block_1_61' title="bbox 187 2797 965 2835">
    <p class='ocr_par' dir='ltr' id='par_1_61' title="bbox 187 2797 965 2835">
     <span class='ocr_line' id='line_1_61' title="bbox 187 2797 965 2835; baseline -0.001 -10"><span class='ocrx_word' id='word_1_449' title='bbox 187 2797 289 2834; x_wconf 68' lang='grc' dir='ltr'>εσχατα</span> <span class='ocrx_word' id='word_1_450' title='bbox 298 2799 350 2834; x_wconf 87' lang='grc' dir='ltr'><strong>τῆς</strong></span> <span class='ocrx_word' id='word_1_451' title='bbox 363 2798 515 2830; x_wconf 83' lang='grc' dir='ltr'>συστάσεως</span> <span class='ocrx_word' id='word_1_452' title='bbox 529 2798 575 2825; x_wconf 84' lang='grc' dir='ltr'><strong>τοῦ</strong></span> <span class='ocrx_word' id='word_1_453' title='bbox 590 2798 720 2825; x_wconf 87' lang='grc' dir='ltr'>Ἰουδαίων</span> <span class='ocrx_word' id='word_1_454' title='bbox 736 2798 836 2830; x_wconf 88' lang='grc' dir='ltr'>ἔθνους.</span> <span class='ocrx_word' id='word_1_455' title='bbox 853 2797 884 2824; x_wconf 90' lang='grc' dir='ltr'>Τί</span> <span class='ocrx_word' id='word_1_456' title='bbox 900 2797 965 2835; x_wconf 79' lang='grc' dir='ltr'>δῆτα</span> 
     </span>
    </p>
   </div>
   <div class='ocr_carea' id='block_1_62' title="bbox 224 2887 528 2920">
    <p class='ocr_par' dir='ltr' id='par_1_62' title="bbox 224 2887 528 2920">
     <span class='ocr_line' id='line_1_62' title="bbox 224 2887 528 2920; baseline -0.01 -3"><span class='ocrx_word' id='word_1_457' title='bbox 224 2888 280 2905; x_wconf 66' lang='grc' dir='ltr'>δ’·δδ</span> <span class='ocrx_word' id='word_1_458' title='bbox 300 2888 394 2916; x_wconf 72' lang='lat' dir='ltr'><strong>Hatth.</strong></span> <span class='ocrx_word' id='word_1_459' title='bbox 414 2896 450 2918; x_wconf 85' lang='lat' dir='ltr'><strong>n.</strong></span> <span class='ocrx_word' id='word_1_460' title='bbox 468 2887 528 2920; x_wconf 68' lang='lat'><strong>1,2.</strong></span> 
     </span>
    </p>
   </div>
   <div class='ocr_carea' id='block_1_63' title="bbox 348 2935 683 2967">
    <p class='ocr_par' dir='ltr' id='par_1_63' title="bbox 348 2935 683 2967">
     <span class='ocr_line' id='line_1_63' title="bbox 348 2935 683 2967; baseline 0.009 -3"><span class='ocrx_word' id='word_1_461' title='bbox 348 2935 484 2966; x_wconf 73' lang='grc' dir='ltr'><strong>Ρηιιοι.</strong></span> <span class='ocrx_word' id='word_1_462' title='bbox 506 2935 564 2966; x_wconf 78' lang='lat' dir='ltr'><strong>Gn.</strong></span> <span class='ocrx_word' id='word_1_463' title='bbox 588 2935 683 2967; x_wconf 76' lang='lat' dir='ltr'><strong>XXII.</strong></span> 
     </span>
    </p>
   </div>
   <div class='ocr_carea' id='block_1_64' title="bbox 1010 287 1789 323">
    <p class='ocr_par' dir='ltr' id='par_1_64' title="bbox 1010 287 1789 323">
     <span class='ocr_line' id='line_1_64' title="bbox 1010 287 1789 323; baseline -0.004 -6"><span class='ocrx_word' id='word_1_464' title='bbox 1010 288 1162 317; x_wconf 85' lang='lat' dir='ltr'><strong>excitabit?</strong></span> <span class='ocrx_word' id='word_1_465' title='bbox 1181 298 1190 314; x_wconf 76' lang='grc' dir='ltr'>ι</span> <span class='ocrx_word' id='word_1_466' title='bbox 1204 288 1249 315; x_wconf 91' lang='lat' dir='ltr'><strong>ubi</strong></span> <span class='ocrx_word' id='word_1_467' title='bbox 1263 295 1324 316; x_wconf 89' lang='lat' dir='ltr'><strong>cum</strong></span> <span class='ocrx_word' id='word_1_468' title='bbox 1339 295 1465 323; x_wconf 89' lang='lat' dir='ltr'><strong>magnum</strong></span> <span class='ocrx_word' id='word_1_469' title='bbox 1476 287 1618 322; x_wconf 82' lang='lat' dir='ltr'><strong>quemdam</strong></span> <span class='ocrx_word' id='word_1_470' title='bbox 1631 290 1659 314; x_wconf 83' lang='lat' dir='ltr'><strong>et</strong></span> <span class='ocrx_word' id='word_1_471' title='bbox 1671 287 1789 315; x_wconf 86' lang='lat' dir='ltr'><strong>admira-</strong></span> 
     </span>
    </p>
   </div>
   <div class='ocr_carea' id='block_1_65' title="bbox 1011 333 1790 369">
    <p class='ocr_par' dir='ltr' id='par_1_65' title="bbox 1011 333 1790 369">
     <span class='ocr_line' id='line_1_65' title="bbox 1011 333 1790 369; baseline -0.003 -7"><span class='ocrx_word' id='word_1_472' title='bbox 1011 335 1091 362; x_wconf 83' lang='lat' dir='ltr'><strong>bilem</strong></span> <span class='ocrx_word' id='word_1_473' title='bbox 1115 338 1142 362; x_wconf 88' lang='lat' dir='ltr'><strong>et</strong></span> <span class='ocrx_word' id='word_1_474' title='bbox 1160 342 1264 366; x_wconf 88' lang='lat' dir='ltr'><strong>rarum,</strong></span> <span class='ocrx_word' id='word_1_475' title='bbox 1281 338 1308 361; x_wconf 88' lang='lat' dir='ltr'><strong>et</strong></span> <span class='ocrx_word' id='word_1_476' title='bbox 1323 337 1445 368; x_wconf 87' lang='lat' dir='ltr'><strong>spectatu</strong></span> <span class='ocrx_word' id='word_1_477' title='bbox 1461 333 1595 361; x_wconf 77' lang='lat' dir='ltr'><strong>difﬁcilem</strong></span> <span class='ocrx_word' id='word_1_478' title='bbox 1615 333 1672 361; x_wconf 82' lang='lat' dir='ltr'><strong>fore</strong></span> <span class='ocrx_word' id='word_1_479' title='bbox 1687 333 1790 369; x_wconf 86' lang='lat' dir='ltr'><strong>signiﬁ-</strong></span> 
     </span>
    </p>
   </div>
   <div class='ocr_carea' id='block_1_66' title="bbox 1011 380 1791 415">
    <p class='ocr_par' dir='ltr' id='par_1_66' title="bbox 1011 380 1791 415">
     <span class='ocr_line' id='line_1_66' title="bbox 1011 380 1791 415; baseline -0.001 -7"><span class='ocrx_word' id='word_1_480' title='bbox 1011 381 1112 408; x_wconf 78' lang='lat' dir='ltr'><strong>caverit</strong></span> <span class='ocrx_word' id='word_1_481' title='bbox 1129 388 1201 413; x_wconf 89' lang='lat' dir='ltr'><strong>eum,</strong></span> <span class='ocrx_word' id='word_1_482' title='bbox 1224 381 1269 415; x_wconf 90' lang='lat' dir='ltr'><strong>qui</strong></span> <span class='ocrx_word' id='word_1_483' title='bbox 1294 380 1329 407; x_wconf 89' lang='lat' dir='ltr'><strong>sit</strong></span> <span class='ocrx_word' id='word_1_484' title='bbox 1349 380 1535 414; x_wconf 85' lang='lat' dir='ltr'><strong>hujuscemodi</strong></span> <span class='ocrx_word' id='word_1_485' title='bbox 1553 380 1653 407; x_wconf 90' lang='lat' dir='ltr'><strong>tribum</strong></span> <span class='ocrx_word' id='word_1_486' title='bbox 1669 380 1703 408; x_wconf 89' lang='lat' dir='ltr'><strong>de</strong></span> <span class='ocrx_word' id='word_1_487' title='bbox 1726 381 1791 409; x_wconf 81' lang='lat' dir='ltr'><strong>sede</strong></span> 
     </span>
    </p>
   </div>
   <div class='ocr_carea' id='block_1_67' title="bbox 1011 425 1791 461">
    <p class='ocr_par' dir='ltr' id='par_1_67' title="bbox 1011 425 1791 461">
     <span class='ocr_line' id='line_1_67' title="bbox 1011 425 1791 461; baseline 0 -8"><span class='ocrx_word' id='word_1_488' title='bbox 1011 427 1190 458; x_wconf 75' lang='lat' dir='ltr'><strong>excitaturus,</strong></span> <span class='ocrx_word' id='word_1_489' title='bbox 1208 425 1294 461; x_wconf 89' lang='lat' dir='ltr'><strong>deque</strong></span> <span class='ocrx_word' id='word_1_490' title='bbox 1317 425 1484 461; x_wconf 85' lang='lat' dir='ltr'><strong>principatus</strong></span> <span class='ocrx_word' id='word_1_491' title='bbox 1499 425 1582 461; x_wconf 86' lang='lat' dir='ltr'><strong>gradu</strong></span> <span class='ocrx_word' id='word_1_492' title='bbox 1603 433 1636 452; x_wconf 88' lang='lat' dir='ltr'><strong>ac</strong></span> <span class='ocrx_word' id='word_1_493' title='bbox 1659 425 1791 461; x_wconf 81' lang='lat' dir='ltr'><strong>dignitate</strong></span> 
     </span>
    </p>
   </div>
   <div class='ocr_carea' id='block_1_68' title="bbox 1011 471 1791 506">
    <p class='ocr_par' dir='ltr' id='par_1_68' title="bbox 1011 471 1791 506">
     <span class='ocr_line' id='line_1_68' title="bbox 1011 471 1791 506; baseline -0.001 -6"><span class='ocrx_word' id='word_1_494' title='bbox 1011 473 1217 504; x_wconf 85' lang='lat' dir='ltr'><strong>exturbaturus,</strong></span> <span class='ocrx_word' id='word_1_495' title='bbox 1230 475 1286 499; x_wconf 91' lang='lat' dir='ltr'><strong>tum</strong></span> <span class='ocrx_word' id='word_1_496' title='bbox 1305 471 1413 499; x_wconf 89' lang='lat' dir='ltr'><strong>demum</strong></span> <span class='ocrx_word' id='word_1_497' title='bbox 1422 471 1547 506; x_wconf 90' lang='lat' dir='ltr'><strong>quisnam</strong></span> <span class='ocrx_word' id='word_1_498' title='bbox 1562 471 1606 499; x_wconf 88' lang='lat' dir='ltr'><strong>hic</strong></span> <span class='ocrx_word' id='word_1_499' title='bbox 1620 471 1666 503; x_wconf 89' lang='lat' dir='ltr'><strong>sit,</strong></span> <span class='ocrx_word' id='word_1_500' title='bbox 1681 479 1731 499; x_wconf 93' lang='lat' dir='ltr'><strong>nos</strong></span> <span class='ocrx_word' id='word_1_501' title='bbox 1743 472 1791 499; x_wconf 88' lang='lat' dir='ltr'><strong>ad—</strong></span> 
     </span>
    </p>
   </div>
   <div class='ocr_carea' id='block_1_69' title="bbox 1011 517 1790 552">
    <p class='ocr_par' dir='ltr' id='par_1_69' title="bbox 1011 517 1790 552">
     <span class='ocr_line' id='line_1_69' title="bbox 1011 517 1790 552; baseline -0.001 -7"><span class='ocrx_word' id='word_1_502' title='bbox 1011 522 1114 551; x_wconf 87' lang='lat' dir='ltr'><strong>monet,</strong></span> <span class='ocrx_word' id='word_1_503' title='bbox 1138 518 1270 552; x_wconf 82' lang='lat' dir='ltr'><strong>docetque</strong></span> <span class='ocrx_word' id='word_1_504' title='bbox 1293 517 1365 544; x_wconf 91' lang='lat' dir='ltr'><strong>hunc</strong></span> <span class='ocrx_word' id='word_1_505' title='bbox 1387 517 1461 545; x_wconf 92' lang='lat' dir='ltr'><strong>illum</strong></span> <span class='ocrx_word' id='word_1_506' title='bbox 1476 524 1552 550; x_wconf 86' lang='lat' dir='ltr'><strong>esse,</strong></span> <span class='ocrx_word' id='word_1_507' title='bbox 1567 517 1613 552; x_wconf 91' lang='lat' dir='ltr'><strong>qui</strong></span> <span class='ocrx_word' id='word_1_508' title='bbox 1625 518 1790 552; x_wconf 79' lang='lat' dir='ltr'><strong>exspectatio</strong></span> 
     </span>
    </p>
   </div>
   <div class='ocr_carea' id='block_1_70' title="bbox 1011 563 1789 599">
    <p class='ocr_par' dir='ltr' id='par_1_70' title="bbox 1011 563 1789 599">
     <span class='ocr_line' id='line_1_70' title="bbox 1011 563 1789 599; baseline -0.001 -8"><span class='ocrx_word' id='word_1_509' title='bbox 1011 564 1129 599; x_wconf 79' lang='lat' dir='ltr'><strong>gentium</strong></span> <span class='ocrx_word' id='word_1_510' title='bbox 1149 565 1183 591; x_wconf 91' lang='lat' dir='ltr'><strong>sit</strong></span> <span class='ocrx_word' id='word_1_511' title='bbox 1198 564 1317 594; x_wconf 86' lang='lat' dir='ltr'><strong>futurus.</strong></span> <span class='ocrx_word' id='word_1_512' title='bbox 1331 563 1378 598; x_wconf 88' lang='lat' dir='ltr'><strong>qui</strong></span> <span class='ocrx_word' id='word_1_513' title='bbox 1395 563 1522 591; x_wconf 90' lang='lat' dir='ltr'><strong>videlicet</strong></span> <span class='ocrx_word' id='word_1_514' title='bbox 1545 570 1559 590; x_wconf 85' lang='lat' dir='ltr'><strong>a</strong></span> <span class='ocrx_word' id='word_1_515' title='bbox 1582 563 1712 598; x_wconf 83' lang='lat' dir='ltr'><strong>propheta</strong></span> <span class='ocrx_word' id='word_1_516' title='bbox 1735 571 1789 591; x_wconf 87' lang='lat' dir='ltr'><strong>non</strong></span> 
     </span>
    </p>
   </div>
   <div class='ocr_carea' id='block_1_71' title="bbox 1011 609 1790 644">
    <p class='ocr_par' dir='ltr' id='par_1_71' title="bbox 1011 609 1790 644">
     <span class='ocr_line' id='line_1_71' title="bbox 1011 609 1790 644; baseline 0.001 -8"><span class='ocrx_word' id='word_1_517' title='bbox 1011 609 1086 644; x_wconf 91' lang='lat' dir='ltr'><strong>prius</strong></span> <span class='ocrx_word' id='word_1_518' title='bbox 1107 610 1178 636; x_wconf 85' lang='lat' dir='ltr'><strong>inter</strong></span> <span class='ocrx_word' id='word_1_519' title='bbox 1193 609 1316 637; x_wconf 88' lang='lat' dir='ltr'><strong>homines</strong></span> <span class='ocrx_word' id='word_1_520' title='bbox 1337 609 1470 636; x_wconf 85' lang='lat' dir='ltr'><strong>videndus</strong></span> <span class='ocrx_word' id='word_1_521' title='bbox 1483 609 1650 644; x_wconf 73' lang='lat' dir='ltr'><strong>przedicitur,</strong></span> <span class='ocrx_word' id='word_1_522' title='bbox 1668 616 1749 644; x_wconf 90' lang='lat' dir='ltr'><strong>quam</strong></span> <span class='ocrx_word' id='word_1_523' title='bbox 1763 613 1790 637; x_wconf 89' lang='lat' dir='ltr'><strong>et</strong></span> 
     </span>
    </p>
   </div>
   <div class='ocr_carea' id='block_1_72' title="bbox 1011 653 1791 690">
    <p class='ocr_par' dir='ltr' id='par_1_72' title="bbox 1011 653 1791 690">
     <span class='ocr_line' id='line_1_72' title="bbox 1011 653 1791 690; baseline 0 -10"><span class='ocrx_word' id='word_1_524' title='bbox 1011 654 1137 690; x_wconf 85' lang='lat' dir='ltr'><strong>princeps</strong></span> <span class='ocrx_word' id='word_1_525' title='bbox 1156 655 1275 686; x_wconf 85' lang='lat' dir='ltr'><strong>deﬁciat,</strong></span> <span class='ocrx_word' id='word_1_526' title='bbox 1292 659 1319 682; x_wconf 91' lang='lat' dir='ltr'><strong>et</strong></span> <span class='ocrx_word' id='word_1_527' title='bbox 1331 655 1385 681; x_wconf 83' lang='lat' dir='ltr'><strong>dux</strong></span> <span class='ocrx_word' id='word_1_528' title='bbox 1403 658 1570 686; x_wconf 79' lang='lat' dir='ltr'><strong>amoveatur,</strong></span> <span class='ocrx_word' id='word_1_529' title='bbox 1587 657 1615 681; x_wconf 88' lang='lat' dir='ltr'><strong>et</strong></span> <span class='ocrx_word' id='word_1_530' title='bbox 1640 653 1674 681; x_wconf 91' lang='lat' dir='ltr'><strong>de</strong></span> <span class='ocrx_word' id='word_1_531' title='bbox 1688 653 1791 689; x_wconf 86' lang='lat' dir='ltr'><strong>princi-</strong></span> 
     </span>
    </p>
   </div>
   <div class='ocr_carea' id='block_1_73' title="bbox 1011 698 1790 734">
    <p class='ocr_par' dir='ltr' id='par_1_73' title="bbox 1011 698 1790 734">
     <span class='ocr_line' id='line_1_73' title="bbox 1011 698 1790 734; baseline 0.001 -8"><span class='ocrx_word' id='word_1_532' title='bbox 1011 702 1074 734; x_wconf 90' lang='lat' dir='ltr'><strong>patu</strong></span> <span class='ocrx_word' id='word_1_533' title='bbox 1087 699 1246 727; x_wconf 87' lang='lat' dir='ltr'><strong>exturbetur</strong></span> <span class='ocrx_word' id='word_1_534' title='bbox 1260 699 1348 727; x_wconf 89' lang='lat' dir='ltr'><strong>tribus</strong></span> <span class='ocrx_word' id='word_1_535' title='bbox 1363 698 1443 726; x_wconf 82' lang='lat' dir='ltr'><strong>Juda.</strong></span> <span class='ocrx_word' id='word_1_536' title='bbox 1459 698 1540 734; x_wconf 62' lang='lat'><strong>375</strong></span> <span class='ocrx_word' id='word_1_537' title='bbox 1555 698 1700 732; x_wconf 69' lang='lat' dir='ltr'><strong>Caeterum,</strong></span> <span class='ocrx_word' id='word_1_538' title='bbox 1714 699 1790 734; x_wconf 90' lang='lat' dir='ltr'><strong>quis-</strong></span> 
     </span>
    </p>
   </div>
   <div class='ocr_carea' id='block_1_74' title="bbox 1011 743 1787 780">
    <p class='ocr_par' dir='ltr' id='par_1_74' title="bbox 1011 743 1787 780">
     <span class='ocr_line' id='line_1_74' title="bbox 1011 743 1787 780; baseline 0 -9"><span class='ocrx_word' id='word_1_539' title='bbox 1011 752 1086 776; x_wconf 85' lang='lat' dir='ltr'><strong>nam,</strong></span> <span class='ocrx_word' id='word_1_540' title='bbox 1106 752 1208 780; x_wconf 67' lang='lat' dir='ltr'><strong>quaeso,</strong></span> <span class='ocrx_word' id='word_1_541' title='bbox 1226 745 1296 772; x_wconf 88' lang='lat' dir='ltr'><strong>alius</strong></span> <span class='ocrx_word' id='word_1_542' title='bbox 1313 744 1357 772; x_wconf 93' lang='lat' dir='ltr'><strong>hic</strong></span> <span class='ocrx_word' id='word_1_543' title='bbox 1373 744 1409 771; x_wconf 87' lang='lat' dir='ltr'><strong>sit</strong></span> <span class='ocrx_word' id='word_1_544' title='bbox 1422 751 1502 779; x_wconf 91' lang='lat' dir='ltr'><strong>quam</strong></span> <span class='ocrx_word' id='word_1_545' title='bbox 1517 743 1640 771; x_wconf 84' lang='lat' dir='ltr'><strong>Salvator</strong></span> <span class='ocrx_word' id='word_1_546' title='bbox 1655 747 1682 772; x_wconf 88' lang='lat' dir='ltr'><strong>et</strong></span> <span class='ocrx_word' id='word_1_547' title='bbox 1697 743 1787 771; x_wconf 84' lang='lat' dir='ltr'><strong>Domi-</strong></span> 
     </span>
    </p>
   </div>
   <div class='ocr_carea' id='block_1_75' title="bbox 1011 788 1787 823">
    <p class='ocr_par' dir='ltr' id='par_1_75' title="bbox 1011 788 1787 823">
     <span class='ocr_line' id='line_1_75' title="bbox 1011 788 1787 823; baseline -0.001 -7"><span class='ocrx_word' id='word_1_548' title='bbox 1011 798 1064 817; x_wconf 88' lang='lat' dir='ltr'><strong>nus</strong></span> <span class='ocrx_word' id='word_1_549' title='bbox 1079 794 1172 817; x_wconf 88' lang='lat' dir='ltr'><strong>noster</strong></span> <span class='ocrx_word' id='word_1_550' title='bbox 1180 789 1260 817; x_wconf 81' lang='lat' dir='ltr'><strong>Jesus</strong></span> <span class='ocrx_word' id='word_1_551' title='bbox 1273 789 1411 821; x_wconf 87' lang='lat' dir='ltr'><strong>Christus,</strong></span> <span class='ocrx_word' id='word_1_552' title='bbox 1425 789 1452 815; x_wconf 91' lang='lat' dir='ltr'><strong>in</strong></span> <span class='ocrx_word' id='word_1_553' title='bbox 1464 788 1542 823; x_wconf 87' lang='lat' dir='ltr'><strong>cujus</strong></span> <span class='ocrx_word' id='word_1_554' title='bbox 1558 792 1631 817; x_wconf 87' lang='lat' dir='ltr'><strong>ortu.</strong></span> <span class='ocrx_word' id='word_1_555' title='bbox 1647 789 1717 816; x_wconf 91' lang='lat' dir='ltr'><strong>sicut</strong></span> <span class='ocrx_word' id='word_1_556' title='bbox 1728 796 1787 823; x_wconf 82' lang='lat' dir='ltr'><strong>pro—</strong></span> 
     </span>
    </p>
   </div>
   <div class='ocr_carea' id='block_1_76' title="bbox 1011 833 1790 870">
    <p class='ocr_par' dir='ltr' id='par_1_76' title="bbox 1011 833 1790 870">
     <span class='ocr_line' id='line_1_76' title="bbox 1011 833 1790 870; baseline -0.004 -7"><span class='ocrx_word' id='word_1_557' title='bbox 1011 836 1083 863; x_wconf 78' lang='lat' dir='ltr'><strong>xime</strong></span> <span class='ocrx_word' id='word_1_558' title='bbox 1097 835 1219 870; x_wconf 83' lang='lat' dir='ltr'><strong>exposita</strong></span> <span class='ocrx_word' id='word_1_559' title='bbox 1234 834 1375 870; x_wconf 80' lang='lat' dir='ltr'><strong>prophetia</strong></span> <span class='ocrx_word' id='word_1_560' title='bbox 1384 834 1502 867; x_wconf 83' lang='lat' dir='ltr'><strong>volebat,</strong></span> <span class='ocrx_word' id='word_1_561' title='bbox 1517 841 1550 861; x_wconf 86' lang='lat' dir='ltr'><strong>ex</strong></span> <span class='ocrx_word' id='word_1_562' title='bbox 1563 833 1664 863; x_wconf 65' lang='lat' dir='ltr'><strong>Judmis</strong></span> <span class='ocrx_word' id='word_1_563' title='bbox 1682 833 1790 869; x_wconf 88' lang='lat' dir='ltr'><strong>quidem</strong></span> 
     </span>
    </p>
   </div>
   <div class='ocr_carea' id='block_1_77' title="bbox 1012 880 1792 917">
    <p class='ocr_par' dir='ltr' id='par_1_77' title="bbox 1012 880 1792 917">
     <span class='ocr_line' id='line_1_77' title="bbox 1012 880 1792 917; baseline -0.001 -9"><span class='ocrx_word' id='word_1_564' title='bbox 1012 882 1170 909; x_wconf 80' lang='lat' dir='ltr'><strong>defecerunt</strong></span> <span class='ocrx_word' id='word_1_565' title='bbox 1185 881 1322 917; x_wconf 85' lang='lat' dir='ltr'><strong>principes</strong></span> <span class='ocrx_word' id='word_1_566' title='bbox 1336 888 1368 908; x_wconf 88' lang='lat' dir='ltr'><strong>ac</strong></span> <span class='ocrx_word' id='word_1_567' title='bbox 1393 880 1488 912; x_wconf 90' lang='lat' dir='ltr'><strong>duces,</strong></span> <span class='ocrx_word' id='word_1_568' title='bbox 1503 880 1549 915; x_wconf 89' lang='lat' dir='ltr'><strong>qui</strong></span> <span class='ocrx_word' id='word_1_569' title='bbox 1572 880 1643 915; x_wconf 82' lang='lat' dir='ltr'><strong>genti</strong></span> <span class='ocrx_word' id='word_1_570' title='bbox 1663 880 1792 915; x_wconf 73' lang='lat' dir='ltr'><strong>prmside-</strong></span> 
     </span>
    </p>
   </div>
   <div class='ocr_carea' id='block_1_78' title="bbox 1011 926 1790 962">
    <p class='ocr_par' dir='ltr' id='par_1_78' title="bbox 1011 926 1790 962">
     <span class='ocr_line' id='line_1_78' title="bbox 1011 926 1790 962; baseline -0.001 -9"><span class='ocrx_word' id='word_1_571' title='bbox 1011 931 1082 958; x_wconf 83' lang='lat' dir='ltr'><strong>rent.</strong></span> <span class='ocrx_word' id='word_1_572' title='bbox 1101 927 1160 962; x_wconf 88' lang='lat' dir='ltr'><strong>ipsa</strong></span> <span class='ocrx_word' id='word_1_573' title='bbox 1183 935 1249 955; x_wconf 92' lang='lat' dir='ltr'><strong>vero</strong></span> <span class='ocrx_word' id='word_1_574' title='bbox 1271 927 1360 955; x_wconf 87' lang='lat' dir='ltr'><strong>tribus</strong></span> <span class='ocrx_word' id='word_1_575' title='bbox 1374 926 1443 953; x_wconf 82' lang='lat' dir='ltr'><strong>Juda</strong></span> <span class='ocrx_word' id='word_1_576' title='bbox 1460 934 1513 954; x_wconf 93' lang='lat' dir='ltr'><strong>una</strong></span> <span class='ocrx_word' id='word_1_577' title='bbox 1540 933 1601 953; x_wconf 90' lang='lat' dir='ltr'><strong>cum</strong></span> <span class='ocrx_word' id='word_1_578' title='bbox 1625 929 1680 953; x_wconf 89' lang='lat' dir='ltr'><strong>tota</strong></span> <span class='ocrx_word' id='word_1_579' title='bbox 1702 931 1790 961; x_wconf 89' lang='lat' dir='ltr'><strong>gente,</strong></span> 
     </span>
    </p>
   </div>
   <div class='ocr_carea' id='block_1_79' title="bbox 1011 971 1794 1008">
    <p class='ocr_par' dir='ltr' id='par_1_79' title="bbox 1011 971 1794 1008">
     <span class='ocr_line' id='line_1_79' title="bbox 1011 971 1794 1008; baseline 0.001 -9"><span class='ocrx_word' id='word_1_580' title='bbox 1011 973 1164 1007; x_wconf 81' lang='lat' dir='ltr'><strong>principatu</strong></span> <span class='ocrx_word' id='word_1_581' title='bbox 1176 980 1208 1000; x_wconf 91' lang='lat' dir='ltr'><strong>ac</strong></span> <span class='ocrx_word' id='word_1_582' title='bbox 1219 980 1312 1008; x_wconf 80' lang='lat' dir='ltr'><strong>regno,</strong></span> <span class='ocrx_word' id='word_1_583' title='bbox 1325 972 1398 1007; x_wconf 89' lang='lat' dir='ltr'><strong>quod</strong></span> <span class='ocrx_word' id='word_1_584' title='bbox 1412 972 1446 1000; x_wconf 91' lang='lat' dir='ltr'><strong>ab</strong></span> <span class='ocrx_word' id='word_1_585' title='bbox 1462 971 1539 999; x_wconf 92' lang='lat' dir='ltr'><strong>initio</strong></span> <span class='ocrx_word' id='word_1_586' title='bbox 1550 971 1715 1004; x_wconf 86' lang='lat' dir='ltr'><strong>obtinuerat,</strong></span> <span class='ocrx_word' id='word_1_587' title='bbox 1728 979 1794 1006; x_wconf 82' lang='lat' dir='ltr'><strong>spo-</strong></span> 
     </span>
    </p>
   </div>
   <div class='ocr_carea' id='block_1_80' title="bbox 1012 1017 1791 1051">
    <p class='ocr_par' dir='ltr' id='par_1_80' title="bbox 1012 1017 1791 1051">
     <span class='ocr_line' id='line_1_80' title="bbox 1012 1017 1791 1051; baseline 0.001 -7"><span class='ocrx_word' id='word_1_588' title='bbox 1012 1018 1086 1051; x_wconf 87' lang='lat' dir='ltr'><strong>liata,</strong></span> <span class='ocrx_word' id='word_1_589' title='bbox 1098 1017 1228 1046; x_wconf 84' lang='lat' dir='ltr'><strong>Romanis</strong></span> <span class='ocrx_word' id='word_1_590' title='bbox 1244 1019 1325 1046; x_wconf 91' lang='lat' dir='ltr'><strong>etiam</strong></span> <span class='ocrx_word' id='word_1_591' title='bbox 1341 1026 1414 1046; x_wconf 86' lang='lat' dir='ltr'><strong>nunc</strong></span> <span class='ocrx_word' id='word_1_592' title='bbox 1427 1018 1632 1045; x_wconf 83' lang='lat' dir='ltr'><strong>dominantibus</strong></span> <span class='ocrx_word' id='word_1_593' title='bbox 1646 1025 1680 1045; x_wconf 83' lang='lat' dir='ltr'><strong>ex</strong></span> <span class='ocrx_word' id='word_1_594' title='bbox 1696 1018 1743 1045; x_wconf 90' lang='lat' dir='ltr'><strong>illo</strong></span> <span class='ocrx_word' id='word_1_595' title='bbox 1758 1018 1791 1045; x_wconf 90' lang='lat' dir='ltr'><strong>ad</strong></span> 
     </span>
    </p>
   </div>
   <div class='ocr_carea' id='block_1_81' title="bbox 1012 1062 1791 1098">
    <p class='ocr_par' dir='ltr' id='par_1_81' title="bbox 1012 1062 1791 1098">
     <span class='ocr_line' id='line_1_81' title="bbox 1012 1062 1791 1098; baseline 0 -9"><span class='ocrx_word' id='word_1_596' title='bbox 1012 1063 1084 1090; x_wconf 89' lang='lat' dir='ltr'><strong>hunc</strong></span> <span class='ocrx_word' id='word_1_597' title='bbox 1098 1071 1183 1098; x_wconf 86' lang='lat' dir='ltr'><strong>usque</strong></span> <span class='ocrx_word' id='word_1_598' title='bbox 1203 1063 1273 1090; x_wconf 89' lang='lat' dir='ltr'><strong>diem</strong></span> <span class='ocrx_word' id='word_1_599' title='bbox 1294 1062 1450 1094; x_wconf 81' lang='lat' dir='ltr'><strong>famulatur,</strong></span> <span class='ocrx_word' id='word_1_600' title='bbox 1469 1063 1517 1098; x_wconf 89' lang='lat' dir='ltr'><strong>qui</strong></span> <span class='ocrx_word' id='word_1_601' title='bbox 1530 1069 1584 1089; x_wconf 87' lang='lat' dir='ltr'><strong>una</strong></span> <span class='ocrx_word' id='word_1_602' title='bbox 1597 1070 1659 1089; x_wconf 90' lang='lat' dir='ltr'><strong>eum</strong></span> <span class='ocrx_word' id='word_1_603' title='bbox 1679 1062 1791 1097; x_wconf 86' lang='lat' dir='ltr'><strong>reliquis</strong></span> 
     </span>
    </p>
   </div>
   <div class='ocr_carea' id='block_1_82' title="bbox 1010 1109 1790 1145">
    <p class='ocr_par' dir='ltr' id='par_1_82' title="bbox 1010 1109 1790 1145">
     <span class='ocr_line' id='line_1_82' title="bbox 1010 1109 1790 1145; baseline -0.003 -7"><span class='ocrx_word' id='word_1_604' title='bbox 1010 1110 1138 1145; x_wconf 76' lang='lat' dir='ltr'><strong>gentibus</strong></span> <span class='ocrx_word' id='word_1_605' title='bbox 1157 1110 1238 1138; x_wconf 90' lang='lat' dir='ltr'><strong>etiam</strong></span> <span class='ocrx_word' id='word_1_606' title='bbox 1262 1109 1370 1137; x_wconf 68' lang='lat' dir='ltr'><strong>Judteos</strong></span> <span class='ocrx_word' id='word_1_607' title='bbox 1391 1109 1542 1145; x_wconf 69' lang='lat' dir='ltr'><strong>subegere?</strong></span> <span class='ocrx_word' id='word_1_608' title='bbox 1555 1109 1578 1136; x_wconf 87' lang='lat' dir='ltr'><strong>A</strong></span> <span class='ocrx_word' id='word_1_609' title='bbox 1602 1110 1703 1145; x_wconf 81' lang='lat' dir='ltr'><strong>quibus</strong></span> <span class='ocrx_word' id='word_1_610' title='bbox 1726 1109 1790 1136; x_wconf 85' lang='lat' dir='ltr'><strong>item</strong></span> 
     </span>
    </p>
   </div>
   <div class='ocr_carea' id='block_1_83' title="bbox 1013 1155 1791 1190">
    <p class='ocr_par' dir='ltr' id='par_1_83' title="bbox 1013 1155 1791 1190">
     <span class='ocr_line' id='line_1_83' title="bbox 1013 1155 1791 1190; baseline -0.003 -7"><span class='ocrx_word' id='word_1_611' title='bbox 1013 1155 1131 1183; x_wconf 83' lang='lat' dir='ltr'><strong>Herodes</strong></span> <span class='ocrx_word' id='word_1_612' title='bbox 1145 1155 1248 1190; x_wconf 88' lang='lat' dir='ltr'><strong>primus</strong></span> <span class='ocrx_word' id='word_1_613' title='bbox 1264 1158 1376 1182; x_wconf 82' lang='lat' dir='ltr'><strong>externo</strong></span> <span class='ocrx_word' id='word_1_614' title='bbox 1398 1161 1496 1190; x_wconf 83' lang='lat' dir='ltr'><strong>genere</strong></span> <span class='ocrx_word' id='word_1_615' title='bbox 1521 1159 1609 1186; x_wconf 85' lang='lat' dir='ltr'><strong>ortus,</strong></span> <span class='ocrx_word' id='word_1_616' title='bbox 1624 1158 1651 1182; x_wconf 92' lang='lat' dir='ltr'><strong>et</strong></span> <span class='ocrx_word' id='word_1_617' title='bbox 1674 1155 1791 1189; x_wconf 88' lang='lat' dir='ltr'><strong>impera-</strong></span> 
     </span>
    </p>
   </div>
   <div class='ocr_carea' id='block_1_84' title="bbox 1012 1199 1792 1236">
    <p class='ocr_par' dir='ltr' id='par_1_84' title="bbox 1012 1199 1792 1236">
     <span class='ocr_line' id='line_1_84' title="bbox 1012 1199 1792 1236; baseline -0.001 -8"><span class='ocrx_word' id='word_1_618' title='bbox 1012 1203 1078 1233; x_wconf 70' lang='lat' dir='ltr'><strong>toris</strong></span> <span class='ocrx_word' id='word_1_619' title='bbox 1098 1201 1223 1236; x_wconf 72' lang='lat' dir='ltr'><strong>Augusti,</strong></span> <span class='ocrx_word' id='word_1_620' title='bbox 1238 1205 1266 1228; x_wconf 92' lang='lat' dir='ltr'><strong>et</strong></span> <span class='ocrx_word' id='word_1_621' title='bbox 1285 1199 1401 1227; x_wconf 76' lang='lat' dir='ltr'><strong>Romani</strong></span> <span class='ocrx_word' id='word_1_622' title='bbox 1420 1204 1532 1228; x_wconf 83' lang='lat' dir='ltr'><strong>senatus</strong></span> <span class='ocrx_word' id='word_1_623' title='bbox 1557 1200 1718 1228; x_wconf 81' lang='lat' dir='ltr'><strong>auctoritate</strong></span> <span class='ocrx_word' id='word_1_624' title='bbox 1743 1207 1792 1228; x_wconf 85' lang='lat' dir='ltr'><strong>rex</strong></span> 
     </span>
    </p>
   </div>
   <div class='ocr_carea' id='block_1_85' title="bbox 1012 1245 1794 1281">
    <p class='ocr_par' dir='ltr' id='par_1_85' title="bbox 1012 1245 1794 1281">
     <span class='ocr_line' id='line_1_85' title="bbox 1012 1245 1794 1281; baseline -0.001 -7"><span class='ocrx_word' id='word_1_625' title='bbox 1012 1247 1165 1274; x_wconf 87' lang='lat' dir='ltr'><strong>declaratus</strong></span> <span class='ocrx_word' id='word_1_626' title='bbox 1182 1252 1232 1274; x_wconf 89' lang='lat' dir='ltr'><strong>est.</strong></span> <span class='ocrx_word' id='word_1_627' title='bbox 1247 1245 1311 1273; x_wconf 78' lang='lat' dir='ltr'><strong>Fuit</strong></span> <span class='ocrx_word' id='word_1_628' title='bbox 1332 1246 1415 1281; x_wconf 91' lang='lat' dir='ltr'><strong>igitur</strong></span> <span class='ocrx_word' id='word_1_629' title='bbox 1432 1246 1567 1281; x_wconf 85' lang='lat' dir='ltr'><strong>Antipatri</strong></span> <span class='ocrx_word' id='word_1_630' title='bbox 1583 1245 1658 1273; x_wconf 89' lang='lat' dir='ltr'><strong>ﬁlius</strong></span> <span class='ocrx_word' id='word_1_631' title='bbox 1680 1246 1724 1273; x_wconf 90' lang='lat' dir='ltr'><strong>hic</strong></span> <span class='ocrx_word' id='word_1_632' title='bbox 1742 1245 1794 1273; x_wconf 82' lang='lat' dir='ltr'><strong>lle-</strong></span> 
     </span>
    </p>
   </div>
   <div class='ocr_carea' id='block_1_86' title="bbox 1012 1291 1794 1328">
    <p class='ocr_par' dir='ltr' id='par_1_86' title="bbox 1012 1291 1794 1328">
     <span class='ocr_line' id='line_1_86' title="bbox 1012 1291 1794 1328; baseline -0.003 -7"><span class='ocrx_word' id='word_1_633' title='bbox 1012 1293 1102 1321; x_wconf 86' lang='lat' dir='ltr'><strong>rodes.</strong></span> <span class='ocrx_word' id='word_1_634' title='bbox 1113 1294 1173 1328; x_wconf 88' lang='lat' dir='ltr'><strong>Ipse</strong></span> <span class='ocrx_word' id='word_1_635' title='bbox 1184 1300 1248 1320; x_wconf 92' lang='lat' dir='ltr'><strong>vero</strong></span> <span class='ocrx_word' id='word_1_636' title='bbox 1260 1291 1400 1327; x_wconf 82' lang='lat' dir='ltr'><strong>Antipater</strong></span> <span class='ocrx_word' id='word_1_637' title='bbox 1410 1292 1566 1319; x_wconf 69' lang='lat' dir='ltr'><strong>Ascalonita</strong></span> <span class='ocrx_word' id='word_1_638' title='bbox 1584 1292 1618 1319; x_wconf 91' lang='lat' dir='ltr'><strong>ab</strong></span> <span class='ocrx_word' id='word_1_639' title='bbox 1634 1299 1729 1319; x_wconf 88' lang='lat' dir='ltr'><strong>eorum</strong></span> <span class='ocrx_word' id='word_1_640' title='bbox 1745 1300 1794 1319; x_wconf 90' lang='lat' dir='ltr'><strong>ne-</strong></span> 
     </span>
    </p>
   </div>
   <div class='ocr_carea' id='block_1_87' title="bbox 1013 1337 1792 1374">
    <p class='ocr_par' dir='ltr' id='par_1_87' title="bbox 1013 1337 1792 1374">
     <span class='ocr_line' id='line_1_87' title="bbox 1013 1337 1792 1374; baseline -0.001 -8"><span class='ocrx_word' id='word_1_641' title='bbox 1013 1340 1070 1366; x_wconf 90' lang='lat' dir='ltr'><strong>scio</strong></span> <span class='ocrx_word' id='word_1_642' title='bbox 1086 1346 1140 1374; x_wconf 89' lang='lat' dir='ltr'><strong>quo</strong></span> <span class='ocrx_word' id='word_1_643' title='bbox 1150 1342 1239 1370; x_wconf 84' lang='lat' dir='ltr'><strong>ortus,</strong></span> <span class='ocrx_word' id='word_1_644' title='bbox 1255 1338 1302 1373; x_wconf 91' lang='lat' dir='ltr'><strong>qui</strong></span> <span class='ocrx_word' id='word_1_645' title='bbox 1328 1337 1356 1364; x_wconf 89' lang='lat' dir='ltr'><strong>in</strong></span> <span class='ocrx_word' id='word_1_646' title='bbox 1372 1338 1473 1372; x_wconf 90' lang='lat' dir='ltr'><strong>templo</strong></span> <span class='ocrx_word' id='word_1_647' title='bbox 1487 1337 1619 1372; x_wconf 71' lang='lat' dir='ltr'><strong>Apoliinis</strong></span> <span class='ocrx_word' id='word_1_648' title='bbox 1641 1341 1792 1369; x_wconf 84' lang='lat' dir='ltr'><strong>versantes,</strong></span> 
     </span>
    </p>
   </div>
   <div class='ocr_carea' id='block_1_88' title="bbox 1013 1381 1795 1417">
    <p class='ocr_par' dir='ltr' id='par_1_88' title="bbox 1013 1381 1795 1417">
     <span class='ocr_line' id='line_1_88' title="bbox 1013 1381 1795 1417; baseline 0 -7"><span class='ocrx_word' id='word_1_649' title='bbox 1013 1384 1085 1411; x_wconf 84' lang='lat' dir='ltr'><strong>sacri</strong></span> <span class='ocrx_word' id='word_1_650' title='bbox 1099 1383 1170 1410; x_wconf 90' lang='lat' dir='ltr'><strong>servi</strong></span> <span class='ocrx_word' id='word_1_651' title='bbox 1191 1382 1407 1417; x_wconf 87' lang='lat' dir='ltr'><strong>appellabantur.</strong></span> <span class='ocrx_word' id='word_1_652' title='bbox 1423 1381 1475 1416; x_wconf 81' lang='lat' dir='ltr'><strong>Qui</strong></span> <span class='ocrx_word' id='word_1_653' title='bbox 1490 1389 1552 1409; x_wconf 90' lang='lat' dir='ltr'><strong>cum</strong></span> <span class='ocrx_word' id='word_1_654' title='bbox 1567 1389 1678 1409; x_wconf 83' lang='lat' dir='ltr'><strong>uxorem</strong></span> <span class='ocrx_word' id='word_1_655' title='bbox 1699 1382 1795 1410; x_wconf 86' lang='lat' dir='ltr'><strong>duxis-</strong></span> 
     </span>
    </p>
   </div>
   <div class='ocr_carea' id='block_1_89' title="bbox 1014 1427 1794 1463">
    <p class='ocr_par' dir='ltr' id='par_1_89' title="bbox 1014 1427 1794 1463">
     <span class='ocr_line' id='line_1_89' title="bbox 1014 1427 1794 1463; baseline -0.001 -7"><span class='ocrx_word' id='word_1_656' title='bbox 1014 1434 1055 1457; x_wconf 89' lang='lat' dir='ltr'><strong>set</strong></span> <span class='ocrx_word' id='word_1_657' title='bbox 1069 1428 1225 1463; x_wconf 84' lang='lat' dir='ltr'><strong>quamdam,</strong></span> <span class='ocrx_word' id='word_1_658' title='bbox 1243 1428 1287 1455; x_wconf 91' lang='lat' dir='ltr'><strong>cui</strong></span> <span class='ocrx_word' id='word_1_659' title='bbox 1311 1435 1411 1455; x_wconf 90' lang='lat' dir='ltr'><strong>nomen</strong></span> <span class='ocrx_word' id='word_1_660' title='bbox 1429 1427 1537 1462; x_wconf 87' lang='lat' dir='ltr'><strong>quidem</strong></span> <span class='ocrx_word' id='word_1_661' title='bbox 1550 1427 1685 1462; x_wconf 62' lang='lat' dir='ltr'><strong>Cyprium,</strong></span> <span class='ocrx_word' id='word_1_662' title='bbox 1708 1435 1794 1462; x_wconf 80' lang='lat' dir='ltr'><strong>genus</strong></span> 
     </span>
    </p>
   </div>
   <div class='ocr_carea' id='block_1_90' title="bbox 1012 1472 1793 1508">
    <p class='ocr_par' dir='ltr' id='par_1_90' title="bbox 1012 1472 1793 1508">
     <span class='ocr_line' id='line_1_90' title="bbox 1012 1472 1793 1508; baseline -0.001 -6"><span class='ocrx_word' id='word_1_663' title='bbox 1012 1481 1077 1502; x_wconf 90' lang='lat' dir='ltr'><strong>vero</strong></span> <span class='ocrx_word' id='word_1_664' title='bbox 1089 1482 1123 1502; x_wconf 90' lang='lat' dir='ltr'><strong>ex</strong></span> <span class='ocrx_word' id='word_1_665' title='bbox 1134 1474 1245 1507; x_wconf 83' lang='lat' dir='ltr'><strong>Arabia,</strong></span> <span class='ocrx_word' id='word_1_666' title='bbox 1259 1473 1391 1501; x_wconf 82' lang='lat' dir='ltr'><strong>Herodem</strong></span> <span class='ocrx_word' id='word_1_667' title='bbox 1405 1473 1516 1501; x_wconf 90' lang='lat' dir='ltr'><strong>creavit.</strong></span> <span class='ocrx_word' id='word_1_668' title='bbox 1530 1472 1579 1500; x_wconf 84' lang='lat' dir='ltr'><strong>Hic</strong></span> <span class='ocrx_word' id='word_1_669' title='bbox 1592 1473 1674 1508; x_wconf 77' lang='lat' dir='ltr'><strong>igitur</strong></span> <span class='ocrx_word' id='word_1_670' title='bbox 1689 1473 1793 1508; x_wconf 80' lang='lat' dir='ltr'><strong>primus</strong></span> 
     </span>
    </p>
   </div>
   <div class='ocr_carea' id='block_1_91' title="bbox 1013 1519 1793 1557">
    <p class='ocr_par' dir='ltr' id='par_1_91' title="bbox 1013 1519 1793 1557">
     <span class='ocr_line' id='line_1_91' title="bbox 1013 1519 1793 1557; baseline -0.003 -9"><span class='ocrx_word' id='word_1_671' title='bbox 1013 1522 1060 1548; x_wconf 88' lang='lat' dir='ltr'><strong>tali</strong></span> <span class='ocrx_word' id='word_1_672' title='bbox 1077 1528 1176 1557; x_wconf 86' lang='lat' dir='ltr'><strong>genere</strong></span> <span class='ocrx_word' id='word_1_673' title='bbox 1196 1525 1285 1553; x_wconf 83' lang='lat' dir='ltr'><strong>natus,</strong></span> <span class='ocrx_word' id='word_1_674' title='bbox 1303 1519 1458 1555; x_wconf 81' lang='lat' dir='ltr'><strong>Hyrcanum</strong></span> <span class='ocrx_word' id='word_1_675' title='bbox 1474 1519 1519 1554; x_wconf 88' lang='lat' dir='ltr'><strong>qui</strong></span> <span class='ocrx_word' id='word_1_676' title='bbox 1543 1519 1655 1547; x_wconf 90' lang='lat' dir='ltr'><strong>ultimus</strong></span> <span class='ocrx_word' id='word_1_677' title='bbox 1679 1527 1713 1547; x_wconf 82' lang='lat' dir='ltr'><strong>ex</strong></span> <span class='ocrx_word' id='word_1_678' title='bbox 1728 1527 1793 1547; x_wconf 86' lang='lat' dir='ltr'><strong>suc-</strong></span> 
     </span>
    </p>
   </div>
   <div class='ocr_carea' id='block_1_92' title="bbox 1014 1563 1793 1600">
    <p class='ocr_par' dir='ltr' id='par_1_92' title="bbox 1014 1563 1793 1600">
     <span class='ocr_line' id='line_1_92' title="bbox 1014 1563 1793 1600; baseline -0.003 -7"><span class='ocrx_word' id='word_1_679' title='bbox 1014 1565 1140 1593; x_wconf 85' lang='lat' dir='ltr'><strong>cessione</strong></span> <span class='ocrx_word' id='word_1_680' title='bbox 1156 1573 1188 1592; x_wconf 89' lang='lat' dir='ltr'><strong>ac</strong></span> <span class='ocrx_word' id='word_1_681' title='bbox 1205 1565 1275 1592; x_wconf 90' lang='lat' dir='ltr'><strong>serie</strong></span> <span class='ocrx_word' id='word_1_682' title='bbox 1302 1564 1459 1599; x_wconf 86' lang='lat' dir='ltr'><strong>pontificum</strong></span> <span class='ocrx_word' id='word_1_683' title='bbox 1474 1564 1575 1592; x_wconf 70' lang='lat' dir='ltr'><strong>Judzeis</strong></span> <span class='ocrx_word' id='word_1_684' title='bbox 1589 1563 1707 1599; x_wconf 65' lang='lat' dir='ltr'><strong>praefuit,</strong></span> <span class='ocrx_word' id='word_1_685' title='bbox 1724 1568 1750 1600; x_wconf 79' lang='lat' dir='ltr'><strong>et</strong></span> <span class='ocrx_word' id='word_1_686' title='bbox 1767 1565 1793 1591; x_wconf 93' lang='lat' dir='ltr'><strong>in</strong></span> 
     </span>
    </p>
   </div>
   <div class='ocr_carea' id='block_1_93' title="bbox 1014 1609 1792 1646">
    <p class='ocr_par' dir='ltr' id='par_1_93' title="bbox 1014 1609 1792 1646">
     <span class='ocr_line' id='line_1_93' title="bbox 1014 1609 1792 1646; baseline -0.001 -9"><span class='ocrx_word' id='word_1_687' title='bbox 1014 1618 1069 1646; x_wconf 90' lang='lat' dir='ltr'><strong>quo</strong></span> <span class='ocrx_word' id='word_1_688' title='bbox 1084 1610 1248 1638; x_wconf 86' lang='lat' dir='ltr'><strong>domesticus</strong></span> <span class='ocrx_word' id='word_1_689' title='bbox 1265 1609 1385 1637; x_wconf 70' lang='lat' dir='ltr'><strong>Iudaicae</strong></span> <span class='ocrx_word' id='word_1_690' title='bbox 1400 1610 1488 1645; x_wconf 78' lang='lat' dir='ltr'><strong>gentis</strong></span> <span class='ocrx_word' id='word_1_691' title='bbox 1501 1610 1669 1646; x_wconf 85' lang='lat' dir='ltr'><strong>principatus</strong></span> <span class='ocrx_word' id='word_1_692' title='bbox 1684 1609 1792 1641; x_wconf 85' lang='lat' dir='ltr'><strong>defecit.</strong></span> 
     </span>
    </p>
   </div>
   <div class='ocr_carea' id='block_1_94' title="bbox 1015 1654 1792 1690">
    <p class='ocr_par' dir='ltr' id='par_1_94' title="bbox 1015 1654 1792 1690">
     <span class='ocr_line' id='line_1_94' title="bbox 1015 1654 1792 1690; baseline -0.003 -6"><span class='ocrx_word' id='word_1_693' title='bbox 1015 1661 1141 1684; x_wconf 80' lang='lat' dir='ltr'><strong>necatum</strong></span> <span class='ocrx_word' id='word_1_694' title='bbox 1157 1656 1227 1683; x_wconf 91' lang='lat' dir='ltr'><strong>tollit</strong></span> <span class='ocrx_word' id='word_1_695' title='bbox 1241 1655 1274 1683; x_wconf 90' lang='lat' dir='ltr'><strong>de</strong></span> <span class='ocrx_word' id='word_1_696' title='bbox 1288 1655 1387 1682; x_wconf 90' lang='lat' dir='ltr'><strong>medio.</strong></span> <span class='ocrx_word' id='word_1_697' title='bbox 1401 1654 1479 1690; x_wconf 87' lang='lat' dir='ltr'><strong>Isque</strong></span> <span class='ocrx_word' id='word_1_698' title='bbox 1492 1655 1604 1690; x_wconf 75' lang='lat' dir='ltr'><strong>primus,</strong></span> <span class='ocrx_word' id='word_1_699' title='bbox 1617 1661 1647 1682; x_wconf 90' lang='lat' dir='ltr'><strong>ut</strong></span> <span class='ocrx_word' id='word_1_700' title='bbox 1658 1655 1792 1687; x_wconf 66' lang='lat' dir='ltr'><strong>dicebam,</strong></span> 
     </span>
    </p>
   </div>
   <div class='ocr_carea' id='block_1_95' title="bbox 1013 1699 1791 1735">
    <p class='ocr_par' dir='ltr' id='par_1_95' title="bbox 1013 1699 1791 1735">
     <span class='ocr_line' id='line_1_95' title="bbox 1013 1699 1791 1735; baseline -0.001 -6"><span class='ocrx_word' id='word_1_701' title='bbox 1013 1705 1126 1729; x_wconf 77' lang='lat' dir='ltr'><strong>externo</strong></span> <span class='ocrx_word' id='word_1_702' title='bbox 1140 1709 1238 1735; x_wconf 77' lang='lat' dir='ltr'><strong>genere</strong></span> <span class='ocrx_word' id='word_1_703' title='bbox 1250 1704 1327 1727; x_wconf 88' lang='lat' dir='ltr'><strong>ortus</strong></span> <span class='ocrx_word' id='word_1_704' title='bbox 1340 1699 1492 1728; x_wconf 63' lang='lat' dir='ltr'><strong>Judazorum</strong></span> <span class='ocrx_word' id='word_1_705' title='bbox 1509 1708 1556 1728; x_wconf 85' lang='lat' dir='ltr'><strong>rex</strong></span> <span class='ocrx_word' id='word_1_706' title='bbox 1577 1704 1619 1728; x_wconf 91' lang='lat' dir='ltr'><strong>est</strong></span> <span class='ocrx_word' id='word_1_707' title='bbox 1632 1700 1791 1735; x_wconf 87' lang='lat' dir='ltr'><strong>appellatus.</strong></span> 
     </span>
    </p>
   </div>
   <div class='ocr_carea' id='block_1_96' title="bbox 1014 1746 1795 1784">
    <p class='ocr_par' dir='ltr' id='par_1_96' title="bbox 1014 1746 1795 1784">
     <span class='ocr_line' id='line_1_96' title="bbox 1014 1746 1795 1784; baseline -0.004 -8"><span class='ocrx_word' id='word_1_708' title='bbox 1014 1748 1102 1783; x_wconf 83' lang='lat' dir='ltr'><strong>Hujus</strong></span> <span class='ocrx_word' id='word_1_709' title='bbox 1122 1756 1186 1784; x_wconf 79' lang='lat' dir='ltr'><strong>ergo</strong></span> <span class='ocrx_word' id='word_1_710' title='bbox 1207 1747 1374 1784; x_wconf 85' lang='lat' dir='ltr'><strong>temporibus</strong></span> <span class='ocrx_word' id='word_1_711' title='bbox 1397 1754 1457 1775; x_wconf 92' lang='lat' dir='ltr'><strong>cum</strong></span> <span class='ocrx_word' id='word_1_712' title='bbox 1479 1746 1559 1774; x_wconf 80' lang='lat' dir='ltr'><strong>Jesus</strong></span> <span class='ocrx_word' id='word_1_713' title='bbox 1573 1746 1696 1774; x_wconf 83' lang='lat' dir='ltr'><strong>Christus</strong></span> <span class='ocrx_word' id='word_1_714' title='bbox 1721 1751 1795 1774; x_wconf 88' lang='lat' dir='ltr'><strong>esset</strong></span> 
     </span>
    </p>
   </div>
   <div class='ocr_carea' id='block_1_97' title="bbox 1013 1790 1793 1827">
    <p class='ocr_par' dir='ltr' id='par_1_97' title="bbox 1013 1790 1793 1827">
     <span class='ocr_line' id='line_1_97' title="bbox 1013 1790 1793 1827; baseline -0.006 -6"><span class='ocrx_word' id='word_1_715' title='bbox 1013 1797 1106 1824; x_wconf 85' lang='lat' dir='ltr'><strong>natus,</strong></span> <span class='ocrx_word' id='word_1_716' title='bbox 1123 1793 1198 1821; x_wconf 70' lang='lat' dir='ltr'><strong>Iudae</strong></span> <span class='ocrx_word' id='word_1_717' title='bbox 1214 1793 1301 1820; x_wconf 86' lang='lat' dir='ltr'><strong>tribus</strong></span> <span class='ocrx_word' id='word_1_718' title='bbox 1315 1791 1432 1827; x_wconf 76' lang='lat' dir='ltr'><strong>dignitas</strong></span> <span class='ocrx_word' id='word_1_719' title='bbox 1448 1791 1554 1818; x_wconf 88' lang='lat' dir='ltr'><strong>sublata</strong></span> <span class='ocrx_word' id='word_1_720' title='bbox 1569 1795 1611 1818; x_wconf 87' lang='lat' dir='ltr'><strong>est</strong></span> <span class='ocrx_word' id='word_1_721' title='bbox 1629 1799 1636 1818; x_wconf 88' lang='lat'>:</span> <span class='ocrx_word' id='word_1_722' title='bbox 1655 1790 1793 1818; x_wconf 90' lang='lat' dir='ltr'><strong>sublatum</strong></span> 
     </span>
    </p>
   </div>
   <div class='ocr_carea' id='block_1_98' title="bbox 1014 1835 1796 1872">
    <p class='ocr_par' dir='ltr' id='par_1_98' title="bbox 1014 1835 1796 1872">
     <span class='ocr_line' id='line_1_98' title="bbox 1014 1835 1796 1872; baseline -0.006 -6"><span class='ocrx_word' id='word_1_723' title='bbox 1014 1843 1056 1867; x_wconf 87' lang='lat' dir='ltr'><strong>est</strong></span> <span class='ocrx_word' id='word_1_724' title='bbox 1076 1838 1230 1866; x_wconf 66' lang='lat' dir='ltr'><strong>Iudaeorum</strong></span> <span class='ocrx_word' id='word_1_725' title='bbox 1254 1838 1395 1872; x_wconf 89' lang='lat' dir='ltr'><strong>imperium</strong></span> <span class='ocrx_word' id='word_1_726' title='bbox 1409 1840 1436 1864; x_wconf 87' lang='lat' dir='ltr'><strong>et</strong></span> <span class='ocrx_word' id='word_1_727' title='bbox 1454 1843 1578 1870; x_wconf 87' lang='lat' dir='ltr'><strong>regnum,</strong></span> <span class='ocrx_word' id='word_1_728' title='bbox 1601 1835 1732 1870; x_wconf 88' lang='lat' dir='ltr'><strong>completa</strong></span> <span class='ocrx_word' id='word_1_729' title='bbox 1752 1840 1796 1862; x_wconf 89' lang='lat' dir='ltr'><strong>est</strong></span> 
     </span>
    </p>
   </div>
   <div class='ocr_carea' id='block_1_99' title="bbox 1014 1880 1794 1920">
    <p class='ocr_par' dir='ltr' id='par_1_99' title="bbox 1014 1880 1794 1920">
     <span class='ocr_line' id='line_1_99' title="bbox 1014 1880 1794 1920; baseline -0.008 -8"><span class='ocrx_word' id='word_1_730' title='bbox 1014 1886 1136 1920; x_wconf 81' lang='lat' dir='ltr'><strong>proxime</strong></span> <span class='ocrx_word' id='word_1_731' title='bbox 1146 1884 1268 1919; x_wconf 82' lang='lat' dir='ltr'><strong>exposita</strong></span> <span class='ocrx_word' id='word_1_732' title='bbox 1279 1883 1419 1918; x_wconf 87' lang='lat' dir='ltr'><strong>prophetia</strong></span> <span class='ocrx_word' id='word_1_733' title='bbox 1433 1892 1443 1910; x_wconf 65' lang='grc' dir='ltr'><strong>ε</strong></span> <span class='ocrx_word' id='word_1_734' title='bbox 1453 1892 1461 1908; x_wconf 77' lang='grc' dir='ltr'><strong>ι</strong></span> <span class='ocrx_word' id='word_1_735' title='bbox 1474 1881 1533 1909; x_wconf 80' lang='lat' dir='ltr'><strong>Non</strong></span> <span class='ocrx_word' id='word_1_736' title='bbox 1547 1881 1652 1909; x_wconf 88' lang='lat' dir='ltr'><strong>deﬁciet</strong></span> <span class='ocrx_word' id='word_1_737' title='bbox 1668 1880 1794 1916; x_wconf 83' lang='lat' dir='ltr'><strong>princeps</strong></span> 
     </span>
    </p>
   </div>
   <div class='ocr_carea' id='block_1_100' title="bbox 1015 1927 1794 1965">
    <p class='ocr_par' dir='ltr' id='par_1_100' title="bbox 1015 1927 1794 1965">
     <span class='ocr_line' id='line_1_100' title="bbox 1015 1927 1794 1965; baseline -0.006 -7"><span class='ocrx_word' id='word_1_738' title='bbox 1015 1931 1048 1958; x_wconf 89' lang='lat' dir='ltr'><strong>de</strong></span> <span class='ocrx_word' id='word_1_739' title='bbox 1059 1929 1139 1964; x_wconf 83' lang='lat' dir='ltr'><strong>Juda,</strong></span> <span class='ocrx_word' id='word_1_740' title='bbox 1154 1937 1243 1965; x_wconf 87' lang='lat' dir='ltr'><strong>neque</strong></span> <span class='ocrx_word' id='word_1_741' title='bbox 1261 1929 1317 1956; x_wconf 93' lang='lat' dir='ltr'><strong>dux</strong></span> <span class='ocrx_word' id='word_1_742' title='bbox 1339 1929 1372 1956; x_wconf 86' lang='lat' dir='ltr'><strong>de</strong></span> <span class='ocrx_word' id='word_1_743' title='bbox 1398 1928 1546 1956; x_wconf 89' lang='lat' dir='ltr'><strong>femoribus</strong></span> <span class='ocrx_word' id='word_1_744' title='bbox 1561 1927 1631 1962; x_wconf 88' lang='lat' dir='ltr'><strong>ejus,</strong></span> <span class='ocrx_word' id='word_1_745' title='bbox 1649 1927 1735 1954; x_wconf 89' lang='lat' dir='ltr'><strong>donec</strong></span> <span class='ocrx_word' id='word_1_746' title='bbox 1748 1935 1794 1954; x_wconf 85' lang='lat' dir='ltr'><strong>ve-</strong></span> 
     </span>
    </p>
   </div>
   <div class='ocr_carea' id='block_1_101' title="bbox 1015 1971 1795 2011">
    <p class='ocr_par' dir='ltr' id='par_1_101' title="bbox 1015 1971 1795 2011">
     <span class='ocr_line' id='line_1_101' title="bbox 1015 1971 1795 2011; baseline -0.005 -9"><span class='ocrx_word' id='word_1_747' title='bbox 1015 1976 1092 2003; x_wconf 87' lang='lat' dir='ltr'><strong>niant</strong></span> <span class='ocrx_word' id='word_1_748' title='bbox 1106 1983 1167 2011; x_wconf 69' lang='lat' dir='ltr'><strong>qua:</strong></span> <span class='ocrx_word' id='word_1_749' title='bbox 1179 1975 1298 2010; x_wconf 86' lang='lat' dir='ltr'><strong>reposita</strong></span> <span class='ocrx_word' id='word_1_750' title='bbox 1313 1978 1376 2002; x_wconf 88' lang='lat' dir='ltr'><strong>sunt</strong></span> <span class='ocrx_word' id='word_1_751' title='bbox 1388 1974 1422 2001; x_wconf 90' lang='lat' dir='ltr'><strong>ei.</strong></span> <span class='ocrx_word' id='word_1_752' title='bbox 1445 1983 1455 2000; x_wconf 76' lang='grc' dir='ltr'>ι</span> <span class='ocrx_word' id='word_1_753' title='bbox 1471 1973 1549 2000; x_wconf 84' lang='lat' dir='ltr'><strong>Hunc</strong></span> <span class='ocrx_word' id='word_1_754' title='bbox 1564 1976 1653 2000; x_wconf 83' lang='lat' dir='ltr'><strong>autem</strong></span> <span class='ocrx_word' id='word_1_755' title='bbox 1668 1971 1733 1999; x_wconf 89' lang='lat' dir='ltr'><strong>dicit</strong></span> <span class='ocrx_word' id='word_1_756' title='bbox 1752 1972 1795 1998; x_wconf 94' lang='lat' dir='ltr'><strong>fu-</strong></span> 
     </span>
    </p>
   </div>
   <div class='ocr_carea' id='block_1_102' title="bbox 1015 2019 1795 2056">
    <p class='ocr_par' dir='ltr' id='par_1_102' title="bbox 1015 2019 1795 2056">
     <span class='ocr_line' id='line_1_102' title="bbox 1015 2019 1795 2056; baseline -0.006 -7"><span class='ocrx_word' id='word_1_757' title='bbox 1015 2026 1106 2049; x_wconf 90' lang='lat' dir='ltr'><strong>turum</strong></span> <span class='ocrx_word' id='word_1_758' title='bbox 1127 2029 1181 2049; x_wconf 89' lang='lat' dir='ltr'><strong>non</strong></span> <span class='ocrx_word' id='word_1_759' title='bbox 1203 2020 1324 2048; x_wconf 57' lang='lat' dir='ltr'><strong>Iudaica</strong></span> <span class='ocrx_word' id='word_1_760' title='bbox 1339 2020 1438 2056; x_wconf 86' lang='lat' dir='ltr'><strong>gentis,</strong></span> <span class='ocrx_word' id='word_1_761' title='bbox 1458 2019 1505 2048; x_wconf 86' lang='lat' dir='ltr'><strong>sed</strong></span> <span class='ocrx_word' id='word_1_762' title='bbox 1521 2020 1641 2055; x_wconf 86' lang='lat' dir='ltr'><strong>gentium</strong></span> <span class='ocrx_word' id='word_1_763' title='bbox 1656 2023 1795 2053; x_wconf 79' lang='lat' dir='ltr'><strong>exspecta-</strong></span> 
     </span>
    </p>
   </div>
   <div class='ocr_carea' id='block_1_103' title="bbox 1014 2062 1793 2100">
    <p class='ocr_par' dir='ltr' id='par_1_103' title="bbox 1014 2062 1793 2100">
     <span class='ocr_line' id='line_1_103' title="bbox 1014 2062 1793 2100; baseline -0.008 -6"><span class='ocrx_word' id='word_1_764' title='bbox 1014 2067 1127 2094; x_wconf 85' lang='lat' dir='ltr'><strong>tionem.</strong></span> <span class='ocrx_word' id='word_1_765' title='bbox 1148 2066 1281 2100; x_wconf 80' lang='lat' dir='ltr'><strong>Quoniam</strong></span> <span class='ocrx_word' id='word_1_766' title='bbox 1296 2065 1378 2100; x_wconf 79' lang='lat' dir='ltr'><strong>igitur</strong></span> <span class='ocrx_word' id='word_1_767' title='bbox 1394 2064 1514 2099; x_wconf 85' lang='lat' dir='ltr'><strong>reposita</strong></span> <span class='ocrx_word' id='word_1_768' title='bbox 1539 2067 1598 2091; x_wconf 86' lang='lat' dir='ltr'><strong>erat</strong></span> <span class='ocrx_word' id='word_1_769' title='bbox 1613 2063 1658 2090; x_wconf 91' lang='lat' dir='ltr'><strong>illa</strong></span> <span class='ocrx_word' id='word_1_770' title='bbox 1673 2062 1793 2097; x_wconf 88' lang='lat' dir='ltr'><strong>gentium</strong></span> 
     </span>
    </p>
   </div>
   <div class='ocr_carea' id='block_1_104' title="bbox 1015 2105 1794 2145">
    <p class='ocr_par' dir='ltr' id='par_1_104' title="bbox 1015 2105 1794 2145">
     <span class='ocr_line' id='line_1_104' title="bbox 1015 2105 1794 2145; baseline -0.008 -7"><span class='ocrx_word' id='word_1_771' title='bbox 1015 2110 1166 2139; x_wconf 87' lang='lat' dir='ltr'><strong>vocationis</strong></span> <span class='ocrx_word' id='word_1_772' title='bbox 1185 2110 1362 2145; x_wconf 80' lang='lat' dir='ltr'><strong>exspectatio,</strong></span> <span class='ocrx_word' id='word_1_773' title='bbox 1382 2116 1443 2144; x_wconf 55' lang='lat' dir='ltr'><strong>qua).</strong></span> <span class='ocrx_word' id='word_1_774' title='bbox 1459 2115 1492 2135; x_wconf 84' lang='lat' dir='ltr'><strong>ex</strong></span> <span class='ocrx_word' id='word_1_775' title='bbox 1510 2107 1621 2135; x_wconf 90' lang='lat' dir='ltr'><strong>oraculo</strong></span> <span class='ocrx_word' id='word_1_776' title='bbox 1638 2107 1690 2142; x_wconf 89' lang='lat' dir='ltr'><strong>ipsi</strong></span> <span class='ocrx_word' id='word_1_777' title='bbox 1706 2105 1794 2134; x_wconf 84' lang='lat' dir='ltr'><strong>Abra-</strong></span> 
     </span>
    </p>
   </div>
   <div class='ocr_carea' id='block_1_105' title="bbox 1015 2152 1795 2191">
    <p class='ocr_par' dir='ltr' id='par_1_105' title="bbox 1015 2152 1795 2191">
     <span class='ocr_line' id='line_1_105' title="bbox 1015 2152 1795 2191; baseline -0.005 -8"><span class='ocrx_word' id='word_1_778' title='bbox 1015 2157 1057 2184; x_wconf 71' lang='lat' dir='ltr'><strong>hae</strong></span> <span class='ocrx_word' id='word_1_779' title='bbox 1072 2156 1206 2191; x_wconf 83' lang='lat' dir='ltr'><strong>promissa</strong></span> <span class='ocrx_word' id='word_1_780' title='bbox 1228 2159 1279 2187; x_wconf 90' lang='lat' dir='ltr'><strong>est,</strong></span> <span class='ocrx_word' id='word_1_781' title='bbox 1294 2162 1355 2182; x_wconf 90' lang='lat' dir='ltr'><strong>cum</strong></span> <span class='ocrx_word' id='word_1_782' title='bbox 1375 2162 1408 2182; x_wconf 85' lang='lat' dir='ltr'><strong>ex</strong></span> <span class='ocrx_word' id='word_1_783' title='bbox 1421 2153 1536 2181; x_wconf 85' lang='lat' dir='ltr'><strong>Judaica</strong></span> <span class='ocrx_word' id='word_1_784' title='bbox 1559 2155 1637 2188; x_wconf 85' lang='lat' dir='ltr'><strong>gente</strong></span> <span class='ocrx_word' id='word_1_785' title='bbox 1651 2153 1707 2187; x_wconf 87' lang='lat' dir='ltr'><strong>jam</strong></span> <span class='ocrx_word' id='word_1_786' title='bbox 1721 2152 1795 2180; x_wconf 87' lang='lat' dir='ltr'><strong>defe-</strong></span> 
     </span>
    </p>
   </div>
   <div class='ocr_carea' id='block_1_106' title="bbox 1015 2197 1795 2236">
    <p class='ocr_par' dir='ltr' id='par_1_106' title="bbox 1015 2197 1795 2236">
     <span class='ocr_line' id='line_1_106' title="bbox 1015 2197 1795 2236; baseline -0.008 -7"><span class='ocrx_word' id='word_1_787' title='bbox 1015 2203 1115 2230; x_wconf 86' lang='lat' dir='ltr'><strong>cissent</strong></span> <span class='ocrx_word' id='word_1_788' title='bbox 1128 2206 1155 2229; x_wconf 89' lang='lat' dir='ltr'><strong>et</strong></span> <span class='ocrx_word' id='word_1_789' title='bbox 1179 2201 1316 2236; x_wconf 86' lang='lat' dir='ltr'><strong>principes</strong></span> <span class='ocrx_word' id='word_1_790' title='bbox 1333 2204 1361 2227; x_wconf 89' lang='lat' dir='ltr'><strong>et</strong></span> <span class='ocrx_word' id='word_1_791' title='bbox 1375 2199 1468 2230; x_wconf 86' lang='lat' dir='ltr'><strong>duces,</strong></span> <span class='ocrx_word' id='word_1_792' title='bbox 1486 2198 1701 2232; x_wconf 71' lang='lat' dir='ltr'><strong>translatumque</strong></span> <span class='ocrx_word' id='word_1_793' title='bbox 1718 2197 1751 2224; x_wconf 86' lang='lat' dir='ltr'><strong>ab</strong></span> <span class='ocrx_word' id='word_1_794' title='bbox 1763 2205 1795 2224; x_wconf 83' lang='lat' dir='ltr'><strong>ea</strong></span> 
     </span>
    </p>
   </div>
   <div class='ocr_carea' id='block_1_107' title="bbox 1014 2242 1793 2282">
    <p class='ocr_par' dir='ltr' id='par_1_107' title="bbox 1014 2242 1793 2282">
     <span class='ocr_line' id='line_1_107' title="bbox 1014 2242 1793 2282; baseline -0.009 -6"><span class='ocrx_word' id='word_1_795' title='bbox 1014 2253 1086 2276; x_wconf 85' lang='lat' dir='ltr'><strong>esset</strong></span> <span class='ocrx_word' id='word_1_796' title='bbox 1101 2248 1242 2282; x_wconf 82' lang='lat' dir='ltr'><strong>imperium</strong></span> <span class='ocrx_word' id='word_1_797' title='bbox 1261 2247 1288 2274; x_wconf 91' lang='lat' dir='ltr'><strong>in</strong></span> <span class='ocrx_word' id='word_1_798' title='bbox 1304 2245 1450 2276; x_wconf 81' lang='lat' dir='ltr'><strong>Romanos,</strong></span> <span class='ocrx_word' id='word_1_799' title='bbox 1464 2248 1491 2272; x_wconf 90' lang='lat' dir='ltr'><strong>et</strong></span> <span class='ocrx_word' id='word_1_800' title='bbox 1510 2244 1538 2271; x_wconf 89' lang='lat' dir='ltr'><strong>in</strong></span> <span class='ocrx_word' id='word_1_801' title='bbox 1550 2244 1625 2270; x_wconf 93' lang='lat' dir='ltr'><strong>illum</strong></span> <span class='ocrx_word' id='word_1_802' title='bbox 1649 2242 1793 2274; x_wconf 82' lang='lat' dir='ltr'><strong>Herodem,</strong></span> 
     </span>
    </p>
   </div>
   <div class='ocr_carea' id='block_1_108' title="bbox 1017 2288 1795 2329">
    <p class='ocr_par' dir='ltr' id='par_1_108' title="bbox 1017 2288 1795 2329">
     <span class='ocr_line' id='line_1_108' title="bbox 1017 2288 1795 2329; baseline -0.01 -7"><span class='ocrx_word' id='word_1_803' title='bbox 1017 2295 1050 2322; x_wconf 91' lang='lat' dir='ltr'><strong>de</strong></span> <span class='ocrx_word' id='word_1_804' title='bbox 1070 2302 1124 2329; x_wconf 89' lang='lat' dir='ltr'><strong>quo</strong></span> <span class='ocrx_word' id='word_1_805' title='bbox 1144 2293 1245 2320; x_wconf 88' lang='lat' dir='ltr'><strong>dictum</strong></span> <span class='ocrx_word' id='word_1_806' title='bbox 1260 2295 1313 2323; x_wconf 80' lang='lat' dir='ltr'><strong>est,</strong></span> <span class='ocrx_word' id='word_1_807' title='bbox 1325 2293 1421 2319; x_wconf 89' lang='lat' dir='ltr'><strong>merito</strong></span> <span class='ocrx_word' id='word_1_808' title='bbox 1440 2296 1561 2326; x_wconf 86' lang='lat' dir='ltr'><strong>tempora</strong></span> <span class='ocrx_word' id='word_1_809' title='bbox 1576 2289 1675 2324; x_wconf 91' lang='lat' dir='ltr'><strong>quibus</strong></span> <span class='ocrx_word' id='word_1_810' title='bbox 1687 2288 1795 2316; x_wconf 58' lang='lat' dir='ltr'><strong>Judato-</strong></span> 
     </span>
    </p>
   </div>
   <div class='ocr_carea' id='block_1_109' title="bbox 1017 2334 1794 2375">
    <p class='ocr_par' dir='ltr' id='par_1_109' title="bbox 1017 2334 1794 2375">
     <span class='ocr_line' id='line_1_109' title="bbox 1017 2334 1794 2375; baseline -0.01 -7"><span class='ocrx_word' id='word_1_811' title='bbox 1017 2348 1077 2368; x_wconf 88' lang='lat' dir='ltr'><strong>rum</strong></span> <span class='ocrx_word' id='word_1_812' title='bbox 1098 2340 1235 2375; x_wconf 89' lang='lat' dir='ltr'><strong>principes</strong></span> <span class='ocrx_word' id='word_1_813' title='bbox 1252 2337 1413 2366; x_wconf 78' lang='lat' dir='ltr'><strong>defecissent</strong></span> <span class='ocrx_word' id='word_1_814' title='bbox 1428 2336 1516 2364; x_wconf 90' lang='lat' dir='ltr'><strong>Lucas</strong></span> <span class='ocrx_word' id='word_1_815' title='bbox 1531 2335 1695 2370; x_wconf 76' lang='lat' dir='ltr'><strong>evangelista</strong></span> <span class='ocrx_word' id='word_1_816' title='bbox 1710 2334 1794 2369; x_wconf 80' lang='lat' dir='ltr'><strong>signi-</strong></span> 
     </span>
    </p>
   </div>
   <div class='ocr_carea' id='block_1_110' title="bbox 1017 2380 1795 2417">
    <p class='ocr_par' dir='ltr' id='par_1_110' title="bbox 1017 2380 1795 2417">
     <span class='ocr_line' id='line_1_110' title="bbox 1017 2380 1795 2417; baseline -0.012 -3"><span class='ocrx_word' id='word_1_817' title='bbox 1017 2387 1112 2417; x_wconf 78' lang='lat' dir='ltr'><strong>ﬁcans,</strong></span> <span class='ocrx_word' id='word_1_818' title='bbox 1129 2386 1235 2412; x_wconf 90' lang='lat' dir='ltr'><strong>initium</strong></span> <span class='ocrx_word' id='word_1_819' title='bbox 1252 2384 1383 2411; x_wconf 74' lang='lat' dir='ltr'><strong>doctrina:</strong></span> <span class='ocrx_word' id='word_1_820' title='bbox 1399 2382 1500 2410; x_wconf 89' lang='lat' dir='ltr'><strong>Christi</strong></span> <span class='ocrx_word' id='word_1_821' title='bbox 1513 2385 1606 2408; x_wconf 86' lang='lat' dir='ltr'><strong>narrat</strong></span> <span class='ocrx_word' id='word_1_822' title='bbox 1620 2380 1720 2407; x_wconf 87' lang='lat' dir='ltr'><strong>factum</strong></span> <span class='ocrx_word' id='word_1_823' title='bbox 1735 2386 1795 2406; x_wconf 86' lang='lat' dir='ltr'><strong>esse</strong></span> 
     </span>
    </p>
   </div>
   <div class='ocr_carea' id='block_1_111' title="bbox 1018 2426 1795 2463">
    <p class='ocr_par' dir='ltr' id='par_1_111' title="bbox 1018 2426 1795 2463">
     <span class='ocr_line' id='line_1_111' title="bbox 1018 2426 1795 2463; baseline -0.012 -5"><span class='ocrx_word' id='word_1_824' title='bbox 1018 2433 1045 2458; x_wconf 92' lang='lat' dir='ltr'><strong>in</strong></span> <span class='ocrx_word' id='word_1_825' title='bbox 1068 2437 1139 2457; x_wconf 90' lang='lat' dir='ltr'><strong>anno</strong></span> <span class='ocrx_word' id='word_1_826' title='bbox 1159 2437 1194 2457; x_wconf 90' lang='lat' dir='ltr'><strong>xv</strong></span> <span class='ocrx_word' id='word_1_827' title='bbox 1219 2428 1324 2463; x_wconf 90' lang='lat' dir='ltr'><strong>imperii</strong></span> <span class='ocrx_word' id='word_1_828' title='bbox 1350 2427 1451 2455; x_wconf 88' lang='lat' dir='ltr'><strong>Tiberii</strong></span> <span class='ocrx_word' id='word_1_829' title='bbox 1475 2426 1608 2457; x_wconf 66' lang='lat' dir='ltr'><strong>Caesaris,</strong></span> <span class='ocrx_word' id='word_1_830' title='bbox 1631 2428 1795 2460; x_wconf 81' lang='lat' dir='ltr'><strong>procurante</strong></span> 
     </span>
    </p>
   </div>
   <div class='ocr_carea' id='block_1_112' title="bbox 1017 2469 1794 2506">
    <p class='ocr_par' dir='ltr' id='par_1_112' title="bbox 1017 2469 1794 2506">
     <span class='ocr_line' id='line_1_112' title="bbox 1017 2469 1794 2506; baseline -0.01 -3"><span class='ocrx_word' id='word_1_831' title='bbox 1017 2477 1113 2504; x_wconf 87' lang='lat' dir='ltr'><strong>Pontio</strong></span> <span class='ocrx_word' id='word_1_832' title='bbox 1133 2474 1220 2502; x_wconf 87' lang='lat' dir='ltr'><strong>Pilato</strong></span> <span class='ocrx_word' id='word_1_833' title='bbox 1241 2473 1372 2501; x_wconf 75' lang='lat' dir='ltr'><strong>Judzeam.</strong></span> <span class='ocrx_word' id='word_1_834' title='bbox 1387 2472 1528 2500; x_wconf 72' lang='lat' dir='ltr'><strong>Matthzeus</strong></span> <span class='ocrx_word' id='word_1_835' title='bbox 1546 2477 1654 2506; x_wconf 89' lang='lat' dir='ltr'><strong>quoque</strong></span> <span class='ocrx_word' id='word_1_836' title='bbox 1672 2469 1794 2496; x_wconf 83' lang='lat' dir='ltr'><strong>eamdem</strong></span> 
     </span>
    </p>
   </div>
   <div class='ocr_carea' id='block_1_113' title="bbox 1017 2514 1794 2550">
    <p class='ocr_par' dir='ltr' id='par_1_113' title="bbox 1017 2514 1794 2550">
     <span class='ocr_line' id='line_1_113' title="bbox 1017 2514 1794 2550; baseline -0.013 -1"><span class='ocrx_word' id='word_1_837' title='bbox 1017 2529 1075 2550; x_wconf 92' lang='lat' dir='ltr'><strong>rem</strong></span> <span class='ocrx_word' id='word_1_838' title='bbox 1086 2522 1202 2548; x_wconf 87' lang='lat' dir='ltr'><strong>innuens</strong></span> <span class='ocrx_word' id='word_1_839' title='bbox 1215 2523 1290 2547; x_wconf 85' lang='lat' dir='ltr'><strong>notat</strong></span> <span class='ocrx_word' id='word_1_840' title='bbox 1306 2529 1312 2547; x_wconf 87' lang='lat'><strong>:</strong></span> <span class='ocrx_word' id='word_1_841' title='bbox 1330 2526 1392 2546; x_wconf 89' lang='lat' dir='ltr'><strong>nam</strong></span> <span class='ocrx_word' id='word_1_842' title='bbox 1407 2522 1467 2545; x_wconf 89' lang='lat' dir='ltr'><strong>ortu</strong></span> <span class='ocrx_word' id='word_1_843' title='bbox 1481 2517 1586 2544; x_wconf 88' lang='lat' dir='ltr'><strong>Domini</strong></span> <span class='ocrx_word' id='word_1_844' title='bbox 1599 2524 1630 2543; x_wconf 88' lang='lat' dir='ltr'><strong>ac</strong></span> <span class='ocrx_word' id='word_1_845' title='bbox 1647 2514 1794 2542; x_wconf 84' lang='lat' dir='ltr'><strong>Salvatoris</strong></span> 
     </span>
    </p>
   </div>
   <div class='ocr_carea' id='block_1_114' title="bbox 1017 2557 1796 2600">
    <p class='ocr_par' dir='ltr' id='par_1_114' title="bbox 1017 2557 1796 2600">
     <span class='ocr_line' id='line_1_114' title="bbox 1017 2557 1796 2600; baseline -0.012 -6"><span class='ocrx_word' id='word_1_846' title='bbox 1017 2567 1103 2595; x_wconf 90' lang='lat' dir='ltr'><strong>nostri</strong></span> <span class='ocrx_word' id='word_1_847' title='bbox 1115 2565 1260 2600; x_wconf 84' lang='lat' dir='ltr'><strong>descripto,</strong></span> <span class='ocrx_word' id='word_1_848' title='bbox 1271 2564 1398 2598; x_wconf 91' lang='lat' dir='ltr'><strong>deinceps</strong></span> <span class='ocrx_word' id='word_1_849' title='bbox 1406 2562 1542 2598; x_wconf 80' lang='lat' dir='ltr'><strong>adjungit:</strong></span> <span class='ocrx_word' id='word_1_850' title='bbox 1554 2571 1563 2586; x_wconf 73' lang='grc' dir='ltr'>ι</span> <span class='ocrx_word' id='word_1_851' title='bbox 1574 2560 1641 2588; x_wconf 91' lang='lat' dir='ltr'><strong>Cum</strong></span> <span class='ocrx_word' id='word_1_852' title='bbox 1654 2563 1743 2586; x_wconf 89' lang='lat' dir='ltr'><strong>autem</strong></span> <span class='ocrx_word' id='word_1_853' title='bbox 1751 2557 1796 2585; x_wconf 84' lang='lat' dir='ltr'><strong>Je-</strong></span> 
     </span>
    </p>
   </div>
   <div class='ocr_carea' id='block_1_115' title="bbox 1018 2603 1798 2641">
    <p class='ocr_par' dir='ltr' id='par_1_115' title="bbox 1018 2603 1798 2641">
     <span class='ocr_line' id='line_1_115' title="bbox 1018 2603 1798 2641; baseline -0.013 -1"><span class='ocrx_word' id='word_1_854' title='bbox 1018 2621 1066 2641; x_wconf 87' lang='lat' dir='ltr'><strong>sus</strong></span> <span class='ocrx_word' id='word_1_855' title='bbox 1079 2616 1159 2640; x_wconf 83' lang='lat' dir='ltr'><strong>natus</strong></span> <span class='ocrx_word' id='word_1_856' title='bbox 1172 2610 1282 2639; x_wconf 87' lang='lat' dir='ltr'><strong>essetin</strong></span> <span class='ocrx_word' id='word_1_857' title='bbox 1293 2609 1445 2637; x_wconf 83' lang='lat' dir='ltr'><strong>Bethiehem</strong></span> <span class='ocrx_word' id='word_1_858' title='bbox 1457 2607 1565 2639; x_wconf 62' lang='grc' dir='ltr'>δαείω,</span> <span class='ocrx_word' id='word_1_859' title='bbox 1578 2606 1604 2633; x_wconf 91' lang='lat' dir='ltr'><strong>in</strong></span> <span class='ocrx_word' id='word_1_860' title='bbox 1613 2605 1708 2632; x_wconf 87' lang='lat' dir='ltr'><strong>diebus</strong></span> <span class='ocrx_word' id='word_1_861' title='bbox 1714 2603 1798 2631; x_wconf 85' lang='lat' dir='ltr'><strong>Hero-</strong></span> 
     </span>
    </p>
   </div>
   <div class='ocr_carea' id='block_1_116' title="bbox 1017 2649 1785 2694">
    <p class='ocr_par' dir='ltr' id='par_1_116' title="bbox 1017 2649 1785 2694">
     <span class='ocr_line' id='line_1_116' title="bbox 1017 2649 1785 2694; baseline -0.016 -8"><span class='ocrx_word' id='word_1_862' title='bbox 1017 2660 1060 2687; x_wconf 93' lang='lat' dir='ltr'><strong>dis</strong></span> <span class='ocrx_word' id='word_1_863' title='bbox 1072 2659 1152 2694; x_wconf 85' lang='lat' dir='ltr'><strong>regis,</strong></span> <span class='ocrx_word' id='word_1_864' title='bbox 1169 2665 1232 2685; x_wconf 86' lang='lat' dir='ltr'><strong>ecce</strong></span> <span class='ocrx_word' id='word_1_865' title='bbox 1246 2656 1314 2691; x_wconf 75' lang='lat' dir='ltr'><strong>Magi</strong></span> <span class='ocrx_word' id='word_1_866' title='bbox 1331 2655 1365 2682; x_wconf 90' lang='lat' dir='ltr'><strong>ab</strong></span> <span class='ocrx_word' id='word_1_867' title='bbox 1379 2654 1486 2682; x_wconf 87' lang='lat' dir='ltr'><strong>Oriente</strong></span> <span class='ocrx_word' id='word_1_868' title='bbox 1499 2655 1630 2680; x_wconf 89' lang='lat' dir='ltr'><strong>venerunt</strong></span> <span class='ocrx_word' id='word_1_869' title='bbox 1644 2649 1785 2685; x_wconf 74' lang='lat' dir='ltr'><strong>liierosoly</strong></span> 
     </span>
    </p>
   </div>
   <div class='ocr_carea' id='block_1_117' title="bbox 1018 2694 1794 2736">
    <p class='ocr_par' dir='ltr' id='par_1_117' title="bbox 1018 2694 1794 2736">
     <span class='ocr_line' id='line_1_117' title="bbox 1018 2694 1794 2736; baseline -0.014 -4"><span class='ocrx_word' id='word_1_870' title='bbox 1018 2712 1100 2736; x_wconf 88' lang='lat' dir='ltr'><strong>mam,</strong></span> <span class='ocrx_word' id='word_1_871' title='bbox 1120 2703 1257 2731; x_wconf 87' lang='lat' dir='ltr'><strong>dicentes:</strong></span> <span class='ocrx_word' id='word_1_872' title='bbox 1272 2701 1324 2729; x_wconf 90' lang='lat' dir='ltr'><strong>Ubi</strong></span> <span class='ocrx_word' id='word_1_873' title='bbox 1348 2704 1389 2728; x_wconf 90' lang='lat' dir='ltr'><strong>est</strong></span> <span class='ocrx_word' id='word_1_874' title='bbox 1403 2699 1449 2734; x_wconf 91' lang='lat' dir='ltr'><strong>qui</strong></span> <span class='ocrx_word' id='word_1_875' title='bbox 1463 2703 1544 2726; x_wconf 91' lang='lat' dir='ltr'><strong>natus</strong></span> <span class='ocrx_word' id='word_1_876' title='bbox 1557 2701 1599 2725; x_wconf 89' lang='lat' dir='ltr'><strong>est</strong></span> <span class='ocrx_word' id='word_1_877' title='bbox 1619 2704 1668 2723; x_wconf 90' lang='lat' dir='ltr'><strong>rex</strong></span> <span class='ocrx_word' id='word_1_878' title='bbox 1685 2694 1794 2722; x_wconf 66' lang='lat' dir='ltr'><strong>Iudaeo-</strong></span> 
     </span>
    </p>
   </div>
   <div class='ocr_carea' id='block_1_118' title="bbox 1017 2739 1797 2784">
    <p class='ocr_par' dir='ltr' id='par_1_118' title="bbox 1017 2739 1797 2784">
     <span class='ocr_line' id='line_1_118' title="bbox 1017 2739 1797 2784; baseline -0.014 -7"><span class='ocrx_word' id='word_1_879' title='bbox 1017 2758 1077 2778; x_wconf 92' lang='lat' dir='ltr'><strong>rum</strong></span> <span class='ocrx_word' id='word_1_880' title='bbox 1084 2749 1152 2775; x_wconf 50' lang='lat'><strong>“9&quot;?</strong></span> <span class='ocrx_word' id='word_1_881' title='bbox 1162 2748 1287 2784; x_wconf 68' lang='lat' dir='ltr'><strong>i375in</strong></span> <span class='ocrx_word' id='word_1_882' title='bbox 1297 2754 1350 2783; x_wconf 87' lang='lat' dir='ltr'><strong>quo</strong></span> <span class='ocrx_word' id='word_1_883' title='bbox 1358 2746 1434 2780; x_wconf 83' lang='lat' dir='ltr'><strong>plane</strong></span> <span class='ocrx_word' id='word_1_884' title='bbox 1443 2743 1560 2772; x_wconf 86' lang='lat' dir='ltr'><strong>ostendit</strong></span> <span class='ocrx_word' id='word_1_885' title='bbox 1569 2747 1596 2771; x_wconf 91' lang='lat' dir='ltr'><strong>et</strong></span> <span class='ocrx_word' id='word_1_886' title='bbox 1602 2741 1705 2769; x_wconf 83' lang='lat' dir='ltr'><strong>externi</strong></span> <span class='ocrx_word' id='word_1_887' title='bbox 1712 2739 1797 2768; x_wconf 81' lang='lat' dir='ltr'><strong>homi-</strong></span> 
     </span>
    </p>
   </div>
   <div class='ocr_carea' id='block_1_119' title="bbox 1017 2787 1798 2830">
    <p class='ocr_par' dir='ltr' id='par_1_119' title="bbox 1017 2787 1798 2830">
     <span class='ocr_line' id='line_1_119' title="bbox 1017 2787 1798 2830; baseline -0.014 -6"><span class='ocrx_word' id='word_1_888' title='bbox 1017 2796 1059 2824; x_wconf 85' lang='lat' dir='ltr'><strong>nis</strong></span> <span class='ocrx_word' id='word_1_889' title='bbox 1076 2796 1103 2823; x_wconf 88' lang='lat' dir='ltr'><strong>in</strong></span> <span class='ocrx_word' id='word_1_890' title='bbox 1118 2796 1178 2823; x_wconf 89' lang='lat' dir='ltr'><strong>illos</strong></span> <span class='ocrx_word' id='word_1_891' title='bbox 1193 2794 1346 2830; x_wconf 87' lang='lat' dir='ltr'><strong>imperium,</strong></span> <span class='ocrx_word' id='word_1_892' title='bbox 1354 2797 1380 2821; x_wconf 91' lang='lat' dir='ltr'><strong>et</strong></span> <span class='ocrx_word' id='word_1_893' title='bbox 1388 2796 1558 2820; x_wconf 85' lang='lat' dir='ltr'><strong>externarum</strong></span> <span class='ocrx_word' id='word_1_894' title='bbox 1568 2789 1602 2817; x_wconf 86' lang='lat' dir='ltr'><strong>ab</strong></span> <span class='ocrx_word' id='word_1_895' title='bbox 1611 2787 1721 2816; x_wconf 86' lang='lat' dir='ltr'><strong>Oriente</strong></span> <span class='ocrx_word' id='word_1_896' title='bbox 1731 2793 1798 2823; x_wconf 75' lang='lat' dir='ltr'><strong>gen-</strong></span> 
     </span>
    </p>
   </div>
   <div class='ocr_carea' id='block_1_120' title="bbox 1603 2925 1642 2955">
    <p class='ocr_par' dir='ltr' id='par_1_120' title="bbox 1603 2925 1642 2955">
     <span class='ocr_line' id='line_1_120' title="bbox 1603 2925 1642 2955; baseline 0 0"><span class='ocrx_word' id='word_1_897' title='bbox 1603 2925 1642 2955; x_wconf 78' lang='grc'>19</span> 
     </span>
    </p>
   </div>
  </div>
