2089 3218
297 145 355 172 587'

619 147 752 175 El'SEBll
771 147 1012 176 C/ESARIENSIS
1037 147 1113 176 OPP.
1135 148 1226 175 PARS
1251 148 1283 176 ll.
1305 163 1339 169 —
1359 147 1606 176 APOLOGETICA.

1873 148 1923 177 588

298 206 365 233 tittm
383 213 397 233 a
419 206 474 235 Deo
498 207 678 236 vocationem.
700 208 801 236 Eodem
825 209 897 236 enim
921 213 1043 245 tempore
1063 217 1078 237 e

1141 210 1232 241 αὐτοῖς
1253 210 1374 245 ἀπαντᾷν
1397 209 1522 245 ἔμελλεν;
1546 209 1666 244 ἔκλειψις
1689 209 1738 244 μὲν
1764 209 1813 245 τῆς
1837 209 1923 245 ἀρχῆς

297 253 403 281 externi
421 253 522 281 Judeis
536 254 716 288 imperabant,
728 258 755 281 et
764 254 904 282 Christum
917 256 974 287 Dei,
985 255 1019 283 de
1031 263 1086 291 quo

298 299 438 334 prophetat
446 300 528 327 locuti
536 299 653 332 fuerant.
665 301 770 328 externi
779 302 813 328 ab
827 300 946 329 Orientis
960 302 1086 337 partibus

296 344 424 379 profecti,
436 349 463 372 et
477 350 672 381 cognoverunt,
682 349 709 373 et
721 345 913 374 adoraverunt.
925 347 996 382 Ergo
1006 347 1085 382 plane

295 391 324 418 in
346 390 389 418 his
404 390 484 418 linem
499 399 579 419 suum
592 392 752 426 contingens
769 391 911 427 prophetia
929 391 1024 425 Iacob,
1037 400 1085 428 ap-

296 440 373 472 paret
395 437 622 472 quemadmodum
645 438 777 472 completa
796 439 841 471 sit,
855 446 917 465 cum
943 439 976 466 ad
995 443 1085 466 extre-

296 490 370 510 mum
393 483 435 510 sui
459 487 545 510 status
561 482 673 510 Judaiea
699 491 765 518 gens
787 485 915 515 vertisset,
931 485 1002 512 sicut
1026 485 1083 520 ipse

296 537 407 565 quoque
421 529 453 556 ad
471 537 536 556 suos
554 529 623 557 ﬁlios
640 530 739 557 cecinit
755 538 817 557 cum
829 531 913 558 dixit:
933 540 942 556 ι
962 531 1083 566 Congre-

297 576 399 610 gamini
412 575 608 602 utannuntiem
623 576 710 604 vobis.
724 576 788 611 quid
802 580 963 604 eventurum
982 578 1017 604 sit
1032 585 1082 604 vo-

295 622 338 650 bis
355 622 383 649 in
396 625 517 650 extremo
533 622 648 649 dierum.
668 631 678 647 ι
691 621 746 649 Nos
761 622 833 649 enim
851 626 987 650 extremos
1002 623 1082 650 intel-

294 667 406 703 ligimus
430 667 500 698 dies,
527 671 648 694 extrema
663 673 750 695 status
775 667 895 695 Judaice
916 669 1004 703 gentis
1014 672 1083 696 tem-

295 721 371 748 pora.
399 713 544 746 Caeterum,
573 713 637 749 quid
653 714 761 741 tandem
779 715 816 741 illi
834 719 994 742 eventurum
1013 714 1082 741 fuit?

294 758 396 795 Nempe
417 759 539 787 defectus
563 759 674 787 honoris
696 759 781 793 Judm,
813 764 840 788 et
866 760 997 788 universa:
1023 761 1081 795 ejus

295 807 384 842 gentis
401 807 527 839 sublatio,
543 807 621 841 quies
631 810 657 833 et
668 806 824 833 terminatio
838 806 937 834 ducum
946 806 1079 841 ejusdem,

295 852 478 887 tribusipsius
486 851 653 886 principatus
665 872 672 884 ,
687 852 822 887 regiaeque
836 852 978 887 dignitatis
999 852 1081 879 dissi-

1142 253 1241 285 Ἰούδα,
1267 254 1315 280 καὶ
1334 252 1381 280 τοῦ
1406 253 1506 285 παντὸς
1526 253 1619 285 ἔθνους
1644 253 1732 279 αὐτῶν
1756 253 1922 290 καθαίρεσις,

1136 301 1228 328 παῦλα
1242 308 1272 327 τε
1286 300 1334 327 καὶ
1354 299 1429 335 λῆξις
1448 299 1503 326 τῶν
1522 298 1680 335 ἡγουμένων
1697 298 1797 329 αὐτῶν,
1813 300 1861 326 καὶ
1874 299 1923 334 τῆς

1136 347 1222 383 φυλῆς
1243 346 1325 374 αὐτοῦ
1341 346 1397 376 ’τοῦΔ
1409 345 1547 381 βασιλικοῦ
1567 346 1614 372 καὶ
1634 345 1747 381 ἀρχικοῦ
1768 344 1923 380 ἀξιώματος

1135 393 1292 425 κατάλυσις,
1315 392 1432 428 Χριστοῦ
1459 392 1487 418 δὲ
1510 391 1581 428 ἀρχὴ
1605 391 1651 418 καὶ
1675 391 1807 426 βασιλεία,
1822 392 1853 418 οὺ
1874 391 1921 418 τοῦ

1141 437 1257 473 Ἰσραὴλ,
1271 437 1339 464 ἀλλὰ
1353 437 1407 463 τῶν
1424 436 1507 463 ἐθνῶν
1521 436 1646 462 ἁπάντων
1655 436 1786 471 ἄρχουσα,
1800 437 1870 463 κατὰ
1880 436 1921 464 τό’

1138 483 1206 509 (Καὶ
1220 483 1300 514 αὐτὸς
1315 482 1459 518 προσδοκία
1474 481 1568 508 ἐθνῶν.
1586 491 1594 506 ι
1620 482 1666 513 Τίς
1686 482 1707 508 δ’
1719 482 1768 508 οὐκ
1781 481 1813 508 ἂν
1825 482 1921 517 ὁμολο-

1135 530 1226 564 γήσειε
1256 528 1342 555 ταῦτα
1371 527 1441 554 οὕτω
1469 527 1562 559 σαφῶς
1588 527 1634 553 ὲπὶ
1666 528 1698 562 τῇ
1724 527 1770 553 τοῦ
1796 527 1921 563 Σωτῆρος

1134 574 1211 608 ἡμῶν
1232 573 1377 608 ἐπιφανείᾳ
1403 572 1617 608 πεπληρῶσθαι;
1643 573 1686 599 ὅτε
1710 573 1734 599 οἱ
1759 572 1842 599 πάλαι
1866 573 1919 608 πρὸ

1133 621 1182 655 τῆς
1204 620 1250 646 τοῦ
1267 620 1383 656 Χριστοῦ
1408 620 1540 654 γενέσεως
1555 620 1598 645 ἐπ’
1614 619 1724 650 οἰκείοις
1740 619 1852 656 ἄρχουσι
1874 621 1921 646 καὶ

1132 667 1307 702 ἡγουμένοις,
1331 667 1378 693 καὶ
1400 667 1517 696 συνετοῖς
1532 665 1585 691 τῶν
1600 665 1678 691 θείων
1700 665 1920 700 ἀναγνωσμάτων

1132 713 1289 749 ἀκροαταῖς,
1314 712 1451 747 βασιλεῦσί
1473 720 1502 738 τε
1531 711 1602 743 ἰδίοις
1624 712 1670 738 καὶ
1693 711 1850 748 ἀρχιερεῦσι
1872 712 1919 739 καὶ

1133 760 1284 794 προφήταις
1311 758 1546 794 λαμπρυνόμενοι,
1578 758 1646 792 αὐτή
1679 766 1707 783 τε
1733 757 1815 793 ἡτοῦ
1835 757 1920 784 Ἰούδα

1133 804 1202 840 φυλὴ
1217 804 1340 839 βασιλικὴ
1362 802 1440 836 οὖσα,
1454 803 1507 829 τῶν
1525 802 1628 838 ἐχθρῶν
1644 803 1690 829 καὶ
1708 802 1842 838 πολεμίων
1859 803 1918 829 ὲπι-

1133 850 1283 885 κρατοῦσα,
1307 849 1479 885 κατάρχουσά
1494 857 1523 875 τε
1538 849 1584 875 καὶ
1600 848 1736 883 ἡγουμένη
1751 847 1797 874 τοῦ
1820 849 1918 879 παντὸς

296 899 380 933 patio,
401 898 503 925 Christi
521 898 663 932 imperium
693 901 719 924 et
732 905 856 932 regnum,
881 906 935 925 non
951 898 1023 933 quod
1053 899 1079 925 in

1131 897 1233 928 ἔθνους,
1250 896 1276 922 οἵ
1291 905 1319 922 τε
1334 897 1362 922 ὲν
1380 896 1471 927 αὐτοῖς
1487 895 1570 922 πάλαι
1582 894 1787 930 διαπρέποντες,
1801 894 1830 928 ἐξ
1847 894 1918 921 ἐκεί-

295 945 388 977 Israel,
406 944 452 972 sed
470 944 541 979 quod
557 945 583 970 in
600 944 726 970 omnibus
742 944 867 979 gentibus
883 943 1078 978 dominaretur,

292 991 370 1025 juxta
385 990 469 1018 illud:
498 1000 506 1015 ι
524 990 556 1016 Ει
581 990 638 1025 ipse
665 990 830 1024 exspectatio
846 991 976 1025 gentium.
998 1001 1007 1016 ι
1026 990 1079 1018 Sed

294 1037 356 1071 quis
386 1044 438 1064 non
457 1036 535 1072 plane
562 1035 689 1068 fateatur,
703 1036 793 1063 omnia
807 1035 865 1063 haec
883 1036 910 1063 in
927 1036 1079 1064 Salvatoris

295 1083 382 1110 nostri
395 1083 513 1110 adventu
529 1082 663 1117 completa
676 1083 755 1110 esse?
783 1081 922 1117 Siquidem
952 1084 999 1118 qui
1017 1087 1079 1111 ante

294 1129 397 1157 Christi
423 1133 512 1156 ortum
528 1128 685 1155 domesticis
711 1128 878 1162 principibus
898 1136 929 1155 ae
953 1128 1078 1161 ducibus,

293 1180 320 1203 et
334 1175 480 1203 solertibus
492 1174 644 1201 divinarum
661 1174 808 1201 lectionum
824 1173 1006 1206 auditoribus,
1021 1175 1079 1202 suis

293 1223 357 1249 item
375 1220 493 1256 propriis
516 1220 624 1254 regibus
647 1223 673 1246 et
695 1219 871 1253 pontiﬁcibus
895 1224 922 1247 et
939 1221 1079 1255 prophetis

293 1267 490 1302 gloriabantur,
509 1273 623 1300 quaeque
647 1265 711 1291 olim
728 1265 826 1300 regalis
843 1273 904 1292 cum
919 1270 1002 1297 esset,
1021 1271 1078 1293 tttm

293 1320 358 1340 suos
371 1312 465 1340 hostes
481 1316 561 1346 atque
574 1312 699 1339 inimicos
713 1311 867 1346 superabat,
880 1315 937 1338 tum
946 1319 1002 1339 sum
1013 1320 1078 1346 gen-

293 1359 327 1386 tis
357 1358 490 1385 universa:
518 1357 644 1393 princeps
669 1362 696 1384 et.
727 1358 780 1385 dux
806 1358 964 1389 exsistebat,
992 1359 1078 1385 tribus

291 1404 371 1431 Juda.
382 1403 534 1435 Postremo,
548 1403 703 1438 quicunque
719 1403 790 1430 inter
801 1403 862 1430 illos
877 1403 1013 1438 quondam
1031 1412 1079 1431 ex-

293 1449 435 1480 cellebant,
450 1457 483 1477 ex
500 1449 546 1476 illo
562 1449 594 1476 ad
617 1449 690 1475 hunc
703 1456 790 1484 usque
806 1448 876 1475 diem
892 1448 1078 1477 Romanistri-

294 1495 390 1522 butarii
408 1494 483 1523 facti.
499 1497 594 1529 parent
607 1502 640 1521 ac
655 1495 786 1522 serviunt.
801 1493 884 1522 Plane
905 1495 977 1522 cnitn
998 1495 1078 1522 Citri—

292 1545 352 1568 stus
365 1540 412 1568 Dei
424 1539 568 1568 videndum
590 1548 620 1568 se
637 1540 761 1576 prtebuit.
783 1541 871 1576 Atque
894 1549 926 1568 ex
943 1542 999 1573 illo,
1017 1550 1077 1577 qua:

290 1585 432 1612 dicebatur
456 1585 624 1620 exspectatio
653 1587 783 1621 gentium,
802 1587 930 1614 omnibus
949 1588 1074 1623 gentibus

290 1631 379 1666 palam
395 1631 519 1658 nuntiata
541 1635 593 1659 est.
607 1636 659 1659 aut
675 1632 748 1659 dicat
770 1633 835 1659 tnihi
849 1633 958 1667 aliquis,
983 1638 1074 1661 utrum

292 1678 319 1704 in
337 1676 453 1705 adventu
464 1677 528 1705 Iesu
543 1677 691 1706 Salvatoris
702 1679 788 1706 nostri
801 1699 808 1710 ,
823 1687 991 1714 quaecunque
1003 1681 1074 1714 apud

290 1722 418 1751 Hebrzeos
446 1723 615 1759 majestatem
647 1725 764 1759 aliquam
792 1724 938 1757 haberent.
967 1733 1073 1753 necnon

290 1773 375 1797 mater
391 1769 511 1805 ipsorum
529 1770 625 1797 civitas
643 1778 696 1797 una
712 1778 773 1797 eum
792 1771 902 1805 templo,
918 1775 944 1798 et
956 1779 989 1798 eo
1001 1772 1073 1805 quod

289 1817 316 1844 in
331 1818 432 1852 templo
447 1817 636 1844 celebrabatur
654 1818 789 1845 sacriiicio
799 1839 805 1851 ,
823 1825 939 1852 eumque
947 1818 1074 1845 domesti-

286 1862 328 1889 cis
343 1862 458 1889 ducibus
474 1869 506 1889 ac
522 1862 690 1897 principibus
706 1871 760 1889 non
771 1862 930 1894 defecerint,
946 1867 972 1890 et.
982 1867 1072 1889 utrum

288 1915 347 1944 qua:
362 1907 389 1934 in
404 1915 451 1942 spe
466 1907 553 1942 posita
575 1911 663 1939 erant,
691 1908 868 1943 gentiumque
887 1916 948 1943 quae
969 1909 996 1935 in
1015 1912 1072 1935 toto

288 1954 353 1981 orbe
382 1957 485 1985 essent,
509 1955 694 1989 exspectatio,
717 1962 751 1981 ex
776 1954 822 1981 illo
839 1958 960 1989 tempore
990 1962 1072 1989 appa-

289 1997 401 2030 ruerint,
433 1998 541 2033 quando
572 1998 654 2025 etiam
666 2006 709 2029 ea,
730 2006 790 2033 quae
818 1997 932 2026 Domino
954 1999 1071 2033 reposita

287 2045 375 2075 erant,
388 2047 529 2070 venerunt.
546 2043 598 2070 Sed
607 2051 666 2078 qua:
674 2042 782 2070 tandem
795 2042 852 2070 haec
863 2043 984 2070 habenda
996 2048 1069 2074 sunt,

287 2087 339 2116 nisi
353 2095 384 2115 ea
399 2096 459 2123 quae
472 2089 590 2116 continet
602 2089 741 2116 oraculum
760 2089 865 2116 illud?t
879 2088 960 2120 Iuda,
972 2092 999 2116 te
1014 2089 1071 2115 lau-

287 2133 389 2161 dabunt
404 2133 500 2162 fratres
516 2134 565 2164 tui,
584 2142 681 2162 manus
696 2138 749 2161 tua:
766 2135 878 2168 intergo
895 2134 1070 2162 inimicorum

287 2184 407 2210 tuorum.
435 2179 541 2206 catulus
568 2179 655 2207 leonis
679 2179 760 2211 Juda,
777 2179 810 2207 de
823 2180 955 2214 germine,
970 2179 1007 2207 illi
1023 2181 1069 2212 mi,

287 2225 446 2257 ascendisti,
461 2225 621 2252 recumbens
634 2225 787 2252 dormivisti
807 2228 836 2251 ut
860 2225 912 2257 leo,
937 2229 964 2252 et
980 2230 1008 2252 ut
1023 2234 1069 2253 ca-
1085 2245 1106 2272 Β

286 2271 360 2299 Iulus
375 2271 470 2303 leonis,
486 2271 548 2305 quis
562 2271 691 2298 excitabit
702 2271 784 2299 eum?
797 2281 806 2297 ›
819 2272 902 2308 376
918 2272 980 2299 Haec
995 2273 1068 2300 enim

284 2317 338 2344 alio
347 2324 429 2344 sensu
444 2324 475 2344 ea
488 2320 562 2348 sunt,
581 2324 640 2351 qua:
656 2316 694 2343 illi
705 2317 825 2352 reposita
840 2323 928 2351 erant,
939 2327 999 2353 quae
1011 2319 1068 2354 ipsa

284 2369 393 2396 quoque
415 2362 472 2396 jam
490 2365 597 2396 tempus
617 2365 658 2388 est
679 2366 707 2388 ut
727 2364 952 2398 contemplemur,
971 2364 993 2391 si
1016 2365 1068 2392 hoc

285 2408 401 2443 primum
417 2407 612 2435 attenderimus
628 2407 781 2443 diligenter,
798 2410 881 2437 variis
897 2409 1067 2444 diversisque

284 2453 423 2481 Christum
446 2453 602 2481 nominibus
616 2453 708 2481 divina
723 2455 832 2482 oracula
848 2455 984 2490 appellare
997 2463 1048 2482 con
1058 2470 1064 2475 -

283 2500 415 2528 suevisse.
434 2499 501 2526 Nam
524 2499 605 2527 tnodo
622 2499 697 2527 illum
718 2505 815 2528 vocant
829 2500 912 2528 Jacob
931 2511 936 2528 :
955 2510 964 2526 ι
982 2500 1065 2528 Iacob

283 2553 350 2581 puer
374 2553 461 2577 meus,
486 2545 633 2581 suscipiam
656 2554 728 2578 eum,
751 2546 833 2574 lsrael
859 2547 962 2574 electus
978 2555 1064 2578 meus,

283 2591 403 2625 suscepit
421 2599 482 2618 eum
504 2591 594 2618 anima
621 2592 835 2626 mea,judieium
853 2593 979 2627 gentibus
1001 2600 1064 2627 pro-

284 2635 392 2668 feret",
412 2646 420 2661 ι
437 2640 464 2663 et
480 2644 539 2672 qua:
562 2641 724 2672 sequuntur;
740 2638 838 2673 quibus
862 2638 894 2664 ad
915 2642 1063 2666 extremum

284 2680 349 2708 illud
366 2681 474 2709 additur
491 2691 496 2708 :
516 2691 525 2707 ι
546 2682 634 2710 Donec
655 2688 738 2718 ponat
753 2684 779 2710 in
794 2688 864 2711 terra
875 2684 1019 2719 judicium,
1037 2688 1064 2711 ct

284 2724 312 2751 in
329 2725 436 2751 nomine
446 2725 505 2759 ejus
514 2731 607 2761 gentes
615 2728 762 2762 sperabunt
770 2727 806 2760 ";
818 2738 826 2753 ι
845 2728 924 2755 modo
938 2728 1062 2756 eumdem

283 2767 454 2798 Salomonem
476 2775 502 2798 et
522 2772 606 2799 David
630 2774 786 2806 nominant,
805 2773 976 2803 Salomonem
1001 2774 1063 2810 qui-

315 2870 340 2889 “
358 2870 497 2906 Ιετιηηιι,
518 2872 541 2900 l.
580 2873 601 2888 “
620 2872 685 2901 ibid.
703 2874 728 2901 4.

1089 1565 1109 1594 C

1131 951 1177 969 νου
1193 942 1239 968 καὶ
1252 942 1290 973 εἰς
1304 941 1383 976 δεῦρο
1394 941 1538 975 Ῥωμαίοις
1554 939 1691 971 ὑποτελεῖς
1706 939 1918 976 καθεστήκασιν.

1138 987 1273 1022 Ἐπεφάνη
1296 987 1350 1022 γὰρ
1371 986 1462 1020 σαφῶς
1487 987 1500 1012 ὁ
1515 986 1630 1021 Χριστὸς
1653 985 1700 1012 τοῦ
1722 985 1800 1017 Θεοῦ,
1824 985 1871 1012 καὶ
1887 985 1918 1017 ἐξ

1131 1034 1234 1060 ἐκείνου
1254 1035 1270 1068 ἡ
1283 1033 1415 1068 λεγομένη
1439 1032 1586 1068 προσδοκὶα
1601 1032 1654 1058 τῶν
1672 1031 1755 1058 ὲθνῶν
1771 1032 1811 1064 εἰς
1828 1031 1918 1058 πάντα

1130 1080 1164 1105 τὰ
1180 1079 1242 1114 ἔθνη
1259 1080 1486 1114 ἁνακεκήρυκται.
1510 1079 1545 1104 Ἢ
1558 1078 1661 1112 λεγέτω
1681 1087 1732 1109 τις,
1747 1079 1771 1104 εί
1790 1077 1827 1114 μὴ
1846 1077 1919 1105 κατὰ

1131 1125 1178 1160 τὴν
1198 1124 1358 1159 ἐπιφάνειαν
1377 1123 1464 1158 Ἰησοῦ
1485 1123 1532 1150 τοῦ
1553 1124 1676 1159 Σωτῆρος
1701 1124 1787 1159 ἡμῶν,
1809 1123 1844 1150 τὰ
1868 1123 1918 1159 μὲν

1131 1170 1206 1206 παρὰ
1225 1170 1360 1202 Ἰουδαίοις
1378 1169 1473 1204 σεμνὰ,
1490 1170 1507 1204 ἦ
1523 1178 1551 1195 τε
1566 1170 1730 1205 μητρόπολις
1754 1169 1842 1196 αὐτῶν
1858 1170 1917 1206 ἅμα

1130 1216 1168 1251 τῷ
1190 1216 1268 1251 ἱερῷ,
1287 1216 1333 1242 καὶ
1355 1217 1386 1251 τῇ
1405 1216 1433 1241 ἐν
1453 1215 1538 1249 τούτῳ
1559 1215 1755 1251 συντελουμένῃ
1779 1215 1915 1251 ἁγιστεὶξ,

1132 1263 1199 1298 μετὰ
1220 1263 1267 1289 καὶ
1286 1262 1338 1288 τῶν
1356 1261 1462 1288 οἰκείων
1483 1261 1641 1296 ἡγουμένων
1662 1269 1691 1286 τε
1708 1262 1754 1287 καὶ
1778 1261 1917 1296 ἀρχόντων

1129 1308 1311 1334 διαλέλοιπεν·
1340 1307 1523 1334 ἁναδέδεικται
1556 1307 1584 1333 δὲ
1616 1306 1646 1339 ἐξ
1679 1307 1782 1333 ἐκείνου
1808 1306 1843 1333 τὰ
1867 1307 1918 1342 τῆς

1130 1353 1244 1386 ἐλπίδος,
1261 1354 1307 1380 καὶ
1323 1354 1470 1389 προσδοκία
1482 1354 1534 1380 τῶν
1551 1352 1634 1379 ἐθνῶν
1649 1352 1702 1379 τῶν
1716 1352 1776 1379 καθ’
1791 1352 1854 1388 ὅλης
1866 1353 1916 1387 τῆς

1129 1400 1306 1434 οἰκουμένης,
1335 1400 1380 1426 ὅτε
1412 1400 1459 1426 καὶ
1484 1398 1595 1434 ἐλήλυθε
1626 1398 1660 1424 τὰ
1685 1398 1853 1433 ἀποκείμενα
1876 1398 1916 1434 τῷ

1130 1445 1232 1480 Κυρὶῳ.
1246 1446 1312 1471 Τίνα
1325 1445 1352 1472 δὲ
1370 1445 1386 1480 ἢ
1406 1445 1439 1471 τὰ
1459 1445 1609 1480 δηλούμενα
1623 1444 1666 1470 διὰ
1681 1444 1738 1470 τοῦ·
1755 1454 1763 1468 ι
1776 1444 1869 1475 Ἰούδα,
1885 1444 1915 1471 σε

1129 1490 1278 1518 σίνέσουσιν
1292 1491 1315 1517 οἱ
1331 1490 1439 1524 ἀδελφοί
1461 1499 1522 1522 σου,
1545 1491 1572 1516 αἱ
1587 1490 1676 1526 χεῖρές
1693 1498 1738 1516 σου
1765 1489 1811 1516 ἐπὶ
1828 1489 1914 1516 νώτου

1128 1536 1182 1563 τῶν
1192 1536 1295 1571 ἐχθρῶν
1308 1544 1363 1563 σου.
1377 1536 1497 1571 Σκύμνος
1509 1537 1613 1568 λέοντος
1625 1535 1718 1568 Ἰούδα,
1740 1537 1772 1562 ἐκ
1785 1535 1913 1570 βλαστοῦ,

1127 1583 1169 1609 υἱέ
1198 1589 1258 1615 μου,
1279 1582 1386 1617 ἁνέὃης.
1411 1581 1565 1609 Ἀναπεσὼν
1597 1581 1745 1616 ἐκοιμήθης
1768 1580 1806 1613 ὡς
1833 1580 1914 1613 λέων,

1125 1628 1171 1654 καὶ
1186 1627 1224 1659 ὡς
1241 1626 1358 1662 σκύμνος
1380 1627 1494 1659 λέοντος.
1510 1628 1557 1659 Τίς
1576 1629 1666 1662 ἐγερεῖ
1681 1627 1776 1659 αὖτόν;
1790 1637 1800 1653 ι
1819 1625 1913 1654 Ταῦτα

1125 1673 1178 1709 γὰρ
1202 1673 1262 1700 καθ’
1279 1673 1375 1708 ἑτέραν
1403 1673 1521 1700 διάνοιαν
1543 1673 1578 1700 τὰ
1599 1673 1673 1708 αὐτῷ
1694 1673 1877 1708 ἀποκείμενα·
1894 1672 1914 1700 ἃ

1124 1720 1170 1747 καὶ
1184 1720 1263 1753 αὐτὰ,
1280 1720 1357 1755 φέρε,
1373 1721 1594 1756 κατανοήσωμεν,
1619 1720 1728 1755 πρῶτον
1742 1719 1830 1755 τούτῳ
1850 1719 1913 1746 ὲπι-

1124 1768 1280 1802 στήσαντες,
1299 1767 1336 1798 ὡς
1357 1767 1493 1803 διαφόροις
1503 1767 1547 1794 τὸν
1563 1767 1679 1803 Χριστὸν
1698 1767 1811 1802 ὀνόμασι
1825 1774 1912 1802 προσ-

1123 1813 1263 1847 αγορεύειν
1285 1811 1411 1838 εἰώθασιν
1430 1813 1454 1838 οἱ
1485 1813 1549 1838 θεῖοι
1567 1811 1695 1847 χρησμοί.
1712 1811 1778 1837 Τοτὲ
1796 1811 1844 1846 μὲν
1857 1810 1912 1846 γὰρ

1123 1858 1203 1884 αὑτὸν
1219 1858 1345 1884 καλοῦσιν
1366 1858 1473 1884 Ἰακὼ6’
1497 1857 1613 1884 «Ἰακὼό
1635 1859 1649 1884 ὁ
1670 1859 1733 1889 παῖς
1756 1866 1817 1892 μου,
1833 1858 1911 1884 ἀντι-

1122 1904 1241 1939 λήψομαι
1258 1904 1351 1936 αὑτοῦ,
1366 1904 1474 1940 Ἰσραὴλ
1490 1906 1503 1930 ὁ
1517 1904 1642 1936 ἐκλεκτός
1655 1913 1716 1939 μου,
1731 1903 1912 1940 προσεδέξατο

1122 1950 1201 1977 αὑτὸν
1221 1951 1237 1985 ἡ
1255 1950 1326 1985 ψυχή
1353 1959 1413 1985 μου·
1441 1951 1529 1985 κρίσιν
1557 1952 1613 1982 τοῖς
1640 1950 1743 1977 ἔθνεσιν
1769 1950 1880 1983 ἐξοίσει,
1898 1959 1909 1976 ι

1122 1996 1168 2022 καὶ
1176 1996 1210 2022 τὰ
1224 1995 1296 2030 ἑξῆς·
1308 1993 1348 2027 οἷς
1365 1995 1507 2031 ἐπείρηται
1517 2005 1523 2010 -
1540 2005 1548 2020 ι
1565 1996 1636 2027 Ἕως
1650 1995 1681 2022 ἂν
1694 1995 1726 2031 θῇ
1740 1997 1786 2022 ἐπὶ
1794 1996 1844 2030 τῆς
1856 1994 1910 2030 γῆς

1122 2043 1221 2078 κρίσιν,
1239 2044 1285 2069 καὶ
1302 2044 1348 2069 ἐπὶ
1362 2042 1401 2077 τῷ
1417 2043 1527 2077 ὀνόματι
1552 2042 1634 2069 αὑτοῦ
1659 2042 1722 2078 ἔθνη
1738 2041 1860 2068 ἐλπιοῦσι
1871 2051 1879 2058 ·
1895 2053 1906 2068 ι

1121 2089 1180 2115 τοτὲ
1198 2089 1226 2115 δὲ
1245 2089 1325 2115 αὑτὸν
1339 2089 1482 2124 Σολομῶνα
1501 2081 1547 2114 καὶ
1561 2088 1642 2115 Δαῦὶδ
1667 2088 1827 2124 ὀνομάζουσι
1837 2096 1845 2104 ⁸
1860 2088 1910 2114 Σο-

1121 2135 1228 2169 λομῶνα
1244 2135 1303 2169 μὲν,
1319 2135 1357 2166 ὼς
1377 2136 1405 2161 ἐν
1421 2138 1458 2160 οα’
1475 2134 1586 2169 ψαλμῷ,
1607 2134 1837 2170 ἐπιγεγραμμένῳ
1858 2134 1909 2169 μὲν

1121 2182 1172 2213 Εἰς
1183 2180 1352 2214 Σολομῶνα,
1368 2181 1459 2214 σαφῶς
1466 2181 1493 2207 δὲ
1508 2180 1542 2207 τὰ
1558 2180 1620 2216 περὶ
1634 2180 1680 2206 τοῦ
1697 2179 1814 2216 Χριστοῦ
1830 2188 1908 2216 περι-

1120 2226 1207 2260 έχοντι
1218 2234 1224 2240 ”
1247 2225 1277 2251 τὸ
1292 2225 1356 2261 γὰρ,
1372 2235 1380 2250 ι
1394 2225 1608 2260 Κατακυριευσει
1625 2223 1677 2251 ἀπὸ
1700 2223 1836 2258 θαλάσσης
1853 2223 1908 2254 ἓως

1121 2272 1267 2306 θαλάσσης.
1284 2272 1330 2298 καὶ
1343 2272 1396 2298 ἀπὸ
1411 2271 1531 2307 ποταμοῦ
1546 2271 1597 2303 ἕως
1608 2270 1731 2306 περάτων
1750 2269 1799 2304 τῆς
1817 2269 1908 2295 οἰκου-

1121 2318 1213 2353 μένης,
1232 2318 1277 2343 καὶ
1291 2317 1378 2344 πάντα
1393 2317 1456 2352 ἔθνη
1475 2316 1660 2343 δουλεύσουσιν
1675 2314 1757 2350 αὐτῷ,
1771 2324 1779 2339 ι
1795 2315 1842 2341 καὶ
1855 2314 1906 2341 ὅσα

1117 2362 1222 2394 τούτοις
1246 2362 1309 2398 ἑξῆς
1333 2363 1347 2388 ὁ
1367 2362 1472 2397 eam;
1494 2362 1624 2397 περιέχει,
1641 2362 1720 2396 ’μόνῳ
1740 2359 1778 2395 τῷ
1794 2359 1906 2395 Χριστῷ

1118 2409 1231 2445 ἁρμόζοι
1249 2409 1296 2435 ἄν·
1313 2410 1394 2436 Δαϐὶδ
1414 2409 1442 2436 δὲ
1454 2409 1482 2435 ἐν
1496 2412 1540 2443 πη¹
1551 2408 1650 2443 ψαλμῷ
1663 2408 1741 2434 πάλιν
1761 2407 1776 2433 6
1787 2406 1906 2443 Χριστὸς

1116 2453 1294 2489 ἀνηγόρευται
1304 2462 1311 2468 ο
1326 2453 1385 2480 ἐπεὶ
1401 2453 1437 2488 μὴ
1456 2453 1494 2488 τῷ
1510 2453 1601 2484 Δαῧὶδ,
1620 2452 1692 2488 μόνῳ
1707 2452 1735 2478 δὲ
1747 2450 1821 2486 αὐτῷ
1837 2459 1905 2477 κατ-

1118 2500 1219 2535 άλληλα
1236 2500 1268 2526 ἂν
1285 2501 1326 2535 εἴη
1345 2499 1392 2526 καὶ
1416 2499 1451 2525 τὰ
1474 2500 1502 2525 ἐν
1520 2499 1607 2534 τούτῳ
1623 2498 1772 2533 λεγόμενα,
1789 2494 1845 2523 οἷον
1863 2496 1906 2523 τό·

1122 2547 1226 2578 (Αὐτὸς
1248 2545 1438 2572 ἐπικαλέσεταί
1457 2554 1505 2581 με’
1527 2546 1620 2580 Πατήρ
1643 2553 1692 2580 μου
1712 2542 1736 2570 εἴ
1757 2543 1800 2575 σὺ,
1825 2542 1907 2577 κάγὼ

1115 2592 1286 2628 πρωτότοκον
1299 2591 1416 2626 θήσομαι
1436 2591 1525 2623 αὑτὸν,
1543 2591 1642 2626 ὑψηλὸν
1661 2589 1735 2625 παρὰ
1751 2590 1807 2620 τοῖς
1828 2588 1908 2623 βασι-

1115 2638 1189 2664 λεῦσι
1203 2638 1252 2672 τῆς
1263 2639 1324 2672 γῆς.
1350 2637 1396 2668 Εἰς
1413 2637 1457 2663 τὸν
1471 2637 1556 2663 αἰῶνα
1571 2635 1679 2671 φυλάξω
1695 2634 1769 2669 αὐτῷ
1784 2635 1815 2660 τὸ
1829 2633 1906 2665 ἔλεός

1117 2693 1166 2720 μου
1176 2692 1183 2699 ο
1201 2693 1209 2709 ι
1228 2684 1274 2710 καὶ
1292 2683 1371 2709 πάλιν
1381 2692 1387 2698 ·
1409 2692 1418 2708 ‹
1433 2683 1469 2709 Τὸ
1484 2682 1594 2719 σπέρμα
1605 2679 1687 2708 αὗτοῦ
1703 2682 1743 2712 εἰς
1758 2680 1802 2707 τὸν
1816 2680 1905 2707 αἰῶνα

1117 2730 1201 2764 μενεῖ,
1219 2729 1266 2755 καὶ
1287 2729 1301 2754 ὁ
1320 2728 1412 2764 θρόνος
1436 2727 1516 2754 αὑτοῦ
1532 2727 1569 2758 ὡς
1586 2727 1600 2753 ὁ
1616 2726 1690 2761 ἥλιος
1705 2725 1824 2752 ἐναντίον
1838 2733 1903 2760 μου,

1115 2775 1160 2801 καὶ
1181 2775 1218 2806 ὡς
1241 2775 1257 2810 ὴ
1279 2774 1376 2809 σελήνη
1408 2772 1612 2809 κατηρτισμένη
1633 2772 1673 2804 εἰς
1703 2771 1748 2798 τὸν
1775 2770 1873 2798 αἰῶνα.
1891 2780 1902 2796 ι
