2089 3218
195 191 248 219 589

636 186 963 216 DEMO‘SSTRATIONIS
981 186 1211 215 EVANGELlC/E
1232 187 1296 214 LIB.
1319 187 1386 215 Vlll.

1768 188 1821 216 590

195 249 287 281 ιὶΰτως
306 246 353 275 οὖν
369 248 439 284 μετὰ
463 248 567 284 μυρίων
587 247 675 275 ἄλλων
696 248 743 274 τοῦ
757 247 876 283 Χριστοῦ
896 255 981 283 προσ-

1036 248 1104 280 dem,
1120 251 1151 274 ut
1165 247 1191 274 in
1209 255 1272 274 uxr
1288 248 1403 283 psalmo,
1420 247 1464 283 qui
1482 246 1515 273 In
1529 245 1696 274 Salomonem
1712 241 1821 283 quidem

195 294 324 330 ηγοριῶν,
336 294 370 321 δι’
385 291 425 321 ὧν
438 294 518 321 αὑτὸν
534 295 558 320 οἱ
573 293 639 320 θεῖοι
658 293 732 327 λόγοι
747 293 920 328 σημαίνουσι,
935 294 983 320 καὶ

199 340 298 372 Ἰούδας
314 340 414 375 ὁμοίως
429 340 472 367 διὰ
488 339 541 366 τῶν
556 340 744 375 προκειμένων
756 339 915 375 ἀνειρῆσθαι
938 339 984 365 δύ-

197 394 282 418 ναται,
288 388 329 413 ὅτι
337 386 383 413 καὶ
392 386 424 412 ὲκ
432 386 481 421 τῆς
489 386 572 412 Ἰούδα
580 386 673 420 γέγονε
685 386 780 420 φυλῆς.
788 385 922 421 Πρόδηλον
930 385 982 420 γὰρ

196 431 266 459 κατὰ
278 431 324 458 τὸν
341 431 510 464 Ἀπόστολον,
526 432 567 457 ὃτι
581 433 612 458 ὲκ
626 431 710 467 φυλῆς
730 431 814 457 Ἰούδα
834 431 982 457 ἀνατέταλ-

196 485 242 503 κεν
259 472 381 512 ὄΣωτὴρ
404 477 451 502 καὶ
465 476 566 511 Κύριος
584 476 671 511 ἡμῶν.
691 475 783 511 Τούτῳ
796 476 827 511 δὴ
847 473 892 502 οὖν
912 475 983 501 κατά

194 523 311 550 διάνοιαν
325 523 363 558 τῷ
376 523 461 550 Ἰούδα
472 523 641 558 ἀποκείμενα
654 521 687 558 ἦν
699 523 733 549 τὰ
747 522 981 558 προφητευόμενα.

195 570 262 597 Τίνα
276 570 303 596 δὲ
320 568 354 605 ἦν
366 569 471 601 uim;
496 569 603 605 πρῶτον
628 569 677 604 μὲν
693 568 723 595 τδ
739 569 913 604 ἐπαινεθῆναι
930 568 982 595 ὑπὸ

194 615 248 642 τῶν
278 614 398 649 ἀδελφῶν
429 615 526 641 αὐτοῦ’
564 615 689 651 δεύτερον
712 615 782 642 κατὰ
815 615 899 642 νώτου
930 617 983 643 τῶν

195 660 298 696 ἐχθρῶν
310 660 390 687 αὑτοῦ
401 660 450 692 τὰς
458 662 552 696 χεῖρας
566 660 702 687 ἐπιϐαλεῖν
711 670 717 676 ·
732 660 821 697 τρίτον
830 670 984 697 προσκυνη-

195 705 272 740 θῆναι
283 705 334 732 ὑπὸ
343 704 397 732 τῶν
414 705 480 732 υἱῶν
491 705 536 731 τοῦ
549 705 651 741 πατρὸς
665 705 758 733 αὐτοῦ.
771 707 803 732 "A
822 706 868 732 καὶ
892 706 983 738 τέλους

194 751 340 787 ἐτύγχανεν
349 752 465 788 ὁπηνίκα
473 751 541 783 τέως
554 752 602 786 μὲν
611 752 659 783 τὰς
670 752 835 787 παραδόξους
842 752 981 788 δυνάμεις,

194 798 240 824 καὶ
261 798 296 824 τὰ
322 798 452 834 τεράστια
487 797 614 833 θαύματα.
646 798 777 824 ἐπιτελῶν
801 798 981 834 ἐθαυμάζετο,

194 845 241 871 καὶ
257 845 398 879 ἐπῃνεῖτο,
427 845 474 870 καὶ
499 845 693 879 προσεκπυνείτο
719 844 785 880 πρὸς
805 844 860 871 ⁹ξῶν
886 844 982 871 ἑαυτοῦ

195 885 321 924 μαθητῶν
338 898 367 915 τε
385 890 432 915 καὶ
443 889 607 921 ἀποστόλων,
634 889 681 922 οὒς
701 891 746 916 καὶ
767 890 898 924 ἀδελφοὺς
914 891 982 917 ἀπο-

1036 293 1185 328 inscriptus
1200 298 1253 325 est,
1271 294 1351 329 plane
1366 297 1456 321 autem
1471 301 1531 328 quae
1545 294 1578 321 ad
1594 293 1735 322 Christum
1750 294 1822 322 refe-

1035 340 1119 367 renda
1143 343 1218 372 sunt,
1241 341 1372 367 continet.
1388 339 1455 367 lllud
1475 339 1547 366 enim
1564 349 1570 366 :
1594 349 1602 365 ι
1621 339 1654 366 Et.
1667 340 1821 368 dominabi-

1035 390 1080 411 tur
1095 393 1109 411 a
1122 386 1189 412 mari
1208 393 1294 420 usque
1309 385 1343 412 ad
1362 393 1446 417 mare,
1463 389 1489 412 et
1514 392 1528 411 a
1547 384 1659 412 flumine
1683 393 1770 421 usque
1786 386 1821 413 ad

1036 432 1104 459 fines
1118 432 1192 459 orbis
1208 437 1297 464 terrae,
1318 436 1345 459 et
1359 440 1453 459 omnes
1469 435 1563 467 gentes
1579 431 1698 459 servient
1710 432 1735 459 ei
1752 432 1785 464 ‘1,
1810 441 1820 458 ι

1034 483 1061 506 et
1071 487 1240 514 quazcunque
1251 484 1311 514 post
1326 479 1384 514 ipsa
1400 479 1456 506 limo
1470 478 1599 514 deinceps
1615 477 1741 506 Psalmus
1755 486 1823 506 con-

1035 525 1113 557 tinet,
1129 525 1175 551 uni
1191 525 1285 559 utique
1300 525 1411 552 Christo
1425 528 1490 552 sunt
1506 524 1749 552 accommodanda.
1768 524 1822 551 Da-

1034 570 1078 597 vid
1095 578 1159 598 vero
1174 578 1270 598 rursus
1288 571 1438 605 appellatus
1458 575 1499 598 est
1514 570 1651 602 Christus,
1668 570 1696 597 in
1715 570 1822 605 psalmo

1035 625 1168 649 LXXXVIII,
1196 616 1416 651 quandoquidem
1432 623 1566 651 nusquam
1588 616 1639 651 ipsi
1661 615 1756 648 David.
1774 616 1821 644 sed

1036 663 1082 690 uni
1099 663 1148 694 illi,
1164 671 1224 698 quae
1237 663 1264 689 in
1286 663 1335 689 hoc
1354 663 1417 689 item
1435 661 1574 695 dicuntur,
1591 663 1740 690 convenire
1757 671 1823 698 pos-

1035 712 1109 741 sunt,
1126 709 1208 736 veluti
1223 709 1289 735 illud
1309 718 1315 735 :
1337 717 1346 733 ι
1367 708 1426 742 Ipse
1447 708 1555 735 vocabit
1570 716 1630 736 me:
1647 707 1728 736 Pater
1743 717 1822 736 meus

1034 763 1064 782 es
1079 759 1118 786 ιιι,
1137 760 1164 782 et
1178 763 1228 789 ego
1240 754 1450 789 primogenitum
1475 761 1573 789 ponam
1590 762 1664 786 eum,
1683 755 1821 782 excelsum

1035 809 1090 837 pra:
1103 802 1211 836 regibus
1230 805 1319 832 terrae,
1335 801 1362 827 in
1377 804 1508 828 mternum
1529 800 1644 828 servabo
1657 800 1693 827 illi
1715 801 1822 828 miseri—

1035 847 1155 874 cordiam
1180 854 1267 873 meam
1281 847 1314 873 ⁸⁸.
1337 856 1346 872 ι
1369 846 1402 872 Et
1428 853 1544 873 rursus:
1566 855 1575 871 ι
1596 845 1693 873 Semen
1718 847 1778 881 ejus
1794 847 1822 874 in

1034 897 1165 920 :eternum
1182 896 1283 924 manet,
1299 897 1326 920 et
1342 892 1420 919 sedes
1437 892 1497 927 ejus
1519 896 1548 918 ut
1566 892 1607 919 sol
1629 892 1655 918 in
1671 897 1821 927 conspectu

194 936 286 962 καλεῖν
302 936 351 962 οὐκ
366 935 446 962 ὤκνει
459 956 466 967 ,
484 936 527 962 διὰ
546 936 594 971 μὲν
611 935 655 963 τοῖ’
669 936 775 971 ψαὶμοῦ
791 936 887 976 λέγων2
904 946 912 962 ι
925 937 984 963 ’Λπ-

1037 944 1107 969 meo,
1123 941 1151 964 et
1175 941 1204 963 ut
1227 937 1290 963 luna
1305 936 1424 971 perfecta
1440 937 1468 963 in
1484 941 1616 964 aeternum
1632 937 1664 964 ".
1685 946 1694 962 ι
1711 936 1756 964 Sic
1772 938 1824 973 igi-

195 982 302 1016 αγγελῶ
327 982 356 1008 τὸ
374 982 458 1017 ὄνομά
474 991 520 1008 σου
544 984 600 1014 τοῖς
622 982 745 1016 ἀδελφοῖς
771 991 838 1018 μου,
861 984 890 1009 ἐν
909 983 984 1018 μέσῳ

201 1027 363 1062 Ἑκκλησίας
379 1028 492 1062 ὑμνήσω
502 1036 530 1053 σε
544 1036 550 1042 -
565 1037 574 1052 ι
597 1028 656 1059 ταῖς
674 1028 702 1053 δὲ
716 1027 789 1062 ἀμφὶ
804 1028 854 1064 τὴν
870 1028 987 1064 Μαριὰμ

194 1073 369 1109 προστάττων
402 1072 623 1108 εὐαγγελίζεσθαι
660 1073 752 1104 αὐτοῖς
780 1073 817 1104 ὡς
847 1073 980 1109 ἀδελφοῖς·

197 1128 206 1144 ι
233 1118 447 1152 Ἀπαγγείλατε,
468 1129 476 1144 ι
494 1119 547 1153 γὰρ
563 1126 644 1153 φησι,
665 1127 673 1142 ι
694 1120 750 1150 τοῖς
775 1118 898 1152 ἀδελφοῖς
923 1128 983 1155 μου,

193 1165 233 1191 ὅτι
257 1164 406 1200 ἀνέρχομαι
428 1165 495 1200 πρὸς
517 1164 563 1191 τὸν
594 1163 702 1200 Πατέρα
727 1175 787 1201 μου,
811 1167 859 1193 καὶ
878 1167 985 1203 Πατέρα

194 1210 280 1246 ὑμῶν,
295 1211 415 1238 καὶΘεόν
433 1220 494 1246 μου,
511 1211 557 1238 καὶ
565 1211 631 1238 Θεὸν
643 1213 721 1246 ἡμῶν
733 1212 781 1247 (Ι).
802 1222 810 1238 ι
826 1212 903 1239 Οὕτω
919 1213 985 1248 δῆτα

195 1258 275 1285 αὑτὸν
284 1259 309 1285 οἱ
320 1258 428 1293 ἀδελφοὶ
438 1258 472 1285 τὰ
486 1259 534 1293 μὲν
548 1258 642 1294 πρῶτα
656 1260 702 1286 ἐπὶ
714 1261 769 1291 τοῖς
778 1260 938 1295 παραδόξοις
948 1261 985 1293 ὡς

195 1302 344 1340 Θαυμάσιον
361 1305 445 1340 ἄνδρα
461 1306 540 1340 μόνον
555 1306 671 1341 ἐπῄνουν
682 1326 688 1338 ,
700 1305 747 1331 ἕνα
764 1306 834 1338 τινὰ,
850 1307 887 1337 ὡς
901 1307 983 1339 εἰκὸς,

194 1351 248 1378 τῶν
260 1351 407 1387 προφητῶν
423 1350 491 1378 εἶναι
511 1351 705 1386 ὑπειληφότες’
722 1353 784 1378 ἐπεὶ
799 1353 826 1378 δὲ
843 1354 870 1379 ὲν
883 1352 922 1388 τῷ
938 1362 986 1388 με-

194 1398 260 1431 ταξὺ
277 1398 325 1430 τάς
343 1398 511 1433 θαυμασίους
526 1398 753 1432 παραδοξοποιίας
763 1397 845 1424 αὑτοῦ
858 1398 984 1433 ὁρῶντες,

194 1444 242 1471 καὶ
253 1444 291 1475 ὡς
304 1444 425 1471 καθεῖλεν
443 1444 538 1480 ἐχθρόν
555 1453 583 1470 τε
600 1445 646 1471 καὶ
664 1444 818 1480 ἐκδικητὴν,
831 1443 875 1471 τόν
890 1452 921 1479 γε
939 1443 986 1470 θά-

194 1499 274 1518 νατον
296 1492 412 1526 ἄρχοντα
424 1491 470 1517 τοῦ
489 1491 585 1520 αἰῶνος
607 1491 702 1517 τούτου
713 1511 720 1522 ,
735 1491 792 1527 ἅμα
804 1493 864 1523 ταῖς
879 1491 985 1523 λοιπαῖς

195 1537 319 1574 ἁοράτοις
333 1537 381 1564 καὶ
389 1537 498 1572 ἐχθραῖς
512 1537 641 1571 δυνάμεσι
650 1557 657 1568 ,
668 1537 699 1563 τὸ
713 1537 839 1572 τηνικάδε
852 1537 918 1563 Θεὸν
934 1537 984 1563 αὺ-

196 1583 240 1610 τὺν
255 1581 323 1610 εἶναι
344 1583 548 1616 πιστεύσαντες,
567 1584 782 1619 προσεκύνησαν.
799 1584 832 1609 Αἱ
853 1583 880 1609 δὲ
895 1585 985 1619 χεῖρες

195 1628 242 1656 τοῦ
254 1629 403 1665 Σωτῆροςή
408 1629 465 1664 μῶν
477 1630 547 1656 κατὰ
557 1629 641 1656 νώτου
650 1630 703 1656 τῶν
716 1630 821 1665 ἐχθρῶν
832 1630 914 1656 αὐτοῦ
928 1630 985 1664 ὲγί-
998 1649 1018 1677 C

196 1683 279 1708 νοντο,
299 1676 342 1701 ὅτε
354 1675 442 1707 πάσας
458 1676 506 1707 τὰς
519 1676 631 1710 πράξεις
647 1676 741 1708 αὐτοῦ,
752 1676 801 1708 τάς
813 1685 841 1702 τε
854 1676 983 1711 δυνάμεις

196 1721 242 1748 καὶ
250 1721 485 1757 παραδοξοποιῐας,
498 1723 542 1748 ἐπὶ
553 1722 709 1757 καθαιρέσει
726 1722 778 1748 τῶν
789 1721 922 1757 δαιμόνων
936 1721 982 1748 καὶ

196 1766 249 1792 τῶν
260 1766 383 1802 πονηρῶν
399 1767 560 1802 πνευμάτων
574 1768 700 1793 ἐποιεῖτο.
715 1766 794 1792 Ἀλλὰ
810 1766 856 1792 καὶ
866 1766 982 1802 ὁπηνίκα

197 1808 342 1844 ἐξεπέτασε
367 1812 416 1844 τὰς
436 1814 529 1847 χεῖρας
552 1812 634 1839 αὑτοῦ
653 1813 698 1838 ἐπὶ
712 1812 757 1838 τοῦ
789 1813 916 1848 σταυροῦ,
936 1812 983 1839 καὶ

197 1857 283 1889 οὕτως
303 1858 331 1884 αἱ
347 1859 436 1894 χεῖρες
456 1858 537 1884 αὐτοῦ
549 1878 556 1889 ,
572 1858 725 1892 φευγόντων
745 1858 798 1883 τῶν
815 1857 919 1893 ἐχθρῶν
936 1858 982 1884 καὶ

197 1903 230 1930 τὰ
252 1903 324 1930 νῶτα
351 1904 586 1940 παραχωρούντων
612 1903 704 1938 αὐτῷ,
728 1903 798 1929 κατὰ
824 1903 908 1929 νώτου
928 1903 982 1929 τῶν

197 1950 299 1986 ἑχθρξῖιν
315 1951 443 1984 ἐγίνοντο,
454 1951 500 1977 καὶ
513 1950 611 1985 μᾶλλον
625 1950 667 1975 ὅτε
681 1950 711 1975 τὸ
728 1949 834 1983 πνεῦμα
848 1949 982 1984 παραδοὺς

197 1995 234 2031 τῷ
244 1997 342 2032 Πατρὶ,
354 1997 472 2032 ἄσαρκος
482 1997 527 2023 καὶ
540 1996 641 2031 γυμνὸς
651 1993 681 2022 οὗ
695 1995 832 2030 ἀνειλήφει
848 1995 981 2030 σώματος,

197 2043 242 2070 ὲπὶ
259 2043 289 2069 τὺ
306 2043 359 2069 τῶν
380 2042 483 2078 ἐχθρῶν
505 2043 600 2078 κατῄει
614 2042 727 2077 χωρίον,
743 2041 865 2076 αὐτοζωὴ
881 2042 983 2076 τυγχά-

197 2097 259 2120 νων,
284 2089 398 2116 θάνατον
430 2087 598 2118 καταλέσων,
625 2088 672 2114 καὶ
693 2087 741 2119 τὰς
766 2087 982 2122 ὲπανισταμένας

197 2135 270 2171 αὑτῷ
287 2135 425 2169 δυνάμεις,
441 2134 473 2166 ἃς
489 2133 561 2165 εἰκὸς
578 2135 639 2160 κατ’
658 2133 742 2170 ἀρχὰς
765 2134 813 2169 μὲν
830 2133 917 2160 κοινὸν
935 2133 983 2160 ἄν-

197 2181 314 2217 θρωπον,
334 2181 381 2207 καὶ
395 2182 450 2212 τοῖς
470 2179 575 2211 πολλοῖς
590 2180 681 2214 ὅμοιον
697 2179 778 2206 αὑτὸν
793 2179 981 2214 ὑπειληφέναι,

197 2226 266 2254 οὕτω
278 2235 308 2253 τε
319 2225 456 2253 κυκλῶσαι
470 2225 549 2252 αὑτὸν
565 2226 611 2252 καὶ
629 2224 703 2251 ώσάν
728 2224 766 2260 τῷ
780 2225 887 2259 τυχόντι
901 2226 982 2260 ἐφορ-

201 2273 300 2309 μῆσαι·
319 2273 379 2299 ἐπεὶ
397 2272 424 2298 δὲ
442 2272 563 2306 ἔγνωσαν
576 2271 716 2307 κρείττονα
733 2271 749 2306 ἢ
767 2271 826 2297 κατ’
842 2270 983 2306 ἄνθρωπον

202 2319 243 2346 ml.
252 2318 390 2354 θειοτέραν
404 2317 494 2352 φύσιν,
510 2317 646 2352 τραπῆναι
660 2317 707 2344 καὶ
718 2317 751 2344 τὰ
767 2317 839 2344 νῶτα
855 2325 984 2352 παραχω-
1001 2331 1022 2357 D

199 2365 279 2402 ρῆσαι
294 2364 368 2400 αὐτῷ
380 2384 387 2395 ,
408 2364 468 2391 καθ’
481 2361 518 2390 ὦν
530 2363 579 2395 τὰς
594 2365 687 2398 χεῖρας
704 2363 798 2398 ἀφεὶς,
809 2365 865 2395 τοῖς
882 2362 982 2395 ἐνθέοις

197 2411 278 2439 αὑτοῦ
294 2412 342 2439 καὶ
351 2411 527 2447 ἡκονημένοις
538 2410 626 2446 βέλεσι
644 2411 792 2444 φεύγοντας
806 2411 930 2445 ἤλαυνεν,
944 2411 982 2442 ὡς

196 2458 240 2486 διὰ
256 2458 336 2485 τοῦτο
354 2457 496 2494 εἰρῆσθαι·
516 2467 525 2482 ι
541 2457 572 2483 Αἱ
594 2456 683 2492 χεῖρές
705 2465 752 2482 σου
770 2457 816 2483 ἐπὶ
827 2456 912 2483 νώτου
929 2457 982 2483 τῶν

197 2503 301 2540 ἐχθρῶν
317 2512 375 2530 σου.
394 2513 404 2530 ι
418 2504 448 2530 Εἰ
464 2503 492 2530 δὲ
509 2503 556 2530 καὶ
568 2502 651 2529 εἰσέτι
662 2502 710 2529 νῦν
727 2502 818 2537 μυρίοι
832 2502 878 2528 τοῦ
892 2502 983 2536 Σωτῆ-

197 2543 329 2586 ροςήμῶν
342 2549 443 2584 ἐχθροὶ,
455 2549 502 2584 τὴν
519 2548 680 2584 Ἐκκλησίαν
696 2547 778 2575 αὑτοῦ
790 2547 859 2574 κατὰ
871 2548 983 2582 καιροὺς

197 2595 324 2632 πολεμεῖν
350 2594 551 2632 ἐπιχειροῦσιν,
576 2594 643 2621 ἀλλά
672 2594 719 2621 καὶ
741 2593 852 2625 τούτους
876 2593 983 2629 ἀοράτῳ

196 2642 269 2678 χειρὶ
284 2642 331 2668 καὶ
346 2641 429 2677 ὲνθέῳ
443 2640 555 2675 δυνάμει
569 2640 729 2676 τροποῦται,
744 2640 782 2671 ὡς
793 2640 839 2666 καὶ
854 2640 918 2676 περὶ
932 2639 983 2666 αὐ-

197 2687 251 2715 τῶν
275 2687 401 2724 εἰρῆσθαι
428 2687 468 2714 τό·
489 2697 497 2712 ι
523 2687 553 2713 Αἱ
571 2686 661 2722 χεῖρές
684 2693 729 2711 σου
749 2686 795 2712 ἐπὶ
821 2684 906 2711 νώτου
928 2684 982 2711 τῶν

198 2733 302 2770 Ξχθρῶν
322 2742 380 2760 σου.
402 2743 411 2759 ι
431 2733 540 2768 Ἐπειδὴ
557 2732 585 2758 δὲ
605 2732 655 2767 ήδη
668 2730 760 2757 λοιπὸν
781 2731 814 2757 τὰ
838 2730 908 2757 κατὰ
930 2730 983 2757 τῶν

196 2780 301 2817 ἐχθρῶν
325 2779 470 2816 νικητήρια
490 2779 652 2814 ἀπειλήφει,
667 2777 815 2813 τηνικαῦτα
834 2777 984 2813 ἐπληροῦτο

198 2827 243 2854 καὶ
255 2827 295 2860 τὸ,
306 2837 316 2852 ι
334 2825 555 2863 Προσκυνήσουσί
572 2834 601 2852 σε
617 2826 641 2851 οἱ
656 2824 708 2851 υἱοὶ
720 2823 765 2851 τοῦ
778 2823 885 2859 Πατρός
900 2831 956 2854 σου,
973 2833 981 2847 ι

232 2871 255 2888 ⁸⁷
275 2871 349 2900 Psal.
363 2879 438 2903 LXXI,
463 2873 541 2899 8-H.

579 2871 601 2887 ⁸⁸
620 2871 694 2900 Psal.
713 2879 842 2900 uxxvut.
858 2869 904 2903 28,
916 2870 962 2896 29.
1000 2870 1023 2885 "
1043 2869 1108 2897 ibid.
1124 2869 1169 2899 37,
1183 2869 1225 2895 38.

1037 987 1082 1009 tur
1096 991 1149 1009 una
1164 990 1226 1010 cum
1250 982 1310 1010 aliis
1331 982 1575 1010 innumerabilibus
1586 982 1687 1010 Christi
1703 984 1823 1018 appella-

1037 1028 1174 1061 tionibus,
1193 1028 1294 1062 quibus
1312 1028 1386 1054 illum
1408 1028 1499 1055 divina
1522 1029 1632 1056 oracula
1656 1029 1821 1064 significant,

1036 1074 1130 1100 eadem
1143 1073 1248 1100 ratione
1260 1077 1288 1099 ut
1302 1073 1387 1101 Judas
1401 1081 1509 1108 quoque
1523 1073 1551 1100 in
1562 1073 1596 1101 iis
1610 1082 1670 1109 quae
1682 1075 1763 1102 modo
1774 1082 1823 1102 ex-

1037 1120 1215 1156 punebamus,
1227 1120 1262 1147 sit
1276 1120 1437 1154 appellatus,
1448 1119 1505 1147 fieri
1523 1124 1621 1155 potest,
1632 1128 1693 1147 cum
1705 1121 1738 1148 de
1749 1122 1823 1147 tribu

1035 1165 1112 1193 Judze
1124 1167 1159 1193 sit
1171 1169 1261 1193 natus.
1275 1165 1389 1192 Constat
1403 1165 1475 1192 enim
1492 1173 1526 1192 ex
1540 1166 1680 1201 Apostolo,
1697 1166 1822 1193 Salvato-

1037 1219 1093 1239 rem
1109 1219 1141 1238 ac
1153 1211 1297 1237 Dominum
1309 1215 1432 1238 nostrum
1441 1210 1475 1238 de
1486 1211 1556 1238 tribu
1565 1210 1641 1238 Iudae
1651 1218 1741 1238 ortum
1750 1219 1822 1238 esse.

1037 1257 1105 1285 Huic
1121 1257 1202 1292 igitur
1223 1256 1309 1287 Judm,
1340 1257 1362 1284 si
1394 1257 1543 1284 secundum
1561 1259 1721 1285 sente:.tian1
1740 1257 1825 1283 inter-

1035 1309 1183 1340 pretemur,
1214 1303 1332 1338 reposita
1361 1306 1440 1330 erant
1475 1303 1530 1336 illa,
1559 1311 1619 1338 qua;
1650 1303 1677 1330 in
1705 1303 1823 1337 prophe-

1036 1351 1072 1378 tia
1084 1350 1269 1378 coutinentur.
1285 1348 1336 1376 Sed
1352 1356 1476 1382 quasnam
1492 1349 1549 1375 haec
1561 1348 1690 1376 fuerunt?
1701 1348 1823 1375 Primum

1036 1396 1166 1431 quidem,
1182 1394 1253 1429 quod
1275 1401 1291 1420 a
1319 1393 1449 1421 fratribus
1473 1395 1532 1422 suis
1555 1399 1627 1422 esset
1652 1394 1823 1427 laudandus;

1036 1441 1134 1469 deinde
1149 1440 1224 1475 quod
1238 1447 1336 1466 manus
1353 1441 1380 1466 in
1396 1443 1501 1474 tergum
1520 1440 1693 1467 inimicorum
1710 1448 1823 1467 suorum

1036 1491 1109 1514 esset
1123 1487 1292 1521 injecturus;
1310 1489 1448 1520 postremo
1467 1486 1539 1520 quod
1556 1486 1713 1514 adorandus
1729 1495 1744 1513 a
1761 1487 1824 1514 filiis

1036 1533 1123 1568 patris
1145 1532 1198 1560 sui.
1215 1531 1281 1565 Qum
1297 1532 1379 1559 etiam
1400 1540 1480 1560 suum
1499 1532 1579 1560 linem
1597 1537 1743 1560 consecuta
1760 1538 1825 1561 sunt

1036 1587 1090 1614 quo
1110 1583 1248 1613 tempore,
1271 1578 1335 1604 dum
1356 1577 1533 1605 admirabiles
1549 1579 1664 1606 virtutes
1679 1583 1704 1606 et
1729 1579 1825 1614 prodi-

1037 1626 1112 1661 giosa
1135 1625 1265 1652 miracula
1286 1624 1387 1657 ederet,
1405 1624 1577 1652 admirationi
1601 1629 1672 1657 crat,
1689 1630 1715 1652 et
1730 1625 1826 1652 lauda—

1037 1673 1126 1704 batur,
1140 1675 1167 1698 et
1188 1670 1353 1697 adorabatur
1370 1678 1385 1696 a
1406 1671 1464 1698 suis
1481 1670 1623 1706 discipulis
1639 1678 1665 1698 ct
1682 1672 1824 1707 apostolis.

1036 1725 1105 1751 quos
1118 1716 1199 1744 etiam
1216 1715 1314 1743 fratres
1328 1723 1426 1743 vocare
1441 1723 1495 1742 non
1511 1721 1639 1750 gravatus
1653 1721 1706 1747 est,
1720 1716 1784 1743 dum
1797 1717 1825 1744 in

1036 1763 1142 1798 psalmo
1150 1763 1190 1790 sic
1200 1762 1279 1789 dicit:
1295 1761 1486 1789 «Annuntiabo
1494 1769 1591 1788 nomen
1606 1766 1681 1789 tuum
1694 1762 1825 1790 fratribus

1036 1811 1120 1842 meis;
1135 1810 1162 1836 in
1174 1809 1263 1836 medio
1274 1808 1403 1836 Ecclesiae
1415 1809 1531 1836 laudabo
1542 1812 1567 1835 te
1580 1808 1613 1835 ⁵ο.
1633 1818 1642 1834 ›
1655 1807 1722 1835 Dum
1734 1812 1824 1836 autem

1037 1856 1127 1883 Mariae
1140 1860 1167 1883 et
1181 1855 1294 1890 reliquis
1316 1855 1477 1882 mulieribus
1494 1855 1619 1889 imperat,
1637 1858 1666 1881 ut
1678 1862 1738 1889 quze
1752 1854 1824 1882 bona

1037 1903 1154 1930 viderint
1169 1902 1302 1933 nuntient,
1319 1901 1396 1937 quasi
1411 1900 1540 1929 fratribus
1556 1901 1675 1928 nuntiari
1691 1901 1822 1936 imperat:

1035 1949 1116 1984 377
1131 1958 1140 1974 ‹
1158 1948 1296 1980 Nuntiate,
1318 1949 1415 1983 inquit,
1439 1947 1567 1974 fratribus
1593 1947 1671 1979 meis,
1691 1947 1763 1982 quod
1780 1955 1823 1975 as-

1036 1996 1123 2024 cendo
1141 1996 1173 2023 ad
1192 1995 1301 2022 Patrem
1313 2002 1412 2025 meum,
1423 1998 1450 2022 et
1466 1993 1572 2020 Patrem
1589 1997 1722 2024 vestrum,
1738 1992 1823 2020 Deum

1037 2050 1138 2075 meum,
1154 2045 1181 2069 et
1199 2041 1283 2068 Deum
1297 2045 1416 2069 vestrum
1443 2040 1476 2066 ⁵¹.
1497 2049 1506 2064 ι
1534 2038 1579 2066 Sic
1593 2046 1658 2066 sane
1675 2038 1750 2066 illum
1765 2038 1823 2065 fra-

1037 2093 1092 2115 tres
1121 2088 1316 2115 miraculorum
1345 2086 1443 2122 gratia.
1471 2089 1600 2120 tanquam
1635 2084 1822 2112 admirabilem

1036 2136 1125 2161 virum
1152 2134 1284 2161 duntaxat
1313 2134 1346 2160 ab
1370 2132 1449 2160 initio
1478 2131 1636 2159 laudabant.
1655 2131 1754 2166 quippe
1776 2131 1822 2166 qui

1037 2189 1120 2208 unum
1133 2181 1250 2216 aliquem
1269 2180 1302 2208 de
1313 2179 1463 2214 prophetis,
1478 2182 1507 2205 ut
1523 2177 1671 2205 verisimile
1680 2181 1733 2209 est,
1746 2177 1822 2204 illum

1036 2234 1097 2254 esse
1121 2226 1339 2261 suspicarentur.
1357 2223 1410 2251 Sed
1431 2223 1477 2250 ubi
1502 2223 1610 2250 interim
1635 2221 1821 2252 admirabiles,

1037 2276 1063 2299 et
1078 2279 1186 2299 omnem
1204 2271 1282 2298 fidem
1306 2273 1468 2305 superantes
1489 2269 1563 2296 illius
1580 2269 1700 2295 actiones
1713 2268 1822 2295 intuen-

1038 2322 1093 2350 tur,
1110 2322 1136 2345 et
1152 2316 1380 2354 quemadmodum
1399 2315 1539 2342 inimicum
1555 2318 1582 2342 et
1600 2315 1731 2345 ultorem,
1747 2321 1823 2340 mor-

1036 2368 1144 2399 temque
1160 2363 1253 2391 sazculi
1269 2363 1351 2397 hujus
1375 2362 1526 2392 dominum,
1544 2368 1598 2387 una
1624 2367 1686 2387 eum
1710 2359 1822 2394 reliquis

1037 2409 1222 2436 inuisibilibus
1248 2413 1275 2435 et
1300 2407 1420 2435 inimicis
1441 2406 1621 2442 potestatibus
1635 2405 1822 2437 sustinuisset,

1037 2460 1095 2482 tum
1109 2462 1175 2483 vero
1191 2454 1275 2481 Deum
1289 2454 1364 2480 illum
1376 2461 1438 2480 esse
1452 2453 1605 2484 credentes,
1623 2451 1820 2478 adoraverunt:

1037 2508 1136 2528 manus
1150 2504 1240 2527 autem
1266 2498 1418 2526 Salvatoris
1442 2497 1528 2525 nostri
1547 2497 1574 2523 in
1596 2500 1673 2531 tergo
1694 2495 1821 2522 inimico—

1036 2555 1096 2575 rum
1121 2553 1233 2575 suorum
1258 2545 1344 2579 fuere,
1368 2552 1422 2580 quo
1439 2548 1560 2578 tempore
1584 2542 1712 2569 videlicet
1726 2549 1822 2568 omnes

1037 2594 1159 2622 actiones
1174 2601 1248 2624 suas,
1264 2597 1290 2620 et
1315 2592 1441 2622 virtutes,
1457 2594 1485 2618 et
1508 2593 1582 2624 gesta
1607 2588 1774 2624 prodigiosa,
1788 2588 1820 2615 ad

1037 2639 1169 2667 delendos
1193 2639 1330 2666 daemones
1348 2642 1375 2665 et
1395 2637 1528 2672 malignos
1554 2635 1668 2670 spiritus
1696 2634 1822 2662 intende-

1036 2685 1093 2713 bat.
1123 2685 1193 2718 Quin
1213 2685 1294 2712 etiam
1312 2691 1374 2711 cum
1400 2690 1496 2710 manus
1518 2690 1582 2709 suas
1604 2680 1779 2716 expandisset
1793 2680 1822 2708 in

1037 2737 1129 2760 cruce.
1146 2735 1202 2757 tum
1223 2737 1331 2764 quoque
1346 2736 1443 2755 manus
1459 2728 1528 2762 ejus,
1543 2726 1712 2762 fugientibus
1727 2726 1819 2752 inimi—

1038 2777 1078 2804 cis
1099 2780 1126 2804 et
1146 2776 1233 2804 eidem
1255 2779 1329 2811 terga
1354 2774 1495 2806 dantibus,
1512 2774 1540 2801 iu
1555 2778 1631 2808 tergo
1648 2773 1821 2800 inimicorum

1039 2823 1160 2854 fuerunt,
1179 2815 1320 2857 magisque
1335 2822 1416 2849 etiam
1433 2828 1495 2847 eum
1509 2819 1583 2847 Patri
1599 2819 1705 2847 reddito
1714 2819 1821 2853 spiritu,

1280 2869 1302 2884 ⁸ο
1323 2868 1395 2895 Psal.
1409 2875 1470 2899 xxt,
1485 2867 1530 2895 25.
1568 2868 1590 2884 ⁸¹
1611 2865 1688 2893 Joan.
1707 2873 1742 2892 xx
1754 2884 1762 2897 ,
1778 2864 1820 2892 Π.

233 2917 272 2954 (l)
296 2918 404 2953 Ἥμῶν.
424 2918 502 2947 Forte
518 2918 604 2954 ὑμῶν,
620 2921 649 2946 ιιι
668 2921 694 2945 et
713 2918 847 2953 interpres
867 2917 966 2952 legisse

1036 2920 1102 2943 stur.
1115 2915 1192 2942 lintr.
