2089 3218
286 165 333 193 591

601 163 736 191 EL'SLBH
754 163 995 191 CASSARIENSIS
1014 164 1056 192 ΟΡ

1111 165 1201 194 PARS
1218 166 1251 194 11.
1273 181 1306 187 -ο
1325 166 1575 196 ΑΡοιοσΕτιω.

1861 169 1912 198 592

284 228 312 253 ct
323 231 380 252 sua!
401 223 494 252 carnis
510 230 618 258 expers,
633 227 659 249 et
674 230 707 250 eo
720 223 792 257 quod
809 227 996 256 assumpserat
1011 230 1058 250 cor

1125 225 1224 256 πάντες
1238 225 1337 261 δηλαδὴ
1360 226 1383 252 cl
1399 226 1457 252 κατ’
1473 225 1586 260 οὐρανὶν
1602 226 1722 260 ἄγγελοι,
1735 227 1769 253 τά
1782 235 1812 253 τε
1829 227 1912 254 πνεύ-

284 279 350 308 pore
364 271 494 303 nudatus,
515 270 561 305 qui
580 270 638 304 ipsa
657 271 708 297 vita
725 273 792 300 erat,
811 269 843 296 ad
861 270 919 296 loca
942 269 1069 297 inimico~

284 325 344 345 rum
355 317 505 348 descendit,
517 320 546 342 ut
554 319 580 343 et
590 321 703 343 mortem
712 315 863 350 etreliquas
870 323 929 350 qum
937 316 1068 344 adversus

283 364 372 400 ipsum
384 366 559 390 surrexerunt
574 366 733 398 potestates,
748 361 911 397 dissiparet;
926 371 994 398 quas
1007 363 1069 398 qui-

283 411 343 438 dem
356 409 501 437 verisimile
516 414 558 437 est
567 416 738 436 communem
751 409 895 443 quemdam
915 409 1063 442 hominum,

282 464 314 484 ac
328 456 443 492 reliquis
459 455 574 484 similem
593 460 666 482 ratas
683 463 745 482 esse
756 455 844 487 illum,
859 455 951 490 itaque
963 455 1066 482 circum

281 503 407 530 eumdem
421 502 541 534 stetisse,
557 506 584 528 et
597 501 674 536 quasi
693 508 776 528 unum
785 501 819 528 de
836 501 929 527 multis
944 500 1065 532 adortus,

282 552 364 583 atque
378 548 424 575 ubi
439 548 658 582 prmstanliorem
674 547 845 582 agnoverint,
856 555 936 582 quam
947 552 975 574 ut
986 548 1067 574 homo

281 595 431 622 existimari
446 600 549 630 posset,
564 601 597 621 ac
610 594 739 621 diviniori
760 598 856 621 natura
872 594 1023 628 prmtlilum,
1040 598 1067 622 et

280 647 428 668 conversas
444 648 505 668 esse
530 644 557 667 et
572 644 648 675 terga
672 640 710 666 illi
733 639 853 671 dedisse,
873 643 969 666 contra
996 647 1066 674 quas

281 685 411 713 immissis
433 685 571 717 manibus,
593 685 692 712 divinis
708 685 765 712 suis
785 688 812 711 et
836 685 923 712 acutis
947 685 1063 719 sagittis,

280 731 416 767 fugientes
433 731 534 766 exegit,
550 735 579 758 ut
595 735 739 766 propterea
754 731 856 757 dictum
871 731 923 758 sit:
944 741 953 757 ί
969 731 1065 758 Manus

281 780 334 804 tuae
350 777 378 804 in
403 781 479 812 tergo
495 777 670 804 inimicorum
686 781 808 804 tuorum.
822 787 832 803 ι
851 777 928 810 Quod
944 777 966 805 si
982 778 1064 805 etiam

280 830 354 850 nunc
372 823 587 850 innumerabiles
601 823 751 850 Salvatoris
775 823 863 850 nostri
878 823 994 854 inimici,
1010 822 1064 850 Ec-

279 869 390 896 clesiam
403 869 464 904 ejus
478 869 561 896 variis
580 868 773 895 occasionibus
787 875 946 903 oppugnare
959 876 1062 897 conan-

1122 279 1194 305 ματα
1212 271 1246 296 τὰ
1263 270 1451 306 λειτουργικὶι,
1471 272 1517 297 καὶ
1537 271 1564 297 αἱ
1580 270 1650 298 θεῖαι
1672 270 1802 306 δυνάμεις
1814 291 1820 302 ,
1843 271 1911 298 alte

1120 317 1166 343 ἐπὶ
1180 316 1232 351 γῆς
1251 316 1393 343 ἀπόστολοι
1411 317 1458 343 καὶ
1474 317 1684 351 εὒαγγελισταὶ,
1702 317 1750 343 καὶ
1767 318 1834 353 μετὰ
1847 319 1910 345 τού-

1118 369 1180 392 τους
1204 362 1324 393 ἆπαντες
1347 362 1372 387 οἱ
1393 361 1422 395 ἐξ
1445 361 1529 388 ἐθνῶν
1553 362 1585 388 δι’
1612 361 1710 394 αὑτοῦ,
1733 363 1778 388 τὸν
1797 363 1845 389 ἕνα
1862 365 1910 390 ut

1121 407 1200 442 μόνον
1220 406 1306 442 ἀληθῆ
1330 408 1440 443 Πατέρα
1461 408 1527 434 Θεὸν
1548 408 1779 444 ἐπιγραψάμενοι,
1795 409 1909 440 οἵτινες,

1118 452 1184 479 θεὸν
1200 453 1286 487 Λόγον
1300 453 1362 479 εντα
1377 453 1422 479 τὸν
1437 452 1552 487 Χριστὸν
1569 453 1772 489 μεμαθηκότες,
1789 454 1827 486 ὡς
1843 454 1910 481 Θεὸν

1118 499 1280 533 προσκυνεῖν
1293 498 1373 524 αὑτὸν
1387 497 1590 533 ὁμολογοῦνται.
1607 498 1675 524 Ἀλλ’
1691 499 1753 525 ἐπεὶ
1765 500 1848 535 ἐχρῆν
1862 499 1909 527 καὶ

1117 545 1151 571 τὰ
1165 545 1213 580 τῆς
1225 544 1357 578 γενέσεως
1372 544 1453 571 αὐτοῦ
1468 545 1515 571 καὶ
1527 545 1561 571 τὰ
1579 545 1624 571 τοῦ
1644 544 1760 571 θανάτου
1772 546 1909 582 μυστήρια

1117 592 1149 626 τῇ
1175 591 1237 626 περὶ
1262 590 1345 617 αὐτοῦ
1370 591 1523 626 προψητείᾳ
1547 591 1776 626 συμπεριλαϐεῖν,
1796 592 1909 624 εἰκότως

1119 636 1187 671 μετὰ
1204 636 1239 662 τὰ
1263 636 1449 672 προειρημένα
1464 637 1598 668 θεσπίζων
1615 638 1629 663 ὁ
1651 637 1747 664 Ἰακὼὸ
1769 638 1904 672 ἐπιλέγει·

1119 691 1127 706 ι
1135 681 1256 717 Σκύμνος
1272 681 1376 714 λέοντος
1391 682 1485 713 Ἰούδα,
1495 683 1526 708 ἐκ
1535 682 1661 717 βλαστοῦ,
1673 683 1713 709 υἰέ
1724 691 1785 718 μου,
1797 683 1906 718 ἁνέὃης,

1116 727 1260 754 ἀναπεσὼν
1278 728 1427 763 ἐκοιμήθης
1439 728 1476 759 ὡς
1490 728 1570 759 λέων,
1589 729 1636 755 καὶ
1653 728 1690 760 ὡς
1707 728 1826 764 σκύμνος
1843 737 1849 743 ·
1866 729 1906 761 τίς

1116 771 1208 804 ἐγερεῖ
1225 769 1320 801 αὐτόν;
1340 780 1348 795 ι
1367 769 1488 805 Σκύμνον
1505 770 1553 805 μὲν
1572 768 1618 796 οὖν
1634 770 1740 802 λέοντος
1752 771 1832 797 αὑτὸν
1846 771 1905 798 ὀνο-

1117 816 1197 851 μάζει
1208 837 1215 848 ,
1227 816 1270 842 διὰ
1287 816 1317 842 τὸ
1335 817 1367 842 ἐκ
1388 815 1530 850 βασιλικῆς
1547 815 1627 842 αὐτὸν
1647 816 1787 850 γεγονέναι
1802 816 1903 852 φυλῆς·

1115 860 1147 886 ἐκ
1156 859 1312 895 σπέρματος
1329 859 1394 893 γοῦν
1410 857 1443 894 ἦν
1458 858 1504 884 τοῦ
1514 858 1598 884 Δαὸὶό
1615 859 1686 884 κατὰ
1701 859 1789 894 σάρκα
1804 867 1810 874 ·
1827 868 1836 884 ‹
1857 858 1905 885 Ἐκ

279 919 334 946 tur,
349 919 469 941 attamen
485 915 535 941 hos
558 921 668 949 quoque
689 915 819 941 invisibili
834 914 952 949 quadam
968 922 1058 945 manu,

1115 905 1228 940 βλαστοῦ
1251 905 1279 931 δὲ
1298 905 1407 940 ἀνέὅης,
1430 904 1470 930 υἱέ
1495 913 1555 939 μου,
1577 914 1585 929 ι
1613 905 1710 940 φησιν,
1734 904 1849 940 ἐπείπερ
1872 906 1905 931 ἐκ

277 963 304 987 et
315 967 364 987 sua
382 961 473 988 divina
487 961 586 987 virtute
598 961 624 987 in
641 960 731 995 fugam
745 960 834 992 vertit,
848 965 877 987 ut
893 960 927 987 de
943 960 986 987 his
998 961 1061 988 item

276 1007 377 1035 dictum
392 1007 427 1035 sit
439 1007 504 1033 illud
521 1014 528 1032 :
547 1015 557 1032 ι
580 1005 675 1033 Manus
687 1010 740 1033 tua:
753 1006 779 1032 in
791 1010 868 1042 tergo
885 1006 1061 1034 inimicorum

276 1057 396 1080 tuorum.
419 1062 428 1078 ι
447 1051 497 1079 Ubi
514 1052 659 1086 verojam,
685 1051 758 1086 quod
783 1051 918 1086 reliquum
941 1051 1002 1085 fuit,
1019 1053 1062 1079 in—

275 1099 363 1134 signia
382 1099 456 1126 illius
469 1098 590 1126 victoriae
607 1098 736 1133 praeclara
751 1097 785 1124 de
805 1098 929 1125 hostibus
946 1099 1059 1133 recepit,

274 1149 331 1172 tum
347 1152 412 1172 vero
424 1145 490 1172 illml
503 1145 669 1179 completum
685 1147 728 1171 est
744 1153 750 1171 :
768 1153 777 1168 ‹
794 1143 954 1171 Adorabunt
971 1148 997 1171 te
1012 1144 1060 1171 ﬁlii

274 1191 360 1226 patris
375 1191 426 1221 tui,
445 1200 454 1216 ι
472 1198 567 1217 omnes
582 1189 717 1222 videlicet,
734 1190 781 1225 qui
797 1190 825 1216 in
841 1190 910 1217 caelo
934 1196 999 1218 sunt
1011 1198 1060 1217 an-

273 1235 336 1271 geli,
353 1235 521 1270 spiritusque
538 1234 729 1265 inservientes,
747 1242 778 1261 ac
788 1235 886 1262 divina:
899 1239 1058 1270 potestates,

273 1288 381 1309 necnon
409 1280 537 1315 degentes
553 1281 580 1307 in
602 1284 674 1307 terra
702 1281 817 1315 apostoli
834 1285 860 1307 et
874 1281 1058 1316 evangelistaz,

273 1330 336 1362 post
351 1334 420 1362 quos
434 1327 591 1361 quicunque
606 1333 653 1361 per
669 1326 768 1361 ipsum,
802 1326 847 1353 uni
872 1331 899 1353 et
921 1327 972 1354 soli
994 1335 1059 1354 vero

274 1371 348 1399 Patri
360 1371 415 1399 Deo
431 1371 536 1406 scipsos
551 1371 724 1402 addixerunt,
737 1371 783 1405 qui
794 1371 904 1406 quidem
919 1371 962 1398 ubi
973 1371 1057 1399 Deum

276 1417 392 1446 Verbum
409 1417 548 1445 Christum
569 1425 630 1444 esse
644 1417 775 1448 didicere,
800 1421 858 1444 tum
880 1425 910 1445 se
934 1417 1010 1444 illum
1028 1423 1058 1445 ut

274 1465 358 1492 Deum
375 1463 491 1491 adorare
504 1462 622 1490 confessi
634 1466 709 1490 sunt.
725 1462 808 1498 378
822 1462 875 1490 Sed
888 1464 1016 1498 quoniam
1031 1469 1058 1491 ct

272 1515 349 1538 ortus
361 1509 483 1544 ejusdem
501 1514 527 1537 et
539 1509 636 1536 mortis
651 1509 793 1544 mysteria.
808 1509 903 1537 eadem
916 1511 1056 1545 prophetia

273 1555 415 1591 complecti
429 1555 581 1590 oportebat,
595 1555 692 1582 merito
706 1559 767 1589 post
782 1555 826 1582 illa
843 1563 904 1590 qua:
916 1555 972 1590 jam
985 1556 1057 1583 dicta

273 1607 338 1630 sunt
354 1602 507 1629 vaticinans
523 1600 619 1632 Iacob,
645 1601 768 1636 adjungit
788 1611 794 1628 :
812 1610 821 1626 ι
841 1602 955 1629 Catulus
970 1602 1056 1629 leonis

271 1647 351 1680 .luda,
365 1647 398 1674 de
405 1647 536 1682 germine.
551 1643 585 1673 ﬁli
600 1647 646 1678 mi,
656 1647 813 1679 aseendisti,
829 1648 989 1676 recumbens
997 1649 1057 1676 dor-

271 1693 371 1720 mivisti
386 1697 415 1719 ut
428 1693 479 1722 leo,
491 1696 518 1719 et
536 1696 564 1718 ut
575 1692 683 1719 catulus
701 1700 708 1719 :
724 1692 786 1726 quis
800 1693 930 1720 excitabit
945 1693 1024 1720 eum?
1044 1703 1054 1719 ›

270 1740 397 1767 Catulum
419 1739 511 1774 itaque
534 1739 622 1765 leonis
646 1739 733 1773 ipsum
756 1739 890 1772 nominat,
911 1745 1056 1775 propterea

270 1785 343 1820 quod
354 1785 388 1813 do
402 1785 476 1820 regia
492 1785 563 1812 tribu
577 1784 614 1811 sit
629 1788 719 1812 natus.
739 1784 776 1812 De
793 1785 896 1813 semine
909 1785 993 1821 igitur
1004 1786 1056 1812 Da-

269 1832 315 1859 vid
333 1831 384 1859 fuit
399 1832 504 1858 ratione
525 1833 660 1865 corporis,
673 1840 682 1856 ι
696 1830 730 1858 de
737 1831 859 1866 germine
874 1842 884 1858 ι
895 1836 997 1865 autem,
1013 1833 1055 1859 in-

269 1875 338 1910 quit,
353 1883 362 1900 ‹
383 1874 418 1901 illi
431 1875 476 1907 mi,
490 1874 646 1906 ascendisti,
656 1883 665 1900 I
682 1876 809 1909 quoniam
821 1875 854 1904 de
867 1876 970 1904 semine
977 1881 1050 1904 etra-

270 1921 331 1948 dice
352 1921 422 1955 ejus,
446 1921 492 1956 qui
522 1921 579 1948 huic
606 1921 770 1956 praedicebat
788 1921 883 1956 Jacob,
899 1923 1053 1958 pullulavit,

270 1973 333 1993 cum
348 1967 424 2002 prius
439 1966 548 2001 quidem
561 1971 635 1994 esset
646 1966 718 1994 Deus
736 1967 867 2000 Verbum,
886 1974 980 2004 postea
990 1978 1056 1997 vero

270 2012 351 2039 etiam
368 2012 453 2040 Filius
469 2012 586 2040 hominis
602 2013 637 2040 sit
648 2012 748 2046 factus,
766 2018 878 2049 propter
897 2023 957 2043 eam
972 2024 1054 2051 quam

270 2065 320 2094 pro
334 2058 412 2086 nobis
425 2059 584 2093 assumpsit.
602 2059 844 2094 dispensationem.
863 2060 956 2089 Potest
970 2062 1054 2089 etiam

270 2106 385 2130 mortem
397 2102 518 2137 ejusdem
529 2102 683 2138 signiﬁcare
697 2104 777 2131 illud:
788 2114 796 2130 ι
811 2104 1054 2134 Recumbensdor-

269 2148 370 2175 mivisli
396 2152 426 2175 ut
440 2148 492 2180 leo,
521 2153 549 2175 et
569 2153 598 2176 ut
622 2149 738 2181 catulus,
757 2159 766 2175 ›
785 2157 816 2177 ex
834 2151 951 2186 quadam
969 2151 1054 2187 ipsius

271 2192 420 2227 Scriptum
435 2194 643 2225 consuetudine,
667 2202 727 2229 qua:
747 2201 796 2222 sua
811 2195 929 2229 quadam
946 2198 1054 2232 propria

269 2238 496 2270 consideratione.
509 2239 591 2266 etiam
611 2239 684 2266 mille
701 2239 764 2267 aliis
787 2240 814 2267 in
843 2241 910 2269 locis
926 2246 1052 2273 mortem,

1114 948 1269 983 σπέρματος
1294 947 1341 974 καὶ
1364 947 1442 982 ῥίζης
1462 946 1508 973 τοῦ
1537 946 1623 973 ταῦτα
1645 946 1903 982 προαναφωνοῦντος

1121 989 1217 1016 ’ἰακὼὸ
1237 990 1322 1024 ἀνέφυ
1333 1009 1340 1021 ,
1359 990 1490 1024 πρότερον
1510 989 1559 1024 μὲν
1577 989 1644 1020 Θεὸς
1657 989 1742 1023 Λόγος
1757 989 1794 1015 ὢν
1805 1009 1812 1021 ,
1828 989 1904 1023 γενό-

1116 1043 1194 1070 μενος
1213 1035 1241 1062 δὲ
1262 1035 1386 1071 δεύτερον
1406 1036 1462 1066 υἱὸς
1485 1035 1639 1071 ἀνθρώπου,
1657 1035 1690 1062 Et‘
1706 1035 1740 1071 ἣν
1761 1035 1904 1067 ἀνεδέξατο

1113 1081 1182 1116 ὑπὲρ
1206 1081 1284 1116 ήμῶν
1304 1081 1468 1116 οἰκονομίαν.
1484 1081 1534 1115 Εἵη
1557 1081 1579 1107 δ’
1599 1080 1632 1107 ἆν
1652 1081 1699 1107 καὶ
1718 1080 1764 1107 τοῦ
1787 1080 1902 1108 θανάτου

1112 1127 1194 1153 αὑτοῦ
1210 1126 1356 1162 δηλωτικὸν
1368 1128 1421 1158 το,‹
1434 1127 1590 1154 ’Λναπεσὼν
1610 1127 1759 1163 ἐκοιμήθης
1772 1128 1810 1160 ὡς
1822 1128 1901 1159 λέων,

1112 1173 1158 1198 καὶ
1173 1172 1210 1204 ὡς
1225 1172 1352 1208 σκύμνος,
1374 1183 1382 1198 ι
1400 1172 1429 1204 ἐξ
1448 1173 1524 1205 ἔθους
1534 1173 1582 1207 τῆς
1599 1173 1720 1208 Γραφῆς,
1731 1173 1802 1200 κατά
1819 1181 1846 1200 τι
1862 1174 1901 1200 οἱ-

1111 1216 1184 1241 κείον
1204 1214 1334 1250 θεώρημα
1345 1235 1352 1246 ,
1367 1215 1412 1241 τὸν
1428 1215 1541 1250 θάνατον
1559 1215 1605 1241 καὶ
1623 1215 1669 1240 ἐπὶ
1691 1215 1795 1250 μυρίων
1814 1214 1902 1241 ἄλλων

1110 1259 1238 1295 κοίμησιν
1257 1259 1456 1295 ἀποκαλούσης.
1471 1260 1508 1286 To
1526 1259 1565 1292 δὲ,
1591 1270 1598 1285 ι
1613 1260 1661 1292 Ti;
1674 1261 1766 1295 ἐγερεῖ
1778 1259 1876 1291 αὐτόν,
1890 1269 1899 1284 ι

1111 1301 1174 1334 περὶ
1191 1301 1240 1336 τῆς
1257 1303 1288 1327 ἐκ
1305 1301 1406 1336 νεκρῶν
1423 1302 1598 1334 ἀναστάσεως
1612 1301 1694 1329 αὑτοῦ
1709 1301 1901 1337 θαυμαστικῶς

1110 1346 1227 1381 εἴρηται.
1255 1346 1484 1382 Ἐγερθησόμενον
1508 1346 1562 1382 γὰρ
1584 1347 1664 1373 αὑτὸν
1685 1347 1776 1382 σαφῶς
1795 1344 1865 1373 οἶδεν
1886 1348 1901 1373 ὁ

1110 1392 1221 1425 φάσκων
1231 1411 1238 1423 ,
1263 1401 1271 1417 ι
1283 1392 1329 1421 Τίς
1339 1393 1428 1427 ἐγερεί
1441 1391 1537 1424 αὺτ6ν;
1555 1401 1563 1415 ι
1582 1391 1774 1426 θαυμαστικῶς
1784 1391 1813 1417 δὲ
1838 1392 1902 1418 ἐπιε-

1108 1433 1180 1467 λέγει
1205 1433 1244 1464 τὸ,
1258 1433 1303 1465 Τίς
1326 1433 1379 1468 ἄρα
1401 1434 1415 1459 ὁ
1437 1433 1514 1460 τοῦτο
1533 1434 1652 1468 ποιήσων
1676 1433 1722 1460 καὶ
1741 1434 1902 1468 ἀναστήσων

1108 1475 1199 1507 αὑτὸν,
1215 1476 1288 1511 ἡμᾶς
1302 1476 1348 1502 ἐπὶ
1365 1476 1394 1502 τὸ
1405 1476 1495 1511 ζητεῖν
1509 1475 1660 1511 διεγείρων,
1671 1476 1712 1507 τίς
1723 1475 1756 1502 ἂν
1769 1474 1811 1510 εἴη
1826 1476 1841 1501 ὁ
1854 1474 1900 1501 ὢν

1109 1522 1210 1556 Κύριον
1225 1521 1303 1556 ὴμῶν
1320 1522 1365 1548 τὸν
1385 1522 1454 1557 ὑπὲρ
1465 1521 1543 1557 ἡμῶν
1558 1521 1672 1548 θάνατον
1688 1521 1898 1556 ἀναδεξάμενον,

1109 1565 1141 1590 ὲκ
1159 1563 1264 1598 νεκρῶν
1289 1564 1457 1599 ἀναστήσων.
1488 1564 1535 1595 Τίς
1547 1563 1568 1589 δ’
1580 1564 1612 1590 ἂν
1629 1564 1671 1600 εἴη
1688 1563 1765 1595 ἄλλος
1782 1563 1799 1598 ἢ
1816 1564 1830 1589 ὁ
1843 1563 1900 1589 τῶν

1109 1605 1178 1632 ὅλων
1194 1606 1259 1637 θεὸς
1280 1607 1326 1632 καὶ
1348 1605 1443 1641 Πατὴρ
1460 1606 1552 1638 αὑτοῦ,
1565 1602 1587 1640 ᾧ
1606 1606 1678 1641 μόνῳ
1692 1605 1832 1632 ἀναθετέον
1849 1604 1899 1640 τὴν

1108 1651 1155 1677 τοῦ
1178 1651 1303 1686 Σωτῆρος
1323 1651 1400 1686 ἡμῶν
1422 1652 1580 1683 ἀνάστασιν,
1607 1651 1676 1678 κατὰ
1695 1651 1745 1687 τὴν
1765 1650 1900 1684 λέγουσαν

1107 1697 1228 1732 Γραφὴν,
1240 1707 1249 1722 ‹
1263 1698 1332 1724 ’0νὸ
1343 1697 1436 1732 Πατὴρ
1450 1698 1558 1733 ἤγειρεν
1571 1698 1602 1723 ὲκ
1616 1697 1720 1732 νεκρῶν
1731 1704 1738 1729 ;
1757 1706 1765 1722 ι
1785 1696 1858 1722 Ἀντὶ
1868 1695 1898 1722 δὲ

1107 1744 1165 1776 τοῦ,
1181 1753 1189 1770 ι
1203 1744 1325 1780 Σκύμνος
1341 1744 1445 1776 λέοντος
1467 1744 1561 1776 Ἰούδα,
1585 1745 1617 1770 ὲκ
1639 1743 1764 1779 βλαστοῦ,
1778 1743 1819 1769 υἱὲ
1833 1751 1896 1778 μου,

1107 1790 1216 1826 ἀνέϐης,
1229 1790 1371 1817 ἀναπεσὼν
1384 1790 1545 1826 ἐκοιμήθης,
1560 1800 1569 1815 ι
1583 1789 1810 1826 ἐμφαντικώτατα
1822 1790 1836 1816 ὁ
1847 1788 1897 1824 μὲν

1114 1835 1226 1866 ’Λκύλας
1246 1835 1311 1870 φησί
1331 1844 1338 1850 ⁸
1352 1845 1360 1860 ε
1377 1835 1481 1868 Σκύλαξ
1495 1835 1598 1866 λέοντος
1629 1834 1728 1866 Ἰούδα,
1749 1834 1803 1861 ἀπὸ
1826 1833 1897 1860 ἁλώ-

1108 1890 1176 1912 σεως
1186 1901 1193 1913 ,
1210 1881 1249 1907 υἱέ
1266 1890 1318 1916 μου
1328 1900 1335 1912 ,
1352 1881 1451 1915 ἀνὲὅης
1461 1901 1467 1913 ,
1487 1880 1597 1916 κάμψας
1608 1879 1770 1915 κατεκλίθης
1783 1889 1789 1895 ·
1811 1889 1820 1906 ι
1839 1879 1854 1906 6
1865 1879 1897 1906 δὲ

1107 1926 1252 1961 Σύμμαχος
1270 1934 1352 1960 φησι·
1377 1935 1386 1951 ‹
1404 1925 1526 1960 Σκύμνος
1542 1926 1647 1957 λέοντος
1667 1924 1768 1957 Ἰούδα,
1792 1925 1825 1951 ἐκ
1848 1923 1898 1960 θη-

1108 1971 1272 2007 ριαλώσεως,
1287 1971 1328 1998 υἱέ
1341 1980 1401 2007 μου,
1417 1971 1525 2006 ὰνέὸης,
1537 1971 1653 2003 ὀκλάσας
1668 1970 1818 2007 ἡδράσθης·
1839 1980 1848 1997 ι
1861 1970 1897 1998 δι’

1107 2016 1144 2044 ὧν
1160 2018 1252 2052 σαφῶς
1267 2018 1430 2053 παρίσταται
1446 2019 1463 2053 ἠ
1480 2019 1512 2044 ὲκ
1523 2018 1625 2053 νεκρῶν
1637 2018 1783 2049 ἀνάστασις
1793 2038 1801 2050 ,
1816 2018 1864 2045 καὶ
1879 2018 1896 2053 ή

1106 2066 1135 2097 ἐξ
1151 2065 1227 2100 ᾅδου,
1243 2064 1336 2100 ὥσπερ
1352 2064 1384 2091 ἔκ
1395 2073 1468 2096 τινος
1484 2063 1675 2100 θηριαλώσεως
1687 2085 1694 2095 ,
1709 2063 1755 2090 τοῦ
1770 2064 1897 2100 Σωτῆρος

1107 2111 1184 2145 ἡμῶν
1199 2111 1337 2145 ἁποψυγή.
1351 2111 1387 2136 Τὸ
1400 2110 1428 2137 δὲ
1443 2110 1568 2142 ὀκλάσαι,
1581 2111 1627 2136 καὶ
1638 2109 1810 2145 ἑδρασθῆναι,
1828 2109 1896 2136 ἀλλὰ

1107 2157 1144 2192 μὴ
1157 2158 1331 2187 καταπεσεῖν,
1348 2155 1415 2192 ὁμοῦ
1427 2157 1473 2182 τον
1485 2155 1599 2182 θάνατον
1609 2156 1691 2188 ἔδειξε
1701 2155 1745 2182 διὰ
1755 2155 1803 2182 τοῦ
1814 2155 1895 2182 εικλά.

1106 2207 1150 2225 σαι
1164 2207 1170 2213 η
1194 2199 1240 2225 καὶ
1257 2199 1286 2224 τδ
1309 2199 1345 2234 μὴ
1372 2198 1541 2233 ὑποσυρῆναι
1564 2197 1664 2233 ὁμοίως
1683 2198 1744 2229 ταῖς
1764 2196 1820 2223 τῶν
1839 2196 1896 2223 λοι-

1106 2245 1164 2272 πῶν
1188 2244 1338 2280 ἀνθρώπων
1361 2245 1478 2280 ψυχαῖς,
1502 2244 1545 2270 διὰ
1567 2243 1612 2270 τοῦ
1634 2243 1778 2278 ήδράσθαι.
1801 2241 1895 2269 Ταῦτα

269 2283 460 2311 dormitioneni
495 2291 678 2319 somnumque
704 2285 830 2319 appellat.
856 2285 923 2313 Illud
948 2291 1050 2320 autem,

1110 2292 1155 2326 μὲν
1189 2290 1235 2318 οὖν
1265 2290 1353 2318 πάντα
1385 2289 1566 2325 προαπέκειτο
1595 2288 1632 2324 τῷ
1664 2287 1792 2324 Χριστῷ·
1822 2288 1894 2323 πλὴν

271 2338 282 2356 ε
298 2329 364 2363 Quis
380 2329 509 2357 excitabit
535 2329 617 2356 eum?
636 2339 645 2356 ι
660 2330 694 2357 de
712 2330 799 2357 reditu
814 2331 874 2365 ejus
888 2339 902 2358 a
920 2337 1008 2361 morte
1018 2333 1053 2360 ad

267 2376 351 2404 vitam
363 2383 425 2403 cum
440 2375 620 2403 admiratione
633 2375 735 2403 dictum
749 2381 801 2404 est.
816 2377 845 2404 Si
859 2378 968 2413 quidem
983 2380 1055 2407 exci-

268 2422 380 2450 tandum
397 2421 430 2448 ad
447 2421 528 2448 vitam
542 2421 617 2448 illum
631 2422 710 2456 plane
726 2424 808 2455 novitI
823 2424 869 2458 qui
884 2425 921 2451 ait
935 2433 941 2450 :
958 2434 966 2450 ι
985 2425 1053 2458 Quis

267 2470 396 2497 excitabit
417 2470 525 2506 ipsum?
546 2479 555 2495 ι
569 2478 631 2497 cum
648 2470 826 2500 admiratione
847 2480 912 2499 vero
937 2473 1054 2501 interro-

267 2522 323 2552 gat,
338 2518 465 2552 quisnam
481 2517 533 2544 hoc
549 2517 672 2544 facturus
688 2519 724 2545 sit
743 2522 824 2553 atque
848 2519 925 2546 illum
944 2521 1048 2548 excita-

267 2568 356 2596 turus,
377 2567 406 2591 ut
431 2564 471 2591 sic
491 2571 542 2592 nos
557 2564 590 2591 ad
610 2565 785 2599 qumrendum
803 2565 908 2598 invitet,
923 2568 1051 2602 quisnam

268 2608 312 2636 liic
325 2610 373 2640 sit,
384 2609 431 2644 qui
448 2609 592 2637 Dominum
615 2615 740 2637 nostrum
756 2616 815 2645 post
832 2617 987 2647 susceptam
1002 2621 1052 2648 pro

267 2655 346 2682 nobis
371 2659 486 2682 mortem
507 2663 523 2682 a
546 2660 634 2684 morte
650 2656 686 2684 sit
707 2661 884 2685 revocaturus
900 2659 931 2685 ad
956 2659 1050 2686 vitam.

267 2700 334 2732 Quis
352 2709 433 2736 porro
445 2702 489 2729 hic
505 2702 541 2730 sit
554 2702 624 2730 alius
639 2711 722 2738 quam
739 2704 859 2732 universi
882 2704 954 2733 Dens
970 2710 998 2733 et
1015 2705 1049 2732 il—

268 2745 321 2772 lius
337 2747 424 2781 ipsius
437 2746 526 2780 i’ater,
544 2748 587 2775 cui
602 2749 653 2775 soli
677 2750 824 2776 tribuenda
840 2755 883 2778 est
898 2751 1048 2779 Salvatoris

267 2793 353 2820 nostri
370 2793 397 2819 in
413 2794 491 2820 vitam
512 2794 658 2826 restitutio,
676 2795 747 2822 sicut
763 2795 904 2832 Scriptura
920 2798 1051 2825 testiﬁca-

265 2843 321 2869 tur,
335 2846 395 2872 qua:
406 2839 454 2871 ait,
469 2849 475 2863 ι
492 2838 575 2871 Quem
593 2839 672 2867 Pater
685 2842 826 2870 suscitavit
841 2851 854 2870 a
870 2844 1031 2872 mortuis”?
1042 2854 1050 2869 ι

302 2893 325 2910 ³³
344 2892 394 2921 Ca!
422 2901 446 2924 ι,
466 2894 489 2922 l.
518 2895 527 2922 l
545 2895 641 2922 Thess.
658 2903 686 2929 ι,
705 2896 749 2925 10.

1105 2338 1158 2369 ἕως
1183 2338 1288 2364 οὐδέπω
1320 2337 1413 2368 τέλους
1440 2335 1586 2371 ἐτύγχανε,
1614 2335 1643 2361 τὸ
1676 2333 1808 2361 Ἰουδαίων
1832 2342 1895 2360 συν-

1105 2386 1226 2421 ειστήκει
1242 2385 1316 2413 ἔθνος
1328 2406 1335 2416 ,
1354 2384 1434 2411 καὶοὶ
1451 2383 1481 2415 ἐξ
1493 2382 1582 2410 αὐτῶν
1602 2382 1730 2418 ἄρχοντες
1751 2382 1798 2408 καὶ
1812 2380 1895 2416 ἡγοί-

1107 2438 1192 2465 μενοι,
1218 2430 1244 2456 οἵ
1269 2438 1298 2456 τε
1327 2428 1564 2464 ὲξακριϐαζόμενοι
1596 2427 1644 2458 τὰς
1671 2426 1746 2458 θείας
1774 2424 1894 2457 συνετῶς

1106 2476 1169 2511 περὶ
1180 2475 1226 2501 τοῦ
1246 2474 1361 2510 Χριστοῦ
1380 2473 1547 2510 προφητείας
1569 2472 1715 2508 διέπρεπον
1738 2472 1767 2498 ὲν
1790 2470 1892 2502 αὐτοῖς.

1112 2522 1186 2548 Ἐπεὶ
1198 2522 1226 2548 δὲ
1241 2521 1352 2557 ἐλήλυθε
1367 2521 1401 2547 τα
1417 2520 1584 2555 ἀποκείμενα
1598 2518 1636 2554 τῷ
1655 2517 1749 2553 Ἰούδα,
1763 2516 1852 2552 ἐφάνη
1862 2525 1894 2542 τε

1106 2569 1152 2595 ἐπὶ
1171 2569 1221 2603 γῆς
1236 2569 1250 2594 ὁ
1267 2567 1501 2603 προφητευόμενος
1518 2566 1550 2592 ὲκ
1575 2565 1732 2600 σπέρματος
1757 2563 1804 2590 καὶ
1831 2562 1895 2597 βλα-

1107 2613 1168 2639 στοῦ
1182 2614 1325 2649 γενόμενος
1340 2612 1386 2638 τοῦ
1400 2611 1487 2638 ταῦτα
1496 2609 1695 2641 τεθεσπικὸτος,
1709 2606 1853 2635 ἀναπεσὼν
1863 2614 1894 2634 τε

1106 2660 1153 2686 καὶ
1167 2659 1318 2695 κοιμηθεὶς,
1335 2659 1351 2694 ἢ
1369 2658 1486 2690 ὀκλάσας
1502 2656 1573 2683 κατὰ
1587 2656 1633 2682 τὸν
1643 2655 1800 2690 Σύμμαχον,
1809 2653 1894 2689 ήδρά-

1108 2706 1158 2740 σθη
1172 2707 1220 2732 καὶ
1232 2705 1378 2741 ἀνηγέρθη,
1391 2704 1441 2736 τὰς
1454 2705 1547 2740 χεῖρας
1557 2701 1639 2729 αὑτοῦ
1654 2701 1724 2728 κατὰ
1737 2700 1822 2727 νώτου
1837 2699 1894 2726 τῶν

1102 2752 1225 2786 ἀοράτων
1242 2752 1288 2778 καὶ
1305 2751 1407 2786 νοητῶν
1424 2750 1527 2786 ἐχθρῶν
1543 2747 1678 2775 ἐπιϐαλών
1688 2755 1694 2762 ’
1707 2747 1734 2773 οἶ
1743 2755 1772 2773 τε
1782 2745 1894 2780 ἀδελφοὶ

1103 2799 1185 2825 αὐτοῦ
1206 2798 1252 2826 καὶ
1270 2798 1390 2834 μαθηταὶ
1407 2798 1539 2834 πρότερον
1561 2794 1734 2825 ἐπαινοῦντες
1750 2793 1830 2820 αὑτὸν
1846 2792 1894 2819 καὶ

1105 2844 1298 2879 θαυμάζοντες,
1309 2844 1420 2879 ὕστερον
1433 2843 1479 2870 καὶ
1491 2842 1528 2874 ὡς
1540 2841 1606 2869 Θεὸν
1618 2840 1795 2876 ὡμολόγησαν
1809 2836 1894 2869 εἶναι,
