2089 3218
185 192 239 221 503

627 189 953 219 DESIONSTIIATIONIS
973 190 1200 219 EVANGELICAS
1220 190 1284 217 LIB.
1305 189 1373 218 VIII.

1760 192 1813 220 59‘

186 251 233 278 καὶ
247 250 285 281 ὡς
301 249 367 276 Θεὸν
380 248 583 285 προσεκύνησαν
593 257 599 263 ·
611 248 760 284 τηνικαῦτα
778 249 927 284 ἐπληροῦτο
942 249 975 276 τὰ

1034 249 1080 275 Pro
1091 250 1136 276 illo
1150 252 1250 279 autem.
1268 258 1277 274 ι
1293 247 1407 276 Catulus
1423 248 1509 276 leonis
1527 248 1608 281 Juda,
1623 249 1661 287 tle‘
1679 249 1812 284 germine,

186 295 354 330 ἀποκείμενα
369 294 452 330 αὐτῷ,
468 294 505 326 ὠς
520 294 563 321 διὰ
572 294 650 320 τοῦτο
658 294 816 330 ἀνειρῆσθαι
832 295 872 321 16'
887 295 976 325 «Ἕως

186 342 219 371 ἂν
313 341 349 368 τὰ
362 342 527 376 ἀποκείμενα
552 341 635 376 αὐτῷ.
652 351 661 366 ›
672 341 716 374 Ἐξ
737 342 841 367 ἐκείνου
865 342 919 377 γὰρ
935 350 976 368 τοι

187 388 234 415 καὶ
250 389 290 419 εις
305 387 385 423 δεῦρο
400 388 440 419 εἰς
454 387 539 423 πέρας
561 386 692 413 ἐλθόντων
715 387 767 413 τῶν
790 388 977 423 ἀποκειμένων

187 434 272 469 αὐτῷ,
281 433 463 460 διαλελοίπασι
477 433 523 468 μὲν
535 433 559 459 οἱ
573 433 702 468 ἄρχοντες
713 433 759 459 καὶ
773 433 918 469 ἡγούμενοι
931 433 976 460 τοῦ

194 479 326 506 Ἰουδαίων
340 478 442 510 ἔθνους,
457 477 628 513 κατέστησαν
643 486 672 504 τε
691 478 736 504 ἐπὶ
751 478 872 512 κεφαλῆς
887 478 977 505 αὐτῶν

131 542 136 547 -
188 525 316 559 ἄρχοντες
329 523 423 556 ἐθνῶν,
436 524 553 559 ἔμπαλιν
569 523 598 550 δὲ
614 523 647 550 τὰ
661 524 724 559 ἔθνη
735 524 780 551 τὸν
791 524 907 560 Χριστὸν
917 525 978 551 ὲπι-

187 571 284 606 γνόντα
308 570 356 598 τοῦ
381 570 460 602 Θεοῦ,
477 570 557 597 αὑτὸν
583 570 772 606 ἐπεγράψαντο
796 571 910 606 Σωτῆρα
933 571 980 597 καὶ

189 618 362 653 προσδοκίαν.
379 616 456 643 Μετὰ
483 616 568 643 ταῦτα
596 617 683 644 πάντα
710 616 880 651 ὲπιλὲγεται·
910 618 980 643 «Δε-

189 663 297 699 σμεύων
314 663 381 699 πρὸς
393 663 514 698 ἄμπελον
527 664 573 690 τὸν
589 663 677 690 πῶλον
694 662 787 694 αὑτοῦ,
803 663 850 689 καὶ
863 664 895 698 τῇ
909 663 980 689 ’ἐλικι

191 710 222 736 τὸ
238 708 383 743 ὑποζύγιον
396 709 445 743 τῆς
459 709 520 735 δνου
535 709 627 742 αὐτοῦ,
643 709 738 735 πλυνεῖ
748 710 776 735 ὲν
787 708 850 743 ο”’νῳ
862 709 910 743 τὴν
922 717 980 735 στο-

145 759 148 762 “
189 755 238 790 λὴν
253 754 345 786 αὑτοῦ,
362 754 410 781 καὶ
433 755 460 780 ὲν
481 754 576 790 αἵματι
602 754 740 788 σταῳυλῆς
760 754 810 789 τὴν
833 753 979 789 περιεολὴν

189 800 282 828 αὑτοῦ.
300 801 448 836 Χαροποιο¹ι
461 801 484 826 οἱ
499 801 632 835 ὀφθαλμοὶ
655 800 736 827 αὑτοῦ
761 800 814 826 ἀπὸ
837 800 919 832 οἴνου,
934 800 981 826 καὶ

190 845 282 872 λευκοὶ
303 846 327 872 οἱ
352 845 456 876 ὀδόντες
485 845 566 871 αὐτοῦ
631 845 712 879 γάλα.
729 855 738 871 ι
755 845 924 871 Λὶνίττεσοαι
953 845 980 871 δὲ

190 891 310 927 ἡγοῦμαι
336 891 381 918 διὰ
405 891 507 918 τούτων
522 891 566 918 τὸν
584 891 633 927 μὲν
656 891 743 918 πιῖιλον
763 891 845 918 αὑτὸν
861 891 907 917 τὸν
925 890 980 916 τῶν

1034 287 1069 322 liii
1086 294 1132 328 mi,
1148 294 1307 326 ascendisli,
1321 293 1485 322 recumbens
1508 294 1672 327 dormivisti,
1699 305 1709 321 ι
1727 294 1813 330 signi-

1028 340 1156 367 ﬁcantius
1172 339 1269 374 Aquila
1293 339 1428 366 convertit
1444 349 1451 366 ε
1473 348 1482 365 ι
1501 339 1613 368 Catulus
1631 339 1718 368 leonis
1731 339 1812 372 Juda,

1028 387 1061 414 de
1076 390 1203 421 captura,
1219 385 1254 412 ﬁli
1271 385 1318 417 mi,
1332 385 1492 418 ascenrlisti,
1506 392 1568 412 cum
1580 384 1703 413 ﬂexisses
1717 385 1814 413 cubui-

1029 433 1079 465 sti;
1100 442 1109 458 ι
1126 431 1305 468 Symmachus
1321 435 1422 462 autem.
1445 440 1454 456 ι
1471 431 1594 462 Catulus,
1615 430 1714 466 inquit,
1728 430 1814 459 leonis

1030 478 1110 508 ιῐιιιιει.
1124 478 1157 505 de
1175 478 1292 505 ferarum
1309 482 1433 512 captura,
1447 477 1482 504 ﬁli
1495 477 1542 507 mi.
1564 476 1723 509 ascendisti,
1741 477 1817 512 geni-

1030 525 1082 551 bus
1097 524 1174 551 ﬂexis
1189 523 1366 552 conﬁrmatus
1382 531 1430 555 es;
1450 533 1458 549 ι
1480 531 1513 550 ex
1533 523 1633 558 quibus
1651 522 1740 550 verbis
1756 522 1814 558 pla-

1030 570 1144 597 nissime
1161 573 1273 604 apparct
1289 569 1348 604 ipsa
1362 568 1396 595 de
1411 573 1498 596 morte
1513 568 1546 596 ad
1566 569 1649 595 vitam
1665 568 1814 601 restitutio,

1029 621 1056 644 et
1075 617 1109 644 ab
1123 617 1218 644 inferis
1235 617 1317 644 veluti
1333 623 1347 642 a
1361 616 1481 651 quadam
1499 615 1617 644 ferarum
1633 619 1745 650 captura
1758 614 1815 642 Sal-

1031 663 1135 690 vatoris
1160 663 1246 690 nostri
1269 663 1371 690 evasio.
1387 662 1465 696 Quod
1488 669 1553 690 vero
1575 662 1650 690 illum
1674 662 1773 690 dixerit
1788 666 1816 690 et

1031 716 1120 742 genua
1137 708 1244 736 ﬂexisse
1264 714 1290 736 et
1307 708 1498 735 conﬁrmatum
1513 715 1584 740 esse,
1599 716 1654 735 non
1666 711 1755 735 autem
1770 715 1817 736 ce-

1030 755 1141 786 cidisse,
1159 754 1186 781 in
1205 762 1238 781 eo
1253 754 1361 789 quidem
1377 753 1446 788 quod
1461 760 1548 788 genua
1568 752 1682 784 ﬂexerit,
1702 757 1815 780 mortem

1030 801 1140 828 interim
1154 800 1368 834 demonstravit;
1382 799 1454 835 quod
1475 803 1563 826 autem
1578 799 1613 826 sit
1627 798 1815 830 conﬁrmatus,

1032 854 1086 873 non
1109 849 1245 880 raptatum
1267 852 1328 872 esse
1345 852 1420 872 more
1438 843 1554 871 aliarum
1570 843 1733 870 animarum.
1753 842 1817 870 Haec

1033 892 1114 927 igitur
1128 891 1221 918 omnia
1237 891 1347 918 Christo
1361 890 1436 926 prius
1450 890 1570 924 reposita
1587 892 1676 920 erant,
1693 896 1754 923 qua:
1779 893 1818 915 ta-

191 937 347 964 ὰποστόλων
361 938 408 964 καὶ
427 937 553 974 μαθητῶν
574 937 620 964 τοῦ
638 938 764 973 Σωτῆρος
785 938 800 972 ἡ
806 936 863 977 μῶν
882 936 978 972 χορόν·

1034 946 1094 965 men
1107 937 1237 973 quamdiu
1250 937 1330 964 ﬁnem
1343 944 1422 964 suum
1431 939 1578 969 consecuta
1590 943 1643 962 non
1660 938 1734 967 sunt,
1747 939 1817 962 tam-

191 983 240 1019 τὴν
256 983 284 1010 δὲ
308 983 428 1019 ἄμπελον
443 985 471 1010 ἐν
516 984 560 1010 τὸν
575 984 664 1010 πῶλον
687 983 848 1019 προσέδησε,
864 983 913 1018 τὴν
937 982 980 1009 ἕν-

192 1027 253 1055 θεον
276 1028 322 1054 καὶ
341 1028 456 1064 ἀόρατον
472 1028 553 1056 αὐτοῦ
565 1029 687 1064 δύναμιν.
702 1029 734 1064 ἢν
751 1029 831 1060 αὐτὸς
848 1028 982 1064 παριστὰς

192 1073 324 1106 ἐδίδασκε,
341 1073 443 1108 λέγων·
455 1084 464 1100 l
477 1074 547 1109 Ἐγώ
569 1076 626 1111 ειμι
643 1076 659 1111 ὴ
676 1075 796 1110 ἄμπελος
817 1076 833 1110 ὴ
857 1074 980 1110 ἀληθινὴ,

192 1121 206 1147 6
218 1120 313 1156 Πατήρ
331 1129 381 1156 μου
395 1122 409 1148 6
425 1122 547 1157 γεωργός
563 1122 648 1148 ἐστιν.
665 1121 755 1154 ’Ἔλιξ
771 1121 799 1147 δὲ
822 1121 872 1156 τῆς
894 1121 983 1156 ἀμπέ-

193 1166 239 1194 λου
259 1167 308 1202 τῆς
331 1167 506 1203 ἀποδοθείσης
522 1168 563 1204 εἴη
580 1167 613 1194 ἂν
627 1169 642 1203 ἡ
655 1167 701 1194 τοῦ
718 1167 784 1194 Θεοῦ
802 1167 888 1201 Λόγου
910 1167 981 1194 διδα-

195 1212 301 1244 σκαλία,
316 1213 345 1240 ὲν
408 1214 455 1240 τὸν
479 1214 569 1241 πῶλον
592 1215 641 1250 τῆς
662 1214 722 1240 ὄνου
747 1214 922 1249 κατεδήσατο,
937 1213 982 1240 τὸν

193 1258 252 1285 νέον
268 1258 298 1291 ἐξ
312 1259 396 1286 ἐθνῶν
410 1259 483 1290 λαὸν,
494 1260 615 1296 γέννημα
626 1259 793 1294 τυγχάνοντα
803 1259 856 1286 τῶν
870 1259 984 1286 ἀποστό-

194 1304 248 1331 λων
267 1305 360 1332 αὓτοῦ.
378 1306 457 1333 Εἴποι
470 1306 493 1332 δ’
508 1306 541 1333 ἄν
553 1315 595 1338 τις
611 1307 659 1332 καὶ
671 1306 739 1341 πρὸς
757 1305 829 1337 λέξιν
842 1305 927 1331 ταῦτα
940 1305 984 1331 τέο

194 1350 256 1383 λους
275 1352 463 1387 τετυχηκέναι,
479 1353 523 1379 ὅτε
551 1352 621 1379 κατὰ
645 1353 690 1379 τὸν
719 1352 858 1379 Ματθαῐον
881 1349 956 1378 εἶπεν
970 1353 983 1378 6

195 1397 296 1433 Κύριος
311 1399 368 1430 τοῖς
387 1398 483 1425 ἑαυτοῦ
504 1399 654 1434 μαθηταῖς·
680 1408 689 1424 ι
706 1398 858 1435 Πορεύεσθε
879 1399 920 1430 εἰς
934 1397 984 1433 τὴν

195 1443 337 1471 κατέναντι
351 1444 427 1480 ὑμῶν
440 1444 546 1480 κώμην,
560 1446 607 1472 καὶ
620 1445 719 1476 εὐθέως
731 1445 862 1480 εὑρήσετε
871 1444 930 1471 ὃνον
941 1443 984 1469 δε-

194 1488 321 1526 δεμένην,
337 1491 386 1518 καὶ
409 1490 497 1518 πῶλον
524 1492 582 1526 μετ’
594 1491 695 1526 αὐτῆς’
714 1490 844 1522 λύσαντες
867 1490 984 1524 ἀγάγετέ

198 1544 253 1571 μοι.
269 1546 280 1563 ι
298 1537 353 1563 Καὶ
369 1537 427 1564 ἐστι
439 1546 471 1571 γε
481 1537 588 1573 ἀληθῶς
598 1537 636 1572 τῷ
646 1537 717 1572 λόγῳ
728 1538 910 1572 ἐπιστήσαντα
919 1537 986 1562 ἁπο-

171 1598 177 1602 -
196 1581 336 1618 θαυμάσαι
359 1584 409 1619 τὴν
431 1583 478 1610 τοῦ
500 1585 639 1620 προφήτου
665 1584 828 1620 πρόρρησιν,
854 1582 894 1618 τῷ
921 1582 985 1618 θείῳ

195 1627 334 1664 Πνεύματι
349 1629 612 1665 προτεθεωρηκότος,
632 1630 673 1656 ὅτι
695 1630 726 1665 δὴ
750 1629 875 1665 μελλήσει
890 1629 904 1656 6
921 1637 987 1664 προ-

197 1675 389 1710 φητευόμενος,
404 1676 452 1710 οὐχ
468 1673 512 1702 οἶά
528 1684 569 1707 τις
583 1675 703 1708 ἐπίδοξος
722 1677 752 1702 ἐν
769 1674 922 1711 ἀνθρώποις
939 1675 986 1710 βα-

197 1719 297 1753 σιλεὺς,
313 1721 356 1755 ἐφ’
370 1721 500 1757 ἁρμάτων
515 1722 561 1748 καὶ
575 1722 665 1748 ἵππων
680 1721 839 1757 ὀχήσεσθαι,
857 1720 924 1747 ἀλλὰ
942 1721 987 1747 ἐπὶ

196 1765 257 1793 δνου
272 1767 319 1794 καὶ
333 1766 432 1800 πώλου,
449 1765 493 1795 οἷά
506 1776 547 1800 τις
562 1768 616 1794 τῶν
632 1767 735 1794 πολλῶν
751 1767 839 1799 κοινὸς
858 1767 927 1802 ἀνὴρ
940 1767 987 1794 καὶ

197 1812 291 1848 πένης.
306 1813 392 1840 Τοῦτο
413 1813 468 1848 γὰρ
488 1814 534 1840 καὶ
560 1813 639 1845 ἄλλος
663 1813 809 1849 προφητῶν
835 1813 985 1848 ἐθαύμασε,

198 1858 300 1893 φήσας·
320 1868 330 1884 ε
343 1859 430 1895 Χαῖρε
448 1859 559 1894 σφόδρα,
581 1859 698 1894 Θύγατερ
712 1858 792 1890 Σιὼν,
810 1859 864 1885 ἰδοὺ
879 1858 893 1884 6
910 1858 986 1893 βασι-

196 1900 259 1934 )εύς
279 1910 325 1928 σου
345 1902 453 1938 ἔρχεταί
468 1911 508 1930 σοι
525 1904 623 1939 πρᾶος,
636 1903 807 1938 ἐπιϐεϐηκὼς
824 1904 870 1930 ἐπὶ
887 1903 987 1935 ὑποζύ-

197 1956 257 1983 γιον
279 1949 326 1975 καὶ
350 1949 438 1976 πῶλον
453 1950 524 1977 νέον.
540 1959 549 1975 ›
569 1950 605 1976 Τὸ
624 1950 663 1982 δὲ,
683 1959 692 1975 ‹
708 1949 806 1976 Πλυνεῖ
820 1950 849 1977 ὲν
860 1949 924 1984 οἴνῳ
936 1949 986 1984 τὴν

198 1994 293 2030 στολὴν
306 1995 398 2028 αὐτοῦ,
415 1996 463 2023 καὶ
482 1997 510 2022 ὲν
526 1996 620 2031 αἵματι
632 1996 769 2031 σταφυλῆς
780 1995 828 2031 τὴν
841 1995 987 2031 περιϐολὴν

198 2041 291 2074 αὑτοῦ,
306 2051 316 2068 ι
336 2042 432 2076 σκέψαι
449 2043 496 2069 καὶ
509 2043 589 2074 αὐτὸς
607 2043 711 2078 μήποτε
728 2042 766 2074 ὠς
780 2043 809 2068 ὲν
821 2043 987 2078 ἀπορρήτοις

198 2087 228 2115 τὸ
245 2088 375 2123 μυστικὸν
390 2088 536 2115 αἰνίττεται
552 2087 638 2120 πάθος
653 2088 746 2121 αὐτοῦ,
761 2089 789 2115 ὲν
799 2084 879 2123 ᾧτὴν
893 2088 987 2123 στολήν

198 2133 281 2161 αὐτοῦ
300 2134 348 2161 καὶ
369 2134 400 2160 τὸ
423 2134 595 2169 περιϐόλαιον
616 2133 753 2160 ἀπέπλυνε
774 2133 888 2169 λουτρῷ,
904 2134 938 2160 δι’
957 2132 987 2161 οὗ

197 2179 251 2206 τῶν
265 2179 305 2212 είς
323 2179 404 2207 αὑτὸν
421 2180 641 2207 πεπιστευκότων
658 2180 823 2207 ἀποπλύνειν
837 2180 871 2206 τὰ
885 2180 987 2207 παλαιὰ

199 2227 272 2263 ρύπη
282 2227 419 2263 δηλοῦται.
434 2227 483 2253 Διὰ
494 2227 548 2263 γὰρ
562 2226 609 2253 τοῦ
621 2226 704 2258 οἴνου,
714 2227 783 2262 ὅπερ
795 2224 828 2262 ἦν
841 2226 888 2253 τοῦ
905 2227 988 2262 αἵμα-

1032 985 1078 1012 diu
1091 984 1204 1011 Iudaica
1220 991 1287 1019 gens
1304 984 1388 1015 stetit,
1401 982 1613 1017 Judmorumque
1631 981 1768 1017 principes
1785 988 1818 1008 ac

1032 1031 1126 1060 duces.
1139 1030 1324 1065 exquisitique
1333 1038 1365 1057 ac
1378 1030 1515 1064 sapientes
1527 1028 1681 1055 divinorum
1695 1027 1729 1055 de
1739 1026 1818 1056 Chri-

1033 1082 1074 1104 sto
1092 1077 1267 1104 oraculorum
1291 1076 1455 1110 interpretes
1475 1074 1546 1110 apud
1566 1075 1641 1109 ipsos
1658 1073 1816 1101 ﬂoruerunt.

1031 1122 1114 1158 379
1123 1121 1270 1157 Postquam
1286 1125 1376 1148 autem
1395 1125 1529 1149 venerunt
1543 1127 1604 1155 quae
1616 1119 1666 1154 ipsi
1677 1118 1754 1146 Judze
1775 1125 1818 1145 re-

1032 1170 1119 1204 posita
1135 1172 1224 1201 erant,
1242 1172 1299 1195 tum
1320 1168 1344 1195 is
1361 1168 1387 1195 in
1410 1171 1483 1194 terra
1498 1171 1540 1195 est
1554 1167 1641 1197 visus,
1657 1166 1703 1201 qui
1719 1172 1735 1192 a
1757 1171 1820 1200 pro-

1034 1216 1121 1251 phetis
1144 1215 1235 1242 dictus
1258 1219 1317 1242 erat
1337 1215 1370 1242 de
1395 1214 1500 1242 semine
1524 1221 1556 1240 ac
1579 1213 1663 1247 stirpe
1686 1211 1757 1246 ejus,
1772 1210 1819 1246 qui

1033 1262 1090 1289 hare
1112 1261 1280 1288 divinaverat
1299 1260 1432 1291 oriturus,
1455 1258 1674 1292 recumbensque
1693 1264 1724 1284 ac
1744 1256 1819 1290 sopi-

1034 1312 1088 1338 tus,
1106 1307 1158 1339 vel,
1176 1310 1206 1334 ut
1219 1307 1257 1333 ait
1271 1306 1463 1342 Symmachus,
1481 1314 1490 1331 ι
1508 1304 1622 1339 genibus
1635 1303 1711 1330 ﬂexis
1727 1312 1737 1329 ι
1756 1310 1821 1330 con-

1035 1356 1159 1382 firmatus
1178 1357 1220 1382 est
1237 1359 1263 1381 et
1277 1353 1407 1384 surrexit,
1423 1352 1551 1379 manibus
1568 1351 1595 1378 in
1606 1355 1712 1385 tergum
1727 1348 1821 1376 invisi-

1034 1401 1128 1428 bilium
1146 1405 1226 1436 atque
1240 1399 1452 1434 intelligibilium
1467 1398 1587 1425 hostium
1604 1396 1724 1431 injectis,
1746 1395 1821 1430 ejus-

1035 1455 1087 1482 que
1103 1446 1202 1474 fratres
1215 1454 1246 1473 ac
1262 1445 1388 1480 discipuli
1400 1447 1479 1471 antea
1495 1443 1570 1470 illum
1584 1442 1725 1469 laudantes
1739 1445 1821 1476 atque

1036 1493 1213 1523 admirantes,
1241 1495 1303 1526 post
1317 1491 1361 1518 ubi
1395 1489 1481 1516 Deum
1504 1496 1565 1516 esse
1589 1486 1708 1515 confessi
1738 1490 1822 1518 sunt,

1036 1539 1118 1566 etiam
1145 1543 1174 1565 ut
1197 1537 1282 1564 Deum
1308 1537 1499 1566 adoravcrunt,
1520 1538 1576 1561 tum
1601 1541 1666 1561 vero
1691 1532 1736 1560 illa
1761 1531 1822 1566 ipsa

1028 1585 1171 1622 completa
1187 1587 1261 1616 sunt,
1287 1589 1348 1618 quae
1368 1581 1420 1616 ipsi
1447 1580 1565 1615 reposita
1592 1584 1680 1611 erant,
1707 1582 1737 1605 ut
1757 1585 1822 1613 pro-

1037 1636 1095 1666 pter
1109 1631 1159 1658 IIOC
1175 1630 1240 1657 illud
1260 1628 1396 1657 redditum
1412 1628 1448 1655 sit
1464 1626 1624 1654 oraculum:
1640 1635 1649 1651 ι
1666 1625 1756 1652 Donec
1778 1632 1821 1652 ve-

1036 1677 1114 1704 niant
1127 1683 1188 1711 quae
1204 1674 1323 1710 reposita
1347 1677 1411 1700 sunt
1434 1671 1496 1707 ipsi.
1515 1681 1525 1698 ι
1541 1670 1610 1698 Cum
1633 1670 1705 1697 enim
1725 1677 1759 1697 ex
1774 1669 1821 1696 illo

1037 1723 1069 1750 ad
1090 1714 1163 1750 hunc
1184 1729 1271 1756 usque
1287 1721 1371 1751 diem,
1392 1727 1424 1746 ea
1446 1726 1506 1753 qua:
1518 1717 1569 1752 ipsi
1591 1715 1711 1750 reposita
1731 1719 1819 1746 erant,

1037 1769 1071 1797 ad
1092 1769 1171 1796 ﬁnem
1188 1765 1371 1803 pervenerint,
1389 1764 1546 1791 defecerunt
1560 1761 1667 1797 quidem
1683 1760 1820 1796 principes

1036 1822 1068 1842 ac
1091 1814 1175 1841 duces
1188 1812 1354 1843 Judacorum,
1372 1810 1467 1845 eisque
1493 1815 1575 1844 supra
1596 1810 1679 1842 caput
1699 1806 1821 1842 gentium

1037 1860 1175 1896 principes
1190 1857 1316 1886 collocati
1343 1860 1417 1884 sunt.
1440 1854 1462 1881 Ε
1477 1854 1616 1882 contrario
1638 1856 1729 1880 autem
1754 1853 1821 1887 ipsa:

1037 1911 1132 1942 gentes
1146 1906 1192 1933 ubi
1208 1904 1346 1933 Christum
1365 1903 1411 1931 Dei
1433 1905 1612 1937 agnoverunt,
1627 1900 1702 1927 illum
1721 1898 1774 1927 sibi
1792 1902 1821 1926 et

1038 1952 1204 1980 Salvatorem
1227 1954 1254 1978 et
1279 1949 1511 1985 exspectationem
1533 1947 1730 1982 ascripserunt.
1757 1943 1822 1972 Post

1037 1999 1095 2026 haec
1118 1997 1209 2025 omnia
1232 1996 1299 2025 illud
1326 1995 1484 2031 adjungitur
1500 2003 1506 2021 :
1525 2003 1535 2020 ι
1550 1994 1650 2030 Ligans
1676 1991 1710 2020 ad
1738 1992 1820 2020 vitem

1038 2045 1140 2079 pullum
1156 2051 1246 2074 suum,
1262 2047 1288 2070 et
1307 2042 1340 2069 ad
1363 2042 1519 2077 capreolum
1536 2041 1598 2067 vitis
1618 2039 1720 2073 pullum
1737 2038 1821 2067 asina:

1037 2097 1103 2121 suae,
1123 2087 1224 2115 lavabit
1239 2088 1266 2114 in
1287 2086 1350 2114 vino
1367 2087 1465 2114 stolam
1491 2092 1580 2117 suam,
1596 2088 1624 2112 et
1640 2084 1668 2110 in
1690 2083 1821 2118 sanguine

1038 2142 1096 2162 uva:
1119 2134 1230 2169 pallium
1246 2141 1338 2166 suum,
1363 2133 1476 2167 gratiosi
1491 2131 1564 2160 oculi
1580 2130 1641 2165 ejus
1662 2136 1677 2156 a
1699 2129 1774 2161 vino,
1795 2131 1822 2155 et

1039 2182 1093 2209 albi
1107 2182 1203 2209 dentes
1218 2181 1278 2216 ejus
1294 2185 1323 2208 ut
1337 2181 1378 2207 lac
1387 2179 1422 2207 ".
1438 2189 1447 2205 ι
1464 2179 1494 2206 In
1508 2177 1551 2206 his
1564 2181 1655 2205 autem
1672 2174 1821 2212 signiﬁcari

1038 2228 1157 2255 arbitror
1185 2234 1233 2262 per
1257 2226 1361 2261 pullum
1383 2224 1503 2261 quidem,
1527 2223 1616 2259 ipsum
1637 2222 1822 2258 apostolorum

196 2281 243 2306 τος
258 2273 342 2301 αὐτοῦ
361 2273 503 2309 σύμὸολον,
522 2273 585 2304 τοὺς
604 2274 643 2305 εις
656 2273 702 2300 τὸν
715 2273 827 2300 θάνατον
841 2273 923 2300 αὑτοῦ
940 2273 983 2308 βα-

1038 2281 1070 2301 ac
1087 2273 1285 2308 discipulorum
1305 2270 1455 2298 Salvatoris
1470 2269 1560 2297 nostri
1577 2268 1703 2299 chorum,
1720 2273 1768 2302 per
1780 2265 1822 2292 vi-

198 2319 385 2355 τιτιζομένους,
402 2319 450 2347 καὶ
471 2319 517 2345 ἐπὶ
538 2319 569 2346 τὸ
585 2316 654 2354 αἷμα
675 2319 757 2346 αὑτοῦ
772 2319 987 2352 πεπιστευκότας

197 2365 251 2393 τῶν
273 2365 356 2393 πάλαι
380 2365 472 2392 κακῶν
496 2364 687 2400 ἀποκαθαίρει,
709 2364 871 2392 ὰποπλύνων
898 2365 986 2392 αὐτῶν

198 2411 247 2439 καὶ
263 2411 432 2448 ἀποσμήχων
447 2410 496 2447 τὴν
511 2410 630 2438 παλαιὰν
657 2410 746 2437 αὐτῶν
773 2411 868 2447 στολὴν
885 2411 933 2438 καὶ
955 2411 986 2437 τὸ

199 2457 371 2494 περιϐόλαιον
381 2465 389 2474 ο
407 2457 477 2484 ὥστε
497 2457 595 2488 αὐτοὺς
611 2457 650 2492 τῷ
663 2457 746 2491 τιμίῳ
759 2457 854 2492 αἵματι
876 2457 926 2492 τῆς
943 2458 986 2483 ὲν-

198 2503 260 2532 θέου
273 2505 320 2532 καὶ
336 2504 523 2540 πνευματικῆς
540 2503 686 2539 σταφυλῆς,
701 2504 740 2539 τῷ
757 2512 787 2530 τε
803 2505 835 2530 ὲκ
848 2504 897 2539 τῆς
919 2504 987 2530 ἀπο-

197 2549 320 2586 δοθείσης
335 2550 456 2586 ἀμπέλου
478 2549 542 2585 οἷνῳ
564 2549 781 2585 λελυτρωμένους
801 2548 986 2576 ἀποδύσασθαι

199 2595 248 2631 μὲν
263 2596 310 2624 τὸν
324 2596 438 2623 παλαιὸν
453 2595 594 2631 ἄνθρωπον
608 2595 655 2621 σὺν
668 2596 727 2627 ταῖς
748 2594 879 2631 πράξεσιν
893 2594 984 2628 αὑτοῦ,

198 2641 359 2669 ἐνδύσασθαι
375 2641 404 2668 δὲ
419 2642 464 2668 τὸν
481 2641 550 2673 νέον,
567 2641 612 2668 τὸν
628 2641 855 2676 ἀνακαινούμενον
875 2641 915 2673 εἰς
928 2641 987 2667 ὲπί-

197 2694 298 2721 γνωσιν
319 2687 380 2714 κατ’
393 2687 486 2714 εἰκόνα
508 2686 556 2713 τοῦ
580 2686 730 2719 κτίσαντος.
743 2687 798 2714 Καὶ
813 2687 854 2719 τὸ,
875 2696 883 2712 ι
900 2687 987 2722 Χαρο-

198 2732 270 2760 notet
287 2731 370 2760 αὑτοῦ
384 2733 410 2759 οἱ
425 2733 556 2768 ὀφθαλμοὶ
570 2733 623 2759 ἀπὺ
635 2731 706 2759 οἴνου
717 2752 724 2764 ,
746 2741 755 2758 ι
775 2732 875 2764 καὶτὸ,
894 2741 902 2757 ι
918 2733 986 2758 Λευ-

198 2777 242 2805 κοὶ
255 2778 280 2804 oi
294 2777 399 2809 ὀδόντες
417 2777 498 2805 αὐτοῦ
512 2777 529 2814 ᾗ
545 2777 626 2813 γάλα,
641 2787 650 2803 ι
668 2777 747 2804 πάλιν
765 2778 927 2813 ἀπορῤήτως
938 2778 989 2813 τῆς

199 2822 303 2859 Καινῆς
325 2822 372 2850 τοῦ
393 2823 517 2859 Σωτῆρος
539 2823 619 2858 ἡμῶν
636 2822 771 2858 Διαθήκης
795 2822 829 2849 τὰ
855 2823 989 2859 μυστήρια

237 2911 261 2930 ’⁸
276 2912 334 2941 Gen
366 2920 445 2949 xux,
461 2913 507 2947 Η,
526 2913 569 2941 12.
606 2913 631 2930 ³⁵
648 2911 726 2941 Joan.
745 2920 790 2946 xv,
810 2912 836 2941 ί.

1039 2323 1092 2347 tem
1113 2322 1202 2346 autem
1217 2317 1251 2346 ad
1273 2325 1353 2352 quam
1369 2317 1460 2352 pullus
1475 2319 1517 2343 est
1534 2315 1671 2350 alligatus,
1702 2311 1822 2340 divinam

1038 2365 1260 2399 invisibilemque
1276 2363 1336 2398 ejus
1350 2363 1415 2395 vim,
1433 2369 1515 2398 quam
1535 2361 1593 2396 ipse
1608 2359 1673 2386 dum
1694 2357 1823 2385 ostende-

1037 2416 1089 2443 ret,
1111 2410 1226 2438 doccbat
1249 2410 1291 2437 his
1313 2409 1424 2436 verbis:
1440 2418 1449 2434 ι
1468 2407 1525 2443 Ego
1546 2414 1606 2434 sum
1629 2406 1690 2432 vitis
1706 2410 1780 2435 vera,
1795 2405 1822 2430 et

1037 2456 1119 2484 Pater
1142 2463 1219 2483 meus
1240 2455 1359 2490 agricola
1373 2459 1414 2482 est
1425 2454 1460 2481 “.
1476 2463 1485 2479 ι
1507 2452 1635 2488 Ejusdem
1656 2457 1737 2485 porro
1759 2448 1823 2476 vitis

1039 2502 1182 2537 capreolus
1201 2501 1247 2528 Dei
1259 2500 1340 2528 Verbi
1357 2500 1481 2527 doctrina
1506 2498 1598 2530 fuerit,
1613 2497 1646 2524 ad
1666 2503 1746 2531 quem
1763 2495 1823 2530 pul-

1039 2548 1095 2576 lum
1112 2548 1195 2576 asinze
1210 2555 1267 2575 sure
1281 2547 1412 2582 alligavit,
1431 2546 1477 2581 qui
1492 2544 1600 2580 quidem
1617 2541 1706 2579 pullus
1723 2548 1822 2568 novum

1039 2594 1073 2622 de
1097 2594 1223 2630 gentibus
1245 2593 1384 2628 populum,
1400 2592 1478 2627 quasi
1499 2589 1651 2626 genituram
1676 2586 1823 2623 quamdam

1040 2640 1224 2677 apostolorum
1248 2639 1318 2674 ejus,
1339 2642 1367 2666 et
1379 2638 1482 2674 prolem
1504 2635 1707 2672 signiﬁcaverit.
1723 2633 1824 2660 Possu~

1039 2695 1101 2714 mus
1122 2687 1185 2714 item
1210 2686 1251 2712 vel
1274 2686 1307 2712 ad
1328 2685 1441 2712 verbum
1458 2684 1549 2711 dicere
1565 2683 1623 2710 haec
1645 2687 1725 2710 suum
1743 2679 1824 2707 ﬁnem

1041 2732 1198 2766 contigisse,
1222 2738 1277 2766 quo
1295 2734 1427 2767 tempore,
1439 2733 1469 2757 ut
1493 2728 1564 2764 apud
1580 2727 1735 2755 Mattliazum
1759 2723 1825 2759 legi-

1043 2781 1096 2811 tur,
1106 2777 1237 2805 Dominus
1245 2777 1313 2805 dixit
1324 2777 1357 2804 ad
1373 2784 1438 2805 suos
1446 2774 1595 2811 discipulos
1606 2782 1614 2800 :
1625 2782 1634 2799 ι
1645 2771 1718 2800 Itein
1730 2769 1826 2798 castel-

1043 2824 1098 2852 lum
1119 2824 1191 2860 quod
1208 2828 1302 2852 contra
1318 2831 1367 2851 vos
1382 2827 1437 2855 est,
1455 2826 1482 2850 et
1498 2821 1590 2850 statim
1604 2818 1749 2848 invenietis
1770 2815 1826 2843 asi-
