2089 3218
270 186 323 217 595

587 189 722 218 EUSEBII
742 185 982 217 C/ESARIENSIS
1001 184 1076 212 OPP.
1097 181 1186 210 PARS
1203 181 1235 209 ll.
1255 197 1290 201 —
1303 179 1551 208 APOLOGETllZA.

1832 177 1882 205 596

270 254 334 275 nam
353 247 489 283 alligatam
504 253 530 275 et
549 248 650 283 pullum
668 257 729 275 cum
746 256 788 279 ea,
805 245 901 274 solvite
922 249 948 272 et
966 243 1051 283 addu-
1065 247 1087 274 Α

1065 247 1087 274 Α
1101 240 1219 277 ἡγοῦμαι
1236 238 1381 274 περιέχειν.
1391 237 1445 273 Τὴν
1460 236 1523 270 γοῦν
1535 232 1701 269 εὐφροσύνην
1711 233 1759 269 τὴν
1772 233 1826 260 ἀπὺ
1834 234 1881 260 τοῦ

271 291 324 319 cite
342 292 407 319 mihi
417 293 451 320 ".
469 302 478 318 ι
499 292 532 319 Ει
546 300 613 320 sane
630 294 652 321 si
668 294 729 328 quis
748 293 831 320 verba
848 291 992 326 diligenter
1009 292 1049 315 at—

271 337 397 371 tenderit,
421 338 487 373 quin
509 338 647 374 prophetae
668 338 870 374 praedictionem
889 335 1047 365 admiretur,

271 381 360 410 facere
374 390 428 409 non
445 384 554 417 poterit,
568 385 614 418 qui
629 383 722 411 divino
735 383 838 418 Spiritu
856 381 961 408 afﬂatus
973 382 1050 406 tanto

269 431 332 455 ante
351 430 517 463 cognoverit,
541 437 602 456 eum
628 430 661 456 de
685 438 739 463 quo
760 431 816 463 ipse
840 426 1048 457 vaticinabatur,

270 481 325 501 non
348 478 378 501 ut
394 475 510 509 aliquem
534 475 667 503 illustrem
689 475 759 509 apud
776 475 899 501 homines
916 479 1004 506 regem
1023 471 1049 496 in

270 520 397 547 curribus
411 524 437 547 et
451 521 528 555 cquis
550 528 611 548 esse
630 521 791 552 vehendum,
809 519 855 546 sed
879 525 960 552 super
974 517 1049 543 asina

270 569 299 593 et
316 566 389 600 pullo
401 566 550 597 sedentem,
564 567 642 601 quasi
658 574 740 593 unum
760 566 793 593 de
810 565 902 592 multis
917 568 943 590 et
958 562 1050 596 vulga-

270 619 326 638 rem
351 611 494 646 quemdam
522 612 657 639 hominem
683 617 764 647 atque
787 612 904 645 inopem.
931 609 1049 643 ldipsilm

270 657 341 684 alius
364 665 473 691 quoque
502 658 634 692 propheta
662 662 704 685 est
732 658 895 687 admiratus,
921 655 967 681 ubi
993 654 1048 680 ait:

269 701 371 737 3801
386 702 479 730 Gaude
505 704 697 736 vehementer,
729 704 782 730 ﬁlia
808 702 891 734 Sion,
915 709 978 729 ecce
1002 707 1050 726 rex

269 750 333 775 tuus
356 748 428 775 venit
444 749 492 775 tibi
514 754 682 780 mansuetus,
709 750 806 777 sedetis
831 757 912 783 super
927 747 1050 781 jumenlO

269 797 296 820 et
308 794 382 828 pullo
398 795 570 823 adolescente
580 796 613 823 ⁸⁵.
633 806 641 821 ι
660 795 726 822 lllud
748 799 850 826 autem,
871 804 879 818 (
896 791 1008 819 Lavabit
1024 790 1051 815 in

268 839 332 866 vino
361 841 458 867 stolam
486 849 573 873 suam,
596 847 622 869 et
645 843 672 868 in
704 841 835 876 sanguine
859 847 917 867 uva:
940 837 1050 872 pallium

270 892 359 918 suum,
378 896 387 911 ι
400 885 470 917 vide,
493 894 594 921 qlueso,
611 892 638 913 tu
654 895 771 921 quoque,
795 893 827 912 ne
842 884 960 919 quando,
979 886 1008 907 ut
1024 880 1050 906 in

270 930 388 962 arcanis,
413 932 553 966 mysticam
579 932 652 960 illius
672 932 826 966 passionem
852 929 995 964 signiﬁcet,
1020 926 1047 953 in

269 984 323 1010 qua
335 978 430 1004 stolam
446 986 522 1005 suam
536 983 562 1006 et
578 979 764 1006 indumentum
778 978 903 1009 abluerit,
919 980 1048 1009 tanquam

270 1023 297 1049 in
312 1023 419 1050 lavacro
437 1035 442 1051 :
461 1025 505 1051 ubi
522 1033 587 1052 sane
602 1033 705 1056 eorum,
721 1025 766 1059 qui
783 1025 809 1050 in
824 1024 911 1058 ipsum
927 1020 1049 1048 credide-

269 1067 334 1099 r‘int,
362 1070 456 1096 sordes
469 1070 595 1105 antiquas
619 1070 737 1097 abluisse
757 1069 920 1096 declaratur.
939 1066 990 1093 Per
1010 1065 1049 1091 vi-

269 1120 333 1140 num
348 1114 431 1146 enim,
445 1124 504 1151 qua:
519 1117 661 1151 sanguinis
677 1116 749 1143 illius
762 1119 824 1142 nota
841 1119 892 1145 est,
905 1121 952 1140 eos
962 1112 1007 1146 qui
1021 1111 1047 1138 in

268 1163 356 1187 morte
384 1160 457 1188 illitis
482 1162 671 1196 baptizentur,
703 1162 804 1196 quique
832 1161 858 1186 in
886 1159 1046 1193 sanguinem

268 1204 389 1239 ejusdem
408 1206 530 1237 credant,
548 1215 563 1233 a
586 1207 724 1234 veteribus
746 1207 821 1233 malis
844 1208 986 1240 expurgat,
1006 1208 1048 1229 ut-

269 1253 331 1284 pote
344 1251 389 1284 qui
409 1252 501 1278 abluat
515 1257 541 1279 et
556 1253 693 1287 abstergat
713 1252 853 1287 antiquam
881 1259 974 1278 eorum
992 1254 1049 1277 sto-

1064 916 1084 942 Β

1101 285 1230 322 μυστικοῦ
1246 285 1328 317 οἴνου,
1343 281 1372 310 οὗ
1396 282 1582 318 παραδέδωκεν
1604 279 1685 311 αὐτὸς
1707 281 1764 311 τοῖς
1785 279 1879 307 ἑαυτοῦ

1103 331 1246 367 μαθηταῖς,
1262 331 1358 364 λέγων,
1375 339 1384 355 ‹
1399 328 1511 360 Λάϐετε,
1532 326 1615 359 πίετε,
1624 326 1702 352 τοῦτό
1717 334 1766 361 μου
1778 327 1835 352 ἐστι
1851 326 1881 352 τὸ

1100 376 1178 413 αἷμα,
1192 377 1222 404 τὸ
1245 377 1316 412 ὑπὲρ
1332 375 1407 410 ὑμῶν
1424 375 1612 409 ὲκχυνόμενον,
1628 374 1668 404 εἰς
1684 373 1778 407 ἄφεσιν
1794 373 1884 408 ἁμαρ-

1099 424 1174 450 τιῶν.
1188 422 1273 449 Τοῦτο
1288 423 1387 447 ποιεῖτε
1403 422 1442 451 είς
1457 419 1505 454 τὴν
1522 419 1590 453 ἐμὴν
1607 418 1765 452 ἀνάμνησιν,
1784 427 1793 442 ι
1812 417 1884 443 δοκεί

1102 478 1145 503 μοι
1163 468 1302 503 σημαίνειν
1318 468 1357 499 τὸ,
1378 477 1386 492 ι
1399 466 1544 501 Χαροποιοὶ
1555 466 1578 491 οἱ
1592 464 1724 498 ὀφθαλμοὶ
1736 463 1817 489 αὑτοῦ
1830 463 1883 489 ἀπὸ

1100 515 1170 541 οἴνου
1180 524 1186 530 ·
1203 525 1211 540 ι
1228 514 1275 540 καὶ
1289 514 1328 544 τὸ,
1347 513 1460 539 «Λευκοὶ
1472 513 1495 537 οί
1505 511 1608 542 ὀδόντες
1620 510 1701 536 αὖτοῦ
1735 510 1815 543 γάλα,
1831 518 1839 534 ι
1853 509 1884 534 τὸ

1100 561 1223 596 λαμπρὸν
1239 561 1284 587 καὶ
1300 560 1417 595 καθαρὸν
1434 559 1482 593 τῆς
1495 556 1695 593 μυστηριώδους
1708 556 1820 591 τροφῆς.
1830 555 1885 581 Πά-

1100 609 1141 634 λιν
1157 608 1209 644 γὰρ
1224 608 1303 638 αὐτὸς
1318 606 1350 632 τὰ
1367 605 1487 640 σύμϐολα
1502 605 1550 639 τῆς
1561 603 1652 629 ἐνθέου
1666 602 1818 636 οἰκονομίας
1830 603 1885 633 τοῖς

1101 654 1182 681 αὑτοῦ
1201 653 1341 688 παρεδίδου
1360 651 1503 687 μαθηταῖς,
1520 650 1569 684 τὴν
1589 649 1679 674 εἰκόνα
1696 647 1742 673 τοῦ
1759 647 1823 672 ἰδίου
1836 647 1886 672 σώ-

1103 708 1185 734 ματος
1199 697 1333 725 ποιεῖσθαι
1361 693 1739 731 παρακελευόμενος.Ἐπειδὴ
1756 692 1809 727 γὰρ
1826 692 1886 718 οὒκ-

1101 744 1140 769 ἐτί
1156 743 1205 774 τὰς
1219 743 1251 768 δι’
1267 743 1387 777 αἱμάτων
1405 741 1509 771 Θυσίας,
1520 739 1580 765 οὐδὲ
1601 738 1649 770 τὰς
1666 738 1738 772 παρὰ
1752 738 1845 763 Μωσεῖ
1857 738 1885 762 ὲν

1101 790 1234 824 διαφόρων
1253 788 1329 820 ζώων
1347 788 1463 821 σφαγαῖς
1485 783 1731 820 νενομοθετημένας
1748 782 1884 818 προσίετο,

1101 837 1174 871 ἄρτῳ
1186 836 1214 862 δὲ
1227 835 1343 870 χρῆσθαι
1359 833 1483 868 συμϐόλῳ
1495 831 1541 857 τοῦ
1558 832 1621 857 ἰδίου
1638 830 1760 865 σώματος
1776 828 1886 863 παρεδί-

1102 882 1157 912 δου,
1174 881 1285 911 εἰκότως
1305 880 1334 906 τὸ
1357 878 1479 914 λαμπρὸν
1498 878 1543 903 καὶ
1569 876 1685 911 καθαρὸν
1708 875 1815 910 ᾐνίξατο
1837 874 1886 908 τῆς

1099 928 1209 962 τροφῆς,
1226 926 1308 952 εἰπών
1319 935 1324 940 ·
1336 935 1345 950 (
1361 926 1414 951 Καὶ
1421 925 1541 950 λευκοὶοί
1556 923 1658 953 ὀδόντες
1675 917 1778 957 amat},
1788 919 1866 953 γάλα.
1875 928 1884 943 ι

1100 974 1199 999 Τούτου
1224 973 1269 998 καὶ
1297 972 1374 1002 ἄλλος
1400 971 1583 1005 ἐμνημόνευσε
1608 968 1761 1003 προφήτης,
1787 967 1884 1000 φήσας·

1104 1028 1112 1044 ι
1123 1019 1221 1044 Θυσίαν
1239 1018 1286 1044 καὶ
1303 1016 1458 1052 προσῳοραν
1475 1016 1525 1041 οὐκ
1541 1014 1680 1047 ἐϐέλησας,
1692 1013 1770 1047 σῶμα
1781 1011 1809 1037 δὲ
1820 1020 1887 1037 κατ-

1099 1062 1203 1098 ηρτίσω
1221 1070 1274 1097 μοι.
1294 1061 1392 1087 »Ἀλλὰ
1417 1059 1513 1090 ταῦτα,
1547 1058 1666 1088 πλείονος
1693 1057 1806 1091 βασάνου
1830 1055 1888 1081 δεό-

1103 1118 1180 1144 μενα,
1193 1109 1239 1134 καὶ
1260 1107 1429 1143 μακροτέρας
1443 1105 1598 1141 ἑρμηνείας,
1620 1104 1665 1129 ἐπὶ
1683 1102 1779 1137 σχολῆς
1795 1102 1826 1128 ἄν
1846 1109 1888 1132 τις

1104 1154 1264 1189 βασανίσειε,
1273 1153 1319 1179 τοῦ
1335 1153 1465 1187 παρόντος
1477 1151 1571 1186 καιροῦ
1582 1149 1698 1176 τοσαῦτα
1711 1149 1795 1174 εἰπεῖν
1808 1148 1888 1173 ἁπαιι

1100 1201 1239 1235 τήσαντος,
1255 1201 1293 1230 εἰς
1304 1200 1332 1226 τὸ
1342 1199 1512 1233 παραστῆσαι
1525 1196 1591 1232 μετὰ
1604 1195 1657 1221 τῶν
1673 1195 1757 1221 ἄλλων
1770 1193 1815 1220 καὶ
1823 1193 1885 1224 τοὺς

1101 1247 1211 1282 χρόνους
1232 1247 1282 1280 τῆς
1307 1245 1352 1271 τοῦ
1376 1245 1499 1279 Σωτῆρος
1524 1242 1601 1278 ἡμῶν
1617 1241 1766 1277 παρουσίας
1785 1239 1887 1265 ἄνωθεν

1103 1294 1154 1319 ὑπὸ
1175 1293 1228 1319 τῶν
1253 1292 1389 1328 πρόπαλαι
1406 1290 1551 1326 προφητῶν
1566 1288 1763 1324 ἐγνωσμένους,
1780 1287 1813 1322 τῇ
1826 1285 1887 1320 θείᾳ

269 1295 322 1321 lam
347 1299 375 1323 et
400 1297 521 1331 pallium.
549 1297 640 1332 Itaque
659 1298 776 1333 pretioso
797 1297 928 1330 sanguine
952 1295 1049 1321 divinae

269 1340 342 1368 illius
354 1345 381 1367 et
395 1341 429 1368 de
443 1343 540 1376 spiritu
559 1348 627 1370 natae
644 1351 711 1374 uvae,
726 1343 839 1377 ejusque
855 1342 918 1368 vitis
935 1341 1008 1371 vino,
1019 1340 1051 1367 de
1065 1337 1086 1366 C

698 1353 711 1374 ε,
726 1343 839 1377 ejusque
855 1342 918 1368 vitis
935 1341 1008 1371 vino,
1019 1340 1051 1367 de
1065 1337 1086 1366 C
1104 1340 1195 1374 σαφῶς
1210 1339 1404 1374 παραδεδόσθαι
1421 1338 1523 1373 Γραφῇ.

268 1394 322 1420 qua
339 1387 440 1415 dictum
463 1394 505 1416 est
525 1398 617 1424 supra,
651 1390 791 1425 redempti,
816 1393 933 1416 veterem
967 1388 1075 1423 quidem
1112 1387 1246 1414 hominem
1272 1395 1333 1413 cum
1355 1386 1413 1420 ejus
1438 1384 1590 1411 actionibus
1615 1385 1759 1413 exuerunt,
1785 1387 1885 1407 novum

269 1437 358 1460 autem
372 1438 398 1460 et
411 1435 443 1461 ad
457 1436 638 1469 cognitionem
669 1424 819 1463 secundum
835 1435 978 1469 imaginem
1010 1434 1078 1468 ejus,
1100 1434 1145 1468 qui
1176 1434 1287 1465 cremit,
1322 1433 1521 1461 instauratum,
1550 1429 1706 1455 induerunt.
1734 1427 1767 1453 At
1799 1424 1885 1452 illud:

272 1477 410 1506 iGratiosi
425 1481 496 1507 oculi
517 1481 576 1515 ejus
599 1490 613 1508 ει
631 1483 704 1514 vino,
721 1492 730 1506 ι
749 1486 774 1509 et
791 1482 865 1513 illud,
883 1491 892 1506 ι
908 1482 967 1508 Albi
1000 1481 1094 1508 dentes
1128 1480 1187 1514 ejus
1203 1483 1231 1506 ut
1261 1480 1312 1510 lac,
1332 1489 1340 1504 ι
1358 1486 1454 1505 rursus
1470 1481 1597 1510 tanquam
1624 1476 1650 1501 in
1668 1474 1775 1501 arcanis
1797 1473 1885 1507 posita

269 1524 336 1553 Novi
352 1525 519 1554 Testamenti
534 1529 662 1564 mysteria
693 1529 922 1564 comprehendere
953 1528 1085 1559 arbitror,
1109 1527 1227 1553 ὶῖυιὶιῑυιη
1254 1526 1380 1553 videlicet
1405 1524 1510 1559 mystici
1543 1522 1615 1548 illius
1641 1520 1705 1552 vini,
1732 1519 1803 1554 quod
1827 1519 1887 1545 suis

269 1572 329 1605 ipse
345 1571 485 1607 discipulis
505 1575 626 1609 porrexit
642 1574 775 1607 Salvator,
795 1583 855 1601 cum
870 1574 938 1601 dixit
966 1584 972 1600 :
1004 1583 1013 1598 ‹
1040 1573 1171 1607 Accipite,
1195 1572 1288 1603 bibite,
1327 1571 1370 1597 hic
1386 1574 1426 1597 est
1452 1576 1528 1595 meus
1547 1567 1667 1600 sanguis,
1685 1565 1730 1599 qui
1747 1572 1794 1599 pro
1809 1565 1886 1591 vobis

269 1617 392 1646 funditur
420 1622 446 1647 in
481 1622 667 1649 remissionem
688 1626 871 1657 peccatorum.
887 1621 943 1647 Hoc
965 1621 1044 1648 facile
1066 1621 1091 1647 in
1113 1629 1198 1648 meam
1230 1617 1513 1647 commemorationem
1532 1615 1563 1640 ⁵⁷.
1586 1624 1594 1638 ›
1628 1613 1764 1647 Siquidem
1795 1611 1860 1637 illud
1876 1630 1885 1641 ,

270 1674 281 1691 ι
299 1664 417 1693 Gratiosi
432 1667 502 1693 oculi
519 1667 577 1701 ejus
594 1676 609 1694 a
627 1668 699 1699 vino,
716 1678 724 1693 ι
744 1672 770 1695 et
787 1677 796 1693 ι
811 1668 870 1694 Albi
891 1668 985 1694 dentes
1010 1667 1070 1701 ejus
1089 1672 1117 1693 ut
1151 1667 1202 1698 lac,
1219 1676 1228 1691 ι
1250 1664 1434 1699 splendorem,
1459 1662 1657 1696 puritatemque
1679 1658 1786 1693 mystici
1812 1658 1885 1683 illius

269 1712 389 1740 alimenti
404 1714 468 1740 mihi
500 1714 652 1749 signiﬁcare
683 1714 798 1741 videtur.
813 1713 917 1740 Rursus
928 1714 998 1741 enim
1032 1714 1088 1747 ipse
1109 1712 1320 1746 dispensationis
1344 1709 1442 1736 divinae
1466 1712 1544 1734 notas
1563 1706 1620 1732 suis
1643 1704 1784 1738 discipulis
1804 1703 1886 1729 tradi-

269 1760 318 1793 (it,
331 1760 395 1787 dum
413 1760 548 1793 hortatur,
561 1765 590 1787 ut
603 1761 644 1787 sui
662 1761 747 1795 ipsius
771 1762 894 1796 corporis
911 1761 1054 1796 imaginem
1074 1762 1278 1794 reprmscntcnt.
1292 1760 1359 1783 Cum
1379 1755 1451 1782 enim
1484 1762 1537 1780 non
1571 1752 1687 1785 amplius
1712 1753 1823 1777 cruenta
1839 1756 1884 1775 sa-

267 1805 380 1838 criﬁcia,
397 1815 485 1841 neque
513 1815 544 1834 ea
565 1816 625 1842 quae
642 1807 712 1842 apud
733 1807 833 1834 Mosem
856 1808 882 1834 in
903 1808 969 1843 lege,
993 1808 1162 1836 diversorum
1180 1806 1335 1834 animaiium
1356 1800 1565 1831 otaclationibus
1584 1799 1686 1825 sancita
1702 1800 1789 1825 erant,
1799 1799 1884 1843 grata

267 1854 340 1877 esset
364 1852 518 1883 habiturus,
541 1853 588 1880 sed
613 1857 642 1880 ut
667 1861 734 1888 pane
760 1854 801 1880 sui
827 1842 950 1888 corporis
977 1859 1040 1881 nota
1061 1859 1211 1885 uterentur,
1233 1853 1418 1882 instituturus,
1436 1850 1532 1876 merito
1554 1845 1688 1881 Propheta
1710 1842 1883 1879 splendorem

268 1903 301 1923 ac
313 1898 458 1931 puritatem
473 1900 545 1926 illius
560 1900 679 1927 alimenti
697 1900 871 1933 signiﬁcavit,
884 1908 946 1927 eum
963 1901 1031 1927 dixit
1060 1911 1066 1928 ε
1090 1911 1098 1925 ι
1116 1900 1147 1927 Et
1161 1900 1216 1927 albi
1241 1899 1336 1926 dentes
1354 1898 1413 1931 ejus
1426 1900 1455 1922 ut
1470 1896 1520 1922 lac.
1537 1904 1546 1919 ›
1562 1893 1635 1919 lianc
1663 1900 1718 1919 rem
1734 1891 1803 1917 alius
1815 1897 1886 1924 quo—

269 1950 322 1978 que
349 1944 478 1979 propheta
502 1949 694 1972 commemorat
717 1945 759 1972 his
783 1946 872 1973 \erbis
890 1956 896 1973 :
915 1955 924 1971 ι
950 1946 1119 1973 Sacriﬁcium
1151 1952 1177 1973 et
1211 1945 1373 1972 oblationem
1396 1941 1517 1970 noluisti,
1553 1946 1651 1973 corpus
1671 1942 1760 1964 autem
1794 1936 1885 1971 perfe—

269 1992 331 2018 cisti
368 1990 477 2017 mihi".
495 2000 504 2016 ›
523 1991 665 2022 Caeterum,
700 1991 756 2018 haec
789 1999 850 2017 cum
885 1992 987 2026 majore
1021 1992 1192 2026 indagationc
1219 1996 1245 2018 et
1276 1990 1396 2023 longiore
1427 1986 1542 2021 quadam
1566 1983 1786 2018 interpretatione
1811 1981 1884 2008 indi-

269 2041 360 2072 geant,
392 2044 440 2071 per
464 2037 547 2063 otium
570 2038 704 2072 quispiam
728 2038 884 2072 diligentius
917 2038 1098 2072 exploraverit
1133 2048 1138 2064 ε
1173 2035 1393 2072 quandoquidem
1424 2033 1475 2059 hoc
1504 2036 1609 2065 tempus
1635 2031 1712 2065 plura
1739 2029 1793 2056 dici
1827 2037 1883 2055 non

271 2083 400 2118 postulat,
425 2087 453 2109 ut
468 2083 546 2117 plane
564 2083 642 2117 381
659 2088 798 2118 appareat,
825 2092 878 2110 una
913 2091 975 2110 cum
995 2084 1065 2114 aliis,
1089 2087 1208 2117 tempora
1227 2088 1335 2116 quoque
1351 2078 1498 2106 Salvatoris
1527 2077 1612 2103 nostri
1632 2075 1763 2102 adventus
1776 2081 1791 2100 a
1810 2073 1885 2108 prio-

269 2128 346 2155 ribus
360 2127 500 2162 prophetis
521 2127 670 2161 antiquitus
686 2128 803 2162 cognita,
819 2128 917 2154 divina:
932 2128 1070 2155 evidenter
1080 2127 1266 2154 commendata
1281 2133 1341 2152 esse
1359 2124 1515 2157 Scriptum.

269 2186 290 2212 Α
309 2177 426 2211 ΒαηὶὲΙε.
439 2199 472 2203 -
482 2183 706 2216 Quemadmodum
719 2188 777 2216 post
789 2193 916 2210 annorum
932 2184 1045 2217 spatium
1063 2186 1084 2213 D

1063 2186 1084 2213 D
1104 2183 1169 2210 Ἀπὸ
1188 2183 1240 2209 τοῦ
1254 2181 1375 2217 Δανιὴλ.
1390 2196 1425 2217 :-
1445 2178 1576 2217 ‘Qq__jze_r(‘z
1592 2176 1779 2217 χρόετνὲτῶν
1801 2175 1883 2217 ἐξεσ-

304 2219 396 2252 septies
412 2226 462 2245 Lxx
483 2211 541 2252 qua:
557 2227 658 2244 sumnm
678 2211 786 2252 efficitur
808 2227 874 2246 coxa
895 2211 1042 2250 anylorum,
1063 2211 1077 2213 ᾖ

1063 2211 1077 2213 ᾖ
1131 2218 1268 2253 jnijth
1291 2211 1468 2253 é68011d§w3:,
1484 2211 1693 2253 ἆγΙζετᾳιῄέτῃ
1708 2211 1883 2252 τετρακόσια

305 2246 363 2281 cum
380 2246 500 2281 Clu‘istu's
515 2253 661 2280 hominibus
682 2246 709 2279 sle
728 2254 865 2280 videndum
884 2246 1043 2287 prwbuerit,

1131 2246 1342 2286 'e‘a‘i'emjxorza,
1357 2246 1564 2287 ’τοῦῌΧρίο-ζοῦ
1590 2246 1754 2286 ἀνθρώποις
1779 2246 1883 2287 exigu:

304 2289 445 2322 grapheluc
464 2296 521 2322 quo:
542 2287 611 2321 apud
630 2287 738 2315 Judtt'os
757 2288 895 2314 exslobant
909 2308 915 2320 ,
931 2293 954 2314 et
975 2289 1044 2323 quod

305 2328 382 2350 antea
402 2324 471 2357 apud
491 2322 593 2358 eosdem
612 2323 725 2353 celebre,
752 2323 901 2358 clarumque
925 2328 980 2349 erat
1001 2333 1045 2350 sa-

306 2359 468 2390 cerdotium,
485 2357 651 2388 dissolvetur,
667 2363 691 2384 et
707 2358 757 2391 ipsi
770 2358 872 2391 quidem
893 2358 984 2385 diluvii
998 2367 1044 2384 cu-

298 2394 409 2428 jusdam
424 2394 510 2419 instar
525 2392 640 2419 assiduis
660 2392 837 2419 obsidionibus
854 2393 947 2426 captivi
966 2393 1043 2427 ﬁent.

303 2437 409 2470 socrum
426 2432 514 2468 autem
529 2428 645 2461 ipsarum
661 2428 785 2461 templum
800 2433 945 2454 extremam
961 2434 1047 2455 vasta-

305 2467 400 2490 tionem
416 2467 541 2496 patietur.

304 2529 314 2546 ι
328 2520 360 2547 Ει
375 2527 436 2546 cum
444 2518 532 2546 adhuc
542 2519 667 2552 loquerer
681 2522 707 2545 et
722 2526 826 2545 orarem
843 2519 1045 2546 etenuntiarem

268 2570 377 2602 peccata
395 2573 454 2593 mea
464 2585 472 2597 ,
487 2568 514 2592 et
526 2567 637 2600 peccata
651 2565 744 2599 populi
761 2564 813 2591 mei
828 2564 910 2592 Israel
920 2584 926 2596 ,
943 2568 969 2592 et
986 2572 1047 2599 pro-

268 2610 408 2637 funderem
429 2609 693 2636 commiserationem
713 2616 801 2636 meam
820 2617 911 2636 coram
932 2609 1046 2636 Domino

267 2654 323 2684 Deo
335 2662 395 2682 meo
411 2663 459 2690 pro
474 2659 563 2682 monte
578 2660 673 2683 sancto
688 2654 736 2682 Dei
752 2655 823 2688 mei,
838 2660 865 2683 et
879 2663 940 2682 cum
956 2655 1044 2683 adhuc

268 2700 392 2736 loquerer
405 2701 432 2727 in
447 2701 585 2734 oratione,
599 2709 663 2729 ecce
677 2701 718 2727 vir
732 2700 839 2728 Gabriel
851 2722 858 2733 ,
872 2709 952 2736 quem
968 2701 1045 2728 vide-

268 2753 328 2778 ram
342 2748 369 2774 in
386 2746 490 2775 visione
506 2746 540 2774 ab
556 2747 633 2774 initio
643 2767 651 2779 ,
666 2747 760 2775 volans
776 2747 864 2782 tetigit
879 2755 922 2775 me
937 2747 1046 2780 circiter

269 2790 364 2821 horam
380 2793 505 2820 sacriﬁcii
520 2793 683 2827 vespertini,
702 2797 729 2820 et
743 2794 835 2821 docuit
851 2801 912 2827 me,
927 2797 954 2821 et
971 2793 1047 2820 locu-

303 2889 326 2908 "
343 2888 436 2917 Matth.
453 2897 512 2921 ut,
532 2890 558 2916 2.
597 2890 619 2906 ³⁵
635 2890 749 2918 Zachar.
769 2899 814 2926 Ix,
833 2891 858 2918 9.

897 2892 917 2907 ³⁷
939 2890 1004 2917 Luc.
1022 2896 1085 2923 χχι,

1133 2281 1248 2320 νέντοςῖ.
1273 2288 1301 2312 al
1323 2286 1401 2318 παρὰ
1415 2281 1566 2320 ἰοὶιβαίως
1582 2281 1754 2320 ίῑρορητεῖᾳι
1766 2300 1773 2312 ,
1791 2281 1839 2307 καὶ
1863 2281 1882 2313 ἡ

1134 2316 1447 2354 πάλαηίδιαπρέήοιπα
1463 2319 1497 2354 ἐν
1514 2317 1615 2354 αὐτοῖς
1633 2316 1777 2354 ἱερωσύνη
1793 2324 1884 2354 {tum

1134 2350 1317 2389 λυθήσεταιξ
1329 2356 1377 2382 καὶ
1397 2353 1481 2381 αὐτοὶ
1492 2352 1550 2389 μὲν
1566 2351 1782 2389 κατακλυσμῷ
1795 2350 1884 2389 ῥίκην

1134 2384 1319 2425 ἑπαλλήλοιξ
1327 2384 1511 2425 πονιιορκίᾳιξ
1524 2387 1700 2425 ἀλώσογτιιί,
1714 2385 1745 2412 τὸ
1753 2384 1786 2411 δὲ
1798 2385 1884 2425 ᾅγιον

1134 2427 1232 2453 αὐτῶν
1241 2420 1320 2460 lego»;
1331 2425 1387 2458 τὴν
1401 2420 1533 2458 ἐσχάτην
1545 2422 1668 2456 ἐρημίαν
1679 2420 1828 2455 ὑπομενεῖ.

1138 2529 1146 2544 ι
1164 2520 1218 2545 Καὶ
1236 2517 1276 2543 ἐτι
1298 2526 1347 2552 μου
1362 2516 1513 2546 λαλοῦντος,
1532 2515 1578 2541 καὶ
1590 2513 1817 2550 προσευχομένου,
1834 2512 1882 2539 καί

1100 2564 1304 2600 ὲξαγορεύοντος
1322 2563 1369 2593 τὰς
1390 2561 1525 2597 ἁμαρτίας
1543 2569 1603 2596 μουι
1623 2561 1669 2587 καὶ
1681 2560 1730 2591 τὰς
1745 2558 1883 2594 ἁμαρτίας

1098 2610 1143 2637 τοῦ
1176 2609 1239 2636 λαοῦ
1265 2617 1315 2644 μου
1335 2607 1451 2643 Ἰσραὴλ,
1472 2607 1519 2632 καὶ
1550 2605 1706 2642 ῥιπτοῦντος
1740 2605 1784 2631 τὸν
1808 2604 1883 2630 ἐλεόν

1100 2664 1150 2690 μου
1166 2655 1254 2681 ἔναντι
1272 2654 1372 2690 Κυρίου
1388 2653 1434 2679 τοῦ
1450 2652 1515 2679 Θεοῦ
1533 2661 1592 2687 μου,
1613 2652 1659 2678 ἐπὶ
1682 2651 1727 2678 τοῦ
1741 2651 1820 2685 ὅρους
1834 2649 1882 2676 τοῦ

1099 2701 1176 2735 ἁγίου
1204 2700 1250 2726 τοῦ
1278 2699 1344 2725 Θεοῦ
1371 2707 1432 2733 μου,
1454 2698 1501 2724 καὶ
1519 2698 1558 2724 ἔτι
1576 2706 1625 2732 μου
1647 2696 1789 2729 λαλοῦντος
1805 2696 1834 2721 ἐν
1847 2696 1881 2731 τῇ

1099 2747 1247 2782 προσευχῇ,
1262 2746 1309 2771 καὶ
1338 2744 1391 2770 ἰδοὺ
1404 2744 1418 2771 ὁ
1436 2743 1505 2779 ἀνὴρ
1520 2742 1649 2779 Γαὸριὴλ,
1671 2741 1700 2768 ὃν
1722 2739 1791 2768 εἶδον
1805 2741 1835 2767 ὲν
1846 2741 1881 2777 τῇ

1101 2792 1183 2828 ἀρχῇ,
1199 2790 1355 2826 πετόμενος,
1371 2791 1418 2817 καὶ
1437 2789 1526 2825 ἣψατό
1546 2797 1597 2826 μου
1618 2788 1684 2816 ὡσεὶ
1699 2787 1773 2824 ὥραν
1785 2785 1880 2822 θυσίας

1107 2888 1148 2923 l9,
1165 2888 1209 2916 20.
1248 2889 1270 2905 ⁵⁸
1289 2887 1360 2916 Psal.
1379 2895 1471 2921 xxxtx,
1487 2887 1511 2915 7.
