2089 3218
214 145 268 173 537

656 142 980 172 DEMONSTRATIONIS
1004 143 1232 172 EVANGELICIE
1245 129 1307 171 ΠΒ.
1329 144 1395 172 νιιι.

1782 147 1834 175 598

213 201 370 237 ἑσπερινῆς,
395 201 442 228 καὶ
460 200 580 227 συνέτισέ
596 209 639 236 με,
655 194 702 227 xuii
716 200 830 236 ὲλὰλησε
851 202 908 236 μετ’
922 201 983 237 ὲμοῐ

1035 204 1097 231 ,ιιιε
1116 206 1158 229 est
1177 210 1301 235 mecum,
1321 207 1348 230 et
1368 202 1458 229 dixit:
1481 201 1591 234 Daniel,
1613 210 1686 230 nunc
1705 210 1834 237 egressus

213 248 261 275 καὶ
273 245 333 274 εἶπε
343 255 350 262 ·
360 246 468 282 Δανιὴλ,
480 246 526 273 νῦν
540 246 649 281 ἐξῆλθον
656 255 687 272 συ
692 246 822 282 μϐιὸάσαι
831 255 861 273 σε
873 246 979 273 σύνεσιν
989 255 996 262 ·

213 295 243 321 ὲν
257 294 328 329 ἀρχῇ
347 292 398 327 τῆς
417 292 535 327 δεήσεώς
556 300 601 318 σου
627 292 736 328 ἐξῆλθεν
750 293 764 318 ό
780 292 867 327 λόγος,
884 293 931 319 καὶ
942 292 997 326 ἐγὼ

210 336 291 374 ἦλθον
313 338 472 372 ἀναγγεῖλαί
488 346 538 370 σοι,
557 338 597 364 δτι
610 338 679 374 ἀνὴρ
694 338 845 374 ἐπιθυμιῶν
858 339 889 365 σὺ
903 336 937 371 εἴ,
951 339 998 365 καὶ

211 384 352 420 ἐννοήθητι
371 385 400 410 ἐν
422 383 460 419 τῷ
483 385 594 420 ῥήματι,
610 385 657 411 καὶ
674 384 754 417 σύνες
770 385 798 411 ὲν
815 386 847 420 τῇ
867 385 995 419 ὀπτασίᾳ,

210 431 330 467 ὃτιάνὴρ
347 430 498 466 ἐπιθυμιῶν
522 429 547 458 εἶ
573 432 614 458 σύ.
638 432 836 467 Ἑϐδομήκοντα
851 431 996 466 ὲῦδομάιδες

212 477 418 513 συνετμήθησαν
451 478 497 504 ἐπὶ
517 478 561 504 τὸν
580 478 643 504 λαόν
661 487 718 510 σου,
735 478 781 504 καὶ
796 479 841 504 ἐπὶ
855 479 904 513 τὴν
919 479 994 505 πόλιν

209 524 259 559 τὴν
289 524 378 558 ἁγίαν⁷
406 523 453 550 τοῦ
475 524 681 559 συντελεσθῆναι
707 525 853 560 ἁμαρτίαν,
882 529 927 551 και
947 525 993 552 τοῦ

211 570 358 605 σφραγίσαι
372 570 518 605 ἁμαρτίας,
529 570 575 597 καὶ
587 570 633 596 τοῦ
648 571 797 605 ἀπαλεῖψαι
808 571 857 602 τὰς
869 571 993 606 ἀνομίας,

211 616 315 642 καὶτοῦ
336 616 509 648 ἐξιλάσασθαι
532 617 647 648 ἀδικίας,
673 618 718 643 καὶ
733 618 846 651 ἀγαγεῖν
857 618 993 644 δικαιοσύ-

209 670 258 697 νην
282 661 399 693 αἰώνιον,
429 663 476 688 καὶ
492 661 538 688 τοῦ
554 663 701 697 σφραγίσαι
714 663 808 698 ὅρασιν
824 664 871 690 καὶ
887 673 993 699 προση-

208 706 293 739 τείαν,
312 707 357 733 καὶ
371 706 417 732 τοῦ
432 708 524 742 χρῖσαι
544 707 619 741 ἅγιον
644 708 745 741 ἁγίων·
772 709 818 734 καὶ
840 708 930 744 γνώσῃ
947 710 993 736 καὶ

209 751 334 786 συνήσεις
347 751 399 777 ἀπὸ
417 751 506 783 ὲᾷδου
523 751 612 785 λόγου,
624 751 670 778 τοῦ
685 753 874 789 ἀποκριθῆναι,
892 756 938 780 καὶ
946 755 991 781 τοῦ

207 797 379 832 οἰκοδομῆσαι
407 797 584 833 Ἰερουσαλὴμ
615 798 667 830 ἕως
688 799 804 832 Χριστοῦ
828 801 990 835 ἡγουμένου.

212 841 374 877 Ἐὃδομάδες
405 843 484 875 ἑπτὰ,
514 844 560 870 καὶ
581 844 725 880 ἐΰδομάδες
745 846 932 881 ἑξηκονταδύο,
946 848 991 874 καὶ

205 888 362 923 ἐπιστρέψει
374 909 380 919 ,
394 890 441 916 καὶ
450 889 690 925 οἰκοδομηθήσεται
705 891 817 918 πλατεῖα
834 894 880 919 καὶ
892 894 989 928 τείχος,

205 934 252 960 καὶ
266 934 464 970 κενωθήσονται
481 937 504 961 οἱ
518 937 608 972 καιροί
620 945 625 951 ·
642 937 689 964 καὶ
699 938 766 973 μετὰ
778 938 826 970 τὰς
841 939 990 974 ἑϐδομάδας

202 981 253 1012 τὰς
263 981 449 1017 ἑξηκονταδύο,
461 982 713 1018 ἐξολοθρευθήσεται
724 984 836 1020 χρίσμα,
847 986 892 1011 καὶ
905 988 990 1021 κρῖμα

202 1026 252 1052 οὐκ
267 1026 339 1053 ἐστιν
367 1028 394 1053 ἐν
420 1027 503 1062 αὐτῷ,
522 1029 567 1054 καὶ
580 1028 629 1063 τὴν
647 1029 722 1055 πόλιν
737 1030 783 1056 καὶ
798 1030 827 1056 τὸ
842 1031 917 1064 ἅγιον
934 1031 990 1057 δια-

202 1071 297 1107 φθερεῖ
311 1073 360 1099 σύν
377 1072 415 1108 τῷ
442 1074 584 1108 ἡγουμένῳ
611 1074 648 1109 τῷ
667 1076 815 1111 ἐρχομένῳ,
847 1076 893 1102 καὶ
909 1078 988 1102 ἐκκο-

203 1117 332 1152 πήσονται
357 1119 386 1144 ἐν
416 1119 610 1154 κατακλυσμῷ,
631 1121 678 1146 καὶ
697 1121 749 1152 ἕως
765 1121 857 1153 τέλους
872 1123 987 1158 πολέμου

202 1165 420 1199 συντετμημένου
437 1165 610 1200 ἀφανισμοῖς,
628 1167 675 1192 καὶ
689 1167 846 1202 δυναμώσει
856 1169 987 1205 διαθήκην

201 1208 308 1240 πολλοῖς
317 1205 433 1244 ἑϐδομὰς
449 1211 507 1245 μία,
524 1212 570 1237 καὶ
580 1212 608 1238 ἐν
621 1212 658 1247 τῷ
673 1213 765 1247 ἡμίσει
779 1214 828 1249 τῆς
843 1215 987 1249 ἑϐδομάδος

200 1253 348 1290 ἀρθήσεται
374 1255 452 1282 θυσία
483 1257 529 1283 καὶ
545 1257 654 1292 σπονδὴ,
668 1259 713 1284 καὶ
735 1260 781 1285 ἐπὶ
795 1259 825 1285 τὸ
842 1260 913 1295 ἱερὸν
928 1260 987 1295 βδέ-

199 1299 290 1334 λυγμα
315 1301 369 1328 τῶν
391 1302 557 1338 ἐρημώσεων
579 1304 664 1335 ἔσται,
690 1305 736 1330 καὶ
763 1305 814 1337 ἕως
832 1306 985 1338 συντελείας

200 1346 294 1382 καιροῦ
306 1347 442 1374 συντέλεια
459 1348 599 1384 δοθήσεται
615 1351 661 1376 ἐπὶ
674 1350 720 1385 τὴν
733 1352 881 1387 ἐρήμωσιν,
902 1362 910 1377 ι
930 1353 985 1388 Τῆς

200 1391 245 1417 τοῦ
260 1392 392 1421 Ἰουδαίων
407 1394 497 1426 ἔθνους
506 1396 545 1426 εἰς
560 1395 706 1423 Βαϐυλῶνα.
723 1396 984 1432 ἐϐδομηκονταετοῦς

197 1437 385 1472 αἰχμαλωσίας
397 1440 435 1470 είς
444 1440 530 1475 πέρας
540 1441 590 1475 ήδη
603 1441 824 1477 συνελαυνούσης,
834 1443 872 1477 τῷ
886 1443 983 1478 Δανιὴλ

197 1483 348 1520 εὐξαμένῳ,
364 1483 403 1517 εἷς
415 1486 469 1512 τῶν
492 1487 577 1521 ἁγίων
593 1487 754 1523 λειτουργῶν
771 1488 817 1515 τοῦ
835 1489 912 1522 Θεοῦ,
923 1490 982 1516 Ta—

1049 253 1110 273 sum
1129 250 1158 273 ut
1173 246 1283 274 aderam
1304 248 1352 275 tibi
1374 247 1580 283 intelligentiam
1598 256 1604 274 :
1621 247 1655 275 ab
1674 248 1752 275 initio
1772 256 1834 283 pre-

1049 299 1111 319 cum
1132 296 1242 319 tuarum
1261 300 1389 328 egressus
1409 297 1450 321 est
1470 300 1578 326 sermo,
1602 298 1628 320 et
1650 301 1699 328 ego
1722 293 1784 321 veni
1804 298 1834 321 ut

1048 337 1196 365 indicarem
1223 338 1287 369 tibi.
1313 339 1385 373 quod
1408 338 1449 365 vir
1469 338 1666 365 desideriorum
1687 343 1717 366 tu
1736 346 1787 370 es.
1804 343 1832 366 et

1048 383 1233 411 animadverte
1251 384 1277 411 in
1293 384 1386 416 verbo,
1404 388 1431 411 et
1445 384 1566 418 intellige
1582 384 1609 411 in
1626 384 1743 417 visione,
1759 385 1831 420 quod

1047 427 1089 454 vir
1113 427 1311 454 desideriorum
1330 436 1359 455 es
1385 433 1424 455 tu.
1450 428 1627 463 Septuaginta
1650 429 1831 457 hebdomach

1046 473 1238 508 compendium
1268 481 1398 508 accepere
1425 467 1507 509 super
1534 475 1662 509 populum
1687 480 1779 508 tuum,
1804 481 1831 504 et

1046 526 1128 553 super
1144 519 1282 546 civitatem
1303 523 1440 551 sanctam,
1460 525 1490 551 ut
1510 526 1716 548 consummetur
1735 530 1831 556 pecca-

1046 569 1119 597 tum,
1135 568 1162 591 et
1178 565 1321 599 signentur
1337 566 1414 600 quasi
1438 566 1539 592 annulo
1559 571 1669 600 peccata
1682 587 1690 599 ,
1711 572 1737 595 et
1757 568 1830 596 dele-

1045 615 1126 637 antttr
1142 610 1301 645 iniquitates
1312 632 1318 644 ,
1334 615 1361 639 et
1375 612 1519 647 expientur
1534 613 1687 647 iujustitiaz,
1702 618 1729 641 et
1744 615 1827 642 addu-

1044 662 1123 683 catur
1137 656 1245 690 justitia
1261 658 1424 691 sempiterna
1435 679 1442 689 ,
1458 662 1485 685 et
1500 659 1577 693 quasi
1596 660 1672 694 signo
1696 661 1837 695 impresso.

1043 703 1188 730 claudatur
1211 703 1296 735 visio,
1313 707 1339 730 et
1357 704 1517 738 prophetia,
1534 709 1561 731 et
1579 710 1695 740 ungatur
1716 711 1828 734 sanctus

1044 752 1220 781 sanctorum,
1235 752 1260 775 et
1276 756 1425 783 cognosces
1441 753 1466 776 et
1482 750 1616 786 intelliges
1628 752 1662 777 ab
1681 751 1755 778 exitu
1772 759 1826 779 ser-

1044 794 1149 825 monis,
1167 798 1195 821 ut
1214 794 1428 828 respondeatur,
1445 800 1470 822 et
1488 796 1637 823 aedificetur
1657 796 1825 825 Hierusalem

1043 849 1130 875 usque
1150 842 1182 867 ad
1206 841 1345 869 Christum
1371 843 1479 870 ducem.
1501 843 1688 872 Hebdomades
1708 849 1825 879 septem,

1042 890 1069 912 ct
1081 886 1263 914 hebdomades
1279 888 1419 922 sexaginta
1433 888 1514 923 382
1531 889 1591 915 dum
1601 910 1608 922 ,
1624 893 1650 916 et
1665 894 1826 922 revertetur,

1042 938 1067 960 rt
1088 932 1269 960 mdiﬁcabitur
1287 934 1375 968 platea
1396 938 1422 961 et
1441 942 1554 967 murus,
1575 939 1602 961 et
1621 936 1826 962 cvacuabuntur

1043 983 1162 1013 tempora
1174 989 1180 1006 :
1192 983 1218 1006 et
1235 985 1296 1014 post
1306 980 1490 1007 hebdomadas
1506 980 1646 1015 sexaginta
1662 981 1729 1008 duas
1741 1001 1748 1013 ,
1764 990 1826 1016 per-

1042 1026 1089 1052 ibit
1110 1027 1202 1053 unctio
1215 1047 1223 1059 ,
1247 1031 1274 1054 et
1304 1027 1437 1062 judicium
1457 1034 1511 1053 uon
1531 1031 1573 1054 est
1594 1028 1620 1054 in
1641 1035 1692 1059 ea,
1712 1032 1738 1055 et
1758 1029 1824 1055 ciri—

1040 1077 1122 1099 tatcm
1140 1077 1167 1100 ct
1184 1076 1308 1100 sanctum
1328 1073 1465 1108 disperdet
1484 1081 1545 1100 cum
1561 1073 1630 1100 duce
1650 1078 1779 1105 venturo,
1799 1077 1826 1100 et

1039 1119 1199 1146 excidantur
1220 1119 1246 1146 iu
1267 1119 1385 1151 diluvio,
1407 1123 1433 1146 et
1454 1127 1540 1153 usque
1559 1118 1593 1145 ad
1613 1118 1693 1146 tinem
1714 1120 1775 1146 belli
1797 1120 1822 1146 in

1039 1165 1228 1200 rmupendium
1246 1165 1347 1193 redacti
1363 1166 1598 1193 internecionibus
1609 1185 1616 1198 ,
1632 1169 1659 1193 et
1676 1166 1823 1193 conﬁrma-

1038 1212 1077 1238 bit
1098 1215 1207 1246 pactum
1227 1212 1319 1238 inultis
1340 1211 1509 1238 hebdomada
1530 1219 1601 1243 una,
1633 1215 1660 1238 et
1685 1212 1712 1239 in
1733 1212 1823 1239 medio

1037 1257 1215 1284 hebdomadis
1229 1258 1367 1284 auferetur
1383 1258 1547 1284 sacrilicium
1564 1261 1589 1284 et
1605 1257 1717 1290 libatio,
1734 1261 1759 1284 et
1776 1267 1821 1284 su—

1037 1311 1085 1338 per
1104 1304 1232 1338 templum
1254 1303 1421 1330 abominatio
1439 1303 1656 1334 desolationum,
1683 1307 1709 1331 et
1734 1312 1820 1337 usque

1037 1349 1070 1376 ad
1081 1349 1344 1376 consummationem
1363 1349 1493 1383 temporis
1504 1369 1510 1381 ,
1524 1348 1726 1375 consummatio
1743 1347 1820 1374 dabi-

1037 1399 1080 1421 tur
1102 1395 1129 1421 in
1151 1395 1346 1422 desolationem
1363 1395 1397 1421 ‘9.
1416 1405 1424 1420 ι
1439 1395 1506 1421 Cum
1527 1393 1648 1421 Iudaicae
1667 1395 1755 1429 gentis
1776 1402 1820 1421 se-

1035 1441 1211 1476 ptuagenaria
1226 1441 1295 1476 apttd
1310 1440 1473 1475 Babylonios
1490 1440 1606 1467 servitus
1620 1440 1676 1474 jam
1693 1440 1725 1467 ad
1739 1439 1821 1467 linem

1035 1486 1175 1522 tenderet,
1196 1486 1298 1513 Danieli
1318 1486 1405 1512 oranti
1432 1493 1503 1512 unus
1523 1493 1556 1512 ex
1578 1485 1680 1512 sanctis
1699 1484 1744 1511 Dei
1768 1485 1819 1511 uti-

197 1529 275 1565 ὄριὴλ
297 1531 311 1556 ὁ
335 1531 512 1566 ἀρχάγγελος,
530 1533 681 1567 ἐπιφανεὶς,
700 1534 748 1569 τὴν
776 1535 923 1562 ἀνανέωσιν
933 1537 981 1571 τῆς

1035 1533 1128 1559 nistris
1156 1532 1231 1560 visus
1258 1531 1366 1558 Gabriel
1391 1531 1584 1566 archangelus,
1614 1531 1816 1558 renovationmu

202 1575 379 1612 Ἰερουσαλὴμ
408 1579 507 1605 αὐτίκα
524 1588 553 1606 τε
567 1579 613 1605 καὶ
627 1581 677 1606 οὐκ
698 1581 736 1611 εἰς
749 1582 857 1616 μακρὰν
873 1581 980 1609 ἔσεσθαι

196 1618 328 1652 Θεσπίζει,
358 1621 404 1647 τόν
424 1630 453 1647 τε
469 1622 539 1648 κατὰ
562 1623 611 1658 τὴν
626 1624 774 1650 ἀνανέωσιν
787 1625 871 1661 αὐτῆς
887 1627 980 1663 χρόνον

196 1665 235 1696 είς
254 1665 322 1692 ἐτῶν
350 1666 464 1702 ἀριθμὸν
495 1668 660 1704 περιορίζει·
677 1670 800 1705 προλέγει
812 1680 841 1697 τε
858 1672 895 1703 ὼς
911 1673 980 1699 κατὰ

194 1710 244 1746 τὴν
274 1711 429 1747 ὡρισμένην
454 1714 621 1749 προθεσμίαν
642 1713 718 1747 αὖθις
742 1715 978 1753 καθαιρεθήσεται,

194 1759 240 1784 καὶ
250 1759 297 1790 ὡς,
313 1760 362 1795 τὴν
373 1760 501 1796 δευτέραν
517 1762 685 1798 ὑπομείνασα
698 1764 797 1791 ἅλωσιν
810 1765 856 1791 καὶ
871 1765 979 1800 πολιορ-

195 1803 266 1835 κίαν,
281 1804 371 1831 οὐκέτι
387 1806 436 1842 τῆς
450 1808 481 1833 ἐκ
499 1807 565 1834 Θεοῦ
582 1808 704 1841 τεύξεται
724 1809 885 1845 ἐπισκοπῆς,
904 1812 980 1845 μενεῖ

193 1849 222 1875 δὲ
244 1850 357 1889 ἕρημος,
384 1852 654 1890 συγκαθαιρουμένης
677 1855 744 1890 αὐτῇ
766 1857 815 1890 τῆς
842 1855 912 1882 κατὰ
934 1857 979 1883 τὸν

193 1895 313 1928 Μωσέως
342 1897 422 1932 νόμον
459 1899 597 1935 λατρείας,
627 1901 722 1937 ἐτέρας
743 1901 770 1928 δὲ
798 1902 854 1928 ἀντ’
871 1902 977 1937 ἐκείνης

192 1939 231 1975 τῷ
246 1940 295 1977 βίῳ
309 1942 362 1968 τῶν
375 1943 526 1979 ἀνθρώπων
541 1947 643 1982 Καινῆς
653 1947 789 1983 Διαθήκης
804 1948 978 1984 ἀντεισαχθη-

193 1987 318 2023 σομὲνης.
345 1989 399 2016 Καὶ
417 1990 501 2017 ταῦτα
514 1992 528 2017 ὁ
542 1991 661 2027 Γαϐριὴλ
676 1993 713 2024 ὡς
728 1994 755 2019 ἐν
772 1996 903 2029 χρησμοῖς
919 1995 977 2021 ἐπι-

192 2033 390 2069 κεκρυμμένως
408 2036 547 2070 ἐκφαίνειν
564 2038 689 2073 ὁμολογεῖ
704 2039 743 2074 τῷ
761 2041 895 2076 προφήτῃ.
908 2041 976 2076 Φησὶ

191 2077 255 2111 γοῦν
270 2079 309 2114 τῷ
320 2080 432 2116 Δανιήλ-
453 2091 462 2107 ε
482 2081 538 2108 Νῦν
555 2083 665 2118 ἐξῆλθον
683 2084 847 2119 συμϐιϐάσαι
861 2095 890 2112 σε
915 2086 976 2113 σύν-

191 2132 263 2151 εσιν·
284 2127 312 2152 ἐν
338 2127 408 2163 ἀρχῇ
436 2129 486 2164 τῆς
517 2129 634 2166 δεήσεώς
659 2140 705 2157 σου
731 2131 840 2168 ἐξῆλθεν
858 2133 973 2168 ὀλόγος,

191 2169 266 2215 κίιγὼ
281 2169 363 2207 ἦλθον
384 2174 542 2210 ἀναγγεῖλαί
557 2185 608 2208 σοι,
633 2178 674 2204 ὅτι
688 2179 757 2214 ἀνὴρ
775 2179 925 2215 ἐπιθυμιῶν
941 2182 972 2207 σὺ

190 2213 224 2249 εἴ,
250 2218 299 2244 καὶ
331 2219 471 2255 ἐννοήθητι
492 2222 521 2247 ὲν
549 2222 587 2257 τῷ
608 2223 718 2258 ῥήματι,
735 2213 782 2251 καὶ
807 2213 884 2257 σύνες
899 2228 926 2252 ὲν
939 2228 971 2262 τῇ

190 2262 320 2308 δπτασίᾳι
341 2274 350 2291 ›
371 2267 463 2300 σαφῶς
487 2268 626 2303 διεγείρων
655 2270 735 2297 αὑτὸν
755 2273 794 2303 εἰς
822 2272 973 2308 βαθυτέραν

189 2307 292 2335 ἔννοιαν
321 2310 368 2337 καὶ
396 2311 502 2339 σύνεσιν
535 2314 583 2349 τῆς
597 2313 651 2340 τῶν
674 2315 825 2351 λεγομένων
846 2307 970 2353 θεωρίας.

195 2353 340 2400 ἷοπτασίαν
369 2357 434 2390 γοῦν
465 2358 534 2384 αὐτᾶ
557 2359 588 2393 γέ
616 2369 680 2395 φησι
703 2361 745 2388 διὰ
767 2362 798 2388 τὸ
822 2363 972 2400 βαθυτέρας

188 2397 295 2434 ἔχεσθαι
309 2400 435 2435 διανοίας,
456 2403 503 2429 καὶ
514 2404 544 2430 οὐ
565 2404 614 2439 τῆς
629 2406 762 2441 τυχούσης
778 2408 909 2440 συνέσεως
920 2397 972 2435 δεῖ-

188 2443 264 2471 σθαι·
273 2445 367 2482 διόπερ
377 2448 424 2474 καὶ
433 2449 509 2475 αὐτοὶ
517 2449 562 2475 τὸν
570 2449 738 2486 δωρούμενον
751 2452 857 2479 σύνεσιν
870 2454 973 2490 ἀνθρώ-

186 2497 258 2523 ποις,
282 2491 507 2528 ἐπικαλεσάμενοι
525 2503 553 2520 τε
567 2495 611 2521 ὐπ’
624 2495 706 2521 αὑτοῦ
729 2497 896 2532 φωτισθῆναι
911 2500 973 2531 τοὺς

185 2535 234 2570 ἰῆς
259 2535 378 2569 διανοίας
404 2538 571 2574 ὀφθαλμοὺς,
595 2541 822 2577 ὲπιθαρῥήσωμεν
847 2545 880 2579 τῇ
904 2545 972 2571 κατὰ

183 2581 248 2614 τοὺς
261 2583 360 2616 τόπους
373 2584 483 2621 Θεωρίᾳ·
496 2596 504 2611 ι
526 2587 733 2623 Ἑϐδομήκοντα,
752 2598 761 2614 ι
785 2589 877 2624 φησιν,
895 2600 904 2615 ι
927 2591 971 2617 ἐϐ-

184 2626 297 2662 δομάδες
313 2630 519 2665 συνετμήθησαν
534 2630 581 2657 ἐπὶ
591 2631 637 2657 τὸν
652 2631 714 2658 λαόν
732 2641 778 2659 σου
795 2633 842 2659 καὶ
858 2633 905 2659 ἐπὶ
917 2634 967 2669 τὴν

184 2670 261 2700 πόλιν
273 2674 322 2709 τὴν
333 2675 412 2709 ἁγίαν
422 2685 480 2707 σου,
489 2676 535 2702 τοῦ
547 2677 753 2713 συντελεσθῆναι
763 2678 911 2714 ἁμαρτίαν,
920 2680 966 2705 καὶ

183 2718 330 2754 ἀπαλεῖψαι
343 2720 392 2752 τὰς
409 2721 530 2757 ἀνομίας,
546 2722 647 2748 καὶτοῦ
663 2722 834 2754 ἐξιλάσασθαι
850 2723 963 2756 ἀδικίας,

182 2763 231 2790 καὶ
253 2764 367 2798 ἀγαγεῖν
383 2765 554 2802 δικαιοσύνην
566 2767 681 2800 αἰώνιον,
697 2768 743 2795 καὶ
758 2769 804 2795 τοῦ
819 2769 964 2804 σφραγίσαι

220 2861 242 2878 "
261 2862 327 2890 Dan.
345 2871 383 2896 ix,
399 2864 493 2892 20-27.

1033 1579 1109 1606 urbis
1131 1578 1300 1606 Hierusalem
1325 1578 1413 1612 primo
1437 1584 1544 1611 quoque
1565 1580 1687 1611 tempore.
1708 1581 1734 1604 et
1758 1577 1817 1604 sine

1032 1632 1107 1652 mora
1126 1625 1245 1651 futuram
1269 1624 1361 1656 canit,
1377 1627 1404 1650 et
1418 1627 1526 1658 tempus
1541 1630 1627 1657 usque
1644 1622 1678 1649 ad
1695 1630 1755 1650 eam
1771 1630 1815 1650 re-

1032 1671 1204 1697 norationetu
1224 1678 1338 1697 numero
1354 1678 1490 1697 annorum
1511 1671 1695 1698 determinat:
1716 1671 1816 1706 praedi-

1031 1717 1122 1751 citque
1144 1720 1172 1743 ut
1194 1721 1255 1750 post
1278 1716 1418 1742 deﬁnitum
1442 1716 1508 1743 illud
1528 1716 1658 1751 temporis
1674 1717 1813 1750 spatium,

1031 1771 1127 1790 rursus
1144 1766 1289 1793 evertetur,
1314 1765 1397 1796 utque
1418 1766 1479 1796 post
1504 1762 1652 1789 secundam
1675 1769 1813 1796 expugna-

1031 1808 1130 1834 tionem
1148 1812 1230 1842 atqne
1253 1807 1441 1840 obsidionem,
1467 1815 1523 1835 non
1547 1808 1617 1834 ultra
1646 1807 1699 1835 Deo
1723 1811 1813 1833 tutore

1029 1853 1172 1888 gaudebit,
1190 1853 1236 1880 sed
1252 1854 1309 1880 sola
1326 1861 1357 1880 ac
1376 1854 1483 1880 deserta
1505 1861 1597 1880 secum
1617 1861 1668 1879 una
1688 1853 1814 1880 Mosaicae

1030 1900 1095 1934 legis
1110 1900 1162 1926 ritu
1177 1900 1299 1931 sublato,
1315 1899 1482 1934 permanebit
1493 1919 1500 1931 ,
1515 1899 1614 1934 quippe
1629 1907 1691 1936 cum
1708 1899 1734 1925 in
1751 1899 1814 1933 ejus.

1028 1946 1097 1972 ritus
1112 1946 1217 1978 locum,
1234 1948 1260 1973 in
1279 1947 1360 1974 vitam
1379 1946 1519 1973 hominum
1539 1946 1653 1972 alterum
1670 1945 1705 1972 sit
1725 1945 1797 1971 intro

1027 1991 1180 2018 ducendum
1197 1991 1410 2023 Testamentum,
1430 1991 1502 2025 quod
1521 1989 1626 2017 Novum
1644 1990 1760 2017 dicatur.
1779 1990 1811 2016 Et

1027 2037 1099 2068 hzec,
1115 2040 1144 2062 ut
1162 2036 1189 2062 in
1206 2036 1326 2063 oraculis
1341 2044 1400 2063 mos
1416 2041 1474 2066 est,
1493 2035 1610 2062 latenter
1626 2043 1655 2062 se
1674 2034 1727 2070 ipsi
1746 2043 1811 2070 pro-

1027 2082 1115 2117 phetae
1131 2082 1253 2109 indicare
1267 2081 1377 2109 Gabriel
1393 2082 1546 2117 proﬁtetur.
1563 2081 1610 2108 Ait
1627 2081 1709 2116 igitur
1727 2081 1761 2109 ad
1777 2082 1811 2108 il-

1026 2130 1081 2155 lum
1096 2137 1102 2155 :
1123 2137 1132 2153 (
1147 2128 1224 2155 Nune
1240 2136 1367 2163 egressus
1384 2136 1443 2154 sum
1463 2133 1492 2154 ut
1507 2127 1617 2154 atteram
1638 2127 1687 2154 tibi
1708 2127 1809 2155 intelli-

1025 2176 1142 2210 gentiam
1158 2185 1163 2201 :
1179 2175 1212 2201 ab
1227 2174 1304 2201 initio
1317 2182 1427 2209 precum
1441 2178 1548 2200 tuarum
1560 2181 1687 2208 egressus
1699 2177 1741 2200 est
1752 2181 1810 2201 ser-

1026 2229 1088 2253 mo,
1109 2225 1137 2248 et
1159 2229 1209 2256 ego
1224 2221 1284 2247 veni
1308 2223 1338 2246 ut
1358 2220 1506 2246 indicarem
1529 2219 1595 2250 tibi,
1613 2218 1686 2254 quod
1701 2219 1744 2245 vir
1759 2219 1808 2245 de-

1025 2267 1188 2295 sideriorum
1216 2270 1244 2292 tu
1269 2274 1314 2298 es,
1341 2271 1367 2293 et
1392 2265 1579 2292 animadverte
1605 2265 1632 2291 in
1656 2265 1757 2297 verbo,
1782 2269 1810 2291 et

1025 2312 1145 2346 intellige
1171 2312 1199 2339 in
1222 2311 1337 2339 visione.
1355 2321 1363 2336 )
1378 2311 1484 2343 Quibus
1509 2311 1601 2338 verbis
1626 2311 1705 2345 plane
1731 2310 1808 2337 illum

1024 2358 1144 2391 excitat,
1163 2362 1192 2384 ut
1209 2357 1372 2392 profundius
1393 2357 1608 2388 animadvertat,
1631 2355 1808 2391 profundius-

1023 2412 1076 2438 que
1096 2403 1228 2438 intelligat
1246 2411 1277 2430 ea
1296 2411 1356 2437 qua:
1378 2403 1403 2429 in
1425 2403 1514 2429 verbis
1533 2402 1567 2429 ab
1587 2402 1646 2436 ipso
1666 2400 1806 2435 proferen-

1022 2450 1065 2476 dis
1079 2450 1309 2483 contemplatione
1339 2449 1419 2483 digna
1437 2452 1510 2475 sunt.
1537 2447 1675 2482 Siquidem
1695 2447 1741 2473 illa
1766 2448 1807 2474 vi-

1022 2495 1127 2522 sionem
1156 2494 1290 2529 appellat,
1324 2499 1467 2529 propterea
1496 2492 1568 2528 quod
1599 2492 1804 2527 profundiorem

1021 2541 1165 2576 quemdam
1186 2548 1295 2567 sensum
1319 2540 1472 2574 attingunt,
1497 2546 1585 2573 neque
1605 2538 1710 2573 vulgari
1736 2546 1805 2573 qua-

1020 2588 1081 2614 dam
1104 2585 1245 2621 prudentia
1271 2585 1393 2618 indigent
1409 2593 1415 2610 :
1433 2583 1610 2618 quamobrem
1627 2582 1679 2617 ipsi
1696 2590 1804 2617 quoque

1021 2641 1082 2660 cum
1105 2632 1282 2662 invocantes,
1306 2631 1352 2665 qui
1374 2630 1420 2656 dat
1440 2629 1600 2656 hominibus
1621 2628 1802 2663 sapientiam,

1020 2683 1202 2714 rogantesque
1217 2681 1245 2704 ut
1259 2677 1357 2704 mentis
1371 2676 1466 2704 oculos
1480 2675 1559 2702 nobis
1572 2675 1724 2708 illuminet,
1737 2682 1804 2701 cou-

1021 2725 1134 2753 ﬁdenter
1161 2724 1360 2759 aggrediamur,
1378 2730 1438 2757 quae
1455 2722 1489 2749 ad
1506 2722 1604 2749 horum
1621 2722 1744 2749 locorum
1760 2720 1803 2748 in-

1020 2770 1239 2805 terpretationem
1265 2769 1398 2803 pertinent
1416 2778 1423 2795 ι
1446 2778 1454 2793 ι
1474 2767 1664 2803 Septuaginta,
1695 2766 1803 2803 inquit.
