2089 3218
262 174 315 203 999

597 172 732 201 EUSEBII
751 171 992 200 CAESARIENSIS
1009 171 1085 202 OPP.
1104 173 1196 201 PARS
1214 172 1247 203 ll.
1265 188 1295 194 —
1310 171 1558 201 APOLOGETICA.

1829 171 1882 200 600

262 229 447 258 liebdomades
465 229 655 263 compendium
679 235 809 263 accepere
819 235 900 262 super
921 228 1049 263 populum

1110 230 1196 265 ipactv
1205 230 1253 256 καὶ
1264 227 1442 264 προφητείας,
1451 228 1499 255 καὶ
1511 227 1558 254 τοῦ
1573 228 1665 263 χρῖσαι
1677 227 1754 262 ἆγιον
1767 228 1879 262 ἁγίων.-

263 280 341 303 tnum
352 295 360 306 .
372 279 399 303 et
411 282 492 310 super
502 274 637 302 civitatem
648 279 770 302 sanctam
778 294 787 307 ,
801 277 831 300 ut
843 277 1049 300 consummetur

265 325 421 356 peccatum,
441 325 468 348 et
485 320 565 355 quasi
584 320 686 347 annulo
705 320 848 355 signentur
867 322 1000 354 peccata:
1022 322 1049 346 et

265 367 409 394 deleantur
432 366 611 401 iniquitates,
634 370 661 392 et
682 365 826 400 expientur
846 364 1005 398 injustitiaa,
1022 368 1050 391 et

267 413 419 440 adducatur
433 412 541 447 justitia
562 413 725 447 sempiterna
736 431 744 442 .
761 415 788 439 et
803 412 881 446 quasi
905 412 982 447 signo
1000 411 1050 437 im-

267 466 363 494 presso
388 458 532 485 claudatur
559 459 627 485 visio
647 462 674 484 et
697 457 838 492 prophetia
852 477 859 488 ,
887 461 913 485 et
934 461 1050 491 ungatur

268 504 386 532 Sanctus
412 508 580 532 sanctorum.
599 513 608 529 ›
627 503 707 538 383
724 503 801 536 Quod
830 503 914 538 igitur
941 506 1051 537 septua-

268 550 341 585 ginta
357 550 589 578 hebdomadarum
607 549 745 584 spatium,
764 549 786 575 si
811 549 838 575 in
861 556 948 575 annos
964 548 1052 575 resol-

267 599 358 627 vatur,
384 595 531 631 nonaginta
562 602 645 630 supra
675 594 889 629 quadringentos
915 601 1050 621 summam

268 641 407 673 conﬁciat,
435 641 554 673 nemini,
570 645 636 676 puto
648 662 656 674 ,
671 641 784 668 dubium
799 644 850 667 est.
869 639 986 667 Tantum
1003 639 1052 674 igi-

267 691 313 714 tur
327 687 459 722 temporis
475 687 667 722 compendium
691 687 796 722 accepit
821 695 904 721 super
922 686 1052 722 populum

268 738 344 759 tuum
354 751 363 765 ,
379 732 424 760 ubi
439 740 506 760 sane
521 741 628 760 onmem
646 732 764 759 Iudaicae
779 732 867 767 gentis
883 731 1054 759 terminatio-

268 786 331 806 nem
355 779 519 806 concludit:
542 787 592 806 nec
616 783 708 806 tamen
737 779 798 807 illos
821 779 848 805 in
871 778 914 805 liis
937 777 1054 812 amplius

269 824 316 852 Dei
333 825 462 860 populum
479 829 575 857 vocat,
597 825 644 852 sed
667 825 809 859 alloquens
833 825 920 860 ipsum
943 823 1052 855 Daniel,

272 879 281 895 ι
295 869 439 905 Populum,
460 879 470 895 ι
481 871 577 905 inquit,
592 880 600 895 ι
618 874 708 897 ιυυιιι;
721 880 730 896 ›
743 871 934 905 namquealias
948 877 1054 904 quoque

268 920 399 950 tanquam
415 924 478 943 eum
495 916 542 951 qui
560 916 642 951 impie
656 916 774 951 egisset,
795 920 822 944 et
844 916 999 943 simulacris
1025 923 1054 942 se

271 961 437 994 addixisset,
454 970 509 989 non
523 962 640 996 amplius
656 969 735 988 suum
754 962 882 996 populum
900 961 972 989 Deus
983 981 990 993 ,
1007 960 1054 989 sed

271 1007 354 1035 Mosis
384 1007 543 1042 appellavit,
569 1015 630 1034 cum
656 1008 742 1035 dixit:
759 1007 874 1039 «Vade,
902 1007 1054 1039 descende.

271 1054 394 1090 peccavit
406 1055 477 1081 enim
493 1055 609 1089 populus
625 1058 688 1082 tuus
701 1055 733 1081 ⁸⁸.
750 1064 759 1080 ι
773 1053 849 1081 Nunc
864 1054 947 1088 igitur
960 1053 1055 1081 eodem

271 1099 352 1126 modo
369 1107 497 1131 causam.
514 1107 563 1126 cur
580 1099 644 1126 illud
668 1100 799 1134 temporis
821 1099 939 1134 spatium
961 1103 1057 1126 contra

271 1146 332 1173 illos
359 1146 516 1181 praeﬁnierit
535 1146 639 1172 docet:
665 1146 715 1172 hoc
736 1149 826 1172 autem
847 1149 906 1177 est,
931 1152 979 1172 eos
1002 1152 1057 1171 non

272 1192 390 1227 amplius
404 1192 502 1227 dignos
518 1200 595 1223 esse,
614 1192 660 1226 qui
676 1192 793 1226 populus
811 1191 858 1218 Dei
875 1192 1055 1226 appellentur.

271 1238 374 1266 Deinde
396 1238 519 1273 adjungit
544 1237 627 1270 illud,
645 1247 654 1262 ι
670 1237 703 1264 Et
728 1238 815 1272 Super
832 1238 968 1265 civitatem
994 1245 1058 1264 san—

272 1288 343 1311 ctam
360 1294 367 1317 ;
383 1294 393 1310 »
407 1284 452 1311 ubi
468 1284 534 1311 illud
559 1289 630 1310 tuam
649 1292 745 1311 rursus
760 1292 776 1311 a
799 1283 932 1318 superiori
957 1283 1059 1310 subau-

272 1331 392 1358 divimus
407 1340 413 1357 :
433 1335 461 1357 ut
478 1331 516 1357 ita
533 1330 637 1357 dictum
652 1337 713 1357 esse
731 1330 867 1361 videatur,
883 1338 891 1354 ι
908 1336 991 1363 super
1010 1337 1059 1363 po-

274 1377 367 1411 pulum
388 1380 465 1403 tuum
487 1380 514 1403 et
533 1384 616 1411 super
636 1377 775 1403 civitatem
798 1379 920 1403 sanctam
939 1380 1031 1408 tuam,
1048 1385 1056 1400 ι

273 1430 328 1450 non
344 1430 424 1450 secus
441 1430 472 1449 ac
489 1423 512 1449 si
526 1422 657 1450 dixisset:
670 1422 735 1455 Qum
746 1429 760 1448 a
773 1426 799 1449 te
814 1425 907 1449 sancta
922 1421 1061 1448 existinm-

273 1472 329 1496 tur.
357 1468 425 1495 Nam
439 1473 466 1496 et
480 1468 630 1495 Hebraicus
654 1472 808 1499 contextus,
824 1471 850 1494 et
867 1467 962 1501 reliqui
979 1467 1061 1493 inter-

274 1519 366 1550 pretes
396 1522 452 1541 uno
478 1522 542 1546 ore,
568 1521 622 1541 non
649 1514 738 1541 solum
770 1514 803 1540 ad
835 1513 964 1548 populum
993 1513 1058 1540 illud

277 1570 288 1586 ‹
303 1565 399 1593 tuum,
417 1571 426 1586 ι
441 1560 488 1589 sed
507 1561 589 1588 etiam
613 1560 646 1587 ad
672 1560 827 1591 civitatem,
849 1559 914 1586 illud
932 1568 940 1584 ι
957 1564 1031 1586 tuam
1047 1568 1056 1584 ›
1075 1579 1096 1606 c

274 1606 434 1641 adiungunt.
449 1605 545 1640 Aquila
562 1604 653 1639 igitur,
665 1614 673 1630 ι
685 1604 772 1639 Super
786 1604 926 1639 populum,
939 1614 948 1629 ι
964 1603 1061 1638 inquit,

276 1661 287 1678 ι
303 1656 390 1683 tuum,
415 1656 442 1679 et
457 1659 538 1686 super
561 1652 697 1678 civitatem
724 1650 921 1678 sanctiﬁcatam
943 1655 1035 1676 tuam:
1051 1659 1060 1674 ι

275 1697 457 1734 Symmachus
471 1701 560 1725 autem
572 1707 579 1724 :
593 1706 602 1722 ι
617 1697 756 1724 Adversus
776 1696 907 1732 populum
923 1700 1000 1723 tuum
1010 1716 1017 1727 ,
1036 1700 1062 1723 et

275 1745 413 1771 civitatem
431 1747 555 1771 sanctam
572 1747 657 1770 tuam.
676 1752 685 1768 ι
700 1741 834 1774 Quocirca
853 1742 881 1768 in
899 1741 978 1769 bonis
994 1749 1063 1776 quo-

275 1798 328 1826 que
354 1789 423 1818 LXX
445 1789 626 1824 luterpretum
648 1787 807 1816 codicibus.
825 1787 890 1814 illud
915 1796 924 1812 ι
941 1791 1061 1819 tuam,-i

277 1836 385 1865 stellula
411 1835 535 1871 apposita
557 1834 693 1870 adjectum
719 1837 761 1861 est
778 1843 784 1860 τ
801 1841 865 1860 nam
893 1840 954 1860 cum
981 1840 1064 1860 orans

277 1882 372 1910 Daniel
395 1882 423 1909 in
445 1881 499 1909 illis
524 1889 581 1909 suae
605 1879 815 1916 supplicationis
837 1879 946 1910 verbis,
963 1879 1064 1914 stepius

276 1928 427 1963 populum,
443 1927 492 1955 Dei
513 1927 642 1962 populum
664 1926 854 1957 nominasset,
871 1925 992 1951 civitatis
1015 1932 1064 1951 au-

278 1977 332 2000 tem
349 1972 456 2003 locum,
474 1974 600 1998 sanctum
617 1968 665 1997 Dei
681 1970 770 1997 locum
784 1988 792 2001 ,
805 1972 916 1997 vertens
933 1968 960 1995 in
975 1968 1065 1995 diver-

278 2025 340 2044 sum
364 2016 412 2052 qui
434 2015 634 2051 respondebat,
662 2022 751 2050 neque
779 2014 915 2042 civitatem
942 2019 1064 2042 sanctam

278 2062 343 2094 Dei,
357 2069 446 2097 neque
460 2061 589 2096 populum
603 2059 652 2087 Dei
665 2068 727 2087 esse
741 2059 854 2092 fatetur,
869 2059 916 2087 sed
927 2069 935 2085 ι
945 2065 1022 2086 tuum
1034 2079 1042 2091 ,
1053 2068 1062 2084 ι

279 2109 385 2144 inquit,
399 2108 446 2143 qui
461 2114 540 2139 oras,
556 2110 582 2134 et
597 2106 643 2141 qui
662 2106 726 2133 talia
743 2106 777 2133 de
794 2106 895 2140 populo
911 2105 985 2133 etde
1005 2105 1066 2132 loco

281 2154 399 2181 civitatis
412 2153 517 2180 dixisti.
536 2151 624 2180 Verba
641 2152 727 2186 ipsius
750 2151 844 2179 Daniel
867 2152 918 2178 hoc
939 2150 1020 2178 modo
1036 2158 1066 2178 se

280 2200 403 2227 habent:
420 2208 430 2224 ι
445 2199 591 2226 Avertatur
611 2198 688 2225 furor
708 2203 773 2225 tuus
794 2202 821 2225 et
844 2198 883 2224 ira
906 2202 953 2224 tua
969 2205 982 2224 a
999 2197 1066 2224 civi-

279 2248 336 2272 tate
353 2248 398 2271 tua
413 2243 564 2271 Jerusalem
581 2247 609 2270 et
625 2247 717 2271 monte
734 2246 829 2270 sancto
842 2246 889 2269 tuo
903 2241 935 2269 ⁶¹.
953 2252 962 2268 ι
976 2241 1042 2270 Item
1057 2252 1062 2270 :
1081 2258 1103 2286 η

282 2300 293 2317 ι
308 2290 427 2326 Populus
447 2294 511 2316 tuus
526 2288 614 2316 factus
628 2293 670 2316 est
686 2289 713 2316 in
736 2288 913 2323 opprobrium
935 2288 1064 2316 omnibus

280 2337 309 2364 in
323 2335 439 2363 circuitu
455 2338 549 2362 nostro
563 2335 597 2360 °‘.
611 2343 620 2360 ι
633 2333 666 2360 Et
679 2341 776 2361 rursus
791 2343 798 2360 ε
813 2342 823 2359 ‹
835 2332 954 2360 Ostende
967 2332 1064 2360 faciem

279 2388 354 2411 tuam
383 2390 466 2417 super
488 2382 676 2409 sanetuarium
698 2386 792 2413 tuum,
822 2381 895 2416 quod
926 2380 1065 2408 desertum

279 2433 322 2457 est
338 2429 373 2454 ⁸³.
390 2438 400 2454 ›
416 2429 449 2456 Ει
464 2435 560 2455 rursus
575 2436 582 2455 :
597 2437 606 2452 ι
624 2426 692 2454 Vide
712 2427 853 2454 interitum
873 2427 992 2454 civitatis
1012 2431 1065 2454 tute

281 2483 363 2510 super
386 2482 467 2510 quam
492 2474 646 2501 invocatum
671 2478 714 2501 est
739 2481 839 2504 nomen
854 2477 929 2500 tuum
948 2474 981 2502 ⁸³.
1001 2483 1010 2500 ι
1027 2474 1066 2501 Ac

281 2521 430 2556 deinceps:
447 2530 455 2546 ι
473 2514 543 2553 Quia
566 2527 665 2547 nomen
681 2523 758 2546 tuum
781 2519 937 2546 invocatum
955 2524 997 2547 est
1016 2527 1064 2547 sn-

281 2574 330 2600 per
345 2566 482 2593 civitatem
500 2570 593 2596 tuam,
609 2569 636 2591 et
656 2571 738 2599 super
758 2564 888 2599 populum
906 2568 982 2591 tuum
1002 2564 1034 2589 ⁸⁵.
1053 2574 1062 2589 ι

283 2612 397 2640 Talibus
418 2620 481 2639 cum
503 2616 626 2643 orasset,
644 2611 769 2646 adiunxit
785 2621 791 2638 :
807 2620 816 2636 ι
835 2610 868 2638 Et
891 2618 954 2638 cum
977 2610 1066 2637 adhuc

283 2658 409 2693 loquerer
426 2662 453 2686 et
473 2666 598 2691 orarem,
620 2666 684 2686 ecce
709 2657 818 2685 Gabriel
842 2666 922 2693 quem
945 2657 1065 2685 videram

284 2704 312 2730 in
329 2704 433 2731 visione
449 2712 523 2736 mea,
539 2705 635 2732 volans
652 2704 739 2739 tetigit
756 2712 798 2732 me
809 2723 818 2737 ,
837 2708 863 2731 et
879 2704 948 2731 dixit
964 2711 995 2730 ea
1013 2703 1067 2730 uti-

285 2755 338 2782 que
361 2756 420 2782 quas
442 2749 567 2783 superius
585 2749 722 2784 descripta
745 2749 840 2776 babes.
858 2759 867 2774 ι
886 2748 969 2784 384
984 2747 1068 2775 Plane

286 2793 368 2827 igitur
383 2793 411 2820 in
428 2794 469 2820 liis
498 2795 628 2829 propheta
650 2803 704 2823 non
726 2795 888 2830 simpliciter
909 2795 1064 2826 civitatem,

1100 277 1160 302 Ὀτι
1173 276 1227 302 τῶν
1243 276 1427 311 ἑϐδομήκοντα
1437 275 1590 310 ἑϐδομάδων
1608 275 1622 301 ό
1637 274 1741 309 χρόνος,
1753 275 1782 301 ὲν
1795 274 1883 301 ἐτεσιν

1099 323 1290 357 ἀναλυόμενος,
1317 322 1491 357 ἐννενήκοντα
1530 321 1599 357 πρὸς
1622 322 1680 353 τοῖς
1699 320 1883 356 τετρακοσίοις

1099 369 1213 404 ἀριθμὸν
1227 368 1346 402 συνάγει,
1362 367 1442 394 παντί
1456 375 1507 393 που
1516 367 1603 402 δῆλον.
1621 366 1752 397 Τοσοῦτος
1767 375 1807 392 τοι
1815 374 1885 402 γαρ-

1100 414 1146 441 οῦν
1172 413 1325 448 συνετμήθη
1352 413 1446 448 χρόνος
1471 412 1516 439 ἐπὶ
1541 411 1587 438 τὸν
1609 411 1672 437 λαόν
1700 420 1757 443 σου,
1777 411 1808 437 τδ
1829 412 1883 437 πᾶν

1102 460 1289 496 συμπέρασμα
1311 459 1358 485 τοῦ
1379 458 1511 486 Ἰουδαίων
1528 458 1690 493 περιορίζων
1710 457 1802 489 ἔθνους
1813 465 1820 472 '
1838 457 1886 483 καλ⁵

1100 507 1191 533 οὐκέτι
1202 515 1233 540 γε
1249 506 1346 537 αὐτοὺς
1359 506 1386 531 ἐν
1404 505 1509 536 τούτοις
1522 504 1589 530 Θεοῦ
1602 504 1664 530 λαὸν
1679 503 1884 539 προσαγορεύει,

1102 552 1168 579 ἀλλὰ
1184 552 1222 587 τῷ
1239 552 1339 587 Δανιήλ
1351 559 1427 586 φησι,
1444 560 1453 575 ι
1465 550 1528 577 λαόν
1546 559 1601 576 σου.
1615 559 1624 574 ι
1640 550 1743 585 Ὠσπερ
1754 549 1807 584 γὰρ
1823 550 1887 576 ἀσε-

1102 599 1135 633 ϐή
1141 598 1225 624 σαντά
1237 606 1301 623 ποτε
1317 597 1363 623 καὶ
1378 596 1641 631 εζδωλολατρήσαντα
1654 596 1699 621 ἐπὶ
1712 595 1760 630 τῆς
1771 596 1885 631 ὲρήμου,

1102 644 1193 670 οὐκέτι
1216 643 1281 670 λαὸν
1301 642 1396 669 ἑαυτοῦ
1412 644 1426 669 ὁ
1440 642 1515 675 Θεὸς,
1531 641 1597 668 ἀλλὰ
1611 641 1658 668 τοῦ
1671 642 1791 673 Μωσέως
1804 650 1889 677 προσ-

1103 691 1162 716 εῖπε
1175 709 1182 721 ,
1200 689 1304 724 φήσας·
1325 698 1334 714 ι
1350 688 1456 720 mage,
1474 688 1624 723 κατάϐηθι·
1652 687 1772 723 ὴνόμησε
1797 688 1852 723 γὰρ
1873 689 1888 715 ό

1102 735 1166 766 λαός
1183 743 1242 761 σου·
1260 744 1270 760 ι
1289 734 1334 760 τὸν
1359 733 1438 760 αὑτὸν
1456 734 1554 768 τρόπον
1584 733 1720 760 κάνταῦθα
1739 733 1785 760 τοῦ
1812 742 1889 769 περι-

1103 780 1217 816 ωρίσθαι
1233 780 1293 806 κατ’
1309 778 1398 806 αὐτῶν
1424 778 1468 804 τὸν
1485 777 1635 812 δηλωθέντα
1651 777 1745 812 χρόνον
1758 776 1789 803 τὸ
1804 776 1889 803 αἴτιον

1104 826 1270 853 ὲκδιδάσκει’
1293 825 1371 852 τοῦτο
1395 825 1416 850 δ’
1437 822 1470 859 ἦν
1493 824 1523 850 τὸ
1548 824 1645 859 μηκέτι
1670 823 1717 850 τοῦ
1743 823 1810 849 Θεοῦ
1826 823 1890 850 λαὸν

1104 872 1201 903 αὐτοὺς
1217 871 1407 904 καταξιοῦσθαι
1419 869 1606 905 χρηματίζειν.
1621 869 1755 903 Ἐπιλέγει
1765 869 1803 900 δὲ,
1818 879 1826 894 ι
1836 869 1891 895 Καὶ

1069 907 1090 934 Β
1105 918 1150 943 ἐπὶ
1165 917 1214 952 τὴν
1227 916 1302 942 πόλιν
1312 916 1362 950 τὴν
1376 915 1456 949 ἁγίαν
1466 923 1472 929 ·
1489 924 1498 939 ι
1510 915 1540 940 τὸ
1555 914 1601 940 σοῦ
1615 913 1695 940 πάλιν
1709 913 1891 945 ὲξακουόντων

1105 963 1182 999 ἡμῶν
1197 962 1267 989 κατὰ
1284 961 1385 993 κοινοῦ,
1409 962 1445 993 ὡς
1461 959 1530 987 εἶναι
1553 961 1582 987 τὸ
1596 960 1740 996 λεγόμενον
1761 959 1891 991 τοιοῦτον,

1108 1019 1117 1035 ι
1130 1009 1190 1036 Ἐπὶ
1199 1009 1243 1035 τὸν
1254 1009 1316 1034 λαόν
1329 1016 1387 1040 σου,
1400 1008 1447 1034 καὶ
1461 1008 1506 1033 ἐπὶ
1520 1007 1568 1042 τὴν
1580 1007 1654 1033 πόλιν
1666 1007 1715 1042 τὴν
1724 1006 1803 1040 ἁγίαν
1816 1014 1890 1036 dou,»

1106 1055 1144 1086 ὡς
1166 1056 1189 1081 εἰ
1214 1056 1325 1089 ἕςασκε·
1356 1053 1411 1089 Τὴν
1443 1055 1484 1080 σοὶ
1514 1053 1707 1088 νενομισμένην
1740 1052 1829 1087 ἁγίαν.
1856 1050 1893 1077 Τὸ

1108 1100 1173 1135 γοῦν
1185 1100 1338 1135 Ἐδραῖκὸν,
1350 1100 1397 1126 καὶ
1411 1101 1436 1126 οἱ
1448 1099 1535 1126 λοιποὶ
1552 1098 1702 1134 συμφώνως
1717 1097 1893 1134 ὲρμηνευταὶ,

1108 1148 1138 1174 ού
1158 1147 1236 1182 μόνον
1251 1146 1297 1173 ἐπὶ
1313 1146 1360 1172 τοῦ
1376 1145 1452 1177 λαοῦ,
1471 1145 1537 1172 ἀλλὰ
1552 1146 1598 1171 καὶ
1616 1145 1661 1171 ἐπὶ
1676 1144 1724 1179 τῆς
1742 1143 1844 1171 πόλεως
1862 1143 1894 1169 τὸ

1108 1192 1165 1219 σοῦ
1182 1191 1376 1227 προσκείμενον
1387 1190 1565 1225 περιέχουσιν.
1583 1189 1611 1216 '0
1627 1188 1692 1223 γοῦν
1711 1188 1823 1220 Ἀκύλας
1841 1196 1894 1226 φη-

1110 1237 1161 1263 σίν·
1179 1246 1188 1262 ‹
1208 1236 1269 1263 Ἐπὶ
1285 1236 1329 1262 τὸν
1351 1235 1413 1262 λαόν
1429 1244 1485 1266 σου,
1502 1235 1548 1261 καὶ
1565 1234 1610 1260 ἐπὶ
1632 1234 1708 1260 πόλιν
1727 1232 1894 1268 ὴγιασμένην

1111 1293 1168 1310 σου⁸
1185 1294 1193 1309 ι
1205 1284 1219 1310 ὁ
1232 1283 1260 1310 δὲ
1275 1282 1430 1318 Σύμμαχος-
1445 1291 1453 1306 ι
1468 1281 1549 1308 Κατὰ
1573 1281 1619 1308 τοῦ
1634 1280 1699 1307 λαοῦ
1714 1288 1770 1310 σου,
1783 1280 1829 1306 καὶ
1845 1279 1895 1314 τῆς

1110 1330 1214 1361 πόλεως
1231 1329 1279 1364 τῆς
1293 1328 1373 1363 ἁγίας
1391 1336 1447 1354 σου.
1461 1337 1469 1353 ›
1484 1327 1564 1353 Ὂοεν
1580 1327 1627 1353 καὶ
1644 1325 1718 1361 παρὰ
1738 1326 1794 1355 τοῖς
1815 1325 1895 1360 ἀκρι-

1111 1375 1185 1402 ϐέσιν
1204 1374 1379 1410 ἀντιγράφοις
1406 1373 1460 1400 τῶν
1481 1371 1677 1407 Ἑϐδομήκοντα
1701 1371 1731 1397 τὸ
1747 1370 1804 1398 σοῦ
1827 1369 1896 1406 μετα

1111 1421 1272 1457 ἀατερίσκου
1291 1420 1467 1455 παραθέσεως
1488 1418 1656 1454 πρόσκειται.
1682 1417 1758 1444 Ἐπεὶ
1780 1416 1834 1451 γὰρ
1853 1416 1897 1442 εὖ·

1113 1465 1226 1500 ξάμενος
1241 1464 1340 1500 Δανιὴλ
1360 1464 1388 1489 ἐν
1401 1465 1457 1495 τοῖς
1471 1463 1521 1497 τῆς
1548 1462 1651 1493 ἱκεσίας
1677 1460 1759 1488 αὑτοῦ
1781 1461 1896 1496 ῥήμασι,

1113 1511 1242 1542 πολλάκις
1255 1510 1300 1537 τὸν
1323 1509 1371 1545 μὲν
1387 1509 1460 1541 λαὸν,
1478 1508 1544 1535 Θεοῦ
1567 1508 1631 1534 λαὸν
1645 1507 1785 1542 ὠνόμασε,
1802 1506 1847 1532 τὸν
1867 1503 1899 1532 δὲ

1113 1558 1162 1592 τῆς
1179 1556 1283 1587 πόλεως
1300 1556 1391 1587 τόπον,
1411 1555 1488 1588 ἅγιον
1500 1553 1566 1580 Θεοῦ
1585 1553 1676 1583 τόπον,
1693 1551 1870 1587 ἀντιστρέψας
1883 1551 1899 1577 ὁ

1115 1601 1302 1638 χρηματίζων,
1328 1600 1388 1626 οὔτε
1408 1600 1456 1635 τὴν
1479 1599 1555 1626 πόλιν
1579 1598 1658 1632 ἁγίαν
1670 1598 1716 1624 τοῦ
1733 1596 1817 1628 Θεοῦ,
1836 1596 1898 1623 οὔτε

1115 1649 1159 1674 τὸν
1175 1647 1238 1674 λαὸν
1253 1646 1299 1672 τοῦ
1311 1645 1377 1671 θεοῦ
1395 1643 1463 1671 εἶναι
1476 1644 1610 1679 ὁμολογεῖ,
1624 1643 1691 1670 ἀλλὰ
1709 1651 1718 1668 ι
1734 1642 1780 1669 σοῦ
1800 1651 1810 1667 ι
1831 1650 1899 1677 φησι

1114 1693 1161 1720 τοῦ
1195 1692 1423 1728 προσευχομένου,
1459 1691 1506 1717 καὶ
1530 1689 1641 1716 τοιαῦτα
1669 1689 1733 1724 περὶ
1756 1687 1803 1715 τοῦ
1832 1687 1899 1714 λαοῦ

1115 1740 1162 1766 καὶ
1173 1737 1219 1764 τοῦ
1234 1737 1316 1763 τόπου
1330 1737 1376 1763 καὶ
1393 1737 1442 1771 τῆς
1454 1735 1558 1766 πόλεως
1575 1734 1726 1770 εἰρηκότος.
1743 1734 1853 1768 Ἔχουσι
1870 1732 1899 1759 δὲ

1115 1784 1160 1810 τοῦ
1185 1783 1283 1818 Δανιὴλ
1298 1783 1324 1809 αἱ
1351 1783 1437 1816 φωναὶ
1450 1781 1549 1813 οὕτως·
1563 1790 1572 1806 ι
1591 1780 1806 1815 Ἀποστραφήτω
1833 1778 1865 1814 δὴ
1886 1779 1902 1805 ὁ

1116 1830 1200 1865 θυμός
1217 1837 1280 1861 σου,
1305 1828 1385 1863 καὶὴ
1412 1827 1478 1862 ὀργή
1509 1835 1555 1853 σου
1572 1826 1626 1853 ἀπὸ
1649 1826 1699 1860 τῆς
1724 1824 1826 1856 πόλεώς
1853 1833 1900 1851 σου

1121 1872 1297 1909 Ἰερουσαλὴμ
1312 1872 1391 1908 ὅρους
1413 1871 1489 1906 ἁγίου
1517 1879 1580 1897 σου·
1594 1880 1603 1896 ι
1619 1870 1676 1897 καί·
1697 1879 1706 1895 ι
1727 1870 1755 1896 '0
1773 1870 1837 1902 λαός
1854 1878 1900 1896 σου

1115 1918 1224 1952 ἐγένετο
1235 1918 1274 1948 εἰς
1284 1917 1433 1952 ὀνειδισμὸν
1444 1917 1472 1943 ἐν
1484 1916 1550 1942 πᾶσι
1560 1917 1616 1947 τοῖς
1627 1915 1782 1951 περικύκλῳ
1794 1914 1899 1951 ήμῶν-ι

1116 1964 1163 1990 καὶ
1180 1963 1275 1990 πάλιν·
1299 1973 1307 1988 ι
1331 1963 1476 1998 Ἐπίφανον
1503 1962 1533 1988 τὸ
1559 1961 1703 1998 πρόσωπόν
1729 1970 1774 1988 σου
1799 1961 1846 1988 ἐπὶ
1870 1960 1902 1988 τὸ

1117 2009 1239 2044 ἁγίασμά
1254 2017 1300 2036 σου
1314 2009 1344 2035 τὸ
1357 2008 1459 2044 ἔρημον
1469 2017 1475 2022 ·
1495 2018 1505 2034 ι
1523 2008 1570 2035 καὶ⁵
1583 2005 1675 2039 αὖθις·
1688 2017 1697 2033 ι
1710 2006 1762 2033 Ἴδε
1773 2006 1818 2033 τὸν
1830 2007 1901 2042 ἀφα-

1117 2055 1212 2090 νισμὸν
1228 2055 1278 2090 τῆς
1294 2053 1397 2085 πόλεώς
1412 2063 1469 2085 σου,
1482 2054 1524 2088 ἐφ’
1536 2052 1570 2090 ἦς
1583 2053 1760 2089 ἐπικέκληται
1773 2053 1804 2079 τὺ
1817 2052 1904 2088 ὗνομά

1118 2109 1164 2127 σου
1179 2102 1221 2126 ἐπ’
1237 2100 1337 2134 αὐτῆς·
1350 2109 1359 2124 ι
1379 2100 1426 2126 καὶ
1440 2099 1503 2135 ἑξῆς
1513 2108 1519 2114 ·
1534 2100 1594 2126 Ὅτι
1619 2099 1650 2125 τὸ
1671 2098 1756 2134 δνομά
1783 2106 1830 2124 σου
1854 2099 1903 2125 ἑπ-

1117 2147 1216 2183 εκλήοη
1240 2147 1286 2173 ἐπὶ
1302 2146 1350 2181 τὴν
1377 2145 1453 2172 πόλιν
1478 2154 1524 2172 σου
1547 2146 1593 2172 καὶ
1609 2145 1654 2171 ἐπὶ
1675 2144 1720 2171 τὸν
1734 2144 1797 2171 λαόν
1818 2152 1876 2171 σου.
1891 2154 1900 2170 ι

1118 2192 1235 2220 Τοιαῦτα
1248 2191 1394 2226 εὐξάμενος
1404 2191 1524 2225 ἐπιλέγει
1536 2199 1542 2205 ·
1558 2201 1567 2216 ι
1577 2191 1632 2217 Καὶ
1645 2190 1684 2217 ἔτι
1699 2198 1749 2225 μου
1762 2189 1905 2222 λαλοῦντος

1118 2241 1165 2266 καὶ
1182 2238 1418 2275 προσευχομένου,
1438 2238 1492 2265 ἰδοὺ
1517 2236 1654 2273 Γαϐριὴλ,
1673 2237 1703 2263 όν
1719 2235 1788 2263 εἶδον
1815 2237 1844 2263 ἐν
1868 2237 1903 2272 τῇ

1117 2286 1210 2321 ὁράσει
1225 2294 1287 2320 μου,
1303 2284 1459 2319 πετόμενος,
1474 2283 1521 2310 καὶ
1535 2283 1622 2319 ἣψατό
1637 2291 1699 2318 μου,
1714 2283 1762 2310 καὶ
1776 2281 1836 2309 εἶπε
1849 2292 1858 2308 ι
1870 2282 1905 2309 τὰ

1118 2329 1359 2366 ἀναγεγραμμένα.
1382 2329 1479 2363 Σαφῶς
1494 2326 1540 2355 οὖν
1562 2328 1605 2355 διὰ
1628 2327 1730 2354 τούτων
1743 2327 1757 2353 ό
1774 2327 1823 2362 μὲν
1837 2334 1905 2366 προ-

1119 2378 1206 2412 φήτης
1220 2376 1296 2402 πόλιν
1307 2376 1355 2410 ούχ
1362 2375 1464 2407 ἁπλῶς,
1477 2374 1544 2401 ἀλλὰ
1561 2383 1570 2400 ί
1583 2373 1629 2400 τοῦ
1645 2373 1714 2400 Θεοῦ
1725 2373 1802 2400 πόλιν
1818 2382 1828 2399 ι
1838 2367 1905 2399 ὦνό-

1120 2431 1199 2458 μασε,
1213 2422 1260 2448 καὶ
1270 2422 1300 2447 τὸ
1315 2421 1438 2456 ἁγίασμα
1454 2429 1463 2446 ι
1477 2420 1523 2447 τοῦ
1537 2420 1604 2447 Θεοῦ
1617 2420 1750 2455 ἁγίασμα,
1763 2428 1773 2446 ι
1789 2418 1837 2446 καὶ
1860 2418 1906 2445 τὸν

1119 2468 1183 2495 λαὸν
1193 2478 1202 2493 ι
1214 2467 1261 2494 τοῦ
1272 2467 1339 2494 Θεοῦ
1348 2467 1419 2499 λαὸν,
1427 2477 1435 2493 ι
1445 2467 1597 2502 διαθέσειτῇ
1607 2466 1674 2501 πρὸς
1679 2466 1724 2492 τὸν
1729 2464 1907 2492 λαόν.υῦκέτι

1122 2516 1175 2551 μὴν
1187 2515 1235 2541 καὶ
1249 2516 1263 2541 ό
1279 2514 1399 2550 Γαὸριὴλ
1411 2514 1512 2549 ὁμοίως
1524 2512 1598 2548 αὐτῷ
1609 2512 1686 2539 καλεῖ
1694 2511 1729 2538 τὰ
1742 2509 1906 2547 δηλούμενα,

1120 2562 1237 2597 ἔμπαλιν
1254 2561 1293 2593 δὲ,
1304 2571 1312 2586 ι
1329 2561 1391 2587 Ἐπὶ
1408 2560 1453 2587 τὸν
1464 2559 1527 2587 λαόν
1544 2568 1601 2592 σου,
1613 2569 1621 2585 ι
1631 2560 1706 2595 φησὶ,
1719 2569 1728 2585 ι
1745 2559 1791 2586 καὶ
1798 2558 1844 2585 ἐπὶ
1857 2558 1907 2594 τὴν

1121 2609 1197 2635 πόλιν
1208 2609 1256 2644 τὴν
1269 2607 1348 2641 ἁγίαν
1362 2616 1419 2639 σου,
1426 2617 1435 2632 ›
1446 2606 1585 2642 μονονουχὶ
1595 2606 1641 2632 καὶ
1651 2605 1700 2640 τὴν
1708 2605 1794 2636 πόλιν,
1803 2603 1907 2632 καὶτὸν

1117 2655 1190 2687 λαὸν,
1200 2655 1247 2680 καὶ
1257 2654 1286 2680 τὺ
1299 2653 1421 2688 ἁγίασμα
1435 2651 1542 2684 ἀνάξιον
1552 2649 1619 2678 εἶναι
1631 2651 1680 2686 τῆς
1688 2650 1734 2677 τοῦ
1742 2649 1809 2676 Θεοῦ
1822 2657 1909 2686 προσ-

1117 2701 1230 2736 ηγορίας
1253 2701 1404 2735 ἀποφήνας.
1426 2698 1557 2725 Τοσοῦτον
1570 2698 1602 2734 δὴ
1617 2695 1663 2724 οὖν
1683 2697 1778 2734 χρόνον
1790 2695 1908 2732 ὡρίσθαι

1119 2747 1189 2774 κατὰ
1208 2747 1255 2773 τοῦ
1271 2746 1336 2773 λαοῦ
1350 2746 1466 2782 πρῶτον,
1483 2745 1578 2772 ἔπειτα
1595 2745 1642 2771 καὶ
1658 2744 1729 2770 κατὰ
1740 2742 1790 2778 τῆς
1804 2742 1909 2774 πόλεως

1118 2794 1254 2826 διδάσκει,
1272 2793 1318 2819 καὶ
1339 2792 1464 2824 τοσοῦτός
1478 2800 1508 2826 γε
1527 2791 1564 2817 ὣν
1590 2789 1776 2817 ἀποδείκνυται
1794 2787 1848 2816 ἀπὸ
1858 2786 1910 2823 τῆς

322 2871 345 2887 ⁸⁸
364 2870 449 2898 Exod.
467 2879 557 2902 χχιιι.
573 2871 601 2900 7.
640 2872 661 2888 ⁸⁸
682 2870 749 2899 Dan.
770 2880 810 2904 Ix,
830 2872 871 2899 l6.
909 2873 931 2888 "
951 2871 1018 2899 ibid.
1056 2872 1061 2887 ‘

1110 2871 1163 2899 bid.
1181 2871 1223 2898 Π.
1263 2871 1285 2886 ⁸⁵
1305 2870 1369 2898 ibid.
1392 2870 1434 2898 l8.
1472 2870 1494 2885 ⁶⁸
1515 2868 1581 2896 ibid.
1599 2867 1642 2896 l9.
