2089 3218
207 182 258 210 σοι

635 180 961 210 DEMONSTBATIONIS
980 179 1210 209 EVANGELICIE
1230 180 1295 209 LIB.
1315 180 1382 208 Vill.

1770 180 1823 211 609

207 238 382 271 ἀνανεώσεως
396 239 446 275 τῆς
463 238 646 275 Ἰερουσαλὴμ,
657 239 671 266 δ
682 239 792 274 γέγονεν
808 240 854 266 ἐπὶ
877 238 989 274 Δαρείου

1041 238 1088 265 sed
1104 247 1113 264 ι
1129 238 1176 266 Dei
1193 239 1351 272 civitatem,
1368 248 1378 266 ›
1395 239 1561 271 nominavit,
1575 243 1602 267 et
1617 240 1802 268 sanctuarium
1813 261 1822 275 ,

206 286 254 314 τοῦ
281 285 393 321 Περσῶν
412 285 558 320 βασιλέως,
575 286 655 321 μέχρι
674 286 723 321 τῆς
747 285 900 319 Αὐγούστου
927 286 989 311 Ῥω-

209 332 295 368 μαίων
312 332 533 367 ἐπικρατήσεως,
559 331 677 367 Ἡρώδου
700 340 729 358 τε
755 332 888 358 Ἰουδαίων
914 332 990 366 βασι-

206 377 285 410 λέως,
302 377 450 412 ἀλλοφύλου
468 378 497 404 τὸ
510 377 597 411 γένος,
615 378 674 404 καθ’
689 377 734 409 οὒς
749 378 783 404 τὰ
798 378 847 413 τῆς
859 378 991 412 γενέσεως

208 424 353 459 ἱστορεῖται
374 424 421 449 τοῦ
443 424 567 458 Σωτῆρος
581 423 677 459 ἡμῶν,
703 424 740 455 ὡς
763 424 776 449 ὁ
791 423 868 457 λόγος
889 422 990 458 προῖὼν

208 469 343 501 ἐπιδείξει.
367 469 445 504 Ἑξῆς
467 469 495 495 δὲ
521 469 657 503 ἐπιλέγει’
685 479 694 495 ι
715 469 768 495 Τοῦ
787 468 991 503 συντελεσθῆναι

207 510 362 551 ἁμαρτίαν,
386 515 432 541 καὶ
455 515 502 542 τοῦ
528 516 674 551 σφραγίσαι
699 515 848 551 ἁμαρτίαν,
864 515 909 542 καὶ
936 516 989 541 ἁπ-

207 561 314 595 αλεῖψαι
337 561 466 596 ἀνομίας,
488 562 534 587 καὶ
548 561 593 588 τοῦ
606 561 779 593 ἐξιλάσασθαι
804 561 920 593 ἀδικίας,
944 562 991 587 καὶ

208 607 320 640 ἀγαγεῖν
341 606 514 641 δικαιοσύνην
541 606 667 638 αἰώνιον,
694 607 741 633 καὶ
767 607 813 632 τοῦ
844 607 991 642 σφραγίσαι

207 651 312 686 ὅρασιν,
327 651 374 677 καὶ
390 651 544 687 προφήτην,
562 652 607 677 καὶ
622 651 669 677 τοῦ
681 653 771 686 χρῖσαι
784 651 860 686 ἆγιον
871 652 965 686 ἁγίων.
979 661 988 677 ι

214 696 286 723 ’Δντὶ
303 696 352 731 μὲν
367 694 413 723 οὖν
428 707 436 722 ι
449 696 495 723 τοῦ
509 697 714 732 συντελεσθῆναι
729 698 874 733 ἁμαρτίαν,
891 699 935 724 mi
945 698 990 724 τοῦ

209 741 355 777 σφραγίσαι
371 742 522 777 ἁμαρτίαν,
542 752 551 768 ι
569 743 583 769 ὁ
603 743 714 774 Ἀκύλας
738 744 886 779 πεποίηκε,
913 754 920 769 ι
937 744 989 770 Τοῦ

207 788 362 814 συντελέσαι
383 788 432 823 τὴν
458 787 583 821 ἀθεσίαν,
607 788 653 814 καὶ
668 789 715 815 τοῦ
739 789 879 816 τελειῶσαι
904 790 991 825 ἁμαρ-

206 835 274 861 τίαν.
287 844 296 860 ι
311 834 347 861 Τὸ
359 834 423 870 γὰρ,
438 843 446 859 ι
459 833 623 869 ΙΙληρώσατε
636 834 666 860 τὺ
686 835 781 870 μέτρον
796 835 849 861 τῶν
867 835 991 869 πατέρων

207 881 293 916 ὑμῶν,
309 890 319 906 ›
335 881 478 916 εἰρημένον
492 881 544 907 ὑπὸ
556 881 603 907 τοῦ
618 881 741 916 Σωτῆρος
754 881 831 916 ἡμῶν
846 881 912 916 πρὸς
929 881 991 912 τοὺς

207 927 239 952 ἐκ
255 927 421 962 περιτομῆς,
446 927 492 953 καὶ
515 926 559 952 διὰ
578 926 678 952 τούτων
700 924 776 961 οἶμαι
796 926 986 961 παρίστασθαι.

213 972 273 998 Ἐπὶ
285 971 339 1007 γὰρ
355 972 404 1007 τῆς
418 973 478 998 κατ’
496 971 577 998 αὑτοῦ
591 972 771 1008 τολμηθείσης
790 973 836 998 τοῦ
856 973 990 999 Ἰουδαίων

206 1017 297 1050 ἔθνους
307 1019 451 1055 ἐπιϐουλῆς
466 1020 641 1054 συνετελέσθη
659 1020 747 1046 αὐτῶν
767 1021 782 1056 ὴ
798 1021 929 1056 ἁμαρτία,
945 1021 991 1047 καὶ

205 1064 222 1100 ή
239 1065 307 1100 πρὸς
319 1065 364 1091 τὸν
387 1066 469 1097 Θεὸν,
485 1066 555 1092 κατὰ
577 1066 622 1092 τὸν
642 1066 772 1098 Ἀκύλαν,
799 1067 895 1093 ἁϐεσία
917 1066 992 1098 τέλος

205 1111 309 1147 εἴληφε.
337 1112 424 1138 Πάλαι
447 1112 495 1147 μὲν
520 1112 574 1148 γὰρ
597 1113 726 1148 πρότερον
747 1113 842 1148 ἔφερεν
861 1114 989 1148 αὐτοὶ)ςὴ

205 1158 252 1184 τοῦ
262 1158 329 1185 Θεοῦ
344 1159 527 1194 μακροθυμία,
543 1160 627 1195 μυρία
640 1161 689 1186 ὃσα
703 1160 926 1196 πλημμελοῦντας
940 1161 991 1194 πρὸ

205 1207 254 1241 τῆς
268 1205 314 1231 τοῦ
330 1206 456 1241 Σωτῆρος
468 1206 545 1241 ἡμῶν
557 1206 716 1241 παρουσίας,
728 1206 870 1242 ὠσπεροῦν
881 1207 925 1233 διὰ
937 1206 990 1233 τῶν

205 1251 381 1286 προφητικῶν
395 1252 584 1278 ἀποδείκνυται
600 1252 700 1287 λόγωνο
728 1253 796 1288 πλῆν
819 1253 875 1280 ἀλλ’
897 1253 990 1289 ὥσπερ

205 1298 251 1324 ἐπὶ
266 1298 319 1325 τῶν
341 1298 424 1324 πάλαι
447 1298 496 1333 τὴν
518 1299 567 1333 γῆν
589 1298 639 1333 τῆς
658 1299 823 1332 ἐπαγγελίας
847 1298 990 1325 οἰκούντων

205 1343 360 1378 ἀλλοφύλων
376 1344 468 1379 εἴρητο
481 1344 518 1378 τῷ
539 1344 664 1379 Ἀϐραάμ.
679 1352 684 1358 ·
702 1354 711 1370 ι
728 1344 810 1371 Οὔπω
824 1344 878 1380 γὰρ
891 1345 991 1371 ἀναπε-

205 1389 361 1425 πλήρωνται
376 1391 403 1416 αἱ
424 1390 555 1425 ἁμαρτίαι
577 1390 632 1416 τῶν
652 1391 821 1425 ’Λμορῤαίων
832 1399 838 1405 ·
856 1401 864 1416 ι
879 1391 926 1417 καὶ
939 1390 990 1422 ἕως

207 1435 317 1470 μηδέπω
329 1433 399 1470 ἦσαν
424 1436 688 1471 ἐκπεπληρωμέναι,
708 1437 758 1463 οὐκ
781 1437 925 1471 ’ἢλαύνοντό
948 1447 991 1464 πω

204 1480 228 1506 oi
246 1480 403 1516 ’Λμορραἰοι
430 1483 480 1516 τῆς
497 1482 625 1517 πατρῴας
642 1483 703 1517 γῆς.
730 1483 806 1508 Ἐπεὶ
823 1482 851 1508 δὲ
868 1481 991 1517 ἐπληρώ-

205 1524 292 1560 θησαν
317 1524 345 1552 di.
375 1527 509 1562 ἁμαρτίαι
527 1526 626 1558 αὐτῶν,
654 1526 802 1559 τηνικαῦτα
828 1526 930 1558 πάντες
949 1527 992 1560 ἐξ-

204 1571 407 1607 ωλοθρεύθησαν
423 1573 469 1598 ἐπὶ
485 1572 539 1599 τῶν
559 1572 645 1608 Ἰησοῦ
666 1572 712 1598 τοῦ
734 1573 854 1605 Μωσέως
870 1573 990 1609 διαδκίχου

204 1617 307 1653 χρόνων
319 1625 325 1632 ·
342 1617 413 1644 οὕτω
427 1618 474 1645 καὶ
497 1619 543 1644 ἐπὶ
560 1618 607 1644 τοῦ
631 1619 763 1654 προτέρου
788 1619 894 1653 νοήσεις
915 1618 989 1645 λαοῦ.

205 1663 277 1695 Ἕως
289 1664 338 1699 μὲν
352 1663 406 1699 γὰρ
422 1664 472 1690 οὐκ
487 1664 654 1700 ἐπληροῦντο
669 1664 757 1690 αὐτῶν
770 1666 797 1691 αἱ
811 1664 953 1700 ἁμαρτίαι,
974 1666 989 1700 ἡ

204 1709 249 1736 τοῦ
264 1709 331 1736 Θεοῦ
348 1710 431 1745 ἀνοχὴ
446 1710 493 1736 καὶ
514 1710 688 1745 μακροθυμία
710 1710 805 1746 ἔφερεν
826 1712 933 1743 αὐτοὺς,
952 1712 991 1743 είς

204 1754 370 1789 ἐπιστροφὴν
384 1755 511 1781 ἑκάστοτε
523 1754 750 1790 προσκαλουμένη
767 1754 810 1781 διὰ
822 1755 874 1781 τῶν
888 1764 993 1790 προφη-

203 1799 268 1828 τῶν.
277 1799 352 1826 Ἐπεὶ
364 1800 392 1826 δὲ
402 1799 472 1826 κατὰ
482 1800 531 1835 τὴν
542 1799 677 1835 σωτηρίαν
691 1800 780 1834 φωνὴν
793 1800 953 1835 ἐπλήρωσαν
963 1800 992 1827 τὸ

206 1845 303 1881 μέτρον
326 1845 380 1872 τῶν
396 1846 520 1881 πατέρων
542 1845 642 1877 αὐτῶν,
660 1845 730 1871 οὕτω
743 1845 765 1871 δ’
778 1846 810 1872 ἂν
822 1846 910 1872 πάντα
929 1854 990 1872 συν-

204 1891 321 1926 αχθέντα
336 1891 406 1918 κατὰ
419 1892 449 1918 τὸ
463 1892 528 1919 αὐτὸ
544 1892 589 1917 σὺν
612 1891 723 1926 ἔσχατον
738 1892 829 1923 αὐτοῖς
848 1892 992 1928 κατειργά-

205 1946 270 1964 σατο
282 1937 401 1973 ὅλεθρον;
418 1937 559 1973 ὠσπεροῦν
576 1937 656 1963 πάλιν
670 1938 749 1969 αὐτὸς
767 1938 781 1963 ὁ
797 1937 898 1974 Κύριος
915 1937 992 1973 ἡμῶν

205 1984 324 2012 διδάσκει
339 1984 439 2018 λέγων·
458 1994 467 2009 ι
484 1984 540 2010 Πᾶν
560 1981 629 2019 αἷμα
645 1983 757 2019 ἐκχυθὲν
774 1983 826 2010 ἀπὸ
843 1983 992 2019 καταϐολῆς

205 2030 319 2066 κόσμου,
335 2030 388 2057 ἀπὸ
401 2030 516 2066 αἵματος
530 2029 613 2056 ’Ἅϐελ
631 2029 679 2056 τοῦ
693 2029 796 2056 δικαίου
812 2029 864 2062 ἕως
880 2030 992 2065 αἵματος

175 2089 178 2091 -
205 2075 348 2111 Ζαχαρίου,
365 2075 440 2110 ἥξειν
465 2075 511 2101 ἐπὶ
535 2074 584 2110 τὴν
609 2074 704 2108 γενεὰν
720 2074 829 2110 ταύτην.
847 2084 856 2100 ι
875 2075 912 2101 Τὸ
927 2075 992 2109 γοῦν

205 2121 317 2156 ἔσχατον
340 2120 466 2147 ἁπάντων
484 2121 533 2152 τὰς
553 2121 645 2156 χεῖρας
662 2120 799 2147 ἐπιϐαλεῖν
819 2121 858 2157 τῷ
873 2121 930 2156 Υίῷ
946 2121 991 2148 τοῦ

205 2167 271 2195 Θεοῦ
295 2167 488 2203 τολμήσαντες,
506 2166 632 2193 ἐτέλεσαν
657 2166 705 2202 τὴν
731 2166 852 2200 ἀθεσίαν,
868 2168 915 2194 καὶ
938 2169 993 2194 ἐτε-

205 2213 319 2240 λείωσαν
332 2213 380 2249 τὴν
397 2212 499 2239 ἑαυτῶν
512 2213 657 2249 ἁμαρτίαν,
671 2213 740 2239 κατὰ
753 2213 803 2248 τὴν
819 2213 930 2240 Ἀκύλου
948 2215 992 2249 ἐρ-

207 2260 335 2295 μηνείαν·
361 2259 431 2286 κατὰ
454 2259 482 2285 δὲ
507 2260 570 2290 τοὺς
588 2259 794 2295 Ἐϐδομήκοντα,
810 2259 886 2295 ἐδέθη
903 2260 992 2287 αὐτῶν

206 2305 253 2333 καὶ
266 2305 434 2341 ἐσφραγίσθη
452 2305 611 2341 ήάμαρτία.
621 2305 699 2332 Ἀλλὰ
720 2306 780 2332 ἐπεὶ
796 2306 832 2341 μὴ
849 2306 927 2341 μόνον
952 2307 991 2338 είς

206 2351 319 2383 πτῶσιν,
334 2351 403 2378 ἀλλὰ
416 2352 463 2378 καὶ
479 2353 518 2383 είς
536 2352 682 2378 ἀνάστασιν
698 2351 802 2378 πολλῶν
818 2351 944 2387 ἐλήλυθεν
962 2353 990 2378 ἐν

205 2396 244 2431 τῷ
261 2397 377 2433 Ἰσραὴλ,
392 2397 462 2424 καθά
475 2406 539 2433 φησι
553 2399 617 2433 περὶ
636 2397 729 2429 αὑτοῦ,
747 2407 756 2422 ‹
768 2397 832 2424 Ἰδοὺ
845 2395 922 2430 οὗτος
935 2400 990 2425 κεί-

205 2450 249 2469 ται
260 2443 300 2475 εἰς
310 2443 414 2470 πτῶσιν
427 2443 473 2469 κα)¹
484 2444 629 2470 ἀνάστασιν
643 2443 746 2470 πολλῶν
761 2444 789 2470 ἐν
800 2444 838 2479 τῷ
853 2445 969 2481 Ἰσραὴλ,
978 2456 986 2471 ι

206 2489 317 2520 είκὸτως
339 2491 396 2521 τοῖς
419 2489 572 2526 εἰρημένοις
589 2489 653 2524 ἑξῆς
674 2489 793 2523 ἐπιλέγει
808 2490 822 2515 ὁ
834 2490 930 2525 Δανιὴλ
950 2491 990 2517 τό-

208 2543 217 2559 ι
232 2535 287 2561 Καὶ
303 2534 351 2561 τοῦ
366 2534 512 2569 ἀπαλεῖψαι
531 2535 676 2570 ἁμαρτίας,
692 2535 739 2561 καὶ
756 2534 802 2560 τοῦ
818 2535 992 2566 ἐξιλάσασθαι

204 2579 320 2611 ἀδικίας.
337 2589 345 2605 ι
368 2580 417 2607 Διὰ
438 2581 492 2616 γὰρ
509 2581 538 2606 τὸ
555 2580 683 2607 ἀδύνατον
704 2579 772 2607 εἶναι
793 2578 861 2616 αἷμα
884 2581 991 2617 ταύρων

204 2626 252 2652 καὶ
262 2627 371 2662 τράγων
381 2627 506 2661 ἀφαιρεῖν
521 2627 667 2662 ἁμαρτίας,
679 2627 781 2654 δεῖσθαι
794 2627 821 2654 δέ
836 2629 889 2654 πᾶν
899 2628 928 2655 τὸ
938 2629 991 2655 τῶν

203 2671 354 2708 ἀνθρώπων
370 2673 447 2707 γένος
465 2673 578 2707 ἱλασμοῦ
607 2673 706 2705 ζῶντος
729 2674 775 2700 καὶ
796 2674 923 2710 ἀληθινοῦ
941 2676 950 2711 (
960 2673 991 2703 οὗ

202 2717 287 2746 τύπον
300 2719 379 2754 ἔφερε
393 2720 423 2746 τὸ
438 2720 512 2754 παρὰ
529 2720 622 2746 Μωσεί
635 2721 855 2747 κατασκευασθὲν
881 2722 991 2758 ἱλαστή-

205 2764 283 2800 ριον),
292 2762 368 2797 οὗτος
380 2763 449 2801 δὲῆν
459 2766 474 2791 ὁ
484 2765 578 2801 Σωτὴρ
592 2766 637 2792 καὶ
650 2766 751 2801 Κύριος
766 2767 852 2802 ήμῶν,
865 2768 879 2793 ὁ
896 2768 992 2803 Ἀμνὸς

203 2810 249 2838 τοῦ
265 2810 344 2843 Θεοῦ,
358 2812 420 2847 περὶ
442 2809 471 2838 οὗ
493 2812 599 2847 εἴρηται
611 2820 617 2826 '
636 2820 644 2836 ι
657 2811 705 2837 Ίδὲ
723 2811 819 2847 Ἀμνὸς
834 2813 880 2840 τοῦ
898 2813 964 2840 θεοῦ
978 2816 992 2841 ό

239 2900 262 2916 ⁸⁸
282 2899 374 2927 Matth.
393 2908 476 2932 nm,
493 2900 535 2926 52.
576 2901 597 2920 ⁸1
618 2899 682 2928 ibid.
702 2899 746 2928 55.

1045 295 1052 310 ι
1070 285 1116 313 Dei
1129 286 1314 313 saucluarium
1325 306 1332 318 ,
1344 296 1352 312 ι
1363 291 1389 314 et
1402 287 1528 322 populum
1541 306 1548 319 ,
1565 297 1574 312 ‹
1591 286 1637 313 Dei
1652 288 1779 322 populum
1791 308 1797 318 ,
1811 297 1820 313 ι

1042 331 1079 357 ita
1096 331 1221 358 videlicet
1236 332 1327 358 animo
1348 340 1413 367 erga
1436 333 1511 358 illum
1538 332 1665 367 populum
1688 332 1822 360 aﬂ‘ectus:

1042 383 1068 402 at
1085 384 1149 403 vero
1164 376 1272 404 Gabriel
1288 385 1343 404 non
1363 378 1427 405 item
1445 381 1474 404 ut
1490 378 1549 412 ipse
1561 398 1567 409 ,
1587 385 1619 404 ca
1634 386 1694 412 qua-
1708 377 1764 413 jam
1781 379 1823 406 di-

1041 427 1083 448 cta
1100 427 1164 449 sunt
1177 428 1271 454 vocat,
1287 423 1334 450 sed
1350 431 1382 450 ex
1398 425 1552 455 contrario,
1568 434 1576 449 ι
1593 423 1681 459 Super
1694 425 1822 459 populum

1041 473 1134 500 tuum,
1152 470 1238 504 inquit
1250 490 1256 501 ,
1274 474 1299 497 et
1316 478 1398 505 super
1414 470 1552 497 civitatem
1570 475 1691 498 sanctam
1708 475 1798 503 luant,
1812 481 1821 497 ›

1042 516 1087 542 ubi
1104 515 1298 551 propemodum
1314 521 1340 543 et
1353 516 1490 543 civitatem
1502 538 1509 550 ,
1525 522 1549 543 et
1563 517 1709 552 populum,
1721 523 1747 544 ct
1760 526 1824 544 sau-

1042 563 1175 589 ctuarium
1193 562 1238 588 illa
1251 561 1296 590 Dei
1310 562 1491 597 appellatione
1508 563 1618 598 indigna
1636 571 1696 590 esse
1711 563 1823 590 demon-

1042 612 1120 635 strat.
1133 608 1248 634 Tantum
1262 608 1344 643 igitur
1355 608 1486 642 temporis
1497 609 1612 643 spatium
1626 609 1741 642 primum
1757 617 1823 635 con-

1042 656 1082 679 tra
1104 653 1249 687 populum,
1269 653 1367 680 deinde
1384 658 1479 680 contra
1499 654 1635 680 civitatem
1659 654 1822 688 prmiinitum

1041 706 1102 726 esse
1117 699 1195 725 docet
1211 708 1216 726 :
1233 703 1259 725 et
1275 699 1347 733 quod
1366 702 1471 725 tantum
1490 699 1539 729 sit,
1557 699 1675 726 ostendit
1691 708 1723 726 ex
1739 707 1821 726 reno-

1043 745 1150 772 vatione
1174 744 1334 771 Jerusalem.
1365 744 1393 771 ld
1421 752 1501 778 porro
1528 745 1685 771 continetur
1705 752 1719 771 a
1743 744 1823 772 Dario

1043 790 1187 817 Persarum
1210 798 1273 824 rege
1298 798 1383 829 tISquc
1408 790 1440 816 ad
1464 790 1578 824 Augusti
1604 791 1771 818 dominatum
1796 790 1824 818 in

1042 835 1190 867 Romanos,
1204 841 1230 863 et
1243 835 1375 863 Herodem
1389 836 1542 863 Jud:e0rum
1558 844 1664 870 regem,
1676 837 1721 871 qui
1736 837 1825 863 alieno

1042 890 1141 917 genere
1162 886 1243 909 natus
1260 887 1317 914 est,
1334 890 1450 917 quorum
1469 883 1638 917 temporibus
1660 891 1691 909 ca
1715 891 1775 917 qme
1791 882 1825 909 ad

1042 934 1130 956 ortum
1141 929 1288 956 Salvatoris
1297 929 1381 956 nostri
1390 929 1534 963 pertinent,
1546 933 1718 961 enarrantur,
1731 937 1826 963 quem-

1042 976 1186 1003 admodum
1204 975 1310 1010 longius
1339 982 1481 1009 progressa
1505 974 1592 1001 oratio
1615 974 1823 1002 demonstrabit.

1041 1020 1142 1048 Ordine
1159 1020 1287 1055 deinceps
1312 1020 1437 1054 sequitur
1451 1029 1457 1046 :
1474 1029 1482 1044 ‹
1493 1018 1527 1046 Ut
1542 1024 1748 1046 eousmumetur
1764 1026 1826 1054 pee-

1036 1071 1132 1094 .catum
1143 1087 1150 1098 ,
1166 1071 1193 1094 et
1212 1066 1290 1101 quasi
1311 1066 1413 1092 annulo
1436 1065 1580 1099 signentur
1596 1069 1705 1099 peccata
1716 1084 1723 1095 ,
1738 1069 1765 1091 et
1780 1064 1827 1090 de-

1042 1114 1149 1141 leantur
1169 1112 1344 1147 iniquitates,
1363 1115 1389 1138 et
1404 1111 1549 1145 expientur
1567 1110 1708 1144 injustilia:
1719 1130 1725 1142 ,
1741 1113 1768 1137 et
1784 1110 1826 1136 iu-

1042 1160 1158 1187 ducatur
1168 1159 1274 1193 justitia
1286 1158 1462 1191 sempiterna,
1472 1161 1498 1183 et
1510 1156 1588 1191 quasi
1600 1155 1677 1190 signo
1692 1156 1825 1190 impresso

1042 1205 1187 1232 claudatur
1202 1205 1272 1232 visio
1287 1208 1313 1231 et
1336 1203 1495 1239 prophetia,
1519 1206 1545 1229 et
1567 1206 1686 1237 ungatur
1708 1201 1826 1228 Sanctus

1042 1256 1210 1280 sanctorum.
1225 1260 1234 1276 ι
1249 1250 1302 1276 Pro
1317 1258 1349 1277 eo
1364 1253 1453 1276 autem
1469 1248 1541 1283 quod
1557 1251 1599 1275 est
1609 1267 1616 1278 ,
1632 1257 1640 1272 ι
1654 1247 1687 1274 Ut
1701 1255 1826 1274 consum-

1043 1303 1130 1326 mctur
1145 1301 1301 1332 peccatum,
1324 1300 1351 1322 et
1374 1295 1453 1330 quasi
1477 1295 1580 1321 annulo
1601 1294 1743 1328 signentur
1763 1300 1826 1328 pec-

1042 1350 1112 1376 cata,
1129 1355 1138 1370 »
1153 1344 1250 1379 Aquila
1266 1343 1346 1370 vertit
1357 1362 1363 1372 .
1380 1351 1389 1368 ι
1407 1342 1446 1369 Ad
1461 1341 1705 1368 consummandam
1723 1347 1828 1375 prutvah

1042 1391 1217 1421 ricatiouem,
1234 1393 1260 1416 et
1282 1389 1361 1416 tinem
1384 1387 1578 1422 imponendum
1595 1389 1717 1420 peccato.
1734 1395 1743 1411 ι
1760 1385 1827 1412 Illud

1042 1438 1126 1469 enim,
1152 1445 1161 1462 ι
1176 1435 1289 1471 lmplete
1303 1442 1459 1462 mensuram
1475 1437 1581 1468 patrum
1596 1436 1749 1460 vestrorum
1766 1432 1798 1463 °°,
1815 1441 1824 1457 ι

1042 1482 1114 1518 quod
1135 1491 1150 1509 ιι
1171 1482 1312 1508 Salvatore
1332 1484 1426 1508 nostro
1447 1479 1481 1506 ad
1503 1479 1612 1506 Judmos
1639 1478 1741 1505 dictum
1763 1482 1826 1508 est,

1043 1530 1123 1557 etiam
1141 1529 1168 1556 in
1184 1529 1227 1556 bis
1241 1528 1360 1554 arbitror
1375 1527 1510 1553 contineri
1526 1534 1558 1553 ac
1574 1524 1722 1560 signiﬁcari
1737 1533 1743 1551 :
1760 1531 1823 1550 nam

1005 1585 1026 1614 α
1044 1577 1107 1603 dum
1130 1576 1244 1603 insidias
1262 1575 1299 1602 illi
1316 1573 1430 1601 Judaica
1446 1581 1513 1609 gens
1529 1573 1642 1599 molitur
1657 1576 1684 1599 et
1699 1571 1808 1598 coniicit
1819 1591 1826 1602 ,

1044 1627 1183 1658 peceatum
1212 1629 1292 1648 suum
1328 1619 1550 1647 consummavit:
1577 1622 1604 1645 et
1630 1617 1771 1651 ejusdem,
1798 1620 1827 1642 ut

1042 1669 1139 1703 Aquila
1159 1668 1257 1699 vertit,
1278 1666 1412 1693 adversus
1433 1665 1516 1692 Deum
1537 1663 1726 1698 prmvaricatio
1747 1662 1826 1688 tinem

1042 1713 1158 1747 accepit.
1174 1711 1340 1746 .Iampridem
1355 1710 1426 1737 enim
1444 1710 1504 1736 illos
1526 1708 1651 1743 quamvis
1672 1708 1828 1734 innumera-

1042 1758 1107 1785 bilia
1136 1761 1248 1792 peccata
1272 1760 1462 1791 perpetrantes
1483 1757 1546 1781 ante
1565 1752 1717 1779 Salvatoris
1739 1753 1827 1779 nostri

1043 1805 1206 1834 adventum,
1226 1802 1271 1829 Dei
1288 1807 1378 1829 tamen
1395 1802 1539 1828 clementia
1556 1799 1679 1830 ferebat,
1696 1798 1827 1833 quemad-

1042 1850 1151 1878 modum
1178 1848 1305 1875 videlicet
1330 1847 1489 1883 propbctica
1518 1845 1577 1880 ipsa
1603 1844 1686 1872 verba
1712 1843 1826 1871 demou-

1042 1901 1130 1926 straut
1148 1907 1154 1924 :
1180 1901 1366 1924 verumtamen
1392 1894 1463 1921 sicut
1489 1892 1523 1920 de
1546 1892 1600 1919 illis
1614 1891 1661 1926 qui
1677 1898 1776 1926 genere
1791 1890 1828 1917 ab

1042 1943 1164 1971 Hebraeis
1186 1941 1360 1970 dilTereutes,
1392 1943 1492 1966 terram
1514 1937 1705 1972 promissionis
1725 1936 1828 1963 incole-

1042 1989 1108 2016 bant
1119 1987 1152 2014 ad
1167 1986 1302 2014 Abraham
1317 1985 1418 2012 dielqu
1427 1987 1468 2010 est
1482 1992 1488 2009 :
1503 1992 1512 2008 ι
1527 1981 1652 2009 Nondum
1666 1982 1738 2008 enim
1750 1988 1826 2007 com-

1042 2035 1114 2071 pleta
1142 2037 1204 2061 sunt
1222 2035 1333 2068 peccata
1360 2030 1601 2057 Amorrbzeorum:
1622 2037 1631 2052 ι
1647 2031 1674 2055 et
1699 2027 1828 2062 quamdiu

1042 2081 1177 2115 completa
1198 2086 1252 2106 non
1277 2078 1369 2110 fuere,
1383 2076 1417 2104 de
1435 2079 1508 2103 terra
1529 2075 1650 2110 ipsorum
1674 2073 1760 2108 patria
1779 2081 1829 2100 ex-

1042 2126 1112 2161 pulsi
1127 2133 1180 2152 non
1193 2128 1266 2152 sunt.
1279 2123 1331 2150 Ubi
1345 2127 1434 2149 autem
1449 2121 1583 2155 completa
1596 2123 1659 2147 sunt
1670 2139 1677 2150 ,
1691 2122 1749 2146 tum
1763 2126 1828 2145 vero

1042 2180 1137 2200 omnes
1157 2172 1184 2199 in
1208 2170 1346 2198 interitum
1371 2168 1540 2198 inciderunt,
1561 2174 1622 2201 qua:
1648 2173 1714 2192 sane
1736 2165 1828 2192 clades

1044 2220 1104 2247 illos
1123 2218 1228 2252 excepit
1243 2216 1411 2251 temporibus
1436 2214 1509 2241 illius
1533 2213 1596 2241 JeSII
1616 2212 1662 2247 qui
1680 2211 1747 2239 Mosi
1763 2218 1826 2239 suc-

1046 2266 1129 2294 cessit
1144 2275 1150 2292 :
1167 2265 1204 2292 ita
1222 2264 1306 2291 etiam
1327 2263 1361 2289 de
1383 2262 1474 2296 priore
1492 2260 1541 2287 tibi
1562 2258 1768 2294 intelligendum
1785 2262 1828 2286 est

1044 2312 1165 2348 populo:
1183 2309 1314 2346 quamdiu
1338 2309 1411 2336 enim
1435 2308 1543 2335 illorum
1564 2310 1674 2342 peccata
1693 2306 1826 2340 completa

1044 2365 1098 2385 non
1117 2361 1179 2383 sunt
1191 2376 1198 2386 ,
1216 2355 1263 2382 Dei
1279 2355 1340 2381 illos
1355 2353 1484 2388 patientia
1497 2355 1524 2378 et
1539 2350 1690 2385 benignitas
1706 2348 1784 2379 tulit,
1799 2351 1827 2375 et

1042 2411 1090 2438 per
1109 2402 1258 2437 prophetas
1277 2399 1398 2434 undique
1417 2398 1450 2425 ad
1466 2397 1671 2424 conversionem
1692 2394 1825 2421 invitavit.

1042 2447 1123 2483 385
1139 2446 1286 2481 Postquam
1302 2448 1407 2475 autem,
1423 2446 1452 2470 ut
1469 2442 1593 2469 Salvator
1607 2440 1639 2467 ad
1655 2440 1729 2474 ipsos
1746 2438 1824 2469 dixit.

1044 2493 1225 2528 impleverunt
1241 2498 1397 2518 mensuram
1419 2492 1525 2524 patrum
1541 2493 1669 2516 suorum,
1688 2488 1745 2511 tum
1762 2491 1828 2510 vero

1044 2540 1071 2566 in
1097 2538 1222 2566 eumdem
1246 2538 1335 2564 locum
1357 2540 1451 2563 coacta
1481 2533 1583 2566 onmia,
1598 2535 1749 2559 extremum
1772 2529 1826 2556 illis

1043 2587 1248 2612 maturaverunt
1267 2583 1419 2612 interitum,
1435 2588 1500 2608 sane
1519 2576 1746 2614 quemadmodum
1762 2575 1826 2602 item

1042 2630 1173 2657 Dominus
1189 2632 1281 2655 noster
1297 2634 1346 2654 nos
1362 2625 1450 2657 docet,
1467 2624 1511 2651 ubi
1530 2623 1566 2649 ait
1584 2631 1591 2649 ι
1608 2630 1617 2647 ‹
1631 2619 1743 2648 Omnem
1761 2625 1824 2645 san-

1042 2677 1150 2712 guinem
1165 2674 1280 2702 eﬂ‘usum
1301 2681 1316 2699 a
1330 2670 1525 2699 constitutione
1541 2667 1646 2698 mundi,
1664 2674 1679 2692 a
1693 2664 1825 2699 sanguine

1043 2722 1110 2749 Abel
1131 2721 1199 2756 justi
1223 2727 1311 2754 usque
1335 2718 1367 2745 ad
1390 2716 1549 2751 sanguinem
1568 2712 1718 2743 Zachariae,
1730 2713 1827 2737 ventu-

1044 2775 1104 2794 rum
1129 2755 1211 2801 super
1233 2765 1436 2801 generationem
1457 2762 1536 2788 istam
1560 2759 1592 2787 ⁸⁷.
1610 2768 1619 2784 ›
1648 2757 1716 2785 Cum
1743 2755 1826 2791 igitur

1045 2814 1077 2842 ad
1093 2817 1243 2841 extremum
1273 2818 1370 2839 manus
1395 2809 1507 2844 injicere
1524 2806 1591 2834 Fili)
1611 2804 1658 2832 Dei
1675 2803 1733 2831 ausi
1748 2804 1823 2833 sunt.
