2089 3218
264 187 318 216 503

601 180 734 211 EUSEBll
751 182 988 211 CAESARIENSIS
1007 183 1082 211 OPP.
1103 183 1191 210 PARS
1212 184 1243 211 ll.
1267 199 1298 204 —
1313 181 1560 210 APOLOGETICA.

1826 181 1876 208 601

266 255 277 272 ι
294 247 553 272 consummaverunt
568 243 830 278 przevaricationem,
842 247 868 269 et
890 243 969 269 ﬁnem
986 250 1045 277 pec-

1097 244 1182 279 αῗρων
1196 244 1243 278 τὴν
1258 243 1392 278 ἁμαρτίαν
1411 242 1456 268 τοῦ
1471 242 1588 276 κδσμου·
1603 250 1611 265 ι
1627 240 1672 266 καὶ
1686 239 1780 266 πάλιν·
1804 249 1813 265 α
1829 240 1879 266 Αύ-

263 295 327 318 cato
340 297 390 318 suo
402 290 600 323 imposuerunt,
623 298 631 313 ι
651 288 722 315 sicut
740 288 838 323 Aquila
853 289 1046 323 interpretatus

264 341 317 367 est,
341 339 378 368 at,
403 336 473 362 sicut
500 334 582 366 LXX,
601 344 610 359 ι
629 342 721 361 eorum
738 338 880 368 peccatum
906 334 1046 368 alligatum

265 383 455 417 signatumque
471 384 521 408 est.
542 390 550 406 ι
567 380 619 407 Sed
631 381 757 414 quoniam
774 388 828 407 non
844 381 931 407 solum
947 381 973 407 in
990 381 1046 406 rui-

265 436 338 459 nam,
356 435 450 453 verum
465 427 545 453 etiam
564 426 590 452 in
603 427 802 461 reparationem
815 426 962 452 multorum
973 426 1046 453 vertit

264 473 290 499 in
308 472 401 503 Israel,
421 473 492 499 sicut
509 471 542 498 de
559 472 618 506 ipso
651 472 719 498 dixit
745 471 865 503 Simeon,
888 483 895 498 ι
917 472 986 500 Ecce
1001 472 1046 499 hic

264 518 370 553 positus
386 522 427 545 cst
444 518 470 544 in
485 518 591 543 ruinam
605 521 631 544 et
652 518 680 544 in
702 518 930 545 resurrectionem
947 518 1046 544 multo-

263 572 324 591 rum
349 565 375 590 in
397 563 478 590 lsrael
494 563 527 596 “,
549 573 558 589 ι
580 564 676 590 merito
692 563 785 590 Daniel
803 563 836 590 ad
849 572 879 590 ea
894 571 954 598 qua:
973 565 1045 591 dicta

264 612 337 639 sunt,
350 608 471 643 adjungit
485 618 491 634 :
503 617 512 633 ‹
527 608 558 634 Et
571 612 601 634 ut
617 608 758 635 deleantur
771 613 890 643 peccata,
900 613 925 635 et
936 609 1046 644 expien-

263 659 309 681 tur
336 654 485 688 iujustitlat.
507 664 515 680 ι
533 654 600 680 Cum
629 654 700 681 enim
727 655 837 689 sanguis
864 658 1002 681 taurorum
1018 659 1045 682 et

263 700 401 727 hircorum
418 699 527 727 auferre
543 705 652 734 peccata
669 708 722 726 non
743 703 844 734 posset,
860 704 886 726 et
901 708 981 727 omne
997 700 1045 727 lto-

263 746 365 773 minum
378 754 464 781 genus
478 747 631 780 expiatione
645 747 705 772 viva
721 746 1045 781 \'eraqueindigeret(cu-

261 792 307 826 jus
332 792 445 826 ﬁguram
475 792 585 826 gerebat
610 791 636 818 id
657 792 727 826 quod
756 792 826 826 apud
847 791 946 819 Mosem
978 800 1044 819 con-

263 841 398 865 structum
425 842 538 864 vocatur
572 838 822 873 propitiatorintn),
851 838 925 864 nttlla
955 842 1045 864 autem

263 883 422 917 propitialio
437 883 496 909 viva
513 890 629 917 veraque
647 887 730 915 esset,
746 884 799 910 nisi
813 882 936 910 Salvator
949 887 975 910 et
990 883 1042 910 Do-

264 929 352 955 minus
369 931 472 959 noster,
492 929 537 955 ille
560 929 652 963 Agnus
673 928 730 958 Dei.
747 929 779 955 de
791 937 845 964 quo
859 930 960 956 dictum
978 933 1020 956 est
1036 938 1042 956 :

265 982 276 997 ‹
294 973 362 1000 Ecce
387 973 479 1008 Agnus
501 973 548 1000 Dei
573 974 619 1008 qui
648 974 717 1000 tollit
747 978 857 1008 peccata
877 975 1010 1001 mundi".
1033 985 1042 1001 ι

262 1013 330 1045 Nam
349 1027 455 1050 rursus,
483 1029 493 1044 ‹
517 1019 589 1046 ldetn
609 1020 766 1054 propitiatio
782 1024 823 1047 est
851 1028 900 1055 pro
927 1021 1044 1055 peccatis

264 1065 374 1095 nostris,
395 1074 404 1090 ι
423 1072 473 1091 nec
490 1072 538 1099 pro
556 1066 657 1091 nostris
675 1069 778 1091 tantum
801 1066 858 1099 ipse
873 1070 913 1092 est
928 1067 1049 1100 pretium'

263 1116 294 1136 ac
317 1109 474 1143 redemptio,
496 1109 543 1136 sed
566 1109 646 1136 etiam
672 1117 719 1143 pro
745 1110 828 1136 totius
844 1110 947 1142 tnuudi,
964 1115 992 1137 ut
1008 1110 1045 1136 ait

262 1155 407 1189 Apostolus
422 1153 462 1170 ⁸⁵·
480 1163 486 1180 :
505 1163 514 1179 ι
534 1154 585 1187 Qui
614 1154 702 1181 factus
726 1158 778 1187 est,
810 1154 908 1188 inquit,
938 1155 1046 1190 sapien-

261 1201 298 1226 tia
321 1200 400 1227 nnbis
420 1207 434 1226 a
455 1199 520 1230 Deo,
535 1200 696 1234 justitiaque
710 1204 737 1227 et
753 1200 932 1227 sanctiﬁcatio
957 1205 982 1228 et
1002 1209 1046 1228 re-

261 1246 428 1280 demptio".
449 1257 457 1272 ι
485 1246 581 1273 Merito
605 1247 665 1280 ejus
691 1246 846 1278 adventum,
862 1247 943 1273 simul
971 1254 1044 1273 com-

263 1291 426 1325 plementum
441 1292 690 1326 perfectionemque
705 1292 809 1326 peccati
832 1299 892 1319 esse
908 1292 986 1319 docet
1001 1300 1046 1319 eo-

262 1344 334 1369 rum,
349 1337 394 1371 qui
413 1343 507 1364 contra
520 1338 609 1372 ipsutn
624 1338 699 1372 impii
712 1337 830 1368 fuerunt,
848 1338 929 1364 simul
946 1338 1046 1365 abster-

264 1381 367 1408 siouem
389 1387 414 1409 et
430 1384 620 1417 purgationem
646 1387 819 1417 peccatorum
845 1387 872 1411 et
897 1384 1044 1418 iniustitia-

263 1433 324 1452 rum
340 1427 521 1462 expiationem
541 1427 727 1462 eorumquiin
746 1428 834 1462 ipsum
849 1428 1023 1456 crediderunt
1037 1439 1042 1456 :

263 1479 326 1499 nam
346 1481 407 1500 cum
421 1473 528 1507 Aquila.
545 1482 555 1498 ε
569 1473 610 1500 Ad
624 1474 867 1501 consummandam
883 1476 1044 1509 praevarica-

264 1520 374 1551 tioaem,
399 1523 425 1547 et
442 1519 521 1546 finem
539 1524 650 1555 peccato
678 1520 881 1554 imponendum,
903 1531 912 1547 ι
932 1522 1042 1554 dixerit,

264 1569 321 1591 tum
340 1564 405 1592 illud
422 1565 531 1599 adiecit,
552 1564 600 1592 «Et
618 1565 650 1592 ad
666 1566 828 1600 expiandum
845 1566 1040 1601 iniquitatem,»

264 1610 304 1637 sic
323 1609 403 1644 plane
431 1610 505 1636 illum
529 1610 619 1638 omnis
649 1610 812 1645 iniquitatis,
827 1620 887 1646 quae
907 1613 972 1639 olim
998 1621 1046 1649 per

264 1656 445 1691 ignorantiam
471 1656 590 1683 admissa
617 1657 662 1689 sit,
687 1657 869 1692 expiationem
897 1666 968 1690 esse,
997 1667 1046 1694 pro

264 1709 395 1730 concesso
414 1709 535 1729 sumens.
563 1701 628 1729 Post
648 1703 706 1737 ipsa
732 1703 800 1736 haec,
814 1704 879 1731 illud
897 1705 1020 1740 Sequitur
1038 1716 1043 1732 :

266 1757 276 1774 ι
298 1748 333 1775 Ut
347 1748 494 1775 inducatur
509 1749 616 1783 justitia
630 1749 804 1783 sempiterna.
818 1759 827 1775 ι
846 1749 894 1777 Est
909 1759 974 1778 sane
988 1751 1046 1786 ipse

265 1794 311 1821 Dei
325 1793 443 1822 Verbum
467 1794 574 1828 justitia
601 1795 778 1829 sempiterna,
794 1805 803 1821 ‹
818 1797 864 1831 qui
894 1797 980 1825 factus
1005 1802 1046 1825 est

264 1839 343 1877 npbis
363 1840 495 1874 sapientia
521 1847 536 1866 a
563 1839 628 1871 Deo,
643 1840 806 1875 iustitiaque
822 1845 850 1868 et
864 1842 1046 1869 sanctiﬁcatio

264 1889 291 1912 et
306 1884 466 1919 redemptio,
487 1894 496 1911 ι
511 1889 539 1911 ιιι
558 1886 595 1911 ait
621 1885 778 1920 Apostolus,
793 1891 980 1914 verumtamen
997 1887 1046 1914 ad-

264 1933 345 1957 ventu
361 1937 411 1957 suo
421 1931 548 1958 omnibus
563 1931 720 1958 hominibus
729 1932 886 1958 conciliavit
898 1933 1044 1967 justitiam,

265 1975 355 2010 reipsa
374 1975 531 2007 ostendens,
552 1977 623 2010 quod
641 1986 650 2002 ι
666 1985 718 2003 non
734 1977 817 2012 386
833 1978 919 2004 solum
939 1977 1044 2005 Iudam-

264 2029 324 2048 rum
338 2025 380 2048 est
397 2021 480 2054 Deus,
495 2023 542 2049 sed
553 2022 634 2049 etiam
650 2023 781 2058 gentium.
794 2033 802 2049 ι
822 2023 1045 2059 Quandoquidem

265 2074 335 2094 unus
352 2071 393 2093 est
419 2066 491 2094 Deus
511 2067 555 2102 qui
570 2067 731 2101 jnstiﬁcabit
748 2069 986 2097 circumcisioncm
1012 2078 1045 2097 ex

265 2110 326 2145 ﬁde,
343 2116 370 2138 et
387 2113 549 2147 praeputium
564 2121 614 2148 per
628 2113 708 2141 ﬁdem
721 2114 754 2140 ⁷¹.
774 2124 781 2139 ι
799 2114 838 2141 Ex
855 2122 909 2149 quo
931 2123 979 2143 eos
998 2116 1045 2150 qui

263 2164 326 2183 cum
342 2157 470 2184 Cornelio
497 2158 620 2190 aderant.
635 2160 736 2194 quique
759 2160 816 2194 jam
835 2159 965 2195 Spiritum
982 2169 1046 2188 san-

262 2206 336 2229 ctum
353 2203 477 2238 accipere
487 2209 652 2237 meruerant,
670 2205 808 2232 admirans
820 2205 927 2237 Petrus,
943 2215 952 2231 ι
966 2205 1043 2238 Vere.

264 2249 361 2284 inquit,
392 2250 453 2276 novi
475 2251 546 2284 quod
573 2258 629 2277 non
656 2254 698 2278 est
718 2255 845 2286 acceptor
865 2259 1042 2286 personarum

263 2294 346 2328 Deus,
361 2295 408 2323 sed
420 2296 447 2322 in
460 2297 533 2322 omni
547 2301 637 2331 gente,
654 2297 699 2331 qui
714 2297 790 2324 timet
807 2297 881 2324 illum
893 2302 920 2325 et
935 2303 1042 2326 exercet

259 2341 405 2375 justitiam,
420 2346 548 2376 acceptus
564 2346 607 2369 est
632 2342 670 2369 illi
685 2343 719 2370 τ’.
737 2352 745 2368 ι
764 2342 836 2375 Quin
863 2342 964 2371 Paulus
979 2352 1044 2379 quo-

260 2395 314 2422 que
341 2386 518 2422 Evangelium
544 2388 659 2423 iustitia:
677 2389 791 2416 aﬂirmat
817 2396 888 2421 esse,
904 2390 951 2417 ubi.
977 2391 1040 2418 ait:

264 2443 273 2458 ι
293 2433 387 2461 Virtus
408 2435 480 2461 enim
510 2434 557 2462 Dei
582 2439 623 2462 est
641 2435 673 2462 ad
689 2435 803 2462 salutem
819 2436 891 2462 omni
908 2436 1041 2468 credenti,

259 2478 353 2506 Iudaeo
369 2480 487 2514 primum
509 2484 536 2508 et
561 2481 656 2508 Grreco
671 2490 679 2509 :
698 2481 802 2516 justitia
817 2481 952 2509 enim'Dei
966 2483 993 2509 in
1011 2491 1044 2510 eo

259 2526 396 2553 revelatur
408 2526 440 2553 ⁷³.
457 2536 466 2553 ι
480 2525 509 2553 In
524 2525 639 2554 Psalmis
649 2535 757 2562 quoque
772 2528 806 2555 de
817 2527 926 2555 Christo
941 2529 1042 2556 dictum

259 2573 303 2595 est
319 2577 325 2595 :
339 2577 349 2594 ι
368 2567 476 2596 Orietur
488 2570 515 2596 in
527 2570 623 2597 diebus
637 2570 696 2604 ejus
710 2570 817 2604 justitia
833 2574 860 2597 et
874 2571 1041 2598 abundantia

263 2614 338 2648 pacis
351 2613 385 2642 “.
402 2624 411 2640 ι
429 2614 461 2641 Et
474 2623 540 2642 sane
558 2616 633 2642 illius
647 2623 717 2650 opus
732 2623 760 2643 re
775 2623 836 2642 vera
852 2615 1041 2650 Deijustitiam

262 2659 468 2693 demonstravit,
487 2665 581 2696 utpote
599 2661 671 2696 quod
686 2670 766 2689 omne
791 2670 876 2696 genus
901 2662 1042 2688 hominum

262 2705 322 2738 pari
339 2706 481 2734 vocatione
496 2707 606 2742 dignum
623 2707 824 2735 reddiderit.At
839 2716 898 2742 qua:
918 2715 965 2742 per
991 2707 1044 2734 Mo-

263 2757 321 2778 sem
336 2751 408 2778 edita
424 2756 498 2786 sunt,
514 2761 684 2789 nequaquam
705 2754 780 2786 talia,
796 2753 842 2781 sed
865 2754 911 2781 uni
928 2753 978 2780 soli
994 2752 1042 2780 Ju-

300 2850 322 2866 “
341 2850 406 2877 Luc.
424 2860 440 2879 ιι
453 2872 460 2880 .
478 2853 521 2879 Si.
559 2853 581 2868 σθ
599 2853 676 2880 Joan.
695 2863 720 2883 ι,
738 2855 781 2881 29.

264 2892 299 2918 x.
317 2885 417 2919 3|,35.
457 2888 478 2902 ⁷³
500 2887 574 2915 llum.
595 2897 612 2920 ι,
631 2889 672 2919 Hi,
686 2889 728 2916 l7.
768 2890 789 2905 ’δ
809 2889 880 2917 Psal.
901 2898 979 2923 uxt,
996 2891 1022 2918 7.

832 2855 863 2870 εν·
886 2854 989 2882 [Joau.
1009 2863 1045 2888 ιι,
1060 2855 1077 2882 Ξ

1096 290 1141 320 ab;
1156 289 1267 324 ἱλασμός
1278 289 1333 314 ἐστι
1348 287 1411 323 περὶ
1426 287 1478 313 τῶν
1490 286 1628 322 ἁμαρτιῶν
1645 285 1732 320 ἡμῶν,
1746 295 1754 310 ι
1769 286 1799 311 οῦ
1813 285 1878 320 περὶ

1097 335 1150 361 τῶν
1166 334 1307 370 ἡμετέρων
1319 333 1346 359 δὲ
1364 335 1451 368 μόνον,
1469 332 1536 359 ἀλλὰ
1551 332 1597 358 καὶ
1613 332 1676 366 περὶ
1692 331 1752 357 ὅλου
1768 331 1814 356 τοῦ
1830 330 1877 357 κό-

1098 389 1176 415 σμον,
1194 380 1274 411 αὐτὸς
1286 379 1322 405 ὣν
1342 378 1387 405 καὶ
1401 378 1594 413 ἀπολύτρωσις,
1615 376 1684 403 κατὰ
1700 377 1744 402 τὸν
1761 376 1877 408 Παῦλον,

1097 426 1248 460 φάσκοντα·
1267 426 1333 456 «Ὀς
1354 424 1468 459 ἐγενήθη
1490 423 1569 457 σοφία
1585 423 1648 457 ἡμῖν
1669 422 1722 448 ἀπὸ
1741 421 1819 452 Θεοῦ,
1838 420 1878 448 δι-

1097 471 1260 506 καιοσύνητε
1271 471 1318 497 καὶ
1326 470 1469 505 ἀγιασμδς,
1479 469 1526 496 καὶ
1534 469 1729 503 ἀπολύτρωσις
1744 477 1754 493 ι
1767 467 1878 499 εἰκότως

1095 517 1144 552 τὴν
1157 516 1306 551 παρουσίαν
1319 514 1402 541 αὑτοῦ
1418 513 1485 548 ὁμοῦ
1501 514 1549 548 μὲν
1565 512 1758 548 συμπλήρωσιν
1771 512 1817 538 καὶ
1832 520 1878 538 τε·

1096 562 1202 588 λείωσιν
1218 561 1353 596 ἁμαρτίας
1366 559 1433 586 εἶναι
1448 559 1565 585 διδάσκει
1589 558 1641 584 τῶν
1662 559 1701 588 είς
1718 557 1798 583 αὐτὸν
1811 558 1877 591 ἠσε-

1097 607 1227 642 θηκότων,
1243 606 1310 640 ὁμοῦ
1323 605 1351 631 δὲ
1367 604 1511 638 ἀπάλειψιν
1531 604 1577 629 καὶ
1600 602 1766 638 καθαρισμὸν
1789 603 1878 637 ἀμαρ-

1096 652 1170 685 τιῶν,
1187 651 1235 678 καὶ
1258 651 1368 677 ἀδικιῶν
1392 650 1503 684 ἱλασμὸν
1516 649 1570 675 τῶν
1583 650 1621 680 εἰς
1636 649 1716 674 αὑτὸν
1730 656 1878 674 πεπιστευ-

1096 698 1190 724 κότων.
1205 697 1259 723 Καὶ
1272 697 1287 722 ὁ
1305 696 1418 728 Ἀκύλας
1430 695 1468 727 δὲ,
1485 704 1492 720 ι
1508 694 1560 720 Τοῦ
1574 694 1680 720 τελέσαι
1695 693 1742 728 τὴν
1757 693 1876 724 ἀθεσίαν,

1096 743 1141 769 καὶ
1153 742 1201 768 τοῦ
1213 741 1353 768 τελειῶσαι
1364 740 1563 776 τὴνάμαρτῐαν,
1579 749 1588 764 ›
1601 738 1694 769 εἰπὼν,
1705 739 1827 773 ἐπήγαγε
1838 738 1876 770 τὺ,

1099 798 1108 814 ι
1125 788 1177 814 Τοῦ
1199 787 1371 820 ἐξιλάσασθαι
1389 786 1511 821 ἀνομίαν,
1528 795 1536 810 ι
1556 785 1647 819 σαφῶς
1666 785 1775 819 ἱλασμὸν
1798 784 1879 810 αὑτὸν

1096 832 1164 860 εἶναι
1182 833 1271 868 πάσης
1288 833 1400 867 ἀνομίας
1417 832 1467 866 τῆς
1490 832 1568 858 πάλαι
1589 830 1658 857 κατὰ
1678 831 1788 864 ἄγνοιαν
1801 838 1878 864 γενο-

1099 881 1182 915 μένης
1205 878 1403 913 ὐποτιθέμενος.
1421 878 1499 912 Ἑξῆς
1524 877 1625 909 τούτοις
1652 877 1775 912 εἴρηται,
1802 886 1810 901 t
1825 875 1878 902 Τοῦ

1061 916 1082 945 Β
1097 926 1209 958 ἀγαγεῖν
1222 924 1393 959 δικαιοσύνην
1410 923 1524 950 αἰώνιον.
1542 924 1634 949 »Ἔστι
1653 923 1700 957 μὲν
1713 921 1758 949 οὗν
1771 922 1851 954 αὑτὸς
1864 922 1880 947 6

1096 972 1142 998 τοῦ
1157 971 1223 998 Θεοῦ
1240 971 1324 1005 Λόγος
1338 970 1444 1001 αἰώνιος
1456 968 1620 1003 δικαιοσύνη,
1635 977 1643 992 ι
1661 969 1689 1000 ὃς
1702 967 1815 1003 ἐγενήθη
1834 975 1880 994 σο-

1097 1019 1145 1052 φία
1162 1019 1227 1053 ἡμῖν
1242 1017 1294 1044 ἀπὸ
1308 1016 1386 1048 Θεοῦ,
1400 1015 1555 1049 δικαιοσύνη
1569 1024 1596 1040 τε
1610 1015 1656 1040 καὶ
1674 1013 1815 1047 ἁγιασμὸς,
1832 1013 1880 1039 καὶ

1098 1064 1294 1097 ἀπολύτρωσις,
1310 1071 1320 1088 .-
1336 1062 1405 1088 κατά
1417 1061 1463 1088 τὸν
1477 1060 1645 1086 Ἀπόστολον.
1663 1059 1733 1094 Πλὴν
1750 1058 1816 1085 ἀλλά
1831 1057 1880 1084 σὺν

1097 1111 1129 1144 τῇ
1141 1108 1236 1134 ἑαυτοῦ
1249 1107 1384 1142 παρουσία
1396 1107 1444 1133 καὶ
1460 1106 1541 1131 πᾶσιν
1552 1103 1702 1140 ἀνθρώποις
1713 1102 1880 1138 προύξένησε

1097 1153 1277 1188 δικαιοσύνην,
1289 1153 1378 1188 ἔργοις
1386 1150 1528 1182 ἐπιδείξας,
1537 1150 1576 1176 ὅτι
1588 1159 1596 1174 ι
1609 1149 1644 1184 μὴ
1654 1149 1731 1183 μόνον
1746 1147 1880 1174 Ἰουδαίων

1098 1200 1170 1226 ἐστὶν
1186 1200 1200 1225 ὀ
1217 1199 1292 1230 Θεὸς,
1304 1198 1370 1224 ἀλλὰ
1386 1198 1433 1224 καὶ
1447 1196 1540 1222 ἐθνῶν.
1555 1205 1564 1221 ι
1583 1194 1711 1228 Ἐπείττερ
1726 1191 1765 1225 εἷς
1776 1194 1790 1220 δ
1802 1193 1878 1226 Θεὸς,

1097 1247 1125 1278 ὃς
1142 1245 1279 1272 δικαιώσει
1292 1243 1442 1280 περιτομὴν
1457 1244 1488 1269 ὲκ
1501 1243 1626 1272 πίστεως,
1638 1241 1684 1267 καὶ
1700 1239 1879 1276 ἀκροϐυστίαν

1097 1291 1140 1317 διὰ
1155 1291 1205 1325 τῆς
1231 1290 1356 1320 πίστεως.
1373 1288 1467 1314 »Ὅθεν
1483 1288 1545 1318 τοὺς
1569 1286 1640 1321 ἀμφὶ
1662 1285 1706 1311 τὸν
1731 1284 1879 1320 Κορνήλιον

1096 1337 1143 1363 τοῦ
1173 1336 1248 1371 ἁγίου
1275 1335 1432 1369 Πνεύματος
1458 1333 1623 1368 ἠξιωμένους
1647 1330 1842 1365 ἀποθαυμάσας
1864 1331 1880 1356 ὁ

1097 1382 1207 1418 Πέτρος,
1228 1391 1237 1407 ‹
1249 1382 1306 1407 Ἐπ’
1319 1380 1456 1416 ἀληθείας,
1473 1390 1482 1404 ι
1500 1380 1590 1414 φησιν,
1606 1389 1614 1404 ι
1627 1375 1694 1408 οἴδα,
1706 1377 1747 1403 ὅτι
1759 1377 1808 1403 οὐκ
1820 1375 1879 1402 ἐστι

1097 1427 1330 1464 προσωπολήτττης
1343 1427 1356 1452 ὁ
1374 1425 1449 1456 Θεὸς,
1467 1425 1523 1451 ἀλλ’
1541 1425 1569 1450 ὲν
1583 1423 1662 1450 παντὶ
1675 1423 1745 1449 ἔθνει
1754 1424 1768 1448 ὁ
1782 1421 1879 1456 φοϐού-

1099 1482 1177 1509 μενος
1200 1473 1290 1504 αὑτὸν,
1306 1471 1485 1507 ἐργαζόμενος
1504 1469 1685 1504 δικαιοσύνην,
1699 1469 1791 1500 δεκτὸς
1805 1468 1879 1504 αὐτῷ

1096 1521 1163 1546 ἐστι.
1179 1529 1188 1545 ›
1203 1518 1257 1545 Καὶ
1279 1519 1293 1544 ὁ
1314 1517 1418 1547 Παῦλος
1431 1517 1458 1542 δὲ
1476 1517 1504 1542 τὸ
1526 1515 1688 1550 Εὖαγγέλιον
1708 1514 1879 1549 δικαιοσύνης

1096 1565 1164 1599 εἶναι
1185 1573 1260 1600 φησι,
1275 1564 1376 1598 λέγων¹
1390 1573 1398 1588 ε
1412 1563 1529 1598 Δύναμις
1542 1562 1595 1597 γὰρ
1606 1561 1672 1587 Θεοῦ
1687 1562 1759 1587 ἐστιν
1773 1561 1813 1591 είς
1827 1568 1880 1587 σω-

1096 1611 1193 1647 τηρίαν
1213 1610 1293 1637 παντὶ
1309 1609 1347 1644 τῷ
1363 1607 1650 1642 πιστεύοντι,¹1ουδαίῳ
1665 1615 1694 1633 τε
1711 1605 1816 1642 πρῶτον
1832 1606 1880 1632 καὶ

1097 1657 1222 1692 ’Έλληνισ
1239 1655 1393 1690 δικαιοσύνη
1408 1654 1461 1690 γὰρ
1480 1653 1546 1680 Θεοῦ
1562 1655 1590 1679 ὲν
1607 1652 1679 1687 αὐτῷ
1692 1651 1880 1679 ἀποκαλύπτε-

1096 1712 1150 1729 ται.
1167 1712 1176 1728 ι
1194 1702 1248 1728 Καὶ
1262 1702 1290 1728 ἐν
1310 1700 1432 1735 Ψαλμοῖς
1447 1700 1474 1726 δὲ
1489 1700 1595 1735 εἴρηται
1609 1698 1731 1734 περὶτοῦ
1749 1697 1878 1733 Χριστοῦ’

1099 1748 1254 1775 (Ἀνατελεῖ
1274 1748 1308 1773 ἐν’
1324 1748 1382 1778 ταῖς
1406 1746 1522 1782 ἡμέραις
1545 1745 1626 1771 αὐτοῦ
1643 1743 1808 1778 δικαιοσύνη,
1831 1743 1880 1769 καὶ

1097 1795 1196 1830 πλῆθος
1211 1794 1330 1829 εἰρήνης.
1346 1803 1355 1818 ι
1373 1793 1426 1818 Καὶ
1439 1793 1469 1818 τὸ
1482 1792 1561 1827 ἔργον
1576 1791 1603 1817 δὲ
1623 1790 1704 1817 αὑτοῦ
1721 1790 1758 1821 ὠς
1772 1788 1880 1825 ἀληθῶς

1096 1841 1162 1868 Θεοῦ
1174 1839 1345 1874 δικαιοσύνην
1359 1838 1515 1870 ἐνεδείξατο,
1527 1837 1557 1863 τὸ
1568 1838 1620 1864 πᾶν
1635 1836 1712 1870 γένος
1727 1834 1879 1870 ἀνθρώπιον

1097 1887 1126 1920 ἐξ
1143 1887 1199 1914 ἴσου
1220 1886 1269 1921 τῆς
1289 1885 1364 1920 παρὰ
1379 1884 1417 1919 τῷ
1431 1883 1490 1918 Θεῷ
1506 1882 1722 1914 καταξιώσαντος
1744 1880 1877 1916 κλήσεως.

1103 1933 1181 1959 Ἀλλὰ
1193 1932 1222 1958 οὐ
1236 1931 1346 1958 τοιαῦτα
1358 1928 1391 1966 ἦν
1403 1929 1436 1956 τὰ
1448 1928 1492 1955 διὰ
1508 1929 1639 1959 Μωσέως,
1655 1927 1694 1953 ἑνὶ
1713 1927 1740 1952 δὲ
1753 1926 1825 1962 μόνῳ
1840 1925 1880 1960 τῷ

1103 1977 1233 2005 Ἰουδαίων
1255 1976 1324 2003 ἔθνει
1346 1975 1532 2010 δεδωρημένα·
1554 1973 1593 1999 διὸ
1617 1973 1662 1998 xui
1685 1970 1752 2006 πρὸς
1784 1970 1880 2006 καιρὸν

1097 2024 1213 2058 φανέντα
1236 2021 1429 2058 παρελήλυθεν.
1439 2021 1470 2046 Ἠ
1491 2020 1519 2046 δὲ
1541 2019 1584 2046 διὰ
1598 2018 1644 2045 τοῦ
1661 2017 1785 2053 Σωτῆρος
1800 2015 1880 2052 ἡμῶν

1097 2067 1301 2104 κατηγγελμένη
1323 2065 1488 2101 δικαιοσύνη,
1509 2064 1670 2100 διαμένουσα
1693 2064 1732 2094 εἰς
1747 2063 1778 2089 τὸ
1793 2063 1882 2098 διηνε-

1097 2115 1152 2145 κὲς,
1168 2113 1279 2144 εἰκότως
1293 2112 1400 2143 αἰώνιος
1414 2111 1630 2146 προσηγόρευται
1646 2108 1812 2144 δικαιοσύνη,
1829 2117 1881 2135 κα-

1095 2160 1129 2186 τὰ
1145 2159 1190 2185 τὸν
1204 2157 1321 2193 Γαϐριὴλ
1340 2158 1471 2192 φήσαντα·
1491 2165 1500 2181 ι
1514 2155 1568 2182 Καὶ
1584 2155 1630 2182 τοῦ
1645 2155 1756 2189 ἀγαγεῖν
1778 2153 1880 2180 δικαιοο

1097 2205 1178 2240 σύνην
1193 2203 1308 2230 αἰώνιον·
1326 2213 1335 2229 ›
1348 2203 1407 2229 ἀντὶ
1420 2202 1458 2233 δὲ,
1475 2211 1483 2227 t
1496 2202 1550 2228 Καὶ
1564 2201 1611 2228 τοῦ
1623 2201 1772 2235 σφραγῖσαι
1785 2200 1881 2235 ὅρασιν

1097 2251 1142 2278 καὶ
1156 2251 1305 2286 προφήτην,
1322 2259 1331 2274 ι
1347 2247 1510 2284 κυριώτερόν
1535 2256 1579 2282 μοι
1592 2247 1664 2273 δοκεῖ
1677 2245 1854 2281 πεποιηκέναι
1865 2247 1882 2272 ὸ

1101 2296 1223 2327 Ἀκύλας,
1242 2294 1335 2322 εἰπών·
1356 2303 1365 2319 ‹
1380 2295 1435 2320 Καὶ
1452 2293 1498 2320 τοῦ
1511 2293 1616 2319 τελέσαι
1631 2290 1818 2327 ὁραματισμὸν
1834 2289 1883 2317 καὶ

1096 2341 1248 2377 προφήτην.
1265 2349 1274 2365 ι
1291 2339 1328 2366 Οὐ
1342 2338 1395 2374 γὰρ
1406 2337 1574 2369 ἀποκλεῖσαι,
1590 2337 1637 2363 καὶ
1653 2336 1746 2371 ὥσπερ
1762 2335 1882 2371 σφραγί-

1098 2397 1140 2414 σαι
1166 2387 1213 2418 τὰς
1235 2385 1406 2421 προφητικὰς
1421 2385 1530 2420 ὁράσεις
1548 2383 1742 2418 ἐπιδεδήμηκεν
1754 2383 1768 2408 ὁ
1785 2381 1882 2418 Σωτὴρ

1097 2434 1144 2460 καὶ
1157 2433 1258 2468 Κύριος
1272 2431 1360 2467 ἡμῶν,
1372 2432 1401 2462 ὅς
1415 2439 1446 2464 γε
1460 2431 1506 2457 καὶ
1520 2429 1603 2456 πάλαι
1615 2428 1696 2460 οὔσας
1706 2429 1818 2461 ἀσαφεῖς
1833 2427 1882 2455 καὶ

1097 2478 1390 2513 κατεσφραγισμένας,
1419 2476 1512 2510 ὥσπερ
1541 2474 1715 2510 ἐπικειμένας
1747 2473 1880 2509 περιελὼν

1095 2524 1255 2560 σφραγῖδας,
1275 2522 1374 2558 ἀνέῳξέ
1400 2531 1428 2548 τε
1453 2524 1501 2549 καὶ
1524 2521 1676 2556 ἀνήπλωσε,
1703 2521 1757 2551 τοῖς
1782 2519 1880 2546 ἑαυτοῦ

1097 2569 1228 2604 μαθηταῖς
1240 2568 1285 2595 τὸν
1297 2568 1357 2594 νοῦν
1369 2567 1422 2594 τῶν
1435 2567 1514 2593 θείων
1525 2566 1686 2602 παραδιδοὺς
1697 2564 1880 2601 γραμμάτων.

1097 2616 1189 2648 Ὅθεν,
1207 2625 1216 2641 ι
1229 2615 1305 2646 Ἰδοὺ,
1319 2624 1328 2639 ι
1348 2615 1439 2649 φησὶν,
1451 2624 1459 2639 ι
1475 2613 1598 2648 ἐνίκησεν
1611 2614 1625 2639 ὁ
1639 2612 1706 2638 λέων
1720 2612 1734 2638 ὁ
1747 2612 1780 2638 ἐκ
1793 2610 1883 2646 φυλῆς

1101 2661 1195 2688 Ἰούδα
1209 2671 1218 2687 ι
1236 2661 1282 2687 καὶ
1302 2660 1381 2691 αὐτὸς
1392 2659 1479 2694 ἧνοιξε
1490 2659 1538 2690 τὰς
1555 2658 1702 2694 σφραγῖδας
1717 2657 1765 2688 τὰς
1777 2657 1883 2684 ἐπικει-

1099 2708 1179 2742 μένας
1193 2707 1231 2742 τῷ
1246 2706 1350 2741 βιϐλίῳ,
1376 2705 1443 2732 κατὰ
1456 2706 1506 2741 τὴν
1534 2703 1713 2738 Ἀποκάλυψιν
1743 2702 1880 2729 Ἰωάννου.

1097 2754 1179 2785 Ποίας
1194 2753 1222 2780 δὲ
1237 2753 1385 2788 σφραγῖδας
1405 2752 1422 2787 ἢ
1437 2751 1490 2778 τῶν
1507 2749 1651 2786 προφητῶν
1667 2749 1715 2780 τὰς
1727 2746 1881 2782 ἁσαφείαςς

1770 2849 1794 2864 ⁷³
1814 2848 1880 2877 Act.

1125 2856 1147 2871 ⁷⁸
1168 2855 1177 2883 l
1194 2855 1256 2882 Cor.
1273 2862 1300 2885 ι,
1318 2854 1362 2880 50.
1415 2854 1434 2868 ⁷¹
1457 2851 1534 2879 Rom.
1555 2859 1602 2883 ut,
1619 2851 1662 2880 ‘29,
1675 2850 1718 2877 30.
