2089 3218
182 191 236 220 ωε

610 191 940 220 DEMONSTRATIONIS
960 193 1190 222 EVANGELICA'I
1210 194 1275 222 LIB.
1296 194 1364 222 Vill.

1752 197 1803 225 606

182 250 215 283 ἃς
228 247 258 277 εὖ
270 250 342 286 μάλα
359 249 537 284 ἐπιστάμενος
552 248 673 284 ἀκριϐῶς
688 250 735 276 καὶ
750 250 765 276 ό
782 249 896 281 Ἡσαΐας
916 249 972 275 ἔλε-

1029 251 1105 278 Ιειίοω
1116 251 1189 284 genti
1204 251 1304 278 donata
1320 259 1327 277 :
1341 250 1469 285 quocirca
1485 251 1518 277 ad
1543 255 1649 286 tempus
1671 252 1803 280 duntaxat

181 304 232 332 γε*
247 305 257 322 ι
271 296 327 322 Καὶ
341 295 447 322 ἔσονται
462 296 487 321 οἱ
509 295 582 329 λόγοι
597 292 668 321 οὗτοι
681 295 718 327 ὡς
734 295 758 321 οἱ
770 295 843 329 λόγοι
864 296 912 321 τοῦ
927 296 968 330 βι-

184 342 256 368 ϐλίου
273 340 320 368 τοῦ
336 340 564 376 ὲσφραγισμένου.
581 349 590 366 ι
608 340 665 366 Οὐκ
679 340 732 375 ἄρα
746 340 792 366 τοῦ
809 341 969 367 ἀποκλεῖσαι

184 389 277 423 ὅρασιν
291 387 339 413 καὶ
355 387 495 421 προφήτην
512 386 640 421 ἐλήλυθεν
657 387 670 412 ὁ
688 387 804 421 Χριστὸς
823 386 869 412 τοῦ
890 386 968 418 Θεοῦ,

186 433 285 469 μᾶλλον
303 433 331 460 δὲ
344 433 521 464 ἀναπετάσαι,
539 432 586 458 καὶ
611 433 650 464 είς
677 432 734 466 φῶς
762 432 970 466 ἀγαγεῖν.”Οθεν

184 477 257 504 δοκεῖ
272 486 316 512 μοι
334 476 497 512 κυριώτερον
513 478 527 502 ὁ
544 476 658 507 Ἀκύλας
666 477 758 510 φάναι·
773 487 782 502 ‹
796 476 849 503 Τοῦ
864 477 970 503 τελέσαι

185 523 372 560 όραματισμὸν
398 523 445 549 καὶ
469 523 623 558 προφήτην·
647 533 655 547 ι
682 523 695 549 ὃ
718 524 764 549 καὶ
789 523 895 558 συνᾴδει
920 523 969 557 τῷ,

189 578 198 594 ι
214 569 270 596 Οὐκ
287 567 368 604 ἦλθον
391 568 540 595 καταλῦσαι
554 568 598 594 τὸν
613 569 693 603 νόμον
710 569 725 604 ἢ
743 570 804 601 τοὺς
819 569 970 604 προφήτας,

187 615 254 641 ἀλλὰ
270 614 420 650 πληρῶσαι,
435 624 443 640 ι
458 614 525 649 πρὸς
536 613 618 640 αὑτοῦ
629 613 674 640 τοῦ
687 615 811 650 Σωτῆρος
825 615 970 650 εἰρημένῳ.

187 661 268 691 Τέλος
284 661 337 696 γὰρ
354 660 435 694 νόμου
450 660 576 695 Χριστὸς,
590 660 635 686 καὶ
650 660 734 686 πᾶσαί
749 669 780 694 γε
798 662 825 687 αἱ
842 661 905 695 περὶ
922 660 971 687 αύ-

185 707 232 733 τοῦ
255 707 417 741 προφητεῖαι
440 706 593 741 ἀπλήρωτοι
616 706 662 731 καὶ
676 706 779 738 ἀτελεῖς
795 706 898 741 ἔμενον,
917 707 974 732 είσ-

185 753 224 780 ότ’
238 753 319 784 αὐτὸς
332 752 444 783 ἐπιστὰς
457 752 622 778 ἐπιτέθεικεν
643 752 727 778 ἅπασι
749 752 825 784 τέλος
837 754 893 784 τοῖς
908 753 972 787 περὶ

186 799 267 826 αὑτοῦ
283 797 603 834 προαναπεφωνημένοις.
617 798 729 824 Δύναται
742 798 769 824 δὲ
781 798 827 825 καὶ
841 798 911 824 κατὰ
924 798 972 833 τὴν

186 845 240 872 τῶν
255 844 453 879 Ἐϐδομήκοντα
463 844 619 878 ἑρμηνείαν,
631 844 756 879 τοιαύτην
770 844 841 879 ἔχειν
854 843 972 870 διάνοιαν

186 892 227 924 τὸ,
244 900 253 916 α
268 890 314 917 τοῦ
336 891 482 925 σφραγῖσαι
501 889 595 924 ὅρασιν
612 890 659 916 καὶ
676 890 832 925 προφήτην
849 899 858 915 ι
876 890 935 915 ἐπεὶ
958 890 972 915 ό

1020 296 1129 332 prodita
1144 297 1343 331 praeterierunt.
1354 295 1389 322 At
1403 295 1474 323 enim
1491 303 1550 330 qua:
1566 304 1615 331 per
1636 297 1802 325 Salvatorem

1021 342 1262 377 nostrumjuslitia
1276 342 1435 369 denuntiata
1453 347 1505 374 est,
1524 343 1551 369 in
1569 347 1728 377 perpetuum
1743 351 1805 378 per-

1021 395 1145 420 manens,
1177 389 1273 414 merito
1302 393 1403 415 acterna
1435 389 1541 422 justitia
1569 394 1723 423 nuncupata
1750 394 1803 421 est,

1021 432 1246 466 quemadmodum
1274 432 1341 459 dixit
1369 433 1499 460 Gabriel:
1519 443 1528 458 ε
1547 433 1578 460 Et
1603 438 1630 459 ut
1653 434 1804 460 adducatur

1018 479 1123 514 justitia
1136 482 1300 513 sempiterna
1318 488 1323 506 :
1351 489 1360 504 ι
1379 487 1427 513 pro
1442 487 1474 506 eo
1487 483 1576 506 autem
1594 479 1663 514 quod
1681 484 1734 510 est,
1748 489 1756 503 ι
1773 479 1805 506 Et

1024 526 1101 560 quasi
1116 526 1194 560 signo
1211 527 1344 560 impresso
1358 525 1503 552 clatulalur
1517 525 1584 551 visio
1599 529 1626 551 et
1641 525 1780 559 propheta,
1792 535 1802 550 ι

1024 573 1112 606 magis
1124 572 1264 606 aliquanto
1280 571 1388 605 proprie
1405 571 1470 597 mihi
1486 570 1593 597 videtur
1603 570 1699 604 Aquila
1716 570 1806 597 reddi-

1024 618 1097 644 disse
1113 627 1119 644 :
1139 627 1147 642 ι
1168 617 1200 643 ΕΙ.
1215 617 1248 643 ad
1268 618 1513 644 consummandam
1526 617 1640 643 visionis
1657 623 1756 643 Inumls
1778 620 1805 642 et

1025 663 1193 697 prophetam.
1214 672 1222 688 ι
1248 662 1306 688 Non
1328 663 1398 688 enim
1421 668 1449 689 ut
1469 662 1644 688 clauderetct
1661 662 1739 696 quasi
1756 669 1805 688 an-

1024 709 1087 735 nulo
1118 709 1237 742 signaret
1268 708 1440 742 propheticas
1468 708 1597 739 visiones,
1623 706 1747 734 Salvator
1774 714 1806 733 ac

1024 751 1153 778 Dominus
1171 757 1263 779 noster
1291 752 1411 782 advenit,
1427 752 1472 786 qui
1496 752 1577 778 etiam
1597 752 1666 781 illas.
1683 760 1741 785 qua:
1758 759 1808 777 an-

1024 805 1065 826 tea
1080 800 1204 826 obscura:
1217 803 1243 825 et
1259 799 1337 833 quasi
1359 800 1437 833 signo
1456 799 1589 833 impresso
1604 799 1703 825 clausa:
1718 803 1805 829 erant,

1023 848 1049 872 et
1067 845 1172 879 aperuit
1197 850 1223 871 et
1248 845 1327 871 latins
1359 845 1512 879 explicavit,
1527 851 1580 879 quo
1608 847 1727 878 teu'pore
1750 845 1807 870 suis

1025 890 1168 924 diScipulis
1184 897 1294 916 sensum
1320 889 1474 916 divinarum
1500 889 1701 923 Seriplurarum
1725 896 1808 923 expo-

187 938 268 973 νόμος
289 937 335 965 καὶ
357 938 380 963 οι
404 937 541 972 προφῆται
558 938 654 972 μέχρις
677 937 797 963 Ἰωάννου
813 936 970 971 διήρκεσαν,

1029 938 1087 964 suit.
1103 936 1140 963 Ex
1156 944 1219 971 quo,
1235 945 1243 961 ι
1260 935 1338 967 Ecce,
1354 936 1451 970 inquit,
1466 936 1530 962 vicit
1548 936 1589 961 leo
1614 934 1648 961 de
1669 935 1738 961 tribu
1760 933 1807 960 Ju-

187 984 216 1016 ἐξ
239 983 343 1010 ἐκείνου
360 991 389 1009 τε
404 983 602 1010 διαλελοίπασιν
621 984 645 1009 οί
660 982 741 1009 πάλαι
757 982 830 1018 παρὰ
852 982 891 1017 τῷ
912 983 974 1008 Ἰου-

186 1030 268 1056 δαίων
282 1029 352 1056 ἔθνει
371 1029 680 1064 πνευματοῳορούμενοι,
701 1028 747 1054 καὶ
763 1028 811 1058 τὰς
827 1028 890 1064 περ).
906 1028 973 1062 Χρι-

188 1076 251 1106 στοῦ
267 1076 432 1111 προρρήσεις
445 1075 685 1110 ἀνακηρύττοντες,
704 1074 810 1104 καὶτὰς
825 1074 853 1099 ὲν
866 1075 921 1104 τοῖς
939 1075 975 1099 ξε-

189 1123 244 1158 ροῖς
264 1121 351 1155 λόγοις
373 1120 481 1156 ὁράσεις
498 1120 581 1154 ὑγιῶς
595 1120 797 1151 ἐποπτεύοντες,
813 1120 837 1146 οἳ
855 1120 902 1146 καὶ
928 1119 974 1145 ἅτε

188 1165 412 1200 ἀποκλεισθείσης
427 1165 512 1199 αὐτῆς
527 1166 575 1200 τῆς
597 1165 670 1196 θείας
688 1165 804 1200 χάριτος,
823 1164 870 1191 καὶ
889 1172 974 1199 σφρα-

188 1214 260 1248 γῖσιν
284 1212 377 1247 ὥσπερ
399 1211 601 1246 καταδεθείσής,
621 1210 758 1243 ἐξέλιπον·
775 1209 815 1235 διὸ
833 1209 975 1244 συμϐαίνει

190 1259 219 1291 ἐξ
233 1258 335 1285 ἐκείνου
352 1258 448 1293 μηκέτι
473 1257 613 1293 προφήτην
636 1257 765 1291 ἐνεργεῖν,
785 1255 851 1290 μηδὲ
872 1255 975 1290 ὁρῶντα

189 1304 367 1340 χρηματίζειν
381 1305 409 1330 ὲν
426 1304 528 1334 αὐτοῖς,
544 1303 597 1329 ἀπὸ
611 1301 663 1328 τῶν
680 1301 850 1336 δηλουμένων
874 1301 975 1335 χρόνων

188 1351 236 1378 καὶ
252 1351 291 1382 είς
313 1351 385 1386 ἡμᾶς
411 1350 513 1376 τούτων
536 1349 662 1375 ἁπάντων
678 1346 894 1373 διαλελοιπότων.
910 1346 977 1371 Τού-

187 1405 244 1428 τοις
260 1389 392 1430 ἐπιφέρευ
413 1405 422 1420 ‹
440 1396 494 1421 Καὶ
508 1396 597 1430 χρῖσαι
615 1394 690 1428 ἆγιον
706 1393 816 1427 ἁγίων.)
830 1393 884 1419 Καὶ
898 1391 976 1419 τοῦτο

188 1442 216 1470 δὲ
227 1441 338 1468 αὐτόθεν
349 1440 491 1476 πρόδηλον,
499 1440 536 1471 ὡς
548 1440 626 1474 μέχρι
637 1439 690 1465 τῶν
701 1438 747 1464 τοῦ
761 1437 886 1472 Σωτῆρος
896 1437 975 1472 ἡμῶν

188 1488 289 1524 χρόνων
301 1487 373 1521 ἆγιοι
382 1486 495 1520 όιγίωνοί
508 1486 571 1520 παρ’
580 1485 713 1519 Ἑϐραίοις
727 1485 863 1519 ἀρχιερεῖς
874 1483 977 1518 ἐχρίον-

188 1543 228 1566 το,
243 1533 314 1560 κατὰ
331 1533 380 1568 τήν
397 1532 467 1558 κατὰ
483 1531 528 1557 τὸν
551 1531 596 1557 τοῦ
616 1530 735 1561 Μωσέως
747 1530 827 1565 νόμον
842 1528 977 1554 ἐπιτελου-

191 1580 273 1615 μένην
288 1579 441 1613 ἀγιστείαν·
462 1577 490 1610 ἐξ
504 1577 608 1603 ἐκείνου
621 1576 648 1602 δὲ
665 1576 711 1601 καὶ
724 1571 796 1601 οὗτοι
810 1573 977 1601 διαλελοίπα-

190 1633 215 1651 σι
229 1623 404 1659 καταλλήλως
418 1624 452 1658 τῇ
469 1621 670 1657 προφητείᾳ.¹ΙΙ
688 1621 736 1655 μὲν
750 1618 796 1646 οὖν
814 1620 860 1646 τοῦ
883 1619 977 1645 Ἰακὼὸ

190 1669 258 1705 πρὸς
270 1669 315 1695 τὸν
337 1667 437 1694 Ἰούδαν
456 1666 629 1701 ἀναφώνησις
645 1666 803 1701 ἡγουμένων
821 1665 867 1691 καὶ
883 1664 979 1699 ἀρχόν-

184 1714 243 1741 ’των
268 1714 315 1740 τοῦ
334 1713 466 1740 Ἰουδαίων
489 1712 580 1743 ἔθνους
608 1710 726 1745 ἔκλειψιν
743 1710 846 1745 ἐδήλου,
861 1709 930 1736 κατὰ
945 1708 978 1735 τὰ

191 1761 410 1797 προτεταγμένα-
442 1758 534 1794 ὲπειδὴ
557 1759 585 1784 δὲ
615 1757 649 1784 τὰ
674 1758 723 1792 τῆς
746 1757 911 1792 προστασίας
932 1756 978 1782 τοὺ

191 1807 254 1834 λαοῦ
269 1806 413 1842 προφητῶν
435 1806 480 1832 καὶ
496 1805 587 1841 ἱερέων
611 1803 693 1830 παλαι
717 1803 848 1838 πρότερον
867 1803 978 1837 ἤρτητο,

192 1852 344 1883 ἀκολούθως
362 1851 544 1887 προθεσπίσας
559 1851 572 1876 ὁ
587 1849 665 1883 λόγος
680 1849 723 1875 διὰ
737 1848 787 1883 τῆς
809 1855 980 1883 προπαρατε-

193 1898 285 1933 θείσης
302 1896 469 1932 προφητείας
482 1896 531 1930 τὴν
541 1894 594 1920 τῶν
610 1893 746 1928 ἀρχόντων
762 1892 808 1918 καὶ
822 1892 980 1927 ἡγουμένων

191 1944 239 1971 τοῦ
260 1943 392 1970 Ἰουδαίων
413 1941 504 1972 ἔθνους
522 1940 680 1974 καθαίρεσιν
696 1939 741 1964 ἐπὶ
753 1939 785 1973 τῇ
800 1936 847 1963 τοῦ
863 1936 979 1972 Χριστοῦ

193 1989 339 2026 παρουσίᾳ,
353 1987 396 2014 διὰ
418 1987 468 2021 τῆς
493 1986 559 2021 μετὰ
579 1987 673 2020 χεῖρας
688 1982 852 2019 προᾳητείας
865 1983 914 2017 τὴν
929 1982 981 2007 τῶν

195 2034 340 2072 προφητῶν
365 2033 483 2060 καὶτῶν
510 2031 602 2067 ἱερέων
620 2030 673 2056 τῶν
701 2031 764 2064 παρ’
780 2029 870 2060 αὐτοῖς
899 2028 981 2055 πάλαι

193 2081 396 2118 διαπρεπόντων
411 2079 529 2113 ἔκλειψιν
546 2078 695 2112 ἀναφωνεῖ,
711 2076 749 2107 ὡς
762 2075 922 2101 καὶτούτων
937 2075 982 2100 ἐπὶ

193 2130 226 2164 τῇ
242 2128 289 2155 τοῦ
303 2126 421 2163 Χριστοῦ
447 2124 590 2159 ἐπιφανείᾳ
613 2123 815 2157 διαλειψόντων·
831 2121 844 2147 ὃ
858 2122 905 2147 καὶ
919 2121 982 2146 αὐτὸ

195 2177 250 2206 τοῖς
265 2174 355 2210 ἔργοις
374 2175 389 2207 ἡ
406 2171 540 2208 παρουσία
562 2171 609 2197 τοῦ
630 2171 755 2205 Σωτῆρος
773 2168 851 2204 ἡμῶν
867 2167 983 2193 ἐπιστώ-

197 2220 355 2248 σατο.Ὲπεὶ
375 2219 403 2245 δὲ
427 2219 441 2244 ὁ
462 2218 586 2249 Ἀκύλας,
605 2227 613 2242 ι
628 2216 674 2242 τοῦ
696 2215 802 2249 ἀλεῖψαι
819 2213 983 2249 ἡγιασμένον

196 2266 378 2303 ήγιασμένων,
394 2275 402 2291 ι
419 2264 558 2296 ἐξέδωκεν,
575 2263 694 2298 οἰήσεται
711 2261 760 2297 μέν
775 2270 817 2292 τις
839 2260 884 2286 τὸν
902 2259 984 2285 πάλαι

197 2312 271 2349 παρὰ
291 2311 426 2342 Ἰουδαίοις
444 2310 573 2346 ἀρχιερέα
594 2307 747 2344 δηλοῦσθαι,
763 2306 817 2332 τῶν
834 2306 883 2341 μὲν
899 2305 985 2340 τούτῳ

198 2359 405 2395 ὑποδεὸηκότων
424 2356 528 2383 πολλῶν
543 2355 635 2391 ἱερέων
652 2354 735 2388 ἁγίων
751 2352 985 2389 προσαγορευομέ-

197 2414 259 2438 νων,
275 2406 351 2440 ἁγίου
372 2405 401 2430 δὲ
426 2404 509 2438 ἁγίων
526 2402 605 2438 μόνου
620 2401 665 2427 τοῦ
695 2400 763 2435 ὑπὲρ
795 2400 898 2430 πάντας
921 2399 986 2434 ἀρχ-

199 2453 303 2488 ιερέως.
313 2451 419 2486 Ἐπειδὴ
441 2449 519 2476 τοῦτο
533 2449 579 2475 καὶ
590 2447 740 2483 προχείρως
759 2445 899 2480 νοούμενον
914 2446 984 2470 ἐστιν

198 2498 305 2533 ἀληθές.
318 2497 406 2532 Μέχρι
420 2496 474 2531 γὰρ
489 2495 543 2522 τῶν
560 2494 606 2520 τοῦ
618 2494 743 2528 Σωτῆρος
755 2491 833 2526 ἡμῶν
847 2490 950 2525 χρόνων
961 2490 985 2515 οἱ

198 2544 329 2571 ἀνέκαθεν
344 2542 414 2569 κατὰ
428 2541 552 2576 διαδοχὴν
570 2541 706 2575 ἀρχιερεῖς
719 2537 786 2573 ὁμοῦ
796 2537 842 2563 καὶ
856 2536 902 2562 τοῦ
918 2544 984 2562 παν-

196 2589 242 2622 τὸς
255 2589 369 2624 ἡγοῦντο
383 2587 458 2620 λαοῦ,
476 2588 522 2614 καὶ
543 2586 577 2612 τὰ
600 2586 649 2621 τῆς
671 2584 718 2610 τοῦ
743 2583 809 2610 Θεοῦ
826 2582 983 2618 θεραπείας,

198 2635 351 2667 ἀκολούθως
373 2636 405 2670 τῇ
420 2634 495 2669 παρὰ
514 2633 608 2660 Μωσεῖ
625 2629 855 2666 νενομοθετημὲνῃ
875 2628 986 2663 λατρεία

197 2681 317 2718 διαρκῶς
331 2681 482 2707 ἐπετέλουν.
493 2679 558 2706 Ἀπὸ
577 2678 604 2703 δὲ
621 2677 674 2703 τῶν
697 2675 743 2702 τοῦ
767 2675 892 2710 Σωτῆρος
906 2673 985 2709 ἡμῶν

200 2729 304 2766 χρόνων
318 2728 424 2764 πρῶτον
441 2727 488 2762 μὲν
505 2724 636 2759 συνεχύθη
652 2723 698 2749 καὶ
708 2723 726 2757 ή
736 2720 805 2748 κατὰ
815 2720 925 2751 τούτους
939 2720 985 2746 τά-

201 2765 252 2808 ξις,
278 2774 374 2810 μικρὸν
396 2773 424 2799 δὲ
447 2772 558 2807 ὕστερον
572 2770 618 2796 καὶ
638 2767 777 2799 παντελῶς
791 2765 985 2802 ἀπέσϐη.“Αλλ’

200 2821 288 2855 Exurge
311 2819 361 2854 τῆς
383 2819 457 2850 θείας
480 2816 590 2854 Γραφῆς
611 2814 727 2850 οὐδαμοῦ
741 2813 828 2848 εὑρὼν
849 2813 894 2839 τὸν
912 2811 986 2846 παρὰ

1026 983 1093 1010 da”
1113 993 1119 1009 :
1138 993 1147 1008 ι
1171 987 1195 1009 et
1213 982 1269 1016 ipse
1294 982 1399 1016 aperuit
1425 981 1511 1015 sigilla
1536 980 1606 1007 libro
1629 980 1762 1014 apposita,
1780 984 1808 1005 ut

1026 1029 1096 1064 apud
1120 1028 1250 1054 Joannem
1281 1027 1395 1062 legimus
1423 1027 1450 1054 in
1477 1026 1648 1061 Apocalypsi.
1676 1026 1809 1052 Craterum
1846 1031 1850 1035 ”

1025 1083 1085 1109 qua:
1107 1075 1214 1101 tandem
1237 1074 1335 1108 sigilla,
1357 1073 1408 1100 nisi
1439 1073 1630 1107 prophetarum
1658 1071 1809 1098 obscurita-

1026 1121 1085 1148 tes?
1111 1128 1180 1155 quas
1203 1128 1264 1146 cum
1291 1119 1369 1153 plane
1395 1118 1463 1145 bene
1492 1123 1570 1145 notas
1599 1117 1708 1143 haberet
1728 1117 1808 1144 etiam

1027 1167 1122 1197 lsaias,
1138 1166 1225 1192 dixit:
1247 1174 1256 1189 ί
1275 1165 1307 1191 Et
1320 1169 1400 1190 erunt
1412 1164 1494 1190 verba
1515 1163 1571 1191 haec
1586 1166 1712 1196 tanquam
1728 1163 1810 1189 verba

1027 1212 1087 1238 libri
1114 1210 1247 1245 signati”
1264 1219 1269 1236 :
1288 1219 1296 1234 ›
1319 1218 1370 1235 non
1384 1216 1450 1244 ergo
1466 1213 1495 1234 ut
1517 1208 1655 1234 clauderet
1679 1207 1809 1234 visionem

1026 1261 1053 1283 et
1078 1256 1237 1291 prophetam
1256 1255 1328 1280 venit
1349 1253 1477 1280 Christus
1503 1252 1560 1283 Dei,
1577 1251 1622 1278 sed
1641 1255 1669 1277 ut
1694 1251 1810 1285 aperiret

1027 1302 1118 1335 potius
1143 1305 1166 1327 et
1197 1300 1223 1326 in
1250 1300 1335 1325 lucem
1366 1299 1509 1333 proferret.
1533 1298 1622 1330 Quare
1643 1297 1727 1331 magis
1745 1296 1810 1322 mihi

1028 1347 1137 1381 proprie
1149 1346 1256 1373 videtur
1269 1345 1364 1379 Aquila
1382 1344 1483 1370 dixisse
1499 1353 1505 1369 :
1527 1352 1535 1367 ‹
1554 1343 1593 1369 Ad
1619 1349 1811 1368 consummau<

1027 1394 1091 1420 dum
1118 1392 1233 1419 visionis
1252 1397 1351 1416 munus
1379 1393 1405 1415 et
1435 1388 1604 1423 prophetam,
1622 1397 1630 1412 ι
1649 1386 1719 1421 quod
1747 1394 1812 1413 sane

1027 1448 1089 1467 cum
1110 1439 1156 1465 illo
1171 1437 1317 1465 concordat
1335 1446 1340 1463 :
1361 1445 1369 1460 ι
1395 1435 1453 1462 Non
1470 1435 1530 1461 veni
1550 1434 1654 1460 solrere
1669 1433 1753 1466 legem
1766 1435 1812 1458 aut

1028 1484 1184 1519 prophetas,
1204 1482 1250 1509 sed
1270 1481 1407 1515 complere
1422 1480 1445 1495 ⁷⁷
1467 1500 1473 1510 ,
1496 1489 1504 1504 ι
1523 1477 1595 1512 quod
1612 1485 1625 1503 a
1640 1481 1734 1503 nostro
1752 1475 1812 1502 Sal-

1027 1534 1120 1557 vatore
1139 1529 1239 1556 dictum
1264 1527 1449 1561 agnoscimus.
1472 1524 1553 1559 387
1570 1523 1644 1550 Finis
1659 1522 1731 1549 enim
1747 1521 1812 1555 legis

1029 1577 1165 1605 Christus,
1178 1579 1204 1602 et
1217 1581 1313 1600 omnes
1331 1573 1365 1598 de
1380 1572 1426 1598 illo
1451 1570 1598 1605 pr0phetia:
1615 1569 1710 1595 inanes
1733 1572 1813 1601 atque

1031 1621 1195 1657 imperfectae
1211 1622 1380 1650 manserunt,
1397 1617 1482 1643 donec
1510 1616 1554 1641 ille
1581 1615 1700 1648 seipsum
1722 1617 1815 1640 osten-

1029 1668 1106 1699 dens,
1124 1666 1249 1693 omnibus
1265 1671 1324 1698 qua:
1348 1663 1381 1689 de
1404 1662 1462 1696 ipso
1487 1668 1501 1687 ιι
1527 1660 1666 1695 prophetis
1687 1657 1813 1692 praedicta

1031 1712 1148 1743 fuerant,
1168 1710 1247 1736 tinem
1267 1707 1405 1743 imposuit.
1424 1706 1517 1733 Potest
1530 1705 1610 1731 etiam
1629 1712 1660 1730 cx
1683 1704 1815 1736 interpre-

1031 1758 1134 1785 tatione
1161 1756 1339 1790 Septuaginta
1362 1753 1442 1779 talem
1473 1752 1573 1778 habere
1596 1757 1723 1781 sensum,
1747 1748 1813 1774 illud

1031 1804 1101 1839 quod
1116 1804 1218 1829 dictum
1241 1805 1282 1828 est
1297 1810 1303 1827 :
1322 1810 1330 1825 ι
1354 1799 1389 1826 Ut
1403 1798 1482 1833 quasi
1496 1798 1573 1831 signo
1589 1796 1722 1830 impresso
1739 1794 1814 1820 clau-

1030 1851 1110 1877 datur
1134 1849 1201 1875 visio
1218 1852 1245 1874 et
1272 1845 1402 1881 propheta
1420 1853 1426 1870 :
1455 1854 1463 1869 1
1482 1850 1543 1869 cum
1565 1842 1605 1868 lex
1633 1845 1657 1867 et
1677 1839 1814 1874 prophetat

1032 1903 1117 1930 usque
1130 1894 1163 1921 ad
1181 1893 1312 1920 Joannem
1331 1888 1540 1925 permanserint.
1553 1891 1579 1914 et
1600 1894 1633 1913 ex
1650 1886 1693 1912 illo
1710 1885 1816 1912 defece-

1031 1943 1096 1972 rint,
1110 1941 1156 1975 qui
1182 1940 1257 1974 prius
1282 1937 1384 1972 Spiritu
1399 1935 1491 1962 divino
1506 1933 1586 1961 atllati
1611 1932 1779 1963 divinabam,
1790 1934 1817 1957 et

1032 1987 1160 2015 vaticinia
1175 1986 1208 2013 de
1226 1985 1334 2012 Christo
1350 1982 1477 2009 onmibus
1489 1981 1576 2016 palam
1592 1977 1818 2014 prodebant,qui-

1032 2044 1085 2071 que
1105 2036 1132 2061 in
1153 2034 1240 2061 sacris
1259 2030 1400 2066 responsis
1415 2029 1535 2056 visiones
1549 2034 1631 2062 puras
1646 2030 1672 2053 et
1695 2026 1817 2052 sinceras

1033 2080 1300 2115 contemplahantur,
1317 2082 1446 2110 tanquam
1460 2074 1482 2102 si
1507 2074 1573 2108 ipsis
1586 2072 1677 2099 divina
1691 2071 1777 2106 gratia
1790 2076 1817 2097 et

1033 2127 1137 2157 clausa,
1151 2129 1178 2152 et
1199 2123 1278 2158 quasi
1304 2121 1390 2156 signis
1417 2117 1558 2153 impressis
1583 2115 1707 2150 colligata
1733 2118 1816 2145 esset.

1033 2172 1132 2199 merito
1147 2170 1235 2197 evenit
1249 2172 1277 2195 ut
1290 2168 1323 2194 ab
1338 2167 1395 2196 illo,
1405 2165 1437 2192 de
1453 2172 1506 2199 quo
1523 2163 1626 2190 dictum
1646 2164 1698 2193 cst,
1713 2164 1819 2193 tempo~

1035 2225 1073 2248 re,
1091 2225 1145 2243 non
1160 2213 1278 2249 amplius
1295 2211 1365 2247 apud
1381 2211 1442 2237 illos
1460 2216 1572 2235 munere
1591 2214 1640 2234 suo
1663 2206 1818 2239 fungeretur

1037 2263 1179 2299 propheta,
1196 2267 1283 2294 neque
1300 2258 1345 2293 qui
1365 2257 1399 2284 ab
1422 2256 1476 2283 illis
1496 2255 1592 2281 videns
1615 2251 1816 2279 nominabatur,

1036 2296 1188 2336 sediomnia
1212 2306 1269 2333 haec
1287 2312 1373 2339 usque
1394 2302 1427 2329 ad
1446 2305 1568 2329 nostram
1584 2302 1690 2326 aetatem
1712 2296 1818 2323 sublata

1034 2354 1203 2382 evanuerint.
1220 2352 1352 2384 Deinceps
1369 2348 1510 2383 sequitur:
1530 2355 1538 2371 ι
1563 2345 1596 2371 Ει
1615 2347 1733 2377 ungatur
1750 2340 1819 2366 San-

1034 2404 1095 2427 ctus
1122 2402 1290 2426 sanctorum.
1312 2407 1320 2422 ι
1339 2395 1396 2421 Hoc
1427 2394 1490 2420 item
1514 2390 1594 2417 nobis
1622 2388 1716 2415 eodem
1739 2393 1818 2420 argu-

1036 2448 1128 2471 mento
1144 2442 1280 2469 constabit
1296 2447 1378 2467 :nam
1397 2445 1484 2473 usque
1503 2436 1535 2463 ad
1552 2440 1674 2468 tempora
1700 2431 1820 2457 Salvato-

1035 2492 1073 2519 ris
1089 2489 1185 2521 nostri,
1206 2488 1252 2523 qui
1271 2486 1365 2514 Sancti
1386 2489 1542 2512 sanctorum
1573 2479 1715 2515 pontilices
1741 2480 1820 2503 erant

1037 2536 1107 2572 apud
1121 2535 1261 2566 Hebrteos,
1276 2533 1294 2559 ii
1311 2530 1473 2559 cerelnoniis
1490 2535 1558 2562 quas
1568 2534 1601 2553 ex
1621 2523 1738 2550 Mosaica
1762 2521 1820 2555 lege

1037 2585 1163 2616 acceptas
1185 2580 1339 2610 servabant,
1364 2576 1559 2610 ungehantur:
1583 2567 1629 2599 sed
1661 2570 1687 2596 hi
1712 2574 1820 2603 quoque

1036 2613 1158 2662 postiam:
1175 2625 1245 2651 sicut
1265 2622 1405 2657 prophetia
1421 2620 1595 2654 prmdixerat,
1613 2615 1746 2642 defecere.
1765 2613 1820 2638 lta-

1038 2660 1089 2708 que
1103 2671 1174 2706 quod
1189 2671 1224 2697 ab
1238 2669 1322 2696 Jacob
1338 2668 1371 2694 ad
1384 2667 1481 2694 Judam
1493 2663 1633 2691 oraculum
1650 2660 1820 2688 enuntiatum

1037 2707 1088 2750 est,
1106 2716 1255 2745 secundum
1268 2723 1298 2743 ea
1313 2722 1372 2749 qua!
1389 2713 1464 2748 prius
1482 2719 1496 2737 a
1513 2710 1591 2737 nobis
1605 2707 1727 2742 exposita
1745 2709 1819 2736 sunt,

1038 2764 1159 2792 Judaica:
1175 2763 1263 2798 gentis
1284 2762 1383 2789 ducnm
1405 2758 1612 2794 principumque
1628 2754 1762 2782 defectum
1777 2751 1820 2778 di-

1040 2811 1160 2838 \‘inabat.
1176 2808 1229 2837 Sed
1247 2807 1374 2844 quoniam
1391 2806 1584 2841 prophetarum
1596 2805 1623 2829 et
1637 2799 1821 2830 sacerdotum,

1001 2278 1022 2305 D

237 2909 261 2925 ⁷⁸
281 2909 364 2944 Apoc.
381 2917 412 2942 ν,
431 2908 456 2935 5.
494 2907 517 2923 ⁷⁸
538 2906 577 2933 lsa
607 2913 688 2938 uix,
708 2904 751 2931 ll.
789 2903 812 2918 ⁷⁷
834 2901 928 2929 Matth.
946 2909 976 2930 v.
997 2900 1039 2929 Π.
