2089 3218
268 172 319 200 607

603 172 736 199 EUSEBII
756 170 996 199 CAESARIENSIS
1015 171 1090 199 OPP.
1113 169 1202 197 PARS
1222 169 1252 198 ll.
1273 185 1309 191 —
1325 169 1572 197 APOLOGETICA.

1842 169 1894 196 σος

268 231 314 266 qui
333 232 432 267 populo
451 235 595 266 praeerant,
607 231 769 266 jampridem
788 231 875 258 honor
886 231 987 258 dilatus
1000 231 1054 258 fue-

1114 230 1248 262 Ἱουδαίοις
1267 229 1397 265 ἀρχιερέα
1413 229 1488 263 ἆγιον
1503 229 1588 263 ἁγίων
1604 228 1806 263 ὠνομασμένον,
1818 228 1897 263 ἠγοῦ-

269 281 324 310 rat,
338 276 434 304 ordine
449 277 579 311 deinceps
607 284 708 308 sermo,
722 277 767 303 ubi
786 277 924 304 interitum
937 276 1057 304 Judaica:

271 322 361 357 gentis
373 322 471 349 ducum
497 328 520 349 et
546 322 698 356 primipum
726 323 778 349 sub
794 322 882 357 ipsum
897 322 996 350 Christi
1009 322 1057 348 ad-

272 373 394 399 ventum,
413 375 463 402 per
474 375 532 394 eam
547 376 606 402 quae.
622 368 698 402 prius
718 368 855 395 citabatur
873 368 1056 402 prophetiam,

272 414 408 450 praedixit,
423 422 471 449 per
497 422 556 440 eam
577 421 638 448 qum
660 421 732 440 nunc
756 414 781 440 in
809 414 935 440 manibus
961 419 1012 445 est,
1030 417 1057 440 et

268 462 464 498 prophetarum
495 465 521 487 et
545 460 730 491 sacerdotum,
746 460 792 495 qui
817 460 882 487 olim
907 460 978 495 apud
996 461 1058 488 illos

268 508 412 538 ﬂorebant,
433 506 502 534 defer
513 511 570 533 tum
599 507 679 541 plane
708 507 853 542 signiﬁcat,
876 511 1004 542 tanquam
1030 507 1056 534 hi

269 562 378 590 quoque
392 553 437 580 ubi
454 552 582 580 Christus
607 553 763 580 advenisset
790 553 924 580 defecturi
954 558 1056 585 essent,

269 601 341 635 quod
357 600 465 635 quidem
474 599 645 631 vaticinium,
662 598 812 626 Salvatoris
826 599 914 626 noslri
925 599 1058 627 adventus

269 655 298 675 re
325 647 383 681 ipsa
407 645 606 680 comprobavit.
625 645 694 677 Quia
717 653 780 672 vero
794 645 903 679 Aquila,
924 655 932 671 ι
949 646 990 672 Ad
1005 654 1057 673 un—

269 693 387 728 gendum
401 691 608 718 Sauctiiicatum
625 691 870 722 sanclilicatorum,
895 701 903 718 ι
923 691 1057 726 interpre—

268 743 342 765 tatus
355 742 407 769 est,
421 746 452 765 ex
465 745 498 765 eo
511 737 610 772 aliquis
622 738 805 772 suspicabitur
820 743 934 766 veterem
950 737 1058 765 Iudaeo-

270 793 330 812 rum
344 785 500 820 pontiﬁcem
517 784 656 819 designari
674 793 680 811 :
697 785 797 819 quippe
823 792 885 811 cum
904 785 981 811 mulli
994 784 1057 819 qui-

270 831 331 858 dem
350 831 396 858 illo
413 831 472 865 ipso
490 831 634 858 inferiores
652 831 811 858 sacerdotes
827 831 916 858 sancti
938 831 1059 866 appella-

270 881 376 907 rentur,
393 877 469 904 solus
490 881 580 903 autem
602 876 736 911 pontifex,
753 876 798 911 qui
815 884 910 903 omnes
926 876 1058 912 dignitate

269 922 401 954 anteibat,
415 921 532 949 Sanctus
548 925 714 949 sanctorum.
735 921 874 956 Siquidem
900 922 950 949 hoc
972 922 1013 949 vel
1027 930 1058 949 eo
1075 905 1094 931 Β

271 974 354 994 sensu
369 971 508 1001 acceptum
525 966 596 1001 quod
615 967 762 1001 unicuique
783 967 809 993 in
822 971 947 1001 promptu
961 967 1060 998 sit,\‘e—

233 1007 238 1013 ’
271 1021 332 1040 rum
347 1016 401 1040 est.
418 1012 485 1039 Nam
502 1020 587 1047 usque
604 1012 638 1039 ad
653 1017 774 1048 tempora
793 1011 945 1039 Salvatoris
961 1012 1058 1043 nostri,

270 1059 317 1095 qui
329 1067 344 1085 a
361 1059 448 1094 prima
461 1059 566 1093 origine
580 1065 628 1093 per
641 1059 844 1086 successionem
859 1062 936 1086 erant
949 1058 1059 1092 pontili-

270 1113 327 1136 ces.
345 1105 427 1132 iidem
456 1105 537 1132 etiam
564 1104 613 1131 toti
639 1105 741 1139 populo
770 1108 912 1138 praeerant.
931 1104 1014 1139 388
1033 1108 1060 1131 et

271 1157 331 1185 qua:
347 1149 379 1177 ad
399 1149 502 1176 cultum
517 1149 563 1176 Dei
580 1149 728 1183 pertinent,
744 1149 827 1175 ritum
851 1149 925 1175 illum
951 1153 1061 1175 sectan<

271 1203 324 1227 tes,
339 1195 385 1231 qui
402 1195 429 1222 in
443 1196 501 1230 lege
518 1195 600 1222 Mosis
612 1195 736 1221 sancitus
753 1193 851 1226 fuerat,
867 1194 976 1221 abunde
993 1194 1060 1221 satis

271 1243 514 1270 administrabant.
533 1242 571 1268 Ex
589 1250 643 1277 quo
660 1246 749 1269 autem
764 1241 891 1268 Salvator
905 1245 998 1268 uoster
1013 1241 1062 1268 ad-

271 1290 356 1320 venit.
371 1289 489 1324 primum
506 1288 614 1323 quidem
639 1296 733 1315 eorum
750 1296 859 1323 quoque
881 1288 949 1314 ordo
965 1288 1061 1315 confu-

272 1343 320 1363 sus
335 1339 377 1362 est
390 1345 397 1362 :
412 1343 466 1362 non
485 1334 570 1360 multo
587 1338 677 1361 autem
696 1337 768 1368 post,
788 1334 868 1360 etiam
889 1334 995 1368 penitus
1013 1341 1061 1361 ex-

272 1373 403 1409 stinctus:
419 1380 566 1411 Czeterum,
591 1387 652 1406 cum
678 1387 728 1414 ego
751 1380 859 1414 quidem
885 1387 1019 1414 nusquam
1034 1379 1060 1406 in

273 1427 362 1454 sacris
391 1426 491 1453 litteris
515 1426 684 1458 invenerim,
711 1424 866 1452 Judzeorum
906 1425 1061 1461 pontiﬁcem

273 1472 405 1499 Sanctum
423 1477 582 1499 sanctorum
606 1471 752 1502 nominari,
765 1471 884 1498 arbitror
908 1471 934 1498 in
950 1471 1061 1498 unicum

273 1519 406 1546 duntaxat
419 1517 466 1545 Dei
488 1517 585 1544 Filium
604 1517 720 1544 Verbum
736 1521 763 1544 et
784 1518 893 1552 proprie
910 1517 1060 1552 designari,

273 1569 369 1592 etvere
377 1564 487 1599 dignum
498 1564 544 1590 tali
554 1563 734 1598 appellatione
742 1564 882 1591 constitui.
893 1564 927 1591 lis
934 1564 1006 1590 enim
1015 1564 1060 1598 qui

273 1619 306 1638 ex
317 1610 473 1638 hominibus
489 1610 603 1645 profecti
624 1610 689 1641 sint,
708 1615 734 1637 et
747 1610 780 1637 ad
795 1618 856 1637 eum
872 1611 982 1638 virtutis
998 1618 1060 1646 gra-

274 1657 337 1683 dum
355 1656 540 1691 pervenerint,
556 1663 636 1690 quem
652 1660 748 1682 natura
761 1656 885 1683 mortalis
902 1657 1060 1690 contingere

273 1705 374 1737 potest,
388 1700 456 1727 satis
472 1707 608 1735 superque
625 1699 717 1731 fuerit,
735 1700 757 1726 si
773 1699 882 1734 quando
907 1700 933 1726 in
955 1704 1059 1734 partem

274 1751 301 1775 et
312 1747 589 1774 communicationem
615 1746 760 1781 quamdam
785 1746 917 1780 assumpti
939 1746 998 1781 ejus
1014 1746 1061 1781 qui

274 1793 354 1825 dixit,
372 1802 382 1818 ι
399 1792 492 1820 Sancti
511 1792 600 1823 eritis,
618 1792 747 1827 quoniam
766 1796 879 1819 sanctus
904 1799 954 1827 ego
971 1792 1063 1819 Domi-

274 1847 328 1867 nus
343 1839 377 1871 ⁷⁸,
398 1849 406 1864 ι
425 1839 512 1866 sancti
529 1839 710 1874 appellentur.
721 1838 840 1865 Sanctus
854 1842 943 1865 autent
957 1842 1063 1865 saneto-

274 1885 422 1919 rum,quis
437 1883 545 1911 tandem
572 1885 607 1911 sit
631 1884 702 1919 apud
719 1883 844 1910 homines
868 1884 1062 1917 nominandus,

275 1935 375 1967 printer
393 1939 475 1957 unum
497 1932 583 1958 sancti
599 1931 728 1958 dilectum
746 1930 874 1963 Puerum,
889 1931 935 1965 qui
960 1934 990 1958 ut
1007 1930 1063 1958 Rex

277 1985 383 2011 regum,
403 1980 428 2004 et
444 1976 616 2003 dominorum
643 1976 785 2008 Dominus,
802 1976 838 2002 ita
853 1976 935 2003 etiam
953 1982 1063 2004 sancto-

277 2030 337 2049 rum
353 2021 469 2049 Sanctus
485 2027 527 2050 est
548 2023 721 2057 appellatus?
744 2023 790 2050 uni
807 2023 890 2057 igitur
913 2023 947 2055 ei,
973 2028 1065 2058 utpote

277 2069 323 2104 qui
341 2069 524 2104 praestantiori
551 2068 668 2104 quodam
691 2068 772 2095 modo
792 2069 828 2095 sit
852 2072 962 2102 unctus,
983 2078 1064 2104 quam

277 2121 372 2141 omnes
395 2114 441 2148 qui
469 2121 589 2148 unquam
615 2118 725 2141 terreno
747 2114 794 2141 illo
819 2120 901 2151 atque
926 2115 1066 2142 elaborato

278 2158 362 2186 Mosis
386 2159 446 2186 oleo
475 2159 550 2186 uncti
572 2159 684 2191 fuerint,
701 2160 802 2188 dictum
825 2165 868 2188 est
886 2161 951 2188 illud
969 2171 975 2188 ε
992 2172 1001 2186 ‹
1020 2161 1067 2188 Di-

280 2205 372 2232 lexisti
388 2205 536 2240 justitiam.
553 2209 580 2232 et
603 2205 684 2233 odisti
710 2206 882 2241 iniquitatem
900 2216 906 2235 :
922 2211 1066 2242 propterea

281 2251 360 2278 unxit
383 2255 410 2278 te
439 2250 510 2278 Deus
537 2251 608 2279 Deus
626 2257 688 2279 tuus
707 2252 768 2279 oleo
797 2253 989 2280 exsultationis
1011 2261 1066 2288 pra:

281 2297 459 2333 participibus
475 2296 529 2324 tuis
543 2297 577 2324 τ’.
592 2306 601 2323 ι
622 2297 681 2330 Quo
692 2297 801 2332 quidem
826 2299 886 2325 oleo
909 2304 1008 2326 unctus
1035 2307 1067 2326 ex

279 2343 391 2380 propria
416 2350 530 2378 persona
554 2343 625 2378 apud
648 2342 745 2370 Isaiam
772 2343 830 2378 ipse
845 2344 902 2371 ait:
919 2353 927 2369 ι
948 2343 1067 2379 Spiritus

281 2389 388 2416 Domini
414 2397 497 2424 super
518 2397 570 2422 me,
603 2393 714 2424 propter
738 2390 809 2425 quod
835 2390 912 2416 unxit
936 2398 979 2417 me
993 2390 1026 2417 ⁸ο.
1055 2400 1064 2416 ι

281 2434 414 2468 Quoniam
431 2435 513 2469 igitur
537 2435 681 2462 excellenti
707 2438 734 2462 et
760 2435 895 2470 spirituali
918 2443 951 2462 ac
975 2435 1067 2471 potius

282 2481 368 2516 ipsius
383 2480 537 2508 divinitatis
555 2485 694 2516 unguento
728 2482 803 2510 solus
834 2486 932 2517 praeter
959 2489 1066 2515 omnes,

281 2528 327 2561 qui
343 2534 462 2562 unquam
481 2526 592 2558 fuerint,
612 2526 736 2554 Salvator
765 2532 859 2555 noster
889 2531 989 2555 unctus
1006 2535 1068 2555 esse

282 2572 450 2606 perhibetur,
469 2573 566 2599 merito
583 2572 701 2600 Sanctus
715 2582 727 2601 s
738 2578 883 2607 :netorum,
896 2578 1026 2609 tanquam
1045 2574 1068 2602 si

283 2617 430 2652 diceretur,
445 2618 570 2646 Pontifex
590 2619 759 2655 pontiﬁcum,
782 2624 824 2647 est
840 2621 1008 2651 nominatus,
1022 2624 1069 2647 aut

283 2663 364 2690 etiam
382 2662 574 2692 Sanctiﬁcatus
598 2665 841 2696 sanetiﬁcatorum,
860 2669 889 2692 ut
904 2669 947 2693 est
970 2666 996 2692 in
1013 2664 1068 2693 Ga-

284 2708 377 2737 brielis
393 2711 514 2737 oraculo.
540 2710 601 2738 llazc
631 2719 712 2746 porro
736 2712 828 2739 omnia
853 2712 996 2747 completis
1021 2712 1066 2740 he-

285 2754 466 2782 bdomadibus
492 2757 673 2792 septuaginta,
700 2759 779 2785 linem
809 2767 888 2786 suum
917 2759 1065 2794 contigere,

285 2807 340 2827 non
353 2800 419 2828 alias
436 2809 502 2829 sane
516 2810 596 2837 quam
614 2811 668 2838 quo
683 2808 804 2839 tempore
826 2804 951 2832 Salvator
975 2810 1067 2833 noster

322 2887 344 2903 "‘
364 2887 448 2915 Levit.
468 2897 519 2922 xx,
536 2890 579 2918 25.
619 2892 640 2906 "
662 2891 731 2920 Psal.
749 2901 821 2925 xuv,
840 2893 866 2920 8.

905 2893 926 2909 ⁸⁸
948 2893 1072 2927 15mm“,
1095 2895 1118 2922 Ι.

1110 285 1159 311 μαι
1177 277 1205 302 ὲν
1222 276 1328 307 τούτοις
1344 275 1423 311 μόνον
1438 274 1518 301 αὑτὸν
1543 274 1589 301 τὸν
1613 275 1742 309 μονογενῆ
1765 274 1812 300 τοῦ
1828 274 1896 302 θεοῦ

1108 322 1194 356 Λόγον
1207 321 1362 357 δηλοῦςθαι,
1377 321 1479 357 κυρίως
1493 330 1521 347 τε
1533 321 1580 348 καὶ
1590 320 1698 356 ἀληθῶς
1711 320 1812 356 ταύτης
1822 320 1897 354 ἄξιον

1108 368 1157 404 τῆς
1170 368 1335 402 ἐπωνυμίας.
1356 367 1419 399 Τοῖς
1436 368 1483 402 μὲν
1494 367 1548 402 γὰρ
1559 367 1588 400 ἐξ
1602 366 1752 402 ἀνθρώπων
1766 375 1899 401 προκεκο-

1109 414 1181 448 φόσι,
1197 414 1244 440 καὶ
1260 415 1298 446 εἰς
1318 414 1348 439 τὸ
1364 413 1474 447 ἐφικτὸν
1488 413 1587 449 ἀρετῆς
1611 414 1777 448 χωρήσασιν,
1792 413 1899 449 ἀγαπη-

1108 460 1153 486 τὺν
1169 459 1255 493 ἁγίοις
1271 459 1335 486 ποτὲ
1350 460 1526 496 χρηματίσαι,
1541 459 1607 494 μετὰ
1620 459 1735 494 μετοχὴν
1745 459 1791 485 καὶ
1804 467 1898 494 μετου-

1110 506 1169 532 σίαν
1184 505 1229 531 τοῦ
1246 507 1388 540 φήσαντος·
1401 506 1505 539 «Ἅγιοι
1523 504 1626 536 ἔσεσθε,
1638 505 1678 530 ὃτι
1692 505 1769 539 ἅγιος
1780 504 1834 538 ἐγὼ
1846 504 1899 531 Κύ-

1111 560 1176 587 ριος.
1194 551 1308 585 »Ἃγίων
1330 552 1358 578 δὲ
1380 551 1455 586 ἅγιος
1478 552 1519 582 τίς
1543 550 1575 577 ἂν
1591 550 1690 586 κυρίως
1704 552 1731 577 ἐν
1747 550 1899 586 ἀνθρώποις

1109 597 1282 632 ὀνομασθείη,
1297 597 1312 633 ἢ
1337 597 1416 633 μόνος
1438 598 1452 623 ὁ
1472 597 1649 632 ἠγαπημένοις
1664 596 1711 623 τοῦ
1726 597 1804 630 ἁγίου
1820 597 1897 629 Παῖς,

1109 643 1203 679 ὥσπερ
1221 643 1347 678 βασιλεὺς
1364 643 1506 678 βασιλέων,
1522 644 1569 670 καὶ
1591 642 1690 678 κυρίων
1705 643 1815 678 Κύριος,
1829 642 1900 668 οὕτω

1109 690 1156 716 καὶ⁴
1172 689 1259 723 ἁγίων
1272 689 1346 724 ἅγιος
1362 689 1609 724 ἀναγορευόμενος;
1636 688 1707 724 μόνῳ
1728 688 1792 722 γοῦν
1815 688 1900 724 αὐτῷ,

1110 737 1157 763 ἅτε
1173 736 1354 772 διαφερόντως
1371 736 1445 771 παρὰ
1466 736 1529 767 τοὺς
1558 734 1665 761 πώποτε
1683 735 1802 766 Μωσέως
1819 734 1901 770 ἐλαίῳ

1110 781 1204 816 γεώδει
1216 782 1262 808 καὶ
1278 781 1418 816 σκευαστῷ
1429 781 1632 816 κεχρισμένοιις,
1645 781 1744 816 εἴρητο
1758 790 1766 805 ι
1779 780 1902 816 Ἦγάῖῖιο

1110 837 1159 860 τας
1173 828 1357 863 δικαιοσύνην,
1374 828 1420 854 καὶ
1446 827 1579 863 ἐμίσησας
1605 827 1719 862 ἀνομίαν
1731 835 1737 841 ·
1757 826 1803 853 διὰ
1822 826 1901 853 τοῦτο

1110 875 1201 910 ἐχρισέ
1217 883 1245 901 σε
1261 876 1275 902 ό
1289 875 1364 906 Θεὸς,
1375 874 1464 905 ὁΘεός
1479 882 1536 905 σου,
1547 874 1634 900 ἔλαιον
1649 873 1834 908 ἀγαλλιάσεως
1848 882 1901 900 πα-

1114 921 1147 956 ρὰ
1161 922 1224 952 τοὺς
1239 921 1368 956 μετόχους
1386 930 1432 948 σου
1445 929 1451 936 ·
1466 930 1475 946 ι
1492 917 1513 954 ᾧ
1530 920 1661 956 χρισθεὶς,
1677 920 1707 952 ἐξ
1730 919 1795 946 ἰδίου
1817 928 1901 956 προσ-

1110 967 1185 994 ώπου
1208 968 1255 993 καὶ
1268 968 1348 999 αὑτός
1368 976 1449 1003 φησιν
1467 967 1495 994 ὲν
1514 967 1612 1002 Ἡσαΐᾳ
1623 975 1630 981 ·
1650 975 1659 992 ι
1674 966 1786 1001 Πνεῦμα
1799 966 1902 1001 Κυρίου

1111 1014 1153 1039 ἐπ’
1167 1013 1227 1048 ἐμὲ,
1240 1009 1269 1039 οὗ
1290 1013 1392 1039 εἵνεκεν
1408 1013 1499 1048 ἐχρισέ
1521 1021 1563 1048 με.
1579 1023 1588 1038 ι
1599 1013 1674 1039 Ἐπεὶ
1690 1011 1736 1039 οὖν
1748 1012 1902 1047 διαφέροντι

1111 1059 1158 1085 καὶ
1175 1059 1359 1094 πνευματικῷ,
1378 1059 1476 1094 μᾶλλον
1493 1059 1521 1085 δὲ
1537 1058 1662 1094 θεότητος
1675 1059 1807 1094 χρίσματι
1825 1057 1903 1093 μόνος

1112 1105 1188 1141 παρὰ
1203 1105 1266 1137 τοὺς
1284 1105 1393 1131 πώποτε
1408 1106 1422 1132 ὁ
1435 1105 1569 1141 ἡμέτερος
1581 1105 1676 1141 Σωτὴρ
1699 1104 1841 1140 κεκρίσθαι
1857 1113 1904 1140 με-

1113 1151 1295 1187 μαρτύρηται,
1310 1151 1423 1183 εἰκότως
1440 1161 1449 1177 ‹
1464 1152 1540 1186 ἅγιος
1563 1151 1657 1185 ἁγίων,
1672 1161 1681 1177 ι
1697 1151 1734 1183 ὡς
1757 1152 1790 1178 ἄν
1809 1159 1851 1183 τις
1864 1151 1903 1178 ετ-

1112 1205 1167 1228 ποι,
1188 1207 1196 1222 ι
1211 1198 1356 1233 ἀρχιερεὺς
1369 1198 1519 1234 ἀρχιερέων
1534 1207 1542 1223 ι
1559 1197 1724 1233 ὠνόμασται,
1743 1198 1789 1224 καὶ
1807 1207 1816 1222 ι
1831 1198 1905 1233 ἡγια-

1113 1243 1212 1278 σμένος
1239 1244 1422 1279 ἡγιασμὲνων,
1440 1254 1448 1270 ι
1467 1243 1537 1270 κατὰ
1563 1244 1608 1270 τὸν
1635 1243 1681 1270 τοῦ
1704 1243 1823 1281 Γαϐριὴλ
1838 1253 1906 1280 χρη-

1113 1289 1189 1324 σμόν.
1205 1289 1297 1315 Ταῦτα
1314 1289 1342 1315 δὲ
1359 1289 1457 1320 πάντα,
1472 1290 1732 1325 ουρ-περαιουμένων
1755 1290 1808 1317 τῶν
1829 1290 1904 1317 ἑϐδο-

1115 1335 1236 1369 μήκοντα
1259 1335 1422 1370 ἐῦδομάδων,
1440 1335 1516 1367 τέλος
1538 1336 1688 1371 ἐλάμϐανεν
1709 1336 1760 1362 οὒκ
1782 1335 1905 1373 ἄλλοτςῆ

1113 1381 1159 1407 ἐπὶ
1177 1382 1232 1408 τῶν
1247 1382 1349 1417 χρόνων
1363 1382 1412 1418 τῆς
1433 1381 1480 1408 τοῦ
1498 1382 1623 1417 Σωτῆρος
1644 1382 1721 1417 ἡμῶν
1736 1383 1905 1417 ἐπιφανείας.

1120 1427 1229 1463 Ἐπειδὴ
1253 1427 1342 1454 τοίνυν
1366 1427 1442 1454 ταῦθ’
1459 1427 1545 1459 οὕτως
1571 1427 1680 1454 ἔσεσθαι
1697 1429 1711 1455 ὁ
1725 1428 1907 1464 προδηλωοεὶς

1114 1473 1228 1507 ἄγγελος
1255 1473 1449 1508 κεφαλαιωδῶς
1473 1474 1598 1506 ἐθέσπιζε
1620 1474 1659 1510 τῷ
1677 1475 1814 1511 προφήτῃ,
1830 1472 1909 1507 αὖθις

1115 1520 1336 1556 ἔπαναλαμὸάνει
1349 1521 1396 1547 τὸν
1413 1522 1475 1556 περὶ
1488 1520 1541 1547 τῶν
1556 1520 1738 1556 ἑϐδομήκοντα
1753 1520 1909 1556 ἑϐδομάδων

1114 1565 1202 1600 λόγον,
1217 1567 1351 1593 διδάσκων
1376 1566 1447 1593 κατὰ
1477 1566 1558 1603 μέρος
1581 1566 1683 1592 ἕκαστα
1701 1565 1830 1601 ἀκριϐῶς,
1847 1565 1908 1592 ὅθεν

1114 1612 1288 1648 ἀπάρχεσθαι
1303 1613 1343 1639 δεῖ
1362 1613 1413 1648 τῆς
1430 1612 1483 1639 τῶν
1500 1612 1602 1648 χρόνων
1623 1611 1844 1648 ἁπαριθμήσεως,
1861 1611 1910 1638 καὶ

1114 1659 1173 1685 τίνα
1193 1659 1264 1686 κατὰ
1289 1660 1352 1691 τοὺς
1376 1659 1556 1695 δηλουμένους
1578 1659 1690 1695 καιροὺς
1710 1659 1908 1696 ἀπαντήσεται.

1114 1706 1194 1740 Λέγει
1208 1706 1229 1732 δ’
1242 1704 1303 1732 οὖν’
1325 1716 1333 1731 ι
1349 1707 1403 1733 Καὶ
1421 1706 1522 1743 γνώσῃ,
1541 1707 1587 1734 καὶ
1606 1707 1732 1742 συνήσεις
1750 1707 1804 1733 aut
1816 1706 1907 1740 ἐξόδου

1115 1751 1205 1786 λόγου,
1216 1752 1262 1778 τοῦ
1277 1752 1470 1788 ἀποκριθῆναι,
1479 1752 1580 1779 καὶτοῦ
1592 1754 1766 1789 οἰκοδομῆσαι
1781 1754 1811 1779 ’ῘΞ
1817 1761 1910 1789 pauo-a—

1115 1797 1171 1833 λήμ
1179 1806 1185 1812 ·
1211 1798 1356 1833 ὲϐδομάδες
1376 1798 1444 1824 ἑπτὰ
1456 1799 1502 1825 καὶ
1513 1799 1658 1833 ἐεδομάὸες
1668 1799 1853 1834 ἑξηκονταδύο,
1862 1799 1910 1826 καὶ

1116 1843 1283 1879 ἐπιστρέψει,
1292 1844 1338 1870 καὶ
1352 1843 1591 1880 οἰκοδομηθήσεται
1599 1845 1712 1872 πλατεῖα
1722 1846 1768 1872 καὶ
1782 1847 1881 1880 τεῖχος.
1896 1855 1908 1871 ι

1123 1890 1166 1915 Ἑν
1192 1888 1232 1921 οἷς
1257 1890 1330 1916 δοκεί
1357 1899 1402 1925 μοι
1430 1890 1518 1922 καλῶς
1541 1890 1611 1926 ἔχειν
1640 1892 1686 1918 καὶ
1708 1891 1756 1927 τὴν
1781 1891 1827 1917 τοῦ
1856 1890 1910 1926 πρὸ

1117 1935 1195 1971 ἡμῶν
1213 1937 1252 1967 εὶς
1279 1937 1340 1968 τοὺς
1367 1936 1464 1967 τόπους
1488 1937 1602 1971 Θεωρίαν
1630 1937 1667 1972 μὴ
1689 1937 1909 1972 ἀποκρύψασθαι,

1118 1981 1278 2017 παραθεῖναι
1299 1982 1326 2008 δὲ
1352 1983 1398 2009 καὶ
1423 1982 1524 2018 ταύτην
1549 1983 1586 2014 ὡς
1610 1983 1712 2009 οἰκείαν
1736 1985 1792 2014 τοῖς
1820 1983 1910 2008 ἐντευ-

1119 2027 1250 2063 ξομένοις.
1279 2029 1363 2054 Κοινὰ
1396 2028 1481 2062 γοῦν,
1511 2028 1599 2060 καλῶς
1630 2029 1756 2065 εἴρηται,
1793 2028 1828 2055 τὰ
1855 2027 1910 2055 τῶν

1119 2073 1203 2107 φίλων
1216 2082 1222 2088 ⁸
1241 2074 1287 2100 καὶ
1304 2074 1397 2110 ἐπειδὴ
1411 2075 1544 2110 προσήκει
1563 2075 1730 2110 συγχρῆσθαι
1748 2074 1798 2110 μὲν
1809 2075 1911 2109 εὐγνω-

1121 2119 1268 2155 μονοῦντας
1304 2121 1361 2152 τοῖς
1401 2120 1490 2152 καλῶς
1523 2121 1566 2155 ὑφ’
1597 2121 1696 2156 ἑτέρων
1734 2120 1909 2158 εἰρημένοις,

1122 2165 1159 2200 μὴ
1189 2165 1240 2200 μὴν
1270 2165 1429 2201 ἀποστερεῖν
1459 2166 1522 2198 τοὺς
1550 2166 1671 2202 πατέρας
1699 2166 1752 2192 τῶν
1779 2166 1910 2200 ἐγγόνων,

1122 2210 1189 2245 μηδὲ
1206 2210 1268 2242 τοὺς
1286 2211 1410 2246 πρώτους
1427 2211 1610 2246 φυτεύσαντας
1626 2211 1680 2238 τῶν
1702 2211 1809 2238 οἰκείων
1827 2219 1910 2247 σπερ-

1084 2270 1106 2298 D
1123 2255 1215 2290 μάτων
1229 2276 1236 2287 ,
1263 2256 1312 2288 τὰς
1335 2257 1416 2284 αὐτοῦ
1444 2257 1636 2293 παραθήσομαι
1666 2257 1762 2291 λέξεις.
1781 2257 1911 2293 Φέρονται

1119 2301 1148 2328 δὲ
1176 2299 1256 2329 αὗται
1287 2303 1451 2339 Ἀφρικανοῦ
1474 2305 1503 2330 ὲν
1528 2303 1567 2338 τῷ
1582 2304 1699 2339 πέμπτῳ
1717 2303 1773 2330 τῶν
1798 2305 1911 2338 Χρονο-

1121 2352 1251 2387 γτραφιῶν
1263 2373 1270 2384 ,
1288 2353 1381 2381 τοῦτον
1393 2353 1502 2388 ἔχουσαι
1524 2354 1570 2380 τὸν
1584 2354 1699 2390 τρόπον·
1721 2363 1730 2380 ι
1743 2354 1775 2380 Ἦ
1799 2353 1848 2389 μὲν
1864 2351 1911 2380 οὖν

1120 2403 1256 2438 περικοπὴ
1280 2403 1351 2431 οὕτω
1371 2413 1428 2436 πως
1447 2404 1545 2440 ἔχουσα
1561 2405 1645 2432 πολλά
1660 2413 1691 2432 τε
1709 2405 1756 2432 καὶ
1772 2404 1911 2441 παράδοξα

1121 2454 1247 2489 σημαίνει
1260 2462 1267 2469 '
1295 2454 1342 2482 νῦν
1360 2455 1388 2482 δὲ
1414 2451 1451 2481 ὧν
1467 2455 1545 2491 χρεία
1572 2457 1636 2492 περὶ
1660 2457 1722 2488 τοὺς
1737 2456 1848 2492 χρόνους
1864 2457 1911 2483 καὶ

1118 2505 1153 2532 τὰ
1169 2505 1273 2538 τούτοις
1294 2506 1465 2534 συντείνοντα
1479 2507 1525 2534 τὸν
1549 2508 1625 2542 λόγον
1644 2508 1820 2543 ποιησόμεθα.
1849 2507 1912 2534 ὀτι

1122 2557 1170 2592 μὲν
1193 2554 1239 2583 οὖν
1257 2557 1321 2591 περὶ
1342 2557 1392 2592 τῆς
1417 2558 1601 2594 τοῧ,Χριστοῦ
1626 2559 1776 2595 παρουσίας
1801 2558 1910 2593 λέγεται

1119 2607 1206 2634 ταῦτα
1219 2628 1225 2639 ,
1245 2608 1312 2642 μετὰ
1330 2608 1478 2644 ἑϐδομάδας
1493 2610 1675 2646 ἐϐδομήκοντα
1692 2609 1833 2645 μέλλοντος
1851 2609 1912 2634 ἐπι-

1123 2660 1284 2694 φαίνεσθαι,
1313 2660 1401 2696 δῆλον,
1438 2661 1498 2688 Ἐπὶ
1526 2661 1579 2697 γὰρ
1595 2662 1641 2688 τοῦ
1658 2661 1782 2695 Σωτῆρος
1794 2680 1802 2692 ,
1823 2660 1840 2696 ἢ
1856 2658 1912 2686 ἀπὸ

1122 2710 1236 2742 τούτου,
1263 2711 1298 2737 τά
1320 2719 1350 2737 τε
1377 2711 1587 2748 παραπτώματα
1610 2711 1791 2742 παλαιοῦται,
1820 2709 1866 2736 καὶ
1883 2709 1912 2735 αι

1123 2759 1253 2794 ἁμαρτίαι
1283 2761 1479 2789 συντελῶνται.
1524 2762 1572 2788 Διὰ
1616 2761 1644 2788 δὲ
1679 2761 1727 2796 τὴν
1757 2760 1854 2795 ἄφεσιν
1881 2757 1914 2785 αῐ

1121 2817 1150 2834 τε
1181 2808 1289 2844 ἀνομίαι
1325 2810 1461 2846 ἐξιλασμῷ
1490 2811 1558 2846 μετὰ
1589 2810 1643 2837 τῶν
1671 2809 1781 2837 ἀδικιῶν
1808 2806 1911 2840 ἐξαλεί-
