2089 3218
167 215 169 218 ’
208 220 302 247 φονται
317 233 324 244 ,

208 154 261 183 609

371 211 525 248 δικαιοσύνη
564 219 594 237 τε
636 211 743 244 αἰώνιος

208 257 283 293 παρὰ
307 257 355 293 τὴν
382 259 414 285 ὲκ
439 258 539 294 νόμου,
569 257 677 293 ὁράσεις
703 266 732 284 τε
758 258 805 284 καὶ
830 259 992 293 προφητεῖαι

209 304 305 340 μέχρις
340 303 482 336 Ἰωάννου,
513 304 618 339 χρίεται
647 304 675 330 δὲ
702 304 778 338 ἅγιος
802 304 898 338 ἁγίων.
936 304 992 339 Πρὸ

207 349 260 386 γὰρ
286 349 334 384 τῆς
359 348 405 376 τοῦ
431 349 556 384 Σωτῆρος
580 348 657 384 ήμῶν
682 348 832 384 παρουσίας
855 349 905 375 οὐκ
929 348 993 375 ὂντα

206 395 292 423 ταῦτα
334 394 516 431 προσεδοκᾶτο
557 394 644 429 μόνον.
698 393 847 430 Ἀρξασθαι
877 394 905 420 δέ
939 393 993 420 τῶν

205 440 348 477 ἀριθμῶν,
383 440 504 467 τουτέστι
533 441 586 467 τῶν
615 440 798 476 ἑϐδομήκοντα
829 440 992 476 ἑϐδομάδων,

206 486 225 514 ἆ
254 489 328 514 ἐστιν
366 486 413 522 ἔτη
447 487 611 523 τετρακόσια
643 487 840 522 ἐννενήκοντα,
868 488 882 514 ό
913 487 994 521 ἄγγε-

206 532 250 565 λος
286 533 442 560 ὑποτίθεται
475 533 528 559 ἀπὸ
566 532 656 566 ἐξόδου
685 533 765 566 λόγου
801 532 848 560 τοῦ
879 533 992 568 ἀποκρι-

207 579 283 615 θῆναι
310 579 356 606 καὶ
385 579 432 606 τοῦ
463 577 637 614 οἰκοδομῆσαι
671 578 856 615 Ἰερουσαλήμ.
889 579 990 615 Συνέϐη

203 624 234 651 δὲ
267 625 353 652 ταῦτα
380 625 427 651 ἐπὶ
467 623 642 660 ’Λρταξέρξου
682 624 728 651 τοῦ
761 623 874 660 Περσῶν
914 624 991 660 βασι-

206 670 327 702 λεύοντος
355 671 470 706 εἰκοστῷ
499 671 563 698 ἔτει.
625 671 745 707 Νεεμίας
774 672 827 707 γὰρ
856 673 870 699 ὁ
897 671 991 698 τούτου

206 715 341 751 οἰνοχόος,
370 716 493 750 δεηθεὶς,
532 717 702 753 ἀποκρίσεως
730 717 823 752 ἔτυχεν
850 718 991 752 οἰκοδομη-

206 761 284 796 θῆναι
320 761 496 797 Ἰερουσαλὴμ
510 781 517 794 ,
557 762 603 788 καὶ
641 762 717 796 λόγος
746 762 840 797 ἐξῆλθε
874 762 990 788 κελεύων

204 806 300 834 ταῦτα.
356 807 443 842 Μέχρι
474 807 523 842 μὲν
550 807 601 843 γὰρ
629 807 733 833 ἐκείνου
762 807 809 833 τοῦ
840 807 936 843 χρόνου
972 808 988 842 ἡ

205 853 280 884 πόλις
309 853 447 888 ἠρήμωτο.
474 853 565 888 Κύρου
595 853 659 888 γὰρ,
691 853 759 888 μετὰ
795 853 844 887 τὴν
873 853 989 889 ἑϐδομη-

204 899 360 926 κονταετίαν
396 899 445 934 τῆς
489 899 685 935 αἰχμαλωσίας,
722 899 776 926 τῶν
821 899 989 934 βουλομένων

203 945 316 972 ἕκαστον
339 946 495 972 ὲκουσιαστὶ
521 945 762 980 καταπέμψαντος,
789 946 814 972 οί
837 945 906 981 μετὰ
936 946 989 981 Ἰη-

204 988 250 1016 σοῦ
279 990 326 1017 τοῦ
362 990 480 1026 μεγάλου
517 991 610 1026 ἱερέως
638 991 685 1016 καὶ
717 990 867 1026 Ζοροϐάϐελ
894 991 989 1018 κατελ-

203 1035 312 1069 θόντες,
354 1038 400 1064 καὶ
431 1038 455 1064 oi
485 1037 531 1063 ἐπὶ
560 1037 664 1069 τούτοις
694 1037 751 1073 ἃμα
782 1038 905 1074 Ἕσδρᾳ,
943 1038 988 1065 τδν

202 1082 270 1109 νεὼν
305 1083 454 1118 οἰκοδομεῖν
487 1083 636 1110 ἐκωλύοντο
662 1082 696 1109 τὰ
719 1083 835 1119 πρῶτα,
864 1085 910 1111 καὶ
936 1085 990 1110 τεῖ-

202 1137 248 1163 χος
275 1129 307 1164 τῇ
335 1129 410 1155 πόλει
435 1129 625 1165 περιϐάλλειν,
659 1129 697 1160 ὡς
723 1130 752 1155 οὐ
778 1129 988 1163 κεκελευσμένου

203 1174 307 1201 τούτου.
362 1175 487 1210 Ἕμεινεν
507 1173 552 1202 οὖν
569 1176 622 1207 ἕως
644 1176 761 1210 Νεεμίου
782 1175 828 1202 καὶ
853 1174 989 1210 βασιλείας

209 1218 405 1255 Ἀρταξέρξου,
440 1221 486 1247 καὶ
523 1222 572 1256 τῆς
602 1222 714 1258 Περσῶν
739 1220 886 1256 ἡγεμονίας
914 1220 990 1251 ἔτους

205 1265 443 1292 πεντεκαιδεκάτου
461 1266 507 1292 καὶ
531 1266 695 1293 ἑκατοστοῦ·
724 1267 778 1293 ἀπὸ
803 1266 831 1293 δὲ
855 1266 904 1301 τῆς
921 1264 990 1292 ἁλώ-

206 1320 272 1343 σεως
304 1312 478 1347 Ἰερουσαλὴμ
508 1312 602 1339 ἑκατὸν
632 1313 794 1348 ὀγδοήκοντα
835 1312 915 1338 πέντε
942 1311 988 1344 έτη

204 1356 316 1391 γίνεται.
363 1357 417 1383 Καὶ
447 1357 506 1383 τότε
529 1357 654 1392 βασιλεὺς
674 1356 853 1393 Ἀρταξέρξης
882 1356 989 1383 ἐκέλευ-

205 1411 250 1429 σεν
279 1402 486 1438 οἰκοδομηθῆναι
511 1402 558 1439 τὴν
586 1403 673 1429 πόλιν.
713 1403 831 1438 Νεεμίας
854 1402 882 1429 δὲ
908 1411 989 1429 κατα-

203 1448 346 1483 πεμφθεὶς,
376 1449 422 1475 τοῦ
446 1449 525 1484 ἔργου
555 1449 692 1484 προέστη·
728 1450 745 1483 ή
772 1448 800 1475 δὲ
828 1447 986 1484 ᾠκοδομήθη

205 1492 315 1520 πλατεῖα
343 1493 390 1519 καὶ
415 1493 585 1528 περίτειχος,
620 1493 657 1525 ὡς
686 1493 885 1529 προεφητεύθη.
929 1493 987 1519 Κά-

203 1540 291 1567 κεῖθεν
325 1539 487 1576 ὰριθμοῦσιν
520 1541 586 1575 ἡμῖν
621 1539 821 1587 ἐϐδομήκοντα.
843 1539 988 1574 ἑϐδομάδες
1002 1559 1022 1587 C

202 1585 241 1615 είς
271 1584 316 1611 τὸν
344 1584 459 1620 Χριστὸν
492 1584 697 1612 συντελοῦνται·
730 1586 753 1611 εἰ
793 1584 847 1621 γὰρ
877 1585 987 1612 ἄλλοθέν

203 1629 283 1657 ποθεν
314 1631 440 1667 ἀριθμεῖν
473 1630 644 1666 ἀρξαίμεθα.
686 1631 818 1657 καὶούκ
853 1631 986 1660 ἐντεῦθεν.

202 1674 262 1701 οὔτε
292 1676 304 1702 ό
327 1676 420 1711 χρόνος
447 1676 657 1712 συνδραμείται,
689 1678 735 1703 καὶ
761 1677 873 1703 πλεῖστα
899 1677 986 1703 ἄτοπα

202 1722 361 1758 ἀπαντήσει.
409 1723 471 1749 Ἐὰν
497 1732 527 1749 τε
557 1723 611 1759 γὰρ
650 1723 703 1750 ἀπὸ
738 1723 828 1759 Κύρου
861 1723 908 1750 καὶ
938 1724 987 1759 τῆς

202 1768 312 1805 πρώτης
339 1770 521 1805 καταπομπῆς
549 1769 597 1805 τὴν
627 1769 712 1805 ἀρχὴν
738 1768 915 1804 ποιησώμεθα
938 1770 986 1805 τῆς

203 1814 375 1851 ἁριθμήσεως
414 1815 467 1842 τῶν
507 1814 691 1850 ἑϐδομήκοντα
730 1814 903 1850 ἑϐδομάδων,
947 1816 986 1845 εἰς

203 1860 249 1895 ἔτη
285 1860 380 1886 ἑκατὸν
406 1861 453 1886 καὶ
479 1860 588 1896 προσέτι
615 1859 793 1895 περισσεύει.
829 1859 929 1886 πλείων
958 1859 985 1886 δὲ

203 1906 314 1940 χρόνος,
350 1906 374 1932 εί
401 1905 447 1940 ἀφ’
473 1903 507 1941 ἧς
527 1904 631 1941 ἡμέρας
669 1904 708 1940 τῷ
741 1905 838 1939 Δανιὴλ
863 1905 876 1930 ὁ
903 1907 984 1939 ἄγγε-

202 1951 245 1982 λος
266 1953 450 1986 προεφήτευσε
464 1972 470 1984 ,
499 1951 588 1986 πολλῴ
614 1951 642 1977 δὲ
666 1951 766 1978 πλείων
780 1971 787 1983 ,
811 1952 834 1977 εί
858 1951 904 1977 ἀπ’
936 1951 985 1985 ἁρ-

201 1997 252 2032 χῆς
272 1997 321 2032 τῆς
344 1997 539 2032 αἰχμαλωσίας.
579 1997 747 2032 Εὑρίσκομεν
775 1995 828 2030 γὰρ
847 1995 896 2031 τὴν
918 1996 984 2032 Περ-

202 2043 256 2070 σῶν
296 2043 434 2077 βασιλείαν
460 2042 532 2068 ἔτεσι
564 2041 711 2072 διακοσίοις
739 2041 883 2076 τριάκοντα
907 2048 984 2075 περι-

200 2089 394 2124 γραφομένην,
424 2089 472 2123 τήν
507 2096 536 2114 τε
563 2088 725 2115 Μακεδόνων
757 2088 797 2118 είς
829 2086 876 2121 ἐτη
905 2095 982 2121 τρια-

200 2135 278 2162 κόσια
303 2135 487 2171 ἑϐδομήκοντα
515 2134 749 2169 παρατείνουσαν,
783 2133 910 2160 κάκεῖθεν
938 2134 983 2160 ἐπὶ

199 2180 229 2207 τὸ
253 2180 377 2216 Τιϐερίου
404 2180 541 2216 Καίσαρος
573 2178 762 2206 ἑκκαιδέκατον
789 2178 847 2210 ἔτος
875 2179 914 2209 εἰς
935 2178 981 2213 ἔτη

199 2226 338 2259 ἐξήκοντα.

199 2270 343 2306 esseopem
366 2272 405 2301 είς
433 2270 477 2297 τὸν
507 2270 553 2296 ἐπὶ
575 2269 690 2304 Χριστὸν
719 2269 904 2296 συντελοῦνται
924 2269 983 2305 χρό-

199 2326 260 2350 νον,
298 2317 371 2344 κατὰ
405 2318 467 2349 τοὺς
498 2316 630 2343 Ἰουδαίων
654 2315 797 2351 ἀριθμούς.
833 2315 898 2342 Ἀπὸ
929 2315 982 2350 γὰρ

198 2363 333 2398 Νεεμίου,
374 2362 403 2394 ὃς
446 2362 498 2389 ὑπὸ
540 2361 715 2397 Ἀρταξέρξου
759 2361 809 2397 τὴν
848 2361 982 2396 Ἰερουσα-

197 2408 252 2444 λὴμ
275 2408 493 2444 ὰνοικοδομήσων
520 2406 648 2443 ἐπέμφθη
673 2406 727 2433 ἔτει
750 2405 982 2439 πεντεκαιδεκάτῳ

197 2454 244 2480 καὶ
270 2453 407 2488 ἑκατοστῴ
431 2453 482 2487 τῆς
506 2452 619 2488 Περσῶν
648 2451 784 2487 βασιλείας
800 2471 807 2483 ,
845 2450 927 2478 αὐτοῦ
954 2450 982 2476 δὲ

201 2498 378 2535 Ἀρταξέρξου
407 2498 543 2533 βασιλείας
566 2497 681 2532 εἰκοστῷ
705 2497 779 2528 ἔτει,
807 2496 855 2523 καὶ
883 2496 981 2531 Ὀλυμ-

196 2543 289 2575 πιάδος
310 2543 490 2580 ὀγδοηκοστῆς
515 2543 610 2577 τρίτης
630 2543 684 2569 ἔτει
704 2543 844 2577 τετάρτῳ,
863 2542 908 2568 ἐπὶ
924 2542 983 2568 τοῦ-

195 2599 240 2618 τον
268 2590 314 2617 τὸν
339 2590 452 2626 χρόνον,
485 2590 513 2621 ὃς
533 2587 567 2624 ἦν
596 2588 772 2623 Ὀλυμπιάδος
798 2588 982 2623 διακοσιοστῆς

195 2635 322 2672 δευτέρας
357 2636 416 2668 ἔτος
452 2635 596 2670 δεύτερον,
636 2634 760 2668 Τιϐερίου
791 2633 819 2659 δὲ
845 2633 981 2668 Καίσαρος

194 2680 342 2716 ἡγεμονίας
368 2681 426 2712 ἔτος
453 2680 663 2710 ἑκκαιδέκατον,
689 2678 736 2714 ἐτη
768 2678 911 2712 συνάγεται
937 2686 982 2704 τε-

193 2727 326 2763 τρακόσια
364 2727 548 2762 ἑϐδομήκοντα
589 2725 667 2752 πέντε
681 2744 688 2755 .
737 2725 807 2760 ἆπερ
851 2724 981 2759 Ἑϐραϊκὰ

193 2772 358 2808 τετρακόσια
389 2773 566 2807 ἐννενήκοντα
597 2771 711 2805 γίνεται,
736 2770 808 2797 κατὰ
831 2769 876 2796 τὸν
902 2771 980 2806 σελη-

195 2820 279 2845 νιαῖον
307 2818 405 2854 δρόμον
428 2818 492 2849 τοὺς
513 2817 651 2849 ἐνιαυτοὺς
679 2816 790 2843 ἐκείνων
820 2816 981 2853 ἐξαριθμου-

197 2864 303 2899 μένων,
332 2865 369 2896 ὡς
393 2864 450 2891 ἐστι
480 2864 623 2899 πρόχειρον
640 2863 740 2896 εἰπεῖν,
767 2862 879 2898 ἡμερῶν
904 2871 982 2897 τρια-

618 152 946 181 DEMONSTRATIONIS
967 151 1198 181 EVANGELICIE
1216 151 1278 179 LIB.
1299 151 1367 179 Vlll.

781 211 988 246 καταγγέλλεται

1046 211 1203 238 hominibus
1220 218 1251 238 se
1272 210 1420 237 videndum
1437 209 1571 238 exhibuit.
1600 210 1671 246 Ergo
1687 218 1749 238 cum
1776 211 1834 239 haec

1783 155 1834 182 610

1045 257 1084 284 sic
1101 257 1158 286 fore
1172 257 1286 292 angelus
1302 256 1336 287 is,
1349 256 1383 283 de
1408 264 1463 291 quo
1489 255 1591 284 dictum
1607 261 1660 289 est,
1675 258 1833 285 summatim

1044 304 1096 338 ipsi
1111 304 1251 338 propheta:
1261 302 1404 334 cecinerit,
1427 310 1526 330 rursus
1546 310 1700 331 sermonem
1725 305 1759 332 de
1779 311 1834 332 ιιι

1045 349 1262 377 hebdomadibus
1288 352 1419 380 renovat.
1447 349 1662 382 exquisitissime
1691 358 1740 385 per
1775 351 1833 379 sin-

1043 396 1122 430 gulas
1139 400 1231 430 partes
1248 394 1360 425 docens,
1386 394 1459 421 unde
1482 395 1601 430 incipere
1631 399 1754 429 oporteat
1780 405 1832 424 nu-~

1044 447 1150 467 merare
1159 444 1293 474 tempora,
1301 443 1326 466 et
1336 438 1465 474 quidnam
1474 440 1834 474 talibustemporibuseven-

1044 488 1133 511 turum
1142 485 1186 512 sit.
1194 495 1203 510 ι
1214 485 1246 511 Et
1258 493 1408 520 cognosces
1420 489 1447 513 et
1455 485 1590 520 intelliges
1602 486 1637 513 ab
1644 487 1717 513 exitu
1727 494 1832 514 sermo-

1042 530 1109 562 nis,
1136 534 1165 558 ut
1192 532 1390 566 respondeatur
1420 535 1447 559 et
1471 531 1621 559 aediﬁcetur
1650 531 1800 560 Jerusalem
1822 543 1830 561 :

1042 576 1226 604 hebdomades
1270 582 1395 613 septem,
1425 583 1452 605 et
1473 577 1658 605 hebdomades
1689 580 1830 614 sexaginta

1041 621 1147 653 duae,et
1161 626 1314 650 revertetur
1329 627 1354 650 et
1363 623 1543 650 aediﬁcahitur
1556 623 1643 657 platea
1658 629 1683 651 et
1699 632 1805 652 murus.
1817 634 1827 651 ι

1040 665 1123 701 389
1136 666 1200 699 Qua:
1216 674 1282 695 sane
1296 668 1377 695 verba
1393 672 1423 695 ut
1437 668 1547 695 reddam
1567 668 1701 703 planiora,
1715 669 1830 703 pulchre

1040 713 1107 739 mihi
1122 713 1210 740 ollicio
1225 713 1338 742 functus
1358 722 1420 743 esse
1435 715 1559 748 videbor,
1578 715 1600 742 si
1619 717 1829 745 commentatio-

1040 766 1101 785 nem
1117 759 1144 785 in
1158 759 1292 793 ejusmodi
1309 761 1385 789 locos
1399 761 1459 796 ejus
1475 761 1538 792 viri,
1551 762 1596 795 qui
1612 766 1676 789 ante
1694 770 1744 789 nos
1757 763 1827 790 idem

1041 804 1161 831 studium
1172 805 1299 838 coluerit,
1317 815 1371 834 non
1388 807 1576 839 occultavere,
1589 808 1636 835 sed
1650 816 1709 835 eam
1720 817 1830 843 quoque

1042 855 1204 883 apposuero,
1227 855 1256 877 ut
1280 852 1486 878 accommodata
1515 852 1560 883 iis,
1583 852 1629 886 qui
1655 852 1751 879 lecturi
1772 854 1829 881 sint

1006 884 1027 914 Β
1043 894 1109 921 hare.
1130 893 1247 922 Pulchre
1263 895 1335 923 enim
1353 896 1420 923 illud
1437 896 1491 923 dici
1508 884 1664 932 solem-qua:
1676 898 1826 925 amicorum

1040 944 1114 972 sunt,
1128 948 1159 968 ea
1171 948 1232 967 esse
1246 942 1402 968 communia
1416 949 1423 967 :
1440 945 1467 968 et
1477 942 1542 976 quia
1561 942 1600 969 uti
1617 942 1729 977 quidem
1747 943 1827 977 quasi

1039 989 1232 1016 communibus
1246 990 1373 1017 convenit
1389 990 1433 1021 iis,
1455 998 1515 1025 quae
1530 990 1574 1017 alii
1593 991 1678 1025 probe
1695 991 1826 1024 dixerint,

1040 1034 1087 1061 sed
1104 1034 1141 1061 ita
1159 1038 1189 1061 ut
1201 1042 1385 1069 agnoscamus
1400 1040 1538 1068 auctores,
1557 1044 1646 1071 neque
1659 1042 1705 1064 aut
1720 1045 1769 1065 sua
1786 1046 1828 1066 s0-

1039 1081 1099 1108 bolc
1116 1085 1216 1115 patres.
1239 1086 1286 1108 aut
1301 1090 1358 1113 eos,
1374 1083 1521 1117 qui‘primi
1541 1081 1746 1117 consueverint,
1761 1092 1827 1119 pro—

1039 1126 1106 1160 priis
1125 1126 1275 1155 seminibus
1291 1126 1496 1159 defraudemus,
1513 1127 1586 1155 illius
1601 1128 1683 1155 verba
1699 1137 1753 1156 non
1767 1137 1828 1164 gra-

1039 1173 1124 1199 vabor
1145 1180 1292 1208 apponere.
1314 1172 1351 1199 Ea
1374 1173 1501 1200 feruntur
1530 1173 1653 1201 Africani
1677 1175 1704 1201 in
1730 1175 1826 1210 quinto

1039 1224 1133 1244 eorum
1150 1226 1210 1253 qua:
1228 1218 1261 1246 de
1273 1219 1442 1253 temporibus
1458 1220 1578 1254 scripsit,
1600 1228 1660 1255 qua:
1673 1221 1782 1255 quidem
1799 1221 1826 1248 in

1040 1264 1113 1291 hunc
1126 1264 1235 1291 modum
1254 1272 1283 1293 se
1298 1265 1398 1292 habent
1416 1274 1422 1292 :
1445 1274 1453 1290 ι
1476 1265 1536 1300 Ipsa
1550 1266 1659 1301 quidem
1682 1267 1825 1302 particula.

1039 1309 1136 1344 inquit,
1156 1318 1216 1345 qua:
1233 1309 1288 1337 fere
1317 1311 1357 1337 sic
1373 1318 1402 1337 se
1418 1310 1509 1343 habet,
1532 1315 1588 1338 tum
1609 1312 1693 1338 multa
1709 1317 1764 1339 tum
1780 1312 1828 1340 ad-

1038 1356 1174 1383 mirabilia
1188 1356 1324 1391 signiﬁcat
1339 1366 1344 1383 :
1362 1361 1481 1384 attamen
1503 1365 1577 1384 nunc
1594 1358 1628 1385 de
1643 1359 1677 1385 iis
1693 1359 1827 1387 duntaxat

1038 1409 1098 1436 quae
1123 1402 1202 1429 nobis
1215 1402 1248 1429 ad
1264 1403 1397 1429 rationem
1422 1408 1585 1437 temporum,
1601 1408 1628 1431 et
1650 1412 1746 1432 eorum
1766 1412 1827 1440 qua:

1038 1447 1071 1474 ad
1087 1451 1208 1482 tempora
1224 1448 1358 1483 pertinent
1374 1449 1544 1477 conductum
1561 1450 1626 1482 sint,
1646 1451 1727 1478 verba
1743 1451 1827 1479 facia-

1038 1499 1109 1520 mus.
1125 1492 1202 1525 Quod
1215 1493 1298 1528 igitur
1311 1494 1368 1521 haec
1383 1494 1417 1522 de
1433 1495 1551 1522 adventu
1567 1495 1670 1524 Christi
1688 1496 1825 1530 dicantur.

1039 1537 1086 1572 qui
1107 1541 1169 1572 post
1192 1537 1379 1566 hebdomadas
1397 1547 1448 1566 ιη
1478 1540 1512 1567 ab
1527 1540 1684 1569 hominibus
1698 1546 1771 1569 esset
1785 1543 1826 1570 vi-

1041 1582 1156 1614 dendus,
1173 1583 1330 1617 neutiquam
1342 1583 1453 1611 dubium
1469 1587 1511 1612 est
1525 1594 1531 1612 :
1547 1589 1668 1620 tempore
1682 1587 1754 1613 enim
1771 1587 1827 1614 Sal-

1039 1629 1142 1656 vatoris
1156 1629 1244 1656 nostri
1267 1634 1313 1656 aut
1327 1637 1360 1656 ex
1375 1629 1422 1656 illo
1442 1630 1513 1664 ipso,
1529 1635 1555 1657 et
1578 1631 1757 1666 antiquantur
1777 1633 1826 1660 de—

1039 1674 1114 1706 licta,
1128 1677 1155 1701 et
1175 1679 1287 1708 peccata
1302 1680 1530 1702 consummantur
1545 1685 1554 1703 :
1572 1683 1621 1711 per
1635 1677 1824 1705 remissionem

1038 1725 1139 1753 autent,
1153 1720 1311 1755 iniquitates
1325 1728 1387 1748 cum
1403 1720 1546 1755 injustitiis
1567 1722 1720 1756 expiatione
1731 1723 1825 1751 deleti.

1038 1769 1093 1797 tur,‘
1118 1766 1281 1801 justitiaque
1307 1766 1474 1801 sempiterna
1497 1767 1694 1800 denuntiatur,
1725 1773 1825 1803 praeter

1036 1818 1096 1838 eam
1110 1818 1171 1846 qua:
1184 1819 1217 1838 ex
1242 1811 1300 1846 lege
1314 1811 1518 1846 acquirebatur.
1542 1811 1668 1841 Visiones
1690 1818 1778 1842 autem
1795 1819 1824 1842 et

1037 1856 1184 1891 prophetiae
1203 1864 1290 1892 usque
1315 1857 1348 1883 ad
1372 1856 1516 1890 Joannem,
1532 1863 1559 1885 et
1579 1858 1696 1887 Sanctus
1713 1864 1823 1889 sancto-

1036 1910 1095 1930 rum
1112 1903 1223 1938 ungitur
1238 1912 1245 1929 :
1265 1909 1327 1929 nam
1345 1910 1407 1929 cum
1423 1907 1487 1930 ante
1504 1904 1657 1932 Salvatoris
1671 1906 1758 1933 nostri
1773 1906 1822 1934 ad-

1035 1953 1144 1976 ventum
1166 1949 1223 1976 hac
1243 1955 1299 1976 non
1321 1951 1434 1980 essent.
1458 1950 1689 1984 exspectabantur
1718 1957 1822 1980 tamen.

1034 1994 1145 2021 Numeri
1161 2002 1224 2022 vero
1242 1994 1350 2021 initium
1363 1994 1566 2028 κείρει-θείως
1583 2000 1624 2023 est
1644 2004 1697 2023 ωας
1718 1996 1822 2024 hebdo-
1847 1995 1854 1998 ’

1034 2039 1186 2071 madarunt,
1210 2039 1256 2074 qui
1275 2043 1340 2066 sunt
1364 2039 1428 2065 anni
1449 2040 1642 2075 quadringenti
1660 2042 1819 2077 nonaginta,

1034 2085 1146 2120 angelus
1163 2086 1284 2120 praecipit
1305 2085 1339 2112 ab
1356 2085 1429 2112 exitu
1452 2086 1587 2114 sermonis
1602 2091 1631 2113 ut
1655 2088 1820 2122 respondea-

1033 2135 1088 2161 tur,
1109 2135 1136 2158 et
1157 2130 1308 2158 aediﬁcetur
1331 2130 1494 2158 Jerusalem.
1515 2131 1602 2159 Porro
1624 2132 1683 2159 htec
1696 2133 1815 2168 contige-

1032 2182 1097 2204 runt.
1108 2178 1184 2212 regni
1195 2177 1364 2210 Artaxerxis,
1377 2179 1423 2213 qui
1439 2178 1585 2205 Persarum
1602 2187 1648 2206 rex
1666 2179 1727 2211 fuit,
1747 2187 1820 2208 anno

389 2224 454 2252 Ἀπὸ
475 2225 504 2250 δὲ
535 2224 711 2260 Ἀρταξέρξου
743 2224 770 2250 αί
798 2223 980 2258 ἑϐδομήκοντα

1037 2222 1164 2250 vicesimo
1177 2233 1183 2250 :
1199 2223 1281 2257 hujus
1292 2223 1363 2250 enim
1377 2224 1505 2258 pincerna
1520 2223 1665 2252 Nehemias
1680 2233 1742 2252 cum
1756 2219 1819 2253 eum

1031 2268 1122 2302 ipsum
1135 2273 1268 2302 rogasset,
1287 2275 1449 2303 responsum
1467 2270 1581 2304 accepit,
1597 2275 1626 2297 ut
1639 2270 1818 2299 aedificaretur

1031 2312 1192 2340 Jerusalem.
1220 2313 1252 2340 Et
1279 2321 1369 2340 sermo
1384 2314 1468 2341 exivit
1482 2322 1537 2349 quo
1563 2316 1652 2350 ipsum
1667 2316 1720 2343 hoc
1738 2317 1820 2351 jube—

1032 2359 1130 2386 batur:
1149 2366 1212 2385 nam
1231 2359 1263 2386 ad
1279 2359 1346 2386 illud
1362 2367 1450 2394 usque
1472 2364 1580 2395 tempus
1596 2361 1694 2397 civitas
1710 2361 1819 2389 deserta

1032 2406 1180 2430 manserat.
1205 2403 1272 2431 Cum
1296 2404 1369 2430 enim
1390 2404 1478 2440 Cyrus
1500 2409 1561 2440 post
1583 2407 1818 2440 septuagenariam

1033 2449 1190 2476 servitutem
1204 2449 1339 2477 volentem
1350 2458 1570 2486 unumquemque
1585 2452 1736 2479 voluntarie
1751 2453 1820 2480 emi-

1032 2498 1124 2528 sisset,
1141 2497 1187 2531 qui
1205 2505 1267 2523 cutn
1289 2496 1353 2524 Jesu
1371 2505 1468 2532 magno
1486 2499 1628 2526 sacerdote
1643 2503 1669 2526 et
1694 2498 1818 2527 Zoroba—

1032 2543 1085 2575 bel,
1102 2543 1203 2578 quique
1217 2547 1278 2578 post
1292 2543 1342 2571 Itos
1353 2544 1428 2578 ipsos
1439 2552 1501 2571 eum
1514 2544 1598 2571 Esdra
1609 2545 1816 2577 descenderant,

1031 2589 1165 2616 aediﬁcare
1191 2589 1321 2622 templum
1347 2594 1373 2616 et
1398 2597 1506 2616 murum
1527 2590 1629 2616 civitati
1649 2591 1819 2619 circumdare

1032 2634 1111 2661 initio
1130 2633 1354 2668 prohibebantur,
1368 2638 1499 2668 tanquam
1517 2635 1568 2661 hoc
1585 2634 1746 2670 imperatum
1763 2643 1820 2663 non

1032 2683 1115 2707 esset.
1131 2678 1231 2706 Mansit
1245 2679 1327 2714 igitur
1344 2686 1430 2714 usque
1444 2678 1478 2706 ad
1491 2678 1646 2706 Nehemiam
1667 2685 1694 2707 et
1705 2688 1819 2715 regnum

1033 2724 1203 2756 Artaxerxis.
1226 2732 1382 2759 annumque
1403 2724 1509 2759 imperii
1530 2723 1676 2751 Persarum
1700 2725 1819 2752 centesi-

1034 2777 1108 2797 mum
1126 2775 1152 2797 et
1170 2770 1296 2805 quintum
1311 2770 1446 2798 decimum
1465 2777 1547 2797 :cum
1565 2778 1629 2798 vero
1645 2777 1660 2796 a
1673 2775 1753 2807 capta
1775 2770 1820 2798 Je-

1035 2817 1154 2845 rusalem
1169 2824 1257 2844 annus
1273 2818 1437 2845 centesimus
1454 2819 1534 2851 atque
1554 2817 1738 2852 octogesimus
1754 2825 1817 2852 age-

1034 2866 1119 2895 retur,
1141 2862 1223 2897 390
1245 2867 1302 2890 tum
1326 2871 1372 2891 rex
1395 2863 1560 2891 Artaxerxes
1578 2863 1663 2899 jussit
1689 2863 1819 2891 aediﬁcari
