2089 3218
288 157 336 183 611

607 156 742 184 EUSEBEI
759 154 996 183 C/ESARXENSKS
1015 153 1089 182 OPP.
1110 153 1200 180 PARS
1220 153 1250 181 ll.
1270 169 1306 174 —
1322 154 1571 183 APOLOGETICA.

1859 157 1912 185 6|2

287 215 436 245 civitatem,
452 218 479 240 et
493 213 647 243 Nehcmias.
660 221 733 240 unus
740 220 835 240 eorum
850 212 896 246 qui
912 211 1005 239 emissi
1020 210 1054 238 fut

1103 213 1117 240 ι
1131 211 1229 236 κοσίων
1245 211 1412 246 πεντήκοντα
1435 213 1576 247 τεσσάρων
1587 232 1594 243 ,
1621 213 1666 239 τοῦ
1681 214 1792 248 ἡλιακοῦ
1811 216 1912 242 κύκλου

287 264 359 288 rant.
375 260 449 294 operi
462 259 590 293 ιιι-Μυίας
608 263 634 286 et
650 259 738 293 platea
757 262 783 285 et
797 258 867 284 muri
882 258 1001 285 ambitus
1011 257 1075 284 aedi-

287 305 366 331 ﬁcata
380 310 454 336 sunt,
471 305 542 332 siCut
564 304 685 330 futurum
704 304 846 339 prophetia
861 304 1071 338 signiﬁcaverat.

286 348 351 377 Inde
367 351 448 384 igitur
461 350 541 376 nobis
562 357 709 376 numerare
725 350 919 384 incipientibus
935 357 987 376 Lxx
1007 349 1073 375 heb-

285 395 415 422 domades
430 396 456 422 in
470 395 608 423 Christum
629 395 812 422 terminantur
826 404 831 420 :
848 402 910 422 nam
927 395 950 422 si
975 395 1008 421 ab
1025 395 1072 421 illo

285 442 381 476 quovis
396 446 516 476 tempore
538 441 698 468 numerandi
724 441 832 468 initium
853 441 1073 472 fecerimus,,ne~

283 494 336 521 que
347 490 454 521 tempus
468 488 555 522 ipsum
576 487 730 518 conveniet,
746 490 772 514 et
790 487 873 512 multa
897 486 1070 513 incommoda

283 531 377 559 Subire
406 539 519 559 necesse
534 532 596 558 eriL
615 531 677 558 Sive
699 533 770 558 enim
788 540 802 557 a
825 531 906 566 Cyro,
929 533 1070 567 primaque

281 578 436 607 emissione.
453 578 623 612 septuaginta
640 577 826 604 hebdomadas
846 586 989 605 numerare
1013 585 1070 605 co:-

281 624 411 658 perimus,
429 624 491 650 anni
505 628 616 650 centum
635 628 662 651 et
677 624 794 659 amplius
819 630 994 659 supererunt,
1010 625 1068 653 sive

280 668 314 695 ab
327 676 359 695 eo
371 669 414 696 die
429 676 484 703 quo
503 669 616 703 angelus
642 669 694 703 ipsi
711 669 805 696 Daniel
819 670 958 709 oraculum
977 670 1068 696 reddi-

278 714 327 746 dit,
344 715 424 741 etiam
440 715 528 749 major
551 716 595 742 ﬁet
616 723 749 741 annorum
765 723 906 743 numerus.
922 715 1007 743 Multo
1017 723 1066 742 au-

278 764 331 786 tem
357 762 454 794 major,
468 761 491 788 si
517 761 553 788 ab
581 761 658 787 initio
681 766 767 796 captae
792 762 878 789 urbis.
909 761 1066 791 Invenimus

276 807 347 832 enim
364 814 478 841 regnum
496 805 642 833 Persarum
669 807 740 834 intra
763 815 850 834 annos
869 814 900 833 cc
916 811 996 842 atque
1011 815 1064 834 xxx

276 851 420 877 contineri.
436 851 538 878 Deinde
558 851 735 878 Macedonum
754 853 786 878 ad
814 859 949 878 annorum
968 860 1064 880 nume‘

1125 256 1291 291 ὑπάρχοντος
1325 257 1437 292 ἡμερῶν
1467 259 1628 294 τριακοσίων
1662 260 1790 295 ἑξήκοντα
1830 262 1913 288 πέντε

1123 302 1261 337 τετάρτου.
1316 303 1371 338 Τὴν
1398 303 1451 339 γὰρ
1479 305 1548 331 κατὰ
1574 304 1686 340 σελήνην
1719 306 1910 342 δωδεκάμηνον

1123 347 1307 382 παραλλάσσει
1345 349 1462 384 ἡμέραις
1493 349 1586 376 ἕνδεκα
1621 351 1668 376 καὶ
1695 351 1824 386 τετάρτῳ.
1861 353 1911 379 Διὶ

1122 393 1202 419 τοῦτο
1234 394 1362 428 ’Έλληνες
1393 396 1440 421 καὶ
1480 396 1600 422 Ἰουδαῖοι
1636 398 1710 432 τρεῖς
1742 398 1828 433 μῆνας
1858 399 1910 434 ἑμ-

1121 438 1248 473 6ολίμους
1267 440 1355 466 ἔτεσιν
1367 440 1438 466 ὀκτὼ
1459 442 1704 476 παρεμϐάλλουσιν·
1725 444 1836 476 ὀκτάκις
1854 446 1908 481 γὰρ

1120 484 1154 510 τὰ
1176 484 1270 511 ἕνδεκα
1292 485 1421 520 τέταρτον
1446 487 1518 512 ποιεῖ
1532 487 1670 522 τρίμηνον.
1710 488 1750 514 Τά
1764 487 1851 516 τοίνυν
1865 498 1911 515 τεο

1120 531 1249 566 τρακόσια
1263 531 1445 566 ἑϐδομήκοντα
1456 533 1536 559 πέντε
1549 533 1606 568 ἔτη,
1620 533 1806 569 ὀκταετηρίδες
1821 535 1910 568 γίνον-

1120 585 1163 603 ται
1191 577 1358 612 πεντήκοντα
1381 578 1458 604 ἐννέα
1485 579 1531 604 καὶ
1556 579 1639 614 μῆνες
1667 581 1760 614 τρεῖς·
1786 580 1824 611 ὡς
1849 589 1908 616 τρι-

1121 622 1205 656 μήνου
1236 622 1264 647 δὲ
1291 622 1438 656 ἐμϐολίμου
1462 624 1495 657 τῇ
1521 623 1648 658 ὀκταετία
1663 624 1826 660 γινομένης,
1858 626 1905 661 ἔτη

1119 667 1311 694 πεντεκαίδεκα
1334 667 1430 701 ὀλίγων
1447 668 1557 704 ἡμερῶν
1577 669 1742 696 ἀποδεόντων
1757 670 1903 704 γίγνονται.

1118 712 1210 738 Ταῦτα
1223 712 1250 738 δὲ
1266 711 1332 747 πρὸς
1346 714 1401 744 τοῖς
1422 714 1606 747 τετρακοσίοις
1625 714 1809 749 ἐϐδομήκοντα
1823 716 1904 742 πέντε

1117 757 1215 789 ἔτεσιν,
1241 759 1270 784 αἱ
1293 759 1477 794 ἐϐδομήκοντα
1501 759 1645 794 ἐϐδομὰδες
1671 761 1866 789 συντελῶνται,
1891 772 1900 788 ι

1117 801 1209 829 Ταῦτα
1224 803 1273 838 μὲν
1295 802 1340 830 οὖν
1360 805 1532 839 Ἀφρικανὸς.
1549 806 1579 831 Εἰ
1601 805 1629 832 δὲ
1648 808 1699 842 χρὴ
1716 807 1762 834 καὶ
1780 808 1853 843 ἡμᾶς
1865 810 1904 834 οἰ-

1116 849 1194 875 κείαν
1210 851 1250 881 εἰς
1271 852 1333 882 τοὺς
1352 852 1451 882 τόπους
1472 852 1598 878 ἀπόδοσιν
1616 853 1655 883 εἰς
1676 853 1757 887 μέσον
1777 854 1901 888 ἀγαγεῖν,

275 903 336 921 rum
359 896 512 922 continuari
538 900 721 924 trecentorum
747 902 773 924 et
791 898 971 932 septuaginta.
997 898 1054 925 Ιηᾶε

1116 894 1186 928 φημὶ
1209 895 1245 929 μὴ
1269 895 1366 930 μάτην,
1390 896 1456 931 μηδὲ
1481 896 1518 928 ὡς
1539 897 1614 931 ἔτυχε
1635 898 1684 932 τὴν
1703 898 1833 934 διαίρεσιν
1853 908 1902 926 πε-

275 949 341 968 vero
356 942 388 968 ad
408 941 509 969 Tiberii
533 943 651 970 Caesaris
667 951 767 970 annum
784 948 889 970 sextum
907 943 1059 976 decimum,

275 996 362 1016 annos
380 990 531 1023 sexaginta.
548 989 589 1015 Al)
612 989 762 1017 Artaxerxe
782 994 872 1018 autent
890 992 1061 1026 septuaginta

275 1034 457 1062 hebdomades
481 1035 514 1061 ad
528 1034 629 1062 Christi
653 1040 760 1070 tempus
777 1038 949 1068 perveniunt,
967 1038 990 1064 si
1009 1037 1058 1064 Ju-

273 1080 392 1107 dzeorum
410 1088 536 1108 numeros
554 1082 704 1115 sequimur.
727 1081 867 1117 Siquidem
885 1090 900 1109 a
919 1082 1057 1114 Nehemia,

273 1127 318 1160 qui
335 1130 364 1153 ut
375 1127 522 1154 mditicaret
546 1127 699 1154 Jerusalem
713 1132 755 1155 est
769 1130 880 1160 missus,
898 1137 970 1156 anno
982 1129 1058 1165 regni

273 1172 415 1200 Persarum
442 1174 592 1200 centesimo
608 1178 635 1200 et
651 1175 746 1208 quinto
756 1174 873 1207 decimo,
889 1175 934 1209 qui
951 1175 1000 1201 fuit
1016 1177 1058 1209 ip-

272 1219 330 1245 sius
352 1219 428 1253 regni
446 1219 607 1246 Artaxerxis
625 1220 781 1252 vicesimus,
798 1224 878 1254 atque
898 1221 968 1247 idem
981 1224 1057 1248 octo-

270 1264 378 1298 gesima:
395 1265 480 1291 tertiae
499 1264 660 1299 Olympiadis
679 1271 801 1299 quartus,
816 1265 848 1291 ad
866 1266 931 1292 illud
950 1270 1056 1301 tempus

270 1309 315 1342 qui
335 1308 385 1335 fuit
409 1309 573 1343 Olympiadis
598 1309 794 1336 ducentesima:
820 1310 948 1336 secunda:
968 1318 1056 1338 annus

270 1354 417 1385 secundas,
433 1355 538 1388 imperii
549 1358 638 1381 autem
656 1353 757 1381 Tiberii
770 1354 886 1382 Ctesaris
903 1360 997 1383 sextus
1008 1357 1056 1383 de-

268 1400 367 1432 cimus,
381 1400 444 1426 anni
469 1404 648 1427 numerantur
669 1400 859 1435 quadringenti
883 1402 1054 1436 septuaginta

268 1447 397 1481 quinque,
419 1447 464 1481 qui
488 1445 620 1473 Hebraica
642 1447 748 1473 ratione
773 1447 839 1474 ﬁunt
863 1448 1053 1483 quadringenti

268 1492 415 1526 nonaginta
430 1501 436 1518 :
451 1495 554 1526 utpote.
570 1499 631 1517 cum
653 1491 691 1518 illi
707 1491 740 1518 ad
753 1499 863 1519 cursum
881 1493 951 1520 lume
967 1501 1053 1521 annos

267 1542 425 1572 Computare
436 1537 640 1568 consueverint,
660 1541 689 1563 ut
705 1537 757 1564 hac
773 1538 878 1565 ratione
900 1546 988 1566 annus
1001 1541 1052 1571 sit,

266 1584 338 1618 quod
352 1584 425 1610 dictu
444 1583 522 1610 facile
535 1587 588 1614 est,
607 1583 712 1610 dierum
727 1587 910 1610 trecentorum
923 1585 1053 1620 quinqua-

266 1631 339 1664 ginta
355 1633 484 1664 quatuor,
508 1637 569 1656 cum
586 1633 675 1656 tamen
688 1630 786 1656 solaris
799 1637 898 1657 cursus
913 1630 971 1658 dies
985 1639 1052 1658 con-

266 1676 337 1702 ﬁciat
352 1679 489 1702 trecentos
511 1675 651 1710 sexaginta
672 1675 793 1710 quinque
808 1683 870 1702 cum
893 1676 974 1703 unius
996 1677 1050 1704 diei

263 1726 339 1756 parte
352 1725 460 1756 quarta.
477 1713 514 1748 Eii
534 1729 589 1755 quo
611 1725 724 1756 apparet
742 1722 854 1748 lunares
869 1730 967 1749 cursus
980 1722 1044 1749 duo-

263 1768 361 1799 decim,
389 1767 424 1793 ab
446 1775 501 1794 uno
526 1767 611 1794 solari
639 1774 733 1798 cursu,
760 1767 887 1794 undecim
906 1769 1002 1796 diebus
1022 1772 1050 1796 et

261 1818 360 1849 quarta
376 1814 458 1840 unius
467 1813 520 1840 diei
531 1813 666 1848 superari.
678 1813 782 1840 Idcirco
794 1817 821 1840 et
833 1813 917 1840 Grmci
930 1813 1048 1842 etJudtei

261 1864 353 1887 ternos
373 1860 550 1886 intercalares
565 1867 672 1886 menses
684 1864 781 1886 octavo
797 1861 896 1894 cuique
913 1867 986 1887 anno
999 1860 1048 1886 ad-

261 1905 366 1936 iiciunt.
388 1904 492 1932 Eteuim
505 1905 529 1931 si
546 1904 669 1931 undenos
687 1913 748 1932 cum
761 1906 842 1932 unius
858 1909 934 1939 parte
950 1910 1046 1940 quarta

261 1950 346 1977 octies
371 1950 545 1984 repetiveris,
569 1950 652 1977 trium
678 1951 812 1978 mensium
838 1951 955 1985 spatium
979 1959 1046 1978 cou-

260 1995 345 2022 ﬁcies.
371 1995 567 2030 Quadringenti
598 1996 680 2030 igitur
716 1997 887 2031 septuaginta
925 1997 1045 2032 quinque

260 2043 342 2074 anni,
368 2043 495 2069 octenuia
525 2042 642 2069 reddunt
667 2043 863 2078 quinquaginta
894 2051 991 2070 novem
1019 2049 1045 2070 et

259 2096 346 2115 annos
376 2093 507 2123 praeterea
537 2092 602 2115 lrcs.
634 2089 702 2115 Cum
727 2097 791 2115 vero
819 2094 916 2115 octavo
945 2089 1045 2124 cuique

259 2142 331 2161 anno
354 2135 425 2161 terni
453 2135 649 2162 intercalcntur
674 2142 799 2164 menses,
826 2134 970 2161 coniicitur
996 2143 1044 2161 an~

257 2189 354 2208 norum
376 2189 408 2208 xv
426 2189 543 2212 summa,
566 2181 661 2215 paucis
683 2180 811 2207 detractis
833 2180 939 2207 diebus.
962 2180 1040 2214 391

256 2227 332 2260 Quos
346 2227 369 2253 si
386 2226 418 2253 ad
437 2226 653 2261 quadringentos
666 2226 838 2260 septuaginta
858 2226 978 2260 quinque
994 2226 1041 2252 ad-

255 2273 368 2302 dideris,
385 2272 569 2298 hebdomadas
581 2279 631 2298 Lxx
646 2271 786 2298 conﬁcies.
805 2281 814 2296 ι
831 2270 968 2298 Hactenus
979 2272 1040 2306 qui-

254 2319 315 2346 dem
340 2318 496 2345 Africanus.
529 2317 607 2350 Quod
629 2318 652 2344 si
672 2325 722 2345 nos
751 2325 859 2352 quoque
880 2321 987 2351 oportet
1011 2317 1038 2344 in

253 2363 390 2398 ejusmodi
420 2364 494 2390 locos
529 2363 667 2397 propriam
697 2357 983 2388 commemorationem
1009 2362 1037 2388 in

249 2407 367 2433 taedium
395 2406 508 2439 aﬁ‘erre,
530 2406 591 2433 dico
621 2413 675 2433 non
704 2406 803 2433 frustra
831 2415 918 2441 neque
939 2414 1041 2435 temere

247 2451 410 2478 divisionem
442 2452 476 2478 ab
506 2452 618 2479 oraculo
649 2460 710 2479 esse
741 2452 840 2479 factam
870 2453 1039 2488 septuaginta

251 2498 492 2525 helulomadarum.
510 2498 576 2525 Nam
601 2507 662 2526 cum
686 2507 732 2526 cas
749 2500 870 2526 diviserit
888 2500 914 2527 in
935 2501 1039 2535 primas

249 2549 360 2578 septem,
379 2553 411 2573 ac
431 2546 527 2573 deinde
551 2547 578 2572 in
595 2546 664 2573 alias
685 2547 823 2581 sexaginta
840 2548 919 2578 duas.
935 2552 962 2574 et
977 2551 1039 2581 post

248 2590 363 2624 plurima
375 2611 381 2622 ,
394 2599 455 2625 qua:
466 2591 553 2618 media
566 2592 785 2626 interponuntur.
806 2601 886 2619 unam
902 2593 1034 2627 reliquam

248 2635 388 2668 adiecerit,
411 2644 443 2663 eo
461 2637 541 2663 modo
567 2645 710 2664 numerum
734 2638 905 2672 septuaginta
929 2637 1033 2665 hebdo—

248 2681 355 2708 madum
367 2683 618 2715 complevit..Dicit
637 2684 720 2719 igitur
737 2694 742 2710 :
763 2693 772 2709 ι
792 2684 823 2710 Et
841 2691 990 2719 cognosces
1004 2688 1031 2712 et

247 2726 380 2761 intelliges
398 2727 433 2754 ab
455 2730 528 2755 exitu
553 2731 698 2760 sermonis.
720 2734 749 2756 ut
771 2732 985 2764 respondeatur,
1003 2734 1028 2757 et

245 2771 393 2800 aediﬁcetur
416 2773 567 2801 Jerusalem
596 2784 682 2810 usque
700 2777 732 2802 ad
755 2775 895 2803 Christum
918 2776 1028 2807 ducent.

246 2816 427 2845 hebdomades
435 2824 549 2853 septem.
559 2824 586 2847 et
596 2821 779 2848 hebdomades
789 2822 929 2855 sexaginta
937 2822 1007 2848 dure.
1016 2831 1024 2846 ι

244 2861 347 2889 Deinde
361 2863 423 2890 aliis
437 2865 599 2899 quibusdam
617 2867 785 2902 interpositis
800 2867 892 2900 rebus,
907 2867 1027 2894 novissi‘

1115 941 1239 976 ποιῆσθαι
1250 942 1296 968 θεὸν
1309 942 1385 976 λόγον
1404 943 1458 968 τῶν
1477 943 1658 978 ἑϐδομήκοντα
1672 944 1832 979 ἑϐδομάδων.
1842 946 1901 972 Διε-

1113 985 1167 1013 λὼν
1181 987 1234 1022 γὰρ
1248 987 1332 1018 αὑτὰς
1347 990 1386 1016 εἰς
1404 988 1514 1023 πρώτας
1527 988 1606 1018 ἑπτὰ,
1629 988 1714 1015 ἔπειθ’
1729 990 1826 1024 ἑτέρας
1838 990 1900 1026 ἐξή-

1113 1041 1194 1058 κοντα
1206 1032 1262 1063 δὺο,
1275 1034 1322 1059 καὶ
1336 1033 1405 1068 μετὰ
1420 1033 1534 1059 πλεῖστα
1548 1033 1581 1059 τὰ
1595 1034 1695 1068 μεταξὺ
1709 1034 1898 1070 ἐπιλεγόμενα,

1112 1077 1160 1112 τὴν
1177 1078 1240 1112 μίαν
1252 1078 1365 1110 ἐπιθεὶς,
1379 1078 1449 1104 οὕτω
1464 1078 1508 1104 τὸν
1522 1079 1637 1114 ἀριθμὸν
1648 1080 1700 1105 τῶν
1715 1080 1898 1116 ἐϐδομήκοντα

1112 1123 1262 1158 ἑϐδομάδων
1285 1124 1449 1159 ἁφωρίσατο.
1469 1124 1548 1158 Λέγει
1567 1125 1589 1150 δ’
1613 1123 1669 1151 οὖν·
1693 1135 1702 1151 ι
1720 1127 1774 1152 Καὶ
1794 1125 1896 1162 γνώσῃ.

1112 1170 1158 1195 καὶ
1173 1170 1296 1204 συνήσεις
1315 1170 1368 1196 ἀπὸ
1383 1169 1471 1203 ἐξόδου
1490 1170 1567 1204 λόγου
1584 1171 1630 1196 τοῦ
1651 1172 1829 1208 ἀποκριθῆναι
1849 1173 1896 1198 καὶ

1110 1213 1156 1239 τοῦ
1178 1215 1352 1250 οἰκοδομῆσαι
1373 1215 1546 1251 Ἰερουσαλὴμ
1568 1216 1619 1248 ἕως
1640 1217 1756 1251 Χριστοῦ
1776 1218 1895 1253 ἡγουμέ-

1111 1268 1166 1290 νου,
1182 1260 1326 1295 ἑϐδομάδες
1347 1261 1426 1292 ἑπτὰ,
1449 1261 1495 1287 καὶ
1518 1262 1662 1296 ἑϐδομάδες
1676 1262 1862 1297 ἑξηκονταδύο.
1882 1273 1891 1288 ι

1110 1304 1166 1332 Εἶθ’
1189 1307 1270 1343 ἕτερα
1288 1316 1348 1333 τινα
1373 1307 1473 1342 μεταξὺ
1496 1308 1653 1342 ἐπαγαγὼν,
1672 1309 1719 1344 τὴν
1738 1309 1894 1336 τελευταίαν

1109 1353 1383 1389 προστίθησι,φήσας·
1397 1364 1405 1378 1
1417 1355 1470 1380 Καὶ
1483 1354 1634 1389 δυναμὼσει
1647 1348 1776 1391 διαθήκτξν
1787 1355 1894 1387 πολλοῖς

1108 1397 1224 1433 ἑϐδομὰς
1247 1398 1305 1433 μία.
1328 1408 1336 1424 ι
1366 1400 1462 1426 Ὃτιδ⁹
1479 1399 1507 1425 ου
1531 1400 1619 1435 μάτην
1638 1400 1732 1432 ταῦτα,
1755 1401 1808 1427 οὐδ’
1828 1401 1892 1428 ἄνευ

1107 1443 1156 1478 τῆς
1181 1444 1255 1475 θείας
1279 1445 1420 1476 ἐπιπνοίας
1447 1445 1626 1480 ἐσχεδίασται,
1651 1446 1730 1473 πάνθ’
1755 1446 1892 1474 ὁντιναοῦν

1106 1489 1159 1515 τῶν
1172 1489 1209 1520 ὡς
1225 1490 1291 1516 Θεοῦ
1311 1491 1427 1525 ῥήμασιν
1447 1491 1537 1521 αὐτοῖς
1555 1491 1740 1526 προσεχόντων
1759 1492 1892 1528 ὁμολογή-

1107 1543 1162 1561 σειν
1187 1535 1314 1570 ὴγοῦμαι.
1338 1535 1421 1562 Τοῦτο
1446 1537 1495 1570 μὲν
1519 1535 1565 1562 οὖν
1590 1537 1696 1572 πρῶτον
1717 1538 1782 1572 ἡμῖν
1800 1537 1890 1570 καλῶς

1197 1563 1216 1570 ..
1258 1563 1263 1570 .
1446 1563 1452 1570 .
1613 1563 1618 1572 .
1728 1563 1743 1572 ..
1811 1563 1826 1564 η
1865 1563 1888 1570 γ.

1066 1563 1088 1593 c
1104 1581 1190 1614 ἔδοξεν
1206 1582 1435 1617 ἐπισημήνασθαι,
1456 1582 1614 1609 καταλιπεῖν
1632 1592 1662 1609 τε
1685 1585 1747 1615 τοῖς·
1756 1584 1888 1620 ἐντυγχά-

1101 1636 1174 1654 νουσι
1185 1627 1233 1663 τὴν
1244 1627 1289 1653 τοῦ
1304 1628 1465 1663 ζητηθέντος
1477 1629 1577 1664 ἀκριϐῆ
1589 1629 1675 1656 λύσιν.
1689 1630 1720 1656 Et
1732 1629 1759 1656 δὲ
1775 1630 1826 1666 χρὴ
1841 1630 1889 1657 καὶ

1101 1674 1173 1708 ἡμᾶς
1186 1672 1216 1699 τὸ
1237 1673 1355 1700 ἑπεισιὺν
1375 1675 1412 1709 μὴ
1435 1674 1737 1711 ἀποκρύψασθαιγφημὶ
1755 1675 1815 1702 καθ’
1829 1677 1887 1703 ἐτέ-

1101 1728 1150 1754 ραν
1161 1719 1278 1746 διάνοιαν
1291 1720 1348 1754 ἦτοι
1361 1720 1474 1755 ἐκδοχὴν
1486 1721 1530 1746 τὸν
1543 1721 1572 1746 ἐν
1585 1722 1617 1756 τῇ
1632 1722 1800 1758 προκειμένῃ
1818 1730 1887 1758 γρα-

1100 1767 1135 1800 φῇ
1148 1765 1310 1801 δηλούμενον
1324 1767 1440 1802 Χριστὸν
1461 1766 1622 1802 ἡγούμενον,
1639 1768 1709 1794 κατὰ
1727 1767 1770 1799 τὰ,
1788 1777 1798 1794 ς
1818 1769 1886 1796 Ἀπὸ

1099 1809 1187 1842 ἐξόδου
1206 1811 1283 1844 λόγου
1304 1812 1351 1838 τοῦ
1373 1812 1554 1848 ἀποκριθῆναι
1578 1813 1623 1839 καὶ
1644 1813 1690 1849 τοῦ
1707 1813 1884 1848 οἰκοδομῆσαι

1104 1855 1278 1892 Ἰερουσαλὴμ
1292 1857 1343 1888 ἓως
1360 1857 1476 1891 Χριστοῦ
1490 1858 1650 1892 ἡγουμένου,
1667 1868 1676 1884 ›
1691 1859 1740 1885 οὐκ
1752 1859 1831 1886 ἄλλον
1843 1858 1883 1886 εἷ-

1097 1910 1140 1928 ναι
1152 1901 1197 1928 τοῦ
1211 1902 1359 1937 καταλόγου
1373 1904 1426 1929 τῶν
1442 1904 1510 1938 μετὰ
1523 1905 1571 1939 τὴν
1585 1905 1762 1940 προφητείαν,
1774 1905 1822 1931 καὶ
1833 1905 1882 1941 τὴν

1097 1948 1149 1974 ἀπὸ
1165 1948 1320 1980 Βαϐυλῶνος
1333 1949 1472 1979 ἐπάνοδον,
1496 1951 1675 1985 ἡγησαμένων
1695 1949 1742 1976 τοῦ
1757 1950 1822 1977 λαοῦ
1836 1951 1882 1987 ἁρ-

1096 1994 1219 2029 χιερέων,
1241 1994 1285 2026 οὓς
1309 1995 1442 2030 Χριστοὺς
1469 1995 1528 2026 ἔθος
1553 1996 1698 2022 ἀποκαλεῖν
1719 1998 1751 2032 τῇ
1773 1997 1878 2032 Γραφῇ.

1095 2039 1198 2071 Μόνους
1210 2039 1263 2075 γὰρ
1275 2040 1386 2072 τούτους
1399 2041 1604 2076 καθηγήσασθαι
1622 2042 1668 2068 τοῦ
1682 2041 1783 2074 ἔθνους,
1797 2042 1882 2078 ἀρξα-

1096 2084 1192 2117 μένους
1206 2084 1259 2110 ὰπὺ
1277 2085 1363 2119 Ἰησοῦ
1382 2084 1429 2111 τοῦ
1448 2085 1579 2116 Ἰωσεδὲκ,
1597 2085 1644 2112 τοῦ
1658 2086 1753 2122 ἱερέως
1767 2086 1812 2113 τοῦ
1829 2095 1878 2122 με-

1094 2129 1186 2162 γάλου,
1205 2129 1274 2164 μετὰ
1295 2130 1344 2165 τὴν
1366 2129 1420 2156 ἀπὸ
1440 2130 1597 2162 Βαϐυλῶνος
1613 2131 1749 2164 ἐπάνοδον,
1762 2132 1809 2158 καὶ
1830 2133 1879 2168 μέ-

1094 2184 1138 2210 χρι
1154 2176 1207 2202 τῶν
1220 2177 1323 2212 χρόνων
1343 2177 1390 2212 τῆς
1404 2177 1450 2203 τοῦ
1471 2177 1595 2213 Σωτῆρος
1608 2178 1684 2214 ἡμῶν
1703 2178 1788 2214 Ἰησοῦ
1806 2180 1876 2215 Χρι-

1058 2228 1080 2257 ι)
1094 2222 1156 2248 στοῧ
1176 2223 1325 2258 παρουσίας
1342 2223 1558 2258 παρειλήςαμεν.
1580 2222 1661 2259 Οἶμαι
1682 2225 1746 2259 γοῦν
1762 2226 1808 2252 τὸν
1828 2235 1877 2261 με-

1091 2267 1156 2299 ταξὺ
1177 2268 1271 2303 χρόνον
1292 2268 1340 2303 τῆς
1360 2268 1461 2294 τούτων
1481 2270 1657 2304 προστασίας,
1677 2270 1738 2296 καθ’
1755 2270 1784 2297 ὃν
1804 2271 1874 2306 ἡγή-

1091 2322 1181 2346 σαντο,
1199 2313 1343 2348 δηλοῦσθαι
1367 2314 1411 2340 διὰ
1431 2314 1488 2345 τοῦ,
1509 2324 1517 2339 ι
1542 2315 1607 2340 Ἀπὸ
1619 2315 1708 2347 ἐξόδου
1727 2315 1805 2349 λόγου
1825 2316 1872 2344 τοῦ

1090 2359 1269 2394 ἀποκριθῆναι
1288 2359 1398 2385 καὶτοῦ
1420 2359 1593 2394 οἰκοδομῆσαι
1624 2360 1797 2397 Ἰερουσαλὴμ
1819 2362 1872 2394 ἕως

1088 2405 1205 2441 Χριστοῦ
1222 2405 1381 2440 ἡγουμένου,
1400 2405 1544 2440 ἑϐδομάδες
1564 2405 1644 2437 ἑπτὰ,
1663 2407 1709 2432 καὶ
1726 2406 1871 2442 ἑϐδομάδες

1087 2452 1278 2488 ἑξηκονταδύο’
1297 2462 1306 2477 ι
1327 2453 1380 2479 τῶν
1393 2452 1459 2479 ὲτῶν
1472 2453 1500 2479 δὲ
1515 2453 1564 2486 τὰς
1579 2454 1738 2490 ἑϐδομάδας,
1757 2464 1872 2492 συναγο-

1087 2499 1169 2533 μένας
1182 2499 1221 2530 εἰς
1238 2498 1283 2534 ἐτη
1299 2498 1460 2534 τετρακόσια
1482 2499 1644 2534 ὀγδοήκοντα
1658 2501 1732 2536 τρία,
1754 2502 1808 2528 ἀπὸ
1820 2503 1871 2538 τῆς

1085 2544 1175 2580 Κύρου
1197 2544 1335 2579 βασιλείας
1356 2546 1400 2571 ἐπὶ
1416 2546 1465 2580 τὴν
1485 2545 1625 2580 Ῥωμαίων
1646 2547 1870 2582 παρεκτείνεσθαι

1083 2591 1179 2626 ἀρχὴν,
1196 2591 1255 2617 καθ’
1269 2591 1302 2626 ἢν
1324 2591 1462 2626 Πομπήϊος
1483 2591 1622 2626 Ῥωμαίων
1636 2593 1786 2628 στρατηγὸς
1806 2594 1868 2620 ὲπι-

1084 2636 1148 2667 στὰς
1161 2637 1216 2667 τοῖς
1237 2635 1440 2670 Ἱεροσολύμοις,
1454 2633 1511 2661 εἷλε
1529 2636 1577 2671 μὲν
1598 2635 1740 2672 πολιορκίᾳ
1753 2637 1803 2673 τὴν
1820 2637 1869 2664 πό-

1081 2682 1131 2714 λιν,
1148 2682 1179 2708 τὸ
1190 2682 1218 2708 δὲ
1234 2683 1288 2708 πᾶν
1308 2681 1382 2714 ἔθνος
1401 2682 1492 2708 δοῦλον
1510 2682 1653 2717 Ῥωμαίοις
1669 2684 1864 2719 κατεστήσατο,

1081 2729 1118 2760 ὡς
1135 2729 1180 2754 καὶ
1196 2728 1294 2763 φόρους
1316 2728 1345 2759 ἐξ
1357 2728 1460 2754 ἐκείνου
1479 2727 1573 2760 τελεῖν,
1589 2729 1634 2754 καὶ
1648 2730 1703 2760 τοῖς
1723 2729 1865 2765 Ῥωμαίων

1080 2773 1235 2808 πειθαρχεῖν
1249 2773 1439 2807 ἐπιτάγμασιν.
1465 2773 1525 2798 Ἐπὶ
1547 2772 1641 2798 τοῦτον
1659 2773 1722 2806 γοῦν
1742 2773 1788 2799 τὸν
1801 2773 1866 2810 χρὸ-

1079 2829 1123 2846 νον
1135 2821 1148 2845 6
1159 2819 1212 2845 τῶν
1225 2819 1405 2854 τετρακοσίων
1416 2819 1577 2854 ὀγδοήκοντα
1603 2819 1685 2854 τριῶν
1698 2819 1765 2846 ἐτῶν
1785 2828 1865 2855 περι-

1078 2864 1197 2900 ορίζεται
1212 2864 1335 2900 ἀριθμὸς,
1353 2865 1395 2898 ἐφ’
1417 2865 1446 2890 ὂν
1460 2864 1506 2891 καὶ
1521 2863 1667 2898 κατέληξαν
1684 2865 1707 2890 at
1730 2864 1800 2892 κατὰ
1814 2864 1862 2893 τὸν
