2089 3218
212 158 263 186 6ίῦ

628 161 953 192 DEMONSTRATIONIS
971 165 1200 196 EVANGELICAZ
1221 168 1284 196 LIB.
1309 168 1374 196 Vlll.

1783 173 1811 198 bl
1818 173 1834 199 ὦ

213 217 333 250 Μωσέως
354 218 434 253 νόμον
461 219 492 245 ἐκ
517 219 642 254 πατέρων
664 220 787 256 διαδοχῆς
809 222 859 257 τὴν
879 231 992 257 προστα-

1047 232 1117 251 mam
1136 225 1270 261 adjungit,
1287 227 1328 254 his
1340 228 1429 254 verbis
1443 235 1449 253 :
1470 237 1479 252 ‹
1498 227 1709 256 Etconﬁrmabit
1724 234 1832 264 paetum

198 263 267 290 ισίαν
278 263 325 290 τοῦ
338 264 439 296 ἔθνους,
458 265 504 291 καὶ
518 266 566 300 τὴν
581 266 729 301 ἱερωσύνην
745 267 911 303 διειληφότες
922 277 929 283 ·
945 269 992 301 οὓς

207 310 322 345 Χριστὸν
336 310 486 345 ἡγούμενον
497 311 547 346 τὴν
559 311 632 338 θείαν
651 312 697 338 ἐπὶ
711 313 757 339 τοῦ
774 314 905 349 παρόντος
922 315 992 351 Γρα-

208 354 259 389 φὴν
270 355 411 390 ὀνομάζειν
424 355 615 390 ὑπολαμϐάνω.
633 357 663 383 Εἰ
677 357 704 383 δὲ
719 358 770 393 χρὴ
787 359 833 385 καὶ
847 359 891 385 τὸν
908 361 992 387 κατά-

207 400 283 434 λογον
305 401 430 428 ἐκθέσθαι
449 402 497 436 τῆς
511 402 564 429 τῶν
579 403 728 438 ἀρχιερέων
747 404 882 439 διαδοχῆς,
898 405 952 433 τῶν
964 407 992 433 ὲν

206 446 245 480 τῷ
259 445 414 482 δηλουμένῳ
428 447 527 482 μεταξὺ
541 448 628 483 χρόνῳ
638 448 845 484 διαγενομένων,
857 451 992 478 καὶτοῦτο

206 491 292 522 οὐδεὶς
313 492 408 526 φθόνος
429 494 467 523 εἰς
490 494 659 528 παράστασιν
685 495 734 530 τῆς
759 495 812 522 τῶν
840 497 992 532 εἰρημένων

1046 270 1139 297 multis
1163 270 1335 298 hebdomada
1358 280 1422 299 una.
1445 282 1454 298 ›
1473 272 1550 305 Quod
1573 278 1663 302 autem
1690 275 1749 302 hate
1777 283 1833 304 non

1044 314 1147 342 frustra
1164 324 1252 350 neque
1268 317 1371 352 absque
1392 318 1486 345 divino
1509 319 1599 346 aﬁlatu
1625 324 1726 348 temere
1746 321 1832 348 eﬁusa

1043 361 1108 391 sint.
1126 369 1220 388 eorum
1236 362 1282 396 qui
1293 362 1349 389 haec
1363 367 1493 397 tanquam
1508 363 1555 391 Dei
1570 365 1653 392 verba
1663 367 1832 401 acceperint,

1042 409 1203 440 negaturum
1231 407 1350 434 arbitror
1366 409 1512 436 neminem.
1529 409 1586 437 Hoc
1607 411 1691 446 igitur
1712 413 1831 446 primum

1042 455 1183 482 commode
1201 456 1280 482 nobis
1306 456 1395 483 visum
1415 461 1457 484 est
1480 457 1605 485 adnotari
1630 465 1768 493 oportere,
1791 461 1831 487 le-

1042 500 1222 535 gentibusque
1238 504 1268 527 ut
1291 501 1405 535 hujusce
1421 503 1580 537 quaastionis
1596 504 1761 538 exquisitam
1784 513 1830 534 sos

207 537 334 571 ἀληθείας
356 538 528 573 ποιήσασθαι.

1041 545 1171 572 lutioncm
1194 546 1343 578 inveniant,
1368 547 1457 574 locum
1479 537 1646 582 relinquere;
1657 549 1786 578 Attamen
1805 551 1829 579 si

209 590 242 609 ne
263 590 312 610 nos
326 584 433 617 quidem
457 585 528 618 quod
549 585 577 611 in
599 590 717 612 mentem
742 587 826 618 venit,
848 589 987 616 occultare
1007 593 1123 624 oportet,
1158 590 1220 618 dico
1251 592 1304 618 alio
1319 592 1437 626 quodam
1456 601 1541 621 Sensu
1562 594 1702 622 Christum
1717 596 1826 626 ducem.

208 628 253 662 qui
273 629 300 655 in
314 629 435 663 proxime
447 630 569 665 exposita
587 631 721 666 scriptura
738 632 908 667 signiﬁcatur
938 642 998 662 esse
1018 636 1216 670 accipiendum,
1234 638 1261 665 in
1283 638 1338 665 illis
1362 639 1456 674 utique
1471 640 1561 667 verbis
1575 648 1581 665 :
1601 650 1610 665 4
1623 641 1664 667 Ab
1679 642 1752 669 exitu
1769 649 1827 670 ser-

207 674 295 701 monis
323 678 351 700 ut
374 675 580 709 respondeatur,
595 680 621 704 et
652 677 801 704 mdiﬁcctur
820 677 970 706 Jerusalem
990 688 1076 714 usque
1095 681 1128 708 ad
1155 682 1294 709 Christum
1313 683 1420 714 ducem,
1450 694 1458 710 ι
1480 684 1602 719 nihilque
1622 686 1694 712 aliud
1726 687 1830 715 intelli-

209 720 323 754 gentium
349 728 429 755 quam
459 721 573 752 seriem,
599 724 860 759 successionemque
880 725 1049 759 pontiﬁcum,
1080 727 1126 761 qui
1155 732 1216 762 post
1243 729 1316 755 illam
1341 730 1428 764 ipsam
1455 730 1636 765 prophetiam,
1655 732 1828 768 reditumque

208 766 241 793 de
256 767 390 802 Babylone
405 767 503 801 populo
516 767 629 795 Judaico
644 769 810 803 praafuerint,
824 779 893 805 quos
904 771 1030 799 Christos
1054 773 1195 801 nominare
1222 782 1307 802 sacrae
1331 775 1440 803 Litterae
1460 782 1672 805 consueverunt.
1687 778 1742 806 Hos
1753 780 1827 807 enim

208 814 338 840 duntaxat
351 815 424 849 genti
437 815 578 849 praaluisse
609 815 686 843 initio
705 815 776 843 facto
797 818 831 844 ab
854 817 968 846 Josedec
992 820 1133 847 sacerdote
1159 828 1267 856 magno,
1290 826 1352 856 post
1384 823 1501 850 reditum
1523 824 1556 850 de
1578 823 1716 859 Babylone
1740 833 1827 861 usque

209 859 241 885 ad
256 862 378 893 tempora
394 860 525 887 adventus
547 860 697 889 Salvatoris
729 863 816 890 nostri
842 865 1007 898 accepimus.
1032 865 1156 893 Arbitror
1172 866 1255 901 igitur
1281 868 1472 895 intermedium
1498 875 1603 903 tempus
1627 878 1681 904 quo
1698 871 1737 898 illi
1756 859 1826 906 prae—

208 905 316 931 fuerunt
348 905 494 940 signiﬁcari
525 906 578 934 illis
610 907 729 934 verbis:
761 917 771 933 ε
811 908 852 935 Ah
876 911 950 937 exitu
980 911 1115 938 sermonis
1145 914 1174 938 ut
1205 912 1409 946 respondeatur,
1427 917 1455 939 et
1493 913 1641 941 aediﬁcetur
1675 913 1827 943 Jerusalem

208 957 293 985 usque
318 950 351 977 ad
375 951 513 978 Christum
541 952 650 984 ducem,
680 953 862 981 hebdomades
881 960 982 990 septem
1002 960 1029 983 et
1055 956 1238 984 hebdomades
1251 958 1390 992 sexaginta
1410 958 1489 991 date;
1505 969 1514 984 ι
1531 966 1663 986 annorum
1679 968 1743 987 vero
1759 961 1827 989 heb-

207 996 346 1029 domadas,
375 997 396 1024 si
414 998 570 1033 redigantur
594 999 623 1026 in
647 1007 750 1033 annos,
776 1002 988 1036 quadringentos
1008 1004 1145 1038 octoginta
1161 1009 1227 1037 tres,
1245 1012 1260 1030 a
1278 1012 1362 1039 regno
1376 1005 1438 1040 Cyri
1461 1014 1547 1040 usque
1583 1007 1616 1033 ad
1639 1006 1825 1034 Romanorum

207 1041 347 1075 imperium
358 1044 510 1078 propagari,
538 1052 592 1078 quo
621 1049 742 1080 tempore
770 1046 916 1081 Pompeius
943 1048 1125 1076 Romanorum
1142 1051 1290 1084 imperator
1305 1050 1491 1086 Hierosolyma
1505 1060 1663 1086 aggressus,
1674 1053 1819 1081 obsidione

207 1089 315 1123 quidem
327 1090 419 1117 urbem
433 1091 517 1125 ipsam
534 1093 616 1127 cepit,
648 1097 731 1120 totam
760 1102 824 1121 vero
851 1099 957 1130 gentem
975 1095 1105 1124 Romanis
1122 1097 1202 1132 392
1232 1097 1335 1124 servire
1359 1098 1458 1132 coegit,
1485 1106 1570 1133 usque
1590 1099 1667 1131 adeo,
1685 1103 1713 1125 ut
1730 1107 1764 1126 ex
1777 1099 1823 1127 illo

207 1138 326 1169 tempore
340 1140 366 1163 et
381 1137 479 1164 tributa
497 1139 617 1172 pendens
630 1143 657 1166 et
668 1139 853 1168 Romanorum
867 1142 992 1175 jussibus
1011 1143 1203 1178 obtemperans
1216 1142 1307 1170 fuerit.
1321 1144 1362 1170 Ad
1387 1144 1438 1170 hoc
1456 1144 1539 1178 igitur
1560 1149 1677 1180 tempus,
1693 1145 1823 1180 quadrin-

208 1186 349 1215 gentorum
374 1184 511 1218 octoginta
543 1186 624 1212 trium
647 1194 779 1213 annorum
803 1195 935 1216 numerus
958 1189 1078 1220 ducitur,
1113 1190 1139 1216 in
1162 1197 1216 1224 quo
1250 1189 1410 1222 desierunt,
1433 1190 1480 1224 qui
1504 1190 1653 1218 secundum
1675 1191 1822 1218 Mosaicam

205 1225 289 1261 legem
320 1235 351 1254 ex
369 1228 502 1262 majorum
529 1232 704 1259 successione
732 1240 763 1260 ac
792 1235 871 1266 serie,
887 1236 970 1262 totius
983 1236 1072 1270 gentis
1094 1236 1276 1270 principatum
1301 1239 1327 1262 et
1352 1236 1533 1263 sacerdotium
1560 1237 1722 1271 capiebant,
1748 1245 1820 1272 quos

205 1271 341 1299 Christum
362 1274 457 1301 ducem
480 1283 495 1301 a
520 1275 662 1311 Scriptura
683 1278 773 1306 divina
794 1279 846 1307 hoc
862 1281 890 1308 in
915 1282 975 1309 loco
1006 1281 1141 1309 nominari
1170 1281 1305 1315 suspicor.
1322 1280 1400 1313 Quod
1420 1282 1443 1308 si
1454 1290 1522 1316 opus
1540 1287 1581 1309 est
1612 1283 1819 1310 enumeratione

204 1326 310 1353 quoque
326 1320 375 1351 uti,
391 1324 417 1347 et
442 1321 552 1355 quinam
574 1323 619 1350 illo
635 1323 795 1352 inter-medio
816 1329 937 1362 tempore
953 1328 985 1354 dc
1000 1335 1054 1362 quo
1083 1327 1228 1362 loquimur,
1246 1326 1345 1360 quibus
1378 1327 1570 1360 successerint,
1589 1327 1732 1363 locumque
1745 1328 1822 1356 illum

204 1365 282 1391 tutati
303 1366 368 1398 sint,
386 1374 530 1400 exponere,
561 1376 594 1396 ne
618 1369 669 1397 hoc
689 1371 798 1405 quidem
824 1372 912 1400 facere
933 1373 1117 1408 gravabimur,
1141 1376 1170 1399 ut
1195 1380 1289 1400 eorum
1301 1380 1361 1407 qua:
1375 1373 1446 1399 dicta
1467 1377 1540 1404 sunt,
1564 1374 1706 1401 veritatem
1733 1378 1825 1401 osten-

204 1411 308 1439 damus.

237 1456 346 1492 Πρῶτος
361 1458 448 1484 τοίνυν
469 1460 536 1494 μετὰ
559 1461 607 1496 τὴν
625 1463 671 1489 τοῦ
691 1464 787 1500 Δανιὴλ
813 1467 989 1503 προφητείαν,

1075 1464 1196 1492 Primum
1218 1464 1300 1499 igitur
1322 1467 1383 1497 post
1408 1463 1493 1497 ipsius
1517 1462 1611 1490 Daniel
1633 1464 1818 1498 prophetiam.

204 1503 249 1529 ἐπὶ
272 1503 362 1539 Κύρου
389 1504 435 1530 τοῦ
465 1504 594 1540 βασιλέως
616 1508 738 1544 Περσῶν,
768 1511 835 1545 μετὰ
857 1511 906 1547 τὴν
931 1513 984 1539 ἀπὸ

204 1548 360 1581 Βαϐυλῶνος
382 1550 519 1583 ἐπάνοδον,
540 1553 640 1588 Ἰησοῦς
662 1556 676 1581 ὁ
695 1555 741 1581 τοῦ
768 1557 898 1588 Ἰωσεδὲκ,
916 1559 930 1584 ό
948 1558 984 1583 ἱε-

204 1596 265 1630 ρεὺς
292 1597 305 1622 ὁ
337 1597 422 1632 μέγας
447 1595 628 1634 χρηματίσας,
654 1601 711 1636 ἅμα
736 1603 888 1638 Ζοροϐάϐελ
913 1605 984 1630 ἄνει-

203 1650 244 1668 σιν
273 1642 326 1668 ἀπὸ
355 1643 403 1678 τῆς
433 1646 634 1680 αἰχμαλωσίας,
660 1647 706 1673 καὶ
734 1647 873 1683 θεμελίους
903 1658 984 1676 κατα-

202 1687 326 1714 ϐάλλεται
357 1689 403 1715 τοῦ
438 1691 520 1726 ἱεροῦ.
551 1691 618 1718 Ἀλλ’
648 1693 834 1728 ὲπιτχεθέντος
867 1694 913 1720 τοῦ
937 1695 983 1730 έρ-

201 1741 248 1767 γου
270 1733 322 1759 ὑπὸ
341 1734 394 1761 τῶν
411 1737 565 1771 περιοίκων,
582 1738 608 1763 αἱ
630 1738 736 1773 πρῶται
753 1739 823 1765 ἑπτὰ
839 1739 982 1775 ὲϐδομάδες

200 1778 253 1804 τῶν
269 1779 336 1805 ἐτῶν
352 1781 379 1806 αι
402 1781 445 1808 διὰ
461 1783 507 1808 τοῦ
541 1784 677 1818 προφήτου
700 1784 862 1820 δηλούμεναι
878 1795 982 1822 συμπε-

202 1825 347 1860 ραιοῦνται,
367 1827 425 1853 καθ’
443 1828 476 1859 ἃς
489 1829 581 1860 ἀτελὲς
596 1829 701 1864 διέμενε
721 1830 751 1856 τὸ
776 1831 854 1866 ἔργον
873 1832 922 1866 τῆς
935 1833 982 1858 τοῦ

200 1870 263 1896 ναοῦ
278 1871 430 1907 οἰκοδομῆς.
446 1875 544 1910 Διόπερ
568 1877 581 1901 ὁ
606 1875 675 1906 θεῖος
696 1875 773 1910 λόγος
794 1877 843 1910 τῆς
861 1878 981 1912 συναφῆς

199 1917 253 1943 τῶν
271 1918 370 1945 λοιπῶν
385 1919 537 1956 ἑϐδομάδων
559 1922 681 1957 ἀφορίζει
704 1923 753 1954 τὰς
772 1923 880 1958 πρώτας
900 1924 979 1956 ἑπτὰ,

201 1965 308 1997 είπὼν,‹
319 1966 478 2002 Ἐϐδομάδες
487 1969 564 2000 ἑπτὰ,
573 1968 675 1995 »ἔπειθ’
688 1969 751 2004 ἑξῆς
764 1969 832 2005 μετὰ
842 1970 981 2006 διαστολῆς

199 2010 355 2045 ἐπαγαγών,
378 2022 386 2037 ι
407 2014 461 2040 Καὶ
483 2013 627 2049 ἐϐδ>μάδες
650 2014 834 2049 ἑξηκονταδύο.
863 2025 872 2041 ι
896 2016 981 2042 Ἑπτὰ

199 2055 264 2090 γοῦν
279 2057 333 2083 ἀπὸ
350 2057 440 2093 Κύρου
457 2059 504 2084 καὶ
520 2059 565 2085 ἐπὶ
588 2059 636 2095 τὴν
655 2060 849 2096 συμπλήρωσιν
864 2061 914 2095 τῆς
933 2061 980 2087 τοῦ

199 2102 271 2137 ίεροῦ
287 2103 430 2138 οἰκοδομῆς
447 2104 592 2139 ἑϐδομάδες
608 2105 674 2131 ὲτῶν
688 2106 865 2141 εὑρίσκονται.
886 2106 980 2133 Ἔνθεν

1035 1511 1107 1546 Cyro
1126 1510 1196 1545 apud
1220 1509 1318 1536 Persas
1341 1512 1481 1543 regnante,
1498 1512 1560 1543 post
1583 1509 1699 1535 reditum
1723 1510 1755 1536 de
1771 1510 1822 1537 Ba-

1034 1557 1142 1592 bylone,
1157 1556 1238 1583 Jesus
1259 1556 1331 1582 ﬁlius
1345 1554 1470 1585 Josedec,
1487 1555 1533 1589 qui
1557 1555 1685 1582 sacerdos
1701 1563 1816 1590 magnus

1034 1607 1076 1630 est
1091 1603 1191 1634 dictus,
1207 1609 1261 1628 una
1278 1608 1339 1628 cum
1357 1599 1508 1626 Zorobabel
1531 1599 1564 1625 de
1583 1598 1749 1634 Babylonica
1762 1608 1821 1627 ser-

1033 1647 1119 1673 vitute
1134 1646 1292 1677 revertitur,
1312 1649 1339 1671 et
1355 1644 1394 1671 sic
1409 1643 1585 1670 fundamenta
1602 1644 1694 1678 templi
1709 1645 1819 1679 jaciun<

1033 1696 1089 1720 tur.
1113 1691 1165 1718 Sed
1189 1691 1254 1718 dum
1277 1698 1291 1717 a
1315 1689 1411 1717 vicinis
1438 1688 1584 1723 impeditur
1610 1696 1690 1723 opus,
1715 1695 1818 1725 Septem

1033 1739 1126 1774 prima:
1140 1745 1272 1764 annorum
1289 1735 1482 1766 hebdomades,
1500 1743 1568 1768 quas
1587 1735 1720 1769 propheta
1739 1735 1818 1768 dicit,

1032 1785 1166 1815 abierunt,
1182 1783 1282 1818 quibus
1294 1781 1386 1816 templi
1402 1780 1545 1808 mdiﬁcatio
1566 1780 1691 1806 inchoata
1709 1788 1817 1808 reman-

1033 1831 1078 1857 sit.
1092 1829 1149 1862 Qua
1165 1829 1198 1855 de
1214 1835 1295 1854 causa
1309 1827 1430 1853 divinum
1446 1826 1585 1852 oraculum
1599 1825 1700 1859 primas
1713 1829 1815 1861 septem

1033 1875 1217 1903 hebdomadas
1232 1882 1247 1900 a
1263 1873 1368 1906 reliqua
1381 1879 1485 1899 summa
1505 1871 1648 1906 disjungit,
1663 1871 1727 1898 dum
1738 1872 1815 1903 dicit,

1040 1931 1048 1947 ι
1069 1920 1256 1948 Hebdomades
1279 1923 1400 1954 septem,
1418 1927 1426 1943 )
1445 1925 1477 1949 ae
1494 1917 1592 1944 deinde
1616 1925 1650 1944 ex
1673 1918 1820 1946 intervallo

1032 1968 1154 2002 adjuugit
1165 1977 1170 1993 :
1182 1976 1190 1992 ‹
1204 1966 1236 1993 Ει
1249 1964 1433 1992 hebdomades
1445 1963 1582 1997 sexaginta
1595 1963 1666 1990 duae.
1681 1973 1691 1989 ι
1707 1962 1815 1998 Septem

1032 2015 1142 2049 igitura
1163 2013 1234 2048 Cyro
1259 2012 1292 2039 ad
1318 2011 1408 2045 templi
1432 2010 1648 2053 aediﬁcationem
1664 2009 1816 2037 absolutam

1032 2067 1164 2086 annorum
1199 2057 1380 2085 hebdomadas
1409 2056 1594 2091 reperiuntur.
1621 2055 1685 2082 Inde
1709 2055 1816 2083 animos

1031 2109 1169 2133 sumentes
1183 2104 1267 2130 Judaei
1288 2104 1320 2130 ad
1340 2102 1507 2129 Salvatoretn
1524 2106 1648 2129 nostrum
1664 2101 1810 2129 dicebant:

198 2148 350 2183 ὁρμώμενοι
378 2149 416 2184 τῷ
443 2150 548 2185 Σωτῆρι
576 2151 652 2186 ἡμῶν
675 2151 766 2185 ἔλεγον
793 2153 817 2178 οἱ
840 2152 977 2178 ’ῐουδαίοιι

1034 2161 1041 2176 ι
1062 2151 1243 2185 Quadraginta
1258 2153 1284 2176 et
1300 2157 1345 2176 sex
1361 2148 1440 2175 annis
1454 2147 1615 2175 auliﬁcatum
1631 2151 1673 2175 est
1684 2148 1814 2182 templum

201 2202 210 2218 ε
225 2194 431 2230 Τεσσαράκοντα
444 2197 489 2222 καὶ
505 2196 533 2229 ἒξ
546 2197 633 2223 ἐτεσιν
649 2198 806 2233 ᾠκοδομήθη
823 2198 837 2223 ὁ
856 2199 917 2230 ναὸς
934 2196 977 2225 οὗ·

197 2247 252 2270 τος,
266 2240 312 2266 καὶ
328 2241 359 2267 σὺ
377 2241 405 2266 ἐν
418 2242 505 2276 τρισὶν
522 2242 637 2277 ἡμέραις
649 2243 755 2279 ἐγερεῖς
768 2244 863 2276 αὐτόν;
881 2254 890 2269 ι
910 2244 977 2270 Ἀλλ’

198 2280 267 2311 οὗτοι
286 2285 335 2320 μὲν
353 2286 555 2321 τεσσαράκοντα
576 2287 622 2313 καὶ
638 2287 666 2319 ἒξ
686 2287 773 2314 ἔτεσιν
790 2288 977 2324 ᾠκοδομῆσθαι

197 2330 242 2356 τὸν
262 2331 323 2358 ναὸν
348 2331 465 2366 ἔφασαν·
484 2332 601 2359 τοσαῦτα
617 2333 670 2369 γὰρ
689 2333 742 2360 ἀπὸ
761 2333 867 2369 πρώτου
885 2333 976 2368 Κύρου

199 2375 342 2410 βασιλείας,
355 2377 384 2409 ὃς
396 2377 501 2412 πρῶτος
512 2378 596 2413 ἀνῆκε
612 2378 662 2413 τῆς
678 2378 834 2411 Βαϐυλῶνος
845 2380 908 2410 τοὺς
921 2379 978 2414 βου-

197 2421 324 2455 λομένους
343 2423 397 2448 τῶν
417 2424 546 2450 Ἰουδαίων
565 2425 604 2455 εἰς
622 2424 670 2459 τὴν
685 2424 787 2450 οἰκείαν
800 2425 851 2459 γῆν
870 2424 977 2451 ἐπανιέ-

196 2474 250 2498 ναι,
268 2468 313 2494 ἐπὶ
325 2468 355 2494 τὸ
367 2464 442 2495 ἕκτον
456 2469 513 2501 ἔτος
531 2469 642 2504 Δαρείου
664 2469 799 2503 βασιλείας
820 2470 975 2503 συνάγεται,

197 2512 257 2538 καθ’
270 2512 298 2539 ὃν
310 2514 339 2540 τὸ
356 2514 409 2540 πᾶν
426 2514 503 2549 ἔργον
515 2515 565 2549 τῆς
578 2515 718 2550 οἰκοδομῆς
734 2515 808 2546 τέλος
821 2515 931 2550 εἴληφεν
940 2524 946 2530 ⁸
962 2516 976 2541 ὅ

197 2566 228 2591 γε
245 2559 297 2594 μὴν
311 2559 339 2591 ἐξ
359 2560 490 2595 Ἐϐραίων
508 2560 636 2595 Ἰώσηπος
652 2561 698 2587 καὶ
717 2560 795 2587 ἄλλον
809 2561 901 2595 τριετῆ
918 2561 976 2596 χρό-

197 2611 241 2630 νον
252 2605 291 2636 είς
301 2604 349 2640 τὴν
361 2605 414 2631 τῶν
428 2606 526 2638 ἔξωθεν
537 2605 590 2632 τῶν
601 2606 671 2641 ἀμφὶ
684 2606 728 2633 τὸν
740 2607 801 2632 ναδν
813 2614 977 2632 κατασκευα-

198 2649 306 2683 σμάτων
332 2651 526 2686 συμπλήρωσιν
558 2651 673 2686 ἔφησεν,
704 2651 768 2678 ὥστ’
795 2651 906 2683 εἰκότως
932 2651 976 2678 διὰ

195 2693 280 2721 ταῦτα
291 2695 339 2727 τὰς
350 2696 420 2722 ἑπτὰ
433 2696 542 2732 πρώτας
554 2697 710 2732 ἑϐδομάδας.
723 2698 762 2730 είς
779 2697 826 2730 ἔτη
840 2697 916 2723 ἐννέα
930 2697 976 2723 καὶ

195 2741 395 2776 τεσσαράκοντα
423 2743 618 2774 συντεινούσας,
642 2743 804 2779 ἀφωρίσθαι,
833 2742 903 2769 κατὰ
930 2743 975 2769 τὸν

194 2785 244 2821 τῆς
263 2788 428 2823 προφητείας
450 2789 542 2823 λόγον·
561 2789 610 2821 τὰς
632 2789 659 2816 δὲ
682 2789 776 2820 λοιπὰς
799 2788 975 2824 ἑξηκονταδύο

229 2863 250 2879 ⁸¹
266 2863 343 2892 Joan.
360 2873 389 2898 ιι,
411 2865 437 2893 8.

1029 2198 1089 2229 hoc,
1106 2202 1132 2225 et
1153 2201 1181 2223 tu
1194 2197 1221 2223 in
1243 2196 1331 2222 tribus
1348 2195 1445 2222 diebus
1463 2194 1594 2222 cxcitabis
1617 2193 1735 2220 illud“?
1753 2204 1762 2219 ι
1779 2194 1814 2220 At

1029 2243 1066 2268 illi
1086 2242 1194 2276 quidem
1219 2239 1397 2275 quadraginta
1422 2243 1448 2266 et
1473 2247 1520 2267 sex
1548 2239 1627 2266 annis
1649 2238 1812 2266 aediﬁcatum

1028 2295 1089 2314 esse
1103 2286 1231 2321 templum
1247 2286 1339 2312 dixere
1358 2293 1364 2311 :
1382 2288 1421 2312 tot
1441 2284 1514 2311 enim
1529 2292 1543 2310 a
1558 2292 1642 2319 regno
1663 2284 1725 2319 Cyri
1740 2284 1814 2318 prio—

1027 2333 1077 2363 ris,
1100 2333 1145 2367 qui
1171 2332 1276 2366 primus
1297 2329 1452 2357 Judaeorum
1476 2329 1629 2364 quibusque
1657 2329 1812 2356 volentibus

1027 2379 1162 2406 concessit
1176 2378 1208 2404 de
1221 2377 1356 2412 Babylone
1370 2377 1395 2402 in
1412 2376 1528 2411 patriam
1545 2380 1644 2402 terram
1653 2375 1761 2405 reverti,
1776 2375 1809 2401 ad

1027 2428 1132 2453 sextum
1159 2423 1232 2449 Darii
1253 2423 1328 2457 regni
1351 2429 1463 2452 annum,
1487 2420 1669 2454 colliguntur:
1687 2419 1737 2446 sub
1755 2427 1809 2454 quo

1027 2470 1116 2497 omnis
1138 2468 1281 2495 :ediﬁcatio
1296 2467 1376 2494 ﬁnem
1396 2466 1511 2500 accepit.
1529 2465 1581 2491 Sed
1599 2464 1746 2498 Josephus.
1762 2472 1811 2490 au-

1027 2518 1086 2542 ctor
1098 2513 1236 2544 Hebrams,
1254 2513 1322 2539 alios
1334 2516 1390 2539 tres
1405 2518 1492 2538 annos
1503 2510 1627 2544 adjungit
1650 2509 1683 2535 ad
1696 2517 1737 2539 ea.
1750 2517 1810 2543 quae

1027 2559 1125 2594 templo
1138 2558 1308 2585 extrinsecus
1319 2555 1451 2583 accedunt
1461 2559 1621 2582 ornamenta
1631 2554 1808 2583 absolvenda,

1026 2609 1055 2631 ut
1063 2608 1204 2638 propterea
1214 2602 1311 2629 merito
1317 2605 1419 2636 septem
1430 2600 1534 2634 primas
1545 2599 1739 2630 hebdomadas,
1748 2606 1809 2633 qua:

1027 2656 1159 2677 summam
1174 2647 1353 2682 quadraginta
1370 2653 1465 2672 novem
1489 2652 1622 2672 annorum
1644 2645 1808 2676 conﬁciunt,

1026 2703 1041 2722 a
1055 2695 1159 2722 caeteris
1175 2693 1314 2721 oraculum
1329 2691 1517 2726 propheticum
1537 2690 1714 2725 separaverit,
1724 2694 1751 2718 et
1765 2698 1808 2717 re-

1027 2741 1114 2776 liquas
1142 2740 1280 2775 sexaginta
1306 2738 1374 2766 duas
1400 2745 1414 2764 a
1444 2736 1518 2764 Darii
1551 2745 1635 2772 regno
1665 2744 1809 2764 numerare

1026 2787 1164 2822 contingat
1189 2795 1194 2812 :
1221 2786 1272 2814 sub
1299 2792 1353 2820 quo
1382 2791 1491 2811 rursum
1524 2782 1603 2811 Jesus
1631 2783 1703 2811 ﬁlius
1728 2782 1810 2811 Josea
