  <div class='ocr_page' id='page_1' title='image "/cluster/home/n/w/nwhite01/storage/ocr_20150623/22/njp.32101077772497/355.png"; bbox 0 0 2089 3218; ppageno 0'>
   <div class='ocr_carea' id='block_1_1' title="bbox 273 165 326 192">
    <p class='ocr_par' dir='ltr' id='par_1_1' title="bbox 273 165 326 192">
     <span class='ocr_line' id='line_1_1' title="bbox 273 165 326 192; baseline 0 0"><span class='ocrx_word' id='word_1_1' title='bbox 273 165 326 192; x_wconf 77' lang='lat'><strong>615</strong></span> 
     </span>
    </p>
   </div>
   <div class='ocr_carea' id='block_1_2' title="bbox 574 159 1546 190">
    <p class='ocr_par' dir='ltr' id='par_1_2' title="bbox 574 159 1546 190">
     <span class='ocr_line' id='line_1_2' title="bbox 574 159 1546 190; baseline -0.001 0"><span class='ocrx_word' id='word_1_2' title='bbox 574 160 710 190; x_wconf 75' lang='lat' dir='ltr'><strong>EUSEBIX</strong></span> <span class='ocrx_word' id='word_1_3' title='bbox 729 159 967 188; x_wconf 59' lang='lat' dir='ltr'><strong>CAESARIENSIS</strong></span> <span class='ocrx_word' id='word_1_4' title='bbox 985 160 1061 188; x_wconf 85' lang='lat' dir='ltr'><strong>OPP.</strong></span> <span class='ocrx_word' id='word_1_5' title='bbox 1082 159 1172 188; x_wconf 71' lang='lat' dir='ltr'><strong>PARS</strong></span> <span class='ocrx_word' id='word_1_6' title='bbox 1189 160 1222 188; x_wconf 92' lang='lat' dir='ltr'><strong>ll.</strong></span> <span class='ocrx_word' id='word_1_7' title='bbox 1242 175 1277 180; x_wconf 96' lang='lat'>—</span> <span class='ocrx_word' id='word_1_8' title='bbox 1296 159 1546 190; x_wconf 70' lang='lat' dir='ltr'><strong>APOLOGETICA.</strong></span> 
     </span>
    </p>
   </div>
   <div class='ocr_carea' id='block_1_3' title="bbox 1844 165 1897 194">
    <p class='ocr_par' dir='ltr' id='par_1_3' title="bbox 1844 165 1897 194">
     <span class='ocr_line' id='line_1_3' title="bbox 1844 165 1897 194; baseline 0.019 -1"><span class='ocrx_word' id='word_1_9' title='bbox 1844 165 1897 194; x_wconf 74' lang='lat'><strong>616</strong></span> 
     </span>
    </p>
   </div>
   <div class='ocr_carea' id='block_1_4' title="bbox 273 217 1060 257">
    <p class='ocr_par' dir='ltr' id='par_1_4' title="bbox 273 217 1059 254">
     <span class='ocr_line' id='line_1_4' title="bbox 273 217 1059 254; baseline -0.005 -4"><span class='ocrx_word' id='word_1_10' title='bbox 273 223 342 254; x_wconf 84' lang='lat' dir='ltr'><strong>dec,</strong></span> <span class='ocrx_word' id='word_1_11' title='bbox 365 225 392 249; x_wconf 81' lang='lat' dir='ltr'><strong>et</strong></span> <span class='ocrx_word' id='word_1_12' title='bbox 415 219 566 248; x_wconf 83' lang='lat' dir='ltr'><strong>Zorobabel</strong></span> <span class='ocrx_word' id='word_1_13' title='bbox 594 219 666 246; x_wconf 86' lang='lat' dir='ltr'><strong>ﬁlius</strong></span> <span class='ocrx_word' id='word_1_14' title='bbox 699 217 849 250; x_wconf 86' lang='lat' dir='ltr'><strong>Salathiel,</strong></span> <span class='ocrx_word' id='word_1_15' title='bbox 879 226 943 246; x_wconf 89' lang='lat' dir='ltr'><strong>cum</strong></span> <span class='ocrx_word' id='word_1_16' title='bbox 969 219 1059 246; x_wconf 85' lang='lat' dir='ltr'><strong>adhuc</strong></span> 
     </span>
    </p>
   </div>
   <div class='ocr_carea' id='block_1_5' title="bbox 1109 217 1898 257">
    <p class='ocr_par' dir='ltr' id='par_1_5' title="bbox 1110 218 1898 257">
     <span class='ocr_line' id='line_1_5' title="bbox 1110 218 1898 257; baseline 0.005 -13"><span class='ocrx_word' id='word_1_17' title='bbox 1110 218 1163 245; x_wconf 78' lang='grc' dir='ltr'><strong>ἀπὸ</strong></span> <span class='ocrx_word' id='word_1_18' title='bbox 1182 219 1232 254; x_wconf 79' lang='grc' dir='ltr'>τῆς</span> <span class='ocrx_word' id='word_1_19' title='bbox 1252 219 1363 254; x_wconf 75' lang='grc' dir='ltr'><strong>Δαρείου</strong></span> <span class='ocrx_word' id='word_1_20' title='bbox 1385 219 1612 254; x_wconf 71' lang='grc' dir='ltr'><strong>καταριθμεῖσθαι</strong></span> <span class='ocrx_word' id='word_1_21' title='bbox 1629 219 1766 254; x_wconf 71' lang='grc' dir='ltr'>βασιλείας</span> <span class='ocrx_word' id='word_1_22' title='bbox 1782 222 1898 257; x_wconf 77' lang='grc' dir='ltr'>συμδαὶ·</span> 
     </span>
    </p>
   </div>
   <div class='ocr_carea' id='block_1_6' title="bbox 273 264 1060 303">
    <p class='ocr_par' dir='ltr' id='par_1_6' title="bbox 273 264 1060 303">
     <span class='ocr_line' id='line_1_6' title="bbox 273 264 1060 303; baseline -0.003 -9"><span class='ocrx_word' id='word_1_23' title='bbox 273 268 354 303; x_wconf 78' lang='lat'><strong>393</strong></span> <span class='ocrx_word' id='word_1_24' title='bbox 365 267 499 297; x_wconf 87' lang='lat' dir='ltr'><strong>viverent,</strong></span> <span class='ocrx_word' id='word_1_25' title='bbox 513 265 594 292; x_wconf 79' lang='lat' dir='ltr'><strong>ambo</strong></span> <span class='ocrx_word' id='word_1_26' title='bbox 608 265 800 292; x_wconf 82' lang='lat' dir='ltr'><strong>instaurationi</strong></span> <span class='ocrx_word' id='word_1_27' title='bbox 821 265 914 300; x_wconf 86' lang='lat' dir='ltr'><strong>templi</strong></span> <span class='ocrx_word' id='word_1_28' title='bbox 941 264 1060 299; x_wconf 65' lang='lat' dir='ltr'><strong>praefue-</strong></span> 
     </span>
    </p>
   </div>
   <div class='ocr_carea' id='block_1_7' title="bbox 274 310 1060 347">
    <p class='ocr_par' dir='ltr' id='par_1_7' title="bbox 274 310 1060 347">
     <span class='ocr_line' id='line_1_7' title="bbox 274 310 1060 347; baseline -0.004 -8"><span class='ocrx_word' id='word_1_29' title='bbox 274 316 349 345; x_wconf 79' lang='lat' dir='ltr'><strong>runt,</strong></span> <span class='ocrx_word' id='word_1_30' title='bbox 367 310 515 347; x_wconf 67' lang='lat' dir='ltr'><strong>prophetiae</strong></span> <span class='ocrx_word' id='word_1_31' title='bbox 541 317 641 337; x_wconf 91' lang='lat' dir='ltr'><strong>munus</strong></span> <span class='ocrx_word' id='word_1_32' title='bbox 658 310 766 336; x_wconf 77' lang='lat' dir='ltr'><strong>interim</strong></span> <span class='ocrx_word' id='word_1_33' title='bbox 791 310 984 337; x_wconf 80' lang='lat' dir='ltr'><strong>exercentibus</strong></span> <span class='ocrx_word' id='word_1_34' title='bbox 1005 310 1060 345; x_wconf 77' lang='lat' dir='ltr'><strong>Ag-</strong></span> 
     </span>
    </p>
   </div>
   <div class='ocr_carea' id='block_1_8' title="bbox 273 355 1060 395">
    <p class='ocr_par' dir='ltr' id='par_1_8' title="bbox 273 355 1060 395">
     <span class='ocr_line' id='line_1_8' title="bbox 273 355 1060 395; baseline -0.001 -10"><span class='ocrx_word' id='word_1_35' title='bbox 273 366 332 395; x_wconf 68' lang='lat' dir='ltr'><strong>gaeo</strong></span> <span class='ocrx_word' id='word_1_36' title='bbox 345 362 372 386; x_wconf 90' lang='lat' dir='ltr'><strong>et</strong></span> <span class='ocrx_word' id='word_1_37' title='bbox 385 357 528 389; x_wconf 83' lang='lat' dir='ltr'><strong>Zacharia,</strong></span> <span class='ocrx_word' id='word_1_38' title='bbox 543 361 603 391; x_wconf 90' lang='lat' dir='ltr'><strong>post</strong></span> <span class='ocrx_word' id='word_1_39' title='bbox 615 363 684 391; x_wconf 79' lang='lat' dir='ltr'><strong>quos</strong></span> <span class='ocrx_word' id='word_1_40' title='bbox 698 355 800 384; x_wconf 84' lang='lat' dir='ltr'><strong>Esdras</strong></span> <span class='ocrx_word' id='word_1_41' title='bbox 820 361 846 383; x_wconf 90' lang='lat' dir='ltr'><strong>et</strong></span> <span class='ocrx_word' id='word_1_42' title='bbox 866 355 1012 384; x_wconf 82' lang='lat' dir='ltr'><strong>Nelremias</strong></span> <span class='ocrx_word' id='word_1_43' title='bbox 1026 356 1060 384; x_wconf 87' lang='lat' dir='ltr'><strong>de</strong></span> 
     </span>
    </p>
   </div>
   <div class='ocr_carea' id='block_1_9' title="bbox 273 401 1061 440">
    <p class='ocr_par' dir='ltr' id='par_1_9' title="bbox 273 401 1061 440">
     <span class='ocr_line' id='line_1_9' title="bbox 273 401 1061 440; baseline -0.004 -8"><span class='ocrx_word' id='word_1_44' title='bbox 273 405 410 440; x_wconf 81' lang='lat' dir='ltr'><strong>Babylone</strong></span> <span class='ocrx_word' id='word_1_45' title='bbox 430 403 523 430; x_wconf 88' lang='lat' dir='ltr'><strong>itidem</strong></span> <span class='ocrx_word' id='word_1_46' title='bbox 549 401 663 431; x_wconf 83' lang='lat' dir='ltr'><strong>reversi.</strong></span> <span class='ocrx_word' id='word_1_47' title='bbox 680 409 789 428; x_wconf 92' lang='lat' dir='ltr'><strong>murum</strong></span> <span class='ocrx_word' id='word_1_48' title='bbox 821 402 1061 430; x_wconf 81' lang='lat' dir='ltr'><strong>circumdederunt</strong></span> 
     </span>
    </p>
   </div>
   <div class='ocr_carea' id='block_1_10' title="bbox 273 448 1060 482">
    <p class='ocr_par' dir='ltr' id='par_1_10' title="bbox 273 448 1060 482">
     <span class='ocr_line' id='line_1_10' title="bbox 273 448 1060 482; baseline -0.004 -5"><span class='ocrx_word' id='word_1_49' title='bbox 273 450 389 478; x_wconf 83' lang='lat' dir='ltr'><strong>civitati.</strong></span> <span class='ocrx_word' id='word_1_50' title='bbox 419 448 498 475; x_wconf 88' lang='lat' dir='ltr'><strong>Tunc</strong></span> <span class='ocrx_word' id='word_1_51' title='bbox 527 453 617 477; x_wconf 81' lang='lat' dir='ltr'><strong>autem</strong></span> <span class='ocrx_word' id='word_1_52' title='bbox 641 448 828 482; x_wconf 79' lang='lat' dir='ltr'><strong>pontificatum</strong></span> <span class='ocrx_word' id='word_1_53' title='bbox 852 448 1060 475; x_wconf 79' lang='lat' dir='ltr'><strong>administrabat</strong></span> 
     </span>
    </p>
   </div>
   <div class='ocr_carea' id='block_1_11' title="bbox 271 493 1060 529">
    <p class='ocr_par' dir='ltr' id='par_1_11' title="bbox 271 493 1060 529">
     <span class='ocr_line' id='line_1_11' title="bbox 271 493 1060 529; baseline 0 -7"><span class='ocrx_word' id='word_1_54' title='bbox 271 494 409 527; x_wconf 73' lang='lat' dir='ltr'><strong>Joachim,</strong></span> <span class='ocrx_word' id='word_1_55' title='bbox 423 494 470 526; x_wconf 82' lang='lat' dir='ltr'><strong>qui</strong></span> <span class='ocrx_word' id='word_1_56' title='bbox 491 493 555 520; x_wconf 84' lang='lat' dir='ltr'><strong>Jesu</strong></span> <span class='ocrx_word' id='word_1_57' title='bbox 569 493 616 520; x_wconf 91' lang='lat' dir='ltr'><strong>ﬁlii</strong></span> <span class='ocrx_word' id='word_1_58' title='bbox 640 493 756 521; x_wconf 83' lang='lat' dir='ltr'><strong>Josedec</strong></span> <span class='ocrx_word' id='word_1_59' title='bbox 784 493 856 521; x_wconf 89' lang='lat' dir='ltr'><strong>ﬁlius</strong></span> <span class='ocrx_word' id='word_1_60' title='bbox 885 494 982 525; x_wconf 87' lang='lat' dir='ltr'><strong>fuerat,</strong></span> <span class='ocrx_word' id='word_1_61' title='bbox 998 499 1060 529; x_wconf 88' lang='lat' dir='ltr'><strong>post</strong></span> 
     </span>
    </p>
   </div>
   <div class='ocr_carea' id='block_1_12' title="bbox 273 539 1062 578">
    <p class='ocr_par' dir='ltr' id='par_1_12' title="bbox 273 539 1062 578">
     <span class='ocr_line' id='line_1_12' title="bbox 273 539 1062 578; baseline -0.004 -9"><span class='ocrx_word' id='word_1_62' title='bbox 273 550 354 578; x_wconf 86' lang='lat' dir='ltr'><strong>quem</strong></span> <span class='ocrx_word' id='word_1_63' title='bbox 371 542 505 569; x_wconf 87' lang='lat' dir='ltr'><strong>successit</strong></span> <span class='ocrx_word' id='word_1_64' title='bbox 521 541 641 574; x_wconf 81' lang='lat' dir='ltr'><strong>Eliasib;</strong></span> <span class='ocrx_word' id='word_1_65' title='bbox 661 541 759 568; x_wconf 86' lang='lat' dir='ltr'><strong>deinde</strong></span> <span class='ocrx_word' id='word_1_66' title='bbox 774 539 870 572; x_wconf 83' lang='lat' dir='ltr'><strong>Jodae,</strong></span> <span class='ocrx_word' id='word_1_67' title='bbox 885 548 966 575; x_wconf 83' lang='lat' dir='ltr'><strong>quem</strong></span> <span class='ocrx_word' id='word_1_68' title='bbox 981 547 1062 566; x_wconf 85' lang='lat' dir='ltr'><strong>secu-</strong></span> 
     </span>
    </p>
   </div>
   <div class='ocr_carea' id='block_1_13' title="bbox 274 585 1060 621">
    <p class='ocr_par' dir='ltr' id='par_1_13' title="bbox 274 585 1060 621">
     <span class='ocr_line' id='line_1_13' title="bbox 274 585 1060 621; baseline -0.004 -6"><span class='ocrx_word' id='word_1_69' title='bbox 274 591 319 615; x_wconf 88' lang='lat' dir='ltr'><strong>tus</strong></span> <span class='ocrx_word' id='word_1_70' title='bbox 342 591 385 614; x_wconf 83' lang='lat' dir='ltr'><strong>est</strong></span> <span class='ocrx_word' id='word_1_71' title='bbox 404 586 555 619; x_wconf 80' lang='lat' dir='ltr'><strong>Jonathas;</strong></span> <span class='ocrx_word' id='word_1_72' title='bbox 582 587 654 613; x_wconf 87' lang='lat' dir='ltr'><strong>hunc</strong></span> <span class='ocrx_word' id='word_1_73' title='bbox 684 586 791 621; x_wconf 79' lang='lat' dir='ltr'><strong>excepit</strong></span> <span class='ocrx_word' id='word_1_74' title='bbox 813 585 927 613; x_wconf 75' lang='lat' dir='ltr'><strong>Jadtlus.</strong></span> <span class='ocrx_word' id='word_1_75' title='bbox 957 585 1060 613; x_wconf 83' lang='lat' dir='ltr'><strong>liorum</strong></span> 
     </span>
    </p>
   </div>
   <div class='ocr_carea' id='block_1_14' title="bbox 273 630 1062 667">
    <p class='ocr_par' dir='ltr' id='par_1_14' title="bbox 273 630 1062 667">
     <span class='ocr_line' id='line_1_14' title="bbox 273 630 1062 667; baseline -0.001 -7"><span class='ocrx_word' id='word_1_76' title='bbox 273 634 356 660; x_wconf 80' lang='lat' dir='ltr'><strong>etiam</strong></span> <span class='ocrx_word' id='word_1_77' title='bbox 373 632 443 667; x_wconf 86' lang='lat' dir='ltr'><strong>apud</strong></span> <span class='ocrx_word' id='word_1_78' title='bbox 463 631 577 659; x_wconf 80' lang='lat' dir='ltr'><strong>Esdram</strong></span> <span class='ocrx_word' id='word_1_79' title='bbox 592 633 621 659; x_wconf 88' lang='lat' dir='ltr'><strong>lit</strong></span> <span class='ocrx_word' id='word_1_80' title='bbox 630 632 742 662; x_wconf 86' lang='lat' dir='ltr'><strong>mentio,</strong></span> <span class='ocrx_word' id='word_1_81' title='bbox 755 632 798 659; x_wconf 89' lang='lat' dir='ltr'><strong>his</strong></span> <span class='ocrx_word' id='word_1_82' title='bbox 813 631 902 659; x_wconf 77' lang='lat' dir='ltr'><strong>verbis</strong></span> <span class='ocrx_word' id='word_1_83' title='bbox 916 641 922 658; x_wconf 85' lang='lat'><strong>:</strong></span> <span class='ocrx_word' id='word_1_84' title='bbox 941 641 950 656; x_wconf 78' lang='grc' dir='ltr'><strong>ι</strong></span> <span class='ocrx_word' id='word_1_85' title='bbox 969 631 1002 657; x_wconf 85' lang='lat' dir='ltr'><strong>Et</strong></span> <span class='ocrx_word' id='word_1_86' title='bbox 1014 630 1062 659; x_wconf 79' lang='lat' dir='ltr'><strong>Je-</strong></span> 
     </span>
    </p>
   </div>
   <div class='ocr_carea' id='block_1_15' title="bbox 273 676 1061 712">
    <p class='ocr_par' dir='ltr' id='par_1_15' title="bbox 273 676 1061 712">
     <span class='ocr_line' id='line_1_15' title="bbox 273 676 1061 712; baseline -0.003 -7"><span class='ocrx_word' id='word_1_87' title='bbox 273 685 321 706; x_wconf 84' lang='lat' dir='ltr'><strong>sus</strong></span> <span class='ocrx_word' id='word_1_88' title='bbox 340 678 433 712; x_wconf 73' lang='lat' dir='ltr'><strong>genuit</strong></span> <span class='ocrx_word' id='word_1_89' title='bbox 445 676 582 709; x_wconf 77' lang='lat' dir='ltr'><strong>Joachim,</strong></span> <span class='ocrx_word' id='word_1_90' title='bbox 599 681 626 704; x_wconf 91' lang='lat' dir='ltr'><strong>et</strong></span> <span class='ocrx_word' id='word_1_91' title='bbox 652 676 776 704; x_wconf 73' lang='lat' dir='ltr'><strong>Joathim</strong></span> <span class='ocrx_word' id='word_1_92' title='bbox 793 677 885 712; x_wconf 77' lang='lat' dir='ltr'><strong>genuit</strong></span> <span class='ocrx_word' id='word_1_93' title='bbox 901 676 1014 709; x_wconf 86' lang='lat' dir='ltr'><strong>Eliasib,</strong></span> <span class='ocrx_word' id='word_1_94' title='bbox 1033 681 1061 703; x_wconf 85' lang='lat' dir='ltr'><strong>et</strong></span> 
     </span>
    </p>
   </div>
   <div class='ocr_carea' id='block_1_16' title="bbox 273 721 1085 758">
    <p class='ocr_par' dir='ltr' id='par_1_16' title="bbox 273 721 1085 758">
     <span class='ocr_line' id='line_1_16' title="bbox 273 721 1085 758; baseline 0 -8"><span class='ocrx_word' id='word_1_95' title='bbox 273 723 376 750; x_wconf 80' lang='lat' dir='ltr'><strong>Eliasih</strong></span> <span class='ocrx_word' id='word_1_96' title='bbox 397 723 492 758; x_wconf 81' lang='lat' dir='ltr'><strong>genuit</strong></span> <span class='ocrx_word' id='word_1_97' title='bbox 511 721 607 753; x_wconf 78' lang='lat' dir='ltr'><strong>Jodae,</strong></span> <span class='ocrx_word' id='word_1_98' title='bbox 621 728 646 750; x_wconf 89' lang='lat' dir='ltr'><strong>et</strong></span> <span class='ocrx_word' id='word_1_99' title='bbox 659 721 743 750; x_wconf 79' lang='lat' dir='ltr'><strong>Jodae</strong></span> <span class='ocrx_word' id='word_1_100' title='bbox 765 723 858 758; x_wconf 75' lang='lat' dir='ltr'><strong>genuit</strong></span> <span class='ocrx_word' id='word_1_101' title='bbox 871 722 1018 754; x_wconf 83' lang='lat' dir='ltr'><strong>Jonathan,</strong></span> <span class='ocrx_word' id='word_1_102' title='bbox 1033 727 1061 750; x_wconf 90' lang='lat' dir='ltr'><strong>et</strong></span> <span class='ocrx_word' id='word_1_103' title='bbox 1082 732 1085 735; x_wconf 92' lang='grc'>·</span> 
     </span>
    </p>
   </div>
   <div class='ocr_carea' id='block_1_17' title="bbox 271 767 1060 804">
    <p class='ocr_par' dir='ltr' id='par_1_17' title="bbox 271 767 1060 804">
     <span class='ocr_line' id='line_1_17' title="bbox 271 767 1060 804; baseline -0.001 -7"><span class='ocrx_word' id='word_1_104' title='bbox 271 768 407 797; x_wconf 76' lang='lat' dir='ltr'><strong>Jonathan</strong></span> <span class='ocrx_word' id='word_1_105' title='bbox 422 770 515 804; x_wconf 76' lang='lat' dir='ltr'><strong>genuit</strong></span> <span class='ocrx_word' id='word_1_106' title='bbox 527 768 685 796; x_wconf 76' lang='lat' dir='ltr'><strong>Jaddum“.</strong></span> <span class='ocrx_word' id='word_1_107' title='bbox 702 778 712 794; x_wconf 77' lang='grc' dir='ltr'><strong>ι</strong></span> <span class='ocrx_word' id='word_1_108' title='bbox 728 767 862 803; x_wconf 85' lang='lat' dir='ltr'><strong>Tempore</strong></span> <span class='ocrx_word' id='word_1_109' title='bbox 872 773 962 796; x_wconf 78' lang='lat' dir='ltr'><strong>autem</strong></span> <span class='ocrx_word' id='word_1_110' title='bbox 978 768 1060 803; x_wconf 87' lang='lat' dir='ltr'><strong>hujus</strong></span> 
     </span>
    </p>
   </div>
   <div class='ocr_carea' id='block_1_18' title="bbox 271 815 1060 848">
    <p class='ocr_par' dir='ltr' id='par_1_18' title="bbox 271 815 1060 848">
     <span class='ocr_line' id='line_1_18' title="bbox 271 815 1060 848; baseline -0.003 -5"><span class='ocrx_word' id='word_1_111' title='bbox 271 815 371 847; x_wconf 70' lang='lat' dir='ltr'><strong>Jaddu,</strong></span> <span class='ocrx_word' id='word_1_112' title='bbox 387 816 541 843; x_wconf 89' lang='lat' dir='ltr'><strong>Alexander</strong></span> <span class='ocrx_word' id='word_1_113' title='bbox 552 815 663 843; x_wconf 74' lang='lat' dir='ltr'><strong>Macedo</strong></span> <span class='ocrx_word' id='word_1_114' title='bbox 676 815 868 842; x_wconf 84' lang='lat' dir='ltr'><strong>Alexandriam</strong></span> <span class='ocrx_word' id='word_1_115' title='bbox 882 815 1014 848; x_wconf 81' lang='lat' dir='ltr'><strong>condidit,</strong></span> <span class='ocrx_word' id='word_1_116' title='bbox 1031 818 1060 842; x_wconf 86' lang='lat' dir='ltr'><strong>ut</strong></span> 
     </span>
    </p>
   </div>
   <div class='ocr_carea' id='block_1_19' title="bbox 271 861 1060 897">
    <p class='ocr_par' dir='ltr' id='par_1_19' title="bbox 271 861 1060 897">
     <span class='ocr_line' id='line_1_19' title="bbox 271 861 1060 897; baseline -0.001 -8"><span class='ocrx_word' id='word_1_117' title='bbox 271 861 410 897; x_wconf 64' lang='lat' dir='ltr'><strong>Iosephus</strong></span> <span class='ocrx_word' id='word_1_118' title='bbox 423 863 556 896; x_wconf 87' lang='lat' dir='ltr'><strong>scriptum</strong></span> <span class='ocrx_word' id='word_1_119' title='bbox 576 862 698 895; x_wconf 81' lang='lat' dir='ltr'><strong>reliquit,</strong></span> <span class='ocrx_word' id='word_1_120' title='bbox 712 865 739 888; x_wconf 87' lang='lat' dir='ltr'><strong>et</strong></span> <span class='ocrx_word' id='word_1_121' title='bbox 755 861 942 896; x_wconf 78' lang='lat' dir='ltr'><strong>Hierosolyma</strong></span> <span class='ocrx_word' id='word_1_122' title='bbox 954 861 1060 896; x_wconf 81' lang='lat' dir='ltr'><strong>ingres—</strong></span> 
     </span>
    </p>
   </div>
   <div class='ocr_carea' id='block_1_20' title="bbox 273 907 1060 935">
    <p class='ocr_par' dir='ltr' id='par_1_20' title="bbox 273 907 1060 935">
     <span class='ocr_line' id='line_1_20' title="bbox 273 907 1060 935; baseline -0.001 -1"><span class='ocrx_word' id='word_1_123' title='bbox 273 915 321 935; x_wconf 83' lang='lat' dir='ltr'><strong>sus</strong></span> <span class='ocrx_word' id='word_1_124' title='bbox 335 907 419 934; x_wconf 75' lang='lat' dir='ltr'><strong>Deum</strong></span> <span class='ocrx_word' id='word_1_125' title='bbox 436 907 571 934; x_wconf 75' lang='lat' dir='ltr'><strong>adoravit.</strong></span> <span class='ocrx_word' id='word_1_126' title='bbox 588 907 711 934; x_wconf 78' lang='lat' dir='ltr'><strong>Mortuus</strong></span> <span class='ocrx_word' id='word_1_127' title='bbox 728 911 770 934; x_wconf 87' lang='lat' dir='ltr'><strong>est</strong></span> <span class='ocrx_word' id='word_1_128' title='bbox 790 912 880 934; x_wconf 88' lang='lat' dir='ltr'><strong>autem</strong></span> <span class='ocrx_word' id='word_1_129' title='bbox 907 907 1060 934; x_wconf 79' lang='lat' dir='ltr'><strong>Alexander</strong></span> 
     </span>
    </p>
   </div>
   <div class='ocr_carea' id='block_1_21' title="bbox 272 951 1058 986">
    <p class='ocr_par' dir='ltr' id='par_1_21' title="bbox 272 951 1058 986">
     <span class='ocr_line' id='line_1_21' title="bbox 272 951 1058 986; baseline 0 -8"><span class='ocrx_word' id='word_1_130' title='bbox 272 952 384 979; x_wconf 74' lang='lat' dir='ltr'><strong>ineunte</strong></span> <span class='ocrx_word' id='word_1_131' title='bbox 408 953 558 979; x_wconf 82' lang='lat' dir='ltr'><strong>centesima</strong></span> <span class='ocrx_word' id='word_1_132' title='bbox 587 956 614 979; x_wconf 89' lang='lat' dir='ltr'><strong>et</strong></span> <span class='ocrx_word' id='word_1_133' title='bbox 637 956 735 986; x_wconf 83' lang='lat' dir='ltr'><strong>quarta</strong></span> <span class='ocrx_word' id='word_1_134' title='bbox 760 951 866 978; x_wconf 74' lang='lat' dir='ltr'><strong>decima</strong></span> <span class='ocrx_word' id='word_1_135' title='bbox 895 951 1058 986; x_wconf 79' lang='lat' dir='ltr'><strong>Olympiade,</strong></span> 
     </span>
    </p>
   </div>
   <div class='ocr_carea' id='block_1_22' title="bbox 273 995 1059 1033">
    <p class='ocr_par' dir='ltr' id='par_1_22' title="bbox 273 995 1059 1033">
     <span class='ocr_line' id='line_1_22' title="bbox 273 995 1059 1033; baseline -0.003 -9"><span class='ocrx_word' id='word_1_136' title='bbox 273 1002 335 1033; x_wconf 83' lang='lat' dir='ltr'><strong>post</strong></span> <span class='ocrx_word' id='word_1_137' title='bbox 351 998 452 1033; x_wconf 80' lang='lat' dir='ltr'><strong>Cyrum</strong></span> <span class='ocrx_word' id='word_1_138' title='bbox 467 997 594 1024; x_wconf 80' lang='lat' dir='ltr'><strong>ducentis</strong></span> <span class='ocrx_word' id='word_1_139' title='bbox 623 997 733 1032; x_wconf 75' lang='lat' dir='ltr'><strong>triginta</strong></span> <span class='ocrx_word' id='word_1_140' title='bbox 755 1005 803 1023; x_wconf 87' lang='lat' dir='ltr'><strong>sex</strong></span> <span class='ocrx_word' id='word_1_141' title='bbox 819 997 910 1028; x_wconf 84' lang='lat' dir='ltr'><strong>annis,</strong></span> <span class='ocrx_word' id='word_1_142' title='bbox 926 997 971 1030; x_wconf 88' lang='lat' dir='ltr'><strong>qui</strong></span> <span class='ocrx_word' id='word_1_143' title='bbox 988 995 1059 1030; x_wconf 86' lang='lat' dir='ltr'><strong>apud</strong></span> 
     </span>
    </p>
   </div>
   <div class='ocr_carea' id='block_1_23' title="bbox 272 1042 1060 1078">
    <p class='ocr_par' dir='ltr' id='par_1_23' title="bbox 272 1042 1060 1078">
     <span class='ocr_line' id='line_1_23' title="bbox 272 1042 1060 1078; baseline -0.003 -8"><span class='ocrx_word' id='word_1_144' title='bbox 272 1043 372 1071; x_wconf 80' lang='lat' dir='ltr'><strong>Persas</strong></span> <span class='ocrx_word' id='word_1_145' title='bbox 393 1051 509 1078; x_wconf 74' lang='lat' dir='ltr'><strong>regnare</strong></span> <span class='ocrx_word' id='word_1_146' title='bbox 531 1043 615 1078; x_wconf 73' lang='lat' dir='ltr'><strong>cmpit</strong></span> <span class='ocrx_word' id='word_1_147' title='bbox 645 1044 756 1070; x_wconf 87' lang='lat' dir='ltr'><strong>ineunte</strong></span> <span class='ocrx_word' id='word_1_148' title='bbox 783 1042 937 1078; x_wconf 82' lang='lat' dir='ltr'><strong>olynlpiadc</strong></span> <span class='ocrx_word' id='word_1_149' title='bbox 965 1042 1060 1076; x_wconf 81' lang='lat' dir='ltr'><strong>quinta</strong></span> 
     </span>
    </p>
   </div>
   <div class='ocr_carea' id='block_1_24' title="bbox 273 1087 1059 1124">
    <p class='ocr_par' dir='ltr' id='par_1_24' title="bbox 273 1087 1059 1124">
     <span class='ocr_line' id='line_1_24' title="bbox 273 1087 1059 1124; baseline -0.004 -8"><span class='ocrx_word' id='word_1_150' title='bbox 273 1097 354 1124; x_wconf 80' lang='lat' dir='ltr'><strong>supra</strong></span> <span class='ocrx_word' id='word_1_151' title='bbox 371 1089 618 1124; x_wconf 69' lang='lat' dir='ltr'><strong>quadragesimum.</strong></span> <span class='ocrx_word' id='word_1_152' title='bbox 631 1089 694 1117; x_wconf 88' lang='lat' dir='ltr'><strong>Post</strong></span> <span class='ocrx_word' id='word_1_153' title='bbox 708 1093 822 1116; x_wconf 85' lang='lat' dir='ltr'><strong>mortem</strong></span> <span class='ocrx_word' id='word_1_154' title='bbox 839 1096 903 1116; x_wconf 74' lang='lat' dir='ltr'><strong>vero</strong></span> <span class='ocrx_word' id='word_1_155' title='bbox 913 1087 1059 1114; x_wconf 84' lang='lat' dir='ltr'><strong>Alexandri</strong></span> 
     </span>
    </p>
   </div>
   <div class='ocr_carea' id='block_1_25' title="bbox 273 1133 1060 1170">
    <p class='ocr_par' dir='ltr' id='par_1_25' title="bbox 273 1133 1060 1170">
     <span class='ocr_line' id='line_1_25' title="bbox 273 1133 1060 1170; baseline -0.004 -8"><span class='ocrx_word' id='word_1_156' title='bbox 273 1135 478 1166; x_wconf 81' lang='lat' dir='ltr'><strong>Macedonis,et</strong></span> <span class='ocrx_word' id='word_1_157' title='bbox 497 1139 557 1169; x_wconf 88' lang='lat' dir='ltr'><strong>post</strong></span> <span class='ocrx_word' id='word_1_158' title='bbox 578 1143 660 1169; x_wconf 83' lang='lat' dir='ltr'><strong>quem</strong></span> <span class='ocrx_word' id='word_1_159' title='bbox 676 1135 797 1170; x_wconf 78' lang='lat' dir='ltr'><strong>proxime</strong></span> <span class='ocrx_word' id='word_1_160' title='bbox 811 1134 930 1161; x_wconf 82' lang='lat' dir='ltr'><strong>diximus</strong></span> <span class='ocrx_word' id='word_1_161' title='bbox 950 1133 1060 1168; x_wconf 79' lang='lat' dir='ltr'><strong>pontiﬁ~</strong></span> 
     </span>
    </p>
   </div>
   <div class='ocr_carea' id='block_1_26' title="bbox 273 1180 1059 1216">
    <p class='ocr_par' dir='ltr' id='par_1_26' title="bbox 273 1180 1059 1216">
     <span class='ocr_line' id='line_1_26' title="bbox 273 1180 1059 1216; baseline -0.003 -8"><span class='ocrx_word' id='word_1_162' title='bbox 273 1190 343 1213; x_wconf 78' lang='lat' dir='ltr'><strong>rem,</strong></span> <span class='ocrx_word' id='word_1_163' title='bbox 358 1181 442 1208; x_wconf 78' lang='lat' dir='ltr'><strong>Onias</strong></span> <span class='ocrx_word' id='word_1_164' title='bbox 465 1181 522 1215; x_wconf 89' lang='lat' dir='ltr'><strong>ipse</strong></span> <span class='ocrx_word' id='word_1_165' title='bbox 534 1188 643 1216; x_wconf 84' lang='lat' dir='ltr'><strong>quoque</strong></span> <span class='ocrx_word' id='word_1_166' title='bbox 665 1181 838 1216; x_wconf 88' lang='lat' dir='ltr'><strong>pontificatus</strong></span> <span class='ocrx_word' id='word_1_167' title='bbox 850 1180 952 1206; x_wconf 86' lang='lat' dir='ltr'><strong>honore</strong></span> <span class='ocrx_word' id='word_1_168' title='bbox 964 1187 1059 1207; x_wconf 75' lang='lat' dir='ltr'><strong>susce-</strong></span> 
     </span>
    </p>
   </div>
   <div class='ocr_carea' id='block_1_27' title="bbox 272 1222 1059 1262">
    <p class='ocr_par' dir='ltr' id='par_1_27' title="bbox 272 1222 1059 1262">
     <span class='ocr_line' id='line_1_27' title="bbox 272 1222 1059 1262; baseline -0.001 -9"><span class='ocrx_word' id='word_1_169' title='bbox 272 1233 330 1262; x_wconf 76' lang='lat' dir='ltr'><strong>pio,</strong></span> <span class='ocrx_word' id='word_1_170' title='bbox 344 1227 416 1262; x_wconf 76' lang='lat' dir='ltr'><strong>genti</strong></span> <span class='ocrx_word' id='word_1_171' title='bbox 434 1226 542 1262; x_wconf 66' lang='lat' dir='ltr'><strong>praefuit</strong></span> <span class='ocrx_word' id='word_1_172' title='bbox 557 1237 562 1254; x_wconf 90' lang='lat'>:</span> <span class='ocrx_word' id='word_1_173' title='bbox 575 1227 656 1260; x_wconf 78' lang='lat' dir='ltr'><strong>cujus</strong></span> <span class='ocrx_word' id='word_1_174' title='bbox 667 1226 836 1260; x_wconf 82' lang='lat' dir='ltr'><strong>temporibus</strong></span> <span class='ocrx_word' id='word_1_175' title='bbox 851 1233 913 1252; x_wconf 89' lang='lat' dir='ltr'><strong>cum</strong></span> <span class='ocrx_word' id='word_1_176' title='bbox 928 1222 1059 1252; x_wconf 83' lang='lat' dir='ltr'><strong>Seleucus</strong></span> 
     </span>
    </p>
   </div>
   <div class='ocr_carea' id='block_1_28' title="bbox 272 1271 1058 1310">
    <p class='ocr_par' dir='ltr' id='par_1_28' title="bbox 272 1271 1058 1310">
     <span class='ocr_line' id='line_1_28' title="bbox 272 1271 1058 1310; baseline -0.004 -10"><span class='ocrx_word' id='word_1_177' title='bbox 272 1273 436 1310; x_wconf 68' lang='lat' dir='ltr'><strong>Babylonem</strong></span> <span class='ocrx_word' id='word_1_178' title='bbox 451 1273 580 1307; x_wconf 87' lang='lat' dir='ltr'><strong>cepisset,</strong></span> <span class='ocrx_word' id='word_1_179' title='bbox 595 1273 666 1300; x_wconf 64' lang='lat' dir='ltr'><strong>Asia:</strong></span> <span class='ocrx_word' id='word_1_180' title='bbox 685 1272 740 1299; x_wconf 87' lang='lat' dir='ltr'><strong>sibi</strong></span> <span class='ocrx_word' id='word_1_181' title='bbox 764 1271 888 1299; x_wconf 89' lang='lat' dir='ltr'><strong>diadema</strong></span> <span class='ocrx_word' id='word_1_182' title='bbox 903 1271 1058 1298; x_wconf 79' lang='lat' dir='ltr'><strong>circumde-</strong></span> 
     </span>
    </p>
   </div>
   <div class='ocr_carea' id='block_1_29' title="bbox 272 1316 1058 1352">
    <p class='ocr_par' dir='ltr' id='par_1_29' title="bbox 272 1316 1058 1352">
     <span class='ocr_line' id='line_1_29' title="bbox 272 1316 1058 1352; baseline -0.004 -7"><span class='ocrx_word' id='word_1_183' title='bbox 272 1318 322 1349; x_wconf 73' lang='lat' dir='ltr'><strong>dit.</strong></span> <span class='ocrx_word' id='word_1_184' title='bbox 338 1326 410 1345; x_wconf 87' lang='lat' dir='ltr'><strong>anno</strong></span> <span class='ocrx_word' id='word_1_185' title='bbox 424 1321 485 1352; x_wconf 90' lang='lat' dir='ltr'><strong>post</strong></span> <span class='ocrx_word' id='word_1_186' title='bbox 506 1317 654 1344; x_wconf 79' lang='lat' dir='ltr'><strong>Alexandri</strong></span> <span class='ocrx_word' id='word_1_187' title='bbox 678 1322 792 1344; x_wconf 89' lang='lat' dir='ltr'><strong>mortem</strong></span> <span class='ocrx_word' id='word_1_188' title='bbox 817 1316 988 1343; x_wconf 85' lang='lat' dir='ltr'><strong>duodecimo.</strong></span> <span class='ocrx_word' id='word_1_189' title='bbox 1017 1316 1058 1342; x_wconf 80' lang='lat' dir='ltr'><strong>Ad</strong></span> 
     </span>
    </p>
   </div>
   <div class='ocr_carea' id='block_1_30' title="bbox 272 1363 1058 1399">
    <p class='ocr_par' dir='ltr' id='par_1_30' title="bbox 272 1363 1058 1399">
     <span class='ocr_line' id='line_1_30' title="bbox 272 1363 1058 1399; baseline -0.004 -8"><span class='ocrx_word' id='word_1_190' title='bbox 272 1371 353 1399; x_wconf 87' lang='lat' dir='ltr'><strong>quem</strong></span> <span class='ocrx_word' id='word_1_191' title='bbox 367 1372 382 1390; x_wconf 89' lang='lat' dir='ltr'><strong>a</strong></span> <span class='ocrx_word' id='word_1_192' title='bbox 400 1364 472 1399; x_wconf 72' lang='lat' dir='ltr'><strong>Cyro</strong></span> <span class='ocrx_word' id='word_1_193' title='bbox 484 1363 692 1398; x_wconf 84' lang='lat' dir='ltr'><strong>incipientibus,</strong></span> <span class='ocrx_word' id='word_1_194' title='bbox 705 1363 795 1390; x_wconf 87' lang='lat' dir='ltr'><strong>omnis</strong></span> <span class='ocrx_word' id='word_1_195' title='bbox 810 1363 940 1397; x_wconf 87' lang='lat' dir='ltr'><strong>temporis</strong></span> <span class='ocrx_word' id='word_1_196' title='bbox 952 1370 1058 1389; x_wconf 77' lang='lat' dir='ltr'><strong>summa</strong></span> 
     </span>
    </p>
   </div>
   <div class='ocr_carea' id='block_1_31' title="bbox 273 1409 1056 1444">
    <p class='ocr_par' dir='ltr' id='par_1_31' title="bbox 273 1409 1056 1444">
     <span class='ocr_line' id='line_1_31' title="bbox 273 1409 1056 1444; baseline -0.001 -8"><span class='ocrx_word' id='word_1_197' title='bbox 273 1418 406 1437; x_wconf 83' lang='lat' dir='ltr'><strong>annorum</strong></span> <span class='ocrx_word' id='word_1_198' title='bbox 431 1410 610 1437; x_wconf 73' lang='lat' dir='ltr'><strong>ducentorum</strong></span> <span class='ocrx_word' id='word_1_199' title='bbox 632 1409 812 1444; x_wconf 82' lang='lat' dir='ltr'><strong>quadraginta</strong></span> <span class='ocrx_word' id='word_1_200' title='bbox 829 1413 891 1435; x_wconf 78' lang='lat' dir='ltr'><strong>octo</strong></span> <span class='ocrx_word' id='word_1_201' title='bbox 911 1409 1056 1443; x_wconf 81' lang='lat' dir='ltr'><strong>colligitur.</strong></span> 
     </span>
    </p>
   </div>
   <div class='ocr_carea' id='block_1_32' title="bbox 272 1454 1059 1490">
    <p class='ocr_par' dir='ltr' id='par_1_32' title="bbox 272 1454 1059 1490">
     <span class='ocr_line' id='line_1_32' title="bbox 272 1454 1059 1490; baseline -0.001 -8"><span class='ocrx_word' id='word_1_202' title='bbox 272 1456 314 1482; x_wconf 84' lang='lat' dir='ltr'><strong>Ab</strong></span> <span class='ocrx_word' id='word_1_203' title='bbox 330 1456 382 1483; x_wconf 89' lang='lat' dir='ltr'><strong>hoc</strong></span> <span class='ocrx_word' id='word_1_204' title='bbox 397 1456 456 1490; x_wconf 78' lang='lat' dir='ltr'><strong>ipso</strong></span> <span class='ocrx_word' id='word_1_205' title='bbox 472 1461 593 1490; x_wconf 83' lang='lat' dir='ltr'><strong>tempOre</strong></span> <span class='ocrx_word' id='word_1_206' title='bbox 613 1454 770 1482; x_wconf 69' lang='lat' dir='ltr'><strong>Graecorum</strong></span> <span class='ocrx_word' id='word_1_207' title='bbox 786 1462 897 1489; x_wconf 72' lang='lat' dir='ltr'><strong>regnum</strong></span> <span class='ocrx_word' id='word_1_208' title='bbox 914 1462 1059 1481; x_wconf 84' lang='lat' dir='ltr'><strong>numerare</strong></span> 
     </span>
    </p>
   </div>
   <div class='ocr_carea' id='block_1_33' title="bbox 273 1500 1060 1536">
    <p class='ocr_par' dir='ltr' id='par_1_33' title="bbox 273 1500 1060 1536">
     <span class='ocr_line' id='line_1_33' title="bbox 273 1500 1060 1536; baseline -0.003 -8"><span class='ocrx_word' id='word_1_209' title='bbox 273 1501 368 1536; x_wconf 84' lang='lat' dir='ltr'><strong>incipit</strong></span> <span class='ocrx_word' id='word_1_210' title='bbox 406 1501 622 1529; x_wconf 64' lang='lat' dir='ltr'><strong>Machabmorum</strong></span> <span class='ocrx_word' id='word_1_211' title='bbox 659 1501 783 1528; x_wconf 82' lang='lat' dir='ltr'><strong>historia.</strong></span> <span class='ocrx_word' id='word_1_212' title='bbox 813 1500 965 1533; x_wconf 65' lang='lat' dir='ltr'><strong>Cani-rum,</strong></span> <span class='ocrx_word' id='word_1_213' title='bbox 997 1505 1060 1535; x_wconf 81' lang='lat' dir='ltr'><strong>post</strong></span> 
     </span>
    </p>
   </div>
   <div class='ocr_carea' id='block_1_34' title="bbox 273 1546 1059 1582">
    <p class='ocr_par' dir='ltr' id='par_1_34' title="bbox 273 1546 1059 1582">
     <span class='ocr_line' id='line_1_34' title="bbox 273 1546 1059 1582; baseline 0 -8"><span class='ocrx_word' id='word_1_214' title='bbox 273 1547 369 1575; x_wconf 87' lang='lat' dir='ltr'><strong>Oniam</strong></span> <span class='ocrx_word' id='word_1_215' title='bbox 394 1546 550 1574; x_wconf 59' lang='lat' dir='ltr'><strong>Juda‘orum</strong></span> <span class='ocrx_word' id='word_1_216' title='bbox 579 1548 701 1581; x_wconf 80' lang='lat' dir='ltr'><strong>suscepit</strong></span> <span class='ocrx_word' id='word_1_217' title='bbox 730 1547 912 1581; x_wconf 89' lang='lat' dir='ltr'><strong>principatum</strong></span> <span class='ocrx_word' id='word_1_218' title='bbox 938 1547 1059 1582; x_wconf 78' lang='lat' dir='ltr'><strong>pontifex</strong></span> 
     </span>
    </p>
   </div>
   <div class='ocr_carea' id='block_1_35' title="bbox 273 1592 1058 1628">
    <p class='ocr_par' dir='ltr' id='par_1_35' title="bbox 273 1592 1058 1628">
     <span class='ocr_line' id='line_1_35' title="bbox 273 1592 1058 1628; baseline 0 -8"><span class='ocrx_word' id='word_1_219' title='bbox 273 1593 430 1624; x_wconf 79' lang='lat' dir='ltr'><strong>Eleazarus,</strong></span> <span class='ocrx_word' id='word_1_220' title='bbox 447 1593 498 1620; x_wconf 87' lang='lat' dir='ltr'><strong>sub</strong></span> <span class='ocrx_word' id='word_1_221' title='bbox 513 1601 567 1628; x_wconf 86' lang='lat' dir='ltr'><strong>quo</strong></span> <span class='ocrx_word' id='word_1_222' title='bbox 588 1592 660 1619; x_wconf 74' lang='lat' dir='ltr'><strong>LXX</strong></span> <span class='ocrx_word' id='word_1_223' title='bbox 681 1593 732 1619; x_wconf 86' lang='lat' dir='ltr'><strong>viri</strong></span> <span class='ocrx_word' id='word_1_224' title='bbox 753 1592 860 1620; x_wconf 84' lang='lat' dir='ltr'><strong>divinas</strong></span> <span class='ocrx_word' id='word_1_225' title='bbox 887 1593 1058 1628; x_wconf 87' lang='lat' dir='ltr'><strong>interpretati</strong></span> 
     </span>
    </p>
   </div>
   <div class='ocr_carea' id='block_1_36' title="bbox 274 1639 1057 1674">
    <p class='ocr_par' dir='ltr' id='par_1_36' title="bbox 274 1639 1057 1674">
     <span class='ocr_line' id='line_1_36' title="bbox 274 1639 1057 1674; baseline 0 -8"><span class='ocrx_word' id='word_1_226' title='bbox 274 1639 446 1674; x_wconf 82' lang='lat' dir='ltr'><strong>Scripturas,</strong></span> <span class='ocrx_word' id='word_1_227' title='bbox 470 1639 662 1666; x_wconf 78' lang='lat' dir='ltr'><strong>Alexandrinis</strong></span> <span class='ocrx_word' id='word_1_228' title='bbox 688 1639 860 1666; x_wconf 82' lang='lat' dir='ltr'><strong>bibliothecis</strong></span> <span class='ocrx_word' id='word_1_229' title='bbox 886 1639 1057 1666; x_wconf 89' lang='lat' dir='ltr'><strong>dedicarunt.</strong></span> 
     </span>
    </p>
   </div>
   <div class='ocr_carea' id='block_1_37' title="bbox 273 1685 1060 1713">
    <p class='ocr_par' dir='ltr' id='par_1_37' title="bbox 273 1685 1060 1713">
     <span class='ocr_line' id='line_1_37' title="bbox 273 1685 1060 1713; baseline -0.001 0"><span class='ocrx_word' id='word_1_230' title='bbox 273 1685 337 1713; x_wconf 82' lang='lat' dir='ltr'><strong>Post</strong></span> <span class='ocrx_word' id='word_1_231' title='bbox 353 1687 425 1713; x_wconf 90' lang='lat' dir='ltr'><strong>hunc</strong></span> <span class='ocrx_word' id='word_1_232' title='bbox 452 1690 564 1713; x_wconf 88' lang='lat' dir='ltr'><strong>secutus</strong></span> <span class='ocrx_word' id='word_1_233' title='bbox 587 1689 629 1713; x_wconf 86' lang='lat' dir='ltr'><strong>est</strong></span> <span class='ocrx_word' id='word_1_234' title='bbox 655 1685 724 1712; x_wconf 86' lang='lat' dir='ltr'><strong>alter</strong></span> <span class='ocrx_word' id='word_1_235' title='bbox 739 1685 841 1712; x_wconf 86' lang='lat' dir='ltr'><strong>Onias:</strong></span> <span class='ocrx_word' id='word_1_236' title='bbox 857 1686 901 1712; x_wconf 93' lang='lat' dir='ltr'><strong>cui</strong></span> <span class='ocrx_word' id='word_1_237' title='bbox 926 1686 1060 1713; x_wconf 85' lang='lat' dir='ltr'><strong>successit</strong></span> 
     </span>
    </p>
   </div>
   <div class='ocr_carea' id='block_1_38' title="bbox 273 1730 1060 1766">
    <p class='ocr_par' dir='ltr' id='par_1_38' title="bbox 273 1730 1060 1766">
     <span class='ocr_line' id='line_1_38' title="bbox 273 1730 1060 1766; baseline 0 -8"><span class='ocrx_word' id='word_1_238' title='bbox 273 1731 380 1763; x_wconf 82' lang='lat' dir='ltr'><strong>Simon,</strong></span> <span class='ocrx_word' id='word_1_239' title='bbox 392 1731 473 1766; x_wconf 83' lang='lat' dir='ltr'><strong>cujus</strong></span> <span class='ocrx_word' id='word_1_240' title='bbox 491 1736 652 1766; x_wconf 78' lang='lat' dir='ltr'><strong>tempestate</strong></span> <span class='ocrx_word' id='word_1_241' title='bbox 667 1730 748 1759; x_wconf 77' lang='lat' dir='ltr'><strong>Jesus</strong></span> <span class='ocrx_word' id='word_1_242' title='bbox 767 1731 838 1758; x_wconf 90' lang='lat' dir='ltr'><strong>filius</strong></span> <span class='ocrx_word' id='word_1_243' title='bbox 865 1731 962 1758; x_wconf 86' lang='lat' dir='ltr'><strong>Siraclt</strong></span> <span class='ocrx_word' id='word_1_244' title='bbox 988 1732 1060 1758; x_wconf 85' lang='lat' dir='ltr'><strong>fama</strong></span> 
     </span>
    </p>
   </div>
   <div class='ocr_carea' id='block_1_39' title="bbox 272 1778 1060 1814">
    <p class='ocr_par' dir='ltr' id='par_1_39' title="bbox 272 1778 1060 1814">
     <span class='ocr_line' id='line_1_39' title="bbox 272 1778 1060 1814; baseline -0.001 -9"><span class='ocrx_word' id='word_1_245' title='bbox 272 1778 388 1806; x_wconf 81' lang='lat' dir='ltr'><strong>celebris</strong></span> <span class='ocrx_word' id='word_1_246' title='bbox 403 1778 464 1810; x_wconf 88' lang='lat' dir='ltr'><strong>fuit,</strong></span> <span class='ocrx_word' id='word_1_247' title='bbox 480 1779 527 1814; x_wconf 89' lang='lat' dir='ltr'><strong>qui</strong></span> <span class='ocrx_word' id='word_1_248' title='bbox 545 1778 708 1812; x_wconf 75' lang='lat' dir='ltr'><strong>Sapientiam</strong></span> <span class='ocrx_word' id='word_1_249' title='bbox 725 1778 804 1805; x_wconf 85' lang='lat' dir='ltr'><strong>titulo</strong></span> <span class='ocrx_word' id='word_1_250' title='bbox 820 1779 912 1805; x_wconf 87' lang='lat' dir='ltr'><strong>omnia</strong></span> <span class='ocrx_word' id='word_1_251' title='bbox 927 1779 1060 1805; x_wconf 79' lang='lat' dir='ltr'><strong>virtutum</strong></span> 
     </span>
    </p>
   </div>
   <div class='ocr_carea' id='block_1_40' title="bbox 271 1824 1061 1860">
    <p class='ocr_par' dir='ltr' id='par_1_40' title="bbox 271 1824 1061 1860">
     <span class='ocr_line' id='line_1_40' title="bbox 271 1824 1061 1860; baseline 0 -9"><span class='ocrx_word' id='word_1_252' title='bbox 271 1833 371 1859; x_wconf 72' lang='lat' dir='ltr'><strong>genera</strong></span> <span class='ocrx_word' id='word_1_253' title='bbox 388 1825 559 1860; x_wconf 76' lang='lat' dir='ltr'><strong>profitentem</strong></span> <span class='ocrx_word' id='word_1_254' title='bbox 571 1825 737 1859; x_wconf 87' lang='lat' dir='ltr'><strong>composuit.</strong></span> <span class='ocrx_word' id='word_1_255' title='bbox 755 1824 820 1852; x_wconf 84' lang='lat' dir='ltr'><strong>Post</strong></span> <span class='ocrx_word' id='word_1_256' title='bbox 835 1832 915 1859; x_wconf 86' lang='lat' dir='ltr'><strong>quem</strong></span> <span class='ocrx_word' id='word_1_257' title='bbox 931 1825 1002 1851; x_wconf 85' lang='lat' dir='ltr'><strong>alius</strong></span> <span class='ocrx_word' id='word_1_258' title='bbox 1014 1831 1061 1851; x_wconf 88' lang='lat' dir='ltr'><strong>eo-</strong></span> 
     </span>
    </p>
   </div>
   <div class='ocr_carea' id='block_1_41' title="bbox 271 1869 1060 1906">
    <p class='ocr_par' dir='ltr' id='par_1_41' title="bbox 271 1869 1060 1906">
     <span class='ocr_line' id='line_1_41' title="bbox 271 1869 1060 1906; baseline 0.001 -9"><span class='ocrx_word' id='word_1_259' title='bbox 271 1870 333 1897; x_wconf 87' lang='lat' dir='ltr'><strong>dem</strong></span> <span class='ocrx_word' id='word_1_260' title='bbox 349 1878 412 1898; x_wconf 89' lang='lat' dir='ltr'><strong>cum</strong></span> <span class='ocrx_word' id='word_1_261' title='bbox 436 1871 576 1905; x_wconf 80' lang='lat' dir='ltr'><strong>prioribus</strong></span> <span class='ocrx_word' id='word_1_262' title='bbox 599 1872 709 1898; x_wconf 85' lang='lat' dir='ltr'><strong>nomine</strong></span> <span class='ocrx_word' id='word_1_263' title='bbox 729 1869 814 1898; x_wconf 87' lang='lat' dir='ltr'><strong>Onias</strong></span> <span class='ocrx_word' id='word_1_264' title='bbox 836 1870 953 1906; x_wconf 73' lang='lat' dir='ltr'><strong>praefuit.</strong></span> <span class='ocrx_word' id='word_1_265' title='bbox 973 1870 1060 1904; x_wconf 83' lang='lat' dir='ltr'><strong>llujus</strong></span> 
     </span>
    </p>
   </div>
   <div class='ocr_carea' id='block_1_42' title="bbox 273 1917 1058 1952">
    <p class='ocr_par' dir='ltr' id='par_1_42' title="bbox 273 1917 1058 1952">
     <span class='ocr_line' id='line_1_42' title="bbox 273 1917 1058 1952; baseline 0.001 -9"><span class='ocrx_word' id='word_1_266' title='bbox 273 1917 410 1951; x_wconf 83' lang='lat' dir='ltr'><strong>pontiﬁcis</strong></span> <span class='ocrx_word' id='word_1_267' title='bbox 423 1921 547 1952; x_wconf 87' lang='lat' dir='ltr'><strong>tempore</strong></span> <span class='ocrx_word' id='word_1_268' title='bbox 561 1918 722 1947; x_wconf 84' lang='lat' dir='ltr'><strong>Antiochus.</strong></span> <span class='ocrx_word' id='word_1_269' title='bbox 739 1925 801 1944; x_wconf 83' lang='lat' dir='ltr'><strong>cum</strong></span> <span class='ocrx_word' id='word_1_270' title='bbox 814 1917 924 1945; x_wconf 70' lang='lat' dir='ltr'><strong>Judaaos</strong></span> <span class='ocrx_word' id='word_1_271' title='bbox 939 1917 1058 1944; x_wconf 78' lang='lat' dir='ltr'><strong>obsidio-</strong></span> 
     </span>
    </p>
   </div>
   <div class='ocr_carea' id='block_1_43' title="bbox 273 1962 1061 1998">
    <p class='ocr_par' dir='ltr' id='par_1_43' title="bbox 273 1962 1061 1998">
     <span class='ocr_line' id='line_1_43' title="bbox 273 1962 1061 1998; baseline 0 -9"><span class='ocrx_word' id='word_1_272' title='bbox 273 1970 307 1989; x_wconf 86' lang='lat' dir='ltr'><strong>ne</strong></span> <span class='ocrx_word' id='word_1_273' title='bbox 323 1963 474 1997; x_wconf 79' lang='lat' dir='ltr'><strong>fatigasset,</strong></span> <span class='ocrx_word' id='word_1_274' title='bbox 489 1962 647 1990; x_wconf 65' lang='lat' dir='ltr'><strong>Graecorum</strong></span> <span class='ocrx_word' id='word_1_275' title='bbox 676 1963 775 1990; x_wconf 71' lang='lat' dir='ltr'><strong>ritilius</strong></span> <span class='ocrx_word' id='word_1_276' title='bbox 801 1964 840 1990; x_wconf 89' lang='lat' dir='ltr'><strong>uti</strong></span> <span class='ocrx_word' id='word_1_277' title='bbox 863 1964 962 1998; x_wconf 81' lang='lat' dir='ltr'><strong>coegit.</strong></span> <span class='ocrx_word' id='word_1_278' title='bbox 981 1963 1061 1990; x_wconf 87' lang='lat' dir='ltr'><strong>llunc</strong></span> 
     </span>
    </p>
   </div>
   <div class='ocr_carea' id='block_1_44' title="bbox 273 2006 1061 2041">
    <p class='ocr_par' dir='ltr' id='par_1_44' title="bbox 273 2006 1061 2041">
     <span class='ocr_line' id='line_1_44' title="bbox 273 2006 1061 2041; baseline -0.001 -6"><span class='ocrx_word' id='word_1_279' title='bbox 273 2012 384 2035; x_wconf 75' lang='lat' dir='ltr'><strong>secutus</strong></span> <span class='ocrx_word' id='word_1_280' title='bbox 399 2006 494 2038; x_wconf 82' lang='lat' dir='ltr'><strong>Judas,</strong></span> <span class='ocrx_word' id='word_1_281' title='bbox 510 2011 690 2041; x_wconf 71' lang='lat' dir='ltr'><strong>cognomento</strong></span> <span class='ocrx_word' id='word_1_282' title='bbox 706 2007 887 2039; x_wconf 65' lang='lat' dir='ltr'><strong>Mat-habmus,</strong></span> <span class='ocrx_word' id='word_1_283' title='bbox 900 2008 964 2034; x_wconf 87' lang='lat' dir='ltr'><strong>dum</strong></span> <span class='ocrx_word' id='word_1_284' title='bbox 979 2007 1061 2034; x_wconf 84' lang='lat' dir='ltr'><strong>rebus</strong></span> 
     </span>
    </p>
   </div>
   <div class='ocr_carea' id='block_1_45' title="bbox 271 2052 1060 2089">
    <p class='ocr_par' dir='ltr' id='par_1_45' title="bbox 271 2052 1060 2089">
     <span class='ocr_line' id='line_1_45' title="bbox 271 2052 1060 2089; baseline -0.003 -8"><span class='ocrx_word' id='word_1_285' title='bbox 271 2052 429 2081; x_wconf 66' lang='lat' dir='ltr'><strong>Iudaeorum</strong></span> <span class='ocrx_word' id='word_1_286' title='bbox 454 2057 563 2088; x_wconf 64' lang='lat' dir='ltr'><strong>praeest,</strong></span> <span class='ocrx_word' id='word_1_287' title='bbox 583 2053 720 2088; x_wconf 75' lang='lat' dir='ltr'><strong>regionem</strong></span> <span class='ocrx_word' id='word_1_288' title='bbox 743 2055 778 2080; x_wconf 85' lang='lat' dir='ltr'><strong>ab</strong></span> <span class='ocrx_word' id='word_1_289' title='bbox 794 2054 885 2089; x_wconf 83' lang='lat' dir='ltr'><strong>impiis</strong></span> <span class='ocrx_word' id='word_1_290' title='bbox 899 2058 925 2081; x_wconf 90' lang='lat' dir='ltr'><strong>et</strong></span> <span class='ocrx_word' id='word_1_291' title='bbox 938 2053 1060 2088; x_wconf 86' lang='lat' dir='ltr'><strong>profanis</strong></span> 
     </span>
    </p>
   </div>
   <div class='ocr_carea' id='block_1_46' title="bbox 272 2099 1060 2134">
    <p class='ocr_par' dir='ltr' id='par_1_46' title="bbox 272 2099 1060 2134">
     <span class='ocr_line' id='line_1_46' title="bbox 272 2099 1060 2134; baseline 0.005 -9"><span class='ocrx_word' id='word_1_292' title='bbox 272 2105 448 2134; x_wconf 79' lang='lat' dir='ltr'><strong>expurgatam</strong></span> <span class='ocrx_word' id='word_1_293' title='bbox 470 2099 603 2126; x_wconf 74' lang='lat' dir='ltr'><strong>liberavit.</strong></span> <span class='ocrx_word' id='word_1_294' title='bbox 616 2099 666 2126; x_wconf 88' lang='lat' dir='ltr'><strong>Cui</strong></span> <span class='ocrx_word' id='word_1_295' title='bbox 683 2099 803 2127; x_wconf 85' lang='lat' dir='ltr'><strong>succedit</strong></span> <span class='ocrx_word' id='word_1_296' title='bbox 821 2100 904 2128; x_wconf 83' lang='lat' dir='ltr'><strong>frater</strong></span> <span class='ocrx_word' id='word_1_297' title='bbox 917 2100 1060 2133; x_wconf 84' lang='lat' dir='ltr'><strong>Jonathas.</strong></span> 
     </span>
    </p>
   </div>
   <div class='ocr_carea' id='block_1_47' title="bbox 272 2144 1060 2181">
    <p class='ocr_par' dir='ltr' id='par_1_47' title="bbox 272 2144 1060 2181">
     <span class='ocr_line' id='line_1_47' title="bbox 272 2144 1060 2181; baseline 0.001 -9"><span class='ocrx_word' id='word_1_298' title='bbox 272 2145 371 2172; x_wconf 87' lang='lat' dir='ltr'><strong>deinde</strong></span> <span class='ocrx_word' id='word_1_299' title='bbox 389 2144 484 2171; x_wconf 89' lang='lat' dir='ltr'><strong>Simon</strong></span> <span class='ocrx_word' id='word_1_300' title='bbox 500 2154 506 2172; x_wconf 87' lang='lat'><strong>:</strong></span> <span class='ocrx_word' id='word_1_301' title='bbox 526 2145 578 2171; x_wconf 85' lang='lat' dir='ltr'><strong>sub</strong></span> <span class='ocrx_word' id='word_1_302' title='bbox 593 2145 673 2180; x_wconf 77' lang='lat' dir='ltr'><strong>cujus</strong></span> <span class='ocrx_word' id='word_1_303' title='bbox 689 2149 802 2172; x_wconf 89' lang='lat' dir='ltr'><strong>mortem</strong></span> <span class='ocrx_word' id='word_1_304' title='bbox 819 2147 894 2180; x_wconf 80' lang='lat' dir='ltr'><strong>regni</strong></span> <span class='ocrx_word' id='word_1_305' title='bbox 905 2147 977 2181; x_wconf 87' lang='lat' dir='ltr'><strong>quod</strong></span> <span class='ocrx_word' id='word_1_306' title='bbox 989 2146 1060 2181; x_wconf 87' lang='lat' dir='ltr'><strong>apud</strong></span> 
     </span>
    </p>
   </div>
   <div class='ocr_carea' id='block_1_48' title="bbox 274 2191 1061 2228">
    <p class='ocr_par' dir='ltr' id='par_1_48' title="bbox 274 2191 1061 2228">
     <span class='ocr_line' id='line_1_48' title="bbox 274 2191 1061 2228; baseline 0.004 -12"><span class='ocrx_word' id='word_1_307' title='bbox 274 2191 358 2226; x_wconf 69' lang='lat' dir='ltr'><strong>Syros</strong></span> <span class='ocrx_word' id='word_1_308' title='bbox 367 2191 462 2225; x_wconf 73' lang='lat' dir='ltr'><strong>viguit,</strong></span> <span class='ocrx_word' id='word_1_309' title='bbox 478 2198 567 2218; x_wconf 86' lang='lat' dir='ltr'><strong>annus</strong></span> <span class='ocrx_word' id='word_1_310' title='bbox 585 2196 748 2218; x_wconf 86' lang='lat' dir='ltr'><strong>numeratur</strong></span> <span class='ocrx_word' id='word_1_311' title='bbox 762 2192 897 2225; x_wconf 89' lang='lat' dir='ltr'><strong>septimus</strong></span> <span class='ocrx_word' id='word_1_312' title='bbox 910 2196 937 2219; x_wconf 88' lang='lat' dir='ltr'><strong>et</strong></span> <span class='ocrx_word' id='word_1_313' title='bbox 949 2197 1061 2228; x_wconf 87' lang='lat' dir='ltr'><strong>septua-</strong></span> 
     </span>
    </p>
   </div>
   <div class='ocr_carea' id='block_1_49' title="bbox 1110 262 1898 303">
    <p class='ocr_par' dir='ltr' id='par_1_49' title="bbox 1110 262 1898 303">
     <span class='ocr_line' id='line_1_49' title="bbox 1110 262 1898 303; baseline 0.004 -13"><span class='ocrx_word' id='word_1_314' title='bbox 1110 273 1160 295; x_wconf 89' lang='grc' dir='ltr'>νει,</span> <span class='ocrx_word' id='word_1_315' title='bbox 1175 264 1235 291; x_wconf 72' lang='grc' dir='ltr'>καθ’</span> <span class='ocrx_word' id='word_1_316' title='bbox 1252 264 1282 290; x_wconf 79' lang='grc' dir='ltr'>ὃν</span> <span class='ocrx_word' id='word_1_317' title='bbox 1298 262 1375 295; x_wconf 81' lang='grc' dir='ltr'>αὖθις</span> <span class='ocrx_word' id='word_1_318' title='bbox 1392 263 1495 299; x_wconf 80' lang='grc' dir='ltr'>Ἰησοῦς</span> <span class='ocrx_word' id='word_1_319' title='bbox 1507 264 1521 291; x_wconf 80' lang='grc' dir='ltr'><em>ὁ</em></span> <span class='ocrx_word' id='word_1_320' title='bbox 1537 264 1583 290; x_wconf 78' lang='grc' dir='ltr'>τοῦ</span> <span class='ocrx_word' id='word_1_321' title='bbox 1603 265 1736 297; x_wconf 75' lang='grc' dir='ltr'><strong>Ἰωσεδὲκ,</strong></span> <span class='ocrx_word' id='word_1_322' title='bbox 1753 267 1800 292; x_wconf 81' lang='grc' dir='ltr'><strong>καὶ</strong></span> <span class='ocrx_word' id='word_1_323' title='bbox 1813 268 1898 303; x_wconf 81' lang='grc' dir='ltr'>Ζορο-</span> 
     </span>
    </p>
   </div>
   <div class='ocr_carea' id='block_1_50' title="bbox 1110 309 1899 348">
    <p class='ocr_par' dir='ltr' id='par_1_50' title="bbox 1110 309 1899 348">
     <span class='ocr_line' id='line_1_50' title="bbox 1110 309 1899 348; baseline 0.005 -12"><span class='ocrx_word' id='word_1_324' title='bbox 1110 309 1192 337; x_wconf 74' lang='grc' dir='ltr'>ϐάϐελ</span> <span class='ocrx_word' id='word_1_325' title='bbox 1213 312 1227 337; x_wconf 86' lang='grc' dir='ltr'>ὁ</span> <span class='ocrx_word' id='word_1_326' title='bbox 1239 310 1286 337; x_wconf 80' lang='grc' dir='ltr'>τοῦ</span> <span class='ocrx_word' id='word_1_327' title='bbox 1301 310 1435 346; x_wconf 85' lang='grc' dir='ltr'>Σαλαθιὴλ</span> <span class='ocrx_word' id='word_1_328' title='bbox 1449 310 1489 342; x_wconf 80' lang='grc' dir='ltr'>εἰς</span> <span class='ocrx_word' id='word_1_329' title='bbox 1500 311 1602 337; x_wconf 78' lang='grc' dir='ltr'>ἐκεῖνον</span> <span class='ocrx_word' id='word_1_330' title='bbox 1618 311 1668 346; x_wconf 81' lang='grc' dir='ltr'>τὴν</span> <span class='ocrx_word' id='word_1_331' title='bbox 1681 311 1753 347; x_wconf 80' lang='grc' dir='ltr'>ζωὴν</span> <span class='ocrx_word' id='word_1_332' title='bbox 1766 312 1899 348; x_wconf 76' lang='grc' dir='ltr'>παρατεί-</span> 
     </span>
    </p>
   </div>
   <div class='ocr_carea' id='block_1_51' title="bbox 1109 354 1896 391">
    <p class='ocr_par' dir='ltr' id='par_1_51' title="bbox 1109 354 1896 391">
     <span class='ocr_line' id='line_1_51' title="bbox 1109 354 1896 391; baseline 0.005 -11"><span class='ocrx_word' id='word_1_333' title='bbox 1109 362 1213 386; x_wconf 83' lang='grc' dir='ltr'>ναντες,</span> <span class='ocrx_word' id='word_1_334' title='bbox 1223 355 1307 389; x_wconf 76' lang='grc' dir='ltr'>ἄμφω</span> <span class='ocrx_word' id='word_1_335' title='bbox 1319 354 1488 390; x_wconf 78' lang='grc' dir='ltr'><strong>προέστησαν</strong></span> <span class='ocrx_word' id='word_1_336' title='bbox 1499 355 1548 390; x_wconf 80' lang='grc' dir='ltr'>τῆς</span> <span class='ocrx_word' id='word_1_337' title='bbox 1560 355 1607 381; x_wconf 79' lang='grc' dir='ltr'>τοῦ</span> <span class='ocrx_word' id='word_1_338' title='bbox 1624 355 1696 391; x_wconf 71' lang='grc' dir='ltr'>ἱεροῦ</span> <span class='ocrx_word' id='word_1_339' title='bbox 1711 357 1896 391; x_wconf 70' lang='grc' dir='ltr'>ἀνανεώσεως,</span> 
     </span>
    </p>
   </div>
   <div class='ocr_carea' id='block_1_52' title="bbox 1110 399 1897 436">
    <p class='ocr_par' dir='ltr' id='par_1_52' title="bbox 1110 399 1897 436">
     <span class='ocr_line' id='line_1_52' title="bbox 1110 399 1897 436; baseline 0.006 -12"><span class='ocrx_word' id='word_1_340' title='bbox 1110 399 1334 434; x_wconf 52' lang='grc' dir='ltr'>προπτευόντων</span> <span class='ocrx_word' id='word_1_341' title='bbox 1357 399 1483 433; x_wconf 76' lang='grc' dir='ltr'><strong>Ἀγγαίου</strong></span> <span class='ocrx_word' id='word_1_342' title='bbox 1510 401 1556 426; x_wconf 77' lang='grc' dir='ltr'>καὶ</span> <span class='ocrx_word' id='word_1_343' title='bbox 1583 401 1716 435; x_wconf 73' lang='grc' dir='ltr'><strong>Ζαχαρίου</strong></span> <span class='ocrx_word' id='word_1_344' title='bbox 1729 409 1736 415; x_wconf 90' lang='grc'><strong>·</strong></span> <span class='ocrx_word' id='word_1_345' title='bbox 1764 401 1823 436; x_wconf 76' lang='grc' dir='ltr'>μεθ’</span> <span class='ocrx_word' id='word_1_346' title='bbox 1849 401 1897 434; x_wconf 82' lang='grc' dir='ltr'>οὓς</span> 
     </span>
    </p>
   </div>
   <div class='ocr_carea' id='block_1_53' title="bbox 1111 445 1896 480">
    <p class='ocr_par' dir='ltr' id='par_1_53' title="bbox 1111 445 1896 480">
     <span class='ocr_line' id='line_1_53' title="bbox 1111 445 1896 480; baseline 0.004 -9"><span class='ocrx_word' id='word_1_347' title='bbox 1111 445 1230 480; x_wconf 86' lang='grc' dir='ltr'>Ἔσδρας</span> <span class='ocrx_word' id='word_1_348' title='bbox 1250 445 1297 471; x_wconf 79' lang='grc' dir='ltr'>καὶ</span> <span class='ocrx_word' id='word_1_349' title='bbox 1322 445 1452 480; x_wconf 78' lang='grc' dir='ltr'>Νεεμίας,</span> <span class='ocrx_word' id='word_1_350' title='bbox 1467 445 1568 480; x_wconf 80' lang='grc' dir='ltr'>ὁμοίως</span> <span class='ocrx_word' id='word_1_351' title='bbox 1591 447 1624 472; x_wconf 85' lang='grc' dir='ltr'>ὲκ</span> <span class='ocrx_word' id='word_1_352' title='bbox 1640 445 1799 478; x_wconf 76' lang='grc' dir='ltr'>Βαϐυλῶνος</span> <span class='ocrx_word' id='word_1_353' title='bbox 1817 447 1896 474; x_wconf 84' lang='grc' dir='ltr'>ἀνελ-</span> 
     </span>
    </p>
   </div>
   <div class='ocr_carea' id='block_1_54' title="bbox 1110 491 1899 528">
    <p class='ocr_par' dir='ltr' id='par_1_54' title="bbox 1110 491 1899 528">
     <span class='ocr_line' id='line_1_54' title="bbox 1110 491 1899 528; baseline 0.004 -11"><span class='ocrx_word' id='word_1_354' title='bbox 1110 491 1211 523; x_wconf 77' lang='grc' dir='ltr'>θόντες,</span> <span class='ocrx_word' id='word_1_355' title='bbox 1228 491 1258 518; x_wconf 81' lang='grc' dir='ltr'><strong>τὸ</strong></span> <span class='ocrx_word' id='word_1_356' title='bbox 1273 493 1360 526; x_wconf 85' lang='grc' dir='ltr'>τεῖχος</span> <span class='ocrx_word' id='word_1_357' title='bbox 1376 491 1514 527; x_wconf 54' lang='lat' dir='ltr'><strong>eaeam-.0</strong></span> <span class='ocrx_word' id='word_1_358' title='bbox 1532 493 1564 527; x_wconf 86' lang='grc' dir='ltr'>τῇ</span> <span class='ocrx_word' id='word_1_359' title='bbox 1587 492 1673 523; x_wconf 79' lang='grc' dir='ltr'>πόλει,</span> <span class='ocrx_word' id='word_1_360' title='bbox 1694 493 1743 527; x_wconf 79' lang='grc' dir='ltr'>τὴν</span> <span class='ocrx_word' id='word_1_361' title='bbox 1763 493 1899 528; x_wconf 79' lang='grc' dir='ltr'>ἀρχιερω-</span> 
     </span>
    </p>
   </div>
   <div class='ocr_carea' id='block_1_55' title="bbox 1111 536 1898 576">
    <p class='ocr_par' dir='ltr' id='par_1_55' title="bbox 1111 536 1898 576">
     <span class='ocr_line' id='line_1_55' title="bbox 1111 536 1898 576; baseline 0.004 -13"><span class='ocrx_word' id='word_1_362' title='bbox 1111 537 1192 573; x_wconf 82' lang='grc' dir='ltr'>σύνην</span> <span class='ocrx_word' id='word_1_363' title='bbox 1209 537 1346 568; x_wconf 76' lang='grc' dir='ltr'>διέποντος</span> <span class='ocrx_word' id='word_1_364' title='bbox 1367 538 1524 573; x_wconf 72' lang='grc' dir='ltr'><strong>Ἰωακείμου</strong></span> <span class='ocrx_word' id='word_1_365' title='bbox 1536 547 1543 552; x_wconf 91' lang='grc'><strong>·</strong></span> <span class='ocrx_word' id='word_1_366' title='bbox 1564 539 1628 569; x_wconf 83' lang='grc' dir='ltr'>παῖς</span> <span class='ocrx_word' id='word_1_367' title='bbox 1643 538 1672 564; x_wconf 84' lang='grc' dir='ltr'>δὲ</span> <span class='ocrx_word' id='word_1_368' title='bbox 1692 537 1769 570; x_wconf 73' lang='grc' dir='ltr'>οὗτος</span> <span class='ocrx_word' id='word_1_369' title='bbox 1789 536 1824 574; x_wconf 84' lang='grc' dir='ltr'>ἧν</span> <span class='ocrx_word' id='word_1_370' title='bbox 1842 539 1898 576; x_wconf 87' lang='grc' dir='ltr'>Ἰη-</span> 
     </span>
    </p>
   </div>
   <div class='ocr_carea' id='block_1_56' title="bbox 1111 583 1898 621">
    <p class='ocr_par' dir='ltr' id='par_1_56' title="bbox 1111 583 1898 621">
     <span class='ocr_line' id='line_1_56' title="bbox 1111 583 1898 621; baseline 0.003 -12"><span class='ocrx_word' id='word_1_371' title='bbox 1111 583 1157 610; x_wconf 75' lang='grc' dir='ltr'>σοῦ</span> <span class='ocrx_word' id='word_1_372' title='bbox 1174 583 1220 609; x_wconf 79' lang='grc' dir='ltr'>τοῦ</span> <span class='ocrx_word' id='word_1_373' title='bbox 1243 583 1363 610; x_wconf 73' lang='grc' dir='ltr'>Ἰωσεδὲκ</span> <span class='ocrx_word' id='word_1_374' title='bbox 1374 592 1380 598; x_wconf 90' lang='grc'><strong><em>“</em></strong></span> <span class='ocrx_word' id='word_1_375' title='bbox 1402 583 1460 619; x_wconf 77' lang='grc' dir='ltr'>μεθ’</span> <span class='ocrx_word' id='word_1_376' title='bbox 1481 584 1511 610; x_wconf 75' lang='grc' dir='ltr'>ὃν</span> <span class='ocrx_word' id='word_1_377' title='bbox 1527 583 1677 618; x_wconf 78' lang='grc' dir='ltr'>διαδέχεται</span> <span class='ocrx_word' id='word_1_378' title='bbox 1692 585 1741 620; x_wconf 79' lang='grc' dir='ltr'>τὴν</span> <span class='ocrx_word' id='word_1_379' title='bbox 1761 585 1898 621; x_wconf 79' lang='grc' dir='ltr'>ἀρχιερω-</span> 
     </span>
    </p>
   </div>
   <div class='ocr_carea' id='block_1_57' title="bbox 1111 628 1897 664">
    <p class='ocr_par' dir='ltr' id='par_1_57' title="bbox 1111 628 1897 664">
     <span class='ocr_line' id='line_1_57' title="bbox 1111 628 1897 664; baseline 0.004 -10"><span class='ocrx_word' id='word_1_380' title='bbox 1111 628 1192 664; x_wconf 83' lang='grc' dir='ltr'>σύνην</span> <span class='ocrx_word' id='word_1_381' title='bbox 1215 628 1402 660; x_wconf 74' lang='grc' dir='ltr'>Ἐλιασοῦὸος·</span> <span class='ocrx_word' id='word_1_382' title='bbox 1423 629 1518 655; x_wconf 81' lang='grc' dir='ltr'>ἔπειτα</span> <span class='ocrx_word' id='word_1_383' title='bbox 1541 629 1646 656; x_wconf 82' lang='grc' dir='ltr'>Ἰωδαέ·</span> <span class='ocrx_word' id='word_1_384' title='bbox 1667 629 1726 664; x_wconf 77' lang='grc' dir='ltr'>μεθ’</span> <span class='ocrx_word' id='word_1_385' title='bbox 1746 630 1776 656; x_wconf 86' lang='grc' dir='ltr'>ὃν</span> <span class='ocrx_word' id='word_1_386' title='bbox 1803 631 1897 658; x_wconf 83' lang='grc' dir='ltr'>Ἰωνά-</span> 
     </span>
    </p>
   </div>
   <div class='ocr_carea' id='block_1_58' title="bbox 1110 674 1895 713">
    <p class='ocr_par' dir='ltr' id='par_1_58' title="bbox 1110 674 1895 713">
     <span class='ocr_line' id='line_1_58' title="bbox 1110 674 1895 713; baseline 0.004 -13"><span class='ocrx_word' id='word_1_387' title='bbox 1110 674 1176 701; x_wconf 78' lang='grc' dir='ltr'><strong>θαν⁸</strong></span> <span class='ocrx_word' id='word_1_388' title='bbox 1205 674 1264 710; x_wconf 81' lang='grc' dir='ltr'>μεθ’</span> <span class='ocrx_word' id='word_1_389' title='bbox 1293 675 1323 701; x_wconf 77' lang='grc' dir='ltr'>ὃν</span> <span class='ocrx_word' id='word_1_390' title='bbox 1348 674 1469 706; x_wconf 80' lang='grc' dir='ltr'><strong>Ἰαδδοῦς.</strong></span> <span class='ocrx_word' id='word_1_391' title='bbox 1499 674 1606 701; x_wconf 81' lang='grc' dir='ltr'><strong>Τούτων</strong></span> <span class='ocrx_word' id='word_1_392' title='bbox 1639 675 1774 711; x_wconf 76' lang='grc' dir='ltr'><strong>μέμνηται</strong></span> <span class='ocrx_word' id='word_1_393' title='bbox 1804 677 1852 703; x_wconf 73' lang='grc' dir='ltr'>καὶ</span> <span class='ocrx_word' id='word_1_394' title='bbox 1876 677 1895 713; x_wconf 81' lang='grc' dir='ltr'><strong>ή</strong></span> 
     </span>
    </p>
   </div>
   <div class='ocr_carea' id='block_1_59' title="bbox 1112 720 1898 758">
    <p class='ocr_par' dir='ltr' id='par_1_59' title="bbox 1112 720 1898 758">
     <span class='ocr_line' id='line_1_59' title="bbox 1112 720 1898 758; baseline 0.005 -12"><span class='ocrx_word' id='word_1_395' title='bbox 1112 721 1214 756; x_wconf 86' lang='grc' dir='ltr'>Ἐσδρα</span> <span class='ocrx_word' id='word_1_396' title='bbox 1227 720 1331 756; x_wconf 60' lang='grc' dir='ltr'>γραφὴ,</span> <span class='ocrx_word' id='word_1_397' title='bbox 1344 721 1460 755; x_wconf 76' lang='grc' dir='ltr'>λέγουσα</span> <span class='ocrx_word' id='word_1_398' title='bbox 1469 729 1475 735; x_wconf 82' lang='grc'><em>’</em></span> <span class='ocrx_word' id='word_1_399' title='bbox 1497 730 1506 746; x_wconf 80' lang='grc' dir='ltr'><strong>ι</strong></span> <span class='ocrx_word' id='word_1_400' title='bbox 1522 721 1576 747; x_wconf 80' lang='grc' dir='ltr'><strong>Καὶ</strong></span> <span class='ocrx_word' id='word_1_401' title='bbox 1595 721 1697 756; x_wconf 75' lang='grc' dir='ltr'>Ἰησοῦς</span> <span class='ocrx_word' id='word_1_402' title='bbox 1708 722 1836 758; x_wconf 75' lang='grc' dir='ltr'><strong>ἐγέννησε</strong></span> <span class='ocrx_word' id='word_1_403' title='bbox 1850 723 1898 751; x_wconf 75' lang='grc' dir='ltr'>τὸν</span> 
     </span>
    </p>
   </div>
   <div class='ocr_carea' id='block_1_60' title="bbox 1117 767 1898 803">
    <p class='ocr_par' dir='ltr' id='par_1_60' title="bbox 1117 767 1898 803">
     <span class='ocr_line' id='line_1_60' title="bbox 1117 767 1898 803; baseline 0.004 -11"><span class='ocrx_word' id='word_1_404' title='bbox 1117 767 1253 802; x_wconf 84' lang='grc' dir='ltr'>Ίωακεὶμ,</span> <span class='ocrx_word' id='word_1_405' title='bbox 1273 767 1320 793; x_wconf 79' lang='grc' dir='ltr'>καὶ</span> <span class='ocrx_word' id='word_1_406' title='bbox 1339 767 1466 802; x_wconf 72' lang='grc' dir='ltr'>Ἰωακεὶμ</span> <span class='ocrx_word' id='word_1_407' title='bbox 1486 767 1612 803; x_wconf 77' lang='grc' dir='ltr'><strong>ἐγέννησε</strong></span> <span class='ocrx_word' id='word_1_408' title='bbox 1631 768 1676 794; x_wconf 78' lang='grc' dir='ltr'>τὸν</span> <span class='ocrx_word' id='word_1_409' title='bbox 1701 769 1831 801; x_wconf 74' lang='grc' dir='ltr'>Ἐλιασὶὸ,</span> <span class='ocrx_word' id='word_1_410' title='bbox 1848 769 1898 796; x_wconf 78' lang='grc' dir='ltr'>καὶ</span> 
     </span>
    </p>
   </div>
   <div class='ocr_carea' id='block_1_61' title="bbox 1117 812 1896 852">
    <p class='ocr_par' dir='ltr' id='par_1_61' title="bbox 1117 812 1896 852">
     <span class='ocr_line' id='line_1_61' title="bbox 1117 812 1896 852; baseline 0.006 -14"><span class='ocrx_word' id='word_1_411' title='bbox 1117 812 1234 839; x_wconf 76' lang='grc' dir='ltr'>Ἐλιασὶϐ</span> <span class='ocrx_word' id='word_1_412' title='bbox 1254 813 1380 848; x_wconf 73' lang='grc' dir='ltr'><strong>ἐγέννησε</strong></span> <span class='ocrx_word' id='word_1_413' title='bbox 1402 813 1446 839; x_wconf 84' lang='grc' dir='ltr'>τὸν</span> <span class='ocrx_word' id='word_1_414' title='bbox 1467 813 1567 846; x_wconf 82' lang='grc' dir='ltr'>Ίωδαὲ,</span> <span class='ocrx_word' id='word_1_415' title='bbox 1583 815 1630 841; x_wconf 75' lang='grc' dir='ltr'>καὶ</span> <span class='ocrx_word' id='word_1_416' title='bbox 1653 815 1742 841; x_wconf 76' lang='grc' dir='ltr'>Ἱωδαὲ</span> <span class='ocrx_word' id='word_1_417' title='bbox 1767 815 1896 852; x_wconf 73' lang='grc' dir='ltr'>ἐγέννησε</span> 
     </span>
    </p>
   </div>
   <div class='ocr_carea' id='block_1_62' title="bbox 1109 858 1894 895">
    <p class='ocr_par' dir='ltr' id='par_1_62' title="bbox 1109 858 1894 895">
     <span class='ocr_line' id='line_1_62' title="bbox 1109 858 1894 895; baseline 0.004 -10"><span class='ocrx_word' id='word_1_418' title='bbox 1109 858 1154 885; x_wconf 81' lang='grc' dir='ltr'>τὸν</span> <span class='ocrx_word' id='word_1_419' title='bbox 1175 859 1310 891; x_wconf 82' lang='grc' dir='ltr'>Ἰωνάθαν,</span> <span class='ocrx_word' id='word_1_420' title='bbox 1329 859 1375 886; x_wconf 70' lang='grc' dir='ltr'>καὶ</span> <span class='ocrx_word' id='word_1_421' title='bbox 1396 859 1522 886; x_wconf 83' lang='grc' dir='ltr'>Ἰωνάθαν</span> <span class='ocrx_word' id='word_1_422' title='bbox 1544 860 1670 895; x_wconf 72' lang='grc' dir='ltr'>ἐγέννησε</span> <span class='ocrx_word' id='word_1_423' title='bbox 1693 861 1739 887; x_wconf 80' lang='grc' dir='ltr'>τὸν</span> <span class='ocrx_word' id='word_1_424' title='bbox 1755 861 1864 888; x_wconf 81' lang='grc' dir='ltr'>Ἰαδδοῦ.</span> <span class='ocrx_word' id='word_1_425' title='bbox 1882 870 1894 888; x_wconf 72' lang='grc' dir='ltr'><strong>ι</strong></span> 
     </span>
    </p>
   </div>
   <div class='ocr_carea' id='block_1_63' title="bbox 1074 900 1898 943">
    <p class='ocr_par' dir='ltr' id='par_1_63' title="bbox 1074 900 1898 943">
     <span class='ocr_line' id='line_1_63' title="bbox 1074 900 1898 943; baseline 0.005 -13"><span class='ocrx_word' id='word_1_426' title='bbox 1074 900 1096 927; x_wconf 78' lang='grc' dir='ltr'><strong>Β</strong></span> <span class='ocrx_word' id='word_1_427' title='bbox 1110 905 1188 931; x_wconf 71' lang='grc' dir='ltr'>Κατὰ</span> <span class='ocrx_word' id='word_1_428' title='bbox 1207 905 1300 931; x_wconf 70' lang='grc' dir='ltr'>τοῦτον</span> <span class='ocrx_word' id='word_1_429' title='bbox 1324 905 1369 931; x_wconf 83' lang='grc' dir='ltr'><strong>τὸν</strong></span> <span class='ocrx_word' id='word_1_430' title='bbox 1398 905 1496 932; x_wconf 82' lang='grc' dir='ltr'>Ἰαδδοῦ</span> <span class='ocrx_word' id='word_1_431' title='bbox 1521 907 1535 932; x_wconf 79' lang='grc' dir='ltr'><strong>ό</strong></span> <span class='ocrx_word' id='word_1_432' title='bbox 1558 905 1689 933; x_wconf 80' lang='grc' dir='ltr'>Μακεδὼν</span> <span class='ocrx_word' id='word_1_433' title='bbox 1724 906 1898 943; x_wconf 77' lang='grc' dir='ltr'>Ἀλέξανδρος</span> 
     </span>
    </p>
   </div>
   <div class='ocr_carea' id='block_1_64' title="bbox 1116 950 1896 988">
    <p class='ocr_par' dir='ltr' id='par_1_64' title="bbox 1116 950 1896 988">
     <span class='ocr_line' id='line_1_64' title="bbox 1116 950 1896 988; baseline 0.004 -11"><span class='ocrx_word' id='word_1_434' title='bbox 1116 950 1317 986; x_wconf 80' lang='grc' dir='ltr'>Ἀλεξάνδρειαν</span> <span class='ocrx_word' id='word_1_435' title='bbox 1335 951 1432 983; x_wconf 73' lang='grc' dir='ltr'>κτίζει,</span> <span class='ocrx_word' id='word_1_436' title='bbox 1449 952 1487 983; x_wconf 82' lang='grc' dir='ltr'>ὡς</span> <span class='ocrx_word' id='word_1_437' title='bbox 1509 951 1638 986; x_wconf 81' lang='grc' dir='ltr'>Ἰώσηπος</span> <span class='ocrx_word' id='word_1_438' title='bbox 1660 952 1770 988; x_wconf 75' lang='grc' dir='ltr'>ἱστορεῖ,</span> <span class='ocrx_word' id='word_1_439' title='bbox 1796 953 1896 987; x_wconf 62' lang='grc' dir='ltr'>ἀφικόα</span> 
     </span>
    </p>
   </div>
   <div class='ocr_carea' id='block_1_65' title="bbox 1111 997 1895 1035">
    <p class='ocr_par' dir='ltr' id='par_1_65' title="bbox 1111 997 1895 1035">
     <span class='ocr_line' id='line_1_65' title="bbox 1111 997 1895 1035; baseline 0.004 -12"><span class='ocrx_word' id='word_1_440' title='bbox 1111 997 1189 1032; x_wconf 84' lang='grc' dir='ltr'>μενός</span> <span class='ocrx_word' id='word_1_441' title='bbox 1214 1005 1244 1023; x_wconf 87' lang='grc' dir='ltr'><strong>τε</strong></span> <span class='ocrx_word' id='word_1_442' title='bbox 1265 998 1305 1028; x_wconf 83' lang='grc' dir='ltr'><strong>είς</strong></span> <span class='ocrx_word' id='word_1_443' title='bbox 1323 997 1357 1024; x_wconf 73' lang='grc' dir='ltr'><strong>τὰ</strong></span> <span class='ocrx_word' id='word_1_444' title='bbox 1384 997 1565 1033; x_wconf 77' lang='grc' dir='ltr'>Ἱεροσόλυμα,</span> <span class='ocrx_word' id='word_1_445' title='bbox 1591 997 1631 1033; x_wconf 78' lang='grc' dir='ltr'>τῷ</span> <span class='ocrx_word' id='word_1_446' title='bbox 1654 998 1714 1034; x_wconf 86' lang='grc' dir='ltr'><strong>Θεῷ</strong></span> <span class='ocrx_word' id='word_1_447' title='bbox 1736 1000 1895 1035; x_wconf 78' lang='grc' dir='ltr'>προσκυνεῖ.</span> 
     </span>
    </p>
   </div>
   <div class='ocr_carea' id='block_1_66' title="bbox 1109 1043 1896 1080">
    <p class='ocr_par' dir='ltr' id='par_1_66' title="bbox 1109 1043 1896 1080">
     <span class='ocr_line' id='line_1_66' title="bbox 1109 1043 1896 1080; baseline 0.003 -10"><span class='ocrx_word' id='word_1_448' title='bbox 1109 1043 1228 1079; x_wconf 77' lang='grc' dir='ltr'>Τελευτᾷ</span> <span class='ocrx_word' id='word_1_449' title='bbox 1249 1044 1276 1070; x_wconf 79' lang='grc' dir='ltr'>δὲ</span> <span class='ocrx_word' id='word_1_450' title='bbox 1293 1044 1338 1070; x_wconf 86' lang='grc' dir='ltr'>τὸν</span> <span class='ocrx_word' id='word_1_451' title='bbox 1357 1044 1412 1079; x_wconf 85' lang='grc' dir='ltr'>βίον</span> <span class='ocrx_word' id='word_1_452' title='bbox 1434 1043 1606 1079; x_wconf 76' lang='grc' dir='ltr'>Ἀλέξανδρος</span> <span class='ocrx_word' id='word_1_453' title='bbox 1622 1044 1651 1070; x_wconf 79' lang='grc' dir='ltr'>ἐν</span> <span class='ocrx_word' id='word_1_454' title='bbox 1669 1045 1740 1080; x_wconf 79' lang='grc' dir='ltr'>ἀρχῇ</span> <span class='ocrx_word' id='word_1_455' title='bbox 1760 1045 1810 1080; x_wconf 85' lang='grc' dir='ltr'>τῆς</span> <span class='ocrx_word' id='word_1_456' title='bbox 1828 1046 1896 1072; x_wconf 80' lang='grc' dir='ltr'>ἑκα-</span> 
     </span>
    </p>
   </div>
   <div class='ocr_carea' id='block_1_67' title="bbox 1107 1088 1898 1125">
    <p class='ocr_par' dir='ltr' id='par_1_67' title="bbox 1107 1088 1898 1125">
     <span class='ocr_line' id='line_1_67' title="bbox 1107 1088 1898 1125; baseline 0.004 -11"><span class='ocrx_word' id='word_1_457' title='bbox 1107 1089 1206 1123; x_wconf 80' lang='grc' dir='ltr'>τοστῆς</span> <span class='ocrx_word' id='word_1_458' title='bbox 1228 1089 1274 1115; x_wconf 78' lang='grc' dir='ltr'><strong>καὶ</strong></span> <span class='ocrx_word' id='word_1_459' title='bbox 1295 1088 1594 1125; x_wconf 76' lang='grc' dir='ltr'>τεσσαρεσκαιδεκάτης</span> <span class='ocrx_word' id='word_1_460' title='bbox 1619 1088 1808 1124; x_wconf 75' lang='grc' dir='ltr'><strong>Ὀλυμπιάδος,</strong></span> <span class='ocrx_word' id='word_1_461' title='bbox 1827 1089 1898 1125; x_wconf 73' lang='grc' dir='ltr'>μετὰ.</span> 
     </span>
    </p>
   </div>
   <div class='ocr_carea' id='block_1_68' title="bbox 1109 1134 1896 1171">
    <p class='ocr_par' dir='ltr' id='par_1_68' title="bbox 1109 1134 1896 1171">
     <span class='ocr_line' id='line_1_68' title="bbox 1109 1134 1896 1171; baseline 0.003 -10"><span class='ocrx_word' id='word_1_462' title='bbox 1109 1134 1155 1170; x_wconf 80' lang='grc' dir='ltr'>ἔτη</span> <span class='ocrx_word' id='word_1_463' title='bbox 1179 1134 1302 1161; x_wconf 78' lang='grc' dir='ltr'>διακόσια</span> <span class='ocrx_word' id='word_1_464' title='bbox 1325 1136 1470 1171; x_wconf 80' lang='grc' dir='ltr'>τριάκοντα</span> <span class='ocrx_word' id='word_1_465' title='bbox 1496 1136 1528 1162; x_wconf 81' lang='grc' dir='ltr'>ἐκ</span> <span class='ocrx_word' id='word_1_466' title='bbox 1554 1135 1656 1171; x_wconf 80' lang='grc' dir='ltr'><strong>Κύρου,</strong></span> <span class='ocrx_word' id='word_1_467' title='bbox 1681 1135 1710 1167; x_wconf 76' lang='grc' dir='ltr'>ὃς</span> <span class='ocrx_word' id='word_1_468' title='bbox 1738 1135 1896 1163; x_wconf 73' lang='grc' dir='ltr'>ἐϐασίλευσε</span> 
     </span>
    </p>
   </div>
   <div class='ocr_carea' id='block_1_69' title="bbox 1109 1180 1898 1217">
    <p class='ocr_par' dir='ltr' id='par_1_69' title="bbox 1109 1180 1898 1217">
     <span class='ocr_line' id='line_1_69' title="bbox 1109 1180 1898 1217; baseline 0.004 -11"><span class='ocrx_word' id='word_1_469' title='bbox 1109 1180 1222 1215; x_wconf 86' lang='grc' dir='ltr'>Περσῶν</span> <span class='ocrx_word' id='word_1_470' title='bbox 1235 1180 1304 1207; x_wconf 74' lang='grc' dir='ltr'>κατὰ</span> <span class='ocrx_word' id='word_1_471' title='bbox 1318 1181 1348 1207; x_wconf 84' lang='grc' dir='ltr'>τὸ</span> <span class='ocrx_word' id='word_1_472' title='bbox 1365 1182 1471 1217; x_wconf 84' lang='grc' dir='ltr'>πρῶτον</span> <span class='ocrx_word' id='word_1_473' title='bbox 1484 1181 1543 1213; x_wconf 80' lang='grc' dir='ltr'>Ετος</span> <span class='ocrx_word' id='word_1_474' title='bbox 1558 1181 1686 1217; x_wconf 78' lang='grc' dir='ltr'>πέμπτης</span> <span class='ocrx_word' id='word_1_475' title='bbox 1701 1182 1748 1208; x_wconf 77' lang='grc' dir='ltr'>καὶ</span> <span class='ocrx_word' id='word_1_476' title='bbox 1764 1190 1898 1217; x_wconf 55' lang='grc' dir='ltr'>τεν-τηκο-</span> 
     </span>
    </p>
   </div>
   <div class='ocr_carea' id='block_1_70' title="bbox 1110 1226 1898 1263">
    <p class='ocr_par' dir='ltr' id='par_1_70' title="bbox 1110 1226 1898 1263">
     <span class='ocr_line' id='line_1_70' title="bbox 1110 1226 1898 1263; baseline 0.003 -11"><span class='ocrx_word' id='word_1_477' title='bbox 1110 1226 1175 1261; x_wconf 84' lang='grc' dir='ltr'>στῆς</span> <span class='ocrx_word' id='word_1_478' title='bbox 1197 1226 1385 1261; x_wconf 75' lang='grc' dir='ltr'><strong>Ὀλυμπιάδος.</strong></span> <span class='ocrx_word' id='word_1_479' title='bbox 1404 1227 1480 1254; x_wconf 67' lang='grc' dir='ltr'>Μετὰ</span> <span class='ocrx_word' id='word_1_480' title='bbox 1497 1227 1524 1254; x_wconf 78' lang='grc' dir='ltr'>δὲ</span> <span class='ocrx_word' id='word_1_481' title='bbox 1549 1227 1598 1263; x_wconf 80' lang='grc' dir='ltr'>τὴν</span> <span class='ocrx_word' id='word_1_482' title='bbox 1620 1227 1748 1262; x_wconf 78' lang='grc' dir='ltr'>τελευτὴν</span> <span class='ocrx_word' id='word_1_483' title='bbox 1772 1227 1898 1260; x_wconf 77' lang='grc' dir='ltr'>Ἀλεξάν-</span> 
     </span>
    </p>
   </div>
   <div class='ocr_carea' id='block_1_71' title="bbox 1109 1272 1898 1309">
    <p class='ocr_par' dir='ltr' id='par_1_71' title="bbox 1109 1272 1898 1309">
     <span class='ocr_line' id='line_1_71' title="bbox 1109 1272 1898 1309; baseline 0.003 -11"><span class='ocrx_word' id='word_1_484' title='bbox 1109 1272 1170 1308; x_wconf 76' lang='grc' dir='ltr'>δρου</span> <span class='ocrx_word' id='word_1_485' title='bbox 1187 1273 1234 1298; x_wconf 76' lang='grc' dir='ltr'>τοῦ</span> <span class='ocrx_word' id='word_1_486' title='bbox 1251 1273 1413 1305; x_wconf 75' lang='grc' dir='ltr'>Μακεδόνος,</span> <span class='ocrx_word' id='word_1_487' title='bbox 1445 1274 1490 1300; x_wconf 78' lang='grc' dir='ltr'>καὶ</span> <span class='ocrx_word' id='word_1_488' title='bbox 1510 1273 1578 1308; x_wconf 72' lang='grc' dir='ltr'>μετὰ</span> <span class='ocrx_word' id='word_1_489' title='bbox 1599 1273 1644 1300; x_wconf 75' lang='grc' dir='ltr'>τὸν</span> <span class='ocrx_word' id='word_1_490' title='bbox 1663 1273 1815 1308; x_wconf 78' lang='grc' dir='ltr'>δηλωθέντα</span> <span class='ocrx_word' id='word_1_491' title='bbox 1830 1274 1898 1309; x_wconf 82' lang='grc' dir='ltr'>ἀρχ-</span> 
     </span>
    </p>
   </div>
   <div class='ocr_carea' id='block_1_72' title="bbox 1111 1319 1897 1355">
    <p class='ocr_par' dir='ltr' id='par_1_72' title="bbox 1111 1319 1897 1355">
     <span class='ocr_line' id='line_1_72' title="bbox 1111 1319 1897 1355; baseline 0.001 -11"><span class='ocrx_word' id='word_1_492' title='bbox 1111 1319 1195 1354; x_wconf 82' lang='grc' dir='ltr'>ιερέα,</span> <span class='ocrx_word' id='word_1_493' title='bbox 1214 1319 1301 1351; x_wconf 81' lang='grc' dir='ltr'>Ὀνίας</span> <span class='ocrx_word' id='word_1_494' title='bbox 1319 1321 1424 1354; x_wconf 76' lang='grc' dir='ltr'>ἡγεῖται</span> <span class='ocrx_word' id='word_1_495' title='bbox 1436 1319 1482 1345; x_wconf 73' lang='grc' dir='ltr'>τοῦ</span> <span class='ocrx_word' id='word_1_496' title='bbox 1498 1319 1599 1351; x_wconf 83' lang='grc' dir='ltr'>ἔθνους,</span> <span class='ocrx_word' id='word_1_497' title='bbox 1619 1320 1668 1354; x_wconf 79' lang='grc' dir='ltr'>τῆς</span> <span class='ocrx_word' id='word_1_498' title='bbox 1685 1319 1738 1345; x_wconf 82' lang='grc' dir='ltr'>τῶν</span> <span class='ocrx_word' id='word_1_499' title='bbox 1748 1319 1897 1355; x_wconf 75' lang='grc' dir='ltr'>ἀρχιερέων</span> 
     </span>
    </p>
   </div>
   <div class='ocr_carea' id='block_1_73' title="bbox 1109 1364 1895 1401">
    <p class='ocr_par' dir='ltr' id='par_1_73' title="bbox 1109 1364 1895 1401">
     <span class='ocr_line' id='line_1_73' title="bbox 1109 1364 1895 1401; baseline 0 -10"><span class='ocrx_word' id='word_1_500' title='bbox 1109 1365 1156 1391; x_wconf 74' lang='grc' dir='ltr'>καὶ</span> <span class='ocrx_word' id='word_1_501' title='bbox 1179 1365 1259 1397; x_wconf 70' lang='grc' dir='ltr'>αὐτὸς</span> <span class='ocrx_word' id='word_1_502' title='bbox 1282 1365 1479 1401; x_wconf 79' lang='grc' dir='ltr'>ἐπειλημμένος</span> <span class='ocrx_word' id='word_1_503' title='bbox 1502 1365 1602 1400; x_wconf 72' lang='grc' dir='ltr'>τιμῆςο</span> <span class='ocrx_word' id='word_1_504' title='bbox 1624 1364 1684 1391; x_wconf 82' lang='grc' dir='ltr'>καθ’</span> <span class='ocrx_word' id='word_1_505' title='bbox 1703 1365 1732 1392; x_wconf 81' lang='grc' dir='ltr'>ὃν</span> <span class='ocrx_word' id='word_1_506' title='bbox 1754 1365 1895 1398; x_wconf 82' lang='grc' dir='ltr'>Σέλευκος,</span> 
     </span>
    </p>
   </div>
   <div class='ocr_carea' id='block_1_74' title="bbox 1109 1410 1898 1446">
    <p class='ocr_par' dir='ltr' id='par_1_74' title="bbox 1109 1410 1898 1446">
     <span class='ocr_line' id='line_1_74' title="bbox 1109 1410 1898 1446; baseline 0.003 -10"><span class='ocrx_word' id='word_1_507' title='bbox 1109 1410 1256 1437; x_wconf 76' lang='grc' dir='ltr'>Βαϐυλῶνα</span> <span class='ocrx_word' id='word_1_508' title='bbox 1270 1412 1419 1446; x_wconf 72' lang='grc' dir='ltr'>κρατήσας,</span> <span class='ocrx_word' id='word_1_509' title='bbox 1435 1411 1465 1437; x_wconf 78' lang='grc' dir='ltr'>τὸ</span> <span class='ocrx_word' id='word_1_510' title='bbox 1478 1411 1527 1446; x_wconf 80' lang='grc' dir='ltr'>τῆς</span> <span class='ocrx_word' id='word_1_511' title='bbox 1549 1411 1640 1442; x_wconf 83' lang='grc' dir='ltr'>Ἀσίας</span> <span class='ocrx_word' id='word_1_512' title='bbox 1658 1411 1826 1446; x_wconf 81' lang='grc' dir='ltr'>περιτίθεται</span> <span class='ocrx_word' id='word_1_513' title='bbox 1838 1411 1898 1438; x_wconf 60' lang='grc' dir='ltr'>διάη</span> 
     </span>
    </p>
   </div>
   <div class='ocr_carea' id='block_1_75' title="bbox 1109 1456 1896 1492">
    <p class='ocr_par' dir='ltr' id='par_1_75' title="bbox 1109 1456 1896 1492">
     <span class='ocr_line' id='line_1_75' title="bbox 1109 1456 1896 1492; baseline 0 -10"><span class='ocrx_word' id='word_1_514' title='bbox 1109 1456 1182 1492; x_wconf 87' lang='grc' dir='ltr'>δημα</span> <span class='ocrx_word' id='word_1_515' title='bbox 1195 1457 1248 1482; x_wconf 80' lang='grc' dir='ltr'>ἔτει</span> <span class='ocrx_word' id='word_1_516' title='bbox 1263 1457 1404 1492; x_wconf 76' lang='grc' dir='ltr'><strong>δωδεκάτῳ</strong></span> <span class='ocrx_word' id='word_1_517' title='bbox 1417 1456 1484 1492; x_wconf 74' lang='grc' dir='ltr'>μετὰ</span> <span class='ocrx_word' id='word_1_518' title='bbox 1497 1457 1546 1491; x_wconf 77' lang='grc' dir='ltr'>τὴν</span> <span class='ocrx_word' id='word_1_519' title='bbox 1566 1456 1739 1492; x_wconf 77' lang='grc' dir='ltr'>Ἀλεξάνδρου</span> <span class='ocrx_word' id='word_1_520' title='bbox 1755 1456 1896 1492; x_wconf 78' lang='grc' dir='ltr'>τελευτὴν,</span> 
     </span>
    </p>
   </div>
   <div class='ocr_carea' id='block_1_76' title="bbox 1110 1502 1897 1538">
    <p class='ocr_par' dir='ltr' id='par_1_76' title="bbox 1110 1502 1897 1538">
     <span class='ocr_line' id='line_1_76' title="bbox 1110 1502 1897 1538; baseline -0.001 -9"><span class='ocrx_word' id='word_1_521' title='bbox 1110 1502 1170 1529; x_wconf 70' lang='grc' dir='ltr'>καθ’</span> <span class='ocrx_word' id='word_1_522' title='bbox 1186 1503 1214 1529; x_wconf 81' lang='grc' dir='ltr'>ὃν</span> <span class='ocrx_word' id='word_1_523' title='bbox 1230 1503 1373 1537; x_wconf 75' lang='grc' dir='ltr'>συνάγεται</span> <span class='ocrx_word' id='word_1_524' title='bbox 1387 1503 1401 1529; x_wconf 87' lang='grc' dir='ltr'><strong>ό</strong></span> <span class='ocrx_word' id='word_1_525' title='bbox 1413 1503 1466 1534; x_wconf 73' lang='grc' dir='ltr'>πᾶς</span> <span class='ocrx_word' id='word_1_526' title='bbox 1482 1502 1576 1537; x_wconf 83' lang='grc' dir='ltr'>χρόνος</span> <span class='ocrx_word' id='word_1_527' title='bbox 1587 1503 1601 1528; x_wconf 84' lang='grc' dir='ltr'><strong>ό</strong></span> <span class='ocrx_word' id='word_1_528' title='bbox 1615 1502 1670 1529; x_wconf 78' lang='grc' dir='ltr'><strong>ἀπὸ</strong></span> <span class='ocrx_word' id='word_1_529' title='bbox 1682 1502 1774 1538; x_wconf 79' lang='grc' dir='ltr'>Κύρου</span> <span class='ocrx_word' id='word_1_530' title='bbox 1789 1503 1828 1534; x_wconf 83' lang='grc' dir='ltr'><strong>είς</strong></span> <span class='ocrx_word' id='word_1_531' title='bbox 1847 1502 1897 1538; x_wconf 78' lang='grc' dir='ltr'>ἐτη</span> 
     </span>
    </p>
   </div>
   <div class='ocr_carea' id='block_1_77' title="bbox 1110 1548 1897 1585">
    <p class='ocr_par' dir='ltr' id='par_1_77' title="bbox 1110 1548 1897 1585">
     <span class='ocr_line' id='line_1_77' title="bbox 1110 1548 1897 1585; baseline 0 -10"><span class='ocrx_word' id='word_1_532' title='bbox 1110 1549 1231 1576; x_wconf 82' lang='grc' dir='ltr'>διακόσια</span> <span class='ocrx_word' id='word_1_533' title='bbox 1248 1548 1532 1584; x_wconf 83' lang='grc' dir='ltr'>τεσσαρακονταοκτὼ.</span> <span class='ocrx_word' id='word_1_534' title='bbox 1559 1549 1698 1575; x_wconf 75' lang='grc' dir='ltr'>Ἐντεῦθεν</span> <span class='ocrx_word' id='word_1_535' title='bbox 1723 1548 1772 1584; x_wconf 83' lang='grc' dir='ltr'>τὴν</span> <span class='ocrx_word' id='word_1_536' title='bbox 1800 1548 1897 1585; x_wconf 82' lang='grc' dir='ltr'>Ἐλλή-</span> 
     </span>
    </p>
   </div>
   <div class='ocr_carea' id='block_1_78' title="bbox 1111 1594 1900 1631">
    <p class='ocr_par' dir='ltr' id='par_1_78' title="bbox 1111 1594 1900 1631">
     <span class='ocr_line' id='line_1_78' title="bbox 1111 1594 1900 1631; baseline 0.001 -10"><span class='ocrx_word' id='word_1_537' title='bbox 1111 1603 1163 1621; x_wconf 88' lang='grc' dir='ltr'>νων</span> <span class='ocrx_word' id='word_1_538' title='bbox 1180 1594 1316 1629; x_wconf 81' lang='grc' dir='ltr'>βασιλείαν</span> <span class='ocrx_word' id='word_1_539' title='bbox 1332 1596 1348 1630; x_wconf 82' lang='grc' dir='ltr'>ἡ</span> <span class='ocrx_word' id='word_1_540' title='bbox 1360 1595 1412 1621; x_wconf 84' lang='grc' dir='ltr'>τῶν</span> <span class='ocrx_word' id='word_1_541' title='bbox 1426 1594 1612 1622; x_wconf 76' lang='grc' dir='ltr'>Μακκαεαίων</span> <span class='ocrx_word' id='word_1_542' title='bbox 1623 1594 1715 1631; x_wconf 70' lang='grc' dir='ltr'>γραφὴ</span> <span class='ocrx_word' id='word_1_543' title='bbox 1726 1594 1900 1631; x_wconf 73' lang='grc' dir='ltr'>καταριθμεῖο</span> 
     </span>
    </p>
   </div>
   <div class='ocr_carea' id='block_1_79' title="bbox 1111 1640 1900 1677">
    <p class='ocr_par' dir='ltr' id='par_1_79' title="bbox 1111 1640 1900 1677">
     <span class='ocr_line' id='line_1_79' title="bbox 1111 1640 1900 1677; baseline 0.001 -10"><span class='ocrx_word' id='word_1_544' title='bbox 1111 1640 1172 1667; x_wconf 82' lang='grc' dir='ltr'>σθαι</span> <span class='ocrx_word' id='word_1_545' title='bbox 1187 1641 1309 1677; x_wconf 73' lang='grc' dir='ltr'>ἄρχεται.</span> <span class='ocrx_word' id='word_1_546' title='bbox 1332 1641 1408 1668; x_wconf 78' lang='grc' dir='ltr'>Μετὰ</span> <span class='ocrx_word' id='word_1_547' title='bbox 1424 1641 1452 1667; x_wconf 81' lang='grc' dir='ltr'>δὲ</span> <span class='ocrx_word' id='word_1_548' title='bbox 1469 1641 1514 1667; x_wconf 75' lang='grc' dir='ltr'><strong>τὸν</strong></span> <span class='ocrx_word' id='word_1_549' title='bbox 1536 1642 1624 1668; x_wconf 81' lang='grc' dir='ltr'>Ὀνίαν</span> <span class='ocrx_word' id='word_1_550' title='bbox 1639 1642 1746 1676; x_wconf 76' lang='grc' dir='ltr'>ἡγεῖται</span> <span class='ocrx_word' id='word_1_551' title='bbox 1758 1641 1813 1668; x_wconf 82' lang='grc' dir='ltr'>τῶν</span> <span class='ocrx_word' id='word_1_552' title='bbox 1833 1642 1900 1668; x_wconf 78' lang='grc' dir='ltr'>Ἰου-</span> 
     </span>
    </p>
   </div>
   <div class='ocr_carea' id='block_1_80' title="bbox 1109 1687 1897 1723">
    <p class='ocr_par' dir='ltr' id='par_1_80' title="bbox 1109 1687 1897 1723">
     <span class='ocr_line' id='line_1_80' title="bbox 1109 1687 1897 1723; baseline 0.001 -10"><span class='ocrx_word' id='word_1_553' title='bbox 1109 1687 1190 1714; x_wconf 82' lang='grc' dir='ltr'>δαίων</span> <span class='ocrx_word' id='word_1_554' title='bbox 1215 1688 1360 1722; x_wconf 79' lang='grc' dir='ltr'>ἀρχιερεὺς</span> <span class='ocrx_word' id='word_1_555' title='bbox 1385 1687 1555 1723; x_wconf 80' lang='grc' dir='ltr'>Ἐλεάζαρος,</span> <span class='ocrx_word' id='word_1_556' title='bbox 1578 1687 1638 1714; x_wconf 73' lang='grc' dir='ltr'>καθ’</span> <span class='ocrx_word' id='word_1_557' title='bbox 1660 1688 1689 1713; x_wconf 82' lang='grc' dir='ltr'>ὃν</span> <span class='ocrx_word' id='word_1_558' title='bbox 1712 1688 1737 1713; x_wconf 75' lang='grc' dir='ltr'>οἱ</span> <span class='ocrx_word' id='word_1_559' title='bbox 1764 1687 1897 1723; x_wconf 68' lang='grc' dir='ltr'>Ἑὸδομήο</span> 
     </span>
    </p>
   </div>
   <div class='ocr_carea' id='block_1_81' title="bbox 1110 1732 1896 1768">
    <p class='ocr_par' dir='ltr' id='par_1_81' title="bbox 1110 1732 1896 1768">
     <span class='ocr_line' id='line_1_81' title="bbox 1110 1732 1896 1768; baseline 0 -9"><span class='ocrx_word' id='word_1_560' title='bbox 1110 1741 1202 1763; x_wconf 83' lang='grc' dir='ltr'>κοντα,</span> <span class='ocrx_word' id='word_1_561' title='bbox 1225 1733 1273 1764; x_wconf 76' lang='grc' dir='ltr'><strong>τὰς</strong></span> <span class='ocrx_word' id='word_1_562' title='bbox 1292 1732 1366 1763; x_wconf 86' lang='grc' dir='ltr'>θείας</span> <span class='ocrx_word' id='word_1_563' title='bbox 1380 1732 1596 1768; x_wconf 73' lang='grc' dir='ltr'>ὲρμηνεύσαντες</span> <span class='ocrx_word' id='word_1_564' title='bbox 1612 1732 1731 1768; x_wconf 71' lang='grc' dir='ltr'>Γραφὲις,</span> <span class='ocrx_word' id='word_1_565' title='bbox 1749 1735 1809 1764; x_wconf 84' lang='grc' dir='ltr'>ταῖς</span> <span class='ocrx_word' id='word_1_566' title='bbox 1825 1733 1896 1760; x_wconf 78' lang='grc' dir='ltr'>κατὰ</span> 
     </span>
    </p>
   </div>
   <div class='ocr_carea' id='block_1_82' title="bbox 1117 1778 1898 1814">
    <p class='ocr_par' dir='ltr' id='par_1_82' title="bbox 1117 1778 1898 1814">
     <span class='ocr_line' id='line_1_82' title="bbox 1117 1778 1898 1814; baseline 0.004 -11"><span class='ocrx_word' id='word_1_567' title='bbox 1117 1778 1316 1813; x_wconf 76' lang='grc' dir='ltr'>Ἀλεξάνδρειαν</span> <span class='ocrx_word' id='word_1_568' title='bbox 1341 1778 1524 1813; x_wconf 73' lang='grc' dir='ltr'>βιϐλιοθήκαις</span> <span class='ocrx_word' id='word_1_569' title='bbox 1548 1778 1753 1805; x_wconf 81' lang='grc' dir='ltr'>ἀνατεθείκασι·</span> <span class='ocrx_word' id='word_1_570' title='bbox 1783 1779 1842 1814; x_wconf 83' lang='grc' dir='ltr'>μεθ’</span> <span class='ocrx_word' id='word_1_571' title='bbox 1867 1779 1898 1806; x_wconf 71' lang='grc' dir='ltr'>ὃν</span> 
     </span>
    </p>
   </div>
   <div class='ocr_carea' id='block_1_83' title="bbox 1110 1824 1900 1860">
    <p class='ocr_par' dir='ltr' id='par_1_83' title="bbox 1110 1824 1900 1860">
     <span class='ocr_line' id='line_1_83' title="bbox 1110 1824 1900 1860; baseline 0.003 -10"><span class='ocrx_word' id='word_1_572' title='bbox 1110 1824 1202 1858; x_wconf 69' lang='grc' dir='ltr'>ἕτερος</span> <span class='ocrx_word' id='word_1_573' title='bbox 1223 1824 1320 1856; x_wconf 74' lang='grc' dir='ltr'>Ὀνίας,</span> <span class='ocrx_word' id='word_1_574' title='bbox 1338 1824 1367 1850; x_wconf 84' lang='grc' dir='ltr'>ὂν</span> <span class='ocrx_word' id='word_1_575' title='bbox 1383 1824 1534 1859; x_wconf 77' lang='grc' dir='ltr'>διαδέχεται</span> <span class='ocrx_word' id='word_1_576' title='bbox 1556 1825 1656 1860; x_wconf 82' lang='grc' dir='ltr'>Σίμων,</span> <span class='ocrx_word' id='word_1_577' title='bbox 1673 1824 1733 1852; x_wconf 76' lang='grc' dir='ltr'>καθ’</span> <span class='ocrx_word' id='word_1_578' title='bbox 1748 1825 1777 1852; x_wconf 83' lang='grc' dir='ltr'>ὃν</span> <span class='ocrx_word' id='word_1_579' title='bbox 1796 1824 1900 1860; x_wconf 75' lang='grc' dir='ltr'>Ἰησοῦς</span> 
     </span>
    </p>
   </div>
   <div class='ocr_carea' id='block_1_84' title="bbox 1109 1869 1900 1908">
    <p class='ocr_par' dir='ltr' id='par_1_84' title="bbox 1109 1869 1900 1908">
     <span class='ocr_line' id='line_1_84' title="bbox 1109 1869 1900 1908; baseline 0.004 -13"><span class='ocrx_word' id='word_1_580' title='bbox 1109 1871 1124 1896; x_wconf 79' lang='grc' dir='ltr'><strong>ό</strong></span> <span class='ocrx_word' id='word_1_581' title='bbox 1139 1870 1186 1896; x_wconf 83' lang='grc' dir='ltr'>τοῦ</span> <span class='ocrx_word' id='word_1_582' title='bbox 1211 1869 1295 1905; x_wconf 77' lang='grc' dir='ltr'>Σιρὰχ</span> <span class='ocrx_word' id='word_1_583' title='bbox 1312 1870 1483 1905; x_wconf 75' lang='grc' dir='ltr'>ἐγνωρίζετο,</span> <span class='ocrx_word' id='word_1_584' title='bbox 1499 1871 1513 1897; x_wconf 83' lang='grc' dir='ltr'><strong>ό</strong></span> <span class='ocrx_word' id='word_1_585' title='bbox 1528 1871 1577 1906; x_wconf 77' lang='grc' dir='ltr'>τὴν</span> <span class='ocrx_word' id='word_1_586' title='bbox 1592 1871 1762 1907; x_wconf 81' lang='grc' dir='ltr'>καλουμένην</span> <span class='ocrx_word' id='word_1_587' title='bbox 1778 1872 1900 1908; x_wconf 80' lang='grc' dir='ltr'>πανάρε-</span> 
     </span>
    </p>
   </div>
   <div class='ocr_carea' id='block_1_85' title="bbox 1110 1917 1901 1954">
    <p class='ocr_par' dir='ltr' id='par_1_85' title="bbox 1110 1917 1901 1954">
     <span class='ocr_line' id='line_1_85' title="bbox 1110 1917 1901 1954; baseline 0.001 -10"><span class='ocrx_word' id='word_1_588' title='bbox 1110 1927 1155 1945; x_wconf 87' lang='grc' dir='ltr'><strong>τον</strong></span> <span class='ocrx_word' id='word_1_589' title='bbox 1168 1919 1281 1953; x_wconf 55' lang='grc' dir='ltr'>Σοφίαν</span> <span class='ocrx_word' id='word_1_590' title='bbox 1297 1917 1428 1950; x_wconf 77' lang='grc' dir='ltr'>συντάξας</span> <span class='ocrx_word' id='word_1_591' title='bbox 1440 1927 1447 1933; x_wconf 71' lang='grc'><em>³</em></span> <span class='ocrx_word' id='word_1_592' title='bbox 1463 1918 1520 1954; x_wconf 80' lang='grc' dir='ltr'>μεθ’</span> <span class='ocrx_word' id='word_1_593' title='bbox 1533 1919 1562 1945; x_wconf 74' lang='grc' dir='ltr'>ὃν</span> <span class='ocrx_word' id='word_1_594' title='bbox 1578 1919 1671 1954; x_wconf 76' lang='grc' dir='ltr'>ἕτερος</span> <span class='ocrx_word' id='word_1_595' title='bbox 1683 1919 1828 1954; x_wconf 72' lang='grc' dir='ltr'>ὁμώνυμος</span> <span class='ocrx_word' id='word_1_596' title='bbox 1843 1920 1901 1950; x_wconf 80' lang='grc' dir='ltr'>τοῖς</span> 
     </span>
    </p>
   </div>
   <div class='ocr_carea' id='block_1_86' title="bbox 1111 1963 1900 1999">
    <p class='ocr_par' dir='ltr' id='par_1_86' title="bbox 1111 1963 1900 1999">
     <span class='ocr_line' id='line_1_86' title="bbox 1111 1963 1900 1999; baseline 0 -9"><span class='ocrx_word' id='word_1_597' title='bbox 1111 1964 1227 1999; x_wconf 78' lang='grc' dir='ltr'>πρόσθεν</span> <span class='ocrx_word' id='word_1_598' title='bbox 1246 1963 1334 1995; x_wconf 79' lang='grc' dir='ltr'>Ὀνίας</span> <span class='ocrx_word' id='word_1_599' title='bbox 1347 1965 1462 1998; x_wconf 80' lang='grc' dir='ltr'>ἡγεῖται,</span> <span class='ocrx_word' id='word_1_600' title='bbox 1480 1964 1540 1990; x_wconf 81' lang='grc' dir='ltr'>καθ’</span> <span class='ocrx_word' id='word_1_601' title='bbox 1552 1964 1582 1990; x_wconf 79' lang='grc' dir='ltr'>ὃν</span> <span class='ocrx_word' id='word_1_602' title='bbox 1599 1963 1743 1999; x_wconf 78' lang='grc' dir='ltr'>Ἀντίοχος,</span> <span class='ocrx_word' id='word_1_603' title='bbox 1755 1963 1819 1995; x_wconf 72' lang='grc' dir='ltr'>τοὺς</span> <span class='ocrx_word' id='word_1_604' title='bbox 1834 1964 1900 1990; x_wconf 79' lang='grc' dir='ltr'>’1ου-</span> 
     </span>
    </p>
   </div>
   <div class='ocr_carea' id='block_1_87' title="bbox 1111 2007 1900 2044">
    <p class='ocr_par' dir='ltr' id='par_1_87' title="bbox 1111 2007 1900 2044">
     <span class='ocr_line' id='line_1_87' title="bbox 1111 2007 1900 2044; baseline -0.004 -7"><span class='ocrx_word' id='word_1_605' title='bbox 1111 2010 1201 2041; x_wconf 85' lang='grc' dir='ltr'>δαίους</span> <span class='ocrx_word' id='word_1_606' title='bbox 1228 2009 1418 2044; x_wconf 76' lang='grc' dir='ltr'>πολιορκήσας,</span> <span class='ocrx_word' id='word_1_607' title='bbox 1439 2009 1602 2044; x_wconf 78' lang='grc' dir='ltr'>Ἐλληνίζειν</span> <span class='ocrx_word' id='word_1_608' title='bbox 1616 2009 1818 2044; x_wconf 68' lang='grc' dir='ltr'><strong>κατηνάγκαζε⁸</strong></span> <span class='ocrx_word' id='word_1_609' title='bbox 1839 2007 1900 2043; x_wconf 80' lang='grc' dir='ltr'>μεθ’</span> 
     </span>
    </p>
   </div>
   <div class='ocr_carea' id='block_1_88' title="bbox 1110 2055 1901 2092">
    <p class='ocr_par' dir='ltr' id='par_1_88' title="bbox 1110 2055 1901 2092">
     <span class='ocr_line' id='line_1_88' title="bbox 1110 2055 1901 2092; baseline 0 -10"><span class='ocrx_word' id='word_1_610' title='bbox 1110 2056 1139 2082; x_wconf 80' lang='grc' dir='ltr'>ὅν</span> <span class='ocrx_word' id='word_1_611' title='bbox 1163 2055 1284 2092; x_wconf 80' lang='grc' dir='ltr'>προστὰς</span> <span class='ocrx_word' id='word_1_612' title='bbox 1307 2056 1360 2082; x_wconf 87' lang='grc' dir='ltr'>τῶν</span> <span class='ocrx_word' id='word_1_613' title='bbox 1384 2056 1555 2091; x_wconf 83' lang='grc' dir='ltr'>πραγμάτων</span> <span class='ocrx_word' id='word_1_614' title='bbox 1575 2055 1686 2087; x_wconf 80' lang='grc' dir='ltr'>Ἰούδας,</span> <span class='ocrx_word' id='word_1_615' title='bbox 1704 2055 1723 2085; x_wconf 68' lang='grc' dir='ltr'>,ὁ</span> <span class='ocrx_word' id='word_1_616' title='bbox 1744 2055 1901 2090; x_wconf 73' lang='grc' dir='ltr'>ἐπικληθεὶς</span> 
     </span>
    </p>
   </div>
   <div class='ocr_carea' id='block_1_89' title="bbox 1110 2101 1900 2137">
    <p class='ocr_par' dir='ltr' id='par_1_89' title="bbox 1110 2101 1900 2137">
     <span class='ocr_line' id='line_1_89' title="bbox 1110 2101 1900 2137; baseline -0.001 -8"><span class='ocrx_word' id='word_1_617' title='bbox 1110 2103 1298 2134; x_wconf 74' lang='grc' dir='ltr'>Μακκαϐαῖος,</span> <span class='ocrx_word' id='word_1_618' title='bbox 1313 2101 1461 2136; x_wconf 76' lang='grc' dir='ltr'>ὲξεκάϐηρε</span> <span class='ocrx_word' id='word_1_619' title='bbox 1478 2101 1533 2127; x_wconf 82' lang='grc' dir='ltr'>τῶν</span> <span class='ocrx_word' id='word_1_620' title='bbox 1549 2101 1655 2128; x_wconf 73' lang='grc' dir='ltr'>ἀσεϐῶν</span> <span class='ocrx_word' id='word_1_621' title='bbox 1672 2101 1721 2136; x_wconf 82' lang='grc' dir='ltr'><strong>τὴν</strong></span> <span class='ocrx_word' id='word_1_622' title='bbox 1743 2101 1836 2137; x_wconf 84' lang='grc' dir='ltr'>χώραν</span> <span class='ocrx_word' id='word_1_623' title='bbox 1847 2109 1854 2116; x_wconf 90' lang='grc'><strong>·</strong></span> <span class='ocrx_word' id='word_1_624' title='bbox 1869 2101 1900 2128; x_wconf 81' lang='grc' dir='ltr'>ὃν</span> 
     </span>
    </p>
   </div>
   <div class='ocr_carea' id='block_1_90' title="bbox 1110 2143 1899 2182">
    <p class='ocr_par' dir='ltr' id='par_1_90' title="bbox 1110 2143 1899 2182">
     <span class='ocr_line' id='line_1_90' title="bbox 1110 2143 1899 2182; baseline 0 -9"><span class='ocrx_word' id='word_1_625' title='bbox 1110 2147 1124 2173; x_wconf 86' lang='grc' dir='ltr'><strong>ό</strong></span> <span class='ocrx_word' id='word_1_626' title='bbox 1141 2147 1253 2182; x_wconf 74' lang='grc' dir='ltr'>ἁδελφὸς</span> <span class='ocrx_word' id='word_1_627' title='bbox 1274 2147 1398 2181; x_wconf 73' lang='grc' dir='ltr'>Ἰωνάθης</span> <span class='ocrx_word' id='word_1_628' title='bbox 1410 2146 1578 2181; x_wconf 77' lang='grc' dir='ltr'>διαδέχεται·</span> <span class='ocrx_word' id='word_1_629' title='bbox 1596 2147 1643 2173; x_wconf 72' lang='grc' dir='ltr'>καὶ</span> <span class='ocrx_word' id='word_1_630' title='bbox 1659 2146 1739 2172; x_wconf 73' lang='grc' dir='ltr'>πάλιν</span> <span class='ocrx_word' id='word_1_631' title='bbox 1753 2146 1855 2182; x_wconf 79' lang='grc' dir='ltr'>Σίμων,</span> <span class='ocrx_word' id='word_1_632' title='bbox 1867 2143 1899 2173; x_wconf 68' lang='grc' dir='ltr'><strong>οὗ</strong></span> 
     </span>
    </p>
   </div>
   <div class='ocr_carea' id='block_1_91' title="bbox 1112 2192 1900 2228">
    <p class='ocr_par' dir='ltr' id='par_1_91' title="bbox 1112 2192 1900 2228">
     <span class='ocr_line' id='line_1_91' title="bbox 1112 2192 1900 2228; baseline 0 -9"><span class='ocrx_word' id='word_1_633' title='bbox 1112 2192 1182 2219; x_wconf 72' lang='grc' dir='ltr'>κατὰ</span> <span class='ocrx_word' id='word_1_634' title='bbox 1199 2193 1248 2228; x_wconf 77' lang='grc' dir='ltr'>τὴν</span> <span class='ocrx_word' id='word_1_635' title='bbox 1271 2192 1397 2227; x_wconf 83' lang='grc' dir='ltr'>τελευτὴν</span> <span class='ocrx_word' id='word_1_636' title='bbox 1423 2192 1536 2227; x_wconf 74' lang='grc' dir='ltr'>ἕϐδομον</span> <span class='ocrx_word' id='word_1_637' title='bbox 1559 2193 1606 2218; x_wconf 76' lang='grc' dir='ltr'>καὶ</span> <span class='ocrx_word' id='word_1_638' title='bbox 1631 2192 1830 2228; x_wconf 74' lang='grc' dir='ltr'>ἑϐδομηκοστὸν</span> <span class='ocrx_word' id='word_1_639' title='bbox 1853 2192 1900 2219; x_wconf 78' lang='grc' dir='ltr'>καὶ</span> 
     </span>
    </p>
   </div>
   <div class='ocr_carea' id='block_1_92' title="bbox 272 2237 1060 2275">
    <p class='ocr_par' dir='ltr' id='par_1_92' title="bbox 272 2237 1060 2272">
     <span class='ocr_line' id='line_1_92' title="bbox 272 2237 1060 2272; baseline 0.003 -9"><span class='ocrx_word' id='word_1_640' title='bbox 272 2237 392 2271; x_wconf 78' lang='lat' dir='ltr'><strong>gcsinms</strong></span> <span class='ocrx_word' id='word_1_641' title='bbox 415 2243 498 2270; x_wconf 85' lang='lat' dir='ltr'><strong>supra</strong></span> <span class='ocrx_word' id='word_1_642' title='bbox 521 2237 714 2267; x_wconf 80' lang='lat' dir='ltr'><strong>centesimum,</strong></span> <span class='ocrx_word' id='word_1_643' title='bbox 729 2237 762 2264; x_wconf 87' lang='lat' dir='ltr'><strong>ad</strong></span> <span class='ocrx_word' id='word_1_644' title='bbox 778 2237 849 2271; x_wconf 91' lang='lat' dir='ltr'><strong>quod</strong></span> <span class='ocrx_word' id='word_1_645' title='bbox 876 2245 942 2265; x_wconf 85' lang='lat' dir='ltr'><strong>sane</strong></span> <span class='ocrx_word' id='word_1_646' title='bbox 953 2242 1060 2272; x_wconf 85' lang='lat' dir='ltr'><strong>tempus</strong></span> 
     </span>
    </p>
   </div>
   <div class='ocr_carea' id='block_1_93' title="bbox 1109 2237 1898 2275">
    <p class='ocr_par' dir='ltr' id='par_1_93' title="bbox 1112 2238 1898 2275">
     <span class='ocr_line' id='line_1_93' title="bbox 1112 2238 1898 2275; baseline -0.001 -9"><span class='ocrx_word' id='word_1_647' title='bbox 1112 2239 1255 2266; x_wconf 67' lang='grc' dir='ltr'>ἑκατοστὸν</span> <span class='ocrx_word' id='word_1_648' title='bbox 1269 2238 1327 2275; x_wconf 74' lang='grc' dir='ltr'>ἔτος</span> <span class='ocrx_word' id='word_1_649' title='bbox 1340 2238 1526 2273; x_wconf 69' lang='grc' dir='ltr'>ἐξαριθμεῖται</span> <span class='ocrx_word' id='word_1_650' title='bbox 1539 2238 1588 2273; x_wconf 84' lang='grc' dir='ltr'>τῆς</span> <span class='ocrx_word' id='word_1_651' title='bbox 1602 2238 1672 2264; x_wconf 72' lang='grc' dir='ltr'>κατὰ</span> <span class='ocrx_word' id='word_1_652' title='bbox 1686 2238 1786 2274; x_wconf 80' lang='grc' dir='ltr'>Συρίαν</span> <span class='ocrx_word' id='word_1_653' title='bbox 1801 2238 1898 2274; x_wconf 77' lang='grc' dir='ltr'>ἀρχῆς,</span> 
     </span>
    </p>
   </div>
   <div class='ocr_carea' id='block_1_94' title="bbox 274 2280 1059 2317">
    <p class='ocr_par' dir='ltr' id='par_1_94' title="bbox 274 2280 1059 2317">
     <span class='ocr_line' id='line_1_94' title="bbox 274 2280 1059 2317; baseline 0.003 -8"><span class='ocrx_word' id='word_1_654' title='bbox 274 2284 389 2317; x_wconf 72' lang='lat' dir='ltr'><strong>primus,</strong></span> <span class='ocrx_word' id='word_1_655' title='bbox 405 2282 451 2316; x_wconf 90' lang='lat' dir='ltr'><strong>qui</strong></span> <span class='ocrx_word' id='word_1_656' title='bbox 469 2280 682 2309; x_wconf 77' lang='lat' dir='ltr'><strong>Mucltabworum</strong></span> <span class='ocrx_word' id='word_1_657' title='bbox 699 2286 812 2309; x_wconf 83' lang='lat' dir='ltr'><strong>vocatur</strong></span> <span class='ocrx_word' id='word_1_658' title='bbox 825 2283 904 2313; x_wconf 81' lang='lat' dir='ltr'><strong>liber,</strong></span> <span class='ocrx_word' id='word_1_659' title='bbox 918 2283 1059 2311; x_wconf 88' lang='lat' dir='ltr'><strong>historiam</strong></span> 
     </span>
    </p>
   </div>
   <div class='ocr_carea' id='block_1_95' title="bbox 273 2326 1060 2364">
    <p class='ocr_par' dir='ltr' id='par_1_95' title="bbox 273 2326 1060 2364">
     <span class='ocr_line' id='line_1_95' title="bbox 273 2326 1060 2364; baseline 0.001 -10"><span class='ocrx_word' id='word_1_660' title='bbox 273 2327 395 2359; x_wconf 86' lang='lat' dir='ltr'><strong>deducit,</strong></span> <span class='ocrx_word' id='word_1_661' title='bbox 426 2334 458 2353; x_wconf 89' lang='lat' dir='ltr'><strong>ac</strong></span> <span class='ocrx_word' id='word_1_662' title='bbox 489 2326 632 2353; x_wconf 86' lang='lat' dir='ltr'><strong>deductam</strong></span> <span class='ocrx_word' id='word_1_663' title='bbox 664 2327 804 2362; x_wconf 84' lang='lat' dir='ltr'><strong>relinquit.</strong></span> <span class='ocrx_word' id='word_1_664' title='bbox 823 2327 905 2364; x_wconf 59' lang='lat' dir='ltr'><strong>395I</strong></span> <span class='ocrx_word' id='word_1_665' title='bbox 930 2329 1022 2363; x_wconf 87' lang='lat' dir='ltr'><strong>ltaqne</strong></span> <span class='ocrx_word' id='word_1_666' title='bbox 1045 2337 1060 2356; x_wconf 89' lang='lat' dir='ltr'><strong>a</strong></span> 
     </span>
    </p>
   </div>
   <div class='ocr_carea' id='block_1_96' title="bbox 274 2371 1058 2408">
    <p class='ocr_par' dir='ltr' id='par_1_96' title="bbox 274 2371 1058 2408">
     <span class='ocr_line' id='line_1_96' title="bbox 274 2371 1058 2408; baseline 0.003 -9"><span class='ocrx_word' id='word_1_667' title='bbox 274 2373 362 2407; x_wconf 92' lang='lat' dir='ltr'><strong>primo</strong></span> <span class='ocrx_word' id='word_1_668' title='bbox 373 2380 445 2399; x_wconf 86' lang='lat' dir='ltr'><strong>anno</strong></span> <span class='ocrx_word' id='word_1_669' title='bbox 457 2371 530 2408; x_wconf 87' lang='lat' dir='ltr'><strong>Cyri,</strong></span> <span class='ocrx_word' id='word_1_670' title='bbox 547 2373 677 2407; x_wconf 79' lang='lat' dir='ltr'><strong>regnique</strong></span> <span class='ocrx_word' id='word_1_671' title='bbox 688 2371 845 2404; x_wconf 75' lang='lat' dir='ltr'><strong>Persarum,</strong></span> <span class='ocrx_word' id='word_1_672' title='bbox 861 2376 893 2401; x_wconf 88' lang='lat' dir='ltr'><strong>ad</strong></span> <span class='ocrx_word' id='word_1_673' title='bbox 906 2379 1058 2401; x_wconf 83' lang='lat' dir='ltr'><strong>extremum</strong></span> 
     </span>
    </p>
   </div>
   <div class='ocr_carea' id='block_1_97' title="bbox 273 2417 1058 2454">
    <p class='ocr_par' dir='ltr' id='par_1_97' title="bbox 273 2417 1058 2454">
     <span class='ocr_line' id='line_1_97' title="bbox 273 2417 1058 2454; baseline 0.004 -10"><span class='ocrx_word' id='word_1_674' title='bbox 273 2419 393 2446; x_wconf 72' lang='lat' dir='ltr'><strong>historia:</strong></span> <span class='ocrx_word' id='word_1_675' title='bbox 409 2417 626 2445; x_wconf 77' lang='lat' dir='ltr'><strong>Machabzeorum</strong></span> <span class='ocrx_word' id='word_1_676' title='bbox 647 2417 738 2448; x_wconf 85' lang='lat' dir='ltr'><strong>finem,</strong></span> <span class='ocrx_word' id='word_1_677' title='bbox 757 2417 930 2454; x_wconf 89' lang='lat' dir='ltr'><strong>Simonisque</strong></span> <span class='ocrx_word' id='word_1_678' title='bbox 950 2421 1058 2454; x_wconf 87' lang='lat' dir='ltr'><strong>pontifi-</strong></span> 
     </span>
    </p>
   </div>
   <div class='ocr_carea' id='block_1_98' title="bbox 273 2462 1058 2500">
    <p class='ocr_par' dir='ltr' id='par_1_98' title="bbox 273 2462 1058 2500">
     <span class='ocr_line' id='line_1_98' title="bbox 273 2462 1058 2500; baseline 0.008 -13"><span class='ocrx_word' id='word_1_679' title='bbox 273 2463 313 2490; x_wconf 70' lang='lat' dir='ltr'><strong>cis</strong></span> <span class='ocrx_word' id='word_1_680' title='bbox 334 2466 466 2493; x_wconf 86' lang='lat' dir='ltr'><strong>mortem,</strong></span> <span class='ocrx_word' id='word_1_681' title='bbox 493 2462 556 2489; x_wconf 90' lang='lat' dir='ltr'><strong>anni</strong></span> <span class='ocrx_word' id='word_1_682' title='bbox 570 2462 736 2497; x_wconf 77' lang='lat' dir='ltr'><strong>colliguntur</strong></span> <span class='ocrx_word' id='word_1_683' title='bbox 752 2464 943 2499; x_wconf 78' lang='lat' dir='ltr'><strong>quadringenti</strong></span> <span class='ocrx_word' id='word_1_684' title='bbox 960 2465 1058 2500; x_wconf 78' lang='lat' dir='ltr'><strong>viginti</strong></span> 
     </span>
    </p>
   </div>
   <div class='ocr_carea' id='block_1_99' title="bbox 274 2508 1058 2543">
    <p class='ocr_par' dir='ltr' id='par_1_99' title="bbox 274 2508 1058 2543">
     <span class='ocr_line' id='line_1_99' title="bbox 274 2508 1058 2543; baseline 0.006 -9"><span class='ocrx_word' id='word_1_685' title='bbox 274 2509 404 2543; x_wconf 88' lang='lat' dir='ltr'><strong>quinque.</strong></span> <span class='ocrx_word' id='word_1_686' title='bbox 420 2508 538 2536; x_wconf 81' lang='lat' dir='ltr'><strong>Posthac</strong></span> <span class='ocrx_word' id='word_1_687' title='bbox 564 2516 629 2535; x_wconf 84' lang='lat' dir='ltr'><strong>vero</strong></span> <span class='ocrx_word' id='word_1_688' title='bbox 650 2508 794 2542; x_wconf 82' lang='lat' dir='ltr'><strong>Jonathas,</strong></span> <span class='ocrx_word' id='word_1_689' title='bbox 808 2514 837 2537; x_wconf 88' lang='lat' dir='ltr'><strong>ut</strong></span> <span class='ocrx_word' id='word_1_690' title='bbox 860 2511 955 2538; x_wconf 88' lang='lat' dir='ltr'><strong>scribit</strong></span> <span class='ocrx_word' id='word_1_691' title='bbox 978 2511 1058 2540; x_wconf 85' lang='lat' dir='ltr'><strong>Jose-</strong></span> 
     </span>
    </p>
   </div>
   <div class='ocr_carea' id='block_1_100' title="bbox 276 2554 1060 2591">
    <p class='ocr_par' dir='ltr' id='par_1_100' title="bbox 276 2554 1060 2591">
     <span class='ocr_line' id='line_1_100' title="bbox 276 2554 1060 2591; baseline 0.006 -11"><span class='ocrx_word' id='word_1_692' title='bbox 276 2554 355 2588; x_wconf 84' lang='lat' dir='ltr'><strong>phus,</strong></span> <span class='ocrx_word' id='word_1_693' title='bbox 369 2555 556 2589; x_wconf 87' lang='lat' dir='ltr'><strong>pontiﬁcatum</strong></span> <span class='ocrx_word' id='word_1_694' title='bbox 576 2558 720 2589; x_wconf 76' lang='lat' dir='ltr'><strong>exceptum</strong></span> <span class='ocrx_word' id='word_1_695' title='bbox 737 2563 784 2590; x_wconf 89' lang='lat' dir='ltr'><strong>per</strong></span> <span class='ocrx_word' id='word_1_696' title='bbox 799 2563 885 2584; x_wconf 91' lang='lat' dir='ltr'><strong>annos</strong></span> <span class='ocrx_word' id='word_1_697' title='bbox 900 2557 995 2591; x_wconf 75' lang='lat' dir='ltr'><strong>viginti</strong></span> <span class='ocrx_word' id='word_1_698' title='bbox 1009 2566 1060 2585; x_wconf 89' lang='lat' dir='ltr'><strong>no-</strong></span> 
     </span>
    </p>
   </div>
   <div class='ocr_carea' id='block_1_101' title="bbox 274 2600 1057 2636">
    <p class='ocr_par' dir='ltr' id='par_1_101' title="bbox 274 2600 1057 2636">
     <span class='ocr_line' id='line_1_101' title="bbox 274 2600 1057 2636; baseline 0.006 -10"><span class='ocrx_word' id='word_1_699' title='bbox 274 2607 334 2627; x_wconf 75' lang='lat' dir='ltr'><strong>vem</strong></span> <span class='ocrx_word' id='word_1_700' title='bbox 352 2600 533 2628; x_wconf 79' lang='lat' dir='ltr'><strong>administrat.</strong></span> <span class='ocrx_word' id='word_1_701' title='bbox 547 2600 624 2628; x_wconf 85' lang='lat' dir='ltr'><strong>Hunc</strong></span> <span class='ocrx_word' id='word_1_702' title='bbox 633 2607 743 2629; x_wconf 89' lang='lat' dir='ltr'><strong>secutus</strong></span> <span class='ocrx_word' id='word_1_703' title='bbox 758 2602 941 2636; x_wconf 71' lang='lat' dir='ltr'><strong>Aristobulus,</strong></span> <span class='ocrx_word' id='word_1_704' title='bbox 955 2611 1057 2631; x_wconf 87' lang='lat' dir='ltr'><strong>annum</strong></span> 
     </span>
    </p>
   </div>
   <div class='ocr_carea' id='block_1_102' title="bbox 277 2647 1058 2686">
    <p class='ocr_par' dir='ltr' id='par_1_102' title="bbox 277 2647 1058 2686">
     <span class='ocr_line' id='line_1_102' title="bbox 277 2647 1058 2686; baseline 0.005 -13"><span class='ocrx_word' id='word_1_705' title='bbox 277 2654 359 2673; x_wconf 88' lang='lat' dir='ltr'><strong>unum</strong></span> <span class='ocrx_word' id='word_1_706' title='bbox 372 2651 480 2681; x_wconf 58' lang='lat' dir='ltr'><strong>praeest.</strong></span> <span class='ocrx_word' id='word_1_707' title='bbox 497 2647 546 2674; x_wconf 83' lang='lat' dir='ltr'><strong>Hic</strong></span> <span class='ocrx_word' id='word_1_708' title='bbox 564 2648 670 2682; x_wconf 90' lang='lat' dir='ltr'><strong>primus</strong></span> <span class='ocrx_word' id='word_1_709' title='bbox 686 2652 747 2683; x_wconf 89' lang='lat' dir='ltr'><strong>post</strong></span> <span class='ocrx_word' id='word_1_710' title='bbox 758 2649 876 2676; x_wconf 90' lang='lat' dir='ltr'><strong>reditum</strong></span> <span class='ocrx_word' id='word_1_711' title='bbox 893 2649 926 2677; x_wconf 90' lang='lat' dir='ltr'><strong>de</strong></span> <span class='ocrx_word' id='word_1_712' title='bbox 943 2649 1058 2686; x_wconf 83' lang='lat' dir='ltr'><strong>Babylo-</strong></span> 
     </span>
    </p>
   </div>
   <div class='ocr_carea' id='block_1_103' title="bbox 277 2691 1058 2730">
    <p class='ocr_par' dir='ltr' id='par_1_103' title="bbox 277 2691 1058 2730">
     <span class='ocr_line' id='line_1_103' title="bbox 277 2691 1058 2730; baseline 0.005 -12"><span class='ocrx_word' id='word_1_713' title='bbox 277 2699 311 2719; x_wconf 85' lang='lat' dir='ltr'><strong>ne</strong></span> <span class='ocrx_word' id='word_1_714' title='bbox 325 2691 358 2718; x_wconf 79' lang='lat' dir='ltr'><strong>ad</strong></span> <span class='ocrx_word' id='word_1_715' title='bbox 378 2692 543 2726; x_wconf 86' lang='lat' dir='ltr'><strong>pontiﬁciam</strong></span> <span class='ocrx_word' id='word_1_716' title='bbox 567 2693 726 2728; x_wconf 80' lang='lat' dir='ltr'><strong>dignitatem</strong></span> <span class='ocrx_word' id='word_1_717' title='bbox 749 2694 865 2729; x_wconf 89' lang='lat' dir='ltr'><strong>amplius</strong></span> <span class='ocrx_word' id='word_1_718' title='bbox 883 2695 985 2730; x_wconf 74' lang='lat' dir='ltr'><strong>regium</strong></span> <span class='ocrx_word' id='word_1_719' title='bbox 999 2696 1058 2722; x_wconf 89' lang='lat' dir='ltr'><strong>dia-</strong></span> 
     </span>
    </p>
   </div>
   <div class='ocr_carea' id='block_1_104' title="bbox 277 2736 1056 2774">
    <p class='ocr_par' dir='ltr' id='par_1_104' title="bbox 277 2736 1056 2774">
     <span class='ocr_line' id='line_1_104' title="bbox 277 2736 1056 2774; baseline 0.006 -10"><span class='ocrx_word' id='word_1_720' title='bbox 277 2736 354 2765; x_wconf 86' lang='lat' dir='ltr'><strong>dema</strong></span> <span class='ocrx_word' id='word_1_721' title='bbox 371 2738 491 2765; x_wconf 83' lang='lat' dir='ltr'><strong>additum</strong></span> <span class='ocrx_word' id='word_1_722' title='bbox 503 2739 556 2766; x_wconf 89' lang='lat' dir='ltr'><strong>sibi</strong></span> <span class='ocrx_word' id='word_1_723' title='bbox 576 2739 715 2774; x_wconf 88' lang='lat' dir='ltr'><strong>imposuit.</strong></span> <span class='ocrx_word' id='word_1_724' title='bbox 734 2739 804 2767; x_wconf 88' lang='lat' dir='ltr'><strong>Huic</strong></span> <span class='ocrx_word' id='word_1_725' title='bbox 824 2741 945 2768; x_wconf 86' lang='lat' dir='ltr'><strong>succedit</strong></span> <span class='ocrx_word' id='word_1_726' title='bbox 959 2746 986 2768; x_wconf 87' lang='lat' dir='ltr'><strong>et</strong></span> <span class='ocrx_word' id='word_1_727' title='bbox 1010 2749 1056 2769; x_wconf 85' lang='lat' dir='ltr'><strong>rex</strong></span> 
     </span>
    </p>
   </div>
   <div class='ocr_carea' id='block_1_105' title="bbox 277 2782 1057 2822">
    <p class='ocr_par' dir='ltr' id='par_1_105' title="bbox 277 2782 1057 2822">
     <span class='ocr_line' id='line_1_105' title="bbox 277 2782 1057 2822; baseline 0.008 -13"><span class='ocrx_word' id='word_1_728' title='bbox 277 2782 349 2810; x_wconf 83' lang='lat' dir='ltr'><strong>idem</strong></span> <span class='ocrx_word' id='word_1_729' title='bbox 369 2787 397 2810; x_wconf 87' lang='lat' dir='ltr'><strong>et</strong></span> <span class='ocrx_word' id='word_1_730' title='bbox 416 2783 538 2817; x_wconf 85' lang='lat' dir='ltr'><strong>pontifex</strong></span> <span class='ocrx_word' id='word_1_731' title='bbox 564 2784 717 2814; x_wconf 85' lang='lat' dir='ltr'><strong>Alexander</strong></span> <span class='ocrx_word' id='word_1_732' title='bbox 732 2806 740 2819; x_wconf 91' lang='lat'><strong>,</strong></span> <span class='ocrx_word' id='word_1_733' title='bbox 767 2787 815 2822; x_wconf 88' lang='lat' dir='ltr'><strong>qui</strong></span> <span class='ocrx_word' id='word_1_734' title='bbox 839 2791 866 2815; x_wconf 89' lang='lat' dir='ltr'><strong>et</strong></span> <span class='ocrx_word' id='word_1_735' title='bbox 889 2787 948 2822; x_wconf 86' lang='lat' dir='ltr'><strong>ipse</strong></span> <span class='ocrx_word' id='word_1_736' title='bbox 969 2795 1057 2815; x_wconf 82' lang='lat' dir='ltr'><strong>annos</strong></span> 
     </span>
    </p>
   </div>
   <div class='ocr_carea' id='block_1_106' title="bbox 317 2869 659 2908">
    <p class='ocr_par' dir='ltr' id='par_1_106' title="bbox 317 2869 659 2908">
     <span class='ocr_line' id='line_1_106' title="bbox 317 2869 659 2908; baseline 0.018 -12"><span class='ocrx_word' id='word_1_737' title='bbox 317 2869 340 2885; x_wconf 78' lang='lat'><em>“</em></span> <span class='ocrx_word' id='word_1_738' title='bbox 359 2869 380 2896; x_wconf 86' lang='lat' dir='ltr'><strong>ll</strong></span> <span class='ocrx_word' id='word_1_739' title='bbox 397 2870 476 2900; x_wconf 84' lang='lat' dir='ltr'><strong>Esdr.</strong></span> <span class='ocrx_word' id='word_1_740' title='bbox 492 2881 541 2908; x_wconf 87' lang='lat' dir='ltr'><strong>xtl,</strong></span> <span class='ocrx_word' id='word_1_741' title='bbox 558 2873 601 2908; x_wconf 70' lang='grc' dir='ltr'><strong>ιο,</strong></span> <span class='ocrx_word' id='word_1_742' title='bbox 617 2875 659 2908; x_wconf 77' lang='grc' dir='ltr'><strong>ΙΙ,</strong></span> 
     </span>
    </p>
   </div>
   <div class='ocr_carea' id='block_1_107' title="bbox 1111 2283 1900 2321">
    <p class='ocr_par' dir='ltr' id='par_1_107' title="bbox 1111 2283 1900 2321">
     <span class='ocr_line' id='line_1_107' title="bbox 1111 2283 1900 2321; baseline 0 -11"><span class='ocrx_word' id='word_1_743' title='bbox 1111 2287 1128 2321; x_wconf 73' lang='grc' dir='ltr'><strong>ἢ</strong></span> <span class='ocrx_word' id='word_1_744' title='bbox 1142 2293 1171 2311; x_wconf 85' lang='grc' dir='ltr'><strong>τε</strong></span> <span class='ocrx_word' id='word_1_745' title='bbox 1186 2284 1280 2320; x_wconf 83' lang='grc' dir='ltr'>πρώτη</span> <span class='ocrx_word' id='word_1_746' title='bbox 1294 2283 1446 2319; x_wconf 80' lang='grc' dir='ltr'>καλουμένη</span> <span class='ocrx_word' id='word_1_747' title='bbox 1463 2283 1517 2310; x_wconf 81' lang='grc' dir='ltr'>τῶν</span> <span class='ocrx_word' id='word_1_748' title='bbox 1536 2284 1734 2310; x_wconf 77' lang='grc' dir='ltr'>Μαχκαϐιιίων</span> <span class='ocrx_word' id='word_1_749' title='bbox 1750 2283 1840 2318; x_wconf 78' lang='grc' dir='ltr'>βίϐλος</span> <span class='ocrx_word' id='word_1_750' title='bbox 1858 2284 1900 2315; x_wconf 82' lang='grc' dir='ltr'><strong>είς</strong></span> 
     </span>
    </p>
   </div>
   <div class='ocr_carea' id='block_1_108' title="bbox 1110 2329 1898 2366">
    <p class='ocr_par' dir='ltr' id='par_1_108' title="bbox 1110 2329 1898 2366">
     <span class='ocr_line' id='line_1_108' title="bbox 1110 2329 1898 2366; baseline -0.001 -8"><span class='ocrx_word' id='word_1_751' title='bbox 1110 2331 1189 2358; x_wconf 76' lang='grc' dir='ltr'>τοῦτο</span> <span class='ocrx_word' id='word_1_752' title='bbox 1203 2331 1250 2356; x_wconf 80' lang='grc' dir='ltr'>τοῦ</span> <span class='ocrx_word' id='word_1_753' title='bbox 1266 2330 1361 2366; x_wconf 84' lang='grc' dir='ltr'>χρόνου</span> <span class='ocrx_word' id='word_1_754' title='bbox 1378 2330 1510 2356; x_wconf 76' lang='grc' dir='ltr'>κατέλυσε</span> <span class='ocrx_word' id='word_1_755' title='bbox 1526 2329 1576 2364; x_wconf 82' lang='grc' dir='ltr'>τὴν</span> <span class='ocrx_word' id='word_1_756' title='bbox 1591 2329 1720 2365; x_wconf 78' lang='grc' dir='ltr'>ἱστορίαν.</span> <span class='ocrx_word' id='word_1_757' title='bbox 1739 2329 1821 2356; x_wconf 73' lang='grc' dir='ltr'>Ὥστε</span> <span class='ocrx_word' id='word_1_758' title='bbox 1835 2337 1898 2357; x_wconf 87' lang='grc' dir='ltr'>συν-</span> 
     </span>
    </p>
   </div>
   <div class='ocr_carea' id='block_1_109' title="bbox 1112 2375 1898 2412">
    <p class='ocr_par' dir='ltr' id='par_1_109' title="bbox 1112 2375 1898 2412">
     <span class='ocr_line' id='line_1_109' title="bbox 1112 2375 1898 2412; baseline -0.003 -8"><span class='ocrx_word' id='word_1_759' title='bbox 1112 2376 1225 2411; x_wconf 83' lang='grc' dir='ltr'>άγεσθαι</span> <span class='ocrx_word' id='word_1_760' title='bbox 1237 2377 1290 2403; x_wconf 81' lang='grc' dir='ltr'><strong>ἀπὸ</strong></span> <span class='ocrx_word' id='word_1_761' title='bbox 1310 2375 1416 2412; x_wconf 83' lang='grc' dir='ltr'>πρώτου</span> <span class='ocrx_word' id='word_1_762' title='bbox 1432 2375 1507 2407; x_wconf 82' lang='grc' dir='ltr'>ἔτους</span> <span class='ocrx_word' id='word_1_763' title='bbox 1524 2375 1615 2411; x_wconf 81' lang='grc' dir='ltr'>Κύρου</span> <span class='ocrx_word' id='word_1_764' title='bbox 1627 2376 1674 2402; x_wconf 85' lang='grc' dir='ltr'>καὶ</span> <span class='ocrx_word' id='word_1_765' title='bbox 1694 2375 1806 2411; x_wconf 81' lang='grc' dir='ltr'>Περσῶν</span> <span class='ocrx_word' id='word_1_766' title='bbox 1820 2375 1898 2410; x_wconf 74' lang='grc' dir='ltr'>βασι-</span> 
     </span>
    </p>
   </div>
   <div class='ocr_carea' id='block_1_110' title="bbox 1112 2421 1899 2457">
    <p class='ocr_par' dir='ltr' id='par_1_110' title="bbox 1112 2421 1899 2457">
     <span class='ocr_line' id='line_1_110' title="bbox 1112 2421 1899 2457; baseline -0.001 -8"><span class='ocrx_word' id='word_1_767' title='bbox 1112 2423 1184 2454; x_wconf 87' lang='grc' dir='ltr'>λείας</span> <span class='ocrx_word' id='word_1_768' title='bbox 1199 2423 1244 2448; x_wconf 77' lang='grc' dir='ltr'><strong>ὲπὶ</strong></span> <span class='ocrx_word' id='word_1_769' title='bbox 1257 2423 1287 2449; x_wconf 78' lang='grc' dir='ltr'>τὸ</span> <span class='ocrx_word' id='word_1_770' title='bbox 1299 2422 1372 2454; x_wconf 81' lang='grc' dir='ltr'>τέλος</span> <span class='ocrx_word' id='word_1_771' title='bbox 1387 2422 1436 2457; x_wconf 83' lang='grc' dir='ltr'>τῆς</span> <span class='ocrx_word' id='word_1_772' title='bbox 1451 2422 1506 2448; x_wconf 85' lang='grc' dir='ltr'><strong>τῶν</strong></span> <span class='ocrx_word' id='word_1_773' title='bbox 1519 2421 1706 2448; x_wconf 83' lang='grc' dir='ltr'>Μακκαϐαίων</span> <span class='ocrx_word' id='word_1_774' title='bbox 1718 2421 1838 2457; x_wconf 82' lang='grc' dir='ltr'>γραφῆς,</span> <span class='ocrx_word' id='word_1_775' title='bbox 1852 2422 1899 2448; x_wconf 65' lang='grc' dir='ltr'>καὶ.</span> 
     </span>
    </p>
   </div>
   <div class='ocr_carea' id='block_1_111' title="bbox 1112 2465 1899 2503">
    <p class='ocr_par' dir='ltr' id='par_1_111' title="bbox 1112 2465 1899 2503">
     <span class='ocr_line' id='line_1_111' title="bbox 1112 2465 1899 2503; baseline -0.004 -9"><span class='ocrx_word' id='word_1_776' title='bbox 1112 2468 1157 2494; x_wconf 79' lang='grc' dir='ltr'><strong>ἐπὶ</strong></span> <span class='ocrx_word' id='word_1_777' title='bbox 1167 2468 1216 2503; x_wconf 79' lang='grc' dir='ltr'>τὴν</span> <span class='ocrx_word' id='word_1_778' title='bbox 1231 2468 1350 2502; x_wconf 86' lang='grc' dir='ltr'>Σίμωνος</span> <span class='ocrx_word' id='word_1_779' title='bbox 1366 2465 1414 2493; x_wconf 80' lang='grc' dir='ltr'>τοῦ</span> <span class='ocrx_word' id='word_1_780' title='bbox 1426 2466 1575 2502; x_wconf 82' lang='grc' dir='ltr'>ἀρχιερέως</span> <span class='ocrx_word' id='word_1_781' title='bbox 1591 2465 1726 2501; x_wconf 82' lang='grc' dir='ltr'>τελευτὴν,</span> <span class='ocrx_word' id='word_1_782' title='bbox 1739 2465 1786 2501; x_wconf 76' lang='grc' dir='ltr'>ἐτη</span> <span class='ocrx_word' id='word_1_783' title='bbox 1802 2473 1899 2500; x_wconf 82' lang='grc' dir='ltr'>τετρα-</span> 
     </span>
    </p>
   </div>
   <div class='ocr_carea' id='block_1_112' title="bbox 1110 2511 1898 2548">
    <p class='ocr_par' dir='ltr' id='par_1_112' title="bbox 1110 2511 1898 2548">
     <span class='ocr_line' id='line_1_112' title="bbox 1110 2511 1898 2548; baseline -0.004 -8"><span class='ocrx_word' id='word_1_784' title='bbox 1110 2514 1188 2540; x_wconf 76' lang='grc' dir='ltr'>κόσια</span> <span class='ocrx_word' id='word_1_785' title='bbox 1209 2513 1375 2540; x_wconf 82' lang='grc' dir='ltr'>εἰκοσιπέντε</span> <span class='ocrx_word' id='word_1_786' title='bbox 1388 2521 1394 2528; x_wconf 90' lang='grc'>·</span> <span class='ocrx_word' id='word_1_787' title='bbox 1411 2513 1468 2548; x_wconf 82' lang='grc' dir='ltr'>μεθ’</span> <span class='ocrx_word' id='word_1_788' title='bbox 1484 2512 1501 2539; x_wconf 82' lang='grc' dir='ltr'>ἃ</span> <span class='ocrx_word' id='word_1_789' title='bbox 1519 2511 1646 2548; x_wconf 76' lang='grc' dir='ltr'>Ἰωνάθης</span> <span class='ocrx_word' id='word_1_790' title='bbox 1662 2513 1710 2547; x_wconf 77' lang='grc' dir='ltr'>τὴν</span> <span class='ocrx_word' id='word_1_791' title='bbox 1727 2511 1898 2547; x_wconf 81' lang='grc' dir='ltr'>ἀρχιερωσύ-</span> 
     </span>
    </p>
   </div>
   <div class='ocr_carea' id='block_1_113' title="bbox 1111 2557 1898 2597">
    <p class='ocr_par' dir='ltr' id='par_1_113' title="bbox 1111 2557 1898 2597">
     <span class='ocr_line' id='line_1_113' title="bbox 1111 2557 1898 2597; baseline -0.003 -10"><span class='ocrx_word' id='word_1_792' title='bbox 1111 2570 1170 2597; x_wconf 85' lang='grc' dir='ltr'>νην,</span> <span class='ocrx_word' id='word_1_793' title='bbox 1182 2561 1220 2591; x_wconf 88' lang='grc' dir='ltr'>ὼς</span> <span class='ocrx_word' id='word_1_794' title='bbox 1231 2560 1245 2586; x_wconf 77' lang='grc' dir='ltr'><strong>ὸ</strong></span> <span class='ocrx_word' id='word_1_795' title='bbox 1262 2559 1390 2594; x_wconf 77' lang='grc' dir='ltr'>Ἰώσηπός</span> <span class='ocrx_word' id='word_1_796' title='bbox 1405 2567 1480 2594; x_wconf 85' lang='grc' dir='ltr'>φησι,</span> <span class='ocrx_word' id='word_1_797' title='bbox 1497 2558 1645 2593; x_wconf 86' lang='grc' dir='ltr'>διαδέχεται</span> <span class='ocrx_word' id='word_1_798' title='bbox 1657 2558 1703 2584; x_wconf 78' lang='grc' dir='ltr'><strong>ἐπὶ</strong></span> <span class='ocrx_word' id='word_1_799' title='bbox 1716 2557 1803 2584; x_wconf 74' lang='grc' dir='ltr'>ἔτεσιν</span> <span class='ocrx_word' id='word_1_800' title='bbox 1818 2558 1898 2585; x_wconf 72' lang='grc' dir='ltr'>ἐννέα</span> 
     </span>
    </p>
   </div>
   <div class='ocr_carea' id='block_1_114' title="bbox 1112 2602 1896 2640">
    <p class='ocr_par' dir='ltr' id='par_1_114' title="bbox 1112 2602 1896 2640">
     <span class='ocr_line' id='line_1_114' title="bbox 1112 2602 1896 2640; baseline -0.006 -6"><span class='ocrx_word' id='word_1_801' title='bbox 1112 2607 1158 2634; x_wconf 69' lang='grc' dir='ltr'>καὶ</span> <span class='ocrx_word' id='word_1_802' title='bbox 1171 2606 1257 2633; x_wconf 79' lang='grc' dir='ltr'>εἴκοσι</span> <span class='ocrx_word' id='word_1_803' title='bbox 1269 2614 1276 2621; x_wconf 88' lang='grc'><strong>·</strong></span> <span class='ocrx_word' id='word_1_804' title='bbox 1295 2604 1352 2640; x_wconf 82' lang='grc' dir='ltr'>μεθ’</span> <span class='ocrx_word' id='word_1_805' title='bbox 1369 2605 1398 2631; x_wconf 86' lang='grc' dir='ltr'>ὃν</span> <span class='ocrx_word' id='word_1_806' title='bbox 1417 2604 1618 2640; x_wconf 75' lang='grc' dir='ltr'>Ἀριστόϐουλος</span> <span class='ocrx_word' id='word_1_807' title='bbox 1638 2602 1760 2631; x_wconf 77' lang='grc' dir='ltr'>ἐνιαυτὸν</span> <span class='ocrx_word' id='word_1_808' title='bbox 1779 2604 1896 2639; x_wconf 81' lang='grc' dir='ltr'>ἡγεῖται,</span> 
     </span>
    </p>
   </div>
   <div class='ocr_carea' id='block_1_115' title="bbox 1111 2649 1897 2688">
    <p class='ocr_par' dir='ltr' id='par_1_115' title="bbox 1111 2649 1897 2688">
     <span class='ocr_line' id='line_1_115' title="bbox 1111 2649 1897 2688; baseline -0.004 -9"><span class='ocrx_word' id='word_1_809' title='bbox 1111 2653 1141 2684; x_wconf 80' lang='grc' dir='ltr'>ὃς</span> <span class='ocrx_word' id='word_1_810' title='bbox 1157 2652 1263 2688; x_wconf 84' lang='grc' dir='ltr'>πρῶτος</span> <span class='ocrx_word' id='word_1_811' title='bbox 1286 2650 1355 2686; x_wconf 79' lang='grc' dir='ltr'>μετὰ</span> <span class='ocrx_word' id='word_1_812' title='bbox 1373 2650 1421 2686; x_wconf 71' lang='grc' dir='ltr'>τὴν</span> <span class='ocrx_word' id='word_1_813' title='bbox 1441 2650 1494 2677; x_wconf 72' lang='grc' dir='ltr'>άπὸ</span> <span class='ocrx_word' id='word_1_814' title='bbox 1516 2650 1673 2681; x_wconf 78' lang='grc' dir='ltr'>Βαϐυλῶνος</span> <span class='ocrx_word' id='word_1_815' title='bbox 1693 2649 1822 2677; x_wconf 73' lang='grc' dir='ltr'>ἐπάνοδον</span> <span class='ocrx_word' id='word_1_816' title='bbox 1839 2649 1897 2676; x_wconf 73' lang='grc' dir='ltr'>διά-</span> 
     </span>
    </p>
   </div>
   <div class='ocr_carea' id='block_1_116' title="bbox 1111 2695 1896 2734">
    <p class='ocr_par' dir='ltr' id='par_1_116' title="bbox 1111 2695 1896 2734">
     <span class='ocr_line' id='line_1_116' title="bbox 1111 2695 1896 2734; baseline -0.004 -9"><span class='ocrx_word' id='word_1_817' title='bbox 1111 2699 1183 2734; x_wconf 82' lang='grc' dir='ltr'>δημα</span> <span class='ocrx_word' id='word_1_818' title='bbox 1207 2696 1345 2732; x_wconf 78' lang='grc' dir='ltr'>βασιλικὸν</span> <span class='ocrx_word' id='word_1_819' title='bbox 1367 2696 1535 2732; x_wconf 84' lang='grc' dir='ltr'>περιτίθεται</span> <span class='ocrx_word' id='word_1_820' title='bbox 1559 2697 1626 2732; x_wconf 84' lang='grc' dir='ltr'>πρὸς</span> <span class='ocrx_word' id='word_1_821' title='bbox 1646 2697 1680 2732; x_wconf 82' lang='grc' dir='ltr'><strong>τῇ</strong></span> <span class='ocrx_word' id='word_1_822' title='bbox 1695 2695 1896 2732; x_wconf 61' lang='grc' dir='ltr'>ἀρχιερωσύνη.</span> 
     </span>
    </p>
   </div>
   <div class='ocr_carea' id='block_1_117' title="bbox 1110 2741 1898 2780">
    <p class='ocr_par' dir='ltr' id='par_1_117' title="bbox 1110 2741 1898 2780">
     <span class='ocr_line' id='line_1_117' title="bbox 1110 2741 1898 2780; baseline -0.003 -10"><span class='ocrx_word' id='word_1_823' title='bbox 1110 2743 1210 2770; x_wconf 83' lang='grc' dir='ltr'>Τοῦτον</span> <span class='ocrx_word' id='word_1_824' title='bbox 1234 2742 1383 2777; x_wconf 84' lang='grc' dir='ltr'>διαδέχεται</span> <span class='ocrx_word' id='word_1_825' title='bbox 1406 2742 1588 2780; x_wconf 63' lang='grc' dir='ltr'>Ἀλέξανδρος,</span> <span class='ocrx_word' id='word_1_826' title='bbox 1615 2742 1739 2777; x_wconf 83' lang='grc' dir='ltr'>βασιλεὺς</span> <span class='ocrx_word' id='word_1_827' title='bbox 1766 2742 1825 2778; x_wconf 74' lang='grc' dir='ltr'>ἅμα.</span> <span class='ocrx_word' id='word_1_828' title='bbox 1850 2741 1898 2768; x_wconf 74' lang='grc' dir='ltr'>καὶ</span> 
     </span>
    </p>
   </div>
   <div class='ocr_carea' id='block_1_118' title="bbox 1110 2786 1898 2823">
    <p class='ocr_par' dir='ltr' id='par_1_118' title="bbox 1110 2786 1898 2823">
     <span class='ocr_line' id='line_1_118' title="bbox 1110 2786 1898 2823; baseline 0 -9"><span class='ocrx_word' id='word_1_829' title='bbox 1110 2787 1264 2823; x_wconf 74' lang='grc' dir='ltr'>ἀρχιερεὺς,</span> <span class='ocrx_word' id='word_1_830' title='bbox 1282 2786 1353 2813; x_wconf 73' lang='grc' dir='ltr'>ἔτεσι</span> <span class='ocrx_word' id='word_1_831' title='bbox 1368 2787 1415 2813; x_wconf 73' lang='grc' dir='ltr'><strong>καὶ</strong></span> <span class='ocrx_word' id='word_1_832' title='bbox 1434 2786 1514 2818; x_wconf 80' lang='grc' dir='ltr'>αὐτὸς</span> <span class='ocrx_word' id='word_1_833' title='bbox 1531 2786 1600 2815; x_wconf 72' lang='grc' dir='ltr'>ἑπτὰ</span> <span class='ocrx_word' id='word_1_834' title='bbox 1615 2787 1662 2814; x_wconf 73' lang='grc' dir='ltr'>καὶ</span> <span class='ocrx_word' id='word_1_835' title='bbox 1674 2786 1761 2814; x_wconf 72' lang='grc' dir='ltr'>εἰκοσι</span> <span class='ocrx_word' id='word_1_836' title='bbox 1776 2786 1898 2822; x_wconf 73' lang='grc' dir='ltr'>προστὰς</span> 
     </span>
    </p>
   </div>
  </div>
