2089 3218
162 167 213 195 M7

597 167 922 196 DEIONSTRATIONIS
942 166 1168 195 EVANGELICE.
1188 166 1252 195 LIB.
1270 166 1339 195 νιιι.
1382 190 1392 195 .

1724 168 1775 195 618

160 224 214 252 τῶν
237 224 420 261 πραγμάτων·
441 224 481 256 εις
504 224 533 251 ὃν
555 225 700 258 συνάγεται
722 225 756 252 τὰ
779 225 867 252 πάντα
889 224 966 256 ἀπὸ]

995 229 1096 261 septem
1109 229 1136 252 et
1144 224 1239 261 viginti
1250 224 1330 252 rebus
1344 223 1500 252 Iudaeorum
1517 227 1624 259 praeest.
1640 223 1680 252 Ad
1695 225 1776 261 cujus

161 270 269 307 πρώτου
284 270 360 302 ἔτους
371 270 507 305 βασιλείας
523 271 614 307 Κύρου
629 273 675 298 καὶ
687 272 737 307 τῆς
747 271 801 298 ἀπὸ
817 270 943 298 Βαόυλῶ-

160 325 203 348 νος
225 316 356 343 ἐπανόδου
379 317 427 343 τοῦ
450 317 583 344 Ἰουδαίων
602 317 694 349 ἔθνους
717 317 764 354 ἐτη
780 316 943 353 τετρακόσια

159 362 377 398 ὀγδοηκονταδύο,
397 360 427 389 οὗ
450 363 619 398 προέστησαν
635 364 780 398 ἀρχιερεῖς,
798 363 844 394 οὒς
860 363 942 398 ἡγοῦ-

161 417 208 443 μαι
223 407 338 443 Χριστὸν
350 408 498 444 ἡγούμενον
513 408 564 435 ὑπὸ
576 409 625 443 τῆς
638 409 803 445 προφητείας
814 409 944 444 ὀνομάζε-

161 454 238 481 σθαι·
260 454 320 490 μεθ’
342 453 398 486 οὒς,
416 454 624 489 τελευτήσαντος
646 455 693 482 τοῦ
715 455 828 482 ὑστάτου
853 455 942 482 αὐτῶν

159 499 308 535 ἀρχιερέως
336 499 519 535 Ἀλεξάνδρου,
543 500 647 536 ἄναρχα
674 501 721 527 καὶ
750 501 942 537 ἁπροστάτητα

160 545 192 572 τὰ
205 545 252 572 τοῦ
272 545 406 572 Ἰουδαίων
424 545 516 577 ἔθνους
536 546 722 579 ἀπολείπεται,
741 546 810 573 ὥστε
832 548 871 579 εἰς
895 556 942 581 γυ-

160 592 239 617 ναῖκα
257 592 417 626 περιστῆναι
432 592 481 627 τὴν
497 591 632 627 βασιλείαν
650 593 747 619 αὐτῶν.
770 593 829 619 Τῶν
851 594 879 620 δὲ
897 594 942 620 δύο

160 635 272 666 παίδων.
290 636 492 671 ’Δριστοϐούλου
513 638 559 664 καὶ
579 638 722 673 Ὑρκανοῦ,
742 639 942 666 στασιασάντων

161 681 228 717 πρὸς
240 681 379 717 ἀλλήλους,
392 681 504 714 ἐπιστὰς
515 684 569 714 τοῖς
587 682 715 718 Ίεροσολύ
720 693 779 718 μοις
792 685 940 720 Πομπήϊος,

165 727 307 763 Ῥωμαίων
324 728 475 763 στρατηγὸς
489 727 536 759 ὢν,
561 729 633 764 αἱρεί
659 729 707 764 μὲν
730 729 871 765 πολιορκίᾳ
893 730 942 765 τὴν

160 775 245 807 πόλιν,
265 775 404 810 μιαίνειτε
414 775 449 801 τὰ
466 775 541 809 ἅγια,
556 776 636 811 μέχρι
652 775 706 802 τῶν
719 775 822 803 ἀδύτων
832 777 886 803 τῶν
903 778 940 803 ἱε-

161 819 207 856 ροῦ
225 819 372 855 προελθών,
395 821 449 846 Καὶ
469 821 552 847 ταῦτα
575 821 716 856 συμϐαίνει
739 822 814 854 ἔτους
834 822 941 858 πρώτου

158 867 208 902 τῆς
229 866 378 901 ἑκατοστῆς
398 866 600 903 ἐεδομηκοστῆς
620 868 732 903 ὲννάτης
751 868 940 904 Ὀλυμπιάδος,

161 912 227 947 μετὰ
247 912 411 948 τετρακόσια
425 913 600 949 ἐννενήκοντα
621 915 700 940 πέντε
718 915 764 950 ἔτη
782 916 831 950 τῆς
851 915 941 951 Κύρου
959 905 978 930 Β

160 958 305 993 βασιλείας,
321 959 381 994 ἥτις
405 958 506 994 ἤρξατο
525 960 572 986 ἐπὶ
594 960 644 995 τῆς
667 962 850 997 πεντηκοστῆς
874 962 943 997 πέμ-

159 1013 229 1040 πτης
251 1005 439 1040 Ὀλυμπιάδος.
465 1006 530 1032 Τότε
555 1007 577 1032 δ’
598 1005 643 1033 οὖν
663 1008 677 1034 ὁ
700 1008 849 1043 Πομπήϊος,
876 1007 942 1034 ἐλὼν

159 1050 229 1077 κατὰ
254 1051 354 1086 κράτος
382 1051 431 1087 τὴν
456 1052 642 1088 Ἰερουσαλὴμ,
670 1052 715 1079 τὸν
745 1053 942 1089 προειρημένον

165 1096 365 1132 Ἀριστόϐουλον
391 1097 535 1133 ἐκπέμψας
557 1098 665 1133 δέσμιον
692 1099 736 1124 ἐπὶ
762 1098 878 1134 Ῥώμης,
904 1099 943 1133 τῷ

158 1142 251 1169 τούτου
273 1142 380 1178 ἀδελφῷ
403 1144 527 1180 ’Υρκανῷ
548 1144 596 1180 τὴν
613 1144 816 1180 ἀρχιερωσύνην
834 1144 943 1180 παραδί-

158 1188 233 1220 δωσι,
245 1189 275 1215 τὸ
288 1197 317 1215 τε
329 1189 382 1215 πᾶν
402 1189 478 1220 ἔθνος
490 1190 519 1223 ἐξ
531 1190 633 1216 ἐκείνου
652 1190 778 1222 ὑποτελὲς
801 1190 943 1225 Ῥωμαίοις

159 1235 356 1270 κατεστήσατο·
370 1235 429 1270 μεθ’
448 1235 477 1262 δν
497 1235 617 1271 Ἡρώδης
636 1237 651 1262 ό
668 1236 843 1271 Ἀντιπάτρου
867 1238 940 1267 παῖς,

165 1279 295 1315 Ὑρκανὸν
314 1280 426 1313 ἀνελὼν,
449 1281 498 1316 τὴν
514 1281 568 1308 τῶν
582 1276 715 1308 Ἰουδαίων
737 1281 873 1317 βασιλείαν
891 1282 942 1309 ὑπὸ

159 1325 207 1360 τῆς
221 1325 363 1360 Ῥωμαίων
377 1325 526 1361 συγκλήτου
540 1326 636 1361 βουλῆς
653 1326 845 1362 ἐγχειρίζεται,
865 1327 941 1362 πρῶ-

158 1370 204 1402 τός
228 1379 259 1398 τε
284 1371 364 1403 αὐτὸς
389 1371 418 1404 ἐξ
447 1371 593 1406 ἀλλοφύλου
619 1372 711 1406 γένους
739 1372 873 1407 βασιλεύει
895 1373 941 1400 τοῦ

159 1417 260 1450 ἔθνους,
276 1417 324 1453 τὴν
341 1417 395 1444 τῶν
411 1418 561 1454 ἀρχιερέων
583 1418 653 1445 κατὰ
675 1418 720 1444 τὸν
743 1419 881 1450 Μωῡσέως
897 1418 940 1446 νό-

161 1472 210 1499 μον
224 1463 382 1498 διαφθείρας
396 1463 481 1496 τάξιν.
505 1464 534 1491 Ὀ
559 1464 608 1499 μὲν
632 1463 685 1499 γὰρ
709 1463 778 1495 θεῖος
800 1465 880 1500 νόμος
899 1465 942 1493 διὰ

161 1509 217 1544 βίου
247 1508 370 1544 ἱερᾶσθαι
399 1509 437 1544 τῷ
462 1509 521 1544 Θεῷ
546 1509 591 1535 τὸν
622 1510 749 1536 ἀνωτάτω
781 1512 941 1546 προστάττει

160 1555 288 1591 ἀρχιερέα
305 1563 312 1569 ·
342 1557 356 1581 ὁ
388 1555 409 1581 δ’
444 1554 566 1591 Ἡρώδης
597 1556 626 1582 οὐ
658 1558 712 1588 τοῖς
744 1556 796 1582 ἀπὸ
826 1556 939 1590 γένους,

159 1601 212 1628 οὐδ’
241 1598 281 1633 οἷς
310 1601 446 1637 προσῆκον
474 1599 508 1637 ἦν
537 1602 659 1628 ἀπεδίδου
686 1602 734 1638 τὴν
761 1602 939 1638 λειτουργίαν,

160 1644 374 1681 ἀπεξενωμένοις
400 1646 428 1672 δέ
459 1655 528 1679 τισι,
562 1648 608 1673 καὶ
635 1647 784 1683 ἀλλοτρίοις
809 1647 859 1682 τῆς
890 1647 942 1674 τῶν

159 1691 308 1729 ἀρχιερέων
338 1692 479 1728 διαδοχῆς,
507 1693 554 1719 καὶ
581 1693 640 1719 οὐδὲ
667 1693 770 1725 τούτοις
807 1694 941 1729 διαρκῶς,

160 1738 227 1774 πρὸς
256 1737 358 1774 βραχὺν
384 1738 412 1765 δέ
438 1748 496 1765 τινα
526 1739 572 1765 καὶ
600 1739 812 1774 περιωρισμένον
838 1739 941 1775 χρόνον,

159 1783 253 1813 ἄλλοτε
268 1783 358 1815 ἄλλοις
367 1784 416 1820 τὴν
424 1785 506 1820 τιμὴν
516 1785 662 1821 ἀντιδωρού
666 1794 754 1820 μενος,
762 1785 831 1811 ὥστε
839 1786 887 1817 τὰς
895 1786 943 1821 μὲν

113 1852 120 1857 .
160 1829 271 1866 πρώτας
284 1829 354 1856 ἑπτὰ
365 1829 513 1865 ἑϐδομάδας
528 1830 581 1857 ἀπὸ
594 1831 685 1865 Κύρου
699 1831 746 1857 καὶ
759 1831 805 1857 ἐπὶ
819 1833 941 1866 Δαρεῖον,

158 1875 208 1907 τὰς
234 1875 262 1902 δὲ
283 1875 378 1907 λοιπὰς
403 1876 581 1912 ἑξηκονταδύο
601 1877 655 1903 ἀπὸ
675 1877 787 1912 Δαρείου
822 1878 869 1903 καὶ
898 1877 944 1903 ἐπὶ

159 1922 300 1958 Πομπήϊον
320 1923 364 1949 τὸν
391 1922 531 1957 Ῥωμαίων
557 1923 706 1958 στρατηγὸν
733 1922 940 1958 περιορίςεσθαι.

160 1967 215 2003 Καὶ
241 1966 311 1993 κατὰ
329 1967 423 2003 τρίτην
440 1967 468 1993 δὲ
485 1967 599 2002 Θεωρίαν
613 1967 702 2003 εὕροις
719 1967 752 1994 ἂν
777 1967 864 1999 ἄλλως
894 1968 943 1993 11:7:-

160 1997 359 2048 αρῶμούμενος
371 1997 433 2044 τοδς
448 1997 559 2048 χρόνους
566 2013 619 2040 τῶν
632 1997 701 2039 ἑπτὰ
712 2013 757 2040 καὶ
766 2012 943 2049 ἑξηκονταδύο

159 2058 324 2094 ἑϐδομάδων,
338 2060 366 2086 αἳ
377 2059 556 2086 συντείνουσιν
568 2061 607 2090 εἰς
617 2059 664 2095 ἔτη
677 2059 838 2094 τετρακόσια
846 2059 941 2093 ὀγδοη-

159 2105 304 2140 κοντατρία
317 2126 324 2137 ,
345 2106 387 2131 ἐπ’
408 2105 489 2131 αὐτὸν
512 2105 664 2139 Αὔγουστον
684 2105 729 2131 καὶ
750 2105 795 2131 ἐπὶ
821 2104 942 2140 Ἡρώδην

157 2151 221 2183 τοὺς
245 2150 369 2187 πρώτους
391 2150 420 2183 ἐξ
439 2151 585 2185 ἀλλοφύλου
606 2151 700 2185 γένους
722 2150 940 2185 βασιλεύσαντας,

158 2195 218 2222 καθ’
236 2195 308 2230 οὓςή
323 2194 369 2222 τοῦ
382 2195 505 2230 Σωτῆρος
516 2196 592 2231 ἡμῶν
614 2193 699 2230 Ἰησοῦ
709 2195 826 2231 Χριστοῦ
837 2195 942 2229 γένεσις

159 2242 305 2277 ἱστορεῖται
322 2242 555 2277 περιγραφομένη,
576 2242 615 2274 εἰ,
639 2241 789 2277 ἀρξάμενος
811 2241 863 2267 ἀπὸ
889 2242 941 2267 Δα-
957 2251 978 2278 ι)

159 2288 232 2324 ρείου
247 2288 294 2314 καὶ
309 2287 359 2322 τῆς
374 2287 595 2322 συμπληρώσεως
615 2287 661 2313 τοῦ
682 2287 744 2313 ναοῦ
755 2308 762 2320 ,
783 2287 828 2313 τὸν
848 2287 943 2322 δηλού-

160 2342 240 2369 μενον
267 2333 382 2369 ἀριθμὸν
409 2333 565 2369 άναλογίσῃ.
606 2334 717 2369 Δαρείου
739 2334 793 2367 γὰρ
822 2335 891 2361 κατὰ
914 2334 944 2360 τὸ

156 2378 283 2414 δεύτερον
304 2378 380 2410 ἔτος,
394 2379 440 2405 τὸν
459 2378 691 2414 ἑϐδομηκονταετῆ
708 2379 801 2414 χρόνον
818 2378 866 2414 τῆς
882 2380 944 2415 ἐρη-

158 2424 273 2460 μώσεως
299 2424 475 2459 Ἰερουσαλὴμ
506 2424 730 2459 συμπεπεράσοαι
758 2425 771 2450 δ
803 2425 944 2460 προφήτης

155 2471 294 2506 Ζαχαρίας
307 2470 382 2506 δηλοῖ
396 2471 481 2504 λέγων
491 2479 497 2485 ·
526 2479 534 2496 ι
551 2469 590 2505 Τῇ
609 2470 717 2506 τετράδι
733 2471 779 2496 καὶ
795 2470 895 2502 εἰκάδι,
912 2472 941 2497 ὲν

154 2516 194 2552 τῷ
206 2517 341 2552 ἑνδεκάτῳ
359 2518 432 2553 μηνὶ,
448 2517 528 2549 αὑτός
541 2518 598 2544 ἐστι
609 2516 709 2550 Σαὸὰτ,
728 2517 757 2543 ὲν
771 2516 810 2552 τῷ
824 2516 942 2552 δευτέρῳ

155 2561 209 2588 ἔτει
227 2562 356 2596 Δαρείου,
372 2562 480 2596 ἐγένετο
502 2562 580 2596 λόγος
604 2562 706 2597 Κυρίου
723 2562 790 2597 πρὸς
805 2562 943 2597 Ζαχαρίαν

153 2607 199 2633 τὸν
215 2606 262 2633 τοῦ
277 2606 423 2643 Βαραχίου.
441 2618 449 2633 ι
470 2606 524 2634 Εἶθ’
545 2608 607 2642 ἑξῆς
625 2607 742 2641 ἐπιλέγει
754 2616 760 2622 ·
781 2617 789 2632 ι
805 2608 860 2634 Καὶ
873 2608 940 2634 ἀπε-

154 2654 235 2690 κρίθη
260 2654 274 2680 δ
290 2654 406 2689 ἄγγελος
439 2655 553 2690 Κυρίου,
575 2655 623 2681 καὶ
651 2652 731 2680 εἷπε·
760 2654 846 2689 Κύριε
872 2662 940 2680 παν-

153 2700 306 2737 τοκράτωρ,
319 2701 371 2733 ἕως
387 2701 458 2733 τίνος
471 2702 500 2728 ού
518 2701 554 2736 μὴ
564 2701 676 2736 ἐλεήσῃς
691 2700 740 2735 τὴν
754 2699 939 2735 Ἰερουσαλὴμ,

153 2748 202 2774 καὶ
220 2747 270 2780 τὰς
293 2748 384 2780 πόλεις
405 2748 504 2779 Ἰούδα,
522 2748 554 2779 ἃς
575 2747 713 2783 ὑπερεῖδες
727 2746 807 2773 τοῦτο
827 2745 941 2781 ἑϐδομη-

153 2791 250 2819 κοστὸν
270 2791 341 2823 ἕτος;
360 2801 370 2817 ι
388 2791 487 2818 Τοῦτον
508 2792 539 2827 δὴ
559 2790 604 2818 οὖν
622 2791 701 2818 αὑτὸν
717 2791 755 2826 τῷ
776 2790 840 2826 θείῳ
856 2790 940 2817 Πνεύ-

190 2883 214 2899 ⁸³
233 2883 350 2911 Zachar.
372 2891 397 2913 I,
416 2882 438 2910 7.

323 2932 456 2961 i'ATtiOL.
481 2931 538 2960 (in.
565 2928 664 2960 ΧΧΗ.

994 271 1175 307 principatum
1191 278 1206 297 a
1221 270 1309 306 primo
1326 270 1397 306 regis
1411 270 1475 306 Cyri
1503 277 1586 303 anno,
1606 274 1634 298 et
1653 270 1776 307 Iudaico:

993 318 1081 352 gentis
1093 317 1196 345 reditus
1212 318 1245 345 de
1255 317 1402 352 Babylone,
1417 317 1507 345 omnis
1518 324 1624 345 summa
1639 325 1774 345 annorum

993 363 1131 398 colligitur
1146 362 1407 397 quadringentorum
1427 364 1563 398 octoginta
1576 363 1705 398 duorum,
1720 373 1775 399 quo

993 413 1051 435 toto
1067 412 1188 443 tempore
1202 408 1344 443 pontiﬁces
1363 408 1546 443 pnefucruut,
1563 417 1631 444 quos
1648 417 1698 444 ego
1712 411 1776 444 qni-

993 455 1053 482 dem
1069 455 1170 482 Christi
1188 455 1266 482 ducis
1289 455 1479 489 appellatione,
1493 462 1507 481 a
1533 456 1673 490 prophetia
1689 456 1775 492 signi-

994 500 1068 527 ﬁcari
1095 501 1215 528 arbitror
1241 510 1247 528 :
1279 504 1340 534 post
1370 507 1450 535 quos.
1470 500 1592 534 ipsorum
1623 501 1774 528 novissimo

993 546 1149 573 Alexandro
1161 546 1319 577 decedente,
1333 554 1375 573 res
1388 545 1543 572 Judarorum
1564 546 1623 574 sine
1638 547 1772 582 principe.

994 593 1052 619 sine
1067 592 1146 624 duce,
1159 593 1295 621 neminem
1314 592 1360 627 qui
1388 596 1515 627 praeesset
1538 592 1680 626 habentes,
1691 594 1774 621 relin-

992 643 1123 673 quuntur.
1140 638 1250 664 Factum
1268 638 1358 672 itaque
1376 641 1428 668 est,
1442 642 1471 663 ut
1495 645 1589 664 corum
1618 646 1730 670 regnum
1747 638 1774 665 in

994 683 1120 710 feminam
1133 684 1240 711 tandem
1254 683 1389 710 reciderit.
1404 683 1488 717 Cujus
1502 683 1550 718 ﬁlii
1561 684 1616 711 duo
1631 684 1774 711 Aristobu-

994 727 1035 754 lus
1051 731 1132 762 atque
1161 727 1315 762 Hyrcanus,
1333 727 1398 753 dum
1421 726 1492 753 inter
1512 735 1541 754 se
1566 727 1599 755 de
1617 728 1773 764 principatu

993 772 1171 804 contendunt,
1188 772 1332 807 Pompeius
1344 773 1445 800 interea
1461 772 1644 800 Romanorum
1656 774 1774 808 impera-

992 823 1046 850 tor,
1059 818 1246 853 llierosolyma
1262 825 1418 852 aggressus,
1435 825 1496 844 eum
1512 818 1653 846 obsidione
1679 819 1772 846 urbem
1812 840 1813 844 η

993 865 1075 900 capit,
1092 869 1148 892 tum
1166 872 1254 899 usque
1270 865 1303 891 ad
1321 865 1468 899 penetralia
1493 865 1585 900 templi
1600 873 1771 900 progressus,

994 918 1054 945 qua:
1069 915 1161 937 sancta
1189 910 1216 936 in
1238 910 1291 937 illis
1317 909 1489 939 dicebantur.
1507 909 1643 944 profanat.
1669 909 1701 936 Et
1717 910 1773 937 haec

993 956 1094 983 Judaais
1131 955 1258 983 accidunt
1281 955 1436 982 centesimo
1462 956 1666 991 septuagesima!
1697 964 1774 983 uouze

993 1002 1154 1037 Olympiadis
1164 1009 1236 1028 anno
1248 1001 1346 1037 prium,
1359 1002 1404 1036 qui
1419 1001 1468 1028 fuit
1483 1009 1572 1028 annus
1587 1010 1601 1029 a
1612 1002 1674 1037 Cyri
1691 1010 1774 1036 regno

993 1048 1276 1083 quadringentesimus
1305 1047 1498 1082 nonagesimus
1528 1047 1660 1082 quintus.
1694 1047 1775 1081 cujus

993 1094 1066 1128 regni
1084 1093 1189 1120 initium
1207 1093 1433 1128 quinquagesima
1453 1092 1547 1127 quinta
1562 1093 1715 1128 Olympiade
1735 1095 1775 1119 la-

993 1144 1066 1165 ctum
1086 1142 1138 1165 est.
1166 1137 1217 1165 Per
1242 1138 1268 1165 id
1295 1139 1377 1173 igitur
1406 1139 1537 1172 temporis
1560 1137 1722 1173 Pompeius,
1747 1138 1772 1164 \‘i

993 1184 1080 1218 raptis
1097 1183 1302 1219 Hierosolymis,
1318 1189 1344 1210 et
1360 1184 1480 1211 vinctum
1513 1184 1698 1211 Aristobulum
1719 1184 1774 1211 Bo—

992 1237 1062 1256 mam
1087 1230 1217 1260 Inittit.ct
1240 1230 1321 1264 hujus
1337 1229 1414 1256 fratri
1441 1229 1566 1264 Hyrcano
1592 1231 1774 1258 sacerdotium

993 1277 1085 1306 tradit.
1103 1281 1184 1310 atque
1200 1284 1231 1303 cx
1255 1276 1301 1302 illo
1326 1280 1445 1310 tempore
1468 1276 1594 1303 universa
1617 1276 1773 1304 Judaeorum

992 1323 1066 1350 natio
1081 1322 1211 1349 Romanis
1223 1322 1366 1349 tributaria
1381 1323 1452 1348 facta
1474 1326 1524 1349 est.
1542 1321 1606 1349 Post
1619 1322 1773 1358 Hyrcanum

992 1368 1122 1398 Herodes.
1143 1367 1276 1402 Antipatri
1303 1366 1383 1398 ﬁlius,
1400 1367 1459 1400 ipso
1473 1366 1617 1394 interfecto
1637 1367 1774 1403 Hyrcano,

991 1414 1123 1449 largiente
1149 1412 1272 1440 Romano
1300 1417 1407 1444 senatu,
1434 1411 1589 1439 Judaeorum
1612 1413 1717 1441 obtinet
1732 1422 1776 1440 re-

992 1468 1084 1495 gnum.
1102 1459 1152 1486 llic
1174 1459 1279 1494 primus
1294 1459 1384 1486 alieno
1399 1463 1476 1486 ortus
1489 1466 1597 1494 genere,
1616 1460 1775 1494 perturbato

992 1504 1149 1539 pontiﬁcum
1165 1503 1272 1534 ordine,
1291 1504 1338 1538 qui
1363 1503 1482 1530 lliosaica
1507 1504 1564 1539 lege
1582 1506 1705 1532 sancitus
1718 1504 1776 1531 fue-

992 1553 1044 1582 rat,
1059 1550 1085 1576 in
1101 1550 1145 1576 illa
1157 1553 1236 1584 gente
1250 1553 1354 1584 regnat.
1367 1549 1420 1576 Lex
1444 1550 1514 1576 enim
1527 1549 1629 1576 'divina
1651 1550 1775 1584 jubebat,

993 1601 1022 1623 ut
1038 1597 1171 1624 maximus
1186 1597 1306 1631 pontifex
1323 1604 1405 1631 quam
1423 1597 1469 1624 diu
1496 1597 1598 1625 vireret
1622 1598 1776 1626 sar-ertlotio

994 1642 1161 1677 fungeretur.
1180 1642 1214 1669 At
1229 1643 1350 1670 Herodes
1368 1651 1422 1669 non
1438 1643 1472 1670 iis
1482 1644 1528 1677 qui
1545 1644 1664 1678 legitimo
1676 1652 1775 1678 genere

993 1690 1045 1716 orti
1064 1693 1166 1719 essent,
1189 1697 1276 1724 neque
1300 1690 1333 1716 iis
1358 1689 1403 1724 qui
1431 1689 1458 1715 id
1473 1690 1544 1723 juris
1565 1690 1704 1721 haberent,
1727 1691 1774 1718 sed

994 1735 1175 1770 supposititiis
1191 1735 1366 1769 quibusdam,
1385 1740 1466 1770 atque
1484 1743 1499 1762 a
1521 1736 1592 1762 serie
1615 1743 1647 1762 ac
1663 1744 1775 1763 succes-

993 1780 1069 1807 sione
1082 1780 1239 1814 poutiﬁcum
1259 1781 1355 1808 alienis
1372 1780 1397 1807 id
1409 1782 1530 1808 muneris
1540 1781 1672 1812 attribuit.
1691 1790 1723 1809 ac
1740 1790 1774 1809 ne

993 1826 1027 1853 iis
1043 1826 1152 1861 quidem
1179 1827 1206 1853 in
1233 1831 1404 1861 perpetuum,
1419 1827 1466 1854 sed
1492 1827 1525 1853 ad
1544 1827 1623 1854 breve
1637 1827 1773 1862 quoddan-

993 1872 1255 1907 determinaturuun
1284 1876 1390 1907 tempus
1419 1873 1677 1908 gratiﬁcans,395
1695 1877 1775 1908 atque

993 1918 1045 1945 alio
1063 1923 1183 1952 tempore
1209 1918 1271 1945 aliis
1287 1918 1421 1953 ejusmodi
1449 1919 1579 1946 honorem
1605 1919 1773 1954 impertiens,

994 1971 1022 1992 ut
1038 1967 1088 1993 hac
1106 1966 1220 1995 ratione,
1238 1967 1330 2000 primae
1348 1966 1457 2000 quidem
1473 1965 1656 1994 hebdomades
1672 1971 1775 2001 septem

993 2019 1007 2038 a
1019 2011 1090 2046 Cyro
1106 2011 1139 2038 ad
1162 2011 1285 2043 Darium,
1302 2012 1413 2046 reliquae
1425 2017 1490 2038 Vero
1509 2012 1648 2047 sexaginta
1672 2011 1742 2043 duae,
1760 2021 1775 2038 ιι

994 2056 1073 2083 Dario
1088 2057 1121 2083 ad
1137 2057 1326 2091 imperatorem
1340 2055 1524 2084 Romanorum
1540 2056 1695 2091 Pompeium
1711 2064 1776 2084 con-

994 2103 1141 2130 tineantur.
1156 2103 1190 2128 At
1205 2102 1227 2130 si
1241 2103 1347 2130 tertiam
1367 2107 1496 2137 pra-terea
1517 2104 1776 2137 contemplationem

994 2147 1060 2174 velis
1080 2147 1218 2178 insistere.
1235 2152 1316 2181 atque
1335 2147 1387 2172 alia
1401 2146 1517 2180 quadam
1538 2149 1642 2173 ratione
1653 2152 1774 2181 tempora

993 2197 1094 2228 septem
1120 2196 1146 2219 tl
1162 2193 1300 2226 sexaginta
1324 2192 1439 2219 duarum
1461 2192 1659 2219 hebdornadum
1681 2200 1777 2220 nume-

993 2246 1064 2271 rare,
1082 2245 1141 2273 qua“:
1155 2246 1241 2266 annos
1253 2239 1393 2266 continent
1410 2238 1623 2273 quadringentos
1638 2239 1776 2271 octoginta

994 2289 1059 2316 tres,
1070 2285 1193 2312 invenias
1205 2285 1275 2312 idem
1289 2284 1421 2319 temporis
1435 2285 1554 2319 spatium
1568 2285 1601 2312 ad
1623 2286 1776 2320 Augustum

994 2339 1081 2366 usque
1098 2335 1179 2366 atque
1192 2330 1392 2366 Herodem,qui
1404 2331 1598 2366 primiexterni
1610 2331 1717 2366 generis
1733 2339 1776 2357 re-

993 2382 1122 2413 gnarunt,
1134 2385 1307 2412 quorumque
1322 2378 1491 2411 temporibus
1516 2378 1666 2404 Salvatoris
1689 2378 1776 2403 nostri

992 2423 1056 2451 Jesu
1072 2423 1174 2450 Christi
1203 2428 1280 2450 ortus
1309 2423 1393 2450 inisse
1418 2428 1593 2455 memoratur,
1622 2424 1776 2458 propagari,

994 2469 1018 2496 si
1032 2468 1112 2495 modo
1127 2469 1199 2495 hunc
1213 2476 1293 2503 quem
1317 2468 1372 2495 dixi
1400 2476 1543 2495 numerum
1573 2473 1682 2502 sumpto
1700 2468 1778 2495 initio

995 2522 1010 2541 a
1023 2514 1102 2541 Dario
1117 2514 1264 2549 templique.
1276 2514 1448 2541 absolutione
1463 2514 1616 2548 recolligas.
1630 2513 1670 2540 Ad
1682 2521 1780 2560 secun-

996 2561 1060 2586 dum
1074 2560 1146 2587 enim
1177 2559 1249 2586 Darii
1278 2567 1390 2592 annum,
1409 2565 1514 2594 tempus
1530 2559 1686 2587 solitudinis
1701 2559 1779 2586 urbis

993 2606 1143 2634 Jerusalem
1156 2626 1163 2635 .
1179 2606 1252 2641 quod
1271 2607 1508 2641 septuagenarium
1535 2606 1596 2637 fuit,
1621 2607 1779 2641 pervenisse

995 2653 1126 2687 propheta
1141 2652 1288 2679 Zacharias
1305 2652 1408 2680 indicat
1420 2653 1463 2680 his
1477 2653 1570 2680 verbis
1587 2662 1594 2679 :
1610 2662 1619 2677 ι
1636 2652 1664 2679 lu
1677 2652 1722 2679 die
1739 2653 1779 2679 vi-

994 2700 1096 2726 cesimo
1111 2703 1210 2733 quarto
1227 2698 1365 2727 undecimi
1389 2699 1492 2727 mensis
1518 2700 1554 2733 (is
1573 2703 1615 2726 est
1638 2698 1730 2733 Saba!)
1750 2699 1778 2725 in

995 2753 1067 2771 anno
1078 2744 1198 2772 secundo
1212 2744 1296 2775 Darii,
1315 2743 1416 2771 factum
1440 2750 1482 2772 est
1497 2745 1609 2772 verbum
1623 2743 1728 2776 Domini
1745 2744 1778 2771 ad

995 2790 1154 2818 Zachariam
1167 2791 1251 2818 ﬁlium
1264 2791 1401 2818 Barachiae
1417 2792 1450 2819 ⁸³.
1472 2800 1482 2817 ›
1501 2791 1602 2818 Deinde
1616 2798 1780 2826 progressus

1563 2928 1603 2958 20
