2089 3218
294 163 348 192 (ill?

612 164 746 194 EUSEBll
765 163 1005 193 CESARIENSIS
1021 164 1099 194 OPP.
1119 163 1211 194 PARS
1233 164 1267 193 ll.
1280 180 1316 185 —
1331 163 1581 193 APOLOGE'I'ICA.

1864 166 1919 194 σου

293 223 420 260 adiungit
435 233 441 251 :
460 232 470 249 ι
489 221 523 250 Et
532 223 673 259 respondit
686 223 800 258 angelus
815 223 921 251 Domini
942 228 970 252 et
988 224 1074 252 dixit:

1131 233 1196 259 ματι
1223 224 1364 259 θεωρήσας
1384 224 1399 250 ό
1424 223 1523 259 Δανιὴλ
1545 223 1591 250 τὸν
1617 223 1731 259 χρόνον,
1755 223 1918 259 σημειοῦτας

295 267 408 296 Domine
420 268 602 303 omnipotens,
615 275 758 303 quousque
773 269 946 296 misereberis
965 267 1076 296 Jerusa—

294 314 347 341 lem
358 318 385 341 et
399 313 507 341 urbium
522 313 602 346 Juda,
618 321 686 348 quas
699 314 847 349 despexisti
868 314 942 342 hunc
967 320 1077 350 septua-

294 361 427 394 gesimum
454 367 555 387 annum
578 360 621 387 ⁸⁵9
637 370 646 386 ι
672 359 728 387 Hoc
751 360 834 395 igitur
855 361 943 395 ipsutn
970 365 1076 396 tempus

292 406 387 433 Daniel
402 413 464 433 cum
479 406 572 433 divino
586 405 688 441 Spiritu
702 406 807 434 aﬂlatus
825 407 945 439 vidisset,
961 407 1004 434 his
1016 416 1077 435 ver-

291 452 335 479 his
354 453 475 480 notavit:
492 461 502 477 ‹
517 452 572 488 Ego
588 452 682 480 Daniel
706 453 825 479 intellexi
838 453 866 479 iu
882 453 961 481 libris
975 462 1074 481 nume-

296 505 356 525 rum
374 499 564 530 annorum,'de
577 507 632 534 quo
644 499 733 526 factus
753 503 794 526 est
812 507 902 526 sermo
918 498 1024 526 Domini
1043 500 1076 526 ad

294 543 439 571 .leremiam
455 544 626 579 prophetam,
642 548 672 571 ut
685 545 887 580 complerentur
899 544 1076 572 desolationis

292 588 443 617 Jerusalem
455 590 625 626 septuaginta
636 591 710 622 anni,
720 595 747 618 et
756 591 818 618 dedi
830 590 924 618 faciem
941 599 1027 618 meam
1042 592 1076 618 ad

292 634 435 662 Dominum
453 635 536 662 Deum
548 643 650 669 meum,
663 641 692 664 ut
705 644 799 663 orares
810 643 841 663 ac
856 636 1074 672 deprecarer“.i

292 681 393 709 Deinde
410 685 471 717 post
493 681 715 718 deprecationem
744 683 866 717 angelus,
893 683 939 718 qui
967 683 1005 710 illi
1034 691 1077 711 se-

291 727 382 762 ipsum
411 727 542 760 ostendit,
569 736 601 755 ea
630 729 745 760 divinat,
765 737 825 764 qua:
855 729 889 756 ad
906 730 1075 764 septuaginta

292 772 476 801 hebdomadas
492 774 638 809 pertinent,
651 778 678 802 et
700 778 809 810 tempus
829 775 902 802 unde
915 774 1076 802 numerandi

291 818 398 845 initium
410 818 573 853 capiendum
589 823 641 851 est,
661 819 796 854 signiﬁcat
815 819 909 848 dicens
924 830 930 847 :
948 829 957 845 ι
982 819 1014 847 Et
1029 828 1075 848 co-

290 871 408 898 gnosces
422 868 450 891 et
469 864 607 896 intelliges
627 865 661 891 ab
676 865 750 892 exitu
767 866 903 894 sermonis
918 870 948 892 ut
964 873 1077 901 respon-

291 909 388 936 deatur
401 913 428 937 et
441 910 590 937 aediﬁcetur
605 909 756 938 Jerusalem
775 919 862 946 usque
888 911 920 938 ad
937 911 1076 939 Christum

290 956 399 983 ducem.
423 965 433 983 ›
447 955 534 984 Porro
551 960 642 984 autem
663 965 678 984 a
691 957 762 992 Cyro
775 959 894 993 primum
910 966 1074 993 responsum

290 1007 344 1035 est,
359 1007 388 1030 ut
402 1003 583 1031 aediﬁcaretur
601 1003 764 1036 Jerusalem,
789 1013 839 1032 nec
865 1009 955 1032 tamen
986 1006 1074 1040 ipsum

289 1056 359 1083 opus
372 1049 495 1076 ell'ectum
509 1053 561 1082 est,
579 1057 640 1077 cum
655 1050 681 1076 id
694 1050 775 1077 vicini
790 1050 910 1086 undique
926 1051 1074 1086 prohibue-

289 1094 356 1121 rint.
371 1093 467 1122 Postea
484 1103 549 1122 \'ero
567 1103 629 1122 cmn
655 1094 753 1124 Darius
776 1096 901 1131 jusserit,
919 1105 1007 1132 coque
1032 1105 1076 1125 re-

289 1144 389 1174 gnante
404 1141 559 1168 absolutum
576 1142 612 1169 sit
627 1142 720 1177 templi
733 1143 890 1175 :ediiicium,
903 1143 966 1170 inde
979 1144 1013 1171 ab
1025 1145 1075 1172 hoc

289 1186 349 1220 ipso
362 1190 484 1221 tempore
498 1187 637 1222 propheta:
662 1186 756 1215 Daniel
772 1190 914 1216 oraculum
936 1191 978 1218 sui
994 1199 1075 1219 even-

287 1236 333 1260 tus
343 1231 450 1259 initium
463 1233 558 1265 sumit,
569 1233 648 1267 cujus
660 1234 742 1262 verba
754 1235 799 1262 illa
811 1239 887 1268 sunt,
898 1246 907 1262 ‹
920 1242 949 1264 ιιι
963 1245 1060 1273 respon
1069 1253 1075 1258 -

287 1277 386 1305 deatur
397 1282 424 1305 et
443 1278 593 1306 aediﬁca-tur
607 1278 760 1308 Jerusalem
771 1300 779 1313 ,
798 1291 807 1308 ι
825 1281 852 1308 in
868 1290 923 1317 quo
944 1283 1025 1310 etiam
1043 1284 1072 1311 il-

290 1323 336 1351 lud
355 1324 458 1351 dictum
473 1330 514 1352 est
530 1334 536 1352 :
556 1333 565 1351 (
583 1325 640 1361 Ego
652 1325 746 1354 Daniel
762 1327 881 1355 intellexi
893 1329 920 1356 in
931 1329 1009 1358 libris
1022 1339 1075 1358 nu-

288 1377 393 1396 merum
411 1376 556 1402 annorum,
572 1370 655 1406 396
670 1371 705 1399 de
724 1380 778 1407 quo
799 1372 887 1401 factus
915 1378 958 1402 est
985 1383 1076 1403 sermo

290 1414 404 1442 Domini
419 1415 452 1442 ad
466 1414 611 1443 Jeremiam
636 1418 806 1453 prophetam,
823 1423 852 1446 ut
874 1421 1076 1456 complerentur

288 1461 625 1490 desolationisJerusalem
637 1464 809 1499 septuaginta
821 1465 895 1492 anni.
912 1467 1006 1494 iAnno
1019 1467 1065 1503 igi-

289 1511 334 1534 tur
345 1506 418 1535 Darii
439 1509 560 1536 secundo
571 1513 683 1545 apparet
701 1511 850 1546 completos
867 1519 929 1540 esse
942 1520 1029 1541 annos
1042 1514 1074 1541 il-

288 1553 330 1580 los
344 1554 527 1589 septuaginta,
541 1553 569 1581 u’t
584 1562 635 1583 nos
661 1556 733 1583 omni
751 1557 857 1583 ratione
886 1561 1010 1592 oporteat
1031 1567 1074 1587 se-

289 1601 431 1636 ptuaginta
441 1601 640 1629 hebdomadum
658 1602 765 1629 initium
777 1601 867 1631 facere
881 1610 895 1630 τι
908 1611 969 1631 mi
985 1605 1073 1640 olym-

288 1645 378 1681 piade.
393 1650 474 1682 atque
489 1654 505 1674 a
520 1647 593 1675 Darii
610 1655 682 1675 anno
703 1649 834 1681 secundo,
853 1650 881 1676 in
909 1658 964 1685 quo
985 1651 1074 1679 omnis

289 1691 334 1719 illa
351 1691 427 1720 urbis
440 1691 592 1721 Jerusalem
611 1693 756 1722 aediﬁcatio
781 1695 907 1723 absoluta
935 1700 978 1724 est
991 1706 998 1723 :
1011 1697 1075 1725 inde

288 1737 372 1772 igitur
382 1738 405 1766 si
421 1742 546 1774 tempora
558 1747 619 1774 qua:
632 1744 785 1775 sequuntur
797 1749 935 1774 numeres,
952 1742 1074 1770 invenias

285 1783 320 1811 ad
334 1783 423 1819 ipsum
445 1792 532 1820 usque
547 1784 680 1813 Herodem
698 1789 725 1813 et
742 1787 926 1815 monarcham‘
937 1787 1075 1817 Romano-

286 1835 349 1856 rum
366 1828 531 1865 Augustum,
545 1830 596 1857 sub
615 1830 715 1866 quibus
728 1830 880 1860 Salvatoris
894 1834 982 1860 nostri
997 1837 1074 1862 ortus

286 1874 350 1901 vitae
362 1874 504 1902 hominum
517 1875 616 1908 illuxit,
634 1876 848 1912 quadringentos
864 1879 1003 1914 octoginta
1018 1883 1074 1908 tres

286 1927 376 1948 annos
392 1921 537 1954 contineri,
556 1921 603 1957 qui
619 1926 721 1957 septem
746 1926 773 1950 et
801 1925 942 1959 sexaginta
957 1925 1072 1953 duarum

286 1966 487 1994 hebdomadum
519 1975 653 1995 summam
688 1969 838 1996 secundum
867 1970 954 2005 ipsius
979 1971 1074 1999 Daniel

286 2011 458 2047 prophetiam
486 2014 645 2042 coniiciunt.
662 2013 684 2041 Δ
707 2016 878 2050 sexagesima
898 2018 972 2044 enim
997 2023 1073 2046 sexta

286 2055 440 2090 olympiade
454 2056 489 2083 ad
505 2058 681 2086 centesimam
700 2060 895 2095 ootogesimam
911 2066 1015 2089 sextam
1031 2064 1074 2090 in-

286 2099 425 2127 termedia:
439 2101 607 2137 olytupiades
627 2103 794 2139 colliguntur
809 2109 919 2132 centum
930 2109 958 2132 et
977 2106 1072 2141 viginti

286 2152 341 2172 una
353 2154 360 2172 :
372 2146 418 2182 qui
429 2151 493 2174 sunt
505 2149 569 2176 anni
578 2149 772 2185 quadringenti
785 2151 925 2186 octoginta
938 2158 1071 2187 quatuor,

286 2192 401 2226 singulis
421 2192 514 2228 utique
527 2194 727 2229 olympiadibus
738 2200 887 2231 quaternos
902 2205 989 2227 annos
1006 2207 1072 2227 con—

1089 1579 1110 1609 C

1127 269 1231 302 λέγων·
1258 278 1266 293 ι
1294 268 1364 302 Ἐγὼ
1387 269 1486 303 Δανιὴλ
1509 269 1612 304 συνῆκα
1632 270 1661 294 ὲν
1676 270 1736 300 ταῖς
1754 269 1856 304 βίϐλοις
1871 270 1919 296 τὸν

1128 315 1243 351 ἀριθμὸν
1261 315 1315 341 τῶν
1339 315 1423 347 ἐτῶν,
1449 315 1514 350 περὶ
1534 313 1564 342 οὖ
1587 315 1702 350 ἐγενήθη
1722 314 1799 349 λόγος
1814 316 1918 352 Κυρίου

1128 362 1195 397 πρὸς
1212 361 1346 397 Ἱερεμίαν
1360 361 1406 387 τὸν
1423 362 1576 396 προφήτην,
1593 362 1633 392 είς
1647 360 1841 397 συμπλήρωσιν
1853 363 1921 398 ἐρη-

1129 407 1241 442 μώσεως
1263 407 1311 442 τῆς
1343 406 1524 441 Ἰερουσαλὴμ
1537 427 1544 438 ,
1571 405 1758 441 ἑϐδομήκοντα
1785 405 1853 441 ἐτη,
1873 407 1921 433 καὶ

1127 454 1216 480 ἑδωκα
1230 453 1261 479 τὸ
1279 453 1424 489 πρόσωπόν
1439 461 1488 488 μου
1506 453 1574 488 πρὸς
1590 452 1692 488 Κύρων
1709 452 1754 479 τὸν
1768 452 1834 479 Θεόν
1854 461 1918 488 μου.

1126 498 1173 524 τοῦ
1196 498 1345 533 ὲκζητῆσαι
1365 497 1519 532 προσευχὴν
1540 498 1587 524 καὶ
1604 497 1706 533 δέησιν.
1724 507 1734 523 ι
1759 495 1826 524 Εἶτα
1849 498 1920 533 μετὰ

1126 545 1176 580 τὴν
1202 545 1283 580 εὐχὴν
1307 544 1450 578 ἐπιφανεὶς
1481 543 1554 579 αὐτῷ
1580 545 1595 570 ὁ
1609 543 1724 578 ἄγγελος
1743 544 1864 573 θεσπίζει
1884 545 1920 572 τὰ

1128 590 1191 625 περὶ
1209 590 1262 616 τῶν
1286 590 1474 625 ἑϐδομήκοντα
1499 589 1670 625 ἑϐδομάδων,
1691 591 1739 617 καὶ
1759 590 1806 617 τδν
1824 590 1919 626 χρόνον

1127 635 1187 663 ὅθεν
1203 635 1244 662 δεῖ
1256 635 1387 672 ἄρχεσθαι
1402 636 1538 672 ἀριθμεῖν,
1555 637 1698 672 σημαίνει,
1716 638 1804 672 λέγων
1814 646 1822 653 ·
1842 647 1852 663 ι
1863 637 1919 664 Καὶ

1127 682 1219 719 γνώσῃ
1235 683 1283 710 καὶ
1303 683 1430 719 συνήσεις
1449 683 1504 710 ἀπὸ
1524 683 1613 717 ἐξόδου
1632 684 1728 718 λόγου,
1744 684 1790 711 τοῦ
1805 685 1920 720 ἀποκρι-

1128 729 1204 764 θῆναι
1220 729 1267 756 καὶ
1283 729 1330 756 τοῦ
1346 730 1524 766 οἰκοδομῆσαι
1535 731 1722 767 Ἰερουσαλὴμ,
1734 732 1787 764 ἓως
1800 731 1919 767 Χριστοῦ

1127 774 1290 810 ἡγουμένου.
1314 784 1322 801 ι
1357 775 1455 809 Γέγονε
1483 776 1533 811 μὲν
1561 774 1608 803 οὖν
1639 777 1786 813 ἀπόκρισις
1819 777 1919 814 ,πρώτη

1127 821 1231 857 Κύρου,
1254 821 1464 857 οἰκοδομηθῆναι
1478 822 1529 858 τὴν
1550 822 1726 858 Ἰερουσαλὴμ
1737 844 1744 855 ,
1762 823 1792 849 οὐ
1805 823 1858 859 μὴν
1874 824 1917 856 εἰς

1128 867 1208 903 ἔργον
1230 867 1369 903 ἐχώρησε,
1394 869 1448 896 τῶν
1469 869 1615 904 περιοίκων
1635 869 1848 897 κεκωλυκότων·
1867 871 1920 898 Δαι-

1093 902 1113 932 B
1129 902 1202 949 ρείου
1225 914 1256 940 δὲ
1273 902 1341 950 μετὰ
1352 915 1438 942 ταῦτα
1448 902 1636 948 κελεύσαντος,
1651 915 1700 943 καὶ
1712 915 1763 952 τῆς
1775 916 1921 952 οἰκοδομῆς

1125 959 1173 986 τοῦ
1193 960 1265 996 ἱεροῦ
1285 962 1345 987 κατ’
1362 961 1442 987 αὑτὸν
1465 961 1701 998 συντελεσθείσης,
1719 962 1736 998 ἠ
1757 961 1805 989 τοῦ
1821 963 1921 999 Δανιὴλ

1127 1006 1250 1033 ἐντεῦθεν
1279 1007 1432 1042 προφητεία
1466 1007 1514 1043 τὴν
1539 1008 1680 1044 καταρχὴν
1706 1009 1757 1044 τῆς
1777 1009 1919 1042 ἐκϐάσεως

1126 1051 1278 1087 ἐλάμϐανεν
1289 1071 1296 1083 ,
1311 1053 1328 1087 ἥ
1343 1061 1372 1079 τε
1389 1053 1530 1087 φάσκουσα
1544 1061 1551 1069 ·
1583 1062 1592 1079 ι
1616 1053 1683 1080 Ἀπὸ
1706 1054 1796 1086 ἐξόδου
1817 1055 1900 1090 λόγου
1910 1075 1918 1086 .

1125 1099 1172 1126 τοῦ
1188 1099 1367 1135 ἀποκριθῆναι
1385 1101 1490 1128 καὶτοῦ
1506 1101 1680 1137 οἰκοδομῆσαι
1705 1101 1883 1138 Ἰερουσαλὴμ
1893 1112 1917 1134 ,ι

1125 1146 1173 1172 καὶ
1195 1145 1229 1172 δι’
1241 1144 1280 1182 ,ἦς
1300 1146 1407 1182 εἴρηται
1429 1155 1438 1163 ·
1460 1157 1470 1173 ‹
1489 1147 1559 1182 Ἐγὼ
1575 1147 1673 1183 Δανιὴλ
1693 1148 1795 1184 συνῆκα
1809 1148 1838 1174 ἐν
1859 1149 1920 1180 ταῖς

1127 1193 1226 1228 βίϐλοις
1239 1194 1285 1220 τὸν
1298 1194 1414 1230 ἀριθμὸν
1422 1195 1475 1221 τῶν
1490 1195 1569 1227 ἑτῶν,
1584 1196 1647 1231 περὶ
1658 1192 1689 1222 οὗ
1707 1193 1823 1230 ἐγενήθη
1836 1195 1918 1229 λόγος

1129 1241 1232 1276 Κυρίου
1247 1241 1315 1277 πρὸς
1343 1242 1476 1277 Ἰερεμίαν
1495 1242 1540 1268 τὸν
1567 1242 1720 1278 προφήτην,
1741 1243 1780 1273 είς
1794 1240 1919 1276 συμπλή-
1944 1253 1951 1260 ·

1128 1295 1211 1322 ρωσιν
1234 1287 1400 1323 ἐρημώσεως
1428 1287 1616 1323 Ἰερουσαλὴμ,
1640 1287 1824 1323 ἑϐδομήκοντα
1841 1286 1917 1322 ἐτη.»

1126 1332 1205 1360 Κατὰ
1226 1332 1291 1367 γοῦν
1312 1333 1342 1360 τὸ
1370 1332 1496 1369 δεύτερον
1523 1333 1584 1365 ἑτος
1609 1333 1720 1368 Δαρείου
1747 1334 1763 1368 ἡ
1792 1332 1919 1368 συμπλή-

1130 1387 1213 1414 ρωσις
1223 1379 1273 1414 τῆς
1289 1379 1521 1415 ἐϐδομηκονταετη
1527 1379 1596 1415 ρῐδος
1604 1379 1790 1406 ἀποδέδεικται
1799 1387 1921 1415 περαιω-

1127 1424 1220 1456 θεῖσα,
1240 1424 1310 1451 ὥστε
1335 1425 1364 1457 ἐξ
1389 1425 1508 1457 ἅπαντος
1530 1425 1661 1461 ἄρχεσθαι
1682 1425 1736 1451 δεῖν
1762 1426 1837 1461 ἡμᾶς
1863 1425 1920 1452 τῶν

1127 1471 1311 1506 ἑϐδομήκοντα
1324 1471 1478 1506 ἑϐδομάδων
1493 1470 1546 1497 ἀπὸ
1557 1471 1607 1506 τῆς
1617 1471 1767 1506 ἑξηκοστῆς
1779 1472 1826 1498 καὶ
1835 1471 1920 1508 ἕκτης

1134 1516 1332 1551 Ὀλυμπιάδος,
1353 1516 1400 1542 καὶ
1419 1516 1473 1542 άπὸ
1496 1516 1621 1552 δευτέρου
1644 1516 1721 1548 ἔτους
1738 1516 1870 1552 Δαρείου,
1890 1518 1920 1544 ἐν

1125 1558 1147 1596 ᾧ
1161 1562 1195 1588 τὰ
1212 1562 1262 1597 τῆς
1279 1562 1423 1598 οἰκοδομῆς
1443 1562 1612 1598 περαιοῦται.
1643 1562 1782 1589 Ἐντεῦθεν
1807 1562 1873 1597 γοῦν
1895 1564 1920 1590 εί

1125 1608 1189 1639 τοὺς
1210 1607 1360 1644 ἑπομένους
1384 1607 1497 1643 χρόνους
1517 1607 1695 1644 άριθμήσεις,
1715 1608 1804 1644 εὕροις
1823 1608 1857 1636 ἂν
1875 1609 1920 1636 ἐπ’

1125 1654 1206 1681 αὐτὸν
1226 1653 1348 1690 Ἡρώδην
1371 1653 1505 1690 μόναρχόν
1522 1662 1552 1679 τε
1583 1653 1725 1688 Ῥωμαίων
1750 1653 1919 1687 Αὔγουστον,

1125 1700 1186 1726 καθ’
1199 1699 1245 1731 οὓς
1260 1700 1276 1734 ἡ
1294 1699 1341 1725 τοῦ
1359 1700 1484 1735 Σωτῆρος
1501 1698 1579 1734 ἡμῶν
1603 1698 1720 1733 ἐπέφανε
1737 1698 1778 1734 τῷ
1802 1698 1852 1735 βίῳ
1872 1698 1921 1733 γέ-

1126 1755 1210 1777 νεσις,
1225 1745 1260 1772 τὰ
1278 1745 1441 1781 τετρακόσια
1460 1745 1624 1780 ὀγδοήκοντα
1638 1744 1701 1781 τρία
1718 1744 1765 1780 ἐτη
1775 1765 1782 1777 ,
1803 1745 1834 1771 αῖ
1849 1745 1920 1771 εἰσιν

1124 1791 1195 1819 ἑπτὰ
1230 1792 1278 1818 καὶ
1300 1791 1479 1826 ἑξηκονταδύο
1507 1791 1668 1827 ὲϐδομάδες,
1699 1790 1769 1817 κατὰ
1794 1790 1844 1826 τὴν
1870 1790 1920 1818 τοῦ

1124 1837 1222 1874 Δανιὴλ
1248 1837 1416 1873 προφητείαν
1440 1838 1661 1874 περιοριζόμενα.
1697 1837 1763 1865 Ἀπὸ
1790 1837 1845 1873 γὰρ
1869 1838 1921 1873 τῆς

1124 1883 1274 1919 ἑξηκοστῆς
1293 1884 1339 1910 καὶ
1353 1883 1435 1920 ἕκτης
1454 1884 1633 1919 Ὀλυμπιάδος
1644 1884 1689 1910 ἐπὶ
1701 1883 1751 1919 τὴν
1768 1884 1920 1920 ἑκατοστὴν

1124 1930 1307 1966 ὀγδοηκοστὴν
1337 1930 1421 1966 ἕκτην
1453 1931 1573 1966 γίνονται
1608 1931 1787 1966 Ὀλυμπιάδες
1816 1930 1920 1967 μεταξὺ

1126 1977 1223 2003 ἑκατὸν
1243 1977 1383 2013 είκοσιμία
1396 1997 1403 2009 ,
1424 1977 1470 2013 ἐτη
1488 1977 1651 2013 τετρακόσια
1675 1977 1840 2012 ὀγδοήκοντα
1859 1977 1920 2004 τέσ-

1124 2031 1212 2058 σαρα,
1227 2023 1384 2058 τετραετίαν
1403 2023 1452 2058 τῆς
1469 2023 1649 2059 Ὀλυμπιάδος
1669 2022 1833 2058 ἐπεχούσης,
1856 2021 1920 2049 καθ’

1125 2068 1155 2094 ὃν
1171 2068 1266 2104 καιρὸν
1284 2068 1438 2103 Αῠγουστος
1458 2068 1600 2104 Ῥωμαίων
1616 2068 1742 2104 βασιλεὺς
1753 2087 1761 2100 ,
1776 2076 1921 2095 πεντεκαι-

1123 2114 1236 2141 δέκατον
1269 2114 1328 2146 ἔτος
1361 2114 1412 2149 τῆς
1449 2114 1590 2149 βασιλείας
1623 2114 1751 2150 ἐπέχων,
1782 2113 1920 2148 Αἰγύπτου

1124 2163 1227 2197 κρατεῖ,
1243 2163 1290 2189 καὶ
1315 2163 1365 2198 τῆς
1386 2162 1482 2198 λοιπῆς
1509 2162 1689 2198 οίκουμὲνης,
1706 2162 1750 2197 ὑφ’
1765 2158 1796 2188 οὗ
1812 2161 1922 2198 πρῶτος

1123 2208 1270 2242 ἀλλόφυλος
1295 2208 1415 2245 Ἡρώδης
1436 2209 1484 2244 τὴν
1511 2208 1565 2235 τῶν
1585 2208 1721 2235 Ἰουδαίων
1737 2207 1920 2244 ἐγχειρίζεται

285 2237 447 2266 tinentibus.
480 2239 540 2273 Quo
569 2244 691 2276 tempore
719 2242 859 2278 Augustus
884 2243 1068 2274 Romanorum

1127 2237 1273 2289 βασιλείαν.
1294 2237 1422 2281 Γεννᾶται
1446 2237 1474 2280 δέ
1499 2256 1514 2281 ὁ
1536 2254 1630 2290 Σωτὴρ
1656 2255 1703 2281 καὶ

285 2292 333 2312 rex
349 2285 475 2320 quintum
492 2287 628 2314 decimum
646 2288 688 2315 sui
711 2290 785 2325 regni
810 2298 913 2318 annum
935 2299 1029 2327 agens,
1046 2298 1073 2321 et

285 2330 435 2367 (Egyptum
452 2336 479 2360 et
494 2332 628 2368 reliquum
650 2334 742 2362 urbem
768 2340 903 2364 terrarum
927 2338 1071 2374 imperium

285 2377 406 2410 obtinet;
423 2377 476 2405 sub
488 2386 544 2413 quo
556 2378 662 2414 primus
677 2380 756 2408 alieni
769 2383 877 2417 generis
893 2383 1014 2414 Herodes
1029 2386 1073 2414 Ju-

285 2422 406 2450 dreorum
424 2423 526 2459 accipit
548 2432 674 2460 regnum,
693 2430 720 2454 et
742 2426 868 2457 Salvator
890 2430 1074 2468 Dominusque

284 2471 380 2496 noster
395 2469 488 2500 Jesus.
506 2471 553 2506 qui
570 2471 698 2501 Christus
714 2478 756 2501 est
776 2474 835 2508 Dei,
859 2477 994 2510 nascitur,
1008 2479 1072 2506 dum

284 2516 412 2558 videliqet
426 2520 453 2544 et
465 2520 544 2545 ortus
556 2518 630 2546 illius
645 2522 764 2554 tempus.
785 2525 813 2548 et
832 2528 933 2558 septem
949 2531 982 2551 ac
995 2532 1074 2552 sexa-

282 2562 358 2597 ginta
377 2562 494 2590 duarum
511 2564 711 2593 hebdomadum
737 2566 809 2599 linis,
823 2568 856 2596 de
870 2570 970 2604 quibus
985 2571 1074 2607 loqui-

282 2611 329 2635 tur
344 2609 476 2643 propheta
491 2609 597 2643 Daniel,
613 2612 641 2638 in
655 2612 726 2640 idem
740 2620 988 2652 concurrunt,post
1002 2625 1072 2653 quas

283 2661 345 2680 cum
358 2659 526 2690 segregetur,
539 2662 567 2684 et
579 2657 688 2693 longius
702 2664 764 2694 post
774 2660 891 2695 plurima
900 2669 931 2689 ea
945 2663 1072 2691 videlicet

283 2704 344 2732 qua:
367 2698 394 2726 in
417 2700 507 2728 medio
528 2703 687 2737 prophetice
703 2705 898 2738 praedicuntur,
913 2707 1073 2735 amandetur

283 2752 349 2776 una,
365 2753 427 2780 quae
452 2747 557 2782 reliqua
574 2753 630 2782 est,
651 2749 834 2782 hebdomada,
858 2756 956 2779 caetera
981 2754 1073 2781 omnia

284 2796 455 2825 quaecunque
484 2793 556 2819 inter
591 2795 708 2822 mediam
735 2797 840 2823 oraculi
866 2798 1072 2832 praedictionem

284 2833 356 2860 dir-ta
371 2841 447 2867 sunt,
464 2838 644 2872 perﬁciuntur
655 2860 662 2871 ,
679 2849 739 2875 qua:
757 2842 784 2868 in
800 2843 874 2870 hunc
890 2844 1000 2872 modum
1013 2846 1074 2882 ipsa

318 2880 342 2896 "
359 2880 474 2909 lat-bar.
493 2891 512 2918 I,
534 2884 576 2912 l2.
614 2885 637 2901 "
656 2885 725 2914 Dan.
741 2895 784 2919 lx,
801 2887 856 2920 2,5

1133 2299 1235 2335 Ἰησοῦς
1254 2301 1267 2326 ὁ
1286 2299 1402 2336 Χριστὸς
1422 2300 1469 2326 τοῦ
1485 2300 1552 2326 Θεοῦ
1565 2319 1572 2331 ,
1591 2299 1661 2326 κατὰ
1679 2300 1710 2326 τὸ
1724 2299 1790 2326 αὐτὸ
1809 2307 1922 2335 συντρε-

1127 2345 1226 2383 χόντων
1251 2345 1304 2372 τῶν
1324 2345 1427 2382 χρόνων
1453 2345 1504 2380 τῆς
1531 2345 1665 2380 γενέσεως
1687 2344 1770 2371 αὑτοῦ
1795 2344 1844 2371 καὶ
1869 2344 1921 2379 τῆς

1127 2389 1349 2425 συμπληρώσεως
1361 2389 1416 2416 τῶν
1439 2390 1514 2426 παρὰ
1534 2389 1574 2426 τῷ
1595 2389 1694 2425 Δανιὴλ
1710 2388 1781 2416 ἑπτὰ
1795 2389 1843 2416 καὶ
1858 2387 1921 2423 ἐξή-

1127 2444 1209 2462 κοντα
1219 2435 1266 2462 δύο
1277 2435 1444 2471 ἑϐδομάδων·
1462 2436 1520 2471 μεθ’
1530 2435 1562 2468 ἃς
1572 2435 1739 2472 διῃρημένης
1749 2434 1798 2462 καὶ
1811 2434 1922 2471 μακρὰν

1126 2481 1384 2517 ἀπεσχοινισμένης,
1403 2482 1473 2517 μετὰ
1486 2481 1601 2508 πλεῖστα
1620 2481 1671 2508 ὅσα
1683 2480 1718 2507 τὰ
1734 2480 1835 2516 μεταξὺ
1852 2488 1922 2516 προ-

1125 2528 1307 2564 φητευόμενα,
1322 2528 1374 2563 τῆς
1391 2527 1538 2564 λειπούσης
1549 2528 1613 2564 μιᾶς
1625 2527 1783 2562 ἑϐδομάδος,
1794 2526 1830 2553 τὰ
1838 2525 1921 2554 λοιπά

1124 2574 1215 2602 πάντα
1241 2573 1286 2600 διὰ
1311 2573 1397 2609 μέσου
1425 2574 1477 2610 τῆς
1503 2573 1550 2602 τοῦ
1583 2573 1709 2610 χρησμοῦ
1740 2572 1922 2609 προρρήσεως

1123 2619 1256 2656 εἰρημένα
1284 2619 1446 2646 ἐπιτελεῖται
1461 2640 1467 2651 ,
1492 2620 1510 2647 ἃ.
1537 2621 1583 2647 καὶ
1599 2619 1669 2646 αὑτά
1684 2618 1779 2645 τοῦτον
1800 2618 1858 2654 ἔχει
1875 2617 1922 2644 τδν

1121 2666 1222 2702 τρόπον
1237 2675 1244 2682 ·
1269 2676 1278 2692 ι
1290 2666 1368 2693 Μετὰ
1381 2666 1430 2698 τὰς
1443 2666 1592 2702 ἑϐδομάδας
1599 2665 1649 2698 τὰς
1663 2665 1734 2692 ἑπτὰ
1745 2665 1792 2692 καὶ
1810 2664 1923 2700 ἑξηκον-

1122 2712 1205 2739 ταδύο
1231 2711 1485 2749 ἑξολοθρευϐήσεται
1497 2713 1611 2748 χρίσμα,
1622 2712 1668 2738 καλ⁵
1681 2712 1768 2747 κρῖμα
1787 2711 1838 2738 οὐκ
1847 2710 1922 2737 ἐστιν

1124 2759 1152 2784 ἐν
1163 2757 1238 2794 αὐτῷ
1251 2767 1258 2774 ·
1270 2759 1318 2785 καὶ
1332 2759 1382 2794 τὴν
1404 2758 1479 2785 πόλιν
1500 2758 1547 2784 καὶ
1567 2758 1598 2784 τὸ
1617 2757 1694 2791 ἆγιον
1713 2756 1856 2794 διαφθερεῖ
1872 2755 1923 2784 σὺν

1123 2801 1162 2837 τῷ
1185 2802 1330 2837 ἡγουμένῳ
1356 2802 1397 2837 τῷ
1424 2802 1583 2838 ἐρχομένῳ,
1610 2801 1657 2828 καὶ
1675 2801 1877 2836 ὲκκοπὴσονται
1892 2799 1924 2827 ἐν

1124 2847 1320 2883 κατακλυσμῷ,
1332 2848 1446 2884 καὶ-ἓως
1458 2848 1550 2880 τέλους
1566 2847 1683 2882 πολέμου
1699 2845 1923 2882 συντετμημένου
