2089 3218
174 188 224 216 ϐΞί

589 186 913 216 DEMONSTRATIONIS
932 187 1162 216 EVANGELIC/E
1181 188 1244 217 LIB.
1263 188 1336 217 Vlll;

1743 188 1796 217 622

173 245 344 280 ἀφανισμοῖς.
365 254 374 271 ι
403 245 458 272 Καὶ
481 245 568 272 ταῦτα
590 246 618 273 δὲ
647 247 747 282 ἐναργῆ
772 246 821 282 τὴν
847 247 956 273 ἔκϐασιν

1011 255 1116 282 quoque
1137 255 1167 275 se
1189 247 1289 275 habent
1308 257 1315 275 :
1337 257 1345 273 ι
1363 246 1428 274 Post
1451 246 1637 275 hebdomadas
1648 251 1750 283 septem
1770 253 1797 275 ct

173 291 267 327 εἴληφε
284 291 342 317 κατ’
359 291 440 318 αὐτὸν
458 291 610 326 Αῧγουστον
629 293 676 318 καὶ
695 293 816 329 Ἡρώδην
829 313 836 325 ,
857 294 896 325 είς
915 293 960 325 οὓς

172 337 221 368 τὰς
235 336 433 372 προειρημένας
445 337 512 363 ἑπτὰ
526 336 677 372 ἑϐδομάδας
696 337 960 372 συγκεφαλαιοῦσθαί

174 391 273 417 φαμεν.
292 382 359 417 Ὀδῷ
376 382 441 416 γοῦν
462 383 507 409 καὶ
520 383 595 416 τάξει
612 382 659 409 τοῦ
673 383 744 410 κατὰ
760 383 809 418 τὴν
829 384 960 419 ἀρχιερω-

174 427 255 462 σύνην
265 427 423 462 χρίσματος,
444 427 524 463 μέχρι
543 428 598 454 τῶν
613 428 732 463 Ἡρώδου
747 429 793 455 καὶ
803 429 960 463 Αὐγούστου

173 473 275 508 χρόνων
298 473 509 509 διαρκὲσαντος,
532 474 581 510 τῆς
604 474 633 500 δὲ
656 474 779 510 διαδοχῆς
804 475 858 501 τῶν
878 474 960 500 πάλαι

172 518 322 555 ἀρχιερέων
350 520 396 545 ἐπὶ
424 519 596 556 Ἀλέξανδρον
625 521 671 547 τδν
697 520 830 556 Ὑρκανοῦ
855 520 961 556 πατέρα

173 565 408 601 περιγραφείσης,
452 565 573 601 Ἡρώδης
598 565 644 592 τὸν
679 566 810 601 Ὑρκανὸν
843 565 959 595 ἀνελὼν,

173 611 264 638 οὐκέτι
286 613 342 643 τοῖς
358 613 390 638 ὲκ
409 612 535 647 πατέρων
554 611 686 646 διαδόχοις
700 612 843 647 ἐπιτρέψαι
853 611 960 646 λέγεται

172 657 221 693 τὴν
244 657 428 693 λειτουργίαν,
455 657 523 684 ἀλλά
540 666 610 684 τισιν
630 658 746 693 ἀσήμοις
765 658 812 684 καὶ
831 657 961 691 ἀφανέσιν

173 703 335 739 ἀνθρώποις.
353 704 437 730 Τοῦτο
452 704 480 730 δὲ
501 704 547 730 καὶ
566 705 580 730 6
600 703 722 739 χρησμὸς
739 702 882 739 προλαϐὼν
896 703 960 729 ἐπε-

174 749 313 782 θέσπισεν,
338 750 443 777 εἰπών·
472 759 481 775 ε
500 751 554 777 Καὶ
582 749 649 785 μετὰ
666 749 715 781 τὰς
740 750 889 785 ὲϐδομῶας
913 750 961 782 τὰς

174 797 243 823 ἑπτὰ
257 797 304 823 καὶ
319 795 497 831 ἑξηκονταδύο
514 796 769 832 ὲξολοθρευθήσεται
785 796 899 832 χρίσμα,
914 797 961 823 καὶ

174 844 260 879 κρῖμα
273 843 323 869 οὐκ
340 842 413 868 ἐστιν
428 843 457 868 ὲν
470 841 543 876 αὑτῷ
555 850 561 856 ·
583 851 592 867 ι
613 842 681 878 ὅπερ
701 841 793 876 σαφῶς
813 842 859 868 καὶ
874 841 962 868 λοιποὶ

173 887 327 914 τεθείκασιν
342 887 506 923 ἐρμηνευταί
520 896 526 902 ·
539 888 553 913 6
568 888 616 922 μὲν
636 887 751 920 ’Λκύλας
761 888 848 923 φήσας
858 896 865 902 ·
883 896 892 912 ι
907 887 962 914 Καὶ

175 934 245 970 μετὰ
256 934 305 965 τὰς
316 934 386 961 ἑπτὰ
396 933 547 969 ἑϐδομάδας
559 934 605 960 καὶ
621 932 799 968 ἑξηκονταδύο
810 932 962 967 ὲξολοθρευ-

174 980 287 1015 θήσεται
309 979 488 1015 ἠλειμμένος,
516 981 562 1006 καὶ
585 980 635 1006 οὐκ
660 979 732 1006 ἔστιν
749 978 842 1013 αὐτῷ·
862 989 871 1004 ι
899 979 913 1004 ὁ
935 978 961 1004 δὲ

174 1025 338 1061 Σύμμαχος·
358 1035 367 1051 ‹
385 1026 441 1052 Καὶ
453 1025 521 1060 μετὰ
537 1026 584 1056 τὰς
599 1025 747 1060 ἑϐδομάδας
758 1024 827 1051 ἑπτὰ
841 1025 887 1051 καὶ
902 1022 962 1059 ἑξη-

174 1072 301 1099 κονταδύο
308 1072 488 1108 ὲκκοπήσεται
494 1072 618 1107 Χριστὸς,
626 1072 672 1097 καὶ
680 1072 730 1097 οὐκ
738 1071 850 1106 ὑπάρξει
859 1070 941 1106 αὐτῷ.
949 1080 959 1096 ι

177 1119 257 1146 Ὅθεν
273 1118 390 1154 μάλιστα
404 1118 588 1154 παρίστασθαί
605 1126 650 1153 μοι
666 1117 738 1143 δοκεῖ
752 1117 868 1153 Χριστὸς
882 1116 962 1152 ἡγού-

175 1173 255 1201 μενος
270 1163 339 1191 εἶναι
351 1165 365 1191 6
381 1164 450 1191 κατὰ
463 1164 512 1199 τὴν
527 1164 661 1199 ἡμετέραν
673 1163 798 1189 ἀπόδοσιν
811 1162 962 1197 δεδηλωμέ-

174 1221 227 1243 νος.
240 1211 317 1238 Μετὰ
327 1211 391 1245 γοῦν
400 1210 448 1246 τὴν
456 1209 509 1236 τῶν
518 1209 669 1245 εἰρημένων
676 1208 829 1243 ἑϐδομάδων
836 1217 868 1234 συ
873 1208 961 1243 μπλή-

174 1266 267 1293 ρωσιν,
275 1266 283 1282 ι
294 1255 547 1291 ὲξολοθρευθήσεται
557 1255 683 1290 Χριστὸς,
691 1254 779 1289 upch
792 1254 839 1285 Τίς
847 1254 875 1279 δὲ
884 1250 960 1285 οὗτος

173 1303 190 1339 ἣ
199 1305 213 1329 ὁ
224 1302 384 1338 ἡγούμενος,
394 1302 439 1328 καὶ
446 1303 459 1328 ὁ
468 1302 536 1328 κατὰ
544 1301 666 1336 διαδοχὴν
675 1300 703 1333 ἐξ
712 1299 846 1335 ἱερατικοῦ
855 1301 959 1334 γένους,

174 1347 219 1374 τοῦ
240 1347 332 1378 ἔθνους
345 1345 503 1382 προεστώς;
529 1345 640 1380 Διέμενε
658 1344 723 1378 γοῦν
744 1340 820 1375 οὗτος
842 1344 882 1374 εἰς
899 1343 960 1369 ὅσον

172 1395 250 1423 οὔπω
259 1395 293 1421 τὰ
303 1395 358 1421 τῶν
371 1393 525 1429 ἑϐδομάδων
539 1392 691 1428 ἐπληροῦτο
705 1400 711 1406 ·
739 1390 832 1425 ἐπειδὴ
847 1389 875 1416 δὲ
886 1389 960 1421 τέλος

173 1439 324 1474 ἐλάμϐανον
341 1436 421 1465 αὗται
433 1459 440 1471 ,
460 1437 613 1468 ἀκολούθως
628 1438 660 1471 τῇ
676 1435 827 1470 προφητείᾳ
845 1433 959 1469 ἐξεκόπη

173 1487 188 1512 6
201 1486 233 1512 ἐκ
249 1485 372 1520 διαδοχῆς
389 1484 484 1519 γένους
495 1504 502 1515 ,
521 1482 567 1509 τοῦ
590 1483 680 1513 ἔθνους
702 1480 849 1517 προεστώς.
877 1478 960 1511 Οὗτος

173 1530 202 1557 δὲ
214 1528 247 1566 ἦν
269 1529 410 1566 Ὑρκανὸς,
421 1529 450 1555 δν
463 1529 543 1560 αὐτὸς
559 1527 679 1563 Ἡρώδης
693 1526 794 1553 ἀνελὼν
805 1546 812 1558 ,
827 1525 875 1561 τὴν
889 1524 960 1551 κατὰ

173 1575 218 1601 τοῦ
231 1575 324 1606 ἔθνους
335 1574 473 1610 βασιλείαν
498 1573 580 1609 μηδὲν
600 1572 673 1607 αὺτῴ
683 1571 862 1607 διαφέρουσαν
875 1570 961 1619 ὑφαρῗ
974 1592 993 1619 C

173 1621 277 1653 πάξει,
307 1620 414 1656 πρῶτός
443 1628 473 1646 τε
497 1619 577 1650 αὐτὸς
602 1617 748 1652 ἀλλόφυλος
774 1617 891 1652 ἡγεῖται.
922 1615 959 1642 Οὐ

175 1669 255 1704 μόνος
271 1669 299 1695 δὲ
313 1669 367 1704 ἄρα
383 1668 397 1694 ὁ
416 1667 545 1703 Ὑρκανὸς
560 1667 677 1702 Χριστὸς
687 1666 740 1697 ιῶν,
753 1664 863 1691 καὶτῶν
878 1664 961 1691 πάλαι

173 1715 324 1751 ἀρχιερέων
352 1714 476 1746 ὕστατος,
494 1713 623 1748 ’ὶξεκόπη1
640 1712 707 1739 ἀλλὰ
723 1712 770 1738 καὶ
784 1713 800 1747 ἡ
814 1712 845 1737 ὲκ
862 1710 961 1746 προγό-

173 1769 226 1788 νων
257 1759 361 1787 ἄνωθεν
380 1761 412 1786 ὲκ
424 1759 477 1785 τῶν
499 1758 638 1794 πρόπαλαι
658 1757 806 1793 ἀρχιερέων
831 1756 961 1783 κατιοῦσα

173 1805 301 1841 διαδοχὴ,
335 1805 400 1832 αὑτό
430 1814 459 1831 τε
492 1805 523 1830 τὸ
556 1803 626 1830 κατὰ
655 1803 753 1839 νόμους
781 1802 884 1838 χρίσμα
911 1802 961 1829 ουκ

174 1852 214 1879 ἔτι
229 1852 299 1878 κατὰ
332 1852 421 1887 κρίσιν
439 1851 579 1886 γινόμενον
589 1871 597 1882 ,
620 1850 744 1880 ἀτάκτως
762 1849 790 1875 δὲ
804 1849 850 1875 καὶ
863 1857 960 1883 συγκε-

174 1898 315 1934 χυμένως,
346 1898 376 1924 οὐ
403 1897 473 1924 κατὰ
498 1897 531 1923 τὰ
548 1896 622 1932 παρὰ
646 1896 755 1922 Μωῠσεῖ
785 1895 960 1931 νενομοθετη-

176 1944 400 1981 μένα,συνέτρεχε
420 1943 448 1969 δὲ
474 1943 540 1979 όμοῦ
558 1943 647 1969 πάντα
675 1942 826 1973 ἀκολούθως
848 1944 879 1977 τῇ
897 1951 961 1977 προ-

175 1991 272 2027 φητεία
300 1991 427 2026 φησάσῃ·
448 2000 456 2015 ι
474 1989 742 2026 Ἐξολοθρευθήσεται
768 1989 871 2025 χρίσμα
885 2008 892 2021 ,
915 1990 961 2015 ml.

175 2038 262 2073 κρῖμα
283 2037 333 2063 οὐκ
362 2036 434 2063 ἐστιν
464 2036 493 2062 ὲν
516 2035 599 2071 αὐτῷ,
615 2045 624 2061 ι
643 2035 755 2070 Μάρτυς
778 2035 799 2060 δ’
815 2034 961 2069 ἀξιόχρεως

174 2083 276 2110 τούτων
296 2084 310 2109 6
338 2082 367 2114 ἐξ
390 2082 478 2108 αὐτῶν
506 2081 637 2117 Ἑϐραίων
663 2080 808 2116 Ἰώσηπος,
830 2077 881 2106 ὧδὲ
903 2089 962 2111 πως

175 2127 289 2163 ἱστορῶν
310 2126 345 2153 τὰ
370 2126 440 2153 κατὰ
463 2127 526 2158 τοὺς
549 2127 660 2162 χρόνους
686 2127 714 2152 ἐν
738 2125 961 2159 ὀκτωκαιδεκάτῳ

173 2175 224 2211 τῆς
248 2173 415 2208 Ἰουδαϊκῆς
438 2173 657 2208 Ἀρχίιιολογίας
667 2181 674 2188 ’
690 2182 698 2198 ι
717 2173 771 2207 Τὴν
783 2172 811 2198 δὲ
824 2170 961 2206 βασιλείαν

180 2220 303 2257 Ἡρώδης
318 2220 394 2256 παρὰ
415 2219 555 2254 Ῥωμαίων
567 2218 744 2254 ἐγχειρισθεὶς
755 2238 761 2249 ,
779 2218 828 2244 οὐκ
843 2217 883 2243 ἔτι
900 2217 962 2248 τοὺς

1012 294 1153 329 sexaginta
1170 295 1239 322 duas
1252 294 1349 329 peribit
1360 294 1464 326 unctio,
1477 298 1504 322 et
1525 294 1660 327 judicium
1685 303 1740 322 non
1755 299 1798 322 est

1013 339 1040 366 in
1059 347 1105 371 ea;
1117 343 1144 367 et
1160 340 1298 367 civitatem
1314 345 1341 367 et
1360 343 1486 366 sanctum
1501 338 1640 373 diSperdet
1652 346 1713 367 cum
1729 338 1798 366 dum

1011 389 1126 412 venturo
1138 395 1144 413 :
1155 390 1182 412 et
1198 384 1340 412 excidetur
1355 383 1383 411 in
1399 380 1513 417 diluvio,
1524 387 1550 411 et
1564 391 1650 419 usque
1668 383 1702 410 ad
1716 383 1796 411 ﬁnem

1011 431 1075 458 belli
1092 431 1119 458 in
1135 431 1325 466 compendium
1339 430 1455 461 redacti,
1477 429 1722 457 internecionibus.
1742 439 1752 456 ι
1765 428 1797 455 Et

1012 477 1069 504 haec
1085 477 1193 512 quidem
1210 478 1384 512 perspicuum
1398 477 1500 504 exitum
1514 480 1595 506 nacta
1605 479 1670 503 sunt
1681 475 1796 511 Augusti

1011 522 1180 558 Herodisque
1205 522 1375 558 temporibus
1395 531 1401 549 :
1418 522 1445 549 in
1468 530 1537 557 quos
1554 529 1613 554 eas,
1639 521 1673 549 de
1697 521 1795 556 quibus

1011 568 1180 599 dicebamus,
1200 571 1302 602 septem
1323 566 1508 594 hebdomadas
1525 566 1711 594 consummari
1726 566 1797 594 amr-

1012 620 1127 640 mamus.
1140 611 1207 638 Nam
1220 619 1281 638 cum
1294 619 1374 639 suum
1390 619 1564 647 progressum
1580 615 1662 646 atque
1673 611 1795 638 ordinem

1012 659 1148 694 pontiﬁcia
1164 659 1209 685 illa
1230 658 1324 686 unctio
1342 666 1429 692 usque
1453 658 1486 685 ad
1502 657 1636 686 Herodem
1658 663 1683 685 et
1703 658 1797 693 Augu-

1012 708 1083 731 stum
1111 709 1268 732 constanter
1281 705 1441 735 servaverit,
1459 708 1486 731 et
1499 709 1621 732 veterum
1636 703 1795 739 pontiﬁcmn

1012 750 1151 779 successio
1169 751 1196 777 in
1208 750 1364 778 Alexandro
1385 749 1502 785 Hyrcani
1523 753 1598 784 patre
1622 749 1794 780 lerminctur,

1012 795 1133 823 Herodes
1148 797 1206 831 ipso
1220 796 1345 832 Hyrcano
1361 795 1503 824 interfecto
1517 794 1597 830 397
1612 802 1667 822 non
1678 795 1796 830 amplius

1013 841 1057 874 iis,
1071 842 1117 877 qui
1135 850 1150 869 a
1171 843 1331 877 parentibus
1343 841 1509 869 succedendi
1524 842 1571 876 jus
1590 841 1733 874 haberent,
1746 842 1797 868 mi-

1013 887 1157 915 nisterium
1175 888 1242 915 illud
1256 887 1426 915 concessisse
1440 887 1550 918 dicitur,
1567 887 1613 915 sed
1634 884 1796 923 ignobilibus

1014 934 1178 969 quibusdam
1192 934 1373 969 obscurisque
1389 933 1557 961 hominibus.
1576 933 1627 961 Sed
1644 935 1726 961 etiam
1736 941 1798 961 ora-

1014 980 1105 1006 culum
1131 979 1202 1007 hanc
1222 980 1307 1015 ipsam
1332 987 1389 1012 rem
1416 980 1569 1015 anticipans
1594 980 1738 1010 divinavit.
1753 979 1796 1007 bis

1013 1025 1121 1053 verbis:
1137 1034 1146 1050 ι
1164 1025 1196 1052 Ει
1209 1028 1271 1060 post
1287 1025 1471 1053 hebdomadas
1496 1030 1598 1060 septem
1616 1029 1642 1053 et
1657 1025 1798 1061 sexaginta

1014 1071 1083 1099 duas
1108 1072 1207 1107 peribit
1222 1071 1324 1104 unctio,
1341 1074 1368 1098 et
1386 1071 1520 1106 judicium
1537 1078 1591 1098 non
1609 1074 1650 1099 est
1675 1071 1702 1098 in
1724 1079 1766 1099 ea.
1786 1082 1794 1097 ι

1012 1117 1090 1150 Quod
1108 1117 1216 1152 quidem
1233 1118 1376 1152 perspicue
1396 1117 1494 1153 reliqui
1522 1125 1629 1153 quoque
1648 1122 1798 1153 posuerunt

1012 1164 1175 1199 interpretes
1189 1174 1194 1191 ι
1212 1163 1312 1198 Aquila
1329 1164 1440 1199 quidem
1467 1164 1527 1191 sic:
1545 1173 1554 1189 ι
1572 1163 1605 1190 Et
1618 1169 1679 1198 post
1694 1168 1796 1199 septem

1011 1210 1196 1240 hebdomadas
1212 1215 1238 1238 et
1271 1210 1410 1245 sexaginta
1428 1210 1496 1238 duas
1518 1210 1616 1245 peribit
1643 1213 1753 1242 unctus,
1771 1214 1798 1238 et

1011 1264 1066 1283 non
1090 1261 1131 1283 est
1150 1255 1185 1283 ei.
1206 1265 1215 1282 ›
1244 1255 1424 1291 Symmachus
1452 1260 1541 1283 autem
1560 1256 1620 1283 sic:
1640 1264 1649 1282 ι
1679 1255 1713 1282 Et
1736 1262 1798 1291 post

1013 1301 1195 1329 hebdomadas
1219 1305 1322 1336 septem
1347 1306 1373 1328 et
1395 1302 1535 1337 sexaginta
1567 1300 1636 1329 duas
1658 1301 1797 1330 excidetur

1011 1346 1146 1378 Christus,
1166 1349 1193 1373 et
1207 1354 1262 1373 non
1275 1346 1361 1373 aderit
1387 1346 1422 1374 ei.
1448 1355 1457 1372 ›
1470 1345 1508 1373 Ex
1522 1354 1577 1382 quo
1591 1345 1709 1374 maxime
1731 1347 1797 1374 mihi

1011 1396 1139 1419 constare
1150 1391 1270 1425 videtur,
1284 1391 1424 1418 Christum
1439 1391 1537 1419 ducem
1554 1399 1616 1419 esse
1627 1398 1702 1423 eum,
1715 1398 1796 1426 quem

1011 1439 1147 1473 expositio
1168 1442 1264 1465 nostra
1277 1438 1437 1466 deciaravit.
1450 1437 1516 1466 Post
1527 1442 1579 1466 'eas
1595 1437 1678 1473 lgilur
1689 1437 1723 1466 de
1736 1438 1796 1473 qui-

1011 1484 1063 1512 bus
1080 1484 1200 1511 diximus
1212 1484 1362 1519 completas
1371 1483 1567 1515 hebdomadas,
1585 1492 1597 1509 ι
1612 1484 1711 1518 peribit
1722 1484 1787 1511 Cbri

1012 1534 1080 1561 stus,
1103 1540 1112 1557 ι
1130 1531 1229 1566 inquit.
1252 1530 1305 1558 Sed
1325 1530 1385 1565 quis
1404 1530 1513 1558 tandem
1529 1530 1574 1557 hic
1585 1530 1724 1562 Christus,
1744 1531 1796 1558 nisi

1011 1575 1065 1602 dux
1082 1576 1129 1611 qui
1144 1576 1262 1611 legitime
1276 1569 1425 1603 succedens
1433 1583 1465 1602 ex
1476 1575 1614 1610 pontiﬁcio
1623 1584 1731 1611 genere,
1742 1584 1798 1604 suae

1011 1622 1082 1656 genti
1097 1622 1243 1656 praeesset?
1254 1620 1353 1649 Mansit
1365 1621 1449 1656 igitur
1465 1621 1510 1648 hic
1525 1621 1661 1654 Christus,
1675 1622 1797 1657 quandiu

1012 1668 1195 1695 hebdomades
1216 1668 1269 1695 illae
1292 1667 1477 1700 duraverunt;
1500 1667 1547 1694 ubi
1571 1671 1662 1694 autem
1688 1667 1796 1694 illarum

1011 1714 1073 1742 ﬁnis
1085 1714 1202 1747 advenit,
1218 1713 1327 1741 excisus
1343 1716 1395 1744 est,
1409 1713 1455 1747 qui
1471 1713 1505 1740 de
1519 1713 1627 1747 generis
1644 1713 1795 1741 successio-

1011 1768 1045 1787 ne
1073 1759 1144 1794 genti
1160 1763 1298 1793 praeesset.
1309 1757 1395 1785 Porro
1413 1758 1459 1784 hic
1481 1756 1532 1784 fuit
1547 1756 1701 1793 Hyrcanus,
1715 1766 1794 1791 quem

1011 1813 1072 1833 cum
1090 1804 1210 1832 Herodes
1234 1803 1431 1835 interfecisset,
1451 1810 1563 1838 regnum
1584 1802 1708 1838 protinus
1724 1804 1795 1838 quod

1011 1851 1046 1878 ad
1062 1851 1150 1885 ipsum
1168 1850 1234 1877 nihil
1255 1849 1405 1884 spectabat,
1418 1849 1544 1884 arripuit.
1561 1848 1722 1884 primusque
1737 1849 1796 1884 ipse

1012 1896 1118 1933 praefuit
1129 1904 1162 1923 ex
1177 1895 1265 1923 alieno
1284 1902 1393 1930 genere.
1418 1895 1551 1922 Caeterum
1565 1901 1619 1922 non
1636 1895 1712 1923 solus
1727 1894 1796 1931 Hyr-

1012 1951 1108 1974 canus,
1124 1942 1171 1977 qui
1190 1942 1316 1969 Christus
1333 1945 1403 1975 erat,
1419 1946 1446 1969 et
1459 1942 1612 1977 priscorum
1636 1940 1795 1976 pontiﬁcum

1012 1988 1190 2019 novissimus,
1206 1988 1315 2015 excisus
1341 1992 1392 2019 est,
1406 1987 1454 2015 sed
1467 1988 1549 2015 etiam
1563 1995 1594 2015 ea
1605 1995 1665 2023 quae
1682 1987 1764 2016 altius
1781 1997 1796 2015 a

1012 2035 1162 2070 majoribus
1173 2034 1308 2069 longeque
1325 2033 1514 2069 superioribus
1530 2034 1707 2069 pontiﬁcibus
1719 2043 1796 2070 repe.

1014 2081 1062 2108 tita
1097 2080 1185 2108 fuerat
1210 2081 1361 2112 successio,
1393 2080 1505 2115 ipsaque
1533 2080 1653 2115 legitima
1678 2081 1795 2110 unctio:

1012 2127 1113 2162 quippe
1136 2134 1197 2161 quae
1213 2134 1266 2153 non
1283 2127 1354 2153 ultra
1368 2133 1400 2153 ex
1415 2125 1520 2160 judicio
1538 2125 1608 2153 facta
1628 2127 1674 2158 sit,
1691 2126 1738 2154 sed
1757 2128 1798 2154 in-

1013 2172 1136 2199 ordinate
1149 2176 1176 2199 et
1189 2171 1312 2204 confuse,
1331 2179 1385 2198 non
1409 2171 1559 2199 sccundmn
1570 2179 1613 2201 ca.
1627 2180 1688 2206 qua:
1707 2172 1797 2200 ltloscs

1013 2219 1040 2246 in
1058 2219 1115 2246 suis
1131 2219 1237 2254 legibus
1253 2223 1391 2251 sanxerat,
1406 2222 1660 2252 concurreruntque
1671 2218 1698 2246 in
1713 2227 1797 2246 unum

173 2267 207 2293 ἐκ
215 2266 262 2292 τοῦ
283 2265 470 2301 Ἀσαμωναίου
480 2266 575 2299 γένους
603 2263 685 2299 (οὗτοι
697 2261 725 2291 δὲ
740 2262 809 2299 ἦσαν
824 2264 847 2289 οἱ
863 2262 960 2289 καλού-

1014 2266 1115 2297 omnia,
1129 2264 1356 2300 quemadmodum
1385 2264 1527 2299 prophetia
1553 2264 1726 2299 przedixerat,
1744 2266 1799 2293 illis

175 2320 251 2347 μενοι
282 2311 494 2346 Μακκαϐαἶοι),
521 2310 678 2345 καθίστησιν
707 2310 864 2345 ἀρχιερεῖς,
892 2308 960 2335 ἀλλά

172 2365 249 2388 τινας
265 2357 388 2392 ἀσήμους
404 2358 451 2382 καὶ
470 2356 548 2390 μόνον
570 2355 599 2386 ἐξ
624 2354 754 2389 Ἑϐραίων
776 2354 854 2385 ὄντας
866 2374 872 2385 ,
891 2353 960 2388 πλὴν

173 2403 233 2435 ἐνὸς
253 2402 470 2438 Ἀριστοϐούλου,
487 2402 515 2428 ὃν
543 2400 674 2437 Ὑρκανοῦ
694 2401 750 2426 υἱὸν
767 2400 842 2432 ὄντα,
874 2408 960 2426 κατα-

174 2449 277 2484 στήσας
283 2448 422 2484 ἀρχιερέα,
433 2450 465 2483 τῇ
477 2448 576 2483 ἀδελφῇ
585 2446 667 2473 αὑτοῦ
682 2446 820 2482 συνῴκησε
830 2445 959 2481 Μαριάμ-

174 2502 228 2530 μῃ,
242 2494 292 2530 τὴν
305 2493 352 2520 τοῦ
370 2493 486 2530 πλήθους
503 2493 570 2528 πρὸς
585 2493 663 2519 αὐτὸν
680 2492 835 2528 θηρώμενος
856 2491 959 2517 εὔνοιαν

171 2539 217 2567 διὰ
232 2540 281 2576 τὴν
303 2538 436 2575 Ὑρκανοῦ
454 2540 572 2575 μνήμην.
590 2537 655 2565 Εἶτα
669 2537 761 2569 δεδιὼς
779 2537 815 2573 μὴ
833 2537 900 2573 πρὸς
915 2537 960 2563 τὸν

178 2586 382 2622 Ἀριστόϐουλον
399 2585 498 2616 πάντες
514 2586 704 2617 ἀποκλίνωσιν,
716 2585 819 2611 ἀνεῖλεν
836 2585 917 2611 αὐτὸν
931 2585 959 2610 ἐν

177 2632 293 2669 Ἱεριχοῖ,
304 2632 432 2668 πνιγῆναι
451 2632 674 2668 μηχανησάμενος
690 2631 876 2666 κολυμϐῶντα,
895 2631 960 2657 καθ-

171 2677 210 2710 ὼς
245 2679 296 2714 ήδη
321 2679 520 2714 δεδηλώκαμεν.
550 2677 626 2704 Μετὰ
650 2677 742 2703 τοῦτον
767 2677 816 2703 οὐκ
839 2676 878 2703 ἔτι
903 2678 959 2707 τοῖς

142 2732 145 2734 ’
171 2723 294 2757 ἐκγόνοις
302 2723 357 2750 τῶν
380 2722 566 2758 Ἀσαμωναίου
580 2721 682 2748 παίδων
694 2722 743 2757 τὴν
753 2720 958 2756 ἀρχιερωσύνην

170 2769 341 2796 ιπίστευσεν.
363 2769 484 2804 Ἐπραξε
506 2768 534 2794 δὲ
553 2769 631 2803 ὃμοια
647 2767 685 2803 τῷ
707 2766 813 2803 Ἡρώδῃ
830 2767 893 2802 περὶ
909 2767 959 2802 τῆς

170 2815 364 2846 καταστάσεως
388 2814 442 2841 τῶν
466 2814 625 2850 ἀρχιερέων,
650 2813 791 2849 Ἀρχέλαός
805 2821 835 2838 τε
860 2813 874 2838 6
895 2814 959 2843 παῖς

171 2860 265 2892 αὐτοῦ,
281 2861 329 2888 καὶ
345 2860 412 2896 μετὰ
427 2860 520 2886 τοῦτον
543 2861 671 2895 Ῥωμαῖοι
689 2859 738 2894 τὴν
752 2859 805 2884 τῶν
827 2858 959 2885 Ἰουδαίων

172 2907 311 2942 βασιλείαν
335 2906 540 2942 παρειληφότες.
564 2916 573 2931 ι
593 2906 676 2932 Πάλιν
691 2906 718 2932 ὲν
750 2904 853 2940 ἑτέροις
871 2904 956 2931 ταῦτα

1010 2311 1124 2339 verbis:
1146 2320 1154 2336 I
1175 2310 1278 2338 Peribit
1291 2310 1395 2342 unctio,
1412 2314 1439 2337 et
1458 2309 1592 2345 judicium
1620 2318 1675 2337 non
1699 2314 1741 2338 est
1770 2311 1797 2338 in

1011 2365 1052 2385 ea.
1072 2367 1080 2382 ι
1096 2357 1183 2391 Atque
1197 2356 1315 2391 optimus
1327 2355 1440 2390 hujusce
1453 2356 1492 2384 rei
1508 2355 1586 2384 testis
1599 2355 1798 2384 cstllebraicns

1011 2409 1105 2431 auctor
1122 2403 1268 2438 Josephus,
1294 2403 1338 2438 qui
1355 2403 1381 2430 in
1397 2400 1463 2430 xvni
1478 2402 1599 2430 Iudaica
1624 2402 1798 2437 Auliquilatis

1011 2450 1091 2482 libro,
1109 2458 1169 2485 quae
1185 2450 1219 2476 ad
1231 2450 1277 2476 illa
1295 2454 1418 2484 tempora
1429 2450 1580 2484 pertinent,
1596 2449 1624 2476 in
1646 2449 1719 2476 hunc
1741 2457 1799 2476 mo-

1014 2494 1077 2522 dum
1092 2495 1218 2529 exponit:
1229 2504 1238 2520 ι
1251 2494 1372 2522 Herodes
1385 2494 1570 2529 antem,regni
1586 2493 1800 2522 administratio.

1013 2549 1047 2569 ne
1062 2549 1076 2568 a
1099 2540 1230 2568 Romanis
1245 2547 1365 2576 accepta,
1382 2541 1470 2567 nullos
1492 2539 1608 2574 amplius
1631 2547 1664 2567 ex
1682 2539 1798 2568 Asamo—

1013 2595 1072 2614 nazo
1089 2595 1188 2622 genere
1202 2585 1240 2622 (hi
1262 2590 1352 2614 autem
1376 2589 1454 2614 erant
1469 2585 1513 2620 qui
1531 2583 1678 2613 Machabtci
1699 2593 1799 2613 vocan-

1013 2634 1068 2669 tur)
1089 2632 1232 2668 pontiﬁces
1255 2632 1386 2663 declarat,
1403 2631 1450 2660 sed
1473 2632 1606 2666 ignobiles
1625 2632 1757 2667 quosdam
1771 2637 1798 2660 et

1013 2679 1046 2706 ab
1062 2678 1184 2707 Hebrzeis
1210 2678 1399 2705 tantummodo
1428 2678 1572 2709 oriundos.
1587 2682 1686 2713 praeter
1712 2686 1796 2705 unmn

1011 2722 1211 2755 Aristobulum,
1228 2723 1274 2758 qui
1290 2722 1408 2758 Hyrcani
1438 2722 1509 2750 ﬁlius
1536 2722 1596 2750 fuit.
1624 2722 1703 2750 Hunc
1723 2723 1796 2751 enim

1012 2775 1073 2795 cum
1089 2768 1242 2803 ponliﬁcem
1261 2767 1438 2801 declarasset,
1456 2775 1576 2795 sororem
1595 2767 1655 2802 ejus
1670 2767 1798 2795 Mariam-

1013 2821 1084 2840 mam
1102 2814 1180 2840 duxit
1195 2821 1318 2847 uxorem,
1346 2813 1447 2848 quippe
1463 2813 1509 2848 qui
1534 2813 1717 2841 multitudinis
1732 2821 1796 2846 erga

1014 2859 1089 2886 illum
1104 2864 1225 2893 captaret
1237 2859 1465 2890 benevolentiam,
1481 2861 1592 2893 propter
1607 2858 1724 2895 llyrcani
1741 2868 1797 2887 mc-

1013 2904 1137 2931 m‘oriam.
1150 2903 1232 2939 398
1244 2903 1343 2930 Deinde
1356 2904 1460 2931 veritus
1475 2910 1508 2930 ne
1525 2909 1621 2931 omnes
1642 2903 1674 2931 ad
1691 2903 1782 2930 Aristo
