2089 3218
184 211 235 238 69.5

592 210 918 239 DEMONSTEATIONIS
935 210 1163 239 EVANGELICJE
1181 210 1244 238 LIB.
1258 209 1324 238 VIII.

1748 212 1800 240 €26

182 268 302 299 ἐκείνους
323 268 458 303 ἡγήσαντο
478 267 523 293 τοῦ
541 267 642 298 ἔθνους,
656 267 703 293 σὺν
721 264 761 298 οἷς
775 267 821 293 καὶ
842 266 899 302 μεθ’
917 264 953 292 ὧν

1017 271 1043 293 ct
1059 270 1183 294 sanctum
1201 265 1340 301 disperdet
1354 273 1416 292 cum
1433 266 1502 293 duce
1513 269 1636 293 venturo.
1657 275 1665 291 ι
1684 266 1735 294 Ubi
1751 276 1799 302 ego

181 314 300 350 ὡσπερεὶ
319 315 459 348 συνεργοῖς
481 312 630 348 χρώμενος,
647 314 661 339 ὀ
686 312 828 348 μισὸκαλος
853 312 898 337 καὶ
912 311 964 337 τῶν

182 360 292 395 ἀγαθῶν
311 359 438 395 φθορεὺς,
453 360 498 386 καὶ
510 358 558 394 τὴν
574 358 649 385 πόλιν
662 359 708 384 καὶ
722 358 751 384 τὸ
768 358 843 392 ἅγιον
856 357 964 391 meo:-

183 407 237 443 ρεῖν
260 406 378 441 εἴρηται.
402 405 456 431 Καὶ
477 404 530 440 γὰρ
548 404 698 439 διέφθειρεν
721 403 828 439 ἀληθῶς
842 403 913 430 ἆπαν
935 402 965 428 τὸ

181 452 266 483 ἔθνος,
283 451 344 477 τοτὲ
366 451 414 486 μὲν
424 450 474 485 τὴν
486 450 534 485 τῆς
550 450 698 486 ἱερωσύνης
709 449 783 482 τάξιν
797 450 836 480 εἰς
848 457 964 483 παρανο-

182 499 244 535 μίαν
264 498 348 532 ἄγων,
364 498 424 524 τοτὲ
437 497 465 523 δὲ
481 497 527 523 τὸν
548 497 636 523 πάντα
650 496 713 523 λαὸν
727 496 904 532 διαστρέφων¹
919 495 964 522 καὶ

179 546 228 582 τὴν
241 546 328 576 πόλιν,
345 544 417 571 οὓτω
432 544 486 571 τῶν
507 544 622 570 πολιτῶν
650 543 839 578 μεταφορικῶς
859 542 965 577 ὠνομα-

180 592 296 628 σμένων,
310 593 349 623 εἰς
363 590 488 617 ἀσέϐειαν
505 589 825 624 ὲκκαλούμενος.Συνᾲδει
843 589 870 614 δὲ
885 588 964 623 ἡμῶν

178 639 210 674 τῇ
233 638 358 665 ἀποδόσει
379 637 426 663 καὶ
447 637 460 661 ὁ
483 636 597 667 Ἀκύλας
619 635 711 662 τοῦτον
734 634 904 671 ἑρμηνεύσας
919 635 964 660 τὸν

178 682 286 718 τρόπον·
309 691 317 706 ι
336 681 390 708 Καὶ
402 681 450 716 τὴν
459 681 534 707 πόλιν
555 681 600 707 καὶ
613 680 641 706 τὺ
659 680 734 715 ἅγιον
751 680 889 714 διαφθερεῖ
901 679 963 710 λαὸς

177 727 328 763 ἡγουμένου
351 727 509 763 ἐρχομένου.
531 736 540 752 ι
559 726 596 753 Οὐ
612 726 691 762 μόνον
707 727 760 761 γὰρ
774 727 787 751 ὁ
805 727 962 762 ἐρχόμενος,

177 775 190 800 ό
202 774 272 800 κατὰ
287 773 322 799 τὰ
334 772 517 808 ἀποδεδομένα
537 774 602 808 ἡμῖν
623 772 751 808 δηλωθεὶς
764 772 896 807 διέφθειρε
914 771 962 807 τὴν

178 819 253 846 πόλιν
274 820 320 846 καὶ
333 819 363 845 τὸ
379 818 467 852 ἅγιον,
481 819 548 845 ἀλλὰ
564 819 609 845 καὶ
621 820 634 845 ό
649 818 743 845 τούτου
758 818 831 850 λαός.
845 818 923 844 Εἴποι
939 818 961 844 δ’

176 866 208 892 ἄν
228 873 270 897 τις
292 865 342 891 οὐκ
357 864 411 891 ἀπὸ
433 864 533 891 σκοποῦ
558 864 604 890 καὶ
623 864 667 890 τὸν
686 863 827 900 Ῥωμαίων
841 864 961 899 ἡγεμόνα

176 911 219 938 διὰ
233 911 288 938 τῶν
302 911 489 948 προκειμένων
504 910 658 945 δηλοῦσθαι,
671 911 716 937 τόν
731 919 760 936 τε
774 910 868 937 τούτου
880 908 960 939 ὖιαὶν,

1018 320 1112 340 rursus
1131 317 1157 340 et
1177 313 1264 347 ipsum
1282 311 1434 343 Herodem,
1451 315 1477 338 et
1492 319 1539 338 eos
1566 313 1611 346 qui
1636 316 1696 346 post
1712 311 1799 340 Hero-

1016 359 1076 385 dem
1091 367 1123 386 ex
1139 359 1228 386 alieno
1242 365 1340 393 genere
1353 358 1554 392 imperaverint,
1568 362 1631 393 puto
1644 350 1799 393 intelligen-

1016 405 1065 432 dos
1097 414 1103 432 :
1134 413 1196 431 nam
1225 403 1453 439 quemadmodum
1485 405 1611 438 superius
1641 405 1800 432 nominabat

1016 452 1139 479 (Ihristos
1154 451 1248 482 duces,
1267 458 1328 477 cum
1344 450 1372 477 in
1397 451 1450 478 illis
1465 451 1555 478 verbis
1570 451 1712 486 pontilices
1725 451 1799 478 dice-

1016 500 1081 528 rem
1093 505 1178 532 usque
1186 497 1218 524 ad
1230 496 1368 523 Christum
1379 497 1485 528 ducem,
1500 506 1508 522 ι
1520 498 1556 524 ita
1566 501 1627 531 post
1635 504 1692 530 eos,
1701 502 1728 525 et
1737 500 1799 532 post

1015 552 1108 571 eorum
1140 544 1355 579 abrogationem,
1379 551 1433 571 non
1463 544 1533 571 alius
1558 544 1638 572 fuerit
1667 550 1798 572 venturus

1014 599 1096 625 quam
1115 592 1138 618 is
1155 593 1200 626 qui
1214 592 1303 619 dictus
1323 596 1365 622 est
1380 599 1413 619 ex
1427 591 1516 618 alieno
1530 600 1639 627 grnere,
1653 592 1799 627 caeteriquo

1014 637 1169 672 quicunque
1193 642 1254 672 post
1278 638 1338 664 illos
1365 637 1493 672 deinceps
1518 638 1591 672 genti
1618 637 1796 672 prmluerunt,

1014 683 1112 717 quibus
1129 688 1256 718 tanquam
1274 683 1444 718 adjutoribus
1461 687 1550 714 utens,
1565 690 1616 709 una
1628 691 1689 710 cum
1702 683 1797 711 iisdem

1014 730 1071 764 ipse
1099 730 1205 758 honesti
1231 730 1358 757 inimicus
1381 730 1569 764 bonorumque
1594 734 1748 765 corruptor,
1771 735 1797 758 et

1013 776 1148 803 civitatem
1171 780 1198 803 et
1224 781 1347 803 sanctum
1372 776 1528 811 perditurus
1558 775 1667 802 dicitur.
1690 776 1795 803 Etenim

1013 831 1075 849 vere
1091 822 1206 857 perdidit
1231 827 1314 849 totam
1330 828 1447 857 gentem.
1464 821 1545 848 modo
1567 821 1676 855 quidem
1703 830 1794 848 sacer—

1013 868 1079 895 dotii
1096 868 1218 895 ordinem
1237 872 1335 903 pratter
1346 869 1430 903 legem
1443 868 1617 903 perturbans,
1635 868 1716 895 lnodo
1732 876 1796 895 vero

1013 919 1141 942 «unctum
1156 915 1282 950 populum
1296 918 1462 949 pervertens,
1473 918 1500 941 et
1510 914 1646 941 civitatem
1657 912 1708 948 (sic
1723 914 1796 941 enim

177 958 210 984 δι’
230 954 260 984 οὗ
275 957 378 992 νομίζω
393 957 572 992 σημαίνεσθαι
587 957 621 983 τὰ
633 957 800 992 στρατόπεδα
819 956 872 982 τῶν
895 956 957 981 Ῥω-

1013 961 1086 988 cives
1111 960 1224 995 ﬁgurate
1244 960 1430 994 nominantur)
1444 967 1562 987 evocans
1577 958 1609 985 ad
1629 959 1793 994 inipietaleni

178 1004 265 1040 μαίων
279 1004 426 1039 ἀρχόντων,
436 1004 465 1035 ἐξ
479 1004 583 1030 ἐκείνου
596 1003 790 1039 κρατησάντων
800 1002 846 1028 τοῦ
856 1002 957 1033 ἔθνους,

174 1048 254 1076 οἱκαὶ
261 1048 309 1083 τὴν
317 1047 391 1075 πολιν
405 1048 684 1085 αὑτὴνίερουσαλὴμ,
701 1049 746 1075 καὶ
762 1048 806 1075 τὸν
827 1048 910 1074 πάλαι
931 1048 959 1074 ὲν

175 1096 244 1131 αὐτῇ
260 1095 357 1130 σεμνὸν
371 1095 418 1121 καὶ
430 1096 508 1129 ἆγιον
521 1095 588 1121 νεὼν
599 1095 764 1131 διέφθειραν.
781 1094 847 1120 Ὑπὺ
859 1093 959 1120 τούτων

175 1141 240 1175 γοῦν
265 1141 312 1167 καὶ
328 1141 495 1176 ὲξεκόπησαν
518 1141 554 1173 ὼς
576 1142 604 1167 ἐν
625 1139 819 1175 κατακλυσμῷ,
840 1139 886 1166 καὶ
908 1138 959 1170 ἕως

175 1188 268 1219 τέλους
283 1187 401 1223 πολέμου
419 1188 636 1223 συντετμημένου
649 1188 811 1222 ἀφανισμοῖς
827 1186 957 1221 ἔφθασαν,

175 1235 245 1261 ὥστε
258 1234 319 1270 ήδη,
333 1234 402 1261 κατὰ
415 1234 464 1270 τὴν
486 1234 662 1270 προφητείαν,
682 1234 798 1268 παντελῆ
815 1234 958 1267 ὑπομεῖναι

175 1282 291 1317 ἐρημίαν
311 1281 380 1307 κατὰ
400 1281 448 1316 τὴν
469 1281 538 1308 κατὰ
553 1280 599 1306 τοῦ
620 1280 744 1315 Σωτῆρος
758 1279 835 1315 ἡμῶν
852 1278 958 1305 ἐπιϐου-

175 1327 223 1361 λὴν
235 1326 335 1358 αὐτῶν,
350 1326 408 1362 μεθ’
426 1327 459 1361 ἣν
477 1327 523 1352 καὶ
541 1327 589 1361 τὴν
609 1326 724 1360 ἐσχάτην
743 1325 891 1360 ὑπέμειναν
910 1332 957 1349 πο-

174 1371 304 1407 λιορκίαν.
326 1373 418 1407 Ἔχεις
433 1373 480 1398 καὶ
495 1372 580 1398 ταῦτα
594 1371 715 1407 ἀκριϐῶς
731 1372 758 1397 ἐν
772 1372 831 1401 ταῖς
844 1369 958 1405 γραφεί-

175 1427 235 1450 σαις
256 1418 330 1453 αὐτῷ
350 1419 473 1453 Ἰωσήπῳ
495 1418 631 1453 ἱστορίαις.
649 1417 755 1443 Τούτων
771 1417 798 1443 δὲ
821 1416 884 1451 περὶ
905 1415 958 1441 τῶν

175 1463 387 1500 συμὸεδηκότων
413 1464 452 1499 τῷ
483 1464 617 1490 Ἰουδαίων
642 1463 712 1489 ἔθνει
736 1464 764 1489 ἐν
790 1462 828 1497 τῷ
856 1461 957 1496 μεταξὺ

173 1510 262 1546 χρόνῳ
278 1510 330 1537 τῶν
346 1509 414 1536 ἑπτὰ
435 1510 481 1536 καὶ
504 1509 634 1544 ἑξήκοντα
655 1508 700 1535 δύο
718 1508 870 1543 ὲῧδομάδων
892 1516 958 1542 προσ

174 1558 398 1594 πεφητευμένων,
419 1557 573 1588 ἀκολούθως
594 1558 610 1591 ἡ
637 1556 751 1592 δήλωσις
771 1555 820 1590 τῆς
844 1555 895 1581 ὑπὸ
910 1554 956 1580 τοῦ

174 1603 299 1638 Σωτῆρος
311 1604 388 1638 ἡμῶν
399 1602 629 1637 καταγγελθείσης
648 1601 744 1635 καινῆς
758 1600 894 1635 Διαθήκης
912 1599 956 1626 θε-

174 1649 309 1681 σπίζεται.
325 1649 465 1675 Τοσούτων
483 1648 546 1682 γοῦν
559 1647 602 1674 διὰ
618 1647 698 1683 μέσου
714 1647 760 1673 καὶ
783 1646 883 1681 μεταξὺ
903 1645 957 1671 τῶν

173 1695 244 1723 ἑπτὰ
257 1696 304 1723 καὶ
317 1695 447 1731 ἑξήκοντα
459 1695 505 1721 δύο
521 1695 675 1729 ἑϐδομάδων
693 1693 853 1728 εἰρημένων,
867 1691 958 1718 ἐπιλέ-

173 1751 263 1776 γεται·
283 1752 291 1768 ι
308 1742 363 1768 Καὶ
385 1741 538 1777 δυναμώσει
559 1741 696 1775 Διαθήκην
714 1739 820 1770 πολλοῖς
841 1737 957 1773 ἑϐδομὰς

174 1789 234 1824 μία,
246 1788 293 1815 καὶ
307 1790 335 1815 ὲν
346 1788 385 1823 τῷ
396 1788 489 1823 ἡμίσει
500 1788 549 1823 τῆς
561 1786 705 1821 ἑϐδομάδος
719 1785 867 1821 ἀρθήσεται
878 1784 957 1811 θυσία

171 1835 219 1861 καὶ
235 1833 345 1867 σπονδὴ,
363 1834 410 1861 καὶ
427 1834 472 1860 ἐπὶ
494 1834 524 1860 τὸ
543 1833 613 1868 ἱερὸν
629 1832 764 1867 βδέλυγμα
779 1831 834 1857 τῶν
848 1830 956 1866 ἐρημώ-

173 1889 243 1907 σεων
256 1881 341 1912 ἔσται,
359 1881 406 1906 καὶ
422 1880 474 1911 ἕως
490 1879 643 1910 συντελείας
658 1877 753 1913 καιροῦ
773 1876 909 1903 συντέλεια
919 1877 958 1902 δο-

172 1927 285 1962 θήσεται
307 1927 354 1953 ἐπὶ
376 1926 425 1961 τὴν
450 1926 597 1961 ἐρήμωσιν.
620 1935 629 1950 ι
653 1925 718 1951 Τίνα
739 1924 766 1950 δὲ
787 1923 887 1959 τρόπον
911 1924 957 1950 καὶ

170 1972 256 1998 ταῦτα
283 1972 434 2007 ἐπληροῦτο
459 1971 679 2005 κατανοήσωμεν.
710 1970 865 2004 Ἰστορεῖται
890 1969 918 1995 δὲ
944 1969 957 1995 ό

171 2018 226 2049 πᾶς
237 2018 288 2052 τῆς
299 2017 471 2049 δνδασκαλίας
483 2018 528 2043 καὶ
537 2015 761 2052 παραδοξοποιίας
769 2015 837 2050 ὁμοῦ
851 2014 896 2042 τοῦ
904 2015 959 2042 Σω-

171 2062 256 2098 τῆρος
269 2063 346 2098 ἡμῶν
360 2063 454 2099 χρόνος
475 2063 557 2099 τριῶν
570 2062 655 2097 ἥμισυ
669 2061 786 2095 γεγονὼς
799 2060 877 2092 ἐτῶν,
889 2061 956 2096 ὅπερ

171 2109 246 2136 ἐστὶν
283 2110 428 2145 ἑϐδομάδος
456 2110 550 2144 ἥμισυ.
582 2107 666 2134 Τοῦτό
696 2117 754 2139 πως
785 2107 911 2142 Ἰωάννης
944 2108 958 2133 ὁ

171 2155 364 2191 εὑαγγελιστὴς
387 2155 508 2190 ἀκριϐῶς
530 2155 670 2188 ἐφιστᾶσιν
682 2154 763 2180 αὑτοῦ
777 2153 816 2189 τῷ
835 2154 956 2187 Εὺᾳγγε-

171 2201 221 2237 λιῳ
234 2203 412 2237 παραστήσει.
427 2201 477 2236 Εῖη
491 2202 523 2228 ἂν
537 2199 583 2227 οὖν
596 2200 711 2235 ἑϐδομὰς
727 2200 794 2226 ἐτῶν
814 2200 860 2235 μία
876 2201 889 2226 ὁ
903 2200 956 2231 πᾶς

171 2248 266 2283 χρόνος
275 2248 325 2283 τῆς
339 2248 408 2283 μετὰ
425 2248 478 2274 τῶν
491 2247 645 2274 ἀποστόλων
658 2247 739 2273 αὐτοῦ
756 2247 953 2282 συνδιατριϐἦς,

170 2294 185 2319 ὃ
197 2302 227 2320 τε
240 2294 292 2329 πρὺ
311 2293 358 2320 τοῦ
378 2293 481 2325 πάθους
492 2293 538 2320 καὶ
550 2294 563 2319 ό
578 2293 646 2328 μετὰ
661 2293 709 2328 τὴν
724 2294 755 2319 ἐκ
769 2292 872 2328 νεκρῶν
890 2293 953 2318 ἁνά-
969 2296 992 2324 D
1005 2293 1079 2327 gitur
1096 2303 1101 2320 :

171 2348 265 2366 στασιν
288 2340 380 2366 αὑτοῦ.
400 2340 457 2375 Πρὸ
471 2340 519 2375 μὲν
532 2340 585 2375 γὰρ
598 2339 645 2366 τοῦ
660 2339 760 2371 πάθους
772 2339 819 2366 ἐπὶ
830 2339 892 2374 τρία
909 2340 955 2365 καὶ

168 2386 255 2420 ἥμισυ
276 2386 323 2421 ἐτη
341 2387 398 2417 τοῖς
418 2387 500 2412 πᾶσιν
520 2386 615 2412 ἑαυτὸν
635 2385 761 2421 παρέχων
779 2385 911 2420 μαθηταῖς
924 2395 954 2412 τε

169 2431 218 2458 καὶ
229 2432 286 2462 τοῖς
301 2430 338 2466 μὴ
351 2431 480 2462 τοιούτοις
491 2432 705 2467 ἀναγέγραπταν
722 2432 780 2459 καθ’
794 2433 822 2459 ὃν
833 2432 955 2459 διδασκα-

168 2476 240 2509 λίαις
258 2478 419 2514 παραδόξοις
435 2487 464 2504 τε
486 2478 654 2514 θεραπείαις,
668 2479 716 2514 τῆς
731 2479 856 2514 θεότητος
873 2479 953 2506 αὐτοῦ

167 2523 217 2555 τὰς
233 2524 362 2560 δυνάμεις
376 2526 457 2552 πᾶσιν
476 2525 570 2557 ἁπλῶς
585 2525 695 2561 Ἕλλησί
708 2535 738 2552 τε
753 2526 800 2552 καὶ
819 2526 954 2557 Ἰουδαίοις

169 2569 331 2606 παρείχετοο
348 2570 416 2605 μετὰ
439 2570 467 2597 δὲ
488 2570 537 2606 τὴν
554 2572 586 2597 ὲκ
610 2571 714 2606 νεκρῶν
739 2572 886 2598 ἀνάστασιν
909 2572 953 2598 τὸν

169 2616 236 2647 ῐσον,
252 2617 290 2648 ὡς
304 2617 387 2651 εἰκὸς,
400 2617 453 2643 τῶν
465 2617 534 2643 ὲτὼν
545 2618 638 2652 χρόνον
648 2619 703 2649 τοῖς
713 2618 808 2644 ἑαυτοῦ
821 2617 953 2653 μαθηταῖς

167 2662 215 2688 καὶ
228 2662 386 2694 ἀποστόλοις
396 2663 490 2697 συνῆν,
499 2663 531 2689 δι’
542 2664 651 2698 ἡμερῶν
659 2665 861 2699 τεσσαράκοντα
870 2665 954 2690 ὀπτα-

167 2706 278 2743 νόμενος
285 2709 387 2741 αὐτοῖς,
397 2709 444 2735 καὶ
457 2709 740 2743 συναυλιζὸμενος,καὶ
747 2709 833 2744 λέγων
847 2709 881 2736 τὰ
890 2710 953 2745 περὶ

165 2753 217 2789 τῆς
227 2753 366 2788 βασιλείας
375 2754 422 2782 τοῦ
434 2755 513 2787 Θεοῦ,
523 2756 560 2787 ὠς
573 2756 638 2789 γοῦν
649 2756 677 2781 αἱ
689 2755 805 2791 Πράξεις
818 2755 871 2782 τῶν
887 2757 953 2782 ἁπο-

167 2799 267 2826 στδλων
281 2800 452 2835 περιέχουσιν
461 2809 468 2816 δ
483 2801 519 2832 ὼς
532 2798 602 2827 εῖναι
614 2800 715 2835 ταύτην
726 2801 774 2836 τὴν
786 2801 953 2836 δηλουμένην

166 2845 215 2880 τῆς
233 2846 401 2881 προφητείας
420 2845 474 2872 τῶν
493 2846 560 2873 ἐτῶν
583 2846 728 2881 ἑϐδομάδα,
741 2848 801 2874 καθ’
817 2847 849 2882 ἣν
865 2847 953 2873 ἐνεδυ-

164 2892 275 2926 νὰμωσε
290 2892 428 2929 Διαθή-κην
443 2892 556 2924 πολλοῖς,
572 2892 619 2927 τὴν
632 2892 728 2928 καινὴν
743 2892 840 2927 δηλαδὴ
855 2892 952 2927 Διαθῆ-

162 2944 216 2971 κην
231 2937 278 2964 τοῦ
297 2937 474 2972 εὐαγγελικοῦ
491 2938 666 2973 κηρύγματος
682 2938 830 2973 κρατύνων.
845 2938 906 2964 Τίσι
925 2938 951 2964 δὲ

1010 1011 1038 1034 et
1051 1007 1144 1039 nefas;
1163 1007 1227 1034 huic
1241 1011 1329 1034 autem
1345 1005 1567 1033 commentationi
1580 1010 1679 1033 nostrae
1697 1005 1794 1039 Aquila

1011 1060 1119 1087 quoque
1143 1053 1302 1084 concordat.
1326 1053 1371 1087 qui
1389 1053 1583 1087 interpretatus
1604 1055 1646 1079 est
1672 1051 1699 1078 in
1721 1051 1794 1078 hunc

1011 1098 1138 1125 modum:
1157 1107 1166 1124 ι
1186 1098 1218 1125 Ει
1233 1099 1370 1126 chitatem
1383 1102 1409 1125 et
1421 1103 1546 1125 sanctum
1560 1097 1697 1132 disperdet
1708 1105 1794 1135 popuf

1011 1144 1053 1171 lus
1067 1144 1145 1172 ducis
1157 1145 1275 1172 venturi.
1299 1154 1307 1170 ι
1326 1143 1384 1171 Non
1407 1144 1494 1171 solum
1514 1144 1586 1170 enim
1601 1143 1646 1178 qui
1663 1149 1793 1170 venturus

1010 1190 1061 1216 fuit
1075 1190 1141 1220 dux,
1158 1198 1237 1224 quem
1259 1197 1309 1217 nos
1329 1190 1470 1224 superiore
1482 1190 1652 1224 expositione
1670 1188 1792 1224 prodidi-

1011 1244 1081 1267 mns,
1094 1236 1215 1270 corrupit
1225 1236 1363 1263 civitatem
1375 1240 1401 1262 et
1415 1240 1550 1267 sanctum,
1563 1235 1609 1262 sed
1622 1235 1703 1262 etiam
1719 1235 1792 1262 illius

1010 1282 1125 1316 populus
1143 1292 1150 1310 :
1170 1286 1298 1317 praeterea
1315 1290 1368 1309 non
1393 1282 1508 1309 forsitan
1531 1281 1666 1317 quispiam
1682 1289 1696 1307 a
1717 1285 1792 1308 recto

1010 1327 1176 1354 aherraverit
1193 1327 1215 1354 si
1231 1327 1351 1358 dixerit,
1364 1327 1445 1354 etiam
1462 1326 1612 1353 Romanum
1630 1327 1725 1354 ducem
1744 1326 1792 1354 iis-

1009 1373 1068 1399 dem
1089 1373 1178 1400 verbis
1195 1373 1342 1407 designari,
1359 1373 1472 1407 ejusque
1487 1373 1566 1400 ducis
1585 1372 1724 1407 populum.
1740 1370 1792 1399 Per

1009 1427 1068 1453 quae
1082 1419 1200 1447 arbitror
1211 1419 1358 1454 signiﬁcari
1373 1419 1510 1446 exercitus
1525 1418 1708 1446 Romanorum
1721 1418 1794 1453 prin-

1009 1466 1109 1500 cipum,
1132 1466 1178 1500 qui
1195 1474 1226 1492 ex
1252 1465 1299 1492 illo
1325 1469 1446 1499 tempore
1470 1465 1559 1500 gentis
1582 1464 1725 1499 imperium
1750 1468 1792 1491 te-

1007 1521 1102 1543 nuere,
1119 1513 1220 1547 quique
1235 1512 1372 1540 civitatem
1390 1512 1476 1547 ipsam
1500 1510 1662 1543 Jerusalem,
1678 1515 1705 1538 et
1719 1511 1746 1538 in
1761 1518 1792 1538 ea

1008 1557 1144 1593 quondam
1163 1557 1315 1584 venerabile
1333 1562 1359 1584 et
1371 1561 1495 1584 sanctum
1516 1556 1645 1592 temp‘lum
1663 1564 1792 1591 corrupe~

1009 1609 1082 1632 runt.
1108 1604 1246 1639 Siquidem
1263 1604 1351 1643 ab‘iis
1364 1604 1445 1631 etiam
1469 1604 1554 1631 excisi
1569 1607 1634 1631 sunt
1662 1607 1794 1638 tanquam

1010 1650 1037 1677 in
1054 1650 1167 1682 diluvio,
1183 1653 1210 1677 et
1235 1657 1320 1684 usque
1334 1649 1367 1676 ad
1384 1649 1461 1676 ﬁnem
1479 1649 1540 1676 belli
1559 1649 1586 1676 in
1600 1649 1790 1683 compendium

1009 1695 1061 1722 acti
1080 1695 1222 1722 itineribus
1235 1702 1381 1730 pervenere
1392 1714 1399 1726 ,
1416 1702 1502 1729 usque
1517 1693 1584 1721 adeo
1603 1698 1643 1725 ut,
1661 1694 1792 1729 quemad—

1009 1741 1118 1767 modum
1133 1741 1274 1775 prophetia
1285 1740 1403 1771 dixerat,
1415 1743 1564 1767 extremam
1578 1743 1634 1766 tum
1647 1738 1721 1773 passi
1737 1738 1791 1766 sint

1009 1787 1192 1819 solitudinem,
1224 1790 1285 1821 post
1311 1785 1429 1821 ipsorum
1453 1784 1572 1812 nefarias
1595 1784 1676 1821 mo
1697 1788 1791 1811 contra

1010 1832 1175 1860 Salvatmem
1209 1837 1331 1859 nostrum
1353 1831 1482 1864 insidias;
1512 1838 1575 1857 nam
1597 1833 1741 1865 postquam
1764 1829 1790 1856 id

1010 1879 1095 1905 moliti
1128 1883 1201 1911 sunt,
1225 1883 1372 1906 extremam
1385 1885 1449 1905 sane
1462 1877 1630 1904 obsidionem
1646 1876 1790 1912 pertulere.

1009 1925 1070 1951 llaec
1085 1932 1193 1959 quoque
1211 1925 1269 1959 ipsa
1283 1924 1448 1951 adamussim
1463 1924 1603 1959 explorata
1616 1923 1700 1950 habes
1715 1922 1742 1949 in
1757 1922 1792 1949 iis

1008 1978 1076 2004 quas
1086 1969 1221 2004 Josephus
1237 1969 1348 2004 scripsit
1361 1968 1493 1996 historiis.
1508 1968 1641 1996 Cancrum
1657 1975 1719 1994 cum
1735 1967 1793 1995 haec

1007 2015 1040 2042 de
1053 2016 1087 2043 iis
1103 2024 1163 2050 qua:
1180 2016 1341 2043 iutermedio
1352 2023 1388 2042 vn
1399 2019 1426 2043 et
1441 2023 1495 2042 un
1510 2013 1709 2042 hebdomadum
1722 2017 1792 2040 tem-

1008 2069 1072 2096 pore
1093 2061 1212 2089 Judaicm
1240 2062 1313 2097 genti
1341 2061 1519 2091 acciderunt.
1548 2069 1596 2096 per
1621 2060 1791 2096 prophetiam

1008 2109 1136 2143 praedicta
1148 2110 1213 2140 sint.
1228 2108 1323 2135 ordine
1334 2108 1463 2142 deinceps
1475 2107 1542 2134 Novi
1557 2115 1606 2142 per
1622 2107 1791 2135 Sahatorem

1008 2159 1131 2180 nostrum
1153 2154 1333 2182 denuntiandi
1349 2153 1516 2181 Testamemi
1534 2153 1698 2188 signlﬁcatio
1713 2152 1790 2180 cani—

1007 2204 1060 2226 tur.
1077 2199 1148 2235 Ergo
1164 2200 1210 2227 ubi
1234 2205 1286 2226 tam
1307 2200 1390 2227 multa
1415 2200 1441 2226 in
1463 2199 1551 2227 modio
1563 2200 1633 2226 inter
1648 2203 1751 2235 septem
1764 2203 1791 2226 et

1007 2246 1148 2281 sexaginta
1164 2247 1232 2274 duas
1251 2246 1434 2274 hebdomadas
1447 2246 1520 2273 dicta
1532 2250 1607 2278 sunt,
1621 2249 1678 2272 tum
1695 2245 1791 2280 adjun-

1120 2303 1128 2318 ι
1152 2292 1182 2319 Et
1198 2293 1370 2320 conﬁrmabit
1390 2297 1498 2328 pactum
1515 2293 1608 2321 multis
1622 2292 1790 2320 hebdomada

1007 2347 1070 2370 una,
1087 2343 1113 2366 et
1129 2339 1155 2366 in
1171 2339 1260 2366 medio
1276 2337 1454 2366 hebdomadis
1470 2337 1609 2366 auferetur
1623 2338 1790 2366 sacriﬁcium

1006 2389 1032 2412 et
1048 2385 1150 2416 libatio,
1175 2389 1201 2411 et
1216 2384 1243 2411 in
1268 2384 1369 2419 templo
1398 2384 1564 2411 abominatio
1593 2383 1789 2411 desolationum

1005 2430 1066 2462 crit,
1083 2435 1109 2457 et
1129 2438 1215 2460 usque
1242 2429 1275 2456 ad
1299 2429 1560 2456 consununationem
1578 2428 1709 2464 temporis
1724 2435 1791 2456 con-

1005 2475 1150 2503 summatio
1163 2475 1270 2503 dabitur
1286 2475 1313 2502 in
1330 2474 1538 2502 desolationem.
1557 2485 1567 2500 I
1587 2474 1639 2502 Sed
1659 2474 1716 2509 jam
1733 2474 1791 2501 haec

1005 2530 1125 2558 quonam
1152 2526 1231 2557 pacto
1252 2521 1385 2556 completa
1415 2521 1479 2553 sint,
1511 2520 1695 2555 exploremus.
1718 2518 1790 2546 Sane

1005 2567 1141 2602 proditum
1156 2570 1198 2594 est
1214 2567 1352 2594 memoria:
1371 2574 1451 2593 omne
1465 2566 1596 2592 doctrina:
1616 2564 1792 2595 eruditionis-

1005 2622 1057 2649 que
1082 2613 1275 2641 miraculorum
1301 2613 1451 2639 Salvatoris
1467 2611 1553 2640 nostri
1571 2615 1689 2647 tempus,
1707 2611 1789 2638 trium

1005 2667 1138 2686 annorum
1155 2662 1182 2686 et
1199 2658 1282 2686 semis
1300 2658 1385 2685 fuisse
1399 2668 1405 2684 :
1422 2657 1495 2693 quod
1508 2658 1616 2692 quidem
1627 2662 1669 2685 est
1687 2656 1789 2684 hebdo-

1005 2705 1092 2732 madis
1110 2706 1192 2732 unius
1208 2704 1362 2732 dimidium.
1379 2704 1437 2732 Hoc
1461 2705 1549 2740 ipsum
1571 2704 1689 2740 quodam
1711 2703 1792 2731 modo

1004 2751 1122 2780 Joannes
1146 2752 1310 2787 evangelista
1334 2751 1514 2779 attentissime
1536 2751 1597 2786 ejus
1614 2749 1790 2785 Evangeliqu

1005 2797 1217 2825 observantibus
1232 2797 1392 2825 declarabit.
1408 2796 1466 2824 Erit
1482 2797 1563 2832 igitur
1579 2796 1729 2824 hebdomas
1743 2803 1791 2823 an--

1005 2852 1101 2872 norum
1120 2851 1175 2871 una
1188 2851 1268 2871 omne
1285 2849 1403 2879 tempus,
1420 2843 1493 2879 quod
1509 2851 1570 2870 cum
1586 2842 1718 2878 apostolis
1732 2850 1793 2870 suis

1005 2895 1129 2918 \eisatus
1146 2895 1197 2922 est,
1222 2894 1278 2918 tum
1296 2895 1440 2925 antequam
1456 2898 1555 2925 passus
1570 2894 1622 2923 est,
1638 2894 1694 2917 tum
1716 2893 1791 2924 post-

1004 2946 1086 2972 quam
1108 2938 1140 2965 de
1155 2941 1242 2964 morte
1258 2937 1290 2964 ad
1307 2937 1391 2964 vitam
1408 2937 1532 2971 revenit;
1548 2945 1609 2964 nam
1625 2936 1697 2972 quod
1712 2939 1790 2962 ante-
