2089 3218
272 218 319 245 6‘21

590 217 722 245 EUSEBII
739 218 978 246 CAESARIENSIS
997 218 1072 246 OPP.
1092 217 1182 245 PARS
1201 217 1232 245 ll.
1247 213 1539 244 —APOLOGETICA.

1840 209 1893 238 628

273 283 355 309 quam
372 275 406 302 sit
422 283 519 310 passus
534 282 582 309 per
602 278 658 302 tres
675 283 762 302 annos
776 281 803 302 et
820 275 913 307 semis,
934 275 1060 302 omnibus

1113 274 1220 305 πολλοῖς
1232 273 1332 308 ταύτην
1346 271 1556 306 ὲνεδυνάμωσεν,
1571 268 1587 303 ἢ
1599 267 1718 302 δηλονότι
1729 267 1784 298 τοῖς
1795 265 1895 292 ἑαυτοῦ

272 327 299 348 et
312 321 454 355 discipulis
471 325 497 347 et
518 328 572 347 non
594 321 734 356 discipulis
749 321 869 358 seipsunt
891 321 1055 352 exhibuerit,

275 366 362 400 palam
385 373 417 392 ex
442 365 476 392 iis
500 373 560 399 quae
581 366 681 400 scripta
702 370 765 393 sunt
779 366 813 393 de
828 367 898 401 ipso,
918 366 1055 401 proditum

274 415 340 437 est:
365 417 420 444 quo
435 413 558 444 tempore
580 414 607 439 et
632 410 803 438 documentis
826 414 853 437 et
877 410 1057 437 admiratione

273 456 365 490 dignis
378 456 579 487 curationibus,
597 455 749 483 divinitatis
766 464 822 484 suae
838 456 910 484 vires
929 457 1058 484 omnibus

274 502 435 536 simpliciter
459 507 512 529 tam
530 501 632 529 Grazcis
647 510 727 537 quam
742 502 842 530 Iudaeis
859 503 987 530 ostendit.
1006 503 1059 542 Ubi

275 555 338 575 vero
355 555 370 574 a
385 551 473 575 morte
498 548 530 574 ad
554 548 636 575 vitam
656 553 698 574 est
715 549 867 581 restitutus,
891 548 965 583 quod
988 548 1058 576 idem

275 593 415 628 temporis,
428 593 608 628 eamdemque
622 601 756 620 annorum
772 602 915 621 numerum
928 601 990 621 cum
1001 594 1059 622 suis

275 643 399 666 versatus
418 639 464 670 sit,
493 639 637 674 diScipulis
663 644 690 667 et
719 640 860 674 apostolis.
877 640 978 667 rationi
993 647 1060 668 sane

274 687 488 711 consentaneum
511 689 570 715 est.
595 692 644 719 per
665 684 725 711 dies
749 693 784 712 ιι.
802 693 936 720 apparens
953 685 1013 716 eis,
1034 689 1061 712 et

274 737 470 760 eonsucscens,
485 734 511 756 et
525 729 559 756 de
574 737 658 765 regno
675 729 722 757 Dei
740 730 852 765 loquens
863 750 870 762 ,
885 730 1061 766 quemadmo-

275 776 341 802 dum
368 775 477 810 quidem
498 775 525 802 in
553 776 738 810 apostolorum
755 776 832 803 Actis
846 776 1013 808 continetur,
1031 780 1061 802 ut

276 821 334 847 haec
350 820 385 847 sit
408 821 465 852 illa,
486 820 519 848 de
535 828 589 855 qua
615 821 756 856 prophetia
778 821 908 856 loquitur,
927 828 1060 848 annorum

275 866 436 897 hebdomas,
452 866 479 893 in
493 874 548 901 qua
568 867 737 894 conlirmavit
755 871 863 902 pactum
879 867 982 900 multis,
999 875 1061 893 mu-

276 912 362 940 nitius
372 912 497 940 videlicet
509 912 624 940 reddens
638 921 736 940 novum
753 913 915 948 evangelicae
931 912 1062 947 praedica-

1108 320 1242 356 μαθηταῖς
1261 319 1308 345 καὶ
1326 318 1494 348 ἀποστόλοις,
1508 316 1555 342 καὶ
1577 316 1633 346 τοῖς
1651 314 1681 347 ἐξ
1700 313 1832 349 Ἑϐραίων
1854 313 1895 344 εἰς

1107 366 1188 393 αὑτὸν
1213 364 1423 392 πεπιστευκόσιν
1441 363 1543 394 ἆπασι;
1567 361 1640 396 Πλὴν
1665 360 1733 386 ἀλλὰ
1755 360 1804 394 τῆς
1830 359 1896 394 μιᾶς

1106 413 1207 447 ταύτης
1220 411 1374 447 ἑϐδομάδος,
1387 409 1446 436 καθ’
1457 409 1490 443 ἢν
1502 408 1685 441 ὲνεδυνάμωσε
1698 406 1747 440 τὴν
1758 405 1896 440 ﬁnitima},

1111 466 1160 484 σαν
1174 456 1312 492 Διαθήκην
1325 457 1381 486 τοῖς
1396 453 1512 484 πολλοῖς,
1527 453 1556 478 ὲν
1623 451 1717 485 ἡμίσει
1727 449 1799 484 ἤρθη
1812 448 1893 474 θυσία

1111 503 1158 529 καὶ
1172 503 1282 537 σπονδὴ,
1295 502 1326 528 τό
1338 510 1368 527 τε
1383 500 1519 535 βδέλυγμα
1537 498 1587 532 τῆς
1600 495 1766 532 ἐρημώσεως
1779 494 1896 529 ῆρξατο·

1110 549 1259 585 ἐπειδήπερ
1281 547 1452 583 μεσαζοὺσης
1471 545 1521 580 τῆς
1542 543 1687 579 ἑϐδομάδος
1705 541 1807 575 ταύτης

1109 594 1154 622 τὸν
1168 595 1253 631 ἥμισυ
1266 594 1313 620 καὶ
1332 593 1425 629 τριετῆ
1446 591 1540 626 χρόνον
1555 590 1602 625 τῆς
1617 587 1791 617 διδασκαλίας
1802 586 1898 634 αὑτοῦ,

1110 640 1171 666 καθ’
1187 641 1216 666 ὃν
1239 639 1332 674 καιρὸν
1355 637 1482 668 πέπονθε,
1499 636 1529 662 τὸ
1549 634 1746 669 καταπέτασμα
1768 631 1815 658 τοῦ
1833 631 1898 656 ναοῦ

1110 686 1215 721 ipsam
1230 686 1283 712 άπὸ
1293 684 1395 712 ἄνωθεν
1407 684 1459 714 ἕως
1470 683 1557 709 κάτω·
1573 682 1610 713 ὡς
1626 680 1654 714 ἐξ
1666 680 1770 706 ἐκείνου
1786 677 1899 712 δυνάμει

1111 732 1193 768 ἧρθαι
1209 732 1239 765 ἐξ
1255 732 1344 758 αὑτῶν
1360 731 1409 766 τὴν
1426 729 1550 768 σπονδὴν,
1566 728 1613 754 καὶ
1626 728 1675 763 τὴν
1689 726 1793 757 θυσίαν,
1809 726 1856 751 καὶ
1869 725 1900 750 τὸ

1112 779 1248 814 βδέλυγμα
1261 778 1310 812 τῆς
1326 776 1490 812 ἐρημώσεως
1502 775 1549 800 ἐπὶ
1559 774 1589 799 τὸ
1607 773 1677 808 ἱερὸν
1691 770 1802 807 ἦρχθαι,
1816 778 1899 796 κατα-

1111 824 1241 859 λιπούσης
1268 820 1377 853 αὐτοὺς
1390 822 1509 857 ἐρήμους
1536 819 1587 853 τῆς
1606 817 1736 844 ἀνέκαθεν
1752 816 1792 847 εἰς
1813 816 1900 841 ἐκεῖνο

1112 869 1208 905 καιροῦ
1229 869 1275 895 τὸν
1288 868 1371 894 τόπον
1391 866 1533 902 ὲφορώσης
1546 865 1593 892 καὶ
1609 862 1809 896 ἐπισκοπούσης
1821 860 1900 888 δυνά-

1115 924 1196 951 μεως.
1214 915 1303 950 Μέχρι
1324 913 1390 947 γοῦν
1412 912 1459 939 τοῦ
1482 911 1616 947 σωτηρίου
1633 909 1735 940 πάθους
1757 906 1826 934 εἷναί
1840 916 1902 933 τινα

276 958 359 986 tionis
375 962 578 986 testamentum.
598 958 650 986 Sed
676 959 776 994 quibus
799 959 892 986 multis
912 959 939 986 id
964 959 1064 986 contir-

1113 961 1180 988 Θεοῦ
1196 960 1309 995 δύναμιν
1326 957 1528 985 ἐπισκοποῦσαν
1547 956 1578 982 τὸ
1603 956 1673 991 ἱερὸν
1697 954 1787 981 καὶτὸ
1807 953 1902 987 "Arma

277 1005 382 1032 mariti
396 1004 498 1040 Nempe
517 1005 574 1032 suis
598 1005 739 1040 discipulis
760 1009 787 1032 et
807 1005 951 1040 apostolis,
977 1006 1065 1041 iisque

275 1050 403 1078 omnibus
419 1050 575 1086 quicunque
591 1059 623 1078 ex
635 1050 756 1078 Hebrmis
772 1051 798 1078 in
815 1051 892 1078 [idem
905 1051 965 1086 ejus
980 1058 1064 1078 vene-

275 1100 350 1125 runt.
363 1097 496 1125 Craterum
512 1098 538 1125 in
556 1097 669 1133 hujusce
680 1098 762 1125 unius
773 1098 952 1126 hebdomadis
964 1099 1064 1128 medio,

277 1143 304 1171 in
321 1151 375 1178 qua
402 1143 468 1170 illud
494 1143 583 1179 ipsum
607 1143 641 1170 de
655 1151 709 1180 quo
730 1144 850 1172 diximus
871 1149 1065 1173 testamentum

276 1188 370 1215 mullis
387 1189 571 1221 conllrmavit,
586 1189 724 1216 sublatum
737 1193 780 1216 est
795 1188 970 1222 sacriﬁcium,
984 1189 1062 1226 401

275 1238 302 1261 et
317 1234 423 1266 libatio,
440 1234 664 1269 abominatloque
679 1235 859 1263 desolationis
874 1236 1000 1264 inchoata
1011 1241 1064 1270 est,

275 1279 496 1314 quandoquidem
515 1280 564 1307 hac
578 1281 636 1316 ipsa
651 1281 820 1314 hebdomade
832 1283 888 1317 jam
901 1283 933 1310 ad
946 1284 1063 1311 medium

276 1325 320 1352 sui
335 1325 452 1359 spatiqu
477 1325 571 1358 ducta,
588 1331 649 1361 post
662 1327 744 1354 trium
760 1335 894 1354 annorum
914 1332 1022 1364 tempus
1038 1334 1065 1357 et

276 1370 361 1397 semis
375 1369 507 1397 doctrina:
523 1364 606 1401 illius.
621 1378 674 1406 quo
692 1375 814 1406 tempore
833 1380 931 1408 passus
947 1379 1000 1406 est,
1017 1381 1063 1401 νον

276 1416 334 1443 tum
350 1417 443 1451 templi
462 1417 580 1444 scissum
594 1421 636 1445 est
655 1425 670 1444 a
686 1425 794 1446 summo
809 1427 896 1453 usque
908 1419 1036 1447 deorsum
1055 1428 1062 1446 κ

277 1468 307 1489 ut
322 1469 356 1490 ex
372 1462 419 1490 illo
433 1461 488 1497 jam
503 1464 528 1490 vi
542 1463 659 1498 quadam
677 1464 784 1490 sublata
800 1463 882 1491 fuerit
896 1465 930 1492 ab
941 1465 980 1492 eis
994 1464 1063 1492 liba-

276 1509 315 1535 tio
328 1511 355 1535 et
368 1509 531 1536 sacriﬁcium
544 1513 571 1536 ct
585 1509 752 1537 abominatio
763 1510 940 1538 dcsolationis
956 1511 983 1537 in
999 1514 1064 1538 tem-

276 1554 322 1589 plo
338 1553 450 1586 sederit,
467 1557 559 1589 utpote
576 1562 639 1581 cum
661 1563 708 1582 eos
738 1555 826 1583 virtus
849 1556 894 1583 illa
923 1556 1063 1591 reliquerit

277 1600 362 1632 solos,
378 1608 438 1635 quae
457 1601 492 1628 ab
512 1601 590 1629 initio
604 1601 637 1628 ad
655 1602 721 1629 i-llud
737 1610 824 1638 usque
839 1607 958 1638 tempus,
975 1609 1000 1631 et
1015 1607 1061 1631 tu-

1115 1010 1169 1036 τῶν
1185 1009 1269 1043 ἁγίων
1282 1007 1405 1043 ἡγεῖσθαι
1420 1006 1564 1042 προσήκει.
1583 1004 1620 1030 Οὐ
1637 1003 1692 1038 γάρ
1704 1002 1736 1029 ἂν
1752 1001 1838 1032 ἄλλως
1854 1000 1902 1026 καὶ

1115 1055 1195 1086 αὐτὸς
1212 1054 1269 1089 ἅμα
1284 1055 1339 1085 τοῖς
1360 1053 1466 1083 πολλοῖς
1486 1051 1645 1086 συνήδρευεν
1658 1049 1687 1075 ὲν
1706 1047 1745 1083 τῷ
1759 1046 1836 1082 ἱερῷ,
1853 1045 1902 1077 τὰς

1115 1101 1185 1127 κατὰ
1198 1101 1296 1135 νόμους
1307 1098 1402 1134 ἑορτάς
1416 1097 1557 1127 ἐπιτελῶν,
1567 1096 1603 1130 μὴ
1613 1095 1674 1130 οὐχὶ
1683 1093 1725 1120 ἔτι
1736 1091 1902 1122 συνεστῶτα,

1115 1147 1162 1174 καὶ
1181 1146 1249 1172 Θεοῦ
1263 1143 1331 1171 εἶναι
1348 1144 1421 1176 ἄξιον
1437 1143 1482 1169 τὸν
1505 1142 1585 1168 τόπον
1606 1139 1693 1171 είδώς.
1709 1137 1798 1165 Ἦσαν
1811 1135 1858 1164 οὖν
1874 1137 1903 1162 ἐν

1115 1194 1153 1229 τῷ
1171 1192 1236 1228 ἱερῷ
1250 1192 1296 1218 καὶ
1313 1189 1528 1226 προφητεύοντές
1541 1195 1612 1218 τινες
1624 1186 1664 1217 είς
1680 1185 1768 1211 ἐκεῖνο
1779 1182 1825 1209 τοῦ
1841 1190 1903 1229 rat-

1116 1227 1172 1276 ροῦ,
1195 1227 1289 1274 ὥσπερ
1308 1237 1391 1263 Ἀννα
1408 1237 1423 1271 ἡ
1446 1234 1580 1270 προφῆτις
1602 1234 1618 1268 ἡ
1642 1231 1690 1258 τοῦ
1708 1228 1838 1276 Φανουὴλῗ
1855 1227 1904 1254 καὶ

1114 1274 1224 1321 ἲυμεὼν
1247 1285 1261 1311 ό
1275 1284 1322 1311 ἐπὶ
1336 1283 1385 1314 τὰς
1407 1281 1529 1316 ἀγκάλας
1547 1279 1637 1310 αὑτὸν,
1653 1277 1750 1314 βρέφος
1769 1275 1809 1302 ἔτι

1113 1319 1213 1361 λαθὼν,
1226 1330 1250 1356 οἶ
1268 1330 1313 1356 καὶ
1328 1326 1528 1364 προφητεύουσι
1540 1325 1574 1352 τὰ
1585 1321 1816 1359 ἀναγεγραμμένα
1825 1329 1832 1335 ·
1845 1319 1902 1346 οὐδ’Δ

1114 1377 1147 1404 ἃν
1160 1377 1239 1408 αὐτὸς
1251 1377 1265 1402 ὁ
1276 1375 1377 1410 Κύριος
1388 1373 1465 1409 ἡμῶν
1481 1372 1586 1408 είρὴκει
1599 1370 1639 1406 τῷ
1654 1369 1756 1405 λεπρῷ·
1766 1378 1775 1394 ‹
1783 1367 1904 1399 ’Υπαγε,

1113 1423 1197 1456 δεῖξον
1214 1422 1323 1449 σεαυτὸν
1338 1421 1376 1456 τῷ
1393 1421 1469 1456 ἱερεῖ,
1486 1420 1532 1446 καὶ
1545 1419 1716 1454 προσήνεγκε
1730 1416 1780 1451 τὴν
1797 1414 1901 1444 θυσίαν,

1114 1471 1146 1506 ἢν
1156 1469 1303 1505 προσέταξε
1320 1468 1421 1503 Μωσῆς
1435 1467 1475 1498 είς
1493 1465 1638 1502 μαρτύριον
1654 1464 1755 1495 αὐτοῖς,
1773 1472 1782 1488 ι
1795 1462 1831 1496 μὴ
1844 1460 1904 1506 ουχὶ

1115 1517 1155 1544 ἔτι
1162 1517 1218 1543 δεῖν
1229 1514 1378 1552 ἡγούμενος
1387 1513 1421 1539 τά
1429 1511 1600 1546 κατάνόμους
1610 1508 1789 1536 ἐπιτελεῖσθαι
1799 1505 1903 1536 αὐτόθι,

1113 1563 1151 1594 ὼς
1159 1563 1187 1588 ὲν
1202 1561 1272 1596 ἁγίῳ
1285 1560 1332 1587 καὶ
1350 1559 1417 1585 Θεοῦ
1437 1558 1503 1594 ἀξίῳ
1521 1558 1604 1595 ςιτόπῳ⁸
1617 1556 1670 1582 οὐδ’
1681 1556 1712 1582 ἂν
1723 1555 1788 1585 τοὺς
1801 1552 1904 1588 ἀγορά-

1117 1609 1213 1641 ζοντας
1223 1607 1269 1634 καὶ
1280 1606 1484 1642 πιπράσκοντας
1496 1603 1604 1636 ὲξωθῶν
1612 1603 1696 1637 ἔλεγε
1709 1611 1719 1627 ι
1735 1600 1903 1636 Γέγραπται,

277 1646 358 1673 telam
381 1650 409 1674 et
428 1647 625 1681 providentiam
652 1649 712 1683 ejus
728 1649 778 1675 loci
801 1650 911 1685 gerebat
928 1659 934 1678 :
950 1657 1012 1677 nam
1031 1650 1064 1677 ad

1116 1654 1156 1680 ὅτι
1173 1655 1188 1680 ό
1208 1651 1282 1684 οἶκός
1297 1660 1347 1688 μου
1369 1649 1442 1681 οἶκος
1466 1649 1620 1685 προσευχῆς
1635 1646 1808 1682 κληθήσεται,
1825 1645 1904 1679 ὑμεῖς

276 1691 343 1718 illud
362 1699 448 1727 usque
462 1697 569 1728 tempus
587 1702 641 1729 quo
656 1695 701 1722 ille
715 1703 765 1730 pro
788 1696 875 1723 salute
890 1701 984 1726 nostra
1001 1705 1064 1732 pas-

275 1745 324 1766 sus
339 1742 392 1770 est,
408 1738 528 1766 divinam
544 1740 691 1774 quamdam
702 1740 757 1768 vim
776 1741 862 1769 fuisse
878 1750 938 1777 qua:
952 1747 979 1772 et
993 1747 1063 1770 tem-

276 1785 351 1819 plum
378 1789 405 1812 et
419 1784 551 1813 Sanctum
578 1791 736 1814 sanctorum
759 1792 892 1820 tueretur,
908 1788 1064 1816 existimare

275 1839 325 1866 par
336 1835 388 1859 est.
403 1831 510 1867 Alioqui
524 1832 588 1866 quid
605 1833 759 1867 oportebat,
771 1833 846 1860 illum
858 1841 912 1860 una
924 1841 985 1860 cum
1003 1834 1064 1861 aliis

276 1877 370 1904 multis
387 1878 484 1905 sedere
501 1878 527 1904 in
553 1879 654 1913 templo
673 1883 700 1905 et
717 1886 750 1906 ex
774 1879 879 1914 legibus
905 1880 989 1911 festos
1005 1880 1064 1907 dies

275 1923 431 1954 celebrare.
447 1924 470 1951 si
490 1924 611 1952 novisset
631 1932 685 1952 non
709 1925 826 1960 amplius
847 1927 999 1954 consistere
1023 1927 1064 1954 lo-

275 1975 338 1996 cum
353 1969 440 2001 illum,
454 1978 543 2005 neque
559 1969 604 1997 Dei
621 1971 765 2005 praisentia
779 1971 890 2007 dignum
905 1973 981 2000 esse?
991 1971 1061 2010 Fue-

275 2017 341 2040 runt
352 2014 434 2049 igitur
450 2016 483 2042 ad
496 2015 562 2042 illud
575 2024 661 2051 usque
676 2017 807 2052 temporis
821 2018 946 2045 nonnulli
958 2019 985 2045 in
999 2022 1064 2045 tem—
1081 2049 1087 2050 γ

275 2059 322 2094 plo
338 2059 502 2093 divinantes,
519 2062 608 2096 qualis
626 2061 703 2088 Anna
724 2062 882 2098 prophetica
901 2064 997 2090 mulier
1009 2064 1064 2091 illia

275 2104 408 2138 Phanuel,
425 2110 452 2133 ct
474 2106 584 2134 Simeon
607 2107 653 2142 qui
670 2107 698 2135 in
715 2109 794 2136 ulnas
811 2109 900 2144 ipsum
914 2110 1003 2137 adhuc
1020 2110 1063 2137 in-

276 2151 378 2179 fantem
391 2153 506 2187 accepit,
525 2154 570 2187 qui
581 2155 664 2181 etiam
680 2155 839 2182 cecinerunt
855 2162 886 2183 ea
901 2163 961 2190 quae
976 2156 1064 2190 publi-

274 2204 314 2224 ca:
329 2198 467 2225 memoria:
479 2199 586 2234 prodita
601 2204 676 2232 sunt,
688 2201 736 2228 sed
750 2209 839 2236 neque
854 2201 912 2236 ipse
932 2201 1063 2229 Dominus

274 2247 370 2270 noster
380 2243 495 2272 dixisset
507 2244 615 2280 leproso
632 2255 638 2272 :
657 2255 667 2271 ι
682 2246 744 2278 Abi,
762 2247 878 2274 ostende
890 2251 915 2274 te
927 2247 1073 2279 sacerdoti,

273 2291 302 2316 ct
325 2289 392 2317 oﬂ'er
406 2290 582 2322 sacriﬁcium,
595 2292 666 2326 quod
690 2293 819 2327 praecepit
834 2293 922 2321 Moses
941 2293 967 2320 in
987 2294 1063 2321 testi-

274 2336 396 2363 monittm
411 2337 450 2365 eis
464 2336 499 2369 ⁸⁷,
517 2347 527 2364 ι
542 2337 564 2365 si
579 2337 625 2364 illo
639 2338 666 2365 in
681 2339 741 2366 loco
752 2347 806 2365 non
824 2339 894 2366 ultra
907 2339 1062 2367 existimas-

273 2385 315 2409 set
327 2388 387 2416 qum
410 2382 444 2409 ad
475 2383 544 2411 ritus
570 2384 698 2419 legesque
721 2384 856 2418 pertinent
883 2389 1011 2419 tanquam
1034 2384 1061 2412 in

273 2432 370 2455 sancto
391 2433 417 2456 et
440 2428 487 2456 Dei
504 2431 649 2465 prmsentia
670 2430 752 2465 digno
763 2431 822 2457 loco
836 2430 966 2458 celebrari
981 2438 1062 2465 opor-

272 2477 340 2505 tere,
356 2482 445 2509 neque
469 2476 619 2504 vendentes
636 2480 663 2503 et
684 2481 806 2504 ementes
822 2477 934 2512 ejiciens
948 2477 1061 2505 dixisset

272 2519 355 2547 verba
369 2519 413 2547 illa
432 2530 438 2548 :
455 2530 464 2546 ι
483 2520 620 2557 Scriptum
632 2526 685 2553 est,
697 2521 794 2550 domus
805 2531 865 2550 mea
878 2523 976 2551 domus
997 2531 1060 2550 ora-

271 2566 357 2593 tionis
371 2567 526 2601 vocabitur,
544 2575 593 2596 vos
610 2574 700 2596 autem
716 2577 774 2596 eam
793 2568 884 2598 facitis
900 2570 1058 2604 speluncam

272 2612 410 2639 latronum
426 2613 461 2641 "'.
481 2623 490 2639 ι
508 2613 540 2641 Et
564 2623 680 2642 rursus:
709 2625 718 2641 ‹
738 2615 849 2647 Auferte
872 2615 925 2642 ista
940 2616 1014 2647 hinc,
1032 2619 1059 2643 et

272 2657 357 2684 nolite
373 2656 463 2685 facere
478 2658 588 2686 domum
602 2659 695 2687 Patris
707 2660 760 2686 mei
771 2659 882 2687 domum
900 2660 1061 2695 negotiatio-

272 2702 317 2729 nis
326 2702 360 2735 ⁸⁹,
375 2712 385 2729 ι
402 2703 463 2730 'nisi
485 2704 575 2732 adhuc
596 2705 675 2740 plane
703 2707 856 2733 censuisset
878 2706 1058 2733 venerabiletn

272 2755 334 2775 esse
354 2748 444 2776 locum
458 2753 554 2784 putare
576 2757 711 2785 oportere.
737 2752 771 2778 At
795 2752 867 2779 enim
883 2752 930 2779 ubi
951 2752 1058 2778 illorum

273 2798 424 2820 extremum
443 2795 534 2822 scelus
550 2797 786 2832 appropinquavit,
808 2801 864 2824 tum
880 2798 972 2824 omnia
988 2797 1056 2824 indi-

273 2839 347 2865 cavit
365 2838 460 2866 diccns
479 2849 487 2867 :
509 2849 518 2866 t
537 2841 607 2868 Ecce
623 2842 788 2877 relinquitur
804 2842 882 2870 vobis
897 2842 995 2870 domus
1012 2851 1058 2870 ve-

1114 1700 1142 1726 δὲ
1164 1699 1245 1726 αὑτὸν
1268 1699 1367 1725 ποιεῖτε
1394 1696 1523 1731 σπήλαιον
1548 1693 1673 1729 λῃστῶν·
1696 1703 1705 1718 ι
1735 1692 1784 1719 καί
1806 1689 1902 1722 αὖθις·

1118 1746 1235 1780 «Ἄρατε
1251 1744 1337 1771 ταῦτα
1351 1741 1539 1773 ὲντεῦθεν,κα“ι
1547 1741 1584 1776 μὴ
1596 1741 1697 1766 ποιεῖτε
1711 1737 1757 1764 τὸν
1771 1735 1844 1763 οἷκον
1855 1735 1904 1762 τθῦ

1115 1791 1221 1827 Πατρός
1238 1799 1288 1826 μου
1301 1788 1375 1816 οἷκον
1391 1788 1538 1824 ὲμπορείου
1550 1795 1556 1802 ·
1581 1796 1589 1811 ι
1609 1786 1633 1812 εί
1650 1785 1687 1821 μὴ
1703 1784 1743 1811 ἔτι
1755 1783 1845 1819 τίμιον
1859 1791 1905 1809 σα-

1115 1837 1172 1871 φῶς
1195 1837 1249 1863 δεῖν
1275 1836 1398 1871 ἐνόμιζεν
1421 1832 1621 1868 ὑπολαμϐάνειν
1645 1829 1713 1856 εἶναι
1739 1828 1786 1856 τὸν
1811 1828 1903 1854 τόπον.

1121 1882 1200 1909 Ἀλλὰ
1219 1882 1273 1918 γάρ
1291 1880 1493 1916 πλησιαζούσης
1505 1878 1595 1905 αὐτῶν
1610 1876 1659 1910 τῆς
1675 1875 1792 1910 ἐσχάτης
1806 1874 1904 1900 δυσσε-

1114 1928 1199 1960 ϐείας,
1220 1927 1288 1963 μετὰ
1304 1926 1390 1954 ταῦτα
1408 1926 1497 1952 πάντα
1513 1923 1671 1958 ἀπεφήνατο
1687 1919 1786 1947 εἰπών·
1807 1928 1816 1944 ι
1838 1918 1904 1945 Ἰδοὺ

1113 1975 1222 2009 ἀφίεται
1246 1974 1310 2010 ὑμῖν
1327 1974 1342 2000 ό
1365 1970 1440 2003 οἶκος
1466 1970 1542 2006 ὑμῶν
1567 1969 1687 2005 ἕρημος·
1709 1976 1719 1992 ι
1737 1966 1751 1992 ὃ
1768 1966 1814 1992 καὶ
1838 1964 1905 1992 αὐτὸ

1114 2011 1264 2056 ὲπληροῦτο
1278 2019 1332 2051 ὅτε,
1349 2011 1482 2049 παθόντος
1495 2015 1588 2046 αὑτοῦ,
1599 2015 1629 2040 τὸ
1645 2012 1841 2046 καταπέτασμα
1856 2009 1904 2037 τοῦ

1114 2066 1178 2092 ναοῦ
1203 2065 1263 2092 ὅλον
1288 2064 1321 2091 δι’
1343 2064 1403 2090 ὅλου
1429 2063 1510 2099 μέσον
1537 2060 1653 2097 ἐρράγη,
1670 2058 1808 2094 καθῄρητό
1827 2066 1857 2083 τε
1875 2056 1904 2090 ἐξ

1115 2111 1218 2138 ἐκείνου
1234 2110 1346 2145 δυνάμει
1361 2112 1377 2146 ἡ
1395 2109 1533 2145 προσηνὴς
1552 2106 1592 2142 τῷ
1613 2105 1673 2141 Θεῷ
1695 2104 1766 2132 κατὰ
1784 2104 1834 2139 τὴν
1856 2102 1903 2129 τοῦ

1114 2157 1196 2192 νόμου
1212 2156 1333 2188 διάταξιν
1354 2150 1435 2182 θυσία
1453 2155 1498 2181 καὶ
1522 2152 1634 2188 σπονδὴ,
1650 2149 1684 2187 ἦς
1700 2151 1840 2187 ἀρθείσης,
1857 2150 1905 2176 καὶ

1113 2204 1144 2230 τὸ
1159 2203 1296 2238 βδέλυγμα
1307 2202 1358 2236 τῆς
1370 2201 1545 2237 ἐρημώσεως,
1562 2199 1633 2226 κατὰ
1647 2199 1695 2233 τὴν
1709 2199 1737 2224 ὲν
1750 2197 1829 2232 χερσὶ
1839 2204 1906 2232 προ-

1115 2248 1237 2283 φητείαν,
1253 2245 1453 2282 ἐπηκολούθησε
1469 2244 1507 2279 τῷ
1520 2245 1605 2279 τόπῳ.
1621 2244 1652 2270 Εἰ
1668 2243 1696 2269 δὲ
1715 2242 1761 2269 καὶ
1777 2241 1822 2268 ἐπί
1842 2249 1904 2267 τινα

1114 2294 1213 2330 χρόνον,
1224 2293 1390 2329 παραμένειν
1401 2291 1473 2323 ἔδοξε
1486 2290 1520 2317 τὰ
1532 2291 1581 2326 τῆς
1593 2291 1623 2316 ὲν
1637 2289 1676 2325 τῷ
1692 2289 1768 2324 τόπῳ
1784 2288 1905 2322 λειτουρ-

1114 2341 1185 2375 γίας,
1204 2340 1259 2366 ἀλλ’
1277 2338 1368 2365 οὐκέτι
1384 2347 1415 2372 γε
1433 2337 1518 2364 ταῦτα
1534 2337 1637 2372 ἀρεστὰ
1648 2336 1688 2372 τῷ
1701 2334 1760 2370 Θεῷ
1771 2332 1815 2370 ἦν,
1830 2333 1905 2369 ἀκρί-

1114 2394 1169 2417 τως
1195 2385 1242 2411 καὶ
1263 2384 1294 2410 οὐ
1317 2383 1386 2411 κατὰ
1399 2383 1480 2418 νόμον
1502 2383 1708 2417 ἐπιτελούμενα.
1729 2381 1833 2414 Ὥσπερ
1848 2378 1903 2414 γὰρ

1115 2430 1252 2466 πρόπαλαι
1273 2429 1506 2465 ὲξολοθρευθέντος
1528 2427 1576 2455 τοῦ
1601 2429 1761 2464 χρίσματος,
1786 2425 1905 2452 καὶτῶν

1115 2476 1184 2503 κατὰ
1199 2475 1323 2510 διαδοχὴν
1336 2474 1458 2509 νομίμων
1471 2473 1624 2509 ἀρχιερέων
1644 2472 1836 2508 πεπαυμένων,
1850 2469 1906 2497 ἀπὺ

1115 2523 1165 2557 τῆς
1192 2521 1325 2557 Ὑρκανοῦ
1346 2521 1483 2556 τελευτῆς,
1507 2521 1530 2548 οι
1556 2519 1626 2555 μετὰ,
1649 2519 1736 2545 ταῦτα
1758 2518 1906 2554 παριόντες

1113 2568 1238 2599 ἀτάκτως
1260 2567 1307 2593 καὶ
1329 2566 1502 2602 παρανόμως,
1521 2566 1631 2597 ὲδόκουν
1650 2565 1699 2600 μέν
1714 2573 1741 2591 τι
1755 2565 1852 2594 ποιεῖν,
1871 2563 1902 2589 οὐ

1114 2615 1167 2650 μὴν
1182 2613 1253 2640 κατὰ
1268 2614 1331 2644 τοὺς
1345 2613 1498 2648 πρέποντας
1515 2611 1648 2648 ἔπραττον
1664 2610 1791 2646 θεσμοὺς,
1807 2610 1840 2636 δι’
1856 2609 1903 2641 οὓς

1113 2661 1160 2688 καὶ
1188 2660 1306 2694 ἔφασκεν
1336 2660 1351 2694 ή
1385 2659 1554 2694 προφητεῖαι
1583 2668 1592 2684 ι
1634 2656 1903 2692 Ἐξολοθρευθήσεται

1113 2707 1227 2742 χρίσμα,
1239 2706 1285 2732 καὶ
1299 2707 1385 2741 κρῖμα
1407 2706 1456 2731 οὐκ
1477 2705 1550 2730 ἐστιν
1572 2705 1600 2730 ἐν
1617 2703 1701 2738 αὐτῷ,
1720 2713 1729 2729 ›
1742 2703 1772 2728 τὸ
1789 2702 1903 2737 ἄκριτον

1113 2753 1159 2779 καὶ
1170 2752 1327 2787 παράνομον
1345 2750 1433 2777 αὐτῶν
1446 2749 1624 2776 διαϐάλλουσα
1635 2757 1641 2764 ο
1660 2748 1731 2774 οὕτω
1746 2748 1778 2783 δὴ
1796 2747 1842 2773 καὶ
1855 2747 1903 2773 ἐπὶ

1111 2798 1161 2833 τῆς
1178 2797 1273 2828 θυσίας
1290 2797 1337 2823 καὶ
1360 2796 1409 2831 τῆς
1426 2795 1542 2831 σπονδῆς
1568 2793 1768 2830 συμϐεϐηκέναι
1793 2794 1902 2828 φήσεις,

1112 2843 1199 2879 ὀρθῶς
1218 2842 1267 2878 μὲν
1284 2844 1331 2869 καὶ
1355 2842 1424 2869 κατὰ
1437 2842 1516 2877 νόμον
1526 2841 1579 2877 πρὸ
1594 2841 1641 2867 τοῦ
1658 2840 1760 2871 πάθους
1779 2839 1827 2866 τοῦ
1843 2840 1900 2867 Eru-

309 2928 332 2944 ⁸⁷
348 2928 443 2957 Matth.
462 2938 525 2964 vui,
543 2932 568 2959 4.
608 2933 630 2949 ⁸⁸
648 2933 742 2961 Matth.
762 2942 825 2967 xu,
847 2934 888 2962 l5.
928 2935 950 2950 ⁸⁵
967 2933 1044 2962 Joau.
1063 2942 1100 2968 tt,
1118 2935 1162 2963 l6.
