2089 3218
188 222 240 250 629

638 222 965 251 DEMONSTRATIONIS
983 220 1214 250 EVANGELICIE
1240 220 1294 247 LIB
1325 219 1391 248 Vlll.

1756 217 1808 243 650

187 282 270 316 τῆρος
292 280 372 316 ἡμῶν
389 280 608 317 ἐπιτελουμένης,
629 282 672 309 διὰ
687 283 736 318 τὴν
757 283 840 310 είσέτι
860 283 920 310 τότε
941 283 976 309 τὰ

1031 286 1082 310 stra
1104 282 1211 310 deserta
1230 281 1265 314 '°,
1284 291 1292 307 ι
1314 280 1386 316 quod
1404 279 1512 315 quidem
1538 279 1625 314 ipsum
1644 278 1808 312 completum

188 325 242 352 τῶν
257 326 342 360 ἁγίων
356 326 446 353 τόπων
459 327 599 362 ἐφορῶσαν
611 327 735 363 δύναμιν,
753 328 974 365 περιαιρεθείσης

188 371 215 397 δὲ
229 371 327 398 αὐτίκα
347 371 416 407 μετὰ
430 372 479 408 τὴν
492 372 572 399 αὐτοῦ
589 373 694 400 τελείαν
711 373 757 401 καὶ
774 374 911 410 θεοπρεπῆ
927 374 975 400 θυ-

189 417 258 448 σίαν,
276 418 308 452 ἢν
325 418 510 453 προσήνεγκεν
531 418 612 450 αὐτὸς
623 419 718 446 ἑαυτὸν
735 419 805 455 ὑπὲρ
821 419 874 445 τῶν
885 420 975 454 ἁμαρ-

188 463 253 490 τιῶν
264 463 352 499 ἡμῶν,
367 464 447 496 αὒτδς
464 465 501 491 ὣν
522 466 536 492 ὸ
552 465 636 501 ἀμνὸς
651 465 698 492 τοῦ
715 465 793 497 Θεοῦ,
804 466 818 492 ὁ
831 466 915 501 αἴρων
926 466 975 501 τὴν

188 509 323 546 ἁμαρτίαν
329 509 376 537 τοῦ
385 511 497 546 κόσμου,
512 508 547 547 ἦς
554 511 648 543 θυσίας
656 512 737 538 πᾶσιν
746 511 898 547 ἀνθρώποις
906 511 977 538 κατὰ,

188 555 223 582 τὰ
237 556 319 583 καινὰ
335 557 470 592 μυστήρια
482 558 534 593 τῆς
545 559 641 593 καινῆς
663 557 800 593 Διαθήκης
820 556 978 592 παραδοθεί-

191 611 250 638 σης,
260 602 295 629 τὰ
309 604 358 638 τῆς
374 602 492 634 παλαιᾶς
509 602 667 639 περιῄρητο.
687 602 770 638 Ὁμοῦ
789 602 843 639 γὰρ
858 602 897 637 τῷ
909 603 974 638 πλη-

192 648 301 684 ροῦσθαι
318 649 348 675 τὸ
358 648 462 684 φάσκον
477 648 574 683 λόγιον,
596 659 604 675 ι
621 649 674 675 Καὶ
684 648 977 684 δυναμώσειΔιαθήκην

190 695 295 728 πολλοῖς
305 695 420 732 ἑϐδομὰς
431 696 488 732 μία,
495 695 542 722 ιτὰ
553 695 602 730 τῆς
612 695 728 726 παλαιᾶς
738 695 874 731 Διαθήκης
882 694 977 730 περιῄ-

192 749 266 776 ρητο.
272 750 283 767 ι
292 741 360 767 Πότε
368 741 396 768 δὲ
404 742 437 768 τὰ
444 742 493 777 τῆς
501 741 635 777 Διαθήκης
642 741 691 776 τῆς
698 740 794 776 καινῆς
804 739 976 775 ἐδυναμοῦτο,

189 787 206 823 ἦ
222 787 267 814 ὅτε
280 789 295 815 ὀ
314 788 409 824 Σωτὴρ
422 788 470 815 καὶ
490 787 592 824 Κύριος
607 787 695 823 ἡμῶν,
719 787 822 822 μέλλων
841 786 927 812 τελεῖν
947 785 977 811 τὺ

192 834 262 868 μέγα
283 835 431 870 μυστήριον
446 834 496 869 τῆς
509 835 549 866 εἰς
563 834 609 860 τὸν
625 833 738 860 θάνατον
751 832 834 860 αὐτοῦ
850 832 976 869 παρόδου,

190 876 207 915 ᾖ
231 879 309 906 νυκτὶ
338 879 503 915 παρεδίδοτο,
520 879 554 906 τὰ
583 878 703 914 σύμϐολα
730 878 785 905 τῶν
807 879 867 905 κατ’
896 876 977 904 αὑτὸν

190 925 353 960 ἀπορρήτων
373 925 424 960 τῆς
449 924 546 959 καινῆς
568 924 705 960 Διαθήκης
720 924 806 959 λόγων
824 925 879 955 τοῖς
895 923 977 950 αὑτοῦ

190 969 332 1017 παρεδίδου
351 970 502 1006 μαθηταῖς;
519 970 587 1006 ὁμοῦ
597 970 651 1006 γὰρ
666 970 741 997 ταῦτ’
757 970 883 1002 ἐτελεῖτο,
901 970 947 996 καὶ
960 970 977 1005 ὴ
994 989 1014 1017 Β

190 1015 260 1043 κατὰ
273 1017 392 1044 Μωῡσέα
408 1017 509 1043 παλαιὰ
523 1017 644 1053 Διαθήκη
658 1016 818 1052 περιῄρητο,
835 1017 903 1052 ὅπερ
915 1017 976 1052 ἐδή-

189 1061 235 1088 λου
250 1061 281 1088 τὺ
301 1062 498 1098 καταπέτασμα
520 1062 566 1089 τοῦ
579 1062 655 1095 ναοῦ,
675 1061 745 1089 κατὰ
762 1063 808 1089 τὸν
832 1062 911 1089 αὑτὸν
927 1064 976 1098 ρη-

189 1107 321 1144 γνὸμενον
343 1109 448 1145 χρόνον.
479 1108 620 1145 ’Ᾱρθείσης
644 1109 709 1143 γοῦν
732 1108 761 1141 ἐξ
783 1108 904 1140 ἐκείνου,
928 1109 975 1135 καὶ

189 1153 303 1190 δυνάμει
315 1154 363 1181 καὶ
384 1155 496 1191 ἀληθείᾳ
511 1154 709 1190 καταλυθείσης
722 1155 817 1186 θυσίας
830 1155 877 1181 καὶ
896 1163 977 1182 σπον-

188 1199 247 1235 δῆς,
261 1200 289 1226 αἱ
309 1199 378 1235 μετὰ
391 1200 477 1227 ταῦτα
489 1200 663 1235 νομιζόμεναι
678 1200 771 1227 αὐτόθι
795 1200 975 1227 ἐπιτελεῖσθαι

191 1243 282 1271 θυσίαι
295 1245 422 1272 ἄσπονδοι
435 1246 482 1272 καὶ
497 1246 599 1281 ὰνίεροι
616 1246 644 1272 ἐν
661 1245 766 1281 βεϐήλῳ
779 1245 855 1280 τόπῳ
868 1245 913 1272 καὶ
925 1246 977 1272 ὑπὸ

191 1290 312 1326 βεϐήλων
329 1291 375 1318 καὶ
394 1292 508 1327 ἀνιέρων
524 1291 710 1319 ἐπετελοῦντο.
729 1292 810 1327 Δέχου
824 1292 852 1318 δέ
869 1292 916 1318 καὶ
927 1292 976 1323 τὰς

191 1338 255 1373 περὶ
274 1337 375 1365 τούτων
399 1338 529 1374 Ἰωσήπου
558 1338 723 1374 μαρτυρίας-⁸
745 1338 845 1365 (Κατὰ
873 1338 901 1364 δὲ
928 1338 976 1373 τὴν

191 1383 296 1420 ἡμέραν
311 1383 361 1419 τῆς
377 1384 565 1420 Πεντηκοστῆς
578 1384 685 1420 νύκτωρ
699 1385 723 1411 οἱ
735 1385 817 1420 ἱερεῖς
832 1384 977 1420 παρελθόν-

189 1439 237 1463 τες
259 1431 299 1463 είς
319 1431 350 1458 τδ
369 1431 452 1467 ἱερὸν,
469 1431 562 1467 ὣσπερ
584 1431 675 1463 αὐτοῖς
699 1431 758 1463 ἔθος
780 1429 825 1467 ἦν,
842 1431 909 1467 πρὸς
926 1431 977 1463 τὰς

189 1477 371 1513 λειτουργίας,
385 1477 491 1513 πρῶτον
510 1478 558 1513 μὲν
573 1478 705 1513 κινήσεως
722 1478 823 1512 ἔφασαν
845 1477 976 1513 ἀντιλαμ-

191 1522 320 1550 6ἀνεσθαι
336 1522 384 1550 καὶ
402 1522 505 1549 κτύπου
516 1532 522 1538 ·
541 1523 609 1559 μετὰ
628 1523 656 1551 δὲ
667 1522 754 1550 ταῦτα
770 1524 862 1559 φωνῆς
876 1522 977 1559 ἁθρόας

189 1567 331 1604 λεγούσης⁸
344 1568 570 1603 Μεταϐαἰνωμεν
583 1567 728 1596 ἐντεῦθεν.
737 1578 745 1594 ι
758 1568 850 1595 Ταῦτα
866 1568 894 1594 δέ
907 1569 977 1594 ίστο-

191 1615 235 1649 ps!
248 1613 317 1649 μετὰ
326 1613 356 1640 τὸ
367 1614 452 1646 πάθος
468 1614 514 1641 τοῦ
531 1614 655 1650 Σωτῆρος
668 1613 746 1650 ἡμῶν
759 1614 910 1649 γεγονέναι.
921 1615 976 1640 Καὶ

1026 332 1067 356 est
1082 336 1136 363 quo
1153 332 1274 362 tempore
1289 326 1353 354 dum
1377 326 1421 352 ille
1437 325 1512 352 cruci
1538 324 1633 351 allixus
1649 327 1702 356 cst,
1718 323 1808 350 vclum

1025 374 1118 410 templi
1135 374 1253 401 medium
1272 376 1329 399 toto
1343 372 1451 406 penitus
1473 371 1624 398 altitudinis
1643 377 1699 398 sua:
1721 370 1809 404 spatio

1026 420 1142 447 scissum
1167 423 1219 452 est,
1238 419 1429 452 sublatumque
1450 421 1492 445 est
1514 425 1547 444 ex
1564 417 1620 448 illo.
1638 416 1664 443 vi
1680 415 1808 451 quadam.

1027 466 1081 493 Deo
1100 471 1207 501 gratum
1221 473 1254 492 ex
1278 464 1448 492 institutione
1473 463 1541 498 legis
1557 462 1721 490 sacriﬁcium
1736 465 1762 488 et
1778 460 1810 486 li-

1026 512 1112 544 batio,
1129 519 1182 547 qua
1210 511 1334 542 sublata,
1366 509 1532 537 abominatio
1557 507 1750 538 desolationis,
1767 514 1810 533 sc-

1027 557 1144 584 cundum
1156 565 1215 585 eam
1230 564 1290 592 qua:
1303 563 1375 583 nunc
1390 555 1417 582 in
1434 555 1561 583 manibus
1573 559 1625 586 est,
1640 552 1808 589 prophetiam

1028 602 1055 629 in
1071 602 1131 630 loco
1144 602 1191 629 illo
1204 606 1298 629 sacula
1313 606 1364 629 est.
1381 601 1456 634 Quod
1477 601 1499 628 si
1515 608 1563 636 pt-r
1578 600 1688 635 aliquod
1703 604 1810 634 tempus

1028 656 1188 683 permanere
1205 649 1264 676 visa
1282 653 1346 676 sunt
1360 655 1401 676 ea.
1422 655 1483 681 qua
1497 647 1530 674 ad
1552 646 1719 677 [unctionem
1733 646 1807 673 illam

1034 695 1061 721 in
1079 693 1126 721 tali
1150 694 1210 721 loco
1227 694 1373 729 pertinent,
1390 701 1444 720 non
1471 697 1562 720 tamen
1578 693 1671 724 eadem
1694 692 1810 726 amplius

1028 743 1105 775 grata
1119 739 1175 768 Deo
1191 740 1312 772 fuerunt,
1330 741 1431 775 quippe
1454 748 1516 767 cum
1543 743 1569 767 et
1584 740 1643 766 sine
1666 739 1770 773 judicio
1784 743 1812 767 et

1028 789 1125 821 prater
1153 786 1225 820 leges
1253 786 1466 814 celebrarentur.
1482 785 1562 821 ωε
1583 785 1660 812 Sicut
1677 784 1749 812 enim
1762 791 1811 810 an-

1028 836 1087 865 tea,
1103 833 1231 860 unctione
1253 832 1364 864 abolita,
1387 837 1414 859 et
1439 832 1566 867 legitimis
1586 838 1618 859 ex
1647 830 1810 859 suceedendi

1028 878 1098 905 serie
1113 878 1286 912 pontiﬁcibus
1301 882 1363 912 post
1378 877 1497 914 Hyrcani
1509 877 1647 905 interitum
1660 876 1809 911 abrogatis.

1029 923 1074 958 qui
1090 923 1202 958 posthac
1216 923 1276 951 sine
1286 923 1382 951 ordine
1394 927 1420 951 et
1433 928 1531 958 praeter
1544 923 1615 958 luges
1625 923 1660 950 ad
1671 922 1737 949 illud
1753 930 1813 949 mu—

1029 976 1081 995 nus
1102 968 1278 1000 accedebant,
1295 968 1456 996 Videbantur
1471 967 1509 994 illi
1524 967 1635 1003 quidem
1657 965 1759 1001 aliquid
1774 966 1813 992 fa-

1029 1022 1100 1045 cere,
1118 1018 1145 1041 et
1164 1018 1254 1042 tamen
1272 1014 1299 1041 id
1315 1014 1391 1041 nullo
1407 1013 1536 1041 laudabili
1556 1013 1681 1040 instituto
1697 1016 1813 1047 praesta-

1027 1060 1106 1092 bant,
1122 1064 1235 1095 propter
1244 1068 1313 1095 quos
1324 1061 1406 1088 etiam
1422 1060 1491 1087 dixit
1505 1059 1667 1095 prophetia:
1682 1067 1691 1084 ι
1709 1057 1814 1086 Peribit

1027 1107 1129 1138 unctio,
1141 1110 1167 1133 et
1177 1105 1309 1140 judicium
1327 1113 1380 1133 non
1390 1108 1432 1132 est
1447 1106 1473 1132 in
1493 1112 1524 1132 ea
1535 1125 1541 1137 ,
1559 1115 1567 1131 ι
1586 1104 1687 1132 talibus
1702 1102 1812 1130 interim

1026 1153 1117 1180 verbis
1137 1153 1305 1187 iudiciorum
1327 1153 1471 1187 legumque
1501 1151 1528 1178 in
1544 1151 1599 1179 illis
1623 1153 1809 1184 contemptum

1027 1206 1160 1226 accusans
1176 1208 1183 1226 :
1200 1198 1237 1225 ita
1251 1199 1334 1226 etiam
1349 1199 1423 1225 circa
1440 1197 1596 1225 lihationem
1610 1196 1813 1227 eLsacriﬁcium

1027 1245 1175 1280 contigisse
1194 1244 1350 1277 afﬁrmabis,
1365 1252 1426 1280 quae
1436 1248 1509 1272 recte
1523 1243 1632 1279 quidem
1645 1252 1679 1271 ex
1691 1243 1749 1278 lege
1763 1250 1814 1269 an-

1028 1297 1135 1327 tequam
1157 1291 1284 1318 Salvator
1305 1295 1401 1318 noster
1417 1292 1454 1318 sit
1476 1297 1586 1326 passus.
1603 1289 1814 1318 celebrabantur

1028 1343 1138 1375 propter
1153 1338 1281 1366 virtutem
1304 1339 1380 1366 illam
1395 1346 1455 1373 quze
1474 1338 1508 1365 ad
1523 1338 1590 1366 illud
1605 1345 1693 1373 usque
1707 1341 1815 1372 tempus

1028 1387 1079 1413 loci
1096 1386 1269 1413 sanctitatem
1289 1385 1426 1413 tuebatur.
1442 1385 1578 1413 Caeterum
1600 1389 1628 1414 et
1642 1385 1749 1413 sublata
1773 1388 1815 1411 est

1027 1432 1100 1458 illico
1115 1435 1178 1466 post
1195 1431 1269 1458 illius
1284 1431 1434 1466 perfectum
1452 1431 1561 1467 Deoque
1586 1431 1751 1460 conveniens
1771 1438 1818 1458 sa-

1028 1477 1171 1508 criﬁcium,
1191 1476 1263 1511 quod
1280 1476 1338 1511 ipse
1359 1483 1390 1504 se
1403 1475 1494 1511 ipsum
1508 1484 1560 1512 pro
1575 1476 1697 1512 peccatis
1713 1475 1817 1503 nostris

1031 1522 1139 1552 obtulit.
1154 1528 1217 1549 cum
1239 1521 1297 1557 ipse
1311 1526 1385 1550 esset
1398 1522 1444 1549 ille
1466 1531 1475 1547 ι
1496 1522 1589 1558 Agnus
1606 1522 1651 1549 Dei
1673 1521 1722 1557 qui-
1747 1520 1817 1548 tollit

1028 1571 1138 1603 peccata
1156 1567 1250 1594 mundi
1263 1567 1286 1583 "
1305 1577 1311 1595 :
1341 1577 1350 1594 ι
1364 1575 1419 1603 quo
1436 1568 1545 1604 quidem
1563 1567 1817 1596 sacriﬁciocunctis

1030 1613 1186 1640 hominibus
1200 1613 1352 1641 secundum
1367 1621 1438 1642 nova
1450 1614 1517 1643 Novi
1534 1614 1701 1642 Testamenti
1718 1615 1818 1648 myste-

191 1658 272 1686 πάλιν
282 1660 296 1686 ὸ
306 1659 385 1691 αὑτός
392 1668 469 1696 φησι,
482 1669 491 1685 ι
507 1659 623 1686 Πιλάτον
633 1659 679 1686 τὸν
687 1659 820 1694 ἡγεμόνα,
834 1669 842 1685 ι
856 1659 935 1686 αὑτὸν
945 1659 976 1695 δὴ

1031 1658 1071 1685 ria
1083 1658 1194 1690 tradita,
1209 1666 1271 1694 quae
1283 1658 1393 1687 Veteris
1405 1659 1517 1695 propria
1527 1663 1606 1687 eram
1616 1658 1724 1686 sublata
1741 1661 1816 1685 sunt.

190 1707 294 1733 ἐκεῖνον
322 1705 367 1732 τδν
393 1705 439 1732 ἐπὶ
454 1705 501 1732 τοῦ
518 1706 643 1741 Σωτῆρος
652 1704 742 1740 ἡμῶν,
755 1714 765 1730 ι
778 1704 826 1736 τὰς
839 1703 976 1740 Καίσαρος

189 1751 297 1784 εἰκόνας
309 1751 416 1788 νύκτωρ
434 1752 473 1784 είς
479 1752 510 1778 τὸ
520 1751 676 1787 ίερὸν,ὅπερ
683 1751 732 1777 οὐκ
740 1749 774 1787 ἦν
784 1750 873 1786 θέμις,
892 1750 977 1776 είσκο-

193 1798 282 1835 μίσαι,
293 1799 424 1835 μεγίστην
436 1807 465 1825 τε
476 1798 613 1834 ταραχὴν,
629 1797 743 1833 θορύϐου
755 1806 786 1823 τε
800 1797 847 1823 καὶ
858 1797 977 1828 στάσεως

191 1844 375 1881 ἐμϐεϐλῆσθαι
396 1846 453 1877 τοῖς
468 1844 616 1874 Ἰουδαίοις.
632 1854 641 1869 ι
659 1843 733 1870 Ᾱὺτὰ
747 1843 779 1879 δὴ
795 1842 881 1869 ταῦτα
894 1842 943 1869 καὶ
964 1843 978 1869 ὸ

190 1891 277 1919 Φίλων
303 1891 508 1928 συμμαρτυρεῖ,
529 1891 609 1922 «Τὰς
637 1889 757 1925 σημαίας
781 1889 893 1924 φάσκων
929 1889 978 1921 τὰς

193 1937 333 1972 βασιλικὰς
344 1937 390 1963 τδν
401 1936 515 1964 Πιλάτον
528 1935 636 1971 νύκτωρ
650 1936 678 1961 ἐν
691 1933 731 1969 τῷ
748 1933 814 1969 ἱερῷ
827 1933 977 1966 ἀναθεῖναι,

191 1983 279 2019 ἀρχήν
293 1991 323 2010 τε
337 1982 456 2009 στάσεων
471 1981 518 2009 καὶ
531 1980 677 2017 συμφορῶν
690 1979 847 2015 ἐπαλλήλων
861 1979 891 2012 ἐξ
907 1979 979 2008 ἐκεί-

191 2037 240 2055 νου
263 2029 317 2061 τοῖς
342 2028 481 2060 Ἰουδαίοις
503 2028 660 2063 συμπεσεῖν.
678 2036 687 2052 ι
701 2026 738 2053 Οὐ
780 2026 900 2054 διέλιπον
934 2025 980 2055 οὖν

191 2075 285 2102 ἔκτοτε
307 2075 338 2102 τὸ
365 2075 419 2102 πᾶν
445 2074 520 2106 ἔθνος
546 2074 593 2101 καὶ⁴
618 2073 668 2109 τὴν
699 2073 864 2110 μητρόπολιν
892 2074 981 2116 αὐτῶν

194 2119 328 2148 παντοίων
354 2119 448 2147 κακῶν
482 2118 679 2150 ἐπαναστάσεις
708 2119 761 2151 ἕως
787 2120 834 2147 τοῦ
865 2121 992 2147 ὑστάτου-

193 2167 253 2193 κατ’
274 2166 362 2193 αὐτῶν
384 2165 512 2201 πολέμου.
533 2165 582 2192 καὶ
602 2166 653 2202 τῆς
672 2165 789 2202 ἐσχάτης
812 2166 982 2202 πολιορκίας,

193 2212 255 2240 καθ’
272 2213 306 2249 ῆν
319 2213 456 2244 παντοίοις
471 2212 635 2248 ἀφανισμοῖς
645 2233 652 2246 ,
675 2213 755 2249 λιμοῦ
772 2222 802 2240 τι
823 2214 877 2240 καὶν
887 2212 980 2249 λοιμοῦ

193 2258 242 2286 καὶ
262 2259 409 2295 μαχαίρας,
424 2259 645 2296 καταποντισμοῦ
665 2259 742 2295 δίκην
755 2259 807 2286 τοῦτ
815 2260 874 2287 κατ’
885 2259 981 2286 ἀὐτῶν

193 2305 304 2341 ὀλέθρου
316 2305 526 2342 συρρεύσαντος,
543 2307 642 2338 πάντες
658 2307 917 2338 οίεκατασυστάντες
934 2303 996 2332 τοῦ⁵

1031 1704 1131 1732 Eodem
1142 1704 1216 1732 enim
1226 1708 1350 1741 tempore
1365 1710 1392 1733 et
1407 1706 1552 1733 oraculum
1566 1704 1635 1732 illud
1651 1704 1817 1738 completum

1030 1754 1094 1778 est:
1114 1760 1124 1776 ‹
1148 1750 1182 1778 Et
1208 1751 1383 1779 conﬁrmabit
1411 1755 1521 1786 pactum
1550 1750 1647 1778 multis
1667 1749 1818 1777 hebdomas

1032 1805 1097 1830 una,
1113 1802 1141 1825 et
1167 1806 1228 1834 quae
1253 1798 1286 1826 ad
1301 1797 1387 1825 Vetus
1396 1796 1601 1825 Testamentum
1617 1798 1741 1830 spectant
1753 1795 1815 1823 sub~

1032 1843 1086 1870 lata
1101 1849 1176 1873 sunt.
1194 1855 1203 1871 ι
1221 1845 1354 1872 therum
1367 1843 1477 1879 quando
1495 1840 1605 1872 tandem
1628 1849 1690 1877 quae
1712 1841 1747 1869 ad
1764 1840 1819 1868 No-

1031 1898 1095 1918 vum
1125 1891 1262 1926 pertinent
1273 1890 1479 1918 Testamentum
1496 1893 1561 1917 sunt
1576 1888 1747 1920 conﬁrmata,
1764 1887 1817 1915 nisi

1033 1943 1095 1963 cum
1111 1935 1236 1963 Salvator
1250 1943 1282 1963 ac
1295 1935 1427 1962 Dominus
1444 1938 1537 1962 noster
1554 1941 1652 1969 magno
1669 1933 1716 1960 illo
1731 1934 1772 1961 sui
1784 1933 1818 1960 ad

1034 1987 1147 2010 mortem
1171 1989 1300 2009 accessus
1328 1981 1465 2017 mysterio-
1481 1981 1636 2012 iuncturus,
1662 1987 1718 2015 qua
1740 1985 1820 2007 nocte

1034 2029 1204 2062 tradebatur,
1226 2029 1396 2056 occultarum
1422 2031 1449 2055 et
1464 2027 1498 2054 ad
1522 2027 1612 2062 ipsum
1637 2025 1818 2062 spectantium

1034 2074 1101 2101 Novi
1123 2074 1290 2102 Testamenti
1305 2074 1442 2101 rationum
1459 2073 1536 2108 signa
1553 2077 1580 2100 et
1595 2075 1674 2099 notas
1698 2071 1756 2099 suis
1777 2071 1820 2098 di-

1035 2121 1148 2156 scipulis
1166 2120 1297 2148 tradidit?
1309 2120 1406 2148 eodem
1423 2119 1497 2146 enim
1513 2123 1635 2152 tempore
1649 2121 1676 2145 et
1690 2117 1748 2144 haec
1762 2124 1821 2152 per-

1036 2166 1104 2194 I‘ccta
1120 2170 1197 2198 sunt,
1217 2169 1244 2194 et
1262 2173 1277 2193 ιι
1294 2165 1368 2194 Mose
1383 2165 1551 2200 descriptum
1569 2163 1650 2191 Vetus
1665 2162 1823 2191 Testamen-

1036 2217 1091 2239 tum
1106 2213 1244 2240 sublatum
1265 2217 1315 2244 est.
1331 2220 1413 2248 quam
1439 2220 1495 2240 rem
1511 2211 1591 2246 plane
1605 2210 1755 2238 declaravit
1776 2216 1822 2236 ve-

1034 2258 1090 2285 lum
1108 2258 1199 2293 templi
1211 2258 1281 2294 quod
1293 2266 1341 2294 per
1354 2258 1425 2286 idem
1439 2256 1678 2293 tempusscissunt
1686 2259 1738 2284 est.
1749 2255 1822 2282 Subv

1035 2305 1092 2331 lato
1117 2304 1200 2339 igitur
1217 2312 1251 2332 ex
1275 2305 1322 2332 illo
1339 2305 1479 2340 deinceps,
1494 2309 1526 2332 ch
1538 2312 1593 2332 non
1607 2304 1700 2331 minus
1714 2310 1744 2330 re
1758 2309 1820 2330 vera

193 2350 321 2387 Σωτῆρος
337 2350 416 2387 ἡμῶν
435 2350 535 2388 ἡϐηδὸν
548 2352 719 2386 ἐξεκόπησαν
728 2361 735 2367 ³
744 2353 796 2378 .ὃτε
810 2352 857 2378 καὶ¹
873 2351 912 2378 τὸ·
922 2351 979 2386 βδέ-

1036 2358 1118 2385 quam
1134 2351 1159 2379 vi
1172 2371 1180 2381 ,
1199 2351 1290 2378 soluto
1311 2351 1448 2379 sacriﬁcio
1465 2359 1499 2378 ao
1511 2351 1651 2382 libatione.
1670 2356 1730 2384 qua:
1743 2351 1821 2383 post-

191 2395 286 2432 λυγμα
304 2397 355 2432 τῆς
371 2398 539 2434 ἐρημώσεως
553 2399 601 2425 ἐπὶ
616 2398 652 2424 τὸε
663 2398 734 2434 ἱερὸν
754 2397 830 2432 ἔστη,
849 2397 863 2424 ὃ
875 2397 923 2424 καὶ
942 2397 982 2428 είς

191 2441 274 2478 δεῦρο
297 2443 444 2480 διέμεινεν,
472 2445 618 2480 ὁσημέραι.
635 2445 681 2471 ἐπὶ
702 2444 733 2470 τὸ
753 2445 843 2479 χεῖρον
864 2444 982 2479 ἐρημίας

194 2488 315 2517 ἐλαῦνον.
334 2491 416 2522 Εἰκὸς
431 2490 459 2517 δέ
475 2491 523 2517 καὶ
541 2490 685 2517 ἐπιτείνειν
699 2490 766 2516 αὐτὸ
778 2489 860 2525 μέχρι.
871 2489 920 2524 τῆς
934 2489 981 2516 τοῦ

196 2534 255 2572 βίον
267 2536 428 2568 συντελείας,
445 2536 516 2563 κατὰ
530 2537 575 2563 τὸν
592 2536 644 2562 ὑπὸ
662 2536 712 2570 τῆς
731 2536 898 2572 προφητείας
918 2536 992 2562 ἀπο-Δ

194 2581 332 2618 φανθέντα
344 2583 423 2618 ὅρον,
459 2583 602 2618 φήσαντα·
639 2591 648 2607 ι
666 2582 722 2609 Καὶ
747 2582 800 2613 ἕως
828 2581 982 2613 συντελείας

194 2627 303 2664 καιροῦ
318 2628 456 2656 συντέλεια
486 2628 628 2663 δοθήσεται
655 2628 701 2654 ἐπὶ
715 2627 764 2663 τὴν
797 2628 951 2663 ἐρήμωσιν
969 2638 990 2654 ιη,

193 2674 295 2709 ἥντινα.
313 2674 405 2710 φωνὴν
430 2673 562 2709 ὁ-Σωτὴρ
587 2673 634 2700 καὶ
652 2673 754 2709 Κύριος
781 2673 858 2709 ἡμῶν
879 2672 982 2708 Ἰησοῦς

193 2719 338 2756 ὁ-Χριστδς
360 2719 580 2755 ἐπεσφραγίσατο
594 2718 678 2745 εἰπών
687 2725 694 2732 '
725 2718 799 2744 ("01‘
818 2717 851 2745 ἂν
863 2718 895 2747 at
910 2717 982 2753 ἴδητε

194 2764 384 2801 τδ,βδάλυγμα
403 2765 453 2801 τῆς
477 2763 659 2800 ἐρημώσεως,
676 2764 706 2791 τὸ
728 2764 813 2799 ῥηθὲν
827 2763 871 2793 διὰ
885 2763 984 2800 Δανιὴλ

195 2811 243 2839 τοῦ
255 2812 407 2848 προφήτου,
421 2810 507 2843 ἑστὼς
524 2811 553 2838 ἐν
563 2810 638 2845 τόπῳ
651 2810 731 2846 ἁγίῳ.
749 2810 809 2839 τότε
822 2809 980 2844 γινώσκετε,

195 2857 238 2886 ὅτι
258 2858 372 2894 ἤγγικεν
393 2858 410 2893 ή
431 2857 570 2894 ἐρήμωσις
591 2857 686 2892 αὐτῆς.
706 2866 714 2881 ι
731 2857 762 2882 Εἰ
785 2855 813 2882 δὲ
831 2855 982 2887 δυσπίστως

232 2947 255 2965 ⁸⁸
277 2946 371 2976 Matth.
387 2955 475 2982 mn,
492 2946 536 2976 58.
566 2947 588 2964 "
607 2946 687 2976 Joan.
705 2955 732 2981 ι,
745 2945 791 2973 ‘29.

1036 2396 1087 2429 hac
1113 2396 1341 2424 existimabantur
1369 2397 1424 2425 illic
1454 2397 1547 2432 perﬁci
1579 2395 1736 2427 sacriﬁcia,
1762 2394 1822 2422 sine

1036 2442 1132 2477 gratia,
1149 2442 1232 2470 rebus
1246 2443 1339 2471 sacris.
1350 2443 1456 2475 aliena,
1473 2443 1500 2470 in
1518 2442 1633 2478 [ποίεηο
1650 2441 1710 2469 loco
1726 2448 1741 2467 a
1759 2447 1823 2474 pro-

1036 2487 1174 2515 faniseta
1192 2496 1221 2516 re
1240 2497 1318 2517 sacra
1332 2489 1430 2517 alienis
1445 2488 1667 2524 perﬁciebantur.
1687 2487 1821 2515 Caeterum

1036 2532 1079 2562 his
1093 2532 1127 2559 de
1151 2533 1232 2561 rebus
1255 2534 1340 2561 etiam.
1363 2533 1472 2569 Iosephi
1497 2532 1686 2561 testimonium
1701 2531 1794 2565 accipe
1811 2540 1820 2556 ς

1038 2588 1047 2604 ι
1066 2578 1126 2614 Ipso
1153 2583 1243 2607 autem
1267 2581 1311 2608 die
1327 2580 1504 2608 Pentecostes
1526 2583 1609 2609 noctu
1624 2578 1780 2614 sacerdotes
1794 2578 1822 2605 in

1036 2627 1166 2661 templum
1183 2627 1311 2662 ingrcssi,
1330 2628 1400 2655 sicut
1423 2628 1463 2655 eis
1486 2634 1546 2655 mos
1561 2629 1632 2659 erat,
1647 2626 1680 2653 ad
1707 2632 1821 2652 munera

1035 2671 1171 2707 obeunda,
1182 2673 1298 2708 primum
1310 2673 1418 2709 quidem
1434 2681 1464 2701 se
1477 2677 1581 2702 motum
1593 2671 1739 2708 quemdam
1754 2674 1821 2699 stre-

1036 2718 1177 2753 pitumque
1200 2719 1321 2747 sensisse
1344 2719 1482 2750 dixerunt,
1500 2718 1598 2747 deinde
1623 2724 1688 2745 vero
1703 2715 1821 2745 subitam

1037 2771 1130 2790 vocem
1153 2765 1251 2792 crebro
1270 2769 1452 2800 repetentem,
1471 2764 1613 2800 Migremus
1635 2763 1704 2790 hinc.
1731 2771 1740 2788 ι
1760 2761 1823 2789 llaec

1036 2813 1126 2837 autem
1142 2810 1187 2838 ille
1210 2812 1307 2839 scribit
1327 2811 1398 2838 facta
1415 2819 1476 2839 esse
1489 2815 1552 2846 post
1564 2810 1718 2838 Salvatoris
1733 2811 1821 2835 nostri

1038 2861 1162 2884 mortem.
1176 2855 1284 2885 Rursus
1295 2850 1370 2885 idem
1381 2858 1417 2884 ait
1431 2867 1436 2884 :
1448 2867 1456 2883 ‹
1471 2856 1588 2885 Pilatum
1603 2856 1773 2892 praesidem.»
1788 2853 1826 2890 ipv
