2089 3218
301 185 351 215 63⁸1

302 255 364 274 sum
380 247 473 281 utique
483 246 558 274 illum
567 246 614 281 qui
626 251 748 282 tempore
759 246 910 274 Salvatoris
920 247 1007 274 nostri
1019 254 1089 281 prae-
1103 264 1125 291 Α

302 292 364 324 fuit,
379 301 389 318 ι
402 295 482 320 noctu
491 292 518 319 in
529 291 657 327 templum
671 296 767 319 contra
774 291 815 319 fas
829 292 962 327 imagines
971 291 1088 320 Caesaris

301 338 437 370 intulisse,
449 337 529 373 403
541 346 722 372 magnamque
734 338 963 373 perturbationem
975 340 1087 367 seditio-

302 384 344 411 nis
366 389 446 418 alque
459 384 593 411 tumultus
607 383 708 410 .ludzeis
725 384 864 419 injecissc.
883 394 891 410 ι
910 385 1009 412 Eadem
1031 385 1086 412 haec

300 431 381 457 etiam
406 430 484 458 Philo
506 430 661 461 conlinunt,
679 431 725 465 qui
750 432 787 458 ait
805 440 812 458 :
838 431 936 467 Hegias
955 432 1086 467 imagines

301 475 418 504 Pilatum
435 481 520 504 noctu
536 477 562 503 in
584 477 685 512 templo
703 477 820 509 dicasse,
835 478 996 512 initiumque
1011 479 1085 506 sedi-

300 523 403 550 tionum
426 527 453 551 et
470 528 625 551 mutuarum
654 525 723 551 inter
750 524 824 559 ipsos
840 525 1036 557 calamitatum.
1051 533 1085 552 ex

299 569 346 596 illo
361 567 462 596 Iudaeis
477 569 622 597 accidisse.
640 569 699 596 Non
718 569 858 597 desierunt
884 577 948 605 ergo
972 570 1085 605 posthac

297 621 358 648 quae
370 614 523 641 universam
538 618 644 649 gentem
659 614 871 649 eorumdemque
881 616 1029 650 principem
1045 616 1084 642 ci-

298 660 408 688 vitatem
433 660 594 688 invaderent
612 661 701 688 omnis
718 661 826 696 generis
842 662 924 692 mala,
943 670 1028 696 usque
1050 662 1082 689 ad

300 705 426 732 ultimum
443 706 510 732 illud
523 705 595 741 quod
612 711 706 732 contra
722 706 783 733 illos
796 710 899 741 gestum
914 711 956 733 est
970 707 1080 736 bellum,

296 753 502 784 extremamque
509 750 581 777 illam
589 750 767 781 obsidionem,
777 751 802 777 in
813 758 866 785 qua
873 750 962 777 omnis
974 751 1081 785 generis

296 795 531 824 internecionibus
544 816 551 827 ,
569 802 595 823 et
612 796 690 824 famis
714 802 740 823 et
760 797 932 832 pestilentiae,
946 800 971 823 et
988 797 1079 831 gladii,

296 849 357 869 cum
369 842 503 878 pernicies
514 842 645 870 adversus
653 850 700 870 eos
708 843 802 870 diluvii
812 842 899 870 instar
915 842 1062 870 conﬂueret
1072 863 1078 873 ,

296 896 392 915 omnes
400 889 555 923 quicunque
561 889 692 916 adversus
700 888 866 916 Salvatorem
881 893 1003 915 nostrum
1014 896 1079 915 con-

622 186 756 215 EUSEBll
773 167 1015 215 C/ESiXBlENSlS
1034 187 1109 215 OPP.
1132 187 1224 215 PARS
1243 187 1273 214 li.
1291 204 1326 208 —
1344 186 1593 217 APOLOGETICA.

1871 190 1922 218 632

1139 247 1208 283 πρὸς
1221 247 1308 278 ταῦτα
1318 246 1405 283 ἔχοιεν
1415 248 1441 274 oi.
1455 248 1487 274 ἐκ
1500 247 1658 284 περιτομῆς,
1673 247 1811 282 ἐλεγκτέον
1823 247 1920 278 αὐτοὺς

1141 293 1178 328 μὴ
1198 293 1277 328 μόνον
1291 293 1408 325 ἀναιδῶς
1426 293 1494 329 πρὸς
1510 293 1544 320 τὰ
1560 293 1646 330 ἀληθῆ
1665 293 1712 321 καὶ
1729 293 1830 329 ἐναργῆ
1847 293 1922 321 ιστα-

1140 339 1253 374 μὲνους,
1279 339 1347 366 ἀλλὰ
1370 340 1417 366 καὶ
1443 339 1493 371 τὰς
1517 340 1682 376 προρρήσεις
1700 339 1738 370 ὡς
1748 338 1869 374 ψευδεῖς.
1891 339 1921 366 τὸ

1137 385 1197 411 ὅσον
1222 385 1265 411 ἐπ’
1289 386 1395 417 αὐτοῖς,
1427 384 1635 417 διαϐάλλοντας,
1667 385 1723 419 εῑγε
1747 385 1774 411 αἱ
1804 385 1852 419 μὲν
1881 385 1920 417 εἰς

1136 431 1319 466 ὲὸδομήκοντα
1339 432 1486 467 ἑϐδομάδας
1500 431 1566 458 ἐτῶν
1577 432 1623 458 τὸν
1638 431 1725 458 πάντα
1736 430 1920 466 περιορίζουσι

1136 477 1240 512 χρόνον,
1257 477 1290 504 τὰ
1305 478 1333 503 ἐν
1348 478 1387 512 τῷ
1404 477 1504 513 μεταξὺ
1525 477 1717 512 συμϐησόμενα
1734 476 1918 508 θεσπίζουσαν

1136 523 1163 549 αἱ
1185 523 1223 554 δὲ,
1245 524 1335 558 σχεδὸν
1351 523 1400 558 ἤδη
1418 523 1552 558 χιλιοστοῦ
1576 523 1651 555 ἔτους
1672 522 1725 549 ἀπὸ
1745 522 1796 556 τῆς
1813 529 1919 557 προφη-

1135 568 1208 600 τείας
1230 569 1276 595 καὶ
1295 569 1334 600 εἰς
1350 569 1423 604 ἡμᾶς
1443 568 1611 599 ἐλαύνοντος,
1635 568 1709 594 οὐδὲν
1726 567 1778 594 τῶν
1795 574 1920 602 γεγραμ-

1136 613 1223 648 μένων
1239 614 1348 648 γεγονὸς
1365 613 1575 644 ἐπιδείκνυνται,
1591 613 1677 639 καίτοι
1688 611 1919 648 ἐξολοορευθέντθς

1134 659 1222 685 αὐτῶν
1246 659 1292 686 τοῦ
1311 660 1477 695 χρίσματος,
1498 658 1568 686 κατὰ
1593 658 1641 694 τὴν
1663 658 1736 685 Θείαν
1757 657 1916 693 πρόρρησιν,

1134 703 1236 730 καὶτοῦ
1252 704 1422 739 ἁγιάσματος
1441 704 1539 736 αὐτῶν,
1554 704 1602 730 καὶ
1623 703 1675 730 τῶν
1689 703 1752 738 πρὶν
1769 702 1918 738 οἰκητόρων

1132 750 1334 785 διαφθαρέντων
1358 751 1405 777 καὶ
1424 750 1593 776 ἐκκοπέντων
1611 751 1639 776 ἐν
1660 748 1844 783 κατακλυσμῷ
1868 756 1918 774 που

1132 796 1214 831 λέμου
1231 805 1363 832 συντετμη
1370 796 1448 831 μένου
1464 797 1634 832 ἀφανισμοῖς,
1650 796 1694 822 καὶ
1707 795 1753 821 τοῦ
1766 804 1797 829 γε
1811 795 1916 822 πάντων

1133 842 1347 877 παραδοξοτάτου
1374 842 1456 868 εἰσέτι
1481 841 1527 868 νῦν
1553 841 1646 869 αὐτόοι
1671 841 1823 876 ὁρωμένου·
1847 840 1917 873 λέγω

1131 887 1162 923 δὴ
1178 887 1223 914 τοῦ
1240 887 1421 923 βδελύγματος
1438 888 1486 923 τῆς
1506 887 1672 923 ἐρημώσεως
1687 888 1725 917 εἰς
1739 885 1818 921 δεῦρο
1834 885 1917 914 ἑστῶ-

296 932 475 967 spiraverant,
491 934 679 969 cujuscunque
689 935 887 967 essentaetatis,
900 935 982 962 excisi
995 940 1058 962 sunt
1071 944 1076 962 :

1131 942 1176 965 τος
1190 934 1218 959 ὲν
1232 933 1271 968 τῷ
1286 933 1350 969 πρὶν
1366 934 1436 969 ἁγίῳ
1448 933 1536 969 τόπῳ,
1552 933 1617 968 περὶ
1628 931 1658 960 οὗ
1673 933 1721 959 καὶ
1734 933 1747 960 ό
1761 931 1856 967 Σωτὴρ
1870 930 1917 958 καὶ

294 986 348 1014 quo
361 986 426 1006 sane
438 983 559 1014 tempore
571 980 652 1007 etiam
667 980 845 1008 desolationis
854 981 926 1008 illius
939 981 1078 1008 abomina-

294 1025 332 1052 tio
343 1025 369 1052 in
386 1026 486 1060 templo
496 1027 649 1057 constituit.
660 1035 720 1061 quae
737 1027 846 1062 quidem
859 1027 892 1054 ad
905 1028 977 1054 hunc
993 1035 1078 1061 usque

293 1070 364 1097 diem
382 1072 532 1106 permansit
552 1072 667 1107 singulis
681 1073 777 1100 diebus
794 1073 821 1102 in
837 1072 999 1100 deteriorem
1013 1072 1078 1099 soli-

293 1118 414 1147 tudinem
429 1125 572 1147 corrueus.
596 1119 650 1146 Par
668 1123 758 1146 autent
775 1124 817 1146 est
833 1127 892 1146 eam
917 1118 1009 1146 itidem
1031 1127 1077 1146 usv

292 1171 344 1197 que
368 1163 400 1190 ad
424 1164 487 1192 vitae
511 1165 774 1192 consummationem
803 1165 973 1195 duraturam,
998 1164 1075 1198 juxta

291 1208 436 1241 terminum
451 1217 531 1244 quem
548 1210 692 1244 prophetia
709 1210 886 1241 iudicaverat,
899 1210 952 1236 illis
964 1210 1073 1237 verbis:

292 1263 303 1280 ι
322 1253 353 1280 Et
368 1263 454 1288 usque
468 1255 501 1282 ad
519 1256 783 1283 consummationem
801 1256 933 1290 temporis
945 1264 1076 1283 consum-

290 1299 373 1329 matio
389 1299 498 1330 dabitur
518 1300 544 1327 in
569 1301 757 1333 solitudinem,
777 1310 787 1327 ›
803 1308 884 1335 quam
902 1308 995 1328 vocem
1015 1301 1076 1328 Sal-

289 1349 368 1372 vator
381 1353 414 1373 ac
435 1345 566 1374 Dominus
582 1351 675 1375 noster
696 1346 777 1374 Jesus
792 1346 918 1374 Christus
933 1347 1011 1382 quasi
1035 1347 1074 1375 si-

287 1399 342 1426 gno
370 1391 503 1426 impresso
527 1392 699 1419 conﬁrmavit
726 1393 821 1420 dicens
840 1402 846 1419 :
866 1402 875 1418 ι
898 1392 966 1420 Cum
983 1397 1072 1420 autent

291 1437 411 1465 videritis
426 1438 656 1466 ahominationem
670 1439 858 1471 desolationis,
871 1447 932 1474 qua:
946 1435 1020 1466 dicta
1032 1443 1074 1466 est

289 1492 336 1518 per
352 1483 488 1511 Danielem
508 1484 664 1519 prophetam
686 1489 802 1512 stantem
824 1485 850 1511 in
875 1485 935 1512 loco
951 1490 1070 1512 sancto:

287 1533 353 1556 tunc
364 1530 461 1556 scitote
472 1530 543 1563 quod
557 1530 786 1564 appropinquavit
797 1530 931 1557 desolatio
942 1530 1001 1565 ejus
1013 1531 1045 1557 θ’.
1059 1540 1068 1556 ι

287 1575 365 1608 Quod
379 1576 402 1605 si
416 1574 502 1602 Judaei
518 1583 571 1605 nun
584 1577 695 1604 credere
709 1585 738 1604 se
751 1576 803 1604 ista
818 1577 1011 1611 respondeant,
1027 1584 1071 1604 ar-

286 1621 385 1656 guendi
409 1626 473 1649 sunt
491 1626 619 1656 tanquam
636 1622 664 1654 ii,
679 1622 726 1657 qui
740 1630 800 1650 .non
817 1624 904 1650 solum
928 1624 1071 1662 itnpuden-
1085 1617 1106 1645 (ἶ

286 1672 328 1695 ter
348 1668 432 1696 rebus
446 1669 517 1696 veris
531 1676 563 1695 ac
575 1669 728 1698 manifestis
744 1674 904 1705 repugnent,
923 1670 970 1697 sed
985 1670 1067 1697 etiam

283 1714 412 1746 vaticinia
429 1722 478 1742 sua
491 1718 519 1742 ut
532 1714 609 1748 falsa,
623 1720 754 1750 quantum
768 1716 794 1742 in
808 1716 875 1750 ipsis
886 1719 939 1748 est,
964 1716 1069 1743 calum-

285 1761 404 1791 nientur,
432 1760 455 1788 si
477 1761 522 1788 illa
545 1761 654 1796 quidem
669 1761 696 1788 in
712 1769 763 1788 ιη
773 1769 906 1788 annorum
922 1762 1068 1789 hebdoma-

283 1807 332 1835 das
353 1808 509 1836 universum
526 1812 631 1842 tempus
655 1808 809 1838 includunt,
825 1808 889 1834 dum
907 1815 967 1842 quae
985 1808 1068 1835 inter-

283 1854 375 1881 medio
389 1858 511 1890 tempore
534 1858 664 1881 eventura
689 1858 753 1881 sunt
772 1854 896 1881 divinant
911 1863 917 1881 :
934 1854 983 1888 ipsi
1005 1862 1069 1881 vero

285 1906 347 1927 cum
362 1898 417 1934 jam
431 1900 466 1927 ab
482 1899 539 1934 ipsa
551 1900 691 1934 prophetia
704 1908 790 1935 usque
801 1899 833 1926 ad
846 1908 897 1927 nos
913 1907 995 1934 prope
1009 1900 1070 1926 mil-

283 1945 395 1973 lesimus
408 1949 504 1980 agatur
514 1953 613 1977 annus,
630 1946 697 1973 nihil
710 1954 804 1973 eorum
821 1954 881 1980 quae
893 1946 994 1980 scripta
1007 1950 1069 1972 sunt

283 1991 384 2018 factum
397 1999 457 2019 esse
473 1992 672 2024 demonstrant,
692 1993 801 2020 tametsi
824 1993 944 2027 ipsorqu
964 1992 1068 2023 unctio,

281 2041 312 2064 ut
342 2037 463 2064 divinant
491 2038 654 2072 praedixerat
679 2039 830 2081 oraculum,
853 2038 941 2065 deleta
970 2042 1022 2069 est,
1043 2042 1070 2065 et

1130 978 1231 1014 Κύριος
1249 978 1327 1014 ἡμῶν
1340 978 1389 1010 τὰς
1406 978 1563 1011 ὲκτεθείσας
1585 978 1725 1014 προήκατο
1746 976 1846 1011 φωνάς.
1866 974 1916 1003 Ὧν

1130 1024 1222 1058 σαφῶς
1242 1025 1289 1051 ὑπ’
1310 1024 1460 1060 ὀφθαλμοῖς
1487 1024 1632 1060 ὁρωμένων
1662 1025 1726 1059 ἡμῖν
1749 1023 1832 1049 εἰσέτι
1856 1021 1914 1053 νῦν,

1129 1071 1267 1106 θαυμάσαι
1282 1070 1340 1097 ἐστι
1357 1071 1420 1102 τοὺς
1437 1072 1468 1097 ἐκ
1489 1071 1656 1106 περιτομῆς,
1672 1070 1720 1105 οὐχ
1735 1069 1821 1100 οὕτως
1842 1068 1914 1096 ἀντι-

1129 1117 1238 1143 ϐλέπειν
1254 1118 1310 1148 τοῖς
1322 1118 1446 1152 ἐναργέσι
1461 1117 1626 1152 τολμῶντας,
1641 1117 1701 1143 ὅσον
1714 1115 1914 1147 ἁϐλεπτοῦντας

1128 1165 1174 1191 καὶ
1193 1164 1241 1199 τὴν
1260 1164 1378 1190 διάνοιαν
1407 1163 1623 1198 ὲσκοτωμένους,
1651 1162 1718 1197 πρὸς
1735 1161 1764 1188 τὺ
1790 1161 1827 1197 μὴ
1847 1161 1913 1196 ὁρᾷν

1127 1211 1158 1237 τὰ
1177 1209 1248 1236 οὕτω
1271 1210 1344 1245 σαιρῆ
1365 1210 1410 1236 καὶ
1429 1209 1529 1244 ἐναργῆ
1550 1209 1603 1235 τῶν
1621 1208 1700 1234 Θεὶων
1715 1207 1830 1243 Γραφῶν
1847 1207 1913 1233 ἀπο-

1125 1256 1292 1291 τελέσματα·
1318 1256 1332 1282 ὃ
1354 1256 1401 1282 καὶ
1425 1255 1574 1282 πεπόνῦασι
1598 1254 1667 1281 κατὰ
1687 1253 1735 1289 τὴν
1760 1254 1800 1284 εἰς
1815 1253 1911 1284 αὐτοὺς

1127 1301 1314 1338 πληρωθεῖσαν
1331 1303 1382 1328 κάν
1402 1301 1488 1336 τούτῳ
1507 1300 1553 1327 τοῦ
1573 1300 1682 1326 Ἡσαΐου
1708 1299 1809 1334 φωνὴν,
1825 1298 1858 1324 δι’
1878 1295 1912 1334 ἦς

1125 1349 1267 1377 ἐθέσπισεν
1286 1349 1386 1379 αὐτοῖς,
1411 1348 1509 1374 εἰπών’
1534 1348 1629 1382 «Ἀκοῇ
1652 1346 1781 1373 ἀκούσετε
1793 1367 1800 1377 ,
1818 1345 1865 1371 καὶ
1880 1345 1910 1371 οὺ

1127 1395 1163 1430 μὴ
1180 1394 1289 1430 συνῆτε,
1302 1395 1349 1421 καὶ
1366 1394 1508 1429 βλέποντες
1522 1393 1643 1428 βλέψετε,
1659 1392 1705 1418 καὶ
1724 1393 1753 1418 οὑ
1769 1392 1806 1427 μὴ
1822 1391 1909 1426 ἴδητε·

1125 1440 1262 1476 ἐπαχύνθη
1281 1439 1335 1476 γὰρ
1355 1441 1371 1474 ὴ
1388 1439 1485 1475 καρδία
1505 1439 1552 1465 τοῦ
1568 1438 1633 1465 λαοῦ
1653 1438 1764 1465 τούτου·
1788 1437 1834 1463 καὶ
1857 1438 1910 1468 τοῖς

1124 1487 1190 1513 ὠσὶν
1217 1486 1307 1513 αὐτῶν
1329 1486 1434 1521 βαρέως
1457 1487 1585 1521 ἤκουσαν,
1606 1485 1652 1511 καὶ
1674 1485 1736 1515 τοὺς
1755 1482 1909 1517 ὀφθαλμοὺς

1123 1532 1212 1561 αὐτῶν
1237 1533 1413 1567 ἐκάμμυσαν,
1440 1533 1544 1567 μήποτε
1569 1531 1643 1558 ἴδωσι
1670 1532 1725 1561 τοῖς
1749 1529 1907 1565 ὀφθαλμοῖς,

1123 1580 1170 1606 καὶ
1184 1579 1249 1605 ὠσὶν
1263 1578 1410 1611 ἀκούσωσι,
1425 1579 1471 1605 καὶ
1488 1580 1524 1614 τῇ
1537 1577 1635 1613 καρδίᾳ
1651 1577 1761 1608 συνῶσι,
1781 1576 1827 1602 καὶ
1845 1576 1907 1603 ἔπι-

1124 1624 1269 1660 στρέψωσι,
1297 1624 1344 1651 καὶ
1368 1624 1485 1658 ὶάσωμαι
1512 1623 1620 1654 αὐτούς.
1646 1632 1654 1647 ι
1689 1621 1757 1648 Ἀλλ’
1779 1620 1839 1647 ἐπεὶ
1861 1621 1908 1647 καὶ

1123 1672 1186 1706 περὶ
1201 1670 1254 1697 τῶν
1276 1669 1494 1697 πεπιστευκότων
1516 1668 1600 1695 ἐθνῶν
1617 1670 1656 1700 εἰς
1672 1668 1717 1695 τὸν
1733 1666 1849 1703 Χριστὸν
1860 1665 1907 1693 τοῦ

1123 1716 1189 1743 Θεοῦ
1212 1716 1294 1743 πάλαι
1314 1716 1445 1751 πρότερον
1467 1715 1570 1751 εἴρητο⁸
1598 1724 1607 1740 ι
1626 1712 1673 1746 Οἷς
1699 1714 1748 1740 ουκ
1769 1712 1906 1749 ἀνηγγέλη

1123 1762 1188 1797 περὶ
1216 1761 1298 1788 αὐτοῦ
1312 1781 1318 1793 ,
1344 1761 1469 1795 ὄψονται,
1497 1761 1543 1786 καὶ
1564 1760 1588 1786 οἳ
1611 1760 1660 1786 οὐκ
1680 1758 1823 1794 ἀκηκόασι,
1846 1766 1907 1783 συν-

1122 1809 1228 1844 ήσουσι,
1244 1810 1276 1844 τῇ
1294 1808 1375 1836 αὑτοῦ
1390 1809 1481 1844 χάριτι
1494 1808 1540 1836 καὶ
1548 1809 1580 1843 τῇ
1594 1807 1640 1833 τοῦ
1653 1806 1810 1841 πέμψαντος
1827 1804 1907 1831 αὑτὸν

1120 1856 1255 1891 Πατέρος,
1271 1865 1279 1880 ι
1298 1856 1378 1890 ἡμεῖς
1392 1864 1421 1881 τε
1438 1855 1509 1881 κατὰ
1522 1855 1551 1881 τὸ
1563 1854 1673 1880 δυνατὸν
1689 1853 1723 1879 τὰ
1733 1852 1851 1886 φανέντα
1867 1852 1907 1882 εἰς

1119 1902 1182 1933 τοὺς
1197 1901 1295 1932 τόπους
1312 1902 1472 1936 εἰρήκαμεν,
1488 1901 1534 1927 καὶ
1547 1900 1581 1926 τὰ
1596 1899 1634 1935 τῷ
1652 1899 1704 1934 πρὸ
1718 1898 1795 1933 ἡμῶν
1814 1898 1907 1932 Ἀφρι-

1121 1947 1193 1982 κανῷ
1215 1947 1392 1982 εὐγνωμόνως
1414 1947 1526 1980 δόξαντα
1551 1945 1763 1981 παρεθήκαμεν,
1789 1944 1906 1978 ἐχόμενα

1119 1993 1165 2019 καὶ
1196 1992 1265 2019 αὐτὰ
1289 1992 1449 2027 ἁκριόείας’
1479 1991 1539 2020 ὂῡεν
1565 1991 1612 2018 καὶ
1635 1991 1726 2021 αὐτοῖς
1751 1989 1788 2021 ὡς
1815 1988 1905 2020 καλῶς

1118 2038 1209 2072 ἔχουσι
1228 2038 1370 2073 χρηστέον.

282 2089 406 2111 sanctum
422 2086 579 2112 eorumdem
593 2093 645 2113 una
657 2093 718 2112 cum
733 2086 871 2121 prioribus
903 2086 1001 2114 incolis
1029 2086 1208 2120 disperditum
1224 2090 1306 2120 atque
1322 2085 1444 2112 excisum
1465 2086 1492 2112 in
1511 2084 1614 2112 diluvio
1629 2084 1691 2112 belli
1710 2083 1844 2111 contracti
1862 2083 1905 2110 in-

280 2131 494 2164 ternecionibus,
506 2135 533 2158 et
548 2132 575 2158 in
586 2139 619 2160 eo
633 2133 692 2159 loco
706 2133 795 2160 adhuc
804 2133 937 2165 cernitur,
952 2133 977 2161 id
993 2133 1064 2168 quod
1095 2133 1216 2160 omnium
1250 2132 1457 2160 admirationem
1473 2136 1602 2167 superat:
1616 2132 1677 2159 dico
1693 2136 1783 2160 autem
1801 2131 1904 2159 abomi-

280 2177 418 2205 nationem
427 2177 603 2210 desolationis
614 2178 703 2205 adhuc
714 2182 786 2206 stare
799 2186 832 2205 eo
845 2178 873 2205 in
886 2179 946 2206 loco
960 2179 1007 2213 qui
1022 2183 1101 2206 antea
1113 2182 1226 2206 sanctus
1236 2182 1305 2211 erat,
1315 2186 1370 2213 qua
1385 2179 1418 2205 de
1426 2186 1455 2205 re
1466 2179 1547 2205 etiam
1575 2178 1699 2206 Salvator
1711 2187 1744 2206 ac
1771 2178 1902 2206 Dominus

279 2227 375 2250 noster
392 2224 514 2258 exposita
538 2232 626 2259 nuper
653 2225 735 2252 verba
759 2225 922 2251 enuntiavit.
937 2224 1002 2257 Quae
1016 2225 1124 2260 quidem
1139 2233 1183 2252 res
1195 2232 1257 2252 cum
1288 2224 1447 2258 planissime
1463 2225 1515 2252 sub
1528 2226 1624 2254 oculos
1635 2226 1713 2253 nobis
1740 2225 1822 2262 m
1836 2226 1903 2253 sub-

277 2270 356 2306 jectae
366 2270 432 2302 sint,
447 2274 529 2305 atque
543 2271 624 2299 etiam
638 2279 711 2299 nunc
724 2276 881 2304 cernantur,
896 2270 1004 2298 Iudaeos
1018 2271 1147 2299 admirari
1160 2278 1249 2306 operm
1265 2271 1382 2305 pretium
1396 2275 1449 2303 est,
1467 2279 1521 2298 non
1537 2276 1590 2312 tam
1621 2272 1694 2307 quod
1725 2273 1858 2300 adversus
1871 2281 1903 2301 ea

279 2327 340 2355 qua:
351 2319 386 2346 ita
396 2319 540 2354 perspicua
550 2319 763 2347 suntinteudere
776 2320 870 2347 oculos
880 2320 1008 2352 audeant,
1035 2328 1116 2356 quam
1131 2320 1204 2355 quod
1234 2321 1271 2347 ita
1283 2320 1410 2355 caligent,
1429 2328 1577 2355 eorumque
1596 2329 1673 2349 mens
1692 2321 1729 2349 ita
1750 2321 1903 2349 involvatur

278 2367 410 2399 tenebris,
424 2370 454 2394 ut
466 2375 522 2394 non
537 2367 647 2395 videant
661 2376 704 2399 ea,
715 2376 775 2403 qua:
788 2373 842 2395 tam
857 2369 929 2395 clara
945 2374 1054 2405 tamque
1072 2369 1207 2397 evidentia
1222 2372 1286 2396 sunt
1312 2368 1465 2395 divinarum
1495 2367 1700 2404 Scripturarum
1713 2375 1818 2403 eventa,
1828 2369 1901 2405 quod

278 2414 388 2450 quidem
412 2414 453 2442 eis
478 2415 626 2445 secundum
649 2416 723 2443 illam
741 2415 817 2444 Isaiae
833 2424 938 2450 vocem,
953 2424 1014 2451 quae
1033 2417 1060 2443 in
1080 2417 1131 2444 hoc
1143 2423 1251 2450 quoque
1265 2415 1398 2443 adversus
1413 2416 1474 2442 illos
1501 2415 1634 2450 completa
1666 2421 1717 2446 est,
1732 2416 1840 2448 accidit,
1853 2415 1900 2443 ubi

278 2461 363 2488 utitur
383 2462 436 2489 illis
448 2462 539 2490 verbis
556 2471 562 2488 :
582 2472 591 2488 ‹
612 2462 713 2490 Auditu
728 2462 862 2495 audietis,
879 2467 905 2490 et
940 2471 993 2491 non
1015 2462 1170 2498 intelligetis
1188 2471 1194 2489 :
1212 2466 1240 2489 et
1257 2462 1394 2489 intuentes
1429 2461 1613 2492 intuebimini,
1637 2464 1664 2489 et
1679 2469 1733 2489 non
1754 2461 1899 2494 videbitis;

276 2517 401 2537 crassum
418 2511 491 2538 enim
508 2511 609 2538 factum
624 2515 666 2539 est
683 2519 731 2538 cur
748 2511 840 2546 populi
855 2511 936 2546 hujus
954 2521 959 2538 :
985 2515 1012 2538 ct
1033 2511 1148 2539 auribus
1172 2510 1230 2537 suis
1250 2510 1369 2545 graviter
1400 2510 1556 2540 audierunt,
1573 2513 1600 2536 et
1615 2509 1710 2536 oculos
1744 2516 1808 2536 suos
1827 2509 1903 2536 clau-

276 2560 382 2588 serunt,
399 2565 432 2584 ne
455 2558 564 2592 quando
587 2557 697 2585 videant
717 2558 815 2591 oculis,
833 2562 860 2586 et
883 2559 996 2585 auribus
1012 2558 1135 2589 audiant,
1150 2562 1177 2584 et
1193 2557 1275 2584 corde
1308 2556 1471 2591 intelligant,
1489 2559 1516 2583 et
1546 2559 1750 2587 convertantur,
1768 2559 1795 2584 et
1806 2562 1900 2583 sanem

275 2611 324 2630 cos
339 2604 389 2631 θ’.»
413 2604 464 2632 Sed
482 2606 610 2640 quoniam
625 2605 658 2633 de
673 2606 799 2641 gentibus
813 2614 874 2641 quae
888 2606 915 2633 in
932 2606 1011 2633 [idem
1031 2605 1134 2632 Christi
1146 2605 1193 2633 Dei
1209 2608 1343 2632 venerunt
1361 2604 1425 2631 olim
1457 2604 1534 2638 prius
1548 2603 1651 2630 dictum
1682 2603 1790 2631 fuerat:
1806 2612 1817 2629 ι
1835 2603 1902 2638 Qui-

277 2650 328 2678 bus
347 2652 500 2679 nuntiatum
518 2661 571 2680 non
586 2657 627 2680 est
645 2653 677 2679 de
692 2652 749 2684 illo,
766 2654 783 2681 ii
798 2653 939 2684 videbunt,
958 2656 985 2679 et
996 2652 1041 2687 qui
1055 2659 1109 2678 non
1138 2651 1293 2683 audierunt,
1307 2651 1323 2677 ii
1346 2650 1497 2686 intelligent
1506 2651 1540 2683 “,
1560 2660 1569 2677 ι
1591 2659 1641 2679 nos
1656 2651 1720 2679 item
1733 2650 1807 2678 illius
1820 2654 1902 2685 atque

276 2695 347 2729 eius,
364 2698 409 2730 qui
424 2697 498 2723 misit
515 2698 601 2729 illum,
614 2697 704 2726 Patris
716 2698 861 2730 beneficio,
878 2706 927 2733 pro
945 2698 1059 2729 viribus,
1079 2705 1140 2731 qua:
1159 2697 1217 2724 visa
1238 2700 1302 2723 sunt
1335 2697 1449 2724 dicenda
1465 2697 1494 2724 in
1526 2696 1576 2724 hos
1597 2696 1671 2724 locos
1690 2697 1746 2732 jam
1771 2695 1900 2728 diximus,

278 2747 384 2767 necnon
406 2749 465 2776 quae
487 2742 615 2769 Africano
646 2744 795 2778 superioris
809 2744 898 2770 aetatis
922 2743 982 2769 viro
1016 2747 1080 2770 sunt
1098 2743 1166 2774 visa,
1188 2742 1226 2769 illi
1248 2741 1299 2777 ipsi
1316 2747 1426 2778 accepta
1450 2742 1600 2770 referentes
1633 2743 1822 2778 apposuimus,
1841 2749 1904 2779 qua)

278 2789 335 2822 ipsa
361 2795 469 2822 quoque
492 2788 633 2824 diligenter
659 2794 740 2825 atque
762 2794 889 2817 accurate
910 2789 1060 2824 excogitata
1082 2793 1144 2816 sunt
1164 2797 1169 2813 ε
1187 2797 1270 2828 quare
1283 2789 1336 2817 illis
1352 2794 1379 2816 ut
1396 2790 1465 2817 bene
1482 2789 1600 2818 inventis
1610 2790 1662 2818 erit
1672 2789 1814 2818 utendum.

313 2883 336 2898 "
355 2882 421 2910 Luc.
439 2865 502 2916 tm,
519 2884 580 2912 20.‘
602 2885 624 2901 ’³
645 2886 694 2913 lsa.
713 2895 756 2920 vi,
776 2887 817 2916 l0.
857 2887 880 2904 ”
899 2886 978 2915 Rom.
996 2895 1046 2922 xv,
1061 2887 1107 2916 21.
