2089 3218
219 214 271 242 635

224 272 292 300 Ἀπὸ
323 270 375 298 τοῦ
401 271 691 305 Μιχαία-Σημεῖα
723 272 842 306 χρόνων
870 270 923 306 τῆς

254 307 363 341 Κυρίου
381 307 425 340 εις
445 306 620 341 ἀνθρώπους
640 306 769 334 καθόδου
790 306 860 333 τάδε
880 307 1004 334 ἔσεσθαι

253 344 270 370 ό
280 339 437 376 έροφήτης
456 339 599 373 θεσπίζει·
614 342 783 374 καθαίρεσιν
796 341 932 376 παντελῆ
946 341 1005 368 τῶν

252 377 332 417 παρᾲ
347 376 503 417 Ἰουδαίοις
517 376 646 417 οςεμνῶν,
663 376 937 417 ἐθνῶνΑεξπίτ-γωσιϊ
949 376 1004 417 τοῦ

252 411 332 447 παρὰ
353 412 419 444 τοῖς
439 411 606 445 προφήταις
616 412 902 447 ,καταπαυομένου
916 411 1001 445 Θεοῦ,

250 446 376 483 εἰρήνην
391 446 566 481 βαθυτάτην
580 446 772 474 πάντων-τῶν
787 447 892 477 ἐθνῶν.

255 515 264 532 ι
275 504 431 536 Ἀκούσατε,
454 503 514 530 λαοὶ
538 504 637 535 πάντες
649 525 656 536 ,
682 505 729 531 καὶ
748 505 904 541 προσεχέτω
921 506 937 541 ὴ
953 505 1001 540 γῆ.

216 551 262 578 καὶ
284 550 384 581 πάντες
408 549 433 575 οἱ
451 549 480 574 ἐν
497 549 578 584 αὑτῇ,
595 549 641 575 καὶ
663 548 737 575 ἔσται
752 549 852 585 Κύριος
878 550 941 585 ὑμῖν
963 550 1002 581 εἰς

217 595 376 633 μαρτύριον,
391 594 492 630 Κύριος
509 594 538 627 ἐξ
554 595 627 621 οἴκου
645 595 722 629 ἁγίου
744 595 843 621 αὑτοῦ·
862 595 927 622 δίοτι
949 595 1001 622 ἰδοὺ

216 642 315 678 Κύριος
335 641 530 676 ὲκπορεύεεται
553 641 585 667 ἐκ
608 641 653 667 τοῦ
675 641 757 667 τόπου
774 641 867 673 αὑτοῦ,
886 642 932 667 καί
951 650 995 667 κα-

213 690 369 725 ταϐήσεται,
395 689 442 714 καὶ
468 688 633 714 ἐπικείσεται
661 688 707 714 ἐπὶ
728 687 761 714 τὰ
789 687 842 723 ὕψη
865 688 915 722 τῆς
939 688 997 722 γῆς.

214 736 267 763 Καὶ
291 734 485 771 σαλευθήσεται
510 734 545 760 τὰ
564 734 612 769 ὅρη
635 734 808 761 ὑποκάτωθεν
841 734 934 765 αὑτοῦ,
954 736 1001 762 καὶ

212 783 239 810 αἱ
269 781 390 813 κοιλάδες
414 782 577 816 τακήσονται
605 781 642 812 ὡς
669 781 753 816 κηρὸς
779 781 831 808 ἀπὸ
853 781 998 817 προσώπου

214 828 310 864 πυρὸς,
333 827 380 854 καὶ
400 827 438 859 ὡς
459 827 529 863 ὕδωρ
551 827 772 862 καταφερόμενον
794 828 822 853 ὲν
839 828 998 855 καταϐάσει.

212 875 249 901 Δι’
269 873 395 901 ἀσέϐειαν
420 873 516 900 Ἰακὼὸ
531 873 619 899 πάντα
637 873 731 904 ταῦτα,
748 874 794 899 καὶ
814 873 847 899 δι’
864 873 999 909 ἁμαρτίαν

211 922 285 949 οἴκου
301 922 417 958 Ἰσραήλ.
432 933 441 948 ι
452 920 517 948 Εἶτα
534 921 592 956 μεθ’
607 922 688 957 ἕτερα
702 921 813 947 πλεῖστα
829 921 929 956 μεταξὺ
940 922 999 948 ἐπι-

213 968 340 996 συνάπτει
358 969 443 1003 λέγων
453 977 460 983 ·
475 978 483 994 ι
497 968 683 1003 Ἀκούσατενδὴ
700 967 784 994 ταῦτα
794 987 800 998 ,
814 969 838 994 οἰ
855 968 998 1003 ἡγούμενοι

211 1015 284 1042 οἴκου
314 1014 420 1047 Ἰακὼϐ,
445 1015 492 1041 καὶ
513 1015 537 1040 oi
559 1014 716 1040 κατάλοιποι
738 1014 812 1040 οἴκου
838 1014 953 1049 Ἰσραὴλ,
974 1015 998 1041 οἱ

212 1061 417 1096 βδελυσσόμενοι
439 1063 536 1096 κρῖμα,
559 1061 605 1087 καὶ
629 1061 717 1087 πάντα
735 1060 769 1086 τὰ
789 1060 857 1096 ὀρθὰ
875 1060 998 1096 διαστρέ-

211 1116 315 1142 φοντες,
335 1108 360 1133 οἱ
374 1107 576 1143 οἰκοδομοῦντες
590 1106 658 1133 Σιὼν
675 1108 702 1134 ἐν
717 1107 824 1142 αἵμασι.
838 1107 884 1133 καὶ
901 1107 998 1142 Ἰερου-

211 1154 301 1190 σαλὴμ
311 1155 340 1181 ἐν
359 1154 485 1185 ἀδικίαις.
503 1154 534 1180 Οἱ
555 1154 700 1189 ἡγούμενοι
716 1154 800 1188 αὑτῆς
822 1153 889 1188 μετὰ.
904 1152 996 1190 δώρων

210 1199 326 1236 ἔκρινον,
354 1199 400 1225 καὶ
418 1200 442 1225 οἱ
464 1199 544 1234 ἱερεῖς
565 1199 650 1234 αὐτῆς
674 1198 743 1233 μετὰ
764 1198 857 1233 μισθοῦ
884 1198 983 1234 ἁπεκρί

209 1254 293 1277 νυντο,
315 1245 361 1271 καὶ
383 1246 406 1272 οἱ
424 1245 561 1280 προφῆται
581 1245 665 1280 αὐτῆς
683 1244 752 1279 μετὰ
765 1245 895 1280 ἀργυρίου
913 1245 996 1279 ἐμαν-

208 1291 326 1323 τεύοντο,
341 1291 387 1318 καὶ
398 1291 444 1317 ἐπὶ
457 1291 502 1318 τὸν
519 1291 618 1327 Κύριον
631 1290 845 1322 ὲπανεπαύοντο,
854 1291 977 1325 λέγοντες
987 1299 993 1305 ι

208 1338 274 1373 om
293 1337 395 1373 Κύριος
411 1339 439 1363 ὲν
457 1338 523 1372 ἡμῖν
539 1338 630 1370 sm;
646 1337 676 1363 οὑ
695 1336 731 1372 μὴ
748 1336 847 1373 ἐπέλθῃ
866 1337 908 1371 ἐφ’
922 1337 995 1371 ἡμᾶς

209 1382 290 1410 κακά.
304 1382 353 1409 Διὰ
368 1382 446 1408 τοῦτο
461 1382 494 1408 δι’
509 1382 582 1417 ὑμᾶς
598 1382 666 1408 Σιὼν
687 1381 724 1413 ὡς
739 1382 822 1416 ἀγρὸς
834 1381 995 1417 ἀροτριαθή-

208 1436 292 1460 σεται,
308 1428 355 1457 καὶ
377 1428 552 1465 Ἰερουσαλὴμ
560 1428 598 1460 ὡς
609 1428 832 1464 ὀπωροφυ).άκιον
847 1428 932 1458 ἔσται,
948 1427 994 1454 καὶ

207 1474 237 1500 τὸ
252 1474 313 1511 ὅρος
329 1474 375 1503 τοῦ
391 1474 465 1503 οἴκου
476 1475 577 1510 Κυρίου
591 1476 631 1506 εἰς
643 1475 722 1506 ἄλσος
735 1474 851 1511 δρυμοῦ·
862 1474 908 1500 καὶ
918 1473 993 1500 ἔσται

208 1522 250 1547 ἐπ’
269 1521 391 1556 ἐσχάτων
407 1521 460 1548 τῶν
478 1521 589 1556 ἡμερῶν
609 1522 728 1557 ἐμφανὲς
746 1522 776 1547 τὺ
795 1521 857 1556 δρος
878 1521 991 1556 Κυρίου,

206 1566 312 1601 ἕτοιμον
328 1566 373 1592 ἐπὶ
386 1565 435 1597 τὰς
446 1566 568 1601 κορυφὰς
579 1565 631 1593 τῶν
643 1566 738 1601 ὀρέων,
751 1565 797 1591 καὶ
811 1564 993 1600 μετεωρισθῇ-

207 1619 282 1637 σεται
298 1610 425 1646 ὑπεράνω
436 1610 489 1637 τῶν
505 1610 616 1645 βουνῶν,
630 1611 677 1637 καὶ
690 1610 852 1637 σπεύσουσιν
870 1611 915 1636 ἐπὶ
926 1610 992 1636 αὐτὸ

204 1655 285 1689 λαοὶ,
309 1658 356 1683 καὶ
385 1656 563 1691 πορεύσονται
591 1656 653 1692 ἔθνη
681 1656 784 1688 πολλὰ,
810 1657 857 1682 καὶ
880 1656 989 1691 ὲροῦσιο

204 1702 294 1735 Δεῦτε,
304 1703 348 1730 καίΙ
367 1703 511 1739 ἀναδῶμεν
525 1704 564 1734 είς
582 1703 611 1729 τὸ
626 1703 688 1738 ὅρος
705 1703 818 1739 Κυρίου,
830 1703 875 1729 καὶ
892 1703 931 1733 είς
946 1703 991 1728 τὸν

204 1747 276 1776 οἷκον
291 1748 337 1776 τοῦ
357 1749 423 1776 Θεοῦ
445 1749 539 1776 Ἰακώϐ
550 1758 556 1765 ·
575 1750 621 1775 καὶ
637 1748 768 1781 δείξουσιν
784 1750 850 1784 ἡμῖν
867 1749 915 1784 τὴν
933 1749 990 1775 ὁδὸν

204 1795 300 1828 αὐτοῦ,
319 1796 366 1823 καὶ
387 1796 576 1831 πορευσόμεθα
594 1796 622 1821 ὲν
642 1797 701 1827 ταῖς
717 1795 820 1831 τρίϐοις
839 1794 920 1821 αὑτοῦ
933 1803 939 1809 ·
958 1796 990 1821 ὲκ

202 1842 257 1878 γὰρ
285 1842 354 1869 Σιὼν
374 1842 545 1875 ἐξελεύσεται
572 1843 671 1878 νόμος,
700 1843 746 1869 καὶ
772 1842 856 1876 Λόγος
888 1842 989 1877 Κυρίου

203 1888 233 1920 ἐξ
244 1888 430 1924 Ἰερουσαλήμ,
446 1889 500 1915 Καὶ
515 1890 603 1924 κρινεῖ
618 1888 669 1915 ἀνὰ
682 1888 762 1923 μέσον
779 1888 883 1914 πολλῶν
895 1888 988 1918 ἐθνῶν,

203 1935 249 1961 καὶ
271 1934 374 1969 ἐλέγξει
395 1935 457 1970 ἔθνη
475 1935 571 1971 ἰσχυρὰ
589 1935 641 1966 ἕως
661 1935 700 1966 είς
722 1935 774 1970 γῆν
794 1934 911 1970 μακράν.
936 1934 989 1960 Καὶ

203 1981 365 2015 συγκὸφουσι
381 1981 431 2012 τὰς
444 1981 580 2015 μαχαίρας
596 1980 686 2007 αὑτῶν
702 1981 741 2012 εἰς
756 1981 858 2016 ἄροτρα
869 2001 876 2012 ,
893 1980 938 2006 καὶ
955 1980 988 2006 τὰ

200 2025 299 2061 δόρατα
312 2025 457 2057 αὑτῶνιείς
477 2026 596 2062 δρέπανα
605 2034 612 2042 θ
624 2027 670 2053 καὶ
683 2026 713 2052 οὑ
733 2026 847 2061 λήψεται
864 2026 903 2052 ἔτι
915 2026 988 2057 ἔθνος

201 2073 244 2098 ἐπ’
257 2071 331 2103 ἔθνος
346 2072 493 2108 μάχαιραν,
510 2073 557 2099 καὶ
573 2073 603 2098 οὑ
618 2073 654 2108 μὴ
670 2072 790 2107 μάθωσιν
801 2072 840 2098 ἔτι
851 2072 985 2107 πολεμεῖν.

200 2118 254 2145 Καὶ
267 2118 453 2145 ἀναπαύσεται
467 2117 580 2149 ἕκαστος
596 2118 724 2144 ὑποκάτω
742 2118 790 2153 τῆς
804 2118 926 2152 ἀμπέλου
939 2117 988 2143 αὑ-

199 2163 257 2196 τοῦ,
278 2165 325 2191 καὶ
352 2164 480 2190 ὑποκάτω
504 2164 589 2198 συκῆς
613 2163 706 2191 αὑτοῦ.
727 2164 781 2189 Καὶ
806 2163 855 2189 οὐκ
882 2162 956 2189 ἔσται
973 2163 986 2188 ὁ

199 2209 322 2245 ἐκφοϐῶν
336 2209 448 2241 αὐτούς·
463 2210 543 2237 ὅτιτὸ
557 2210 643 2245 στόμα
657 2210 758 2245 Κυρίου
767 2209 986 2245 παντοκράτορος

200 2255 314 2292 ἐλάλησε
330 2256 424 2283 ταῦτα.
445 2265 454 2281 ι
473 2256 541 2291 Ἤδη
558 2256 749 2292 καὶπρότερον
764 2255 850 2282 ταῦτα
865 2255 930 2290 ἡμῖν
947 2254 985 2285 εἰς

669 214 996 243 ΒΕΜΟΝὸΤΙὶΑΤΙΟΝΙὸ
1011 213 1241 243 EVANGELICJE
1260 214 1325 242 LIB.
1347 214 1414 242 Vill.

949 271 1002 309 τοῦ
1017 279 1041 309 Α
1053 270 1076 297 Δ
1087 269 1210 309 Μξεζιακιἶ
1220 284 1253 290 -
1263 270 1347 309 Signa
1358 272 1413 298 lum:
1428 276 1572 309 temporum
1584 270 1723 299 descensus
1735 270 1843 300 Domini

1790 218 1841 244 63-5

1091 306 1125 332 ad
1139 306 1255 332 homines
1281 305 1373 340 futura
1387 307 1458 333 canit
1480 305 1622 341 propheta,
1637 311 1782 334 extremum
1803 309 1842 336 ri-

1090 345 1164 367 tuum
1180 345 1257 376 atque
1271 341 1465 373 institutorum,
1486 341 1555 376 quasi
1566 341 1637 376 apud
1654 341 1765 369 Iuda-os
1780 351 1841 370 cum

1090 376 1255 412 generatione
1281 376 1464 409 servabantur,
1478 377 1615 404 interitum
1638 378 1771 411 agnitione
1781 378 1840 412 ejus

1091 411 1141 438 Dei
1151 412 1196 446 qui
1211 420 1227 438 a
1237 412 1371 445 prophetis
1381 419 1504 439 venturus
1518 412 1735 446 denuntiabatur,
1749 411 1839 445 pacem

1088 455 1205 473 omnium
1216 447 1331 482 gentium
1344 447 1589 482 profundissimam.

1091 515 1101 531 ‹
1122 506 1228 537 Audite,
1245 506 1336 541 populi
1349 514 1454 538 omnes,
1471 512 1497 534 et
1510 507 1632 534 attendat
1645 511 1728 540 terra,
1742 512 1768 536 et
1781 516 1838 535 om-

1054 559 1103 579 nes
1117 552 1163 586 qui
1179 552 1207 578 in
1222 560 1253 579 ca
1271 556 1346 584 sunt,
1364 557 1390 579 et
1408 553 1460 580 erit
1478 552 1609 581 Dominus
1621 554 1698 582 vobis
1713 555 1838 582 testimo-

1052 599 1138 629 nium,
1155 597 1285 626 Dominus
1298 599 1331 626 de
1345 598 1426 626 domo
1441 603 1536 626 saneta
1548 608 1597 627 sua
1611 609 1617 626 :
1632 601 1761 635 quoniam
1774 607 1838 629 ecce

1052 643 1184 671 Dominus
1199 644 1354 678 egredietur
1372 644 1404 671 de
1423 644 1482 671 loco
1501 652 1560 672 suo.
1576 645 1608 672 Et
1629 645 1787 678 descendet,
1810 650 1837 673 et

1052 689 1161 717 insistet
1177 697 1260 724 super
1270 689 1429 717 altitudines
1441 695 1529 717 terrae.
1545 690 1578 717 Et
1592 692 1837 719 counnovebunlur

1052 741 1157 763 montes
1170 735 1264 763 subter
1278 743 1310 762 eo
1328 745 1334 762 :
1350 741 1377 763 et
1389 736 1474 763 valles
1494 736 1645 771 liquescent
1656 737 1727 764 sicut
1741 745 1804 765 cera
1820 745 1836 764 a

1051 779 1120 807 facie
1137 780 1219 815 ignis,
1248 785 1274 808 et
1287 781 1358 808 sicut
1371 789 1440 816 aqua
1455 790 1515 816 quze
1530 782 1650 809 defertur
1666 783 1692 809 in
1705 791 1834 819 praeceps.

1050 825 1132 862 405
1145 826 1260 861 Propter
1274 827 1438 862 impietatem
1452 827 1536 855 Jacob
1551 828 1643 855 omnia
1654 829 1721 859 ἤειδε,
1734 834 1761 857 et
1777 838 1837 865 pro-

1051 877 1110 907 pter
1125 879 1266 908 peecatum
1291 874 1388 901 domus
1414 874 1495 902 lsracl
1509 875 1543 903 ’⁵.
1566 886 1575 901 ι
1593 875 1694 904 Deinde
1707 883 1768 911 post
1784 877 1836 904 alia

1050 920 1167 954 plurima
1181 912 1240 955 qua:
1258 921 1284 947 in
1300 921 1390 948 medio
1408 922 1533 954 collocat,
1552 923 1632 950 verba
1656 923 1712 951 hzec
1738 923 1836 959 adjun-

1049 966 1088 1000 git
1106 975 1112 992 :
1133 975 1142 991 ι
1161 966 1259 993 Audite
1272 967 1327 1001 jam
1344 967 1504 999 ba:c,duces
1514 969 1612 998 domus
1622 969 1718 1002 Jacob,
1731 970 1777 1005 qui
1792 978 1836 998 re-

1050 1013 1115 1048 liqui
1127 1014 1194 1041 estis
1204 1015 1302 1042 domus
1318 1015 1410 1046 Israel,
1423 1017 1468 1051 qui
1481 1017 1677 1045 abominamini
1690 1019 1833 1052 judicium.

1049 1064 1075 1087 et
1097 1062 1189 1088 omnia
1212 1067 1284 1088 recta
1314 1063 1479 1096 pervertitis,
1496 1064 1542 1098 qui
1557 1064 1697 1092 mdilicatis
1715 1065 1779 1092 Sion
1807 1067 1833 1092 in

1048 1106 1239 1141 sanguinibus.
1252 1111 1279 1133 et
1293 1106 1444 1135 Jerusalem
1458 1108 1484 1135 in
1501 1109 1652 1142 injustitiis.
1673 1109 1760 1138 Duces
1774 1112 1834 1146 ejus

1047 1160 1110 1179 cum
1128 1153 1287 1180 muneribus
1300 1153 1471 1186 judicabant,
1489 1160 1515 1181 et
1525 1155 1681 1183 sacerdotes
1696 1157 1756 1190 ejus
1771 1165 1833 1185 cum

1047 1200 1171 1226 Iiteréede
1189 1200 1398 1234 respondebant,
1421 1204 1447 1227 et
1467 1202 1605 1235 prophetae
1624 1203 1684 1237 ejus
1702 1211 1764 1231 cum
1790 1212 1835 1231 ar-

1046 1248 1127 1279 gento
1137 1245 1304 1274 divinabant.
1318 1251 1344 1272 et
1359 1254 1441 1280 super
1455 1246 1599 1274 Dominum
1613 1250 1831 1284 requiescebant,

1046 1290 1185 1317 dicentes:
1204 1290 1298 1317 Nonne
1312 1291 1441 1319 Dominus
1455 1293 1481 1319 in
1495 1293 1574 1320 nobis
1585 1295 1645 1321 est?
1658 1303 1711 1322 non
1724 1296 1832 1323 venient

1046 1344 1128 1370 Super
1145 1344 1195 1364 nos
1213 1337 1293 1363 mala.
1318 1336 1422 1364 idcirco
1438 1343 1549 1373 propter
1569 1347 1617 1367 vos
1639 1341 1703 1367 Sion
1720 1345 1749 1368 ut
1770 1349 1833 1377 ager

1045 1381 1179 1412 arabitur,
1195 1384 1222 1408 et
1235 1380 1386 1408 Jerusalem
1411 1386 1440 1408 ut
1463 1391 1602 1414 pomorum
1627 1386 1752 1412 custodia
1767 1388 1830 1419 erit,

1044 1430 1071 1454 et
1086 1434 1166 1454 mons
1181 1427 1278 1454 dooms
1292 1427 1395 1454 Domini
1413 1429 1440 1454 in
1458 1429 1549 1456 lucum
1565 1431 1648 1466 sylva:
1669 1441 1676 1459 :
1694 1435 1721 1459 et
1735 1433 1787 1460 erit
1805 1433 1832 1460 in

1044 1473 1200 1500 novissimis
1223 1473 1318 1500 diebus
1338 1473 1498 1502 titanifestus
1516 1483 1595 1502 mons
1616 1475 1735 1509 Domini,
1753 1486 1832 1513 para-

1044 1522 1088 1545 tus
1115 1526 1197 1553 super
1218 1519 1336 1546 vertices
1356 1520 1507 1553 montium,
1529 1526 1556 1548 et
1580 1523 1727 1550 extolletur
1751 1532 1832 1559 super

1044 1565 1139 1596 colles,
1156 1569 1183 1592 et
1200 1565 1367 1592 festinabunt
1384 1566 1417 1592 ad
1433 1574 1495 1593 eum
1510 1568 1613 1602 populi,
1628 1574 1654 1596 et
1670 1569 1748 1598 ibunt
1763 1579 1831 1606 gen-

1044 1614 1085 1639 tes
1101 1612 1194 1638 multur
1208 1615 1234 1638 et
1248 1611 1339 1638 dicent
1351 1611 1467 1645 :Venite,
1481 1613 1662 1642 aseendamus
1675 1615 1701 1641 in
1711 1620 1829 1644 montem

1044 1657 1150 1684 Domini
1165 1661 1192 1684 et
1204 1658 1231 1684 in
1245 1658 1356 1685 domum
1373 1658 1418 1685 Dei
1431 1659 1517 1686 Jaeob
1530 1670 1536 1687 :
1555 1665 1582 1687 et
1595 1662 1740 1689 ostendent
1753 1664 1830 1692 nobis

1043 1704 1114 1730 viam
1138 1703 1209 1737 ejus,
1227 1710 1253 1730 et
1277 1704 1478 1732 ambulabimus
1497 1705 1525 1732 in
1546 1707 1652 1734 semitis
1665 1708 1725 1741 ejus
1743 1718 1748 1735 :
1766 1717 1828 1736 nam

1042 1758 1074 1778 ex
1098 1750 1163 1777 Sion
1181 1751 1266 1778 exibit
1281 1751 1335 1784 lex,
1353 1757 1379 1779 et
1394 1751 1514 1780 Verbum
1540 1753 1646 1781 Domini
1669 1756 1703 1783 de
1716 1755 1828 1784 Jerusa-

1042 1797 1105 1824 lem.
1121 1797 1298 1832 Etjudieabit
1312 1799 1381 1826 inter
1400 1800 1501 1827 multas
1521 1806 1626 1835 gentes,
1640 1806 1666 1828 et
1685 1803 1829 1838 redarguet

1042 1848 1136 1878 gentes
1151 1844 1235 1872 fortes
1250 1852 1336 1879 usque
1351 1846 1383 1872 ad
1397 1850 1497 1873 terram
1513 1848 1700 1883 longinquam.
1716 1849 1747 1876 Et
1762 1858 1828 1877 con-

1041 1891 1131 1917 cident
1157 1891 1261 1925 gladios
1281 1900 1346 1919 suos
1361 1892 1388 1918 in
1404 1899 1545 1927 vomeres,
1569 1899 1594 1921 et
1611 1895 1704 1922 hastas
1720 1903 1784 1923 suas
1800 1905 1827 1924 In

1041 1936 1143 1963 falces:
1163 1942 1190 1964 et
1218 1945 1272 1964 non
1287 1938 1398 1972 arripiet
1416 1939 1486 1965 ultra
1511 1948 1578 1974 gens
1598 1945 1695 1968 contra
1721 1946 1826 1977 gentem

1040 1982 1158 2016 gladium
1176 2003 1183 2013 .
1214 1987 1241 2010 et
1264 1991 1319 2010 non
1342 1984 1449 2011 discent
1478 1987 1595 2020 amplius
1622 1987 1692 2014 bella
1723 1996 1826 2023 gerere.

1041 2027 1072 2054 Et
1095 2028 1215 2063 quiescet
1230 2030 1403 2065 unusquique
1423 2032 1474 2058 sub
1491 2032 1544 2060 vite
1561 2041 1621 2066 sua,
1646 2038 1673 2061 et
1696 2035 1748 2061 sub
1775 2035 1826 2062 ficti

1039 2081 1099 2100 sua.
1119 2074 1151 2101 Et
1171 2083 1225 2102 non
1248 2077 1299 2102 erit
1313 2077 1357 2110 qui
1381 2077 1516 2105 deterreat
1543 2086 1611 2106 eos:
1637 2081 1766 2114 quoniam
1795 2090 1826 2109 os

1038 2118 1145 2146 Domini
1161 2121 1356 2155 omnipotentis
1373 2121 1495 2148 locutum
1510 2128 1552 2150 est
1563 2123 1620 2150 haec
1633 2124 1665 2150 ⁸³.
1686 2135 1695 2150 ι
1711 2124 1770 2152 Jam
1782 2134 1826 2153 an-

1038 2169 1079 2191 tea
1106 2165 1163 2193 hazc
1188 2174 1238 2193 suo
1264 2167 1324 2194 loco
1347 2176 1398 2196 nos
1423 2170 1607 2204 comtemplati
1632 2178 1753 2198 sumus:
1776 2172 1825 2199 ubi

1037 2212 1207 2238 ostendimus
1221 2214 1450 2247 quemadmodum
1466 2222 1520 2241 non
1528 2216 1598 2243 alias
1613 2224 1694 2251 quam
1707 2222 1767 2252 post
1782 2218 1826 2245 ad-

1038 2261 1147 2284 ventum
1167 2257 1319 2287 Salvatoris
1340 2261 1427 2287 nostri
1439 2260 1505 2288 Jesu
1520 2262 1622 2290 Christi
1636 2263 1669 2290 ad
1689 2263 1823 2295 homines.

199 2302 261 2334 τοὺς
276 2302 375 2334 τόπους
392 2301 572 2338 τεθεώρηται’
590 2302 722 2329 δέδεικται
743 2301 771 2327 δὲ
785 2302 859 2333 ὅπως
869 2300 922 2327 οὐδ’
940 2300 987 2326 ἄλ-

1043 2310 1101 2336 qua:
1121 2303 1184 2330 olim
1210 2305 1281 2339 apud
1306 2305 1416 2333 Judaaos
1431 2306 1589 2341 dignitatem
1607 2310 1824 2337 venerationem-

199 2348 259 2374 λοτέ
267 2357 332 2375 ποτε
347 2348 364 2384 ἢ
376 2348 430 2375 ἀπὸ
442 2348 495 2379 τῶν
503 2349 606 2384 χρόνων
617 2349 662 2375 τοῦ
677 2349 802 2384 Σωτῆρος
818 2347 895 2383 ἡμῶν
903 2344 992 2382 ἰησοῦ

198 2395 314 2429 Χριστοῦ
337 2396 376 2427 είς
396 2395 555 2431 ἀνθρώπους
574 2395 734 2430 ἐπιφανείας
750 2395 784 2421 τὰ
802 2394 885 2421 πάλαι
899 2392 986 2429 σεμνὰ

198 2439 252 2466 τῶν
267 2441 412 2473 Ἰουδαίων,
427 2441 477 2477 ὅρη
489 2441 558 2468 Σιὼν
567 2442 768 2477 ἐπικαλούμενοι
784 2442 830 2468 καὶ
849 2441 984 2476 Ἰερουσα-

197 2485 272 2521 λὴμ,
289 2486 324 2513 τά
346 2495 375 2513 τε
395 2487 441 2513 ἐπὶ
461 2487 562 2514 τούτων
582 2489 801 2524 οἰκοδομήματα,
818 2489 832 2514 ὁ
848 2487 915 2518 νεὼς
935 2487 983 2522 δη-

197 2530 273 2566 λαδὴ,
287 2532 335 2559 καὶ
344 2532 375 2558 τὸ
386 2532 480 2567 ’Ἃγιον
492 2533 545 2559 τῶν
557 2533 651 2567 ἁγίων,
665 2534 712 2559 καὶ
729 2533 760 2559 τὸ
780 2532 981 2568 θυσιαστήριον,

196 2578 243 2604 καὶ
258 2578 309 2604 ὅσα
325 2578 391 2605 ἄλλα
406 2579 498 2605 αὐτόθι
514 2580 553 2610 εἰς
564 2579 645 2614 τιμὴν
665 2580 789 2606 ἀνέκειτο
804 2579 850 2605 τοῦ
868 2579 933 2606 Θεοῦ
952 2581 984 2606 ἐκ

197 2623 279 2658 μέσου
289 2624 407 2659 ἀρθέντα
423 2625 593 2656 σεσάλευται,
603 2625 755 2664 ἀκολούθως
772 2625 810 2661 τῷ
818 2625 887 2661 λόγῳ
898 2626 987 2661 φήσα-

194 2676 254 2695 ντι·
267 2678 276 2694 ι
301 2669 366 2696 Ἰδοὺ
378 2670 479 2706 Κύριος
487 2671 589 2706 Κύριος
601 2671 776 2706 ἐκπορεύεται
793 2673 825 2698 ἐκ
842 2671 887 2698 τοῦ
906 2672 986 2698 τόπου

193 2713 290 2746 αὐτοῦ,
306 2715 353 2741 καὶ
371 2716 650 2752 καταϐήσεταιέπὶτὰ
664 2716 718 2751 ὕψη
729 2717 779 2752 τῆς
797 2717 858 2752 γῆς,
878 2718 924 2743 καὶ
941 2726 987 2744 σα-

194 2755 369 2792 λευθήσονται
381 2760 415 2786 τὰ
431 2760 480 2795 δρη
492 2760 666 2787 ὑποκάτωθεν
684 2762 765 2788 αὑτοῦ
778 2783 786 2794 ,
803 2772 812 2787 ι
831 2759 868 2789 ὧν
886 2762 980 2788 σαλευ-

195 2801 305 2834 θέντων,
317 2804 370 2832 τῶν
391 2806 424 2832 ἐκ
446 2807 596 2841 περιτομῆς
615 2807 644 2833 αἱ
664 2807 765 2842 ψυχαὶ,
786 2807 905 2838 κοιλάδες
924 2808 981 2832 ὀνο-

197 2847 346 2883 μαζόμεναι
371 2851 415 2877 διὰ
437 2851 466 2877 τὸ
489 2853 612 2879 ταπεινὸν
637 2853 736 2885 αὐτῶν,
753 2853 901 2888 παραθέσει
927 2854 979 2879 τῶν

231 2938 254 2954 ’⁸
274 2939 353 2968 Mich.
372 2948 399 2974 ι,
414 2938 472 2969 2-5.
511 2943 533 2959 "
554 2942 633 2971 Mich.
651 2951 701 2977 In,
720 2943 807 2978 9—12;
830 2953 870 2978 Iv,
891 2946 944 2973 1-4.

1037 2356 1090 2382 que
1114 2348 1259 2382 habebant,
1280 2356 1441 2387 montesque
1457 2352 1522 2380 Sion
1538 2358 1564 2381 et
1575 2353 1724 2382 Jerusalem
1743 2363 1824 2382 voca-

1038 2394 1147 2426 bantur,
1165 2404 1278 2430 quacque
1297 2397 1324 2425 in
1347 2399 1380 2426 iis
1394 2399 1509 2427 tediﬁcia
1531 2405 1618 2432 erant,
1640 2401 1769 2434 templum
1783 2402 1824 2427 vi-

1037 2440 1135 2468 delicet
1153 2440 1339 2478 Sanctumque
1351 2450 1520 2477 sanctorum,
1537 2450 1618 2481 atque
1629 2447 1725 2478 altare,
1742 2451 1823 2481 atque

1035 2486 1088 2512 alia
1097 2495 1266 2523 quaecunque
1281 2490 1380 2517 ibidem
1397 2491 1425 2518 in
1434 2491 1480 2519 Dei
1492 2493 1621 2520 honorem
1631 2493 1754 2520 dedicata
1764 2494 1822 2520 fue-

1035 2537 1106 2564 rant,
1117 2533 1150 2560 de
1158 2534 1246 2562 medio
1254 2535 1359 2563 sublata
1370 2544 1556 2572 concussaque
1565 2542 1637 2567 sunt,
1648 2538 1719 2566 sicut
1729 2546 1826 2569 oracu-

1041 2580 1096 2607 lum
1121 2581 1187 2608 iilud
1213 2583 1396 2616 pmdixerat:
1421 2593 1429 2609 ι
1456 2584 1525 2611 Ecce
1542 2584 1673 2611 Dominus
1690 2584 1825 2614 Dominus

1039 2627 1193 2661 egredietur
1211 2629 1245 2655 de
1262 2629 1321 2655 Ion-0
1341 2637 1400 2660 suo,
1417 2633 1443 2655 et
1466 2629 1612 2656 descendet
1625 2638 1707 2664 super
1728 2631 1822 2658 altitu-

1038 2672 1116 2699 dines
1136 2677 1230 2705 terrte,
1245 2678 1272 2699 ct
1286 2674 1479 2700 concuticntur
1505 2678 1610 2700 montes
1636 2674 1729 2701 subter
1747 2682 1790 2706 eo,
1810 2684 1822 2700 ι

1038 2718 1138 2752 quibus
1155 2719 1298 2746 concussis
1312 2719 1468 2747 Judteorum
1482 2719 1589 2751 aniuue,
1601 2727 1660 2753 quae
1673 2719 1758 2746 valles
1774 2727 1822 2746 no-

1039 2763 1177 2790 minantur
1191 2765 1226 2791 ob
1244 2765 1364 2799 ipsarum
1383 2764 1573 2797 humilitatem,
1589 2766 1653 2790 dum
1669 2764 1768 2798 priscis
1783 2766 1820 2792 al-

1036 2809 1198 2837 titudinibus
1221 2811 1414 2841 conferuntur,
1430 2814 1525 2837 eoi-um
1552 2818 1612 2845 qua:
1636 2818 1724 2845 nuper
1748 2811 1820 2839 dictu

1036 2858 1109 2886 sunt,
1127 2855 1264 2883 interitum
1282 2857 1455 2890 deplorantes
1472 2865 1479 2881 ι
1502 2860 1630 2891 tanquam
1643 2864 1703 2884 cera
1719 2865 1733 2883 a
1751 2856 1820 2886 facie
