2089 3218
287 217 340 244 635

634 215 769 244 EUSEBII
787 215 1025 244 CIESARIENSIS
1044 216 1119 245 OPP.
1139 216 1228 244 PARS
1247 216 1278 244 ll.
1298 231 1334 236 —-
1351 215 1599 244 APOLOGETICA.

1859 215 1910 242 656

285 273 357 309 ignis
370 273 452 308 406
464 273 627 307 liquescent,
642 276 669 300 et
683 273 761 308 quasi
777 281 847 308 aqua
866 280 926 308 qua
947 273 1063 300 defertur

1121 272 1242 299 παλαιῶν
1270 272 1422 307 ὑψωμάτων
1448 272 1493 298 τὸν
1523 272 1578 299 τῶν
1607 271 1811 307 προειρημένων
1838 271 1909 306 ἁφα-

284 319 311 346 in
327 327 457 354 praeceps,
478 329 487 344 ι
506 324 615 354 propter
633 319 834 346 multitudinem
857 327 951 346 eorum
967 319 1013 354 qui
1038 319 1065 346 in

284 366 337 392 illis
352 364 474 399 quotidie
488 372 502 390 a
519 364 678 391 melioribus
701 365 734 391 ad
750 365 885 392 deteriora
911 365 1040 391 labuntur
1058 374 1066 392 :

282 415 309 438 et
326 410 417 437 omnia
437 410 493 436 haec
509 411 546 436 ait
570 409 659 436 futura
675 418 684 435 ι
705 414 814 446 propter
836 409 1002 445 impietatem
1019 412 1068 439 do-

283 463 344 483 mus
367 454 462 487 Jacob,
484 459 511 483 et
535 460 642 490 propter
659 461 799 490 peccatum
823 456 921 483 domus
943 455 1036 484 lsrael.
1056 467 1065 482 ι

283 501 413 534 Quaenam
433 509 498 529 vero
515 501 551 528 sit
565 500 622 527 haec
643 500 768 535 impietas
783 505 810 528 et
827 501 899 536 quod
915 506 1066 536 peccatum,

283 555 446 583 progressus
470 547 577 582 longius
593 547 716 582 adjungit
733 557 740 575 ε
760 557 768 573 ι
794 547 847 581 Qui
861 548 1066 580 abominamini,

282 595 382 629 inquit,
397 594 546 625 judicium,
568 598 595 621 et
616 594 707 622 omnia
731 598 804 621 recta
827 595 992 629 pervertitis.
1015 594 1067 627 Qui

282 640 422 668 a‘diticatis
452 639 517 667 Sion
544 640 571 667 in
596 639 776 674 sanguinibus
795 660 802 671 ,
832 644 858 668 et
872 639 1022 668 Jerusalem
1041 640 1069 667 in

282 686 435 719 injultitiis,
455 695 464 711 ι
484 686 511 712 in
526 686 626 721 quibus
646 685 822 720 sanguinibus
846 687 928 713 etiam
950 686 995 713 ille
1007 686 1067 720 fuit,

283 732 328 766 qui
347 731 401 759 illis
420 735 605 759 extremorum
621 731 754 758 malorum
777 731 883 758 initium
902 739 1069 767 causamque

281 777 415 812 praebuit,
430 782 541 812 propter
554 785 634 812 quem
649 777 759 812 impiam
780 777 853 804 illam
866 785 958 804 vocem
974 782 1068 805 contra

281 823 386 857 seipsos
401 822 561 854 emiserunt,
579 822 700 850 dicentes
719 832 726 849 :
748 831 757 848 ι
778 821 895 858 Sanguis
909 823 971 858 ejus
987 830 1070 858 super

281 876 331 896 nos
347 873 373 896 et
390 876 472 903 super
484 868 554 895 tilios
569 873 678 896 nostros
695 869 728 896 ".
750 877 758 894 ι
779 868 872 903 itaque
887 873 997 904 propter
1010 869 1069 904 ip'sa

281 914 349 946 lucc,
363 914 460 948 inquit,
479 923 488 939 ι
508 913 573 940 Sion
592 913 672 948 quasi
687 921 751 948 ager
765 914 901 946 arabitur,
918 918 944 940 et
959 913 1069 941 Jerusa-

1117 319 1211 354 νισμὸν
1231 318 1480 353 ἁπολοφυρόμεναι,
1499 327 1508 343 ι
1523 318 1561 350 ὡς
1583 317 1666 353 κηρὸς
1682 317 1736 344 ἀπὸ
1762 317 1908 352 προσώπου

1117 365 1202 400 πυρδς
1222 365 1427 400 ὲκτακήσονται,
1442 364 1488 390 καὶ
1504 364 1541 395 ὡς
1563 363 1634 399 ὕδωρ
1647 363 1865 398 καταφερόμενον
1879 365 1908 390 ὲν

1118 410 1276 442 καταϐάσει,
1284 421 1292 436 ι
1304 410 1383 437 διὰτὸ
1395 410 1496 445 πλῆθος
1502 410 1555 436 τῶν
1561 410 1589 436 ὲν
1598 409 1691 441 αὑταῖς
1702 410 1755 436 ἀπὸ
1763 409 1816 443 τῷν
1824 418 1910 445 κρειτ-

1117 458 1200 484 τόνων
1212 457 1258 483 ἐπὶ
1272 456 1307 483 τὰ
1319 457 1402 492 χείρω
1416 456 1641 483 καταπιπτόντων
1655 456 1801 491 ὁσημέραι.
1814 456 1907 483 Πάντα

1117 503 1146 530 δὲ
1161 502 1248 529 ταῦτά
1264 511 1345 538 φησιν
1365 502 1473 529 ἔσεσθαι
1490 511 1500 527 t
1513 502 1546 528 δι’
1559 502 1685 529 ἀσέϐειαν
1699 503 1773 529 οἴκου
1794 501 1889 529 Ἰακὼϐ
1899 521 1906 534 ,

1119 549 1165 575 καὶ
1179 549 1212 575 δι’
1225 549 1362 584 ἁμαρτίαν
1371 548 1446 575 οἴκου
1467 548 1585 584 Ἰσραήλ.
1601 558 1610 574 ι
1629 548 1676 580 Τίς
1685 548 1707 575 δ’
1717 546 1750 584 ἦν
1763 549 1779 583 ἡ
1797 548 1908 575 ἀσέϐεια

1118 594 1164 620 καὶ
1177 594 1193 628 ἠ
1206 594 1336 629 ἁμαρτία,
1351 593 1454 628 προῖὼν
1470 593 1532 628 ἑξῆς
1545 593 1679 627 ὲπιλέγεν
1696 603 1706 619 ‹
1722 594 1752 620 Οἱ
1768 593 1907 628 βδελυσσό-

1120 648 1194 674 μενοι
1211 640 1297 674 κρῖμα
1310 659 1317 671 ,
1334 640 1381 665 καὶ
1397 639 1486 666 πάντα
1501 639 1535 666 τὰ
1551 639 1618 674 ὀρθὰ
1635 639 1839 676 διαστρέφοντες
1854 647 1860 654 ·
1881 640 1905 666 οἱ

1118 685 1320 721 οἰκοδομοῦντες
1341 685 1410 711 Σιὼν
1423 686 1452 711 ἐν
1468 685 1580 720 αἷμασιν
1593 706 1599 717 ,
1615 686 1662 712 καὶ
1681 685 1857 721 Ἰερουσαλὴμ
1873 687 1902 711 ὲν

1119 730 1248 762 ἀδικίαις·
1267 741 1276 756 ι
1292 732 1321 757 ὲν
1336 727 1377 762 οἷς
1393 731 1489 766 αἵμασι
1504 731 1612 758 κάκεῖνο
1628 728 1661 767 ἦν
1671 731 1702 757 τὺ
1714 731 1766 757 τῶν
1783 731 1905 757 ὑστάτων

1119 776 1212 803 κακῶν
1227 776 1369 812 παραίτιον
1385 777 1477 808 αὐτοῖς
1491 776 1636 812 γενόμενον
1646 797 1652 809 ,
1668 777 1710 811 ἐφ’
1725 774 1746 810 ᾧ
1757 777 1804 812 τὴν
1820 777 1904 812 ἀσεῦἦ

1120 823 1211 858 φωνὴν
1234 823 1273 854 εἰς
1298 823 1411 854 ἑαυτοὺς
1436 823 1643 855 ἐπεσπάσαντο,
1665 824 1813 858 φήσαντες·
1838 832 1847 848 ι
1869 822 1906 849 Τὺ

1118 864 1186 902 αἷμα
1201 867 1282 893 αὐτοῦ
1301 867 1342 901 ἐφ’
1355 868 1444 903 ἡμᾶς,
1459 868 1505 894 καὶ
1519 868 1564 893 ἐπὶ
1584 868 1617 894 τὰ
1634 868 1714 894 τέκνα
1729 868 1816 904 ἡμῶν.
1832 878 1840 893 ι
1855 868 1900 894 Διὸ

1120 913 1194 947 γοῦν,
1213 913 1288 948 φησὶ,
1302 913 1370 940 αὐτὰ
1383 913 1477 946 ταῦτα,
1494 923 1503 938 ι
1516 913 1554 945 ὡς
1565 914 1648 949 ἀγρὸς
1662 913 1730 940 Σιὼν
1742 913 1905 950 ὰροτριαθή-

282 961 333 988 lem
357 960 433 995 quasi
457 967 598 995 pomorum
616 959 741 987 custodia
765 960 836 987 erit:
857 969 866 985 ι
879 968 939 995 quae
955 959 1063 995 quidem

1116 967 1201 991 σεται,
1219 960 1265 986 καὶ
1288 959 1465 995 Ἰερουσαλὴμ
1481 959 1761 995 ὼςξὸπωροιξυλάκιον
1779 960 1873 986 ἔσται’
1891 971 1900 986 ι

281 1007 356 1034 nullo
366 1014 486 1041 unquam
499 1006 553 1033 alio
566 1011 698 1040 tempore,
708 1013 788 1040 quam
802 1010 861 1040 post
872 1006 917 1032 illa
930 1014 990 1041 qua:
1001 1004 1067 1033 con-

281 1057 322 1079 tra
336 1051 504 1079 Salvatorem
520 1056 644 1079 nostrum
673 1052 733 1078 ausi
749 1056 823 1084 sunt,
843 1059 938 1079 verum
958 1052 1061 1079 exitum

279 1107 418 1134 accepere.
436 1098 474 1126 Ex
491 1098 538 1125 illo
555 1099 626 1125 enim
647 1098 680 1125 ad
699 1098 771 1125 hunc
799 1106 885 1131 usque
908 1098 980 1125 diem
997 1098 1065 1125 locis

281 1145 334 1172 illis
353 1148 474 1172 extrema
498 1144 646 1173 solitudine
669 1144 821 1179 occupatis,
842 1152 921 1171 mons
938 1143 1003 1170 Sion
1020 1144 1065 1179 qui

279 1190 349 1225 apud
373 1191 434 1217 illos
458 1195 537 1217 antea
564 1190 759 1217 celeberrimus
775 1192 853 1220 erat,
868 1189 927 1215 loco
947 1189 1066 1223 alllitllliB

279 1236 353 1263 illitis
370 1236 555 1263 meditationis
572 1240 654 1270 atque
672 1236 886 1267 exercitationis,
903 1243 962 1270 qua
978 1236 1004 1261 in
1020 1235 1065 1262 illo

279 1281 396 1316 vigebat,
410 1281 632 1315 propheticorum
647 1280 857 1315 divinorumque
874 1281 1059 1313 oraculorum,

279 1335 339 1362 quae
353 1332 431 1353 antea
449 1327 499 1354 viri
521 1327 626 1354 llebrzei
646 1326 750 1362 Deique
766 1327 914 1354 familiares
926 1327 1064 1362 prophetae

279 1374 490 1409 sacerdotesque
511 1378 539 1400 et
553 1373 675 1408 magistri
698 1373 781 1400 totius
803 1373 893 1408 gentis
918 1373 945 1400 in
968 1373 1063 1401 eodem

277 1427 376 1454 magno
389 1427 452 1447 cum
466 1419 556 1446 studio
564 1419 724 1452 reddebant,
738 1426 786 1453 per
799 1410 873 1446 viros
885 1418 1022 1447 Romanos
1035 1420 1063 1447 in

278 1467 352 1493 nulla
368 1474 399 1493 re
414 1474 429 1492 a
446 1466 551 1500 reliqua
572 1466 683 1501 regione
699 1465 827 1492 ditl'erens
847 1470 940 1492 aratur
953 1470 980 1493 et
995 1466 1063 1493 coli-

277 1516 332 1543 tur,
348 1516 377 1538 ut
392 1519 443 1539 nos
458 1520 567 1547 quoque
588 1512 643 1546 ipsi
660 1511 860 1546 inspexerimus
877 1511 958 1538 boum
980 1519 1062 1546 opera

278 1559 366 1585 locum
392 1562 419 1585 et
441 1558 512 1585 arari
534 1562 561 1585 et
577 1557 718 1585 seminari.
749 1557 809 1592 Ipsa
825 1563 889 1584 vero
909 1556 1060 1585 Jerusalem

279 1610 407 1640 tanquam
420 1613 561 1640 pomorum
574 1605 708 1638 custodia,
727 1609 857 1640 corrupto
871 1609 962 1632 vetere
974 1605 1020 1640 qui
1033 1605 1059 1632 in
1073 1621 1096 1650 ο

277 1652 334 1685 ipsa
345 1656 403 1679 erat
419 1651 519 1684 fructu.
535 1652 630 1679 cil'ecta
650 1655 702 1683 est,
720 1659 750 1678 ac
765 1651 855 1686 potius
868 1651 986 1686 lapidum
1003 1651 1061 1677 col-

277 1697 367 1729 lectio,
386 1698 457 1725 sicut
469 1698 497 1724 in
511 1702 640 1725 contextu
655 1697 791 1725 Hebraico
805 1697 912 1732 legitur.
929 1696 974 1723 Sic
987 1696 1060 1723 enim

276 1740 373 1774 Aquila
388 1741 523 1768 convertit
538 1751 544 1768 :
561 1751 570 1767 ‹
593 1741 697 1769 Idcirco
712 1746 822 1776 propter
833 1749 892 1773 vos,
909 1741 975 1768 Sion
987 1745 1060 1768 terra

276 1785 409 1817 arabitur,
421 1791 448 1814 et
479 1787 513 1814 de
535 1787 686 1815 Jerusalem
709 1788 813 1822 lapides
844 1788 1015 1823 colligentur.
1048 1797 1058 1815 ›

276 1832 317 1859 Ab
327 1833 447 1861 externis
466 1834 538 1861 enim
561 1833 719 1861 hominibus
738 1833 871 1866 habitata,
895 1834 975 1862 hodie
990 1842 1058 1869 quo-

275 1886 328 1913 que
346 1879 448 1913 lapides
461 1879 613 1914 legentibus
636 1881 746 1914 praebet,
762 1888 825 1907 cum
843 1887 938 1908 omnes
949 1880 995 1916 qui
1009 1888 1059 1907 no-

276 1923 341 1950 stris
357 1923 524 1957 temporibus
547 1931 606 1951 eam
622 1924 717 1952 urbem
739 1925 871 1956 incolunt,
886 1925 973 1952 ruina:
986 1926 1059 1954 illius

275 1967 380 2001 lapides
393 1968 521 2002 colligant
537 1971 591 1994 tam
609 1968 643 1995 de
657 1969 781 2003 privatis,
797 1977 878 2004 quam
890 1970 923 1997 de
938 1977 1061 1997 commu-

275 2013 356 2040 nibus
371 2016 398 2040 et
411 2013 526 2048 publicis
540 2014 661 2041 aediﬁciis
684 2024 690 2042 :
707 2020 734 2042 ct
748 2016 812 2043 licet
827 2016 916 2044 oculis
931 2017 1060 2044 tristissi-

274 2066 349 2085 mum
378 2060 564 2093 spectaculum
594 2060 704 2092 intueri,
721 2069 753 2088 ex
776 2061 836 2096 ipso
859 2061 959 2097 templo
973 2069 1000 2089 et
1027 2070 1060 2090 ex

274 2103 342 2138 ipsis
355 2105 493 2138 quondam
504 2106 602 2141 adytis,
614 2114 646 2134 ex
661 2106 695 2134 iis
708 2115 769 2141 qua:
780 2113 874 2134 sancta
883 2108 1060 2140 vocabantur,

274 2149 378 2185 lapides
386 2158 435 2185 pro
449 2151 660 2179 simulacrorum
674 2152 754 2185 l'anis,
769 2161 873 2188 proque
887 2154 1060 2188 spectaculis,

273 2203 328 2230 quo
337 2204 431 2224 omnes
447 2197 537 2232 populi
554 2202 741 2232 concurrant,
761 2199 927 2227 aaditicandis
945 2201 1060 2234 assumi,

273 2249 333 2276 quae
354 2249 416 2268 cum
434 2242 502 2270 adeo
526 2243 665 2270 evidenter
688 2244 722 2271 ab
748 2244 875 2271 omnibus
904 2249 1060 2279 cernantur,

1116 1005 1187 1041 ἅπερ
1205 1006 1259 1032 οὐδ’
1276 1006 1368 1032 ἄλλοτε
1384 1006 1493 1033 πώποτε
1513 1006 1528 1042 ἦ
1549 1006 1618 1042 μετὰ
1644 1006 1678 1032 τὰ
1699 1006 1768 1033 κατὰ
1786 1006 1831 1033 τοῦ
1848 1007 1904 1033 Σω-

1114 1053 1196 1086 τῆρος
1209 1051 1286 1086 ἡμῶν
1300 1051 1489 1087 τετολμημένα
1504 1052 1591 1088 ἀληθῆ
1603 1052 1652 1087 τὴν
1664 1052 1774 1079 ἑκϐασιν
1785 1052 1901 1088 εἴληχεν.

1121 1096 1166 1128 Ἐξ
1179 1096 1282 1123 ἐκείνου
1303 1097 1356 1132 γάρ
1374 1105 1415 1123 τοι
1439 1097 1485 1124 καὶ
1497 1098 1536 1128 είς
1555 1097 1633 1133 δεῦρο
1654 1097 1772 1133 ἐσχάτης
1784 1098 1903 1133 ἐρημίας

1115 1142 1320 1177 καταλαϐούσης
1339 1143 1401 1174 τοὺς
1420 1143 1535 1175 τόπους,
1553 1143 1583 1169 τὸ
1603 1143 1661 1178 μὲν,
1676 1144 1741 1178 πρὶν
1760 1143 1901 1180 διαϐόητον

1114 1187 1202 1213 αὐτῶν
1218 1187 1285 1213 Σιὼν
1299 1187 1377 1223 ὅρος,
1395 1187 1454 1214 ἀντὶ
1470 1188 1520 1222 τῆς
1542 1188 1625 1215 πάλαι
1647 1189 1674 1215 ἐν
1691 1188 1763 1224 αὐτῷ
1787 1189 1901 1225 μελέτης

1114 1233 1160 1259 καὶ
1175 1233 1318 1268 ἀσκήσεως
1334 1234 1388 1260 τῶν
1402 1234 1576 1270 προφητικῶν
1591 1235 1637 1261 καὶ
1654 1235 1732 1261 θείων
1749 1235 1852 1269 λόγων,
1864 1232 1902 1262 ὧν

1113 1280 1207 1312 παῖδες
1227 1280 1258 1306 τὸ
1281 1281 1345 1316 πρὶν
1368 1280 1501 1315 Ἐϐραίων
1530 1282 1576 1307 καὶ
1594 1281 1726 1316 θεοφιλεῖς
1748 1282 1900 1318 προφῆται,

1114 1326 1196 1360 ἱερεῖς
1211 1334 1240 1352 τε
1257 1326 1304 1352 καὶ
1322 1325 1474 1353 διδάσκαλοι
1492 1325 1538 1353 τοῦ
1557 1327 1657 1358 παντὸς
1675 1327 1766 1358 ἔθνους
1786 1328 1815 1354 ἐν
1830 1327 1899 1362 αᾶτῇ

1112 1369 1155 1396 διὰ
1178 1371 1296 1405 σπουδῆς
1317 1371 1465 1403 ἐποιοῦντο,
1486 1371 1531 1398 διὰ
1553 1372 1696 1407 Ῥωμαίων
1716 1372 1820 1406 ἀνδρῶν
1839 1373 1900 1399 κατ’

1113 1415 1188 1442 οὐδὲν
1208 1416 1257 1451 τῆς
1273 1416 1369 1452 λοιπῆς
1381 1417 1546 1452 διαφέρουσα
1560 1417 1651 1454 χώρας
1666 1420 1845 1454 γεωργεῖται,
1863 1419 1902 1450 ὡς

1113 1461 1160 1488 καὶ
1177 1463 1249 1497 ἡμᾶς
1261 1462 1357 1494 αὐτοὺς
1366 1463 1515 1499 ὀφθαλμοῖς
1533 1463 1698 1500 παραλαϐεῖν
1713 1464 1803 1500 βουσὶν
1817 1465 1900 1502 ἀρού-

1114 1516 1192 1543 μενον
1202 1528 1210 1540 ,
1225 1508 1271 1534 καὶ
1290 1509 1539 1545 κατασπειρόμενον
1553 1510 1598 1536 τὸν
1612 1510 1693 1537 τόπον
1704 1519 1711 1525 ·
1725 1512 1741 1546 ὴ
1754 1511 1782 1538 δὲ
1803 1511 1902 1547 ἰδερου⁹

1113 1553 1204 1589 σαλὴμ
1223 1554 1291 1590 αὑτὴ
1306 1554 1344 1586 ὡς
1360 1554 1584 1590 ὀπωροφυλάκυον
1597 1555 1647 1590 τῆς
1662 1557 1690 1582 ὲν
1705 1557 1773 1592 αὐτῇ
1785 1557 1901 1589 παλαιᾶς

1112 1599 1222 1636 ὀπώρας
1240 1601 1434 1636 διαφθαρείσης
1450 1601 1555 1635 γέγονε,
1576 1601 1673 1637 μᾶλλον
1692 1603 1720 1629 δὲ
1742 1604 1782 1634 είς
1797 1603 1901 1630 λιθολοα

1112 1647 1173 1680 γίαν
1186 1647 1256 1673 κατὰ
1265 1647 1314 1682 τὴν
1331 1647 1477 1683 Ἐἧραικὴν
1492 1647 1651 1681 ἀνάγνωσιν.
1668 1649 1696 1675 '0
1711 1649 1775 1683 γοῦν
1787 1649 1901 1682 ’Δκύλας

1111 1693 1195 1728 φησί·
1217 1703 1225 1718 ι
1238 1694 1287 1720 Διὰ
1304 1693 1382 1720 τοῦτο
1403 1693 1485 1728 χάριν
1500 1693 1576 1729 ὑμῶν
1598 1694 1666 1720 Σιὼν
1687 1695 1762 1730 χώρα
1778 1696 1900 1732 ἀροτρια-

1111 1739 1240 1774 θήσεται,
1257 1741 1305 1766 καὶ
1327 1740 1505 1777 Ἰερουσαλὴμ
1527 1741 1775 1777 λιθολογηθήσεται.
1802 1752 1811 1768 ι
1829 1742 1898 1769 Ὑπὸ

1110 1785 1165 1820 γὰρ
1187 1785 1343 1820 ἀλλοφύλων
1372 1786 1475 1822 ἀνδρῶν
1502 1787 1713 1819 κατοικισθεῖσα,
1743 1789 1825 1815 εἰσέτι
1851 1790 1898 1816 καὶ

1111 1833 1228 1868 σήμερον
1241 1831 1418 1866 λιθολογείται
1428 1853 1436 1865 ,
1452 1833 1560 1860 πάντων
1576 1833 1637 1860 καθ’
1650 1835 1722 1870 ἡμᾶς
1738 1835 1833 1867 αὐτοὺς
1845 1836 1898 1862 τῶν

1110 1877 1158 1913 τὴν
1179 1878 1254 1905 πόλιν
1271 1878 1416 1905 οἰκούντων
1436 1879 1497 1910 τοὺς
1519 1879 1572 1906 ἀπὸ
1596 1880 1645 1915 τῆς
1668 1879 1797 1912 πτώσεως
1815 1882 1899 1917 αὐτῆς

1109 1923 1198 1955 λίθους
1223 1924 1424 1959 ἀναλεγομένων
1438 1925 1477 1957 εἷς
1489 1935 1518 1952 τε
1529 1925 1562 1952 τὰ
1574 1925 1627 1952 ἴδια
1640 1927 1686 1953 καὶ
1710 1927 1786 1953 κοινὰ
1797 1927 1899 1962 καὶ-δη-

1112 1969 1192 2003 μόσια
1212 1970 1429 2006 οἰκοδομήματα·
1450 1972 1496 1997 καὶ
1513 1971 1585 1998 ἐστιν
1606 1972 1753 2008 ὀφθαλμοῖς
1777 1973 1899 2009 παραλα-

1111 2015 1167 2041 ϐεῖν
1185 2015 1342 2056 σκυθρωπδν
1357 2016 1457 2052 θέαμα,
1477 2018 1540 2049 τοὺς
1555 2018 1583 2051 ἐξ
1599 2019 1681 2045 αὑτοῦ
1700 2019 1747 2046 τοῦ
1763 2020 1835 2055 ἱεροῦ
1851 2020 1899 2047 καὶ

1111 2060 1198 2087 αότῶν
1211 2061 1264 2088 τῶν
1277 2062 1358 2089 πάλαι
1371 2062 1474 2090 ἀδύτων
1489 2064 1536 2090 καὶ
1550 2064 1634 2098 ἁγίων
1645 2064 1736 2096 λίθους
1749 2066 1788 2097 εἰς
1797 2065 1833 2092 τὰ
1843 2066 1898 2092 τῶν

1111 2105 1226 2133 εἰδώλων
1240 2108 1339 2143 τεμένη
1350 2127 1356 2136 ι
1369 2108 1408 2139 εἷς
1425 2117 1453 2135 τε
1473 2109 1507 2136 τὰ
1523 2110 1576 2136 τῶν
1592 2111 1739 2147 πανδήμων
1755 2112 1899 2147 θεαμάτων

1112 2154 1356 2189 κατασκευάσματα
1371 2155 1587 2191 ἀπειλημμένους
1597 2165 1603 2172 ·
1619 2153 1657 2184 ὦν
1672 2157 1758 2189 οὕτως
1774 2158 1898 2194 ἐναργῶς

1111 2201 1167 2232 τοῖς
1184 2201 1266 2226 πᾶσιν
1282 2201 1435 2236 δρωμένων,
1452 2202 1497 2229 καὶ
1507 2203 1521 2228 ό
1535 2203 1625 2234 καινὸς
1636 2203 1716 2237 νόμος
1733 2204 1779 2230 καὶ
1790 2203 1867 2238 λόγος
1883 2205 1897 2230 ὁ

1111 2246 1161 2281 τῆς
1185 2246 1280 2281 καινῆς
1301 2246 1354 2275 τοῖι
1370 2247 1493 2283 Σωτῆρος
1509 2248 1586 2283 ἡμῶν
1613 2249 1690 2285 Ῑησοῦ
1714 2249 1897 2287 τοῷΧριστοῦ

271 2287 344 2322 quod
361 2295 430 2314 nova
442 2288 506 2315 item
523 2288 575 2321 lex,
592 2289 720 2324 quodque
731 2297 831 2317 novum
846 2289 913 2317 Novi
929 2299 945 2318 a
961 2290 1057 2318 Salva-

1112 2292 1246 2327 Διαθήκης
1271 2293 1374 2319 ἐκεῖθέν
1405 2293 1486 2320 ποθεν
1515 2294 1654 2329 προελθὼν
1679 2295 1757 2330 δῆλος
1782 2296 1815 2323 ἂν
1841 2296 1896 2332 εἴη.

271 2338 330 2361 tore
343 2339 440 2362 nostro
465 2333 528 2362 Jesu
555 2335 675 2367 Christo,
693 2336 796 2363 conditi
817 2335 983 2364 Testamenti
997 2346 1058 2364 ver-

272 2380 335 2407 bum
362 2381 436 2408 illinc
465 2381 576 2408 omnino
604 2381 754 2416 profectum
768 2382 814 2414 sit,
840 2390 906 2410 sane
931 2385 1060 2412 constite-

271 2427 316 2454 rit.
330 2426 411 2462 m7
427 2426 652 2462 Quandoquidem
672 2428 883 2456 innumerabiles
896 2430 1058 2465 populorum

269 2478 432 2505 conventus,
447 2474 590 2509 omnisque
606 2474 713 2509 generis
730 2475 865 2507 nationes,
883 2476 986 2504 relictis
1005 2476 1058 2504 diis

269 2519 391 2554 ipsorum
417 2520 533 2554 patriis,
562 2520 712 2555 relictoque
742 2525 833 2548 vetere
855 2522 1058 2557 superstitionis

267 2573 371 2598 errore,
393 2574 477 2593 unum
504 2574 661 2602 supremum
684 2566 767 2594 Deum
792 2568 919 2595 invocant
938 2579 944 2596 :
971 2577 1055 2604 quare

267 2609 348 2636 etiam
356 2610 574 2644 profundissima:
583 2613 657 2646 pacis
665 2618 805 2647 compotes
811 2617 1052 2648 evaserunt,quan-

268 2653 303 2681 do
319 2663 369 2682 non
384 2657 499 2691 amplius
510 2658 673 2693 multiplices
684 2659 864 2693 principatus,
883 2669 893 2685 ‹
906 2667 993 2694 neque
1009 2668 1051 2686 rc-

268 2707 321 2734 gna
337 2708 384 2735 per
397 2702 457 2729 loca
479 2709 639 2736 cernuntur,
659 2713 747 2740 neque
766 2713 832 2740 gens
847 2706 978 2733 adversus
988 2714 1053 2740 gen—

270 2753 321 2772 .em
336 2746 454 2780 gladium
470 2749 566 2782 sumit,
581 2759 670 2785 neque
685 2755 715 2778 ut
731 2757 809 2778 antea
822 2752 925 2779 mutuis
937 2751 1009 2778 inter
1024 2760 1053 2779 se

269 2790 346 2818 bellis
362 2793 482 2824 strident,
501 2795 549 2822 sed
568 2797 689 2831 agricola
709 2797 799 2824 omnis
815 2798 867 2825 sub
890 2799 942 2825 vite
961 2801 987 2825 et
1001 2799 1052 2825 sub

267 2835 319 2862 ﬁcu
329 2844 377 2863 sua
388 2839 626 2872 quiescit,nemine
639 2841 886 2876 illosexterrcute,»
901 2844 972 2872 sicut
986 2851 1051 2878 pro--

282 2968 289 2972 .
303 2926 325 2943 "
345 2926 439 2956 Matth.
459 2937 551 2964 xxvii,
566 2931 610 2959 25.

1115 2338 1172 2372 Ἐφ’
1186 2334 1208 2371 ᾧ
1224 2339 1308 2374 μυρία
1323 2338 1411 2374 πλήθη
1425 2339 1507 2370 λαῶν,
1526 2340 1588 2375 ἔθνη
1605 2349 1634 2367 τε
1650 2343 1762 2368 παντοῖα
1776 2342 1828 2368 τῶν
1842 2351 1896 2369 πα-

1108 2384 1191 2419 τρίων
1205 2385 1360 2411 ἀποστάντα
1376 2385 1454 2417 θεῶν,
1471 2387 1580 2421 καὶτῆς
1597 2387 1713 2419 παλαιᾶς
1733 2388 1896 2424 δεισιδαίμο-

1109 2437 1152 2460 νος
1167 2429 1279 2464 πλάνης,
1294 2430 1338 2456 τὸν
1350 2430 1395 2456 ἐπὶ
1407 2430 1514 2457 πάντων
1527 2431 1593 2458 Θεὸν
1603 2432 1784 2458 ἀνακαλεῖται·
1794 2431 1835 2459 διὸ
1851 2435 1899 2460 καὶ

1110 2474 1272 2509 κατηξίωται
1289 2475 1338 2510 τῆς
1356 2475 1507 2512 βαθυτάτης
1531 2477 1650 2512 εἰρήνης,
1670 2477 1707 2508 ('0;
1726 2477 1824 2512 μηκέτι
1851 2487 1901 2504 πο-

1109 2521 1239 2556 λυαρχίας
1255 2519 1333 2553 εἶναι,
1352 2531 1360 2547 ι
1381 2522 1447 2557 μηδὲ
1461 2522 1599 2557 βασιλείας
1615 2522 1684 2550 κατὰ
1703 2523 1810 2554 τόπους,
1833 2524 1900 2558 μηδὲ

1109 2567 1183 2599 ἔθνος
1196 2567 1240 2594 ἐπ’
1257 2568 1330 2600 ἔθνος
1349 2568 1483 2604 ῥομφαίαν
1498 2570 1594 2605 αἱρεῖν,
1613 2569 1684 2604 μηδ’,
1707 2569 1744 2601 ὼς
1766 2569 1797 2595 τὸ
1823 2570 1900 2602 πρὶν,

1108 2614 1234 2649 πολέμοις
1249 2615 1305 2646 τοῖς
1325 2615 1384 2641 κατ’
1403 2615 1524 2651 ἀλλήλων
1543 2615 1692 2651 σχολάζειν,
1709 2615 1900 2642 ἀναπαύεσθαι

1106 2658 1134 2685 δὲ
1161 2659 1213 2686 τῶν
1238 2659 1366 2695 γεωργῶν
1394 2660 1506 2687 ἕκαστον
1534 2660 1661 2687 ὑποκάτω
1688 2661 1822 2696 ἀμπέλου,
1852 2661 1900 2686 καὶ

1108 2706 1236 2733 ὑποκάτω
1248 2706 1331 2741 συκῆς
1343 2706 1434 2737 αὑτοῦ,
1449 2707 1560 2741 μηδενὸς
1572 2706 1749 2741 ἐκφοϐοῦντος
1759 2706 1871 2737 αὐτοὺς,
1888 2715 1898 2730 ι

1107 2752 1177 2778 κατὰ
1192 2753 1240 2788 τὴν
1259 2753 1436 2788 προφητείαν.
1453 2750 1502 2779 Ὧν
1519 2753 1604 2784 οὕτως
1619 2753 1671 2779 οὐδ’
1691 2752 1784 2779 ἄλλοτέ
1807 2762 1850 2779 πω
1868 2751 1900 2784 ἐξ

1106 2798 1201 2830 αἰῶνος
1220 2798 1359 2834 πρότερον,
1374 2798 1390 2833 ἦ
1406 2798 1476 2825 κατὰ
1491 2798 1537 2833 τὴν
1554 2798 1606 2824 τῶν
1623 2798 1764 2833 Ῥωμαίων
1783 2797 1897 2834 ἐπικράο

1105 2852 1182 2879 τησιν
1199 2844 1252 2870 ἀπὸ
1267 2844 1319 2872 τῶν
1335 2844 1439 2879 χρόνων
1461 2844 1510 2878 τῆς
1531 2843 1688 2878 ἐπιφανείας
1701 2843 1746 2870 τοῦ
1766 2843 1895 2884 Σωτῆρος
