2089 3218
195 216 244 241 σπί

631 213 956 242 DEMONSTRATIONIS
975 211 1204 240 EVANGELICJE
1220 212 1285 240 LIB.
1308 212 1377 240 Vlll.

1762 213 1814 240 638

193 271 270 306 ημῶν
294 271 340 297 καὶ
368 271 407 302 εις
427 269 508 306 δεῦρο
532 269 759 305 συντελουμένων,
782 270 980 306 ἀναμφίλεκτον

1034 269 1121 304 pbetia
1137 269 1309 303 praedixerat.
1321 268 1387 300 Quae
1401 275 1462 294 cum
1475 267 1515 294 sic
1526 275 1664 302 nunquam
1675 267 1743 295 alias
1753 273 1815 296 ante

192 317 308 352 ἠγοῦμαι
324 316 374 352 τὴν
388 315 521 347 ἀπόδειξιν
538 315 676 350 εἰληφέναι
692 316 738 342 τὸν
761 317 856 352 χρόνον
875 317 922 352 τῆς
936 317 978 343 Οε-

194 362 357 398 σπιζομένης
371 363 411 393 είς
426 360 584 397 ἀνθρώπους
596 361 641 388 τοῦ
656 363 758 398 Κυρίου
774 364 933 399 παρουσίας.

1031 322 1045 340 a
1059 313 1169 340 condito
1191 321 1259 345 εενο,
1278 314 1329 341 nisi
1354 318 1414 348 post
1430 314 1574 341 adventum
1598 313 1748 341 Salvatoris
1766 321 1816 340 no-

1031 360 1092 390 stri,
1126 359 1256 387 Romanis
1287 359 1430 394 imperium
1459 359 1658 392 obtinentibus,
1682 359 1715 385 ad
1742 359 1815 386 hunc

198 415 284 443 usque
301 407 373 434 diem
388 406 563 441 contigerint,
580 407 731 434 indubitata
759 408 991 437 demonstratione
1009 411 1150 434 osmnsum
1173 413 1235 432 esse
1252 405 1369 432 arbitror
1384 405 1454 440 eius,
1474 413 1555 440 quem
1581 405 1718 440 propheta:
1736 413 1815 432 canc-

191 454 268 486 bant,
286 453 394 481 Domini
412 453 546 481 adventus
558 453 591 480 ad
607 453 743 488 homines,
761 459 879 491 tempus.

197 533 268 570 Ἀπὸ
274 531 326 560 τοῦ
333 534 527 570 Ζαχαρίου-ξ
536 534 645 568 Σημεῖα
655 536 771 569 χρόνων
778 535 834 570 τῆς
840 537 892 563 τοῦ
906 537 978 564 Θεοῦ

226 569 323 606 ᾼόγρυ
353 570 401 606 ,εὶς
415 569 594 606 »ἀνθρώπους
607 571 793 606 παρουσίας,
809 569 927 606 κλῆσις
947 581 979 600 τε

225 603 331 635 ἐθνῶν,
344 604 457 638 ὑστάτη
473 613 504 630 τε
523 605 695 638 καθαίρεσις
709 605 762 639 τῆς
771 603 977 642 νἸερουοαλήμ.

229 671 238 688 ι
259 661 429 697 Τέρπου.καὶ
444 661 601 697 εὐφραίνου,
618 660 735 697 θύγατερ
750 662 828 694 Σιὼν,
843 663 908 690 διότι
927 664 980 690 ἰδοὺ

193 707 247 742 ἐγὼ
264 708 390 744 ἔρχομαι,
410 708 457 734 καὶ
474 707 677 743 κατασκηνώσω
698 709 726 735 ὲν
747 709 820 744 μέσῳ
836 719 892 741 σου,
907 710 981 744 λέγει

194 754 303 789 Κύριος.
323 753 377 780 Καὶ
392 752 605 787 καταφεύξονται
624 753 686 789 ἔθνη
702 754 787 781 πολλὰ
805 756 851 782 ἐπὶ
864 756 909 782 τὸν
926 757 982 783 Κύ-

194 809 250 835 ριον
265 800 294 826 ὲν
308 800 341 835 τῇ
357 799 447 835 ἡμέρᾳ
468 799 571 834 ἐκείνῃ,
584 799 631 826 καὶ
646 799 751 827 ἔσονται
767 802 840 836 αὐτῷ
852 803 891 834 είς
906 802 980 836 λαὸν,

195 844 238 870 καὶ
252 843 506 879 κατασκηνώσουσιν
520 845 548 870 ὲν
563 844 637 880 μέσῳ
650 853 706 877 σου,
719 847 765 872 καὶ
787 847 924 884 ἐπιγνὼσῃ
939 849 980 875 ὅτι

194 889 294 925 Κύριος
307 891 503 926 παντοκράτωρ
515 889 698 921 ἐξαπέσταλκέ
714 900 746 927 με
763 893 831 928 πρὸς
845 894 884 920 σέ.
901 904 910 919 ο
926 894 980 920 Καὶ

194 935 253 970 μεθ’
266 935 346 971 ἕτερα
361 936 471 962 πλεῖστα
482 936 581 971 μεταξῦ
594 936 712 972 ἐπιλέγει
724 947 730 953 ·
745 947 754 964 ι
772 939 855 976 Χαῖρε
868 940 980 976 σφόδρα.

193 980 310 1017 θύγατερ
329 981 408 1013 Σιὼν,
426 982 555 1017 κήρυσσε,
576 981 693 1018 θύγατερ
715 984 908 1021 Ἰερουσαλήμ·
927 987 980 1014 ἰδοὺ
995 995 1016 1023 Β

192 1029 206 1054 ὁ
220 1027 344 1063 βασιλεύς
362 1036 408 1054 σου
424 1028 532 1064 ἔρχεταί
546 1037 586 1056 σοι
599 1030 702 1062 δίκαιος
721 1032 767 1057 καὶ
784 1031 887 1064 σώζων,
903 1033 983 1065 αὐτὸς

194 1073 282 1109 πραῢς
296 1075 343 1100 καὶ
354 1074 527 1109 ἐπιϐεϐηκὼς
537 1076 582 1102 ἐπὶ
597 1077 741 1110 ὑποζύγιον
755 1078 801 1104 καὶ
814 1078 902 1105 πῶλον
912 1079 981 1106 νέον.

194 1119 248 1146 Καὶ
263 1119 446 1155 ἑξολοθρεύσει
462 1121 572 1156 ἅρματα
596 1121 625 1154 ἐξ
646 1123 774 1158 Ἐφραῖμ,
792 1124 838 1150 καὶ
856 1124 938 1151 ἵππον
954 1125 984 1158 ἐξ

198 1166 233 1193 Ὶε
238 1166 353 1202 ρουσαλή
357 1176 377 1202 μ
386 1175 392 1181 ’
411 1167 457 1193 καὶ
471 1167 561 1199 ἐξολοο
566 1168 646 1204 ρευθή
651 1177 724 1195 σεται
736 1169 810 1202 τόξον
825 1170 889 1196 πολε
894 1171 983 1206 μικὸν,

193 1211 240 1238 καὶ
254 1212 354 1247 πλῆθος
373 1213 483 1248 εἰρήνης
498 1212 527 1245 ἐξ
544 1213 639 1241 ἐθνῶν.
652 1215 706 1241 Καὶ
724 1215 851 1250 κατὰρξει
867 1217 920 1243 ἀπὸ
935 1217 982 1243 θα-

193 1255 296 1292 λάσσης
307 1256 358 1288 ἓως
372 1256 520 1292 θαλάσσης,
541 1258 587 1284 καὶ
608 1258 662 1285 ἀπὸ
676 1260 805 1294 ποταμῶν
824 1260 856 1286 δι’
871 1261 983 1293 ἐκϐολὰς

193 1301 254 1336 γῆς.
275 1311 283 1327 ι
297 1301 388 1328 Ταῦτα
403 1303 466 1337 περὶ
478 1303 527 1338 τῆς
538 1303 584 1330 τοῦ
603 1304 728 1339 Σωτῆρος
741 1304 818 1340 ἡμῶν
835 1307 983 1341 παρουσίας

195 1346 326 1379 θεσπίσας
343 1348 390 1374 καὶ
401 1347 447 1374 νῦν
461 1349 475 1374 6
487 1348 574 1383 λόγος,
594 1349 652 1384 μεθ’
669 1349 749 1385 ἕτερα
768 1351 831 1386 περὶ
845 1351 893 1386 τῆς
905 1352 984 1387 ἐσχά-

193 1401 242 1428 της
267 1393 431 1429 ἐρημώσεως
453 1395 503 1430 τῆς
529 1395 713 1431 Ἰερουσαλὴμ,
739 1396 798 1422 τοτὲ
827 1397 874 1432 μὲν
894 1399 984 1424 ἐπικε-

194 1439 360 1474 κρυμμένως
381 1440 429 1467 καὶ
447 1441 480 1467 δι’
499 1441 677 1477 αἰνιγμάτων,
701 1442 760 1468 τοτὲ
775 1441 803 1468 δὲ
822 1443 984 1476 ἀκαλύπτως

194 1487 383 1520 ἀναφωνεί·δι“
400 1487 569 1522 αἰνιγμάτων
587 1487 636 1522 μὲν
648 1488 676 1514 ἐν
700 1485 739 1520 οἷς
754 1497 835 1523 φησι·
854 1498 862 1514 ‹
881 1489 984 1515 Διάνοι-

193 1531 248 1564 ξον,
261 1532 276 1557 6
290 1531 413 1564 Λίϐανος,
427 1533 476 1565 τὰς
496 1532 582 1564 πύλας
594 1541 651 1566 σου,
675 1533 722 1560 καὶ
737 1534 916 1568 καταφαγέτω
929 1535 984 1570 πῦρ

193 1578 243 1609 τὰς
257 1577 368 1614 κέδρους
391 1587 447 1605 σου.
470 1579 635 1612 Ὀλολυξάτω
657 1580 744 1612 πίτυς,
770 1579 836 1606 διότι
857 1580 982 1608 πέπτωκε

194 1624 298 1659 κέδρος,
323 1624 388 1651 διότι
413 1626 538 1660 μεγάλως
565 1627 725 1661 μεγιστᾶνες
750 1627 982 1663 ἐταλαιπώρησαν.

1033 532 1054 559 Α
1083 530 1224 558 lac/uaria.
1240 546 1275 550 —
1290 530 1372 565 Signa
1398 535 1542 564 [culparum
1563 529 1611 556 Dei
1637 530 1671 557 ad
1697 530 1814 558 homines

1069 567 1214 597 adrenlus,
1235 570 1259 592 et
1279 565 1380 602 vacatio
1399 566 1533 600 gentium,
1553 570 1719 602 extremaque
1741 567 1814 594 urbis

1069 602 1219 629 Jerusalem
1233 601 1342 627 eversio.

1073 666 1080 682 ι
1097 656 1189 684 Gaude
1209 659 1235 682 et
1254 654 1362 686 la‘tare,
1384 653 1436 680 ﬁlia
1456 653 1533 686 Sion.
1551 655 1614 689 quia
1631 662 1695 682 eccc
1712 662 1761 690 ego
1770 663 1815 682 ve-

1035 704 1079 730 nio
1091 724 1098 733 .
1115 707 1141 730 et
1157 702 1286 729 habitabo
1304 701 1330 728 in
1348 701 1439 728 medio
1460 701 1513 732 tui,
1534 701 1601 728 dicit
1620 700 1762 729 Dominus.
1783 701 1816 728 Et

1034 751 1193 785 confugient
1209 753 1303 785 gentes
1320 748 1412 775 multae
1430 748 1462 774 ad
1482 747 1625 774 Dominum
1641 748 1669 774 in
1688 747 1732 775 die
1751 748 1795 774 Illa
1808 768 1814 779 ,

1033 802 1060 825 et
1079 800 1160 824 erunt
1177 796 1200 823 ei
1222 795 1249 822 in
1270 795 1410 830 populum.
1438 794 1471 821 Et
1497 793 1659 820 habitabunt
1679 794 1706 820 in
1726 793 1816 820 medio

1034 845 1074 872 tui
1092 854 1098 871 :
1119 848 1146 871 et
1166 850 1318 878 cognosces
1337 842 1410 877 quod
1430 841 1561 869 Dominus
1578 841 1750 876 omnipotens
1767 841 1818 868 πιιί-

1034 891 1069 918 sit
1084 898 1127 917 me
1144 889 1177 917 ad
1193 893 1220 916 te
1235 889 1268 916 ’⁸.
1291 898 1299 915 ι
1315 887 1348 915 Ει
1364 892 1427 923 post
1442 887 1495 914 alia
1510 886 1627 922 plurima
1643 893 1703 921 qnze
1719 886 1745 912 in
1759 894 1817 913 me-

1035 937 1079 964 dio
1093 935 1178 971 ponit,
1190 934 1311 970 adiungit
1323 944 1329 961 ε
1342 943 1351 959 ‹
1367 933 1459 961 Gaude
1471 933 1656 965 vehementer,
1669 932 1724 958 lilia
1738 931 1816 958 Sion.

1036 981 1154 1009 Praedica
1166 1001 1172 1013 ,
1192 980 1245 1007 lilia
1262 979 1412 1007 Jerusalem
1427 987 1434 1005 :
1453 986 1516 1006 ecce
1533 977 1589 1005 Rex
1604 982 1668 1005 tuus
1682 978 1755 1004 venit
1768 977 1816 1004 tibi

1034 1027 1127 1062 justus
1146 1029 1173 1053 et
1194 1024 1327 1058 Salvator,
1356 1024 1413 1059 ipse
1438 1028 1596 1051 mansuetus
1621 1027 1649 1050 et
1672 1022 1816 1057 impositus

1035 1081 1119 1108 super
1130 1073 1284 1108 jumentum
1301 1076 1327 1099 et
1341 1071 1443 1106 pullum
1458 1070 1668 1098 adolescentem.
1682 1069 1713 1095 Et
1726 1069 1818 1103 perdet

1034 1126 1133 1146 currus
1151 1126 1183 1146 ex
1204 1117 1340 1153 Ephrem.
1361 1120 1388 1144 et
1405 1124 1505 1151 equum
1536 1124 1569 1143 ex
1595 1114 1764 1142 Jerusalem:
1791 1118 1818 1142 et

1034 1165 1164 1200 perdetur
1182 1172 1263 1192 arcus
1283 1163 1418 1193 bellicus,
1439 1166 1467 1189 et
1490 1162 1658 1189 abundantia
1684 1161 1760 1196 pacis
1784 1169 1816 1189 ex

1034 1211 1169 1246 gentibus.
1191 1209 1224 1236 Et
1244 1209 1428 1245 principatum
1448 1208 1584 1235 obtinebit
1606 1215 1620 1234 a
1645 1207 1714 1234 mari
1732 1215 1818 1241 usque

1034 1256 1068 1283 ad
1083 1264 1158 1283 mare
1168 1275 1176 1287 ,
1192 1259 1218 1282 et
1232 1262 1246 1281 a
1260 1254 1420 1281 ﬂuminibus
1437 1261 1484 1288 per
1499 1252 1650 1287 ejectiones
1666 1255 1746 1279 terrae
1760 1252 1792 1278 ν’.
1806 1261 1815 1276 ι

1035 1302 1097 1329 Ιῐωε
1124 1302 1168 1329 ubi
1195 1301 1228 1329 de
1253 1300 1404 1327 Salvatoris
1430 1299 1517 1327 nostri
1543 1299 1661 1326 adventu
1682 1298 1734 1325 hoc
1754 1298 1818 1324 item

1034 1349 1094 1376 loco
1112 1348 1253 1375 oraculum
1273 1347 1394 1379 cecinit;
1415 1351 1472 1373 tum
1494 1349 1555 1380 post
1571 1345 1623 1371 alia
1643 1353 1704 1379 quae
1730 1345 1818 1372 inter-

1036 1392 1132 1428 ponit,
1155 1392 1237 1419 etiam
1260 1391 1293 1418 de
1317 1394 1437 1418 extrema
1463 1389 1614 1417 Jerusalem
1636 1390 1817 1422 desolatione,

1034 1447 1107 1466 nunc
1132 1438 1241 1466 occulte
1267 1445 1298 1464 ac
1325 1445 1374 1472 per
1401 1437 1536 1464 ODSCUI‘OS
1560 1444 1718 1470 sermones,
1746 1444 1819 1463 nunc

1034 1484 1162 1519 explicite
1176 1487 1257 1519 atque
1274 1486 1367 1518 aperte
1381 1483 1464 1510 verba
1482 1482 1562 1514 facit,
1577 1482 1694 1510 obscure
1709 1482 1817 1517 quidem

1035 1538 1067 1557 ac
1084 1530 1207 1565 ﬁgurate,
1224 1529 1269 1557 ubi
1285 1530 1341 1556 ait:
1357 1528 1441 1565 408
1457 1537 1466 1554 ι
1482 1529 1580 1564 Aperi,
1595 1529 1712 1561 Libane,
1725 1533 1819 1564 portas

1035 1581 1113 1610 tuas,
1130 1581 1156 1605 et
1172 1577 1296 1604 comedat
1316 1577 1385 1612 ignis
1405 1576 1501 1604 cedros
1521 1581 1594 1605 tuas.
1610 1576 1700 1604 Ululet
1719 1577 1799 1612 pinus
1810 1596 1818 1609 .

1035 1624 1163 1659 quoniam
1180 1623 1278 1651 cecidit
1294 1623 1393 1650 cedrus
1405 1642 1412 1654 ,
1429 1623 1556 1657 quoniam
1579 1631 1743 1658 magnopere
1762 1631 1820 1650 ma-

201 1669 369 1702 Ὀλολύξατε,
390 1670 470 1706 δρύες
491 1672 540 1707 τῆς
560 1671 741 1704 Βασανίτιδος,
760 1673 801 1699 ὃτι
811 1673 983 1709 κατεσπάσθη

1035 1671 1125 1707 gniﬁci
1143 1671 1232 1698 alllicti
1253 1674 1327 1697 sunt.
1347 1669 1455 1697 Ululatc
1467 1690 1474 1701 ,
1496 1678 1613 1705 quercus
1632 1669 1796 1698 Basanitidis
1809 1690 1817 1703 ,

193 1715 210 1747 όν
223 1715 325 1750 δρυμὸς
345 1716 360 1741 6
377 1715 530 1750 σύμφυτος·
553 1717 627 1752 φωνὴ
648 1717 816 1753 θρηνούντων
836 1719 980 1754 ποιμένων,

194 1759 236 1785 ὅτι
259 1759 498 1795 τεταλαιπὼρηκεν
523 1762 539 1796 ἡ
571 1761 748 1798 μεγαλωσύνη
778 1763 882 1790 αύτῶνε
908 1764 982 1799 φωνὴ

194 1804 357 1840 ιὶιρυομένων
371 1805 495 1838 λεόντων,
509 1807 550 1833 ὃτι
566 1807 787 1845 τεταλαιπωρηκε
803 1809 833 1835 τὸ
852 1809 983 1845 φρύαγμα

194 1849 241 1877 τοῦ
258 1849 400 1885 Ἰορδάνου.
419 1860 427 1876 ι
447 1851 539 1878 Ταῦτα
563 1853 611 1888 μὲν
628 1853 661 1880 δι’
682 1855 863 1890 αἰνιγμάτων·
888 1856 936 1891 τὴν
955 1855 982 1882 δὲ

194 1894 295 1922 τούτων
319 1896 466 1931 ἑρμηνείαν
488 1897 686 1931 ἁνακαλύπτως
705 1900 719 1925 6
738 1900 817 1932 αὐτὸς
844 1902 983 1937 προφήτης

195 1942 319 1978 ἐπιφέρει
346 1943 450 1978 λέγων’
473 1953 482 1970 ε
503 1945 570 1972 Ἰδοὺ
590 1945 645 1980 ἐγὼ
665 1946 759 1981 τίθημι
779 1947 829 1981 τὴν
851 1947 983 1982 Ἰερουσα-

194 1987 249 2023 λὴμ
262 1988 300 2020 ὡς
316 1989 445 2025 πρόπυλα
462 1989 628 2026 σαλευόμενα
653 1991 739 2018 ἅπασι
764 1993 821 2023 τοῖς
843 1992 917 2024 λαοῖς
937 1992 984 2019 κύ-

194 2034 260 2069 κλῳ,
278 2034 325 2061 καὶ
342 2035 371 2061 ὲν
385 2036 418 2071 τῇ
439 2036 568 2072 Ἰουδαίῳ
589 2036 636 2062 καὶ
651 2036 725 2063 ἔσται
742 2037 855 2073 περιοχὴ
874 2038 919 2064 ἐπὶ
935 2039 983 2064 Ἰε-

195 2079 343 2115 ρουσαλήμ.
360 2079 416 2106 Καὶ
433 2079 509 2107 ἔσται
531 2081 559 2107 ὲν
583 2081 617 2116 τῇ
643 2080 735 2116 ἡμέρᾳ
748 2081 849 2116 ἐκείνῃ,
867 2081 984 2116 ϐήσομαι

193 2125 243 2161 τὴν
267 2126 445 2162 Ἰερουσαλὴμ
472 2126 545 2153 λίθον
572 2127 812 2163 καταπατούμενον
839 2128 905 2154 πᾶσι
929 2130 985 2160 τοῖς

194 2170 291 2198 ἔθνεσι.
309 2172 367 2203 Πᾶς
381 2173 395 2198 6
411 2172 576 2199 καταπατῶν
593 2172 676 2208 αὐτὴν
691 2173 832 2208 ὲμπαίζων
856 2173 986 2208 ὲμπαίξε-

193 2224 247 2248 ται,
263 2216 310 2243 καὶ
324 2217 590 2253 ἐπισυναχθήσονται
604 2219 647 2245 ἐπ’
661 2219 745 2254 αὐτὴν
767 2219 855 2246 πάντα
871 2219 904 2246 τὰ
921 2219 984 2255 ἔθνη

194 2261 243 2297 τῆς
263 2263 324 2298 γῆς.
347 2272 357 2289 ι
374 2263 425 2289 Καὶ
445 2263 514 2298 μετὰ
539 2262 642 2299 βραχέα
658 2264 795 2298 ἐπιλέγει·
815 2274 824 2290 ‹
845 2265 900 2291 Καὶ
926 2265 986 2291 ἐπι-

195 2307 335 2342 σλέψονται
350 2308 419 2343 πρὸς
435 2309 479 2343 μὲ,
496 2309 554 2336 ἀνθ’
577 2307 615 2336 ὧν
636 2311 846 2346 κατωρχήσαντο
856 2319 862 2325 “
880 2311 926 2338 καὶ
940 2311 985 2337 κό-

194 2353 289 2387 ψονται
304 2354 347 2380 ἐπ’
365 2354 445 2381 αὑτὸν
461 2355 574 2382 κοπετὸν
586 2356 623 2387 ὡς
638 2356 680 2382 ἐπ’
695 2356 839 2390 ἀγαπητῷ,
862 2357 908 2383 καὶ
926 2356 984 2382 ὀδύ-

193 2407 242 2434 νην
256 2399 294 2431 ὡς
307 2399 354 2427 ἐπὶ
371 2401 544 2435 πρωτοτόκῳ.
567 2401 610 2428 Ἐν
626 2402 658 2437 τῇ
681 2401 771 2437 ἡμέρᾳ
783 2402 873 2437 ἐκείνῃ
901 2411 983 2437 μεγα-

193 2445 353 2482 λυνθήσεται
387 2448 402 2473 6
431 2448 544 2479 κοπετδς
574 2447 769 2483 Ἰερουσαλὴμ,
803 2448 840 2479 ὼς
869 2449 983 2480 mmo);

199 2491 312 2523 Ῥοῶνος
334 2493 362 2519 ἐν
379 2492 462 2528 πεδίῳ
480 2493 691 2528 ὲκκοπτομένου.
712 2494 767 2520 Καὶ
788 2493 898 2528 κόψεται
914 2495 930 2529 ὴ
947 2495 981 2529 γῆ

194 2536 263 2563 κατὰ
281 2537 376 2572 φυλὰς,
394 2537 463 2573 φυλὴ
486 2537 560 2564 οἴκου
576 2538 658 2564 Δαῦὶδ
682 2538 741 2564 καθ’
767 2537 874 2572 ἑαυτὴν,
892 2539 938 2564 καὶ
954 2539 982 2565 αι

194 2584 320 2615 γυναῖκες
334 2583 423 2611 αὐτῶν
438 2582 499 2610 καθ’
513 2584 627 2615 ἑαυτάς·
642 2583 711 2619 φυλὴ
727 2583 801 2609 οἴκου
815 2583 907 2610 Νάθαν
924 2584 984 2611 καθ’

193 2629 302 2664 ιαυτὴν,
317 2629 363 2661 καὶ
387 2629 415 2655 αἱ
439 2631 567 2662 γυναῖκες
588 2629 677 2655 αὐτῶν
698 2629 759 2656 καθ’
781 2629 895 2660 ὲαυτάς’
914 2629 984 2666 φυλὴ

192 2674 266 2703 οἴκου
283 2674 349 2702 Λευῖ
367 2674 428 2703 καθ’
444 2674 553 2710 ἑαυτὴν,
571 2674 618 2700 καὶ
636 2675 664 2700 αἱ
679 2676 807 2708 γυναῖκες
823 2675 912 2702 αὐτῶν
924 2675 984 2702 καθ’

191 2719 310 2751 ἑαυτάςξ
330 2719 401 2755 φυλὴ
421 2720 468 2749 τοῦ
493 2719 605 2755 Συμεὼν
625 2720 685 2746 καθ’
702 2720 811 2756 ἑαυτὴν,
825 2720 871 2747 καὶ
892 2722 919 2747 αἱ
934 2730 984 2755 γυ-

191 2766 284 2797 ναῖκες
297 2765 393 2799 αὐτῶν,
403 2765 464 2792 καθ’
479 2765 593 2797 ἐαυτάς⁴
612 2766 696 2795 πᾶσαι
717 2767 743 2793 αἱ
759 2766 983 2802 ὑπολελειμμέναι

190 2811 285 2845 φυλαὶ,
300 2811 371 2848 quid}
387 2811 447 2837 καθ’
461 2810 570 2847 ἑαυτὴν,
585 2811 630 2844 καὶ
642 2812 669 2837 αἱ
679 2812 806 2848 γυναῖκες
820 2811 909 2839 αὐτῶν
922 2812 982 2839 καθ’

190 2857 300 2888 ἑαυτάς.
314 2853 335 2882 ”›
361 2857 417 2883 Καὶ
441 2856 521 2883 πάλιν
542 2856 601 2892 μεθ’
626 2856 706 2893 ἕτερα
731 2856 779 2892 τὴν
795 2857 912 2892 ἐσχάτην
935 2859 984 2893 τῆς

197 2903 374 2939 Ἰερουσαλὴμ
389 2902 546 2938 πολιορκίαν
557 2903 722 2940 σαφέστερον
733 2903 870 2939 κηρύττει,
886 2904 980 2938 λέγων’

228 2982 249 2997 ’³
271 2980 352 3009 Zach.
369 2989 402 3015 ιι,
427 2981 514 3015 l0,ll.
554 2981 574 2997 '-”
596 2979 709 3008 Zachar.
727 2989 773 3016 ix,

819 2981 899 3015 9,l0.
939 2984 945 2999 ⁸
968 2982 1080 3010 Zachar.
1101 2991 1144 3017 xx,
1167 2985 1223 3012 1-5.

1033 1717 1161 1753 quoniam
1174 1717 1322 1744 convulsus
1335 1719 1376 1743 est
1388 1716 1474 1743 saltus
1488 1716 1623 1743 consitus.
1639 1715 1698 1743 Vox
1712 1716 1816 1743 lamen—

1032 1764 1150 1791 tantium
1163 1766 1302 1798 pastorum
1313 1783 1319 1794 ,
1333 1762 1462 1796 quoniam
1476 1761 1574 1789 amicta
1586 1765 1628 1790 est
1644 1762 1820 1796 magniﬁcen-

1033 1810 1071 1836 tia
1087 1817 1190 1836 eorum.
1207 1807 1264 1836 Vox
1282 1808 1446 1843 rugientium
1470 1808 1593 1840 leonum,
1610 1808 1738 1843 quoniam
1753 1808 1820 1836 allii-

1034 1859 1077 1883 cta
1096 1859 1137 1883 est
1157 1854 1285 1890 superbia
1303 1853 1431 1881 Jordanis
1453 1854 1472 1880 ί.
1490 1864 1498 1879 ι
1513 1853 1545 1880 Et
1565 1853 1622 1881 h:ec
1642 1853 1750 1889 quidem
1771 1861 1819 1889 per

1033 1902 1193 1937 amigmata:
1208 1901 1256 1928 sed
1269 1908 1363 1928 eorum
1378 1899 1629 1934 interpretationem
1642 1904 1736 1934 aperte
1747 1899 1817 1927 idem

1034 1947 1165 1982 propheta
1183 1945 1323 1981 adjungit,
1344 1945 1439 1972 dicens
1454 1953 1460 1972 :
1479 1954 1488 1970 ι
1504 1944 1574 1972 Ecce
1589 1952 1639 1979 ego
1654 1952 1726 1979 pono
1740 1943 1819 1972 Jeru-

1034 1993 1118 2020 salem
1133 1997 1162 2018 ut
1176 1991 1310 2019 vestibula
1321 1998 1382 2025 quae
1396 1990 1557 2025 quatiuntur
1569 1990 1697 2017 omnibus
1712 1990 1819 2025 populis

1034 2037 1060 2064 in
1078 2036 1213 2068 circuitu,
1230 2039 1256 2063 et
1275 2035 1301 2063 in
1319 2034 1411 2062 Judwa
1427 2044 1433 2062 :
1455 2038 1482 2062 et
1504 2034 1556 2062 erit
1579 2034 1700 2062 ambitus
1715 2035 1745 2061 in
1764 2034 1819 2062 cir-

1034 2083 1108 2110 cuitu
1125 2086 1221 2110 eontra
1237 2081 1401 2120 Jerusalem.
1416 2082 1449 2108 Et
1463 2081 1516 2109 erit
1531 2081 1558 2108 in
1575 2081 1619 2108 die
1633 2081 1678 2108 illa
1691 2101 1699 2113 ,
1717 2089 1817 2116 ponam

1033 2128 1183 2156 Jerusalem
1210 2127 1345 2162 lapidem,
1371 2127 1417 2162 qui
1438 2127 1617 2154 conculcetur
1637 2127 1671 2154 ab
1690 2127 1819 2155 omnibus

1035 2175 1170 2210 gentibus.
1188 2175 1283 2202 Omnis
1300 2175 1346 2210 qui
1362 2174 1505 2201 conculcet
1525 2181 1601 2206 eam,
1623 2173 1739 2202 illudens
1757 2174 1819 2201 illu-

1034 2221 1112 2248 detur
1125 2230 1132 2248 :
1149 2224 1175 2247 et
1191 2219 1432 2255 congregabuntur
1447 2226 1529 2253 super
1541 2226 1600 2246 eam
1615 2226 1710 2247 omnes
1725 2222 1818 2252 gentes

1035 2270 1114 2294 terra:
1133 2267 1153 2293 ³.
1174 2276 1183 2291 ›
1197 2265 1229 2292 Et
1246 2269 1306 2300 post
1323 2273 1410 2300 pauca
1430 2265 1574 2299 adjungit:
1595 2273 1604 2289 ‹
1622 2263 1653 2290 Et
1672 2264 1818 2299 respicient

1036 2312 1069 2338 ad
1085 2319 1127 2338 me
1140 2331 1147 2343 ,
1167 2319 1248 2346 quem
1269 2310 1458 2342 contixerunt,
1480 2313 1622 2344 propterea
1642 2309 1715 2343 quod
1734 2309 1819 2335 insul-

1037 2361 1161 2384 taverunt
1179 2365 1186 2384 :
1203 2361 1230 2384 et
1249 2357 1378 2391 plangent
1397 2363 1480 2390 super
1499 2363 1531 2382 eo
1563 2355 1701 2389 planctum
1725 2357 1754 2380 ut
1769 2362 1819 2381 su-

1037 2410 1085 2437 per
1098 2402 1242 2433 dilecto,et
1256 2402 1377 2429 dolorem
1385 2404 1414 2428 ut
1428 2408 1510 2435 super
1526 2400 1714 2435 primogenita.
1732 2399 1760 2426 ln
1777 2399 1821 2427 die

1037 2448 1082 2475 illa
1097 2448 1317 2483 magniﬁcabitur
1331 2448 1458 2483 planctus
1470 2446 1639 2478 Jerusalem,
1652 2450 1681 2472 ut
1695 2445 1819 2480 planctus

1036 2494 1165 2522 Rhoonos
1187 2494 1213 2520 in
1234 2502 1330 2529 eampo
1348 2494 1408 2529 ejus
1426 2493 1473 2528 qui
1492 2492 1637 2520 exciditur.
1661 2491 1692 2518 Et
1710 2492 1819 2526 planget

1036 2545 1108 2568 terra
1129 2540 1273 2567 tributim:
1296 2540 1384 2567 tribus
1404 2540 1502 2567 domus
1524 2537 1608 2565 David
1628 2545 1751 2565 seorsum
1765 2557 1772 2568 ,
1793 2541 1820 2564 et

1036 2587 1165 2614 mulieres
1176 2593 1272 2613 eorum
1287 2593 1410 2614 seorsum
1424 2595 1430 2613 :
1445 2585 1533 2612 tribus
1547 2584 1645 2611 domus
1657 2582 1763 2610 Nathan
1777 2591 1820 2610 sc-

1036 2640 1129 2661 orsum
1140 2652 1147 2664 ,
1165 2635 1192 2659 et
1208 2632 1337 2660 mulieres
1352 2639 1445 2659 eorum
1461 2638 1586 2658 seorsum
1601 2639 1608 2656 :
1623 2629 1711 2656 tribus
1722 2629 1819 2656 domus

1036 2678 1101 2706 Levi
1126 2685 1267 2710 seorsum,
1293 2683 1320 2705 et
1346 2677 1476 2704 mulieres
1501 2683 1596 2703 eorum
1612 2683 1753 2703 seorsum:
1771 2675 1820 2701 tri-

1036 2724 1088 2750 bus
1102 2722 1211 2750 Simeon
1227 2730 1351 2750 seorsum
1362 2742 1369 2754 ,
1384 2727 1410 2750 et
1422 2722 1550 2749 mulieres
1565 2729 1659 2748 eorum
1674 2728 1796 2748 seorsum
1811 2730 1817 2746 :

1035 2777 1131 2797 omnes
1146 2769 1258 2804 reliqua:
1273 2769 1371 2800 tribus,
1387 2768 1475 2796 tribus
1490 2775 1634 2798 seorsum,
1648 2771 1676 2794 et
1691 2766 1820 2794 mulieres

1037 2822 1132 2841 eorum
1157 2815 1317 2842 seorsum’.
1333 2823 1342 2839 ι
1357 2813 1463 2841 Rursus
1487 2817 1548 2847 post
1574 2812 1645 2843 alia.
1669 2815 1819 2839 extremam

1036 2860 1111 2887 urbis
1130 2859 1281 2888 Jerusalem
1302 2860 1472 2887 obsidionem
1492 2858 1601 2894 planius
1615 2858 1748 2889 enuntiat,
1776 2856 1819 2884 di-

1040 2913 1126 2934 cens:
1145 2916 1153 2932 ι
1169 2906 1238 2937 Ecce
1257 2906 1316 2933 dies
1336 2907 1448 2934 veniunt
1468 2905 1596 2938 Domini,
1615 2908 1643 2932 et
1660 2904 1817 2932 dividentur

1264 2985 1273 3000 ²
1294 2983 1408 3012 Zachar.
1427 2992 1481 3018 xu,
1501 2984 1528 3017 2,
1543 2984 1569 3011 3.
1609 2985 1618 3000 ¹
1637 2983 1704 3011 ibid.
1724 2983 1805 3011 10-ίό
