2089 3218
292 209 344 237 059

291 265 377 300 spolia
396 267 442 291 tua
463 264 490 291 in
504 267 551 295 te,
568 266 597 290 et
615 262 788 298 congregatio
807 270 903 289 omnes
921 266 1017 297 gentes
1034 260 1067 288 ad
1084 263 1103 291 Α

291 309 440 337 Jerusalem
454 309 483 336 in
498 308 615 340 bellum,
629 311 657 335 et
674 307 798 342 capietur
817 307 915 335 civitas
927 326 936 339 ,
954 309 983 334 et
1000 305 1068 332 diri-

291 355 399 390 pientur
411 354 526 385 domus,
543 357 571 381 et
587 353 715 380 mulieres
730 353 895 387 polluentur,
912 356 940 380 et
952 352 1071 387 egredie-

292 405 337 426 tur
360 398 502 426 dimidium
528 398 647 426 civitatis
674 397 702 424 in
731 398 942 433 captivitatem:
969 397 1069 432 reliqui

291 451 380 473 autem
399 446 432 473 de
447 446 546 480 populo
563 453 623 472 meo
638 453 692 471 non
711 445 837 479 peribunt
852 445 885 471 de
901 445 1010 471 civitate
1020 464 1027 475 ,
1042 447 1068 470 et

290 491 444 526 egredietur
464 491 611 522 Dominus,
631 494 659 517 et
674 491 876 525 comparabitur
894 490 927 516 ad
946 489 1067 524 praelium

290 537 318 564 in
343 537 469 572 gentibus
493 536 562 568 illis.
585 536 659 563 sicut
683 535 742 563 dies
765 536 849 570 praalii
875 535 935 570 ejus
949 556 956 567 .
977 536 1004 562 in
1024 535 1068 562 die

291 583 374 614 belli,
394 586 422 610 et
440 582 553 609 stabunt
573 582 655 617 pedes
674 581 734 616 ejus
754 583 781 609 in
801 582 845 609 die
864 582 909 608 illa
930 582 957 608 in
977 587 1067 609 monte

290 629 427 656 Olivarum
452 628 524 663 quod
549 632 592 656 est
616 632 711 655 contra
736 628 924 656 Jerusalem‘.
943 638 951 653 1
966 628 1067 656 Deinde

290 678 351 708 post
369 674 422 700 alia
442 682 502 709 qua:
522 674 549 700 in
570 673 658 700 medio
677 674 770 708 ponit,
791 674 848 701 hate
865 675 902 702 ait
918 684 924 701 :
940 684 948 699 ι
967 674 1000 701 Et
1015 674 1067 701 erit

290 719 420 747 Dominus
441 727 529 750 unus,
549 723 575 746 et
594 727 692 746 nomen
707 720 767 753 ejus
785 728 866 746 unum
885 721 1067 755 complectens

288 773 394 792 omnem
411 770 511 792 terram
529 769 555 792 et
569 765 705 792 desertum
723 766 743 792 '.
761 775 770 791 ›
788 765 870 801 409
885 765 990 793 Rursus
1005 770 1066 801 post

289 810 341 837 alia
362 810 427 837 dum
447 811 596 845 prophetiae
615 811 684 837 libro
703 811 849 838 terminum
871 812 963 846 ponit,
982 820 1065 839 voca-

288 855 388 881 tionem
407 855 526 890 gentium
544 855 586 882 his
601 855 691 883 verbis
707 855 829 883 divinat:
846 866 855 881 ι
873 855 905 882 Ει
921 857 990 889 erit,
1006 858 1066 892 qui-

288 908 396 935 cunque
421 901 508 927 relicti
531 901 631 928 luerint
648 909 682 928 ex
701 901 828 929 omnibus
847 902 988 936 gentibus.
1005 910 1064 937 qua:

289 945 411 973 venerint
425 946 452 972 in
464 945 612 974 Jerusalem
624 967 631 979 ,
646 950 673 973 et
686 947 832 974 ascendent
847 948 961 982 singulis
974 949 1063 980 anuis.
1083 942 1101 968 Β

289 994 317 1018 ut
332 991 446 1018 adorent
459 990 558 1027 Regem
575 992 717 1020 Dominum
735 994 947 1029 omnipotentem
958 1015 965 1026 ,
980 1000 1006 1022 et
1021 1003 1065 1023 ee-

288 1038 391 1065 lcbrent
404 1038 473 1065 dicm
491 1038 589 1066 festum
604 1038 863 1068 Tabernaculorum.
878 1040 909 1067 Et
923 1042 988 1073 erit,
1002 1043 1064 1077 qui-

287 1090 393 1117 cunque
411 1091 465 1110 non
486 1084 657 1111 ascenderint
667 1092 699 1111 ex
712 1086 837 1113 omnibus
851 1087 974 1114 tribubus
987 1091 1065 1115 terrae

287 1129 314 1154 in
338 1127 488 1155 Jerusalem
514 1133 543 1155 ut
572 1129 685 1156 adorent
699 1129 798 1164 Regem
817 1131 960 1159 Dominum
977 1134 1065 1159 omni-

287 1178 440 1208 potentem,
455 1175 536 1201 etiam
551 1175 579 1202 hi
594 1176 648 1203 i1lis
668 1176 810 1204 addentur.
829 1177 855 1204 Si
869 1182 958 1204 autem
978 1179 1065 1205 tribus

288 1217 394 1254 Egypti
410 1227 464 1246 non
482 1220 636 1248 ascenderit
649 1241 656 1252 ,
670 1229 757 1257 neque
772 1223 875 1250 venerit
889 1223 952 1250 illuc
962 1247 969 1256 ,
982 1224 1063 1251 etiam

287 1270 368 1297 super
384 1263 427 1290 bis
442 1264 494 1291 erit
508 1265 587 1291 ruina
598 1285 604 1296 ,
617 1273 670 1300 qua
684 1267 818 1300 percutiet
829 1266 959 1294 Dominus
970 1276 1065 1296 omnes

286 1313 380 1342 gentes
396 1314 489 1341 terrae,
504 1318 673 1346 quaecunque
688 1319 741 1338 non
754 1313 925 1339 ascenderint
943 1313 977 1340 ad
993 1314 1061 1341 cele-

287 1355 418 1382 brandum
431 1356 550 1384 solemne
563 1356 823 1386 Tabernaculorum.
838 1358 892 1386 Hoc
905 1360 955 1386 erit
969 1367 1064 1394 pecca-

285 1407 341 1428 tum
357 1400 465 1437 Egypli
478 1422 484 1433 ,
501 1406 528 1429 et
543 1407 681 1437 peccatum
698 1404 818 1431 omnium
835 1406 953 1439 gentium
967 1426 974 1436 .
992 1414 1064 1441 quae-

285 1455 392 1482 cunque
414 1455 466 1475 non
482 1449 653 1476 ascendet-int
666 1450 697 1476 atl
715 1450 906 1477 celebrandum
922 1452 991 1478 diem
1010 1451 1064 1479 fes-

284 1497 341 1520 tum
361 1493 609 1520 Tabernaculorum
623 1495 644 1521 ⁸.
662 1505 671 1520 ι
687 1494 748 1522 Haec
766 1503 831 1523 sane
843 1495 990 1524 Zacharias
1003 1501 1064 1530 post

284 1538 400 1566 reditum
416 1539 449 1566 de
465 1538 616 1574 Babylone,
629 1539 710 1567 Dario
725 1541 794 1575 apud
811 1541 907 1569 Persas
923 1546 1062 1578 regnante,

283 1583 455 1616 vaticinatur,
471 1591 526 1619 quo
546 1588 665 1620 tempore
683 1586 746 1614 urbs
765 1586 914 1615 Jerusalem
935 1596 949 1614 a
971 1589 1061 1623 priore

284 1628 450 1656 desolatione
459 1629 575 1656 excitata
587 1630 789 1666 instaurataque
800 1639 885 1666 nuper
894 1633 991 1664 fuerat.
1001 1642 1060 1668 quae

284 1674 413 1702 desolatio
425 1675 460 1701 illi
474 1683 488 1701 a
499 1675 652 1711 Babyloniis
666 1676 752 1703 fuerat
763 1677 960 1711 illata.Co|ligit
971 1683 1060 1706 autem

283 1726 363 1746 omne
375 1724 481 1754 tempus
495 1727 509 1745 a
524 1719 603 1746 Dario
614 1719 756 1747 Persarum
767 1740 773 1751 ,
787 1720 838 1747 sub
849 1729 903 1755 quo
914 1720 1060 1749 Zacharias

282 1765 428 1800 prophetia:
449 1773 561 1793 munere
585 1766 715 1801 fungitur,
738 1767 771 1793 ad
792 1767 941 1802 Augustum
962 1766 1061 1794 Roma-

283 1819 378 1838 norum
405 1819 513 1846 regem.
539 1820 672 1839 annorum
696 1813 879 1841 hebdomadas
905 1820 1006 1848 septem
1033 1820 1060 1842 et

282 1857 420 1890 sexaginta
435 1857 518 1888 duas,
533 1865 592 1892 qua),
607 1857 677 1891 apud
691 1857 827 1884 Danielem
843 1858 985 1885 feruntur:
1000 1868 1060 1894 quae

281 1910 387 1929 summa
405 1909 538 1928 annorum
566 1902 681 1929 edicitur
703 1903 963 1939 quadringentorum
984 1909 1060 1932 octo-

281 1947 353 1981 ginta
376 1947 456 1973 trium
470 1968 477 1980 ,
499 1952 528 1974 ut
545 1948 714 1975 ostendimus
732 1949 757 1974 in
775 1949 807 1975 iis
826 1957 884 1983 qua:
903 1951 982 1984 paulo
998 1955 1059 1978 ante

282 2000 296 2018 ιι
321 1992 400 2019 nobis
425 1997 540 2019 tractata
569 1998 645 2020 sunt.
669 1993 802 2020 Caeterum
830 1998 890 2029 post
916 1996 1058 2030 imperium

283 2037 456 2065 Macedonum
481 2039 514 2065 ab
539 2038 693 2066 Alexandro
719 2048 805 2075 usque
831 2041 865 2067 ad
889 2042 1057 2076 Augustum,

280 2083 360 2110 etiam
375 2084 397 2111 si
412 2084 498 2118 ipsius
512 2085 624 2120 Augusti
640 2094 751 2121 regnum
772 2088 954 2121 complectare
965 2108 972 2119 ,
992 2089 1058 2115 nihil

280 2136 346 2156 sane
372 2129 443 2163 quod
463 2131 598 2165 prophetae
619 2132 707 2159 verbis
725 2134 873 2160 concordet
898 2139 944 2160 aut
970 2135 1058 2162 simile

279 2176 331 2207 sit,
357 2175 479 2203 invenias
502 2184 562 2203 esse
582 2177 756 2212 completum.
777 2177 892 2211 Quando
914 2179 985 2206 enim
1011 2189 1058 2215 per

279 2221 323 2247 illa
340 2224 462 2255 tempora
480 2221 503 2249 is
521 2221 666 2254 Dominus,
682 2231 762 2258 quem
778 2225 915 2259 propheue
930 2229 959 2252 ut
974 2225 1056 2253 Deum

278 2266 433 2298 celebrant.
449 2275 511 2294 cum
530 2268 686 2296 hominibus
701 2274 827 2297 versatus
843 2271 904 2297 est?
922 2276 948 2298 et
964 2276 1057 2306 gentes

279 2312 371 2339 multm
385 2312 459 2340 illum
469 2315 659 2348 agnoverunt?
674 2316 853 2350 eumdemque
871 2317 956 2343 solum
974 2317 1055 2344 Deum

278 2359 410 2386 confessa:
431 2360 517 2387 sunt?
543 2364 569 2387 et
594 2361 626 2387 ad
653 2361 741 2395 ipsum
765 2362 952 2398 confugientes
980 2365 1056 2393 facta!

278 2409 341 2432 sunt
354 2406 378 2431 ei
397 2405 423 2431 in
442 2405 593 2440 populum?
609 2407 650 2433 vel
666 2408 776 2442 quando
791 2409 898 2436 tandem
915 2414 971 2437 toto
990 2410 1055 2439 Per—

277 2457 369 2476 sarum
391 2453 437 2476 aut
459 2449 634 2478 Macedonum
652 2456 790 2487 tempore,
816 2454 838 2482 is
862 2453 919 2482 Rex
943 2456 976 2482 de
1001 2465 1055 2491 quo

277 2495 410 2530 Propheta
435 2497 566 2531 loquitur,
583 2506 592 2523 ι
609 2498 682 2526 venit
710 2500 854 2534 impositus
880 2501 1005 2535 jnmento
1027 2507 1054 2529 et

277 2543 350 2577 pullo
377 2543 567 2571 adolescenti?
585 2555 594 2570 ι
611 2549 639 2572 et
665 2547 776 2574 veniens
801 2546 920 2575 Judairze
946 2550 1052 2584 gentis,

276 2594 336 2620 quae
353 2587 469 2622 Ephrem
485 2589 535 2616 hoc
551 2590 611 2617 loco
628 2590 738 2623 dicitur,
757 2596 784 2619 et
801 2593 886 2627 ipsius
902 2593 1052 2622 Jerusalem

278 2634 378 2667 regiam
395 2634 480 2661 aciem
493 2655 500 2666 ,
519 2643 578 2669 quae
595 2644 724 2664 curruum
743 2643 823 2672 atque
842 2641 903 2674 equi
922 2641 1053 2667 \‘ncabltin

278 2680 443 2712 nominatur,
458 2681 591 2715 perdidit?
604 2687 631 2710 et
643 2689 762 2712 armalas
773 2685 892 2713 Judaica:
905 2687 991 2721 gentis
1005 2695 1052 2714 co-

277 2726 336 2759 p'as
351 2725 470 2752 delevit?
485 2726 540 2754 Hoc
557 2729 628 2755 enim
644 2729 813 2764 signiﬁcabat
829 2732 968 2758 oraculum
989 2733 1053 2759 illud

277 2769 390 2797 dicens:
408 2781 416 2796 ι
433 2771 501 2798 Ecce
515 2772 571 2800 Rex
589 2778 651 2801 tuus
667 2776 739 2802 venit
755 2777 802 2802 tibi
815 2781 906 2811 justus
922 2783 948 2804 et
965 2777 1054 2804 Salva<

277 2819 333 2846 tor,
349 2816 406 2850 ipse
423 2823 580 2846 mansuetus
598 2825 624 2846 ct
642 2822 786 2855 impositus
804 2831 886 2856 super
899 2823 1050 2858 jumcntunt

315 2903 325 2919 ⁵
344 2903 458 2932 Zachar.
477 2914 539 2936 xlv.
559 2907 614 2935 1-4.
652 2908 663 2924 ¹
684 2909 747 2936 ibid.
764 2910 791 2942 9,
811 2911 850 2937 l0.

606 205 739 233 EUSEBH
755 202 995 232 CESARIENSIS
1010 201 1086 229 OPP.
1101 201 1191 229 PARS
1209 202 1241 231 ll.
1258 218 1292 223 -—
1311 202 1557 230 APOLOGETICA.

1847 203 1899 231 640

1122 269 1132 285 ι
1157 254 1222 288 Ἱόὀὺ
1244 263 1344 297 ἡμέραι
1365 262 1487 297 ἔρχονται
1506 261 1554 288 τοῦ
1573 261 1685 299 Κυρίου,
1711 262 1756 289 καὶ
1776 262 1898 299 διαμερι-

1121 305 1262 342 σθήσονται
1275 308 1310 334 τὰ
1324 307 1409 334 σκῦλά
1424 316 1469 334 σου
1481 308 1509 334 ὲν
1522 307 1571 339 σοὶ,
1583 308 1629 334 καὶ
1644 307 1795 339 ὲπισυνάξω
1811 309 1898 336 πάντα

1117 351 1152 378 τὰ
1168 351 1231 388 ἔθνη
1244 353 1291 380 ἐπὶ
1307 353 1481 389 Ἰερουσαλὴμ
1504 354 1543 385 εἰς
1559 353 1686 388 πόλεμον,
1705 353 1752 379 καὶ
1767 353 1898 381 ἁλώσεται

1118 397 1134 433 ἡ
1150 398 1237 430 πόλις,
1252 399 1299 425 καί
1311 399 1542 434 διαρπαγήσονται
1561 399 1588 425 αἱ
1604 398 1698 431 οἰκίαι,
1709 399 1756 426 καὶ
1772 401 1898 433 γυναῖκες

1119 443 1338 479 μολυνθήσονται,
1355 445 1402 471 καὶ
1418 445 1583 477 ἐξελεύσεται
1596 444 1626 470 τὸ
1635 446 1718 479 ἥμισυ
1734 445 1782 480 τῆς
1798 445 1898 476 πόλεως

1118 492 1146 517 ὲν
1170 491 1356 525 αἰχμαλωσίαο
1377 492 1400 517 οἱ
1419 491 1447 517 δὲ
1469 490 1624 517 κατάλοιποι
1645 491 1691 517 τοῦ
1714 491 1778 517 λαοῦ
1798 500 1846 526 μου
1866 492 1895 518 οὑ

1119 537 1155 572 μὴ
1174 537 1395 572 ὲξολοθρευϐῶσιν
1413 539 1444 564 ὲκ
1461 537 1508 572 τῆς
1526 538 1636 569 πόλεως.
1656 539 1710 564 Καὶ
1731 537 1897 570 ἐξελεύσεται

1117 583 1227 618 Κύριος,
1248 583 1294 609 καὶ
1315 583 1496 618 παρατάξεται
1519 584 1547 610 ὲν
1568 585 1623 615 τοῖς
1648 583 1750 610 ἔθνεσιν
1775 583 1895 615 ἐκείνοις,

1118 627 1207 659 καθὼς
1230 629 1321 664 ἡμέρα
1346 628 1520 663 παρατάξεως
1549 629 1628 655 αὐτοῦ
1649 630 1676 655 ὲν
1706 629 1795 664 ἡμέρᾳ
1821 629 1898 656 πολέ-

1118 684 1185 710 μου,
1211 676 1258 702 καὶ
1285 675 1427 709 στήσονται
1448 675 1472 699 οἱ
1497 674 1577 705 πόδες
1597 674 1676 700 αὑτοῦ
1702 675 1729 700 ὲν
1754 675 1786 709 τῇ
1806 675 1896 710 ἡμέρα

1116 721 1207 757 ἐκείνῃ
1235 721 1279 746 ὲπὶ
1312 720 1343 746 τὸ
1373 719 1435 754 ὅρος
1466 719 1519 745 τῶν
1556 719 1666 745 Ἐλαιῶν
1695 720 1723 746 τὸ
1757 719 1896 746 κατέναντι

1121 767 1308 802 Ἰερουσαλήμ.
1333 776 1341 791 ι
1363 765 1426 792 Εἶτα
1453 766 1510 801 μεο“
1541 767 1621 801 ἕτερα
1650 766 1686 792 τὰ
1714 765 1814 801 μεταξὺ
1844 775 1894 800 φη-

1117 821 1172 839 σιν·
1197 823 1206 837 r
1230 813 1284 839 Καὶ
1305 813 1379 838 ἔσται
1403 812 1503 848 Κύριος
1523 809 1573 844 εἷς,
1591 812 1636 838 καὶ
1656 811 1686 838 τὸ
1709 811 1792 846 ὄνομα
1816 811 1896 838 αὑτοῦ

1117 858 1156 888 ἒν.
1178 857 1293 884 κυκλοῦν
1314 858 1402 883 πᾶσαν
1415 858 1464 892 τὴν
1477 857 1537 892 γῆν,
1552 858 1598 883 καὶ
1620 856 1667 891 τὴν
1691 855 1800 891 ἔρημον.
1819 865 1829 881 ι
1843 856 1897 882 Καὶ

1115 902 1191 935 αὖθις
1216 903 1274 939 μεθ’
1294 904 1374 939 ἕτερα
1400 904 1572 939 περιγράφων
1594 903 1641 938 τὴν
1662 902 1749 937 βίϐλον
1765 901 1815 936 τῆς
1831 909 1893 937 προ-

1117 948 1237 985 φητείας,
1250 950 1300 985 τὴν
1312 949 1405 984 κλῆσιν
1417 950 1471 975 τῶν
1482 949 1565 976 ἐθνῶν
1575 948 1619 974 δια
1631 949 1731 975 τούτων
1757 947 1877 979 Θεσπίζει
1886 956 1892 963 ’

1118 1005 1126 1020 ι
1139 995 1194 1021 Καὶ
1211 995 1297 1026 ἔσται,
1313 995 1369 1021 ὅσοι
1384 994 1431 1021 ἐὰν
1448 994 1660 1028 καταλειφθῶσιν
1676 994 1708 1020 ὲκ
1723 993 1830 1020 πάντων
1842 993 1897 1020 τῶν

1115 1039 1198 1066 ἐθνῶν
1209 1039 1262 1065 τῶν
1277 1038 1405 1065 ἐλθόντων
1424 1039 1468 1064 ἐπὶ
1487 1038 1670 1074 Ἰερουσαλὴμ,
1689 1038 1734 1064 καὶ
1750 1038 1896 1073 ἀναϐήσον-

1115 1093 1158 1110 ται
1178 1084 1237 1110 κατ’
1255 1084 1385 1116 ἐνιαυτὸν,
1400 1083 1446 1110 τοῦ
1462 1085 1646 1119 προσκυνῆσαι
1666 1083 1704 1118 τῷ
1722 1083 1825 1118 βασιλεί
1839 1083 1896 1110 Ku-

1116 1130 1166 1165 ρίῳ
1180 1129 1388 1165 παντοκράτορι,
1406 1129 1451 1155 καὶ
1462 1129 1508 1155 τοῦ
1528 1129 1666 1164 ἑορτάζειν
1679 1129 1727 1164 τὴν
1739 1128 1834 1163 ἑορτὴν
1846 1129 1896 1163 τῆς

1115 1176 1310 1212 Σκηνοπηγίας.
1336 1176 1390 1202 Καὶ
1410 1175 1494 1206 ἔσται,
1512 1175 1567 1201 ὅσοι
1589 1174 1635 1200 ἐὰν
1656 1174 1692 1209 μὴ
1708 1173 1841 1200 ἀναϐῶσιν
1862 1174 1894 1200 ἐκ

1115 1223 1208 1250 πασῶν
1232 1223 1284 1249 τῶν
1302 1222 1390 1256 φυλῶν
1412 1222 1461 1257 τῆς
1487 1222 1536 1256 γῆς
1561 1222 1600 1252 εἰς
1629 1220 1820 1256 Ἰερουσαλὴμ,
1847 1219 1893 1245 τοῦ

1116 1269 1300 1304 προσκυνῆσαι
1318 1268 1356 1303 τῷ
1380 1267 1482 1302 βασιλεί
1499 1267 1591 1303 Κυρίῳ
1610 1265 1824 1302 παντοκράτορι,
1848 1265 1891 1292 καὶ

1114 1312 1184 1341 οὗτοι
1196 1314 1306 1344 ἐκείνοις
1320 1313 1551 1349 προστεθήσονται.
1569 1312 1630 1339 Ἐὰν
1640 1312 1667 1338 δὲ
1679 1311 1747 1347 φυλὴ
1757 1310 1893 1344 Αἰγύπτου

1116 1360 1152 1394 μὴ
1172 1361 1268 1395 ἀναϐῇ,
1288 1360 1353 1395 μηδὲ
1377 1358 1440 1395 ἕλῦῃ
1461 1359 1535 1389 ἐκεῖ,
1559 1359 1604 1384 καὶ
1627 1358 1672 1384 ἐπὶ
1694 1357 1794 1383 τούτων
1818 1356 1892 1383 ἔσται

1113 1405 1128 1439 ἡ
1143 1404 1254 1435 πτῶσις,
1265 1405 1298 1439 ἦν
1313 1403 1425 1436 παταξει
1439 1403 1538 1439 Κύριος
1551 1403 1637 1428 πάντα
1650 1402 1683 1428 τὰ
1695 1401 1758 1436 ἔθνη
1770 1402 1819 1437 τῆς
1829 1402 1889 1436 γῆς,

1113 1449 1161 1475 ὅσα
1175 1450 1221 1475 ἐὰν
1236 1450 1272 1484 μὴ
1286 1449 1371 1483 ἀναϐῇ
1388 1448 1434 1474 τοῦ
1450 1447 1575 1482 ἑορτάσαι
1592 1448 1639 1483 τὴν
1653 1447 1748 1483 ἑορτὴν
1761 1448 1809 1482 τῆς
1823 1447 1893 1481 Σκη-

1113 1495 1253 1529 νοπηγῐας.
1278 1494 1350 1529 Αὖτη
1366 1494 1439 1520 ἔσται
1454 1495 1470 1528 ἡ
1494 1493 1613 1528 ἁμαρτία
1633 1493 1780 1526 Αἰγύπτου,
1805 1491 1851 1518 καὶ
1874 1491 1891 1526 ἡ

1113 1540 1233 1575 ἁμαρτία
1250 1540 1357 1566 πάντων
1367 1539 1420 1566 τῶν
1448 1538 1547 1568 ἐθνῶν,
1561 1539 1610 1564 ὅσα
1627 1538 1659 1564 ἂν
1677 1538 1713 1573 μὴ
1737 1537 1822 1573 ἀναϐῇ
1844 1537 1891 1563 τοῦ

1113 1584 1238 1620 ἑορτάσαι
1256 1584 1304 1619 τὴν
1321 1584 1415 1619 ἑορτὴν
1429 1585 1477 1619 τῆς
1494 1583 1681 1618 Σκηνοπηγίας
1712 1593 1721 1608 ι
1737 1582 1828 1609 Ταῦτα
1845 1583 1892 1609 καὶ

1091 1633 1096 1640 ⁴
1113 1631 1126 1656 ὁ
1139 1630 1274 1665 Ζαχαρίας
1291 1629 1359 1665 μετὰ
1378 1629 1426 1665 τὴν
1443 1630 1494 1656 ἀπὸ
1509 1629 1665 1660 Βαϐυλῶνος
1682 1629 1818 1660 ἐπάνοδον,
1839 1630 1890 1655 Δα-

1114 1677 1186 1712 ρείου
1200 1676 1310 1711 Περσῶν
1325 1675 1521 1710 βασιλεύοντος,
1538 1675 1710 1711 προφητεύει,
1727 1677 1776 1711 τῆς
1792 1675 1889 1711 Ἰερου-

1114 1722 1202 1758 σαλὴμ
1224 1722 1283 1757 ἄρτι
1309 1722 1368 1747 τότε
1394 1722 1613 1757 ὰνεγηγερμένης
1635 1723 1666 1750 ὲκ
1691 1723 1740 1757 τῆς
1759 1721 1892 1757 προτέρας

1113 1768 1238 1803 ἐρημίας,
1251 1768 1283 1802 ἣν
1295 1767 1346 1794 ὑπὸ
1359 1767 1533 1793 Βαϐυλωνίων
1554 1767 1678 1793 πέπονθε.
1699 1767 1845 1801 Συνάγεται
1861 1767 1890 1794 δὲ

1112 1815 1125 1841 ὁ
1139 1815 1191 1845 πᾶς
1201 1814 1295 1849 χρόνος
1312 1815 1364 1840 ἀπὸ
1377 1816 1425 1849 τῆς
1439 1814 1549 1849 Δαρείου
1562 1814 1607 1840 τοῦ
1623 1814 1737 1848 Πέρσου,
1750 1813 1810 1840 καθ’
1830 1813 1863 1848 ἢν
1876 1814 1890 1840 ό

1112 1859 1246 1894 Ζαχαρίας
1265 1859 1436 1894 προφητεύει,
1454 1859 1499 1885 καὶ
1512 1859 1556 1885 ἐπὶ
1579 1858 1729 1892 Αὔγουστον
1752 1858 1890 1893 Ῥωμαίων

1113 1906 1223 1941 βασιλέα
1238 1907 1276 1937 εἰς
1292 1905 1359 1932 ἑτῶν
1388 1905 1535 1941 ἑϐδομάδας
1549 1906 1618 1932 ἑπτὰ
1637 1906 1682 1931 καὶ
1704 1905 1887 1941 ἑξηκονταδύο,

1111 1952 1159 1983 τὰς
1173 1953 1201 1978 ἐν
1218 1952 1256 1987 τῷ
1272 1951 1370 1987 Δανιὴλ
1390 1951 1549 1986 φερομένας,
1565 1951 1582 1977 ἂ
1604 1952 1706 1985 γίνεται
1728 1951 1774 1985 ἐτη
1795 1959 1890 1986 τετρα-

1112 1999 1190 2024 κόσια
1202 1998 1362 2032 ὀγδοήκοντα
1378 1998 1453 2032 τρια,
1476 1998 1513 2028 ὡς
1529 1997 1708 2031 ἀπεδείξαμεν
1727 1997 1755 2022 ὲν
1771 1998 1826 2027 τοῖς
1845 2005 1890 2031 μι-

1112 2044 1170 2080 κρῴ
1186 2044 1300 2080 πρόσθεν
1318 2043 1559 2078 γεγυμνασμένοις.
1575 2043 1642 2069 Οετε
1664 2042 1692 2068 δὲ
1709 2043 1753 2068 ἐπὶ
1767 2043 1815 2077 τῆς
1828 2043 1884 2069 Ma-

1111 2091 1223 2117 κεὸόνων
1237 2090 1289 2117 ἀπὸ
1306 2089 1477 2125 Ἀλεξάνδρου
1501 2090 1546 2116 καὶ⁸
1563 2090 1657 2124 μέχρις
1671 2089 1822 2123 Αὐγούστου
1840 2098 1890 2115 πα-

1112 2137 1289 2172 ραταϐεξσης,
1317 2136 1370 2162 τῶν
1386 2136 1578 2171 ἐμφερομένων
1600 2137 1656 2167 τοῖς
1678 2135 1725 2161 τοῦ
1752 2136 1888 2170 προφήτου

1110 2183 1198 2217 λόγοις
1215 2182 1368 2209 συνίσταταί
1387 2191 1412 2208 τι
1432 2181 1653 2217 πεπληρωμένον.
1677 2181 1744 2208 Πότε
1756 2181 1810 2216 γὰρ
1830 2181 1888 2207 κατ’

1110 2230 1228 2260 ἐκείνους
1246 2229 1308 2259 τοὺς
1320 2229 1429 2264 χρόνους
1445 2228 1491 2254 τοῦ
1509 2228 1583 2264 παρὰ
1597 2229 1652 2259 τοῖς
1666 2228 1817 2263 προφήταις
1829 2227 1887 2254 θεο-

1110 2274 1273 2310 λογουμένου
1281 2274 1382 2307 Κυρίου
1396 2273 1547 2308 ἀνθρώποις
1557 2273 1724 2304 ἐπιστάντος,
1731 2271 1794 2307 ἔθνη
1805 2272 1889 2299 πολλὰ

1111 2321 1254 2355 ἐπιγνόντα
1266 2319 1356 2350 αὐτὸν,
1366 2320 1412 2345 καὶ
1421 2319 1497 2354 μόνον
1510 2319 1575 2345 Θεὸν
1585 2318 1664 2345 αὑτὸν
1675 2318 1887 2354 ὁμολογήσαντα,

1109 2367 1152 2394 ἐπ’
1170 2366 1249 2393 αὐτὸν
1263 2366 1462 2400 καταπέφευγε,
1483 2366 1529 2391 καὶ
1542 2365 1650 2398 γέγονεν
1664 2364 1736 2399 αὐτῷ
1751 2365 1790 2396 εἰς
1805 2363 1887 2395 λαόν;

1109 2414 1172 2440 ποτε
1190 2412 1259 2439 κατὰ
1269 2413 1330 2443 τοὺς
1343 2412 1453 2447 Περσῶν
1466 2412 1482 2447 ἣ
1494 2411 1654 2438 Μακεδόνων
1666 2410 1776 2446 χρόνους
1791 2410 1806 2435 ὁ
1822 2418 1888 2444 προ-

1108 2455 1289 2492 φητευόμενος
1306 2455 1431 2490 βασιλεὺς
1451 2455 1577 2490 ἐλήλυθεν
1588 2475 1594 2486 ,
1611 2464 1620 2480 ‹
1639 2453 1826 2489 Ἐπιεεὸηκὼς
1841 2454 1887 2480 ἐπὶ

1108 2502 1262 2536 ὑποζύγιον,
1278 2502 1324 2528 καὶ
1339 2501 1426 2527 πῶλον
1440 2501 1514 2534 νέον;
1527 2512 1535 2527 ι
1552 2500 1634 2528 ἐλθών
1648 2510 1677 2527 τε
1690 2501 1736 2527 τοῦ
1754 2500 1887 2527 Ἰουδαίων

1107 2549 1198 2580 ἔθνους
1217 2547 1334 2583 Ἐφραῗμ
1357 2547 1565 2583 ὀνομαζομένου,
1584 2548 1693 2582 καὶτῆς
1713 2546 1888 2581 Ἰερουσαλὴμ

1108 2595 1191 2630 αὐτῆς
1209 2594 1257 2629 τὴν
1277 2593 1416 2629 βασιλικὴν
1432 2594 1593 2629 παράταξιν,
1610 2593 1720 2628 ἅρματα
1736 2593 1782 2619 καὶ
1805 2592 1888 2619 ἵππον

1106 2640 1320 2675 ἐπικαλουμένην
1344 2639 1543 2675 ὲξωλόορευσεθ,
1573 2639 1602 2665 τό
1619 2647 1649 2664 τε
1671 2638 1809 2664 ὁπλιτικὸν
1839 2637 1886 2664 τοῦ

1112 2687 1243 2713 Ἰουδαίων
1255 2686 1346 2716 ἔθνους
1359 2685 1479 2716 καοεΰ.ε;
1493 2684 1575 2711 Τοῦτο
1583 2683 1636 2720 γὰρ
1650 2684 1742 2719 ἐδήλου
1754 2683 1785 2709 τὸ
1797 2683 1886 2716 λόγιον

1106 2734 1223 2768 φάσκον·
1242 2743 1250 2758 ‹
1269 2733 1332 2758 Ἰδοὺ
1348 2733 1361 2758 ὁ
1381 2732 1508 2763 Βασιλεύς
1534 2740 1579 2758 σου
1597 2731 1704 2766 ἔρχεταί
1730 2739 1770 2757 σοι
1784 2729 1886 2760 δίκαιος

1108 2780 1155 2806 καὶ
1173 2778 1274 2810 σώζων,
1288 2779 1367 2809 αὐτος
1388 2777 1485 2812 πραῢς,
1507 2778 1552 2803 καὶ
1567 2776 1735 2811 ἐπιϐεϐηκὼς
1754 2776 1800 2802 ἐπὶ
1819 2775 1885 2801 ὑπο-

1107 2826 1196 2859 ζύγιον
1214 2826 1259 2851 καὶ
1277 2824 1363 2850 πῶλον
1380 2824 1436 2851 νέον
1450 2845 1456 2855 ,
1476 2824 1520 2850 καὶ
1539 2822 1787 2858 ἒξολοθρευθήσεται
1809 2820 1884 2854 τάξον

893 2911 902 2925 α
919 2904 985 2939 iam.
1007 2912 1105 2939 lC-ll).
